3926 6280
210 328 311 386 8M

210 455 329 496 tum
351 440 536 496 damni
563 440 691 496 facis
712 448 765 497 et
790 440 883 495 tibi
910 440 1031 510 ipsi,
1061 449 1117 495 et
1144 442 1238 494 toti
1258 439 1459 504 domui,
1490 440 1534 494 si
1562 454 1791 495 conven-

213 544 326 586 tum
353 542 410 585 ct
450 532 692 603 synaxim
738 530 1031 601 relinquis?
1062 529 1313 596 Quamvis
1348 530 1489 585 enim
1528 530 1793 600 integrum

212 625 528 677 thesaurum
559 635 692 676 auro
715 622 967 677 refertum
1000 620 1258 685 invenias,
1297 629 1354 675 et
1392 629 1608 690 propter
1644 621 1794 676 illum

209 716 363 770 absis
391 714 603 784 :majus
625 722 803 769 tamen
845 713 1223 767 detrimentum
1269 728 1426 782 quam
1468 713 1670 767 lucrum
1711 712 1793 766 fa-

212 807 350 870 cies,
387 814 443 860 et
472 813 619 859 tanto
656 804 848 873 majus,
893 812 1091 873 quanto
1127 804 1465 860 sensibilibus
1505 805 1794 874 Spiritualia

209 904 341 949 sunt
366 895 607 950 meliora.
630 894 762 948 Nam
797 895 922 949 licet
942 894 1026 948 illa
1054 894 1217 949 multa
1243 895 1349 948 sint
1375 903 1429 949 et
1450 894 1795 964 undequaque

211 985 457 1051 afﬂuant,
482 1000 587 1038 non
615 993 791 1039 tamen
822 985 945 1038 hinc
966 993 1140 1039 tecum
1164 984 1588 1053 commigrabunt
1622 982 1687 1038 ad
1713 985 1794 1038 vi-

212 1088 325 1131 tam
356 1076 607 1141 futuram,
642 1070 813 1147 neﬁue
849 1077 1008 1131 simul
1054 1076 1325 1131 nobiscum
1356 1077 1407 1130 in
1433 1077 1593 1131 caelos
1620 1084 1794 1130 trans-

210 1166 479 1235 ferentur,
508 1185 681 1240 neque
718 1169 1003 1225 adstabunt
1046 1171 1185 1239 apud
1229 1171 1463 1226 terribile
1506 1171 1731 1225 tribunal
1776 1187 1791 1225 :

214 1261 328 1315 into
362 1276 507 1331 szepe
551 1272 606 1317 et
642 1271 764 1319 ante
803 1273 1028 1318 mortem
1072 1264 1378 1318 dilabuntur
1415 1281 1429 1317 :
1469 1265 1608 1335 quod
1648 1264 1691 1319 si
1728 1264 1795 1319 ad

212 1351 381 1406 finem
414 1368 581 1423 usque
606 1354 919 1417 manserint,
949 1355 1252 1409 necessario
1276 1363 1452 1409 tamen
1495 1355 1595 1409 sub
1624 1355 1794 1424 ipsum

216 1447 383 1503 linem
410 1448 683 1504 tolluntur.
707 1448 1007 1519 Spiritualis
1034 1457 1214 1503 autem
1232 1448 1510 1503 thesaurus
1531 1450 1796 1519 possessio

216 1546 324 1602 est,
352 1553 473 1606 qua:
497 1538 695 1593 auferri
717 1538 921 1609 nequit,
943 1547 996 1593 et
1015 1538 1211 1609 ubique
1253 1554 1434 1595 comes
1471 1549 1572 1605 est,
1615 1541 1796 1611 sequi-

216 1638 414 1697 tut-que
438 1645 664 1699 peregre
683 1639 891 1697 euntes,
918 1631 1145 1685 multum
1172 1630 1377 1686 fiducia:
1408 1631 1547 1702 apud
1569 1631 1795 1687 tribunal

216 1719 418 1774 Christi
444 1722 598 1775 nobis
622 1721 881 1777 tribuens.

288 1810 343 1864 4.
378 1809 582 1880 Duplex
612 1815 804 1882 fructus
832 1828 896 1866 ea:
916 1813 1075 1866 sacris
1106 1813 1442 1879 conventibus,
1483 1824 1529 1868 et
1554 1816 1793 1871 collectis.

216 1931 292 1941 —
314 1901 471 1968 Quod
508 1902 553 1956 si
578 1918 644 1958 ex
682 1904 800 1959 aliis
836 1906 1183 1959 conventibus
1210 1914 1411 1960 tantum
1444 1907 1571 1961 lucri
1605 1924 1795 1962 conse-

217 1992 455 2062 quimur,
487 2005 631 2049 certe
669 1996 736 2049 ab
776 1996 840 2050 iis
876 1998 966 2065 qui
1009 1997 1095 2052 hic
1122 1998 1460 2053 celebrantur
1484 2000 1679 2069 duplex
1720 2001 1799 2054 lu-

216 2097 371 2138 crum
394 2094 705 2155 exspectare
730 2087 872 2142 licet.
895 2086 1010 2141 Non
1040 2087 1181 2143 enim
1209 2087 1346 2144 hunc
1373 2089 1597 2145 fructum
1626 2091 1796 2146 solum

217 2180 484 2248 capimus,
511 2180 650 2249 quod
681 2180 910 2235 animam
947 2180 1141 2236 divinis
1168 2183 1393 2252 eloquiis
1422 2184 1671 2252 rigeuius,
1705 2185 1797 2240 sed

218 2280 276 2325 et
303 2270 451 2340 quod
486 2273 666 2327 hostes
694 2273 892 2342 ingenti
922 2276 1127 2342 pudore
1162 2273 1473 2336 afficiamus,
1506 2274 1800 2346 fratresque

220 2372 441 2417 nostros
484 2363 645 2417 multa
684 2365 1049 2420 consolatione
1085 2366 1402 2435 repleamus.
1435 2367 1545 2421 Hoc
1579 2368 1718 2422 enim
1746 2368 1798 2423 in

218 2455 356 2509 aciei
399 2454 603 2508 lucrum
632 2455 795 2521 cedit,
830 2456 875 2510 si
915 2456 982 2511 ad
1024 2466 1224 2526 partem
1264 2459 1431 2528 prmlii
1470 2459 1716 2514 afﬂictam
1747 2469 1800 2515 et

220 2546 610 2615 periclitantem
642 2561 1005 2616 properemus.
1031 2548 1313 2618 Propterea
1334 2565 1518 2605 omnes
1545 2551 1646 2605 huc
1674 2566 1802 2605 con-

220 2636 392 2692 ﬂuere
421 2637 721 2705 oportebat,
742 2648 797 2693 et
822 2638 1005 2695 hostes
1030 2641 1117 2710 qui
1148 2656 1244 2696 nos
1273 2642 1601 2707 adoriuntur,
1634 2646 1802 2712 repel-

222 2730 357 2785 lere.
406 2728 555 2795 Esto,
604 2744 839 2799 nequeas
884 2730 1097 2801 longum
1142 2747 1439 2788 sermonem
1484 2733 1798 2802 producere,

223 2836 325 2874 nec
364 2819 563 2873 habeas
598 2820 820 2875 docendi
859 2821 1082 2891 gratiam
1116 2823 1295 2878 :adsis
1318 2824 1511 2890 solum,
1541 2834 1595 2879 et
1634 2834 1799 2880 totum

224 2910 515 2979 perfecisti.
551 2909 683 2964 Nam
726 2913 964 2980 corporis
1003 2914 1284 2981 praesentia
1325 2930 1599 2969 numerum
1628 2916 1803 2984 gregis

222 3000 473 3069 adauget,
514 3015 576 3054 ac
615 3002 830 3055 multam
872 3001 1122 3058 fratribus
1158 3004 1259 3058 tuis
1297 3004 1448 3059 aﬂ‘ert
1483 3006 1804 3061 consolatio-

222 3108 375 3156 nem,
403 3109 457 3148 et
484 3092 724 3147 hostibus
750 3081 1027 3163 pudorem.
1057 3096 1266 3151 Etenim
1291 3097 1337 3151 si
1365 3097 1482 3166 quis
1510 3099 1623 3152 hare
1650 3113 1802 3153 sacra

224 3184 502 3253 ingressus
528 3184 811 3251 vestibula,
843 3200 1038 3253 paucos
1067 3186 1261 3252 videat,
1291 3188 1618 3242 alacritatem
1652 3203 1801 3243 suam

225 3275 471 3339 remittit,
522 3277 793 3343 torpescit,
841 3275 1113 3347 factusque
1155 3279 1368 3348 segnior
1414 3279 1537 3335 hinc
1577 3280 1799 3345 recedit,

225 3368 415 3436 sicque
440 3367 689 3435 paulatim
716 3369 889 3423 omnis
917 3369 1195 3423 multitudo
1232 3370 1469 3441 ignavior
1500 3382 1553 3425 et
1580 3372 1806 3426 dissolu-

228 3459 336 3512 tior
370 3459 567 3512 evadit.
596 3458 688 3513 Sin
728 3458 917 3514 viderit.
950 3476 1268 3517 concurrere
1309 3463 1659 3533 undequaque
1694 3480 1806 3517 ma-

226 3562 443 3617 gnoque
484 3547 680 3613 studio,
724 3550 882 3602 etiam
925 3549 971 3603 si
1008 3549 1162 3605 valde
1201 3552 1418 3620 ignavus
1460 3553 1547 3618 sit,
1582 3552 1807 3608 alacrior

226 3638 492 3693 redditur.
528 3638 659 3692 Nam
699 3640 743 3692 si
784 3639 917 3711 lapis
958 3656 1100 3709 saepe
1143 3642 1206 3696 ad
1247 3644 1489 3713 lapidem’
1516 3660 1805 3700 concussus

228 3731 495 3786 scintillas
530 3731 749 3785 exsilire
775 3730 913 3796 facit,
950 3734 1157 3788 tametsi
1200 3734 1328 3789 nihil
1367 3735 1435 3790 sit
1470 3734 1708 3806 frigidius
1734 3737 1808 3790 la-

228 3826 376 3897 pide,
407 3827 641 3899 nihilque
672 3831 791 3899 igne
817 3830 1054 3895 calidius,
1086 3839 1314 3885 attamen
1345 3833 1645 3898 concussio,
1667 3833 1808 3888 vieta

230 3926 447 3982 natura,
479 3920 651 3988 ignem
682 3920 842 3973 elicit.
870 3920 1020 3989 Quod
1051 3921 1094 3975 si
1126 3922 1175 3976 id
1219 3922 1271 3976 in
1311 3922 1501 3991 lapillis
1530 3922 1804 3991 contingit,

232 4012 407 4066 multo
428 4012 595 4082 magis
618 4011 755 4065 idem
783 4012 840 4067 fit
864 4020 918 4067 et
945 4013 997 4066 in
1023 4013 1297 4067 animabus
1322 4028 1440 4082 qua:
1468 4022 1650 4066 mutuo
1675 4022 1811 4066 atte-

228 4109 436 4154 runtur
464 4110 517 4154 et
564 4102 687 4173 igne
713 4103 949 4173 Spiritus
976 4108 1383 4163 concalescunt.
1414 4108 1531 4163 Non
1571 4110 1806 4170 audistis

226 4191 373 4261 apud
406 4190 646 4260 majores
662 4202 882 4249 nostros
904 4204 1114 4252 tantum
1128 4208 1347 4253 centum
1360 4210 1413 4255 et
1426 4202 1612 4272 viginti
1634 4198 1805 4259 fuisse

225 4291 407 4336 totum
437 4283 676 4339 fidelium
696 4302 979 4341 numerum
1009 4288 1147 4359 (Act.
1173 4290 1223 4345 1.
1244 4291 1368 4355 15);
1391 4294 1500 4346 imo
1535 4302 1661 4348 ante
1681 4294 1805 4354 illos

230 4386 457 4430 centum
482 4385 538 4430 et
575 4376 778 4446 viginti,
811 4377 1091 4432 duodecim
1130 4387 1330 4434 tantum
1358 4386 1528 4443 erant,
1555 4387 1610 4434 et
1642 4396 1813 4449 neque

231 4468 288 4523 lti
334 4477 645 4522 manserunt
684 4483 890 4534 omnes,
920 4468 1014 4524 sed
1044 4486 1178 4524 unus
1220 4484 1283 4523 ex
1314 4470 1391 4523 eis
1428 4469 1589 4525 Judas
1619 4469 1813 4538 periit?

231 4561 304 4615 Et
343 4570 497 4614 erant
536 4559 783 4615 undecim
813 4576 1019 4626 omnes,
1062 4572 1292 4616 attamen
1331 4577 1398 4617 ex
1433 4563 1679 4617 undecim
1710 4562 1814 4617 illis

232 4653 362 4716 facti,
381 4660 507 4707 sunt
527 4660 739 4706 centum
769 4662 822 4707 et
848 4654 1028 4722 viginti
1051 4672 1066 4718 ;
1089 4669 1155 4708 ex
1183 4663 1391 4709 centum
1420 4665 1475 4711 et
1500 4655 1682 4724 viginti
1716 4657 1812 4710 tria

987 325 1076 382 DE
1112 324 1378 383 CHRISTI
1416 322 1828 393 DlVlNITATE,
1866 324 2136 384 CONTRA
2170 327 2543 387 ANOMCEOS.
2582 330 2697 388 Xll.

3364 336 3467 394 8M

1896 442 2079 506 millia,
2110 442 2302 497 deinde
2342 446 2572 515 quinque
2599 447 2783 510 millia.
2827 448 3057 521 denique
3086 459 3251 505 totum
3282 453 3465 508 orbem

1903 542 2159 587 terrarum
2207 536 2556 604 impleverunt
2582 541 2883 609 cognitione
2914 543 3027 597 Dei.
3069 543 3197 612 Ejus
3232 558 3356 598 vero
3393 547 3469 601 rei

1899 638 2057 678 causa
2086 624 2200 678 haec
2224 634 2324 679 est.
2351 626 2643 697 Numquam
2671 640 2985 686 conventum
3014 633 3347 701 deserebant,
3373 636 3469 690 sed

1899 714 2057 767 simul
2095 714 2146 768 itt
2187 715 2384 785 templo
2422 718 2888 786 conversabantur,
2927 723 3170 791 precibus
3202 733 3256 779 et
3285 725 3469 780 leclim

1901 804 2055 858 nibus
2085 805 2269 860 intenti
2303 824 2315 858 :
2351 816 2627 877 propterea
2655 825 2900 880 magnum
2930 812 3229 869 incendium
3259 816 3467 869 excita-

1900 903 2051 958 runt,
2104 904 2382 965 propterea
2432 913 2718 968 numquam
2761 899 3123 976 difﬂuxerunt,
3165 905 3257 959 sed
3300 915 3467 961 totum

1900 996 2228 1042 altraxerunt
2274 990 2477 1044 orbem.
2524 990 2633 1045 Hos
2675 1003 2730 1046 et
2779 1007 2877 1047 nos
2924 1010 3132 1063 quoque
3179 996 3465 1051 imitemur.

1900 1079 2177 1145 Quomodo
2218 1080 2356 1132 enim
2396 1096 2499 1134 non
2546 1081 2856 1149 absurdum,
2896 1098 3001 1138 non
3049 1094 3244 1139 tantam
3287 1102 3466 1141 curam

1902 1170 2153 1225 Ecclesia:
2183 1172 2386 1239 haberi,
2414 1182 2663 1243 quantam
2695 1176 2879 1230 vicinis
2911 1178 3020 1231 suis
3050 1179 3296 1233 mulieres
3321 1180 3468 1234 exiti.

1902 1260 2064 1316 bent?
2094 1263 2196 1317 lllaa
2217 1280 2339 1318 cum
2367 1266 2595 1321 viderint
2621 1266 2875 1334 virginem
2902 1268 3129 1338 aliquam
3157 1285 3466 1340 pauperem,

1899 1363 1955 1407 et
1982 1355 2124 1409 omni
2164 1355 2466 1410 destitutam
2508 1357 2776 1426 prmsidio,
2806 1358 3043 1415 officiose
3082 1374 3176 1414 sua
3219 1362 3467 1425 aﬂ'crunt,

1901 1445 2315 1515 propinquorum
2358 1450 2501 1504 vices
2538 1450 2814 1517 obeuntes,
2860 1460 2914 1505 et
2955 1468 3197 1521 magnam
3240 1456 3358 1525 quis
3398 1456 3469 1510 ibi

1898 1538 2042 1594 videt
2085 1541 2451 1610 frequentiam,
2490 1542 2614 1596 dum
2656 1543 2804 1613 virgo
2843 1543 3236 1612 desponsatur:
3269 1556 3322 1601 et
3353 1547 3470 1602 alia)

1899 1631 2110 1700 quidem
2157 1630 2385 1686 oﬂ'erunt
2423 1633 2704 1701 pecunias,
2749 1634 2866 1687 alite
2916 1650 3139 1704 corpore
3180 1646 3471 1705 prmsenles

1900 1731 2042 1786 sunt,
2069 1721 2208 1791 quod
2232 1723 2389 1776 etiam
2408 1725 2579 1793 ipsum
2604 1740 2706 1778 non
2728 1740 2913 1793 parum
2930 1736 3011 1778 cst
3036 1742 3050 1779 :
3073 1740 3253 1780 earum
3277 1728 3469 1795 quippe

1900 1812 2131 1866 studium
2159 1814 2428 1867 tenuitatis
2456 1814 2620 1884 ipsius
2641 1815 2883 1870 velamen
2911 1824 3011 1880 est,
3040 1812 3328 1886 earumque
3353 1818 3468 1872 ala-

1901 1905 2087 1958 critate
2116 1915 2394 1974 paupertas
2422 1906 2704 1975 obtegitur.
2735 1907 2845 1961 Hoc
2870 1917 2922 1962 et
2949 1923 3043 1962 vos
3072 1910 3123 1962 in
3153 1908 3251 1963 hac
3281 1910 3468 1964 Eccle-

1902 1996 1977 2051 sia
2005 1996 2157 2050 facite
2184 2013 2199 2051 :
2228 2011 2606 2051 concurramus
2628 2013 2812 2052 omnes
2834 1998 3084 2069 undique,
3115 2009 3169 2054 et
3195 2001 3311 2069 ejus
3335 2015 3467 2054 con-

1903 2098 2138 2159 tegamus
2177 2090 2428 2158 inOpiam,
2472 2090 2577 2145 imo
2623 2092 2889 2145 solvamus
2926 2092 3040 2160 ejus
3085 2102 3467 2161 paupertatem,

1904 2181 1990 2235 hic
2038 2180 2340 2249 frequenter
2389 2180 2757 2236 adventantes.
2809 2181 2971 2251 Caput
3016 2182 3236 2235 mulieris
3284 2186 3359 2235 vir
3395 2192 3473 2237 est

1902 2272 2117 2344 (Ep/tes.
2147 2274 2199 2328 5.
2228 2272 2344 2343 23),
2374 2274 2564 2327 mulier
2592 2273 2691 2326 viri
2732 2273 2983 2342 adjutrix.
3016 2274 3089 2327 Ne
3131 2274 3288 2343 igitur
3311 2284 3471 2345 caput

1902 2364 2102 2433 absque
2126 2378 2349 2433 corpore
2373 2364 2511 2417 viam
2537 2365 2603 2418 ad
2636 2363 2751 2419 hmc
2786 2374 2965 2419 sancta
3008 2366 3189 2420 limina
3231 2367 3468 2436 arripiat,

1904 2470 2077 2523 neque
2101 2469 2294 2523 corpus
2322 2454 2522 2522 absque
2561 2455 2761 2523 capite,
2794 2457 2886 2509 sed
2918 2457 3123 2526 integer
3161 2456 3264 2511 huc
3292 2456 3469 2527 ingre-

1890 2543 2078 2598 diatur
2104 2544 2263 2598 homo
2287 2543 2466 2613 pueris
2492 2546 2884 2599 comitantibus.

1975 2634 2101 2689 Filii
2114 2635 2181 2687 ad
2197 2635 2435 2703 templum
2453 2634 2761 2689 ducendi.—
2774 2636 2901 2689 Nam
2919 2637 2963 2691 si
2981 2635 3269 2705 jucundum
3294 2647 3377 2692 est
3402 2639 3473 2692 vi-

1888 2727 2031 2782 dere
2057 2726 2301 2781 arborem
2326 2741 2445 2780 cum
2483 2740 2615 2779 nova
2646 2726 2823 2795 planta
2857 2742 2887 2781 e
2924 2727 3099 2781 radice
3138 2728 3252 2795 ejus
3280 2743 3470 2782 exsur-

1903 2828 2063 2890 gente
2091 2836 2102 2871 :
2136 2817 2303 2872 multo
2330 2818 2496 2887 magis
2529 2817 2817 2886 jucundum
2848 2827 2931 2872 est
2959 2817 3137 2871 videre
3166 2819 3432 2872 hominem
3453 2860 3471 2882 ,

1892 2914 2049 2968 'omni
2089 2913 2205 2968 olea
2243 2910 2607 2970 ammiorem,
2638 2925 2669 2964 a
2707 2910 2885 2964 radice
2928 2925 3023 2963 sua
3071 2910 3233 2964 filium
3270 2909 3470 2964 habere

1906 3005 2224 3067 adstantem,
2264 3003 2414 3074 quasi
2459 3017 2649 3056 novam
2698 3002 2926 3071 plantam
2976 3020 2989 3055 :
3035 3017 3139 3056 non
3180 3002 3470 3071 jucundmn

1905 3105 2081 3152 autem
2108 3097 2296 3162 solum,
2324 3095 2416 3151 sed
2443 3104 2495 3150 et
2514 3096 2664 3150 utile.
2692 3094 2927 3159 Etenim,
2956 3105 3011 3147 ut
3036 3103 3160 3149 ante
3187 3094 3316 3160 dixi,
3344 3110 3472 3148 cou-

1906 3187 2139 3258 gregatis
2169 3187 2336 3258 majus
2378 3187 2581 3240 lucrum
2620 3186 2743 3240 erit.
2785 3186 3066 3239 Enimvero
3102 3196 3155 3239 et
3189 3186 3473 3253 agricolam

1900 3290 2031 3334 tunc
2061 3281 2296 3334 maxime
2323 3276 2667 3341 admiramur,
2688 3291 2792 3331 non
2820 3292 2938 3331 cum
2965 3292 3149 3347 agrum
3169 3278 3297 3331 colit
3321 3286 3476 3330 antea

1909 3370 2044 3426 bene
2070 3370 2291 3435 cultum,
2319 3369 2411 3424 sed
2451 3384 2570 3423 cum
2614 3369 2727 3422 loca
2757 3382 2861 3421 non
2903 3369 3157 3423 seminata
3195 3377 3248 3422 et
3276 3368 3477 3422 inarata

1910 3476 2114 3516 summa
2151 3476 2277 3515 cura
2305 3460 2515 3514 excolit.
2556 3459 2644 3514 Sic
2684 3468 2738 3513 ct
2774 3459 2966 3513 Paulus
3003 3458 3243 3523 faciebat,
3275 3459 3475 3527 majore

1910 3552 2085 3608 studio
2107 3550 2494 3621 evangelizans,
2522 3550 2609 3604 ubi
2634 3548 2873 3603 Christus
2903 3549 3132 3603 nondum
3155 3558 3268 3602 erat
3304 3548 3475 3602 nomi-

1911 3652 2084 3697 natus.
2107 3642 2256 3695 illum
2284 3649 2337 3695 et
2360 3655 2457 3695 nos
2484 3641 2551 3694 ad
2587 3640 2968 3694 incrementum
3000 3639 3246 3693 Ecclesim
3274 3640 3469 3692 utilita-

1914 3745 2124 3805 temque
2158 3744 2391 3787 nostram
2422 3733 2708 3798 imitemur,
2735 3731 2969 3801 quotidie
2999 3731 3063 3784 ad
3096 3731 3229 3784 hanc
3250 3747 3474 3799 congre-

1911 3828 2174 3898 gationem
2204 3825 2547 3881 conﬂuentes.
2577 3823 2704 3878 Nam
2740 3824 2783 3877 si
2811 3822 3229 3891 concupiscentia
3262 3822 3474 3891 ﬂagras,

1913 3929 2114 3974 tantum
2140 3918 2240 3973 hac
2256 3917 2366 3972 visa
2391 3916 2568 3982 domo,
2592 3917 2788 3984 poteris
2808 3930 2922 3970 eam
2947 3913 3473 3983 facile'restinguere:

1913 4021 1968 4067 et
1994 4012 2039 4067 si
2068 4012 2329 4076 irascaris,
2359 4010 2501 4065 illam
2531 4009 2684 4063 facile
2715 4008 2878 4063 feram
2906 4004 3194 4062 domabis:
3222 4015 3276 4061 et
3300 4006 3343 4060 si
3374 4006 3474 4058 alia

1915 4104 2158 4174 quapiam
2184 4102 2456 4157 affectione
2486 4100 2776 4171 impeteris,
2801 4107 3165 4169 tempestatem
3191 4113 3305 4153 eam
3330 4096 3481 4152 facile

1915 4196 2146 4262 sedabis,
2176 4195 2468 4265 reddesque
2494 4208 2674 4262 pacem
2700 4202 2755 4248 et
2774 4192 3110 4247 serenitatem
3138 4190 3327 4245 anima:
3356 4201 3479 4245 tum.

1915 4287 2029 4353 Qua
2070 4302 2168 4341 nos
2206 4301 2390 4341 omnes
2428 4285 2528 4339 frui
2565 4284 2832 4353 contingat
2869 4284 3032 4353 gratia
3074 4290 3128 4335 et
3164 4283 3484 4350 benignitate

1918 4379 2124 4435 Domini
2164 4378 2329 4432 nostri
2366 4376 2490 4431 Jcsu
2529 4375 2745 4439 Christi,
2780 4374 2992 4443 quicum
3032 4372 3171 4427 Patri
3208 4381 3262 4425 et
3299 4381 3483 4425 sancto

1918 4470 2135 4541 Spiritui
2165 4470 2232 4523 sit
2254 4468 2418 4538 gloria
2446 4481 2585 4521 nunc
2611 4474 2665 4520 et
2692 4479 2923 4535 semper,
2945 4471 2998 4517 et
3020 4462 3072 4516 in
3099 4462 3291 4515 saecula
3318 4477 3487 4517 δωρει-

1896 4554 2111 4617 Ἱοηιηι.
2139 4562 2329 4615 Amen.

244 4765 3486 4807 _____________________________________________.

234 4886 301 4928 ΙΝ
349 4885 819 4941 PARALYTICUM,
864 4886 973 4939 QUI
1017 4887 1214 4929 ANNOS
1257 4888 1556 4929 TRIGINTA
1599 4886 1759 4929 OCTO
1808 4875 2224 4926 DECUBUERAT
2266 4872 2331 4914 IN
2374 4865 2789 4912 INFIRMITATE
2833 4864 2973 4915 SUA,
3020 4862 3098 4903 ΕΤ
3141 4860 3203 4901 IN
3247 4858 3433 4899 ιιι.υο
3463 4880 3481 4905 ν

622 4989 639 5020 ‹
674 4987 875 5031 PATER
923 4987 1087 5032 usus
1118 4988 1316 5039 usque
1360 4987 1534 5030 mono
1576 4984 1929 5035 OPERATUR,
1975 4978 2054 5021 ET
2098 4972 2216 5017 eeo
2248 4968 2494 5014 OPEROR
2538 4947 2764 5029 (Joan.
2796 4943 2853 5002 5.
2903 4942 3025 5021 17).
3054 4967 3074 4999 ο

1689 5103 2055 5164 W

721 5274 911 5336 (Contra
934 5282 1196 5323 Anomwos.
1218 5278 1289 5322 xu
1322 5273 1386 5334 ³.)

310 5360 364 5413 1.
394 5357 713 5413 Benedictus
754 5358 892 5413 Deus
925 5375 938 5411 :
967 5357 1172 5428 singulo
1202 5371 1412 5427 quoque
1450 5364 1709 5411 conventu
1738 5355 1818 5409 vi-

232 5450 342 5506 deo
383 5465 572 5503 arvum
617 5464 896 5515 crescere,
925 5464 1080 5519 agros
1117 5458 1354 5502 comatos
1394 5446 1609 5511 ﬂorere,
1642 5462 1818 5501 aream

227 5542 475 5612 impleri,
521 5542 854 5611 multiplicari
894 5541 1227 5610 manipulos;
1270 5540 1477 5595 tametsi
1521 5553 1626 5595 non
1670 5538 1820 5593 multi

232 5634 354 5690 dies
376 5634 770 5705 praeterierunt,
796 5642 1075 5703 postquam
1105 5643 1392 5705 sementem
1415 5633 1550 5687 hanc
1568 5630 1812 5701 iecimus,

300 5744 323 5775 ι
356 5738 537 5792 collata
558 5753 666 5791 cum
686 5748 767 5791 tts.
788 5741 934 5804 Regio
954 5740 1094 5789 2424.

1925 5286 2048 5330 ecce
2074 5283 2203 5324 vero
2228 5262 2615 5337 quamprimum
2640 5258 2787 5312 dives
2814 5252 2968 5308 nobis
2996 5247 3317 5305 obedientiae
3347 5252 3489 5317 spira

1923 5358 2255 5435 germinavit.
2298 5357 2377 5410 Ex
2416 5367 2520 5423 quo
2563 5347 2894 5419 perspicuum
2936 5352 3019 5398 est
3062 5356 3164 5395 non
3207 5341 3490 5394 humanam

1923 5433 2044 5512 esse
2074 5449 2384 5524 potentiam,
2407 5444 2499 5501 sed
2530 5442 2746 5514 gratiam
2768 5436 3022 5503 divinam,
3048 5449 3166 5505 quae
3192 5434 3328 5488 lianc
3352 5433 3495 5487 colat

1924 5523 2233 5604 Ecclesiam.
2283 5540 2414 5596 Nam
2460 5546 2515 5592 et
2569 5528 2870 5603 hujusmodi
2916 5536 3001 5585 est
3042 5536 3230 5582 natura
3279 5523 3496 5579 seminis

1924 5636 2231 5709 spiritualis.
2259 5633 2374 5689 Non
2404 5634 2675 5699 exSpectat
2701 5634 2929 5694 tempus,
2964 5637 3068 5677 non
3108 5616 3494 5674 multitudinem

1925 5730 2153 5797 dierum,
2201 5744 2305 5784 non
2347 5724 2600 5783 circuitus
2648 5717 2932 5785 mensium,
2991 5730 3099 5773 non
3134 5716 3496 5782 tempestates,
