3926 6262
445 326 556 390 803

445 460 553 500 non
582 455 754 500 annos
785 457 800 494 :
825 437 919 495 sed
948 438 1074 494 licet
1097 436 1256 490 unico
1282 433 1368 487 die
1389 432 1673 500 iacientem
1700 442 1882 483 semen
1912 427 2026 496 ple-

447 554 571 592 nam
601 545 657 590 et
692 533 985 589 confertam
1025 527 1172 584 brevi
1203 527 1303 580 hoc
1331 525 1504 594 spatio
1542 535 1770 576 messem
1800 528 2024 574 metere.

447 627 656 682 Etenim
686 622 775 694 qui
807 621 945 675 bane
983 617 1164 673 sensui
1191 615 1484 684 subiectam
1525 617 1726 667 terram
1757 608 2026 671 scindunt,

447 718 514 772 iis
538 724 594 771 et
627 714 919 785 plurimum.
958 708 1154 764 laboris
1191 705 1495 761 necessario
1523 701 1884 758 adhibendum
1923 707 2026 763 est,

447 819 503 866 et
547 809 638 865 diu
685 803 1135 876 exspectandum.
1176 800 1311 855 Nam
1351 805 1408 852 et
1443 797 1608 853 boves
1648 803 1890 850 aratores
1930 792 2032 848 sub

447 903 631 974 jugum
679 900 895 955 mittere
938 902 1221 967 coguntur,
1256 900 1313 947 et
1351 888 1669 962 profundum
1709 885 1914 942 sulcum
1954 882 2033 938 fo-

450 993 597 1055 dere,
630 1000 685 1046 et
721 989 928 1044 semina
954 986 1170 1056 cepiose
1193 983 1392 1052 jacere,
1426 989 1482 1036 et
1508 977 1845 1049 superﬁciem
1877 984 2034 1031 terrm

450 1082 812 1152 coutplauare,
838 1089 892 1134 et
912 1077 1088 1131 omnia
1119 1087 1466 1145 quaecumque
1488 1071 1631 1139 jacta
1659 1068 1875 1131 fuerint,
1906 1080 2036 1121 con-

455 1187 654 1246 tegere,
676 1182 724 1228 et
748 1179 1059 1239 exspectare
1085 1175 1412 1237 opportunos
1436 1162 1726 1232 pluviarum
1749 1159 2032 1222 adventus,

455 1269 740 1337 multisque
773 1264 894 1319 aliis
931 1264 982 1317 in
1023 1261 1182 1316 rebus
1227 1258 1464 1314 laborem
1507 1269 1572 1310 ac
1611 1253 1842 1309 studium
1887 1253 2036 1306 insu-

458 1375 624 1422 mere,
655 1366 708 1413 et
748 1356 969 1410 multam
1014 1351 1267 1422 temporis
1295 1355 1607 1418 exspectare
1633 1360 1697 1400 ac
1726 1353 1851 1402 tunc
1880 1342 2037 1397 deni-

458 1467 562 1521 que
605 1451 763 1502 linem
802 1462 955 1500 suum
1001 1441 1274 1511 consequi.
1316 1440 1413 1495 Hie
1447 1449 1626 1493 autem
1665 1445 1721 1492 et.
1758 1441 1944 1494 testate
1983 1441 2040 1488 et

461 1542 638 1595 hieme
680 1547 738 1594 et
773 1550 953 1590 serere
980 1543 1035 1589 et
1059 1542 1261 1587 metere
1295 1531 1441 1595 licet,
1478 1537 1532 1582 et
1558 1527 1750 1582 eodem
1787 1539 1930 1593 sape
1953 1523 2041 1582 die

461 1641 742 1699 utrumque
780 1625 1030 1696 contigit,
1065 1622 1397 1693 potissimum
1443 1618 1534 1674 ubi
1566 1615 1773 1686 pinguis
1813 1623 1868 1669 et
1907 1612 2041 1670 uber

463 1723 620 1780 fuerit
647 1720 823 1774 anima
859 1733 979 1787 qua:
1019 1715 1233 1770 colitur.
1264 1710 1416 1780 Quod
1458 1724 1588 1764 sane
1615 1708 1670 1763 in
1704 1707 1855 1760 vobis
1879 1706 2039 1764 etiam

461 1816 584 1868 licet
611 1825 833 1868 cernere
861 1829 874 1862 :
903 1806 1249 1879 quamobrem
1278 1812 1333 1859 et
1360 1815 1459 1858 nos
1483 1801 1711 1856 alacrius
1735 1798 1804 1858 ad
1832 1813 1928 1851 vos
1952 1812 2041 1852 ac-

459 1904 745 1959 currimus.
795 1899 925 1954 Nam
969 1909 1021 1952 et
1063 1894 1293 1966 agricola
1339 1893 1488 1946 illam
1525 1890 1806 1960 diligenter
1845 1897 2040 1942 terram

461 1997 612 2062 colit,
645 2010 711 2050 ex
737 2008 840 2063 qua
879 2005 1022 2060 Stepe
1051 2003 1230 2045 aream
1260 1984 1522 2055 implevit.
1553 1981 1777 2050 Quando
1803 1981 1962 2051 igitur
1990 1987 2045 2034 et

462 2104 558 2142 vos
583 2101 752 2159 pauco
780 2100 844 2139 ex
873 2083 1058 2137 labore
1084 2095 1331 2150 maguum
1359 2077 1510 2132 uobis
1537 2075 1784 2146 praebetis
1812 2088 2043 2144 provena

466 2189 598 2242 tum,
627 2190 814 2245 magna
843 2189 964 2228 cum
990 2171 1283 2225 attentione
1307 2167 1375 2222 ad
1402 2167 1538 2222 banc
1563 2164 1870 2221 accedimus
1894 2163 2044 2233 agri-

464 2271 753 2333 culturam,
783 2275 836 2319 et
865 2281 1072 2327 eorum,
1102 2277 1219 2333 qua:
1254 2269 1412 2315 antea
1450 2258 1590 2313 dicta
1622 2265 1763 2322 sunt,
1796 2254 2046 2326 reliquias

466 2365 618 2424 vobis
642 2360 972 2417 distributuri
1002 2357 1261 2413 venimus.
1293 2355 1444 2410 Tunc
1470 2354 1628 2424 igitur
1646 2369 1711 2406 ex
1732 2351 1926 2408 Vetere
1945 2351 2048 2406 Te-

467 2461 735 2509 stamento
763 2449 1173 2522 disputationem
1203 2448 1347 2502 illam
1379 2447 1663 2507 tenuimus,
1692 2458 1810 2514 qua:
1839 2429 1906 2499 de
1927 2442 2048 2512 glo-

469 2551 548 2604 ria
577 2545 834 2616 unigeniti
862 2543 983 2599 Filii
1014 2542 1104 2598 Dei
1131 2540 1445 2604 habebatur,
1478 2553 1618 2593 nunc
1641 2553 1709 2591 ex
1731 2535 1919 2592 eodem
1947 2536 2049 2590 hoc

471 2641 644 2708 ipsum
675 2637 926 2693 faciemus
958 2651 972 2689 :
1004 2643 1128 2687 tunc
1157 2630 1284 2686 illud
1314 2629 1696 2692 aﬁ'erebamus,
1727 2626 1871 2696 quod
1897 2625 2046 2680 diee-

473 2712 829 2785 bathristus
856 2745 867 2781 :
901 2726 962 2780 Si
989 2723 1255 2779 crederetis
1287 2721 1475 2792 Moysi,
1506 2719 1772 2775 crederetis
1800 2719 1970 2788 utique
2001 2726 2051 2772 et

469 2823 594 2876 mihi
620 2818 796 2892 (Joan.
819 2820 874 2871 5.
905 2817 1022 2884 46);
1049 2829 1190 2870 nunc
1219 2821 1397 2868 autem
1427 2811 1654 2866 dicimus
1683 2809 1786 2866 hoc
1813 2824 1844 2864 a
1870 2808 2052 2880 Moyse

471 2915 673 2968 dictum
721 2925 843 2965 esse
892 2926 905 2962 :
959 2907 1268 2978 Pmpltetam
1310 2905 1446 2959 vobis
1489 2903 1747 2958 suscitabit
1803 2901 2052 2956 Dominus

476 3005 616 3060 Deus
661 3020 723 3058 ea:
769 3001 1008 3073 fratribus
1047 2998 1241 3061 vestris,
1287 2999 1417 3052 sicut
1452 3011 1535 3052 me,
1575 3010 1594 3049 :
1630 2995 1798 3065 ipsum
1837 2993 2053 3050 audietis

481 3095 656 3168 (Deut.
689 3095 776 3148 ts.
815 3093 917 3152 15;
948 3091 1063 3146 Act.
1099 3089 1155 3144 ὅ.
1192 3087 1310 3158 9.2).
1352 3086 1563 3141 Etenim
1604 3077 2053 3155 quemadmodum

472 3188 717 3244 Christus
743 3185 808 3239 ad
835 3184 1070 3254 Moysem
1099 3195 1192 3237 eos
1221 3178 1564 3244 transmittit,
1596 3187 1654 3232 ut
1683 3193 1780 3247 per
1807 3177 1955 3232 illum
1986 3176 2052 3230 ad

483 3295 550 3336 se
570 3279 792 3340 alliciat;
825 3276 895 3329 ita
925 3275 1133 3344 Moyses
1162 3271 1417 3342 magistro
1444 3270 1734 3339 discipulos
1762 3268 1938 3334 tradit,
1969 3267 2056 3338 ju-

478 3372 633 3436 beus,
665 3379 724 3425 ut
749 3369 801 3424 ei
827 3381 1200 3438 usquequaque
1231 3371 1469 3434 pareant.
1501 3363 1789 3422 Pareamus
1819 3361 1978 3431 igitur
2000 3368 2057 3416 et

479 3461 834 3518 assentiamur
857 3472 978 3514 cum
1001 3455 1208 3511 caeteris
1227 3454 1386 3509 rebus
1404 3451 1669 3516 omnibus,
1697 3464 2058 3522 quascumque

483 3561 576 3606 aut
603 3549 748 3618 facit,
776 3558 866 3603 aut
891 3548 1019 3604 dicit
1036 3587 1053 3616 ,
1085 3557 1197 3602 tum
1224 3559 1354 3600 vero
1376 3545 1526 3613 signo
1551 3542 1701 3611 huic,
1733 3542 1878 3613 quod
1898 3541 2058 3598 hodie

424 3644 426 3647 ’
483 3645 638 3700 vobis
674 3643 949 3699 recitatum
982 3648 1087 3696 est.
1132 3637 1416 3706 Quodnam.
1449 3651 1576 3694 vero
1611 3637 1714 3695 hoc
1749 3635 1865 3692 est?
1895 3633 2055 3701 Erat,

484 3735 672 3806 inquit,
705 3734 812 3788 dies
852 3733 1009 3803 festus
1033 3729 1333 3792 Judmorum
1362 3743 1382 3782 :
1406 3737 1453 3782 et
1478 3727 1701 3788 ascendit
1727 3727 1879 3784 Iasus
1903 3725 2058 3781 λογοε-

482 3826 730 3896 solyntam
749 3840 769 3879 :
785 3832 860 3880 est
886 3831 1058 3880 autem
1076 3820 1406 3891 Jerosolymis
1429 3819 1685 3890 probation
1714 3819 1923 3888 piscina,
1947 3833 2061 3891 qua:

482 3917 862 3988 cognominatur
891 3913 1139 3970 Hebraice
1164 3911 1439 3980 Bethesda,
1466 3912 1697 3982 quinque:
1709 3912 1930 3980 porticus
1961 3912 2060 3965 ha,-

485 4010 605 4064 beus
625 4008 839 4080 (Joanu,
862 4004 1050 4074 ελσε).
1075 4004 1130 4060 lu
1152 4018 1312 4074 quam
1333 4010 1514 4058 narrat
1531 4017 1709 4060 sermo
1727 4002 2060 4072 evangelieus

490 4102 742 4156 advenire
781 4099 992 4154 solitum
1032 4106 1172 4154 stato
1215 4104 1457 4166 tempore
1497 4095 1764 4164 angelum,
1806 4105 1966 4164 atque
2004 4095 2059 4150 in

488 4205 610 4248 eam
635 4189 960 4254 descendere
989 4207 1002 4244 :
1033 4189 1086 4244 id
1113 4204 1241 4246 vero
1269 4187 1489 4257 intelligi
1513 4203 1580 4243 ex
1604 4187 1839 4250 motione
1863 4203 2016 4258 aqua;
2043 4205 2059 4244 :

487 4284 668 4356 itaque
695 4283 862 4350 illum,
887 4282 979 4353 qui
1001 4282 1202 4352 primus
1221 4280 1586 4336 descendisset
1606 4289 1726 4351 post
1744 4296 1896 4349 aquae
1915 4295 2063 4336 coni.-

488 4377 812 4440 motionem,
853 4389 1040 4438 sanum
1070 4374 1217 4438 ﬁeri,
1249 4388 1581 4443 quocumque
1621 4372 1832 4428 tandem
1871 4373 2062 4427 morbo

487 4468 774 4525 laboraret.
809 4467 870 4522 ln
909 4467 991 4522 Itis
1030 4465 1188 4538 igitur
1219 4465 1433 4534 iacebat
1468 4465 1757 4534 porticibus
1781 4465 2062 4520 multitudo

489 4560 841 4622 inﬁrmorum,
869 4573 1151 4624 cmeorum,
1184 4556 1512 4624 claudorum,
1545 4555 1836 4624 aridorum,
1858 4551 2074 4628 quies;

487 4649 796 4720 spectabant
818 4663 968 4720 aqua:
998 4656 1217 4702 motum.

562 4739 664 4795 Cur
699 4738 927 4796 Christus
965 4739 1138 4793 diebus
1175 4738 1326 4808 festis.
1353 4754 1406 4792 se
1440 4739 1718 4795 ostenderet
1744 4736 1962 4794 Iudaeis.
1991 4767 2063 4782 --

490 4831 672 4902 Ecqua
699 4841 877 4888 autem
905 4844 1062 4885 causa
1085 4839 1187 4896 est,
1214 4830 1556 4900 quamobrem
1582 4829 1794 4890 assidue
1816 4829 2062 4886 Christus

485 4921 685 4994 deligat
723 4921 1132 4992 Jerosolymam,
1171 4931 1227 4977 et
1267 4923 1321 4976 in
1363 4923 1490 4991 ipsis
1531 4922 1718 4978 diebus
1762 4923 1907 4978 festis
1943 4937 2062 4979 sese

487 5015 733 5071 ostendat
763 5013 1004 5070 ludatis?
1020 5013 1278 5080 Quoniam
1310 5023 1435 5068 tunc
1472 5013 1753 5069 multitudo
1780 5015 2064 5069 convenie-

487 5105 598 5171 bat,
631 5105 908 5175 locumque
937 5103 1083 5158 illum
1109 5117 1174 5158 ac
1200 5111 1408 5173 tempus
1434 5103 1775 5170 observabat,
1809 5113 1866 5159 ut
1891 5105 2062 5160 susei-

487 5207 639 5267 peret
663 5198 921 5252 inﬁrmos.
942 5196 1056 5252 Non
1077 5196 1219 5252 enim
1247 5196 1303 5262 ii,
1325 5196 1412 5267 qui
1433 5195 1763 5260 laborabant,
1787 5203 2063 5266 tantopere

488 5287 772 5356 cupiebant
788 5287 1006 5342 liberari
1031 5301 1063 5340 a
1089 5286 1309 5351 morbis,
1337 5295 1662 5357 quantopere
1687 5285 1933 5342 studebat
1953 5302 2064 5342 me-

489 5378 640 5430 dicus
665 5391 757 5431 eos
777 5377 844 5432 ab
864 5377 1218 5432 invaletudine
1239 5376 1487 5432 liberare.
1509 5377 1628 5444 Quo
1647 5377 1806 5447 igitur
1824 5385 2065 5446 tempore

490 5466 742 5536 frequens
766 5477 880 5522 erat
907 5468 1142 5538 ipsorum
1167 5479 1479 5532 conventus,
1500 5477 1555 5523 et
1580 5467 1876 5523 confertum
1908 5469 2060 5524 thea-

494 5566 656 5620 trum,
683 5565 807 5612 tune
843 5557 896 5611 in
923 5559 1156 5613 medium
1189 5558 1408 5614 veniens
1443 5572 1526 5624 ea,
1562 5573 1682 5629 qua:
1723 5557 1794 5613 ad?
1828 5561 2068 5628 ipsorum

489 5645 715 5700 salutem
735 5644 991 5714 facerent,
1020 5647 1344 5718 proferebat.
1366 5648 1585 5704 Iacebat
1608 5649 1764 5731 igitur
1783 5648 2063 5705 multitudo

490 5735 831 5798 inﬁrmorum
861 5743 1283 5812 exspectantium
1321 5756 1472 5814 aquae
1501 5753 1703 5798 motum
1733 5761 1745 5798 :
1773 5753 1828 5800 et
1858 5743 1902 5799 is
1940 5743 2059 5816 qui-

1155 319 1209 374 s.
1252 314 1529 374 JOANNIS
1563 307 2042 370 CHRYSOSTOMI
2081 301 2395 367 ARCHIEP.
2434 298 2966 364 CONS'I'ANTINOP.

3614 306 3718 361 801

2133 423 2280 488 dem,
2315 422 2404 493 qui
2433 421 2637 492 primus
2661 421 3014 476 descendebat
3044 428 3168 490 post
3189 433 3341 487 aqua:
3367 429 3594 484 motum,
3631 437 3719 476 sa-

2135 517 2392 578 tiabatur;
2423 513 2514 581 qui
2540 521 2720 567 autem
2750 508 3034 577 secundus,
3067 526 3172 567 non
3203 512 3329 567 item
3363 514 3498 568 :sed
3525 530 3722 569 consu-

2136 602 2386 660 mebatur
2431 601 2899 666 medicamentum,
2943 611 3124 672 atque,
3177 615 3408 672 expensa
3451 603 3717 659 medicina

2133 693 2340 764 gratia,
2368 693 2420 748 in
2450 702 2726 763 posterum.
2741 692 3014 746 restabant
3035 692 3180 746 solae-
3198 705 3262 746 ao
3287 693 3515 748 deserta:
3539 709 3723 763 aquai;

2137 783 2361 854 perinde
2384 794 2548 854 atque
2572 783 2878 838 invaletudo
2898 782 3060 848 illius,
3095 782 3191 852 qui
3219 782 3418 851 primus
3432 783 3730 840 descende-

2136 883 2242 939 rat,
2269 881 2437 929 totam
2459 873 2611 928 illam
2639 873 2944 928 facultatem
2972 874 3342 942 expressisset,
3367 884 3419 928 et
3445 873 3730 929 exbausis-
3791 888 3796 896 '

2136 971 2218 1022 set
2235 981 2250 1026 ;
2267 972 2322 1022 et
2330 963 2452 1033 iure
2462 963 2676 1034 quidem
2685 963 2917 1033 optime:
2935 963 3143 1018 servilis
3157 962 3297 1018 enim
3311 975 3424 1018 erat
3436 964 3519 1017 illa
3537 965 3728 1036 gratia.

2210 1054 2461 1126 Beptissni
2487 1055 2655 1126 gratia
2692 1071 2842 1124 quam
2874 1054 3099 1124 copiosa.
3125 1085 3198 1096 —
3222 1055 3337 1122 Quo
3376 1066 3553 1111 autem
3587 1067 3726 1112 tem-

2141 1161 2272 1216 pore
2300 1147 2557 1202 Dominus
2587 1146 2824 1212 advenit,
2857 1161 2962 1200 non
2986 1145 3174 1200 eadem
3206 1147 3342 1202 ratio
3371 1155 3581 1202 servata
3607 1157 3725 1212 est;

2143 1252 2245 1292 nee
2288 1237 2376 1307 qui
2425 1238 2626 1308 primus
2668 1235 3031 1292 descendebat
3065 1238 3116 1290 in
3164 1236 3418 1306 piscinam
3465 1252 3728 1307 aquarum

2142 1328 2411 1398 baptismi,
2441 1328 2589 1385 solus
2616 1328 2925 1394 sanabatur,
2957 1327 3055 1381 sed
3089 1338 3144 1382 et
3175 1328 3409 1396 primus,
3436 1337 3492 1382 et
3527 1343 3728 1384 secun-

2142 1421 2268 1488 dus,
2289 1429 2344 1476 et
2369 1422 2575 1486 tertius,
2597 1430 2656 1478 et
2681 1431 2923 1491 quartus,
2951 1430 3008 1474 et
3036 1420 3297 1488 decimus,-
3323 1430 3379 1474 et
3402 1421 3726 1492 vigesimus;

2143 1528 2208 1568 ac
2231 1514 2274 1568 si
2306 1513 2490 1569 decem
2521 1514 2684 1568 millia
2710 1513 2916 1568 dixeris
2943 1523 2998 1568 et
3025 1512 3108 1568 bis
3139 1520 3284 1567 terve
3322 1514 3564 1579 totidem,
3592 1530 3655 1568 ae
3680 1518 3730 1569 si

2145 1604 2380 1662 inﬁnitos
2421 1605 2792 1668 multitudine,
2822 1618 2886 1658 ac
2922 1603 2970 1657 si
3009 1611 3177 1657 totum
3217 1603 3399 1658 orbem
3436 1604 3636 1673 jeeeris
3675 1607 3731 1659 in

2144 1696 2401 1766 piscinam
2438 1707 2716 1766 aquarum,
2747 1710 2815 1750 ne
2855 1695 3072 1748 minima
3100 1693 3313 1765 quidem
3345 1710 3410 1750 ex
3438 1707 3592 1765 parte
3632 1700 3734 1751 mi-

2147 1789 2326 1843 nuitur
2349 1789 2542 1859 gratia,
2572 1788 2666 1843 sed
2693 1787 2882 1843 eadem
2910 1798 3091 1842 manet
3115 1802 3303 1842 omnes
3331 1789 3448 1843 illos
3474 1806 3729 1860 purgans.

2147 1880 2377 1935 Tantum
2416 1881 2644 1936 interest
2683 1882 2822 1936 inter
2848 1880 3096 1934 servilem
3128 1889 3463 1950 potestatem,
3494 1889 3549 1934 et
3586 1881 3732 1936 beri-

2149 1971 2258 2026 lem
2279 1973 2671 2026 auctoritatem.
2701 1971 2794 2027 Ille
2821 1987 2984 2026 unum
3010 1972 3251 2039 sanabat,
3284 1971 3370 2026 hic
3395 1973 3582 2027 urbem
3612 1977 3733 2029 uni-

2147 2077 2359 2117 versum
2391 2081 2404 2117 :
2441 2063 2529 2117 ille
2558 2063 2767 2133 singulo
2789 2079 3000 2134 quoque
3029 2078 3170 2119 anno
3198 2079 3378 2130 unum,
3409 2063 3498 2119 hic
3520 2067 3734 2136 singulo

2148 2167 2359 2224 quoque
2378 2154 2484 2220 die,
2509 2155 2552 2209 si
2569 2155 2752 2211 decem
2775 2154 2938 2210 millia
2956 2156 3090 2210 velis
3105 2157 3339 2226 injicere,
3360 2172 3552 2213 ornnes
3570 2173 3734 2216 sanos

2148 2248 2352 2315 reddit;
2381 2250 2471 2304 ille
2498 2249 2827 2306 descendens
2847 2262 2900 2305 et
2924 2250 3250 2305 conturbatis
3274 2267 3486 2322 aquam.
3514 2252 3604 2308 hic
3628 2271 3734 2310 non

2149 2341 2308 2408 item;
2329 2342 2423 2398 sed
2451 2343 2579 2398 satis
2599 2354 2679 2398 est
2705 2343 2904 2399 nudum
2932 2342 3212 2398 dumtaxat
3238 2343 3403 2414 ipsius
3423 2360 3622 2400 nomen
3650 2347 3732 2400 iu-

2149 2449 2345 2490 voeare
2380 2450 2542 2506 super
2575 2451 2762 2506 aquas,
2801 2437 3034 2506 ipsisque
3068 2437 3366 2491 universam
3395 2439 3737 2492 committere

2151 2527 2372 2584 sanandi
2401 2529 2682 2584 rationem.
2714 2528 2781 2582 Et
2806 2527 2896 2582 ille
2921 2527 3138 2598 quidem
3158 2541 3440 2598 corporum
3467 2528 3612 2582 vitiis
3634 2546 3737 2584 me~

2151 2620 2375 2676 debatur
2431 2637 2448 2677 :
2496 2621 2584 2676 hic
2629 2629 2806 2676 autem
2854 2620 3049 2678 animas
3097 2619 3435 2674 vitiositatem
3491 2621 3733 2691 corrigit.

2152 2711 2336 2778 Vides,
2358 2728 2516 2782 quam
2543 2711 2890 2783 undequaque
2917 2727 3189 2784 maguum,
3215 2721 3372 2782 atque
3392 2711 3532 2767 adeo
3557 2713 3735 2767 intim-

2153 2811 2265 2860 tum
2297 2801 2626 2860 intervallum
2655 2803 2907 2875 apparet?

2225 2895 2280 2950 2.
2319 2895 2538 2952 Iacebat
2567 2896 2724 2965 igitur
2761 2895 3040 2951 multitudo
3064 2894 3389 2950 inﬁrmorum
3413 2904 3735 2965 exspectan-

2154 2990 2287 3045 tium
2312 3005 2461 3061 aqune
2488 2999 2708 3045 motum.
2735 2993 2862 3047 Erat
2879 2992 3020 3047 enim
3041 2993 3186 3047 lo‘cus
3209 2989 3296 3048 ille
3316 2993 3502 3047 medici
3526 2995 3736 3050 ofﬁcina

2155 3082 2399 3153 qutedam
2446 3084 2757 3153 spiritualis.
2799 3085 3258 3152 Quemadmodum
3306 3087 3464 3156 igitur
3493 3088 3547 3141 in
3587 3088 3736 3158 ejus-

2157 3174 2300 3232 modi
2330 3175 2666 3232 locovnmltos
2695 3177 2817 3232 licet
2839 3192 3058 3232 cernere
3099 3177 3268 3233 oculis
3305 3188 3488 3247 captos
3511 3218 3527 3242 ,
3575 3194 3737 3234 crure

2157 3266 2450 3333 mutilatos,
2470 3278 2560 3322 aut
2579 3267 2681 3322 alia
2703 3267 2940 3337 corporis
2961 3278 3109 3338 parte
3131 3268 3268 3323 male
3286 3267 3524 3332 aﬂ‘cctos,
3547 3284 3740 3324 omnes

2158 3358 2376 3429 publice
2418 3359 2784 3426 considentes,
2829 3368 2986 3429 atque
3021 3368 3389 3432 exspectantes
3432 3361 3735 3426 medicum;

2160 3452 2232 3508 ita
2267 3452 2429 3507 etiam
2455 3452 2543 3508 hic
2587 3453 2779 3508 licebat
2808 3456 3044 3523 aspicere
3073 3453 3464 3510 multitudinem
3505 3471 3694 3509 eorum
3719 3497 3734 3519 ,

2159 3546 2249 3616 qui
2287 3557 2665 3601 convenerant.
2716 3545 2772 3600 lu
2811 3546 2894 3600 bis
2924 3547 3054 3618 ipsis
3099 3546 3390 3618 porticibus
3431 3556 3537 3600 erat
3585 3548 3737 3601 homo

2158 3637 2368 3707 quidam
2391 3638 2599 3710 triginta
2626 3648 2673 3691 at
2699 3648 2811 3692 octo
2837 3649 2998 3692 annos
3022 3640 3208 3691 habens
3232 3637 3284 3691 in
3306 3637 3596 3706 inﬁrmitate
3620 3655 3736 3691 sata.

2163 3726 2318 3782 Hunc
2355 3745 2468 3783 cum
2521 3730 2722 3783 vidisset
2771 3728 2921 3784 Iesus
2955 3730 3206 3799 jacentem
3228 3772 3243 3795 ,
3297 3741 3344 3784 et
3391 3730 3701 3800 cognouisset
3721 3771 3736 3789 .

2160 3820 2280 3891 quia
2295 3820 2411 3889 jam
2433 3821 2645 3874 multum
2675 3830 2867 3888 tempus
2909 3819 3126 3883 haberet,
3166 3819 3295 3874 dixit
3317 3819 3363 3873 ei
3383 3836 3402 3873 :
3451 3818 3536 3873 Vis
3581 3837 3740 3874 sanus

2162 3910 2278 3979 fieri
2290 3911 2316 3964 .9
2330 3909 2610 3979 Respondit
2627 3911 2674 3965 ei
2695 3911 2965 3981 languidus
2977 3927 3036 3963 ac
3055 3909 3204 3977 dixit,
3229 3908 3483 3981 Profecto,
3503 3909 3740 3964 Domine:

2161 4002 2252 4058 sed
2276 4003 2528 4058 hominem
2559 4019 2660 4057 non
2686 4003 2877 4066 habeo,
2921 4012 2978 4056 ut
2997 4019 3110 4056 cum
3151 4001 3346 4056 turbata
3374 4002 3523 4069 fuerit
3562 4019 3697 4070 aqua
3721 4044 3739 4067 ,

2164 4095 2329 4154 mittat
2353 4109 2434 4149 me
2459 4094 2515 4148 in
2542 4094 2811 4164 piscinam.
2837 4092 2974 4147 Dum
2994 4093 3137 4147 venio
3161 4093 3290 4146 enim
3319 4108 3408 4163 ego
3427 4134 3444 4158 ,
3467 4093 3600 4146 alius
3622 4104 3742 4145 ante

2163 4199 2244 4237 me
2278 4183 2532 4239 descendit
2575 4182 2769 4254 (ὅσση.
2811 4183 2866 4238 5.
2909 4183 2964 4238 5.
3005 4183 3089 4253 7).
3135 4183 3244 4236 Cur
3289 4192 3508 4237 czeteros
3550 4195 3742 4236 omnes

2167 4276 2478 4345 prseteriens
2497 4275 2654 4333 Jesus
2681 4275 2748 4329 ad
2777 4273 2921 4329 hunc
2945 4275 3088 4329 venit
3110 4273 3138 4328 ἳ
3167 4272 3238 4330 Ut
3261 4283 3314 4329 et
3354 4273 3645 4342 potentiam
3688 4283 3744 4327 et

2164 4365 2546 4423 humanitatem
2568 4367 2906 4422 ostenderet:
2930 4365 3216 4437 potentiam
3237 4364 3470 4435 quidem,
3488 4365 3742 4434 quoniam

2166 4460 2383 4518 mor-bus
2405 4461 2514 4531 jam
2555 4461 2722 4515 factus
2747 4468 2863 4515 erat
2887 4459 3192 4514 insanabilis
3220 4499 3236 4524 ,
3265 4467 3320 4513 et
3347 4458 3510 4527 ipsius
3540 4459 3741 4512 invale-

2166 4551 2292 4607 tudo
2327 4566 2393 4606 eo
2423 4551 2633 4607 redacta
2663 4561 2806 4617 erat,
2836 4559 2896 4605 ut
2919 4559 3062 4606 esset
3085 4551 3136 4604 in
3167 4551 3323 4605 rebus
3349 4548 3639 4618 deploratis
3679 4564 3742 4604 ac

2165 4641 2487 4712 desperatis;
2511 4642 2887 4697 humanitatem
2911 4657 3062 4709 vero,
3085 4639 3225 4711 quod
3253 4641 3340 4710 qui
3372 4642 3633 4709 prmcipue
3659 4641 3742 4694 di-

2165 4749 2301 4804 gnus
2327 4733 2827 4790 eratmisericordia
2854 4743 2907 4788 et
2929 4731 3297 4794 beneﬁcentia.
3326 4730 3602 4800 hunepra:
3629 4745 3738 4783 οτη-

2167 4825 2298 4881 teris
2323 4827 2559 4895 respexit
2589 4826 2850 4896 propitius
2874 4840 2938 4879 ac
2971 4824 3230 4895 benignus
3257 4823 3528 4880 Dominus.
3560 4823 3744 4892 Neque

2165 4932 2292 4974 vero
2313 4918 2485 4974 locum
2507 4918 2696 4976 leviter
2720 4926 3113 4988 prmtereamus,
3142 4929 3315 4986 neque
3338 4927 3614 4968 numerum
3644 4915 3745 4966 tri-

2165 5012 2309 5083 ginta
2346 5022 2400 5068 et
2439 5023 2561 5068 octo
2584 5027 2874 5075 annorum,
2902 5024 3036 5081 quos
3064 5007 3256 5078 agebat
3290 5007 3342 5063 in
3391 5005 3746 5060 iuvaletudine

2171 5121 2286 5162 sua.
2316 5106 2548 5161 Audiant
2572 5119 2780 5169 omnes,
2811 5104 3128 5174 quicumque
3155 5115 3274 5156 cum
3303 5106 3611 5170 paupertate
3637 5113 3746 5166 per-

2166 5206 2329 5268 petuo
2370 5195 2782 5261 conﬂictantur,
2831 5193 3151 5264 quicumque
3190 5191 3244 5244 in
3283 5187 3482 5244 morbis
3520 5187 3743 5251 vivunt,

2167 5290 2485 5361 quicumque
2522 5287 2917 5344 difﬁcultatibus
2952 5290 3262 5355 premuntur
3287 5282 3614 5350 negotiorum
3641 5293 3744 5335 se-

2168 5380 2446 5444 cularium,
2488 5381 2807 5451 quicumque
2833 5384 3197 5447 tempestatem
3225 5387 3289 5428 ac
3327 5370 3614 5442 procellam
3642 5384 3745 5422 non

2168 5479 2590 5542 exspectatorum
2617 5469 2881 5525 malorum
2907 5466 3287 5522 sustinuerunt.
3311 5461 3640 5531 Para'yticus
3662 5459 3747 5514 hie

2169 5571 2250 5616 est
2278 5560 2577 5631 propositus
2603 5575 2700 5615 ceu
2723 5558 3020 5614 communis
3051 5563 3233 5626 portus
3262 5553 3612 5606 humanarum
3644 5564 3736 5603 ca-

2170 5653 2486 5707 lamitatum.
2523 5650 2690 5706 Nemo
2716 5645 2857 5705 enim
2885 5649 3021 5703 adeo
3051 5661 3235 5701 vecors
3277 5652 3392 5708 est,
3433 5657 3593 5694 nemo
3616 5639 3746 5692 adeo

2169 5745 2332 5801 miser
2355 5783 2371 5812 ,
2394 5752 2449 5799 et
2474 5743 2809 5799 calamitosus
2833 5783 2849 5811 ,
2876 5741 3002 5813 quin
3033 5781 3050 5808 ,
3079 5739 3123 5792 si
3153 5737 3291 5792 hunc
3313 5741 3540 5806 spectet,
3570 5729 3742 5786 omnia
