3926 6228
111 439 212 494 τοῦ
255 439 468 507 σπόρου
501 435 598 490 τοῦ
622 435 994 507 πνευματικοῦ
1017 453 1030 464 ·
1057 437 1158 490 οὑκ
1187 438 1444 507 ἀναμένει
1489 437 1698 509 χρόνον,

108 525 172 578 οὑ
201 521 494 592 περιμένει
522 519 724 590 πλῆθος
755 519 1116 592 ἡμερῶν,ούκ
1130 519 1407 590 ἐκδέχεται
1426 521 1702 592 περιόδους

114 605 330 676 μηνῶν,
366 604 487 658 οὑδὲ
533 603 686 676 ὥρας
721 605 816 657 καὶ
849 604 1074 674 καιροὺς
1118 605 1213 656 καὶ
1253 604 1560 668 ἐνιαυτούς·
1584 604 1702 657 ἀλλ’

109 689 264 742 ἔστιν
287 691 348 741 ἐν
369 687 554 759 ἡμέρᾳ
582 689 680 758 μιᾷ
713 686 1086 741 καταϐαλόντα
1107 687 1173 740 τα
1200 686 1493 758 σπέρματα
1521 685 1704 756 μεστῷ

111 772 210 825 καὶ
251 771 673 843 πεπληρωμένῳ
717 771 795 840 τῷ
845 769 1089 840 βραχίονι
1135 769 1324 824 τοῦτον
1368 771 1581 841 ἀμῆσαι
1616 770 1704 822 τὸν

111 855 350 924 ἀμητόν.
373 855 434 908 Oi
469 855 569 925 μὲν
600 855 710 925 γὰρ
738 854 837 924 τὴν
860 854 1126 925 αἰσθητὴν
1155 853 1359 923 ταύτην
1386 854 1706 924 ἀνα-τέμνον·

110 956 198 1001 τες
247 938 378 1008 γῆν,
409 937 610 1007 πολλῆς
640 939 851 991 δέονται
893 938 994 1007 τῆς
1034 937 1439 1008 πραγματείας,
1467 939 1560 990 καὶ
1609 949 1706 1007 μα-

109 1023 256 1090 κρᾶς
281 1025 384 1092 τῆς
413 1021 704 1093 ἀναϐολῆς.
739 1021 850 1074 Καὶ
878 1021 986 1092 γὰρ
1016 1021 1108 1074 καὶ¹
1140 1019 1264 1088 βοῦς
1292 1020 1566 1092 ἀροτῆρας
1601 1021 1706 1072 ὑπὸ

110 1106 210 1174 τὴν
238 1104 478 1176 ζεύγλην
498 1105 652 1172 ἄγειν
679 1104 1098 1173 ἀναγκάζονται,
1133 1105 1226 1157 καὶ
1254 1105 1474 1173 βαθεῖαν
1497 1103 1707 1158 αὑλακα

110 1189 361 1258 τέμνειν,
401 1190 496 1241 καὶ
528 1188 724 1259 δαψιλῆ
761 1189 832 1241 τά
877 1187 1165 1258 σπέρματα
1199 1187 1582 1256 καταϐάλλειν,
1614 1189 1706 1242 καὶ

111 1274 212 1340 τὴν
236 1272 564 1339 ἐπιφάνειαν
593 1271 913 1341 ὲξομαλίσαι
933 1271 1030 1340 τῆς
1052 1271 1178 1340 γῆς,
1210 1271 1304 1323 καὶ
1335 1272 1403 1324 τὰ
1431 1271 1706 1343 καταϐλη-

113 1354 280 1407 θέντα
305 1356 488 1409 πάντα
524 1355 888 1427 περιστεῖλαι,
915 1355 1009 1406 καὶ
1037 1355 1325 1424 ἀναμεῖναι
1355 1353 1708 1424 συμμέτρους

112 1437 343 1507 δμϐρων
381 1440 573 1509 φοράς,
627 1438 722 1492 καὶ
767 1437 936 1490 πολλά
988 1437 1152 1506 ἔτερα
1201 1436 1580 1506 φιλοπονῆσαι,
1613 1437 1708 1490 καὶ

113 1521 286 1576 πολὺν
315 1521 638 1592 ἐκδέχεσθαι
667 1522 878 1592 χρόνον,
903 1521 995 1574 καὶ
1027 1520 1150 1573 τότε
1177 1519 1272 1586 τοῦ
1298 1518 1487 1584 τέλους
1517 1521 1707 1572 ἐπιτυ-

111 1603 540 1673 χεῖν.Ἐνταῦθα
589 1606 647 1659 δὲ
689 1606 784 1658 καὶ
817 1607 877 1658 ἐν
909 1605 1059 1675 θέρει
1097 1605 1193 1659 καὶ
1239 1607 1296 1657 ἐν
1347 1603 1574 1674 χειμῶνι
1614 1604 1708 1658 καὶ

113 1691 370 1760 σπείρειν
587 1691 682 1744 καὶ
703 1690 946 1761 ἀμᾶσθαι
979 1690 1079 1754 ἕνι,
1113 1690 1205 1743 καὶ
1229 1691 1285 1742 ἐν
1312 1689 1450 1760 αὑτῇ
1480 1692 1546 1760 τῇ
1571 1689 1708 1760 ἡμές

116 1790 184 1846 pg
213 1773 480 1837 πολλάκις
513 1774 799 1846 ἀμφότερα
825 1774 1036 1843 γέγονε,
1065 1775 1158 1827 καὶ
1196 1773 1428 1844 μάλιστα
1465 1774 1592 1826 ὅταν
1631 1771 1706 1825 λι-

116 1858 274 1928 παρὰ
322 1860 421 1910 καὶ
450 1859 589 1911 πίων
622 1858 761 1930 τύχῃ
791 1854 924 1911 οῦσα
969 1859 1001 1928 ἡ
1043 1857 1435 1926 γεωργουμένη
1463 1856 1609 1926 ψυχή
1634 1871 1648 1884 ο
1680 1854 1710 1907 ὃ

109 1937 176 2010 δὴ
206 1941 304 1993 καὶ
327 1941 414 2010 ἐφ’
434 1941 588 2012 ὑμῶν
615 1941 763 1994 ἐστιν
795 1941 922 1994 ίδεῖν
942 1955 955 1969 ·
987 1940 1068 1994 διὸ
1096 1941 1191 1994 καὶ
1222 1942 1382 2011 ἡμεῖς
1407 1939 1544 2011 πρὸς
1567 1939 1710 2008 ὑμᾶς

112 2024 533 2096 προθυμότερον
569 2027 868 2097 τρέχομενο
903 2026 1026 2079 ἐπεὶ
1065 2026 1158 2079 καί
1202 2024 1446 2096 γεωργὸς
1493 2023 1710 2094 ἐκείνην

110 2108 413 2178 ἐργάζεται
441 2109 540 2180 τὴν
564 2110 802 2182 ἄρουραν
835 2109 1159 2179 ἐπιτήδειον,
1195 2108 1287 2176 ἀφ’
1306 2102 1375 2179 ἦς
1400 2107 1498 2178 τὴν
1528 2107 1710 2161 ἅλωνα

111 2192 382 2257 πολλάκις
431 2193 915 2263 ἐνέπλησεν.Ἐπε¹ι
965 2190 1057 2248 οὖν
1104 2193 1199 2248 καὶ
1245 2195 1402 2264 ὑμεῖς
1437 2192 1496 2257 ἐξ
1529 2193 1708 2262 ὀλίγου

112 2276 283 2328 πόνου
315 2277 520 2348 πολλὴν
547 2279 682 2348 ἡμῖν
704 2277 971 2349 παρέχετε
993 2278 1092 2349 τὴν
1120 2277 1398 2348 πρόσοδον,
1425 2276 1562 2346 μετὰ
1585 2276 1712 2328 πολ-

114 2358 214 2428 λῆς
239 2359 345 2428 τῆς
381 2361 656 2432 προσοχῆς
694 2360 796 2432 τῆς
838 2362 1112 2432 γεωργίας
1155 2359 1438 2431 ἁπτόμεθα
1482 2359 1708 2431 ταύτης,

114 2445 208 2495 καὶ
237 2443 352 2495 τῶν
393 2445 658 2515 πρότερον
693 2445 997 2516 εἰρημένων
1031 2445 1100 2497 τὰ
1138 2443 1365 2514 λείψανα
1389 2445 1516 2514 ὑμῖν
1549 2443 1710 2513 κομί-

115 2542 306 2590 σοντες
351 2527 581 2597 ἥκομεν.
617 2529 750 2580 Τότε
801 2528 902 2598 μὲν
931 2524 1024 2580 οῦν
1070 2527 1178 2580 ἀπὸ
1222 2529 1322 2597 τῆς
1352 2528 1592 2588 Παλαιᾶς
1621 2527 1711 2578 τὸν

114 2607 276 2677 Μγον
324 2611 613 2681 ὑφήναμεν
643 2611 735 2675 τὸν
770 2611 899 2683 περὶ
928 2611 1029 2680 τῆς
1067 2611 1224 2681 δόξης
1263 2609 1358 2662 τοῦ
1391 2609 1710 2680 μονογενοῦς

115 2692 250 2746 Υἱοῦ
277 2694 376 2746 τοῦ
402 2695 538 2748 Θεοῦ
559 2713 572 2726 ο
597 2696 716 2748 νυνὶ
736 2695 792 2748 δὲ
820 2697 915 2748 ἀπ’
944 2695 1112 2765 αὑτῆς
1137 2694 1196 2746 τὸ
1220 2692 1351 2745 αὑτὸ
1376 2692 1535 2746 τοῦτο
1560 2693 1714 2761 ποιή-

117 2793 315 2847 σομεν
364 2780 481 2830 τότε
511 2773 602 2832 οὖν
631 2778 911 2850 ἐλέγομεν,
948 2779 1028 2830 ὅτι
1061 2779 1089 2830 6
1115 2776 1346 2849 Χριστὸς
1383 2776 1595 2843 ἔλεγεν·
1645 2776 1713 2828 El

114 2859 473 2915 ἐπιστεύετε
500 2857 747 2944 Μωενσῇ,
789 2862 1134 2944 ἐπιστεύετε
1176 2861 1252 2914 ἂν
1287 2861 1446 2931 ἐμοί’
1493 2860 1608 2912 νυνὶ
1656 2859 1714 2912 δὲ
1799 2899 1802 2902 ι

116 2942 379 3015 λέγομεν,
421 2946 502 3001 ὅτι
546 2941 668 3000 εἷπε
715 2939 989 3016 Μωῦσῆς·
1037 2939 1358 3014 Προφήτην
1399 2943 1540 3013 ὑμῖν
1571 2945 1715 2998 ἀνα-

115 3029 342 3094 στήσει
377 3031 593 3098 Κύριος
626 3034 658 3084 o'
691 3025 835 3096 Θεὸς
865 3029 933 3083 ἐκ
967 3028 1085 3082 τῶν
1111 3023 1390 3098 ἀδελφῶν
1424 3026 1593 3097 ὑμῶν
1635 3029 1714 3094 ὡς

118 3113 224 3182 ἐμέ
244 3131 258 3144 ο
295 3115 488 3169 αὐτοῦ
522 3109 1103 3183 ἀκούσεσθε.”Ωσπερ
1127 3114 1235 3183 γὰρ
1261 3115 1289 3165 6
1322 3109 1365 3166 Χ
1376 3112 1554 3182 ριστδς
1580 3113 1714 3183 πρὸς

118 3198 209 3251 τον
242 3198 488 3252 Μωῦσέα
522 3199 905 3269 παραπέμπει,
941 3199 1029 3250 ἴνα
1063 3197 1128 3250 δι’
1152 3198 1361 3250 ἐκείνου
1407 3197 1542 3270 πρὸς
1593 3198 1716 3251 ἐαυ-

118 3282 212 3333 τὸν
246 3281 647 3352 ἐπισπάσηται,
673 3281 846 3345 οὑτως
867 3283 896 3333 6
922 3281 1164 3351 Μωῦσῆς
1183 3281 1261 3352 τῷ
1289 3280 1590 3352 διδασκάλῳ
1613 3298 1718 3333 πα-

123 3365 383 3436 ραδίδωσι
431 3369 556 3429 τοὺς
589 3357 856 3437 μαθητάς,
888 3365 1124 3418 κελεύων
1167 3365 1314 3434 αὑτῷ
1349 3364 1490 3418 κατά
1539 3365 1717 3418 πάντα

121 3449 434 3503 πείθεσθαι.
464 3449 788 3521 Πειθὼμεθα
828 3450 1006 3502 τοίνυν
1055 3443 1136 3512 οἷς
1179 3445 1244 3502 ἂν
1285 3449 1410 3520 ποιῇ
1441 3449 1535 3502 καὶ
1560 3449 1716 3522 λέγῃ,

123 3529 234 3596 τοῖς
264 3551 327 3587 τε
352 3533 532 3599 άλλοις
563 3534 755 3597 ἆπασι,
781 3535 873 3586 καὶ
895 3532 1069 3604 τούτῳ
1101 3532 1177 3602 τῷ
1206 3535 1445 3603 σήμερον
1475 3535 1719 3602 ἀναγνω-

124 3617 308 3670 σθέντι
343 3619 474 3688 ἡμῖν
507 3617 737 3688 σημείῳ.
778 3615 842 3670 Τί
883 3617 940 3670 δὲ
974 3615 1133 3668 τοῦτό
1161 3611 1344 3679 ἐστιν;
1372 3612 1504 3680 τΗν,
1533 3618 1716 3688 φησὶν,

122 3701 304 3770 ἑορτὴ
340 3700 463 3754 τῶν
498 3701 811 3767 Ἰουδαίων,
849 3701 945 3755 καί
975 3700 1158 3769 ἀνέϐη
1186 3702 1418 3770 Ἰησοῦς
1445 3704 1534 3767 εἰς
1562 3703 1722 3770 Ἰερο-

122 3785 572 3854 σό.ῖυμα.”Εστι
598 3784 666 3838 δὲ
692 3787 763 3838 ἐν
788 3783 912 3852 τοῖς
941 3777 1373 3853 Ἰεροσολύμοις
1395 3784 1717 3853 προϐατικὴ

123 3869 559 3940 κολυμϐήθρα,
607 3871 645 3938 ή
698 3867 991 3939 λεγομένη
1048 3868 1344 3935 Ἐϐραϊστὶ
1403 3868 1715 3936 Βηθεσδᾶ,

124 3953 312 4006 πέντε
359 3955 547 4020 στοὰς
581 3953 845 4024 ἔχουσιν
882 3954 959 4015 εἰς
994 3952 1060 4022 ἦν
1092 3951 1249 4020 λόγος
1279 3951 1390 4022 ἔχει
1418 3954 1719 4024 παραγινό-

129 4053 295 4103 μενον
341 4034 574 4105 ἄγγελον
620 4035 760 4089 κατά
793 4034 985 4106 καιρὸν
1019 4035 1405 4098 καταδύεσθαι,
1439 4037 1531 4089 καὶ
1563 4035 1721 4089 τοῦτο

126 4119 499 4185 γινώσκεσθαι
545 4120 632 4173 διά
675 4119 774 4190 τὴν
815 4117 910 4171 τοῦ
957 4118 1147 4182 ’ὑδατός
1187 4118 1434 4188 κίνησινο
1487 4120 1579 4172 τὸν
1628 4116 1720 4173 οὖν

128 4202 351 4272 πρῶτον
378 4203 624 4274 ἐμϐάντα
659 4205 798 4274 μετὰ
823 4201 913 4255 τὸν
944 4205 1000 4254 ἐν
1029 4200 1106 4272 τῷ
1136 4200 1288 4256 ῦδατι
1323 4201 1568 4256 κλύδωνα
1591 4202 1720 4273 ὑγιῆ

126 4283 402 4352 γίνεσθαι,
432 4287 712 4358 ὁτιδήποτε
762 4285 1099 4358 ἀρρώστημα
1142 4285 1456 4356 ἔχοντα.Ἐν
1496 4287 1722 4352 ταύταις

127 4362 221 4421 οῦν
252 4367 542 4420 κατέκειτο
585 4372 705 4446 ταῖς
742 4371 921 4434 στοαῖς
956 4369 1156 4440 πλῆθος
1201 4368 1590 4433 ἀσθενούντων,
1629 4388 1723 4423 τυ-

130 4451 305 4520 φλῶν,
333 4451 547 4521 χωλῶν,
574 4447 770 4522 ξηρῶν,
797 4453 1171 4524 ἐκδεχομένων
1191 4453 1288 4524 τὴν
1309 4453 1402 4507 τοῦ
1425 4453 1614 4518 ὕδατος
1639 4456 1720 4507 κί-

129 4551 310 4604 νησιν.
653 4559 662 4568 ·

198 4783 363 4847 Τίνος
408 4779 504 4838 οὖν
548 4781 735 4837 ἕνεκεν
780 4785 847 4838 τά
884 4785 1233 4856 Ἱεροσόλυμα
1265 4785 1501 4856 συνεχῶς
1527 4789 1554 4840 6
1585 4789 1722 4857 Χρι-

132 4870 258 4932 στος
281 4867 714 4938 καταλαμϐάνει,
751 4868 843 4920 καὶ
870 4870 927 4920 έν
955 4869 1074 4932 ταῖς
1117 4870 1334 4940 ἑορταῖς
1368 4870 1723 4941 ἐπιχωριάζει

130 4957 243 5016 τοῖς
291 4953 600 5016 Ἰουδαίοιςς
644 4951 860 5021 Ἐπειδὴ
893 4951 1012 5004 τότε
1055 4952 1116 5003 τὸ
1156 4952 1360 5020 πλῆθος
1387 4953 1720 5022 συνελέγετο,

131 5040 222 5089 καὶ
245 5038 344 5090 τὸν
367 5031 533 5088 τόπον
567 5036 771 5086 ἐκεῖνον
799 5036 893 5087 καὶ
919 5035 1008 5087 τὸν
1038 5034 1226 5105 καιρὸν
1249 5035 1722 5107 παρετήρει,ὦστε

133 5118 493 5173 ἐπιλαϐέσθαι
535 5117 644 5170 τῶν
691 5116 1081 5171 ἀσθενούντων,
1115 5119 1190 5170 Οὑ
1221 5121 1330 5189 γὰρ
1364 5119 1633 5190 τοσαύτην
1674 5123 1722 5174 οἱ

134 5207 441 5275 κάμνοντες
468 5198 613 5273 εἶχον
639 5200 931 5271 ἐπιθυμίαν
955 5202 1334 5272 ἀπαλλαγῆναι
1360 5203 1468 5254 τῶν
1492 5220 1619 5275 νοση
1630 5207 1725 5271 μά-

133 5306 261 5351 των,
292 5289 429 5358 ὅσην
457 5289 504 5339 .ό
555 5285 740 5356 ἰατρός
787 5285 1081 5356 ἐπεποίητο
1134 5285 1370 5358 σπουδὴν
1419 5287 1722 5354 ἀπαλλάξαι

134 5372 334 5432 αὑτοὺς
366 5370 466 5439 τῆς
501 5368 966 5440 ἀρῤωστίας.⁰’οτε
1012 5369 1194 5422 τοίνυν
1239 5369 1455 5442 πλήρης
1482 5375 1510 5426 ὁ
1533 5373 1722 5427 σύλλο-

135 5470 230 5521 γος
253 5454 437 5507 αὑτῶν
462 5450 551 5524 ἦν,
585 5454 678 5506 καὶ
709 5452 1114 5525 ἀπηρτισμένον
1138 5455 1198 5507 τὸ
1223 5454 1467 5527 θέατρον,
1491 5458 1610 5511 τότε
1643 5462 1724 5524 είς

140 5539 307 5604 μέσον
333 5538 626 5608 ἐρχόμενος
668 5536 741 5588 τὰ
784 5537 920 5607 πρὸς
950 5535 1046 5607 τὴν
1072 5539 1344 5608 σωτηρίαν
1375 5543 1472 5604 τῆς
1498 5541 1722 5596 ἐκείνων

135 5620 318 5690 ψυχῆς
361 5621 722 5675 ἐπεδείκνυτο.
757 5620 1057 5674 Κατέκειτο
1104 5622 1283 5675 τοίνυν
1319 5623 1521 5695 πλῆθος
1559 5626 1721 5679 ἀσθε-

137 5705 376 5757 νούντων
413 5704 778 5776 ἐκδεχομένων
818 5705 915 5774 τὴν
955 5702 1047 5756 τοῦ
1088 5703 1275 5768 ὕδατος
1307 5709 1540 5779 κίνησιν.
1575 5709 1668 5762 καὶ
1695 5711 1723 5762 6

141 5788 242 5857 μὲν
293 5786 514 5859 πρῶτος
569 5787 912 5841 καταϐαίνων
945 5786 1305 5859 ἐθεραπεύετο
1334 5792 1472 5861 μετὰ
1501 5793 1597 5865 τὴν
1625 5792 1719 5847 τοῦ

459 5902 733 5964 ΡΑτιιοι..
778 5904 895 5967 Gn.
945 5903 1223 5998 XLVIII.

867 322 955 378 DE
989 322 1268 380 CHRISTI
1307 324 1722 392 DIVINITATE,
1763 327 2036 382 CONTRA
2061 321 2459 382 'ANOMWIOS.
2498 323 2615 380 XII.

1809 437 1998 501 ὓδατος
2027 440 2260 508 κίνησιν,
2294 435 2324 489 6
2349 439 2403 490 δέ
2433 435 2682 503 δεύτερος
2715 435 2814 487 οὑκ
2839 430 2920 494 ἔτι
2939 449 2954 464 ·
2990 432 3102 487 ἀλλ’
3122 433 3384 505 ἀνηλοῦτο

1803 519 1864 572 τὸ
1893 522 2200 591 φάρμακον,
2237 520 2538 573 ἐδαπανᾶτο
2569 522 2601 590 ἡ
2642 518 2850 590 ἰατρεία
2881 518 2983 587 τῆς
3013 516 3249 589 χάριτος,
3274 517 3384 570 λοι-

1806 604 1906 656 πὸν
1938 604 2120 675 ἔρημα
2155 605 2225 657 τά
2256 604 2424 657 ὑδατα
2455 604 2635 673 ἔμενε,
2662 604 2763 674 τῆς
2795 602 2888 655 τοῦ
2915 601 3130 674 πρώτου
3150 615 3175 642 ι
3210 620 3382 656 κατα-

1807 688 2080 752 ϐαίνοντος
2107 689 2426 760 ἀρρωστίας
2459 688 2604 741 άπαν
2637 687 3058 757 άναμαξαμένης
3084 687 3233 740 αὑτό.
3275 687 3384 740 Καὶ

1811 773 1956 840 μάλα
1989 767 2211 834 είκὸτως
2231 788 2245 802 ·
2275 770 2496 842 δουλικὴ
2525 774 2633 842 γὰρ
2657 767 2725 842 ἦν
2754 775 2786 842 ἡ
2818 771 2992 842 χάρις.

1891 1004 2028 1056 Ἀλλ’
2047 1005 2174 1074 οὑχ,
2213 1006 2301 1058 ὅτε
2329 1007 2357 1058 6
2383 1007 2658 1074 Δεσπότης
2699 1005 3048 1075 παρεγένετο,
3079 1005 3250 1068 οὑτως
3275 1003 3388 1073 ἐγί-

1806 1105 1946 1152 νετο,
1982 1087 2102 1140 οὑδὲ
2148 1091 2176 1140 6
2222 1089 2434 1159 πρῶτος
2486 1085 2832 1143 καταϐαίνων
2871 1092 2950 1152 είς
2979 1091 3076 1160 τὴν
3118 1089 3390 1159 κολυμϐή-

1808 1174 1942 1244 θραν
1974 1173 2082 1225 τῶν
2111 1173 2316 1226 ὑδάτων
2350 1174 2442 1226 τοῦ
2472 1174 2845 1244 βαπτίσματος
2894 1173 3254 1244 ἐθεραπεύετο
3293 1173 3390 1242 μό-

1807 1273 1917 1320 νος,
1950 1256 2084 1309 ἀλλά
2112 1258 2205 1309 καὶ
2231 1259 2260 1310 6
2291 1258 2521 1326 πρῶτος,
2565 1256 2718 1328 [549]
2749 1259 2842 1310 καὶ
2869 1260 2897 1311 ὁ
2925 1258 3197 1328 δεύτερος,
3228 1258 3321 1310 καὶ
3361 1258 3392 1309 6

1807 1341 2010 1414 τρίτος,
2042 1342 2137 1395 καὶ
2176 1343 2204 1394 6
2237 1341 2516 1410 τέταρτος,
2553 1342 2648 1394 καὶ
2693 1343 2722 1394 6
2767 1341 3013 1405 δέκατος,
3057 1342 3153 1394 καὶ
3189 1343 3216 1394 6
3249 1342 3390 1393 εἰκο-

1811 1425 1934 1486 στός
1953 1441 1967 1455 ο
1997 1425 2102 1477 κᾶν
2127 1424 2354 1495 μυρίους
2372 1426 2552 1495 εἴπῃς,
2571 1425 2672 1478 κᾶν
2692 1425 2772 1488 δὶς
2791 1424 3098 1490 τοσούτους,
3123 1423 3227 1477 κᾶν
3247 1424 3388 1490 τρὶς.

1810 1506 1914 1560 κάν
1959 1507 2223 1578 ἀπείρους
2265 1506 2343 1577 τῷ
2375 1507 2588 1577 πλήθει,
2625 1507 2729 1561 κᾶν
2761 1507 2858 1578 τὴν
2887 1508 3212 1577 οἰκουμένην
3251 1506 3394 1558 άπα-

1811 1604 1910 1642 σαν
1939 1589 2181 1662 ἐμϐάλῃς
2224 1591 2304 1653 είς
2328 1591 2427 1662 τὴν
2459 1590 2846 1662 κολυμϐήθραν
2872 1590 2980 1643 τῶν
3015 1590 3240 1654 ὑδάτων,
3273 1587 3392 1641 οὑδὲ

1810 1674 1952 1726 κατὰ
1986 1674 2182 1744 μικρὸν
2223 1673 2542 1728 ἐλαττοῦται
2570 1675 2604 1745 ή
2635 1675 2812 1744 χάρις,
2844 1673 2958 1728 ἀλλ’
2985 1675 3018 1744 ἡ
3050 1674 3187 1744 αὑτὴ
3219 1672 3389 1743 μένει,

1811 1757 2017 1820 πάντας
2044 1758 2287 1821 ἐκείνους
2325 1758 2683 1829 καθαίρουσα.
2713 1757 2978 1811 Τοσοῦτον
3006 1758 3067 1810 τὸ
3089 1757 3248 1828 μέσον
3268 1756 3391 1808 δου-

1809 1839 1966 1911 λικῆς
2007 1841 2308 1912 δυνάμεως,
2349 1844 2442 1896 καὶ
2475 1842 2798 1912 δεσποτικῆς
2831 1842 3138 1905 αὑθεντίας.
3156 1842 3392 1903 Ἐκεῖνος

1810 1924 1906 1978 ἕνα
1931 1924 2319 1996 ἐθεράπευσεν,
2335 1922 2487 1988 οὗτος
2515 1925 2614 1996 τὴν
2636 1926 2960 1996 οἰκουμένην
2987 1927 3224 1981 ἃπασαν·
3247 1927 3391 1979 ἐκεῖ·

1811 2026 1900 2072 νος
1933 2008 2019 2061 διὰ
2063 2009 2156 2063 τοῦ
2206 2009 2452 2063 ἐνιαυτοῦ
2494 2011 2608 2073 ἱνα,
2640 2006 2793 2074 οὗτος
2842 2009 3221 2080 καθ’ἑκάστην
3258 2007 3397 2079 ἠμέ-

1813 2111 1934 2164 ραν,
1969 2094 2017 2145 εί
2055 2092 2232 2162 βούλει
2268 2093 2494 2165 μυρίους
2527 2092 2802 2164 ἐμϐαλεῖν,
2836 2093 3084 2155 ἅπαντας
3129 2091 3396 2161 ὑγιαίνον-

1810 2195 1910 2242 τας
1961 2178 2316 2231 ἀποδίδωσιν⁹
2353 2180 2561 2240 ἐκεῖνος
2591 2176 2930 2230 καταϐαίνων
2967 2176 3060 2230 καὶ
3107 2177 3396 2247 ταράσσων

1810 2261 1872 2314 τὸ
1915 2260 2078 2333 ὕδωρ,
2107 2255 2262 2324 οὗτος
2305 2263 2404 2331 οὑχ
2436 2260 2628 2324 οὑτως,
2661 2259 2773 2314 ἀλλ’
2805 2261 2966 2330 ἀρκεῖ
3017 2259 3177 2328 ψιλὴν
3228 2255 3394 2312 αὑτοῦ

1812 2343 2036 2397 καλέσαι
2066 2345 2165 2414 τὴν
2194 2345 2562 2416 προσηγορίαν
2599 2345 2692 2396 ἐπὶ
2723 2343 2832 2395 τῶν
2859 2344 3064 2396 ὑδάτων
3095 2342 3275 2411 μόνον.
3301 2341 3396 2393 καὶ

1813 2429 1991 2482 πᾶσαν
2038 2430 2220 2491 αὐτοῖς
2252 2427 2611 2482 ἐναποθέσθαι
2645 2427 2938 2498 θεραπείας
2967 2427 3242 2480 ὑπόθεσιν.
3276 2426 3393 2478 Κά-

1812 2513 1988 2575 κεῖνος
2040 2511 2142 2580 μὲν
2196 2512 2463 2580 σωμάτων
2514 2512 2765 2580 πήρωσιν
2794 2512 2929 2573 ίᾶτο,
2953 2503 3105 2572 οὗτος
3131 2509 3188 2560 δὲ
3213 2507 3395 2577 ψυχῆς

1811 2596 2008 2649 κακίαν
2036 2593 2340 2665 διορθοῦται
2361 2595 2409 2649 δ.
2429 2595 2589 2666 Ὁρᾷς
2633 2593 2749 2657 πῶς
2794 2593 2880 2646 διὰ
2930 2594 3147 2646 πάντων
3175 2592 3308 2644 πολὺ
3339 2591 3399 2643 τὸ

1815 2679 1982 2748 μέσον
2010 2679 2105 2732 καὶ
2134 2679 2360 2749 ἄπειρον
2389 2678 2637 2748 φαίνεται
2669 2695 2682 2743 ;

1886 2885 1950 2961 βί.
1985 2887 2280 2943 Κατέκειτο
2307 2888 2482 2942 τοίνυν
2517 2886 2717 2956 πλῆθος
2746 2885 3113 2940 ἀσθενούντων
3133 2884 3400 2956 ἀναμένον

1813 2977 1914 3047 τὴν
1940 2975 2034 3028 τοῦ
2070 2973 2260 3034 ὓδατος
2291 2972 2530 3043 κίνησιν·
2565 2972 2659 3024 καὶ
2695 2973 2800 3040 γάρ
2831 2973 3062 3042 ἰατρεῖον
3088 2965 3154 3041 ἦν
3186 2972 3214 3022 6
3237 2971 3402 3032 τόπος

1818 3057 2203 3128 πνευματικόν.
2230 3057 2496 3129 Καθάπερ
2527 3051 2619 3110 οὖν
2646 3057 2703 3108 ἐν
2734 3055 2953 3126 ἰατρείῳ
2986 3053 3218 3116 πολλοὺς
3252 3053 3400 3106 ἐστιν

1820 3141 1948 3196 ἰδεῖν
1969 3141 2062 3195 τὸν
2083 3139 2359 3210 ὀφθαλμὸν
2389 3139 2852 3210 ἐκκεκομμένους,
2886 3137 3318 3208 πεπηρωμένους
3340 3135 3402 3188 τὸ

1819 3227 2030 3290 σκέλος,
2060 3225 2187 3280 ἀλλο
2217 3225 2375 3296 μέλος
2404 3223 2842 3296 ἀρρωστοῦντας.
2867 3217 2986 3275 εἶτα
3011 3222 3163 3292 κοινῇ
3195 3220 3403 3282 πάντας

1820 3311 2292 3382 συγκαθημένους,
2335 3308 2429 3362 καὶ
2465 3309 2554 3362 τὸν
2601 3309 2788 3376 ίατρὸν
2821 3307 3221 3378 ἀναμένοντας*
3261 3304 3404 3358 οὑτω

1817 3397 1881 3469 δὴ
1911 3397 2004 3449 καὶ
2029 3397 2086 3447 ἐν
2113 3394 2305 3464 ἐκείνῳ
2337 3391 2415 3463 τῷ
2443 3392 2626 3462 χωρίῳ
2653 3391 2714 3442 τὸ
2748 3387 2948 3459 πλῆθος
2975 3389 3082 3442 τῶν
3113 3388 3403 3458 συνεληλυ-

1820 3477 1991 3533 θότων
2017 3472 2086 3549 ἦν
2123 3477 2268 3530 ἰδεῖν.
2289 3477 2393 3529 Ἐν
2424 3476 2665 3539 ταύταις
2695 3473 2823 3538 ταῖς
2850 3473 3050 3538 στοαῖς
3083 3469 3163 3542 ἦν
3190 3489 3279 3536 τις
3301 3471 3405 3523 ἄν·

1819 3565 2053 3630 θρωπος
2091 3560 2407 3628 τριάκοντα
2435 3558 2533 3610 καί
2557 3555 2710 3610 ὀκτὼ
2733 3555 2836 3623 ἔτη
2859 3556 3017 3624 ἔχων
3035 3557 3102 3608 ἐν
3131 3553 3205 3622 τῇ
3227 3556 3405 3609 ἀσθε-

1819 3647 1950 3713 νείᾳ
1983 3643 2188 3698 αὑτοῦ.
2220 3635 2441 3696 Τοῦτον
2469 3640 2611 3693 ἰδὼν
2630 3643 2662 3694 d
2694 3638 2923 3705 Ἰησοῦς
2952 3640 3402 3708 κατακείμενον,

1822 3730 1918 3782 καὶ
1948 3727 2133 3796 γνοὺς
2173 3724 2258 3780 ὅτι
2289 3719 2406 3792 ἤδη
2440 3723 2640 3777 πολὺν
2677 3724 2901 3790 χρόνον
2931 3723 3077 3790 ἔχει,
3105 3721 3264 3789 λέγει
3295 3723 3404 3787 αὺέ

1822 3808 1938 3876 td"
1977 3807 2184 3876 Θέλεις
2221 3807 2400 3876 ὑγιὴς
2448 3805 2765 3876 γενέσθαι;
2815 3804 3118 3872 Ἀπεκρίθη
3165 3801 3324 3868 αὐτῷ
3371 3806 3406 3856 ὃ

1822 3891 2089 3960 ἀσθενὴς
2115 3893 2214 3945 καὶ
2241 3887 2390 3954 εἷπε,
2419 3883 2551 3953 Ναὶ,
2591 3889 2768 3956 Κύριε
2789 3903 2802 3916 °
2830 3885 3143 3955 ἄνθρωπον
3181 3885 3250 3939 δὲ
3292 3887 3404 3943 οὐκ

1821 3973 1959 4046 ἔχω,
1998 3975 2097 4039 ἶν’,
2123 3975 2272 4028 ὅταν
2295 3971 2568 4050 ταραχθῇ
2595 3971 2670 4050 τὸ⁸
2690 3970 2866 4039 ὕδωρ,
2889 3968 3058 4038 ,ϐάλῃ
3090 3985 3160 4032 με
3183 3970 3270 4034 είς
3292 3967 3406 4037 τὴν

1822 4058 2273 4128 κολυμϐήθραν-ο
2317 4057 2387 4110 ἐν
2425 4049 2473 4121 ᾧ
2511 4052 2579 4108 δὲ
2622 4049 2736 4122 ἐγὼ
2772 4053 3035 4124 ἔρχομαι,
3063 4053 3253 4118 ἄλλος
3293 4053 3405 4120 Ξτρὸ

1821 4142 1968 4210 ἐμοῦ
2011 4141 2369 4195 καταϐαίνει.
2406 4139 2562 4202 Τίνος
2592 4138 2778 4191 ἕνεκεν
2807 4138 2934 4200 τοὺς
2969 4134 3158 4200 ἄλλους
3197 4137 3408 4199 πάντας

1823 4223 2199 4297 παραδραμὼν
2228 4224 2256 4277 6
2295 4223 2524 4293 Ἰησοῦς,
2561 4223 2697 4294 πρὸς
2725 4221 2910 4274 τοῦτον
2935 4216 3130 4291 ἦλθεν;
3164 4219 3282 4272 Ἵνα
3312 4219 3408 4272 καὶ

1822 4309 1919 4378 τὴν
1947 4308 2196 4378 δύναμιν,
2233 4308 2324 4360 καὶ
2349 4307 2448 4378 τὴν
2488 4303 2901 4378 φιλανθρωπίαν
2939 4304 3269 4372 ἐνδείξηται·
3309 4301 3409 4371 τὴν

1822 4393 2050 4462 δύναμιν
2079 4393 2198 4462 μὲν,
2224 4393 2304 4444 ὅτι
2344 4390 2404 4442 τὸ
2431 4389 2647 4460 νόσημα
2682 4389 2867 4442 λοιπὸν
2900 4387 3115 4440 ἀνίατον
3143 4389 3404 4456 ἐγεγόνει,

1824 4477 1918 4530 καὶ
1964 4479 2044 4538 είς
2087 4475 2399 4545 ἀμηχανίαν
2448 4474 2818 4544 περιειστήκει
2851 4471 2919 4524 τὰ
2950 4471 3050 4540 τῆς
3099 4469 3409 4544 ἀρρωστίας

1823 4559 1972 4631 αὑτῷ
1995 4576 2008 4588 ⁸
2052 4560 2151 4629 τὴν
2181 4559 2236 4612 δὲ
2267 4556 2700 4629 φιλανθρωπίαν,
2743 4558 2823 4610 ὅτι
2865 4549 2958 4611 τὸν
2993 4555 3226 4625 μάλιστα
3260 4553 3409 4618 ἄξιον

1823 4646 1951 4697 ὅντα
1998 4642 2180 4704 ἐλέους
2230 4642 2324 4694 καὶ
2375 4640 2715 4712 εὐεργεσίας,
2745 4639 2934 4693 τοῦτον
2969 4640 3072 4710 πρὸ
3101 4639 3209 4690 τῶν
3234 4637 3409 4692 ἄλλων

1824 4724 1964 4780 εἶδεν
1992 4729 2021 4780 6
2048 4723 2303 4796 κηδεμὼν
2332 4725 2427 4778 καὶ
2456 4723 2857 4796 φιλάνθρωπος.
2887 4723 2980 4794 Μὴ
3023 4723 3086 4794 δὴ
3128 4721 3410 4792 παραδρά-

1829 4825 2017 4880 μωμεν
2047 4809 2231 4872 ἁπλῶς
2257 4808 2316 4862 τὺ
2340 4807 2559 4880 χωρίον,
2591 4807 2724 4879 μηδὲ
2750 4807 2842 4861 τὸν
2872 4805 3101 4877 ἀριθμὸν
3126 4805 3234 4858 τῶν
3254 4803 3410 4875 τριά-

1825 4910 1989 4946 κοντα
2011 4895 2106 4946 καὶ
2131 4891 2276 4945 όκτὼ
2306 4891 2462 4956 ἐτῶν,
2499 4885 2574 4944 ὦν
2602 4887 2746 4961 εἶχεν
2769 4893 2826 4942 ἐν
2850 4891 2915 4960 τῇ
2941 4887 3194 4958 ἀσθενείᾳ
3219 4885 3405 4940 αὑτοῦ.

1837 4977 2210 5030 ’Ᾱκουέτωσαν
2238 4975 2496 5038 ἅπαντες,
2526 4975 2638 5027 ὅσοι
2659 4975 2820 5045 πενίᾳ
2842 4973 3127 5026 παλαίουσι
3149 4971 3406 5040 διηνεκεῖ,

1823 5062 1938 5114 ὅσοι
1965 5061 2060 5113 καὶ
2083 5059 2364 5130 ἀρρωστία
2396 5056 2651 5122 συζῶσιν,
2678 5058 2792 5110 ὅσοι
2823 5055 3170 5128 περιστάσεις
3203 5053 3409 5121 ὑπομέ-

1825 5161 1974 5198 νουσι
2003 5144 2344 5214 πραγμάτων
2379 5141 2667 5212 βιωτικῶν,
2702 5142 2816 5194 ὅσοι
2863 5138 3106 5210 χειμῶνα
3141 5137 3234 5191 καὶ
3282 5136 3409 5189 κλυέ-

1823 5228 2011 5281 δὼνιον
2038 5227 2145 5280 τῶν
2165 5227 2442 5298 ἀδοκήτων
2467 5226 2781 5296 ὑπέστησαν
2803 5224 3010 5277 κακῶν.
3039 5223 3230 5286 Κοινὸς
3253 5215 3409 5285 οὗτος

1823 5319 1852 5369 6
1882 5315 2250 5387 παραλυτικὸς
2277 5315 2453 5367 κεῖται
2479 5310 2641 5382 λιμὴν
2670 5308 2778 5362 τῶν
2807 5307 3165 5380 ἀνθρωπίνων
3199 5323 3411 5376 συμφο-

1829 5399 1956 5470 ρῶν.
1992 5398 2184 5461 Οὑδεὶς
2215 5397 2323 5468 γὰρ
2354 5395 2527 5458 οὕτως
2557 5393 2782 5464 ἠλίθιος,
2818 5392 2994 5456 οὐδεὶς
3018 5391 3192 5454 οὑτως
3226 5391 3410 5454 ἄθλιος

1824 5484 1919 5537 καὶ
1951 5482 2314 5554 ταλαίπωρος,
2333 5480 2409 5544 ὡς
2435 5480 2572 5552 πρὸς
2591 5477 2778 5532 τοῦτον
2807 5478 3116 5550 ἀφορῶντα,
3141 5477 3217 5550 μὴ
3231 5476 3410 5532 πάντα

1888 5737 1914 5768 ⁸
1937 5737 2062 5796 Reg.
2085 5734 2170 5784 τοῦ
2191 5738 2405 5799 πρῴτως.

1887 5801 1916 5841 δ
1941 5800 2076 5852 Εόὶιί
2093 5796 2373 5863 διορθοῦται,
2409 5799 2532 5862 Reg.
2554 5796 2826 5864 διωρθοῦτο.

2998 5894 3074 5955 18
