3868 6306
128 371 222 430 805

123 504 232 560 quze
256 484 488 541 incidant
514 498 771 556 generose
798 492 853 539 et
878 498 1067 553 magna
1092 498 1210 537 cum
1238 482 1507 537 alacritate
1534 482 1673 536 ferre

118 588 280 648 queat.
329 574 461 630 Nam
508 574 718 629 tametsi
763 573 944 644 viginti
989 573 1115 627 anni
1163 571 1421 635 fuissent,
1470 570 1677 625 tametsi

118 670 285 723 decem
304 707 317 729 ,
347 666 556 719 tametsi
582 665 677 719 soli
705 665 968 735 quinque,
996 677 1171 717 nonne
1200 661 1329 715 satis
1373 671 1560 727 erant,
1587 660 1680 730 qui

121 762 405 827 frangerent
441 756 792 811 constantiam
813 799 828 823 ,
859 766 915 812 et
954 755 1254 809 firmitatem
1281 754 1443 808 animi
1471 754 1679 822 ipsius?

119 853 203 908 llic
234 867 355 905 vero
379 851 586 919 triginta
611 859 664 904 et
691 860 813 903 octo
832 864 999 904 annos
1021 857 1218 913 manet,
1248 863 1416 915 neque
1436 847 1678 913 discedit,

115 943 200 1001 sed
232 957 468 1011 magnam
494 958 603 1011 pne
630 956 688 996 se
716 942 816 996 fert
842 941 1169 1010 patientiam.
1202 924 1544 993 Admira'bilis
1572 938 1687 992 for-

114 1047 244 1090 tasse
267 1035 413 1090 vobis
432 1035 639 1089 videtur
659 1034 913 1103 temporis
937 1032 1224 1103 longitudo.
1248 1032 1339 1087 sed
1369 1034 1411 1085 si
1436 1031 1500 1084 ad
1522 1031 1680 1086 verba

117 1131 218 1198 ipsa
260 1127 623 1193 attenderitis,
659 1136 782 1181 tunc
809 1126 1039 1181 maxime
1081 1125 1469 1195 philosophiam
1520 1123 1682 1193 ipsius

113 1220 500 1293 perfectamque
530 1221 833 1289 patientiam
863 1219 1213 1289 cognoscetis.

178 1312 277 1366 Cur
300 1313 567 1380 interroget
595 1327 786 1382 (egrum
807 1310 1055 1366 Christus.
1079 1338 1149 1348 —
1168 1307 1388 1364 Accedit
1412 1305 1676 1373 Christus,

110 1414 162 1459 et
180 1403 301 1458 dicit
325 1402 402 1457 ei:
444 1402 530 1456 Vis
552 1419 705 1456 sanus
734 1401 879 1470 ﬁeri?
906 1400 1095 1469 Ecquis
1120 1399 1221 1453 hoc
1248 1399 1558 1468 ignorasset,
1594 1413 1684 1448 vo-

112 1495 266 1548 luisse
299 1494 472 1563 ipsum
500 1509 686 1547 sanum
716 1493 867 1546 fieri?
896 1491 1029 1561 Quid
1060 1492 1217 1560 igitur
1241 1504 1413 1543 causa:
1443 1488 1560 1553 fuit,
1589 1502 1685 1541 cur

116 1586 500 1655 interrogaret?
524 1585 730 1639 Etenim
756 1585 844 1654 qui
873 1597 1063 1637 arcana
1083 1581 1467 1651 cogitationum
1497 1578 1678 1643 novit,

110 1675 274 1729 multo
300 1676 467 1745 magis
495 1690 576 1736 ea,
607 1690 725 1745 quae
751 1674 997 1729 omnibus
1027 1671 1303 1742 perspicua
1329 1679 1383 1725 et
1407 1668 1682 1723 manifesta

106 1777 248 1831 sont,
275 1767 648 1837 cognoscebat.
669 1768 774 1821 Cur
801 1768 958 1837 igitur
984 1764 1310 1834 interrogat?
1329 1761 1684 1830 Quemadmo-

111 1859 235 1912 dqu
266 1858 401 1912 alias
423 1858 718 1913 centurioni
749 1858 918 1927 inquit
946 1872 960 1908 :
996 1854 1106 1927 Ego
1147 1856 1342 1909 ueniam
1367 1897 1382 1921 ,
1430 1863 1474 1908 et
1500 1852 1684 1906 curabo

105 1966 215 2002 eum
250 1947 464 2019 (Matth.
497 1950 550 2003 8.
578 1948 686 2019 7),
737 1964 842 2003 non
890 1948 1140 2017 ignorans
1179 1962 1297 2017 qua:
1331 1947 1419 2001 ille
1446 1946 1684 1999 dicturus

104 2052 218 2097 erat
236 2083 252 2108 ,
281 2044 376 2097 sed
414 2043 710 2112 prmvidens
733 2052 786 2097 et
812 2043 1049 2112 apprime
1077 2042 1271 2107 sciens,
1306 2039 1465 2109 idque
1488 2054 1683 2108 agens,

106 2148 160 2188 ut
209 2134 262 2190 ei
290 2134 665 2201 occasionem,
715 2143 875 2204 atque
919 2148 1103 2187 ansam
1147 2131 1296 2186 daret
1319 2131 1587 2201 religionis
1624 2145 1687 2183 ac

104 2227 316 2294 pietatis
345 2241 477 2292 suae,
508 2242 626 2296 quae
656 2226 707 2280 in
738 2225 924 2280 umbra
951 2225 1180 2290 latebat,
1209 2223 1455 2278 omnibus
1484 2220 1685 2290 patefa-

102 2317 329 2383 ciendze,
360 2334 423 2372 ac
448 2318 657 2373 dicendi
701 2336 714 2373 :
748 2317 1103 2388 Nequaquam,
1126 2315 1341 2370 Domine
1365 2331 1384 2369 :
1430 2330 1529 2368 non
1558 2314 1690 2367 enim

99 2422 211 2458 sunt
242 2405 429 2477 dignus
445 2420 498 2461 ut
515 2409 675 2461 intres
688 2407 779 2460 sub
792 2416 981 2462 tectum
1000 2422 1170 2462 meum
1183 2401 1400 2475 (Matth.
1415 2403 1469 2458 8.
1485 2401 1595 2473 8.):
1620 2404 1689 2457 ita

102 2494 154 2546 in
184 2493 288 2547 hoc
317 2495 631 2566 paralytico,
662 2510 783 2550 cum
813 2496 975 2551 sciret
1001 2496 1125 2565 quid
1156 2496 1241 2550 ille
1266 2495 1500 2550 dicturus
1525 2504 1689 2561 esset,

100 2585 426 2655 interrogat,
458 2602 584 2640 num
618 2587 742 2641 velit
770 2600 931 2642 sanus
959 2588 1093 2651 fieri,
1121 2603 1225 2641 non
1254 2586 1393 2657 quod
1416 2585 1519 2640 hoc
1544 2585 1694 2655 igno-

99 2687 268 2744 raret,
294 2677 391 2732 sed
420 2687 474 2731 ut
500 2679 546 2733 ei
574 2680 836 2749 praeberet
861 2694 1046 2735 ansam
1069 2678 1349 2749 quamdam
1377 2687 1431 2732 et
1456 2676 1696 2732 oceasio-
1735 2740 1753 2763 κ

98 2785 250 2833 nem,
284 2784 395 2839 quo
422 2768 507 2824 ille
535 2769 785 2840 tragicam
813 2769 1164 2825 calamitatem
1192 2784 1341 2823 suam
1389 2776 1651 2838 promeret
1678 2808 1693 2831 ,

97 2874 161 2911 ac
208 2859 583 2917 ﬁeretdoctor
626 2861 913 2931 patientiae.
944 2861 1075 2916 Nam
1124 2860 1170 2916 si
1230 2860 1500 2916 hominem
1548 2859 1695 2913 illum

92 2951 323 3006 silentio
347 2961 609 3019 curasset,
637 2968 846 3008 summo
876 2969 973 3009 nos
999 2953 1193 3007 damno
1218 2952 1389 3007 allecti
1416 2966 1656 3007 essemus
1681 2968 1693 3004 :

92 3046 305 3114 quippe
338 3060 462 3100 cum
489 3045 629 3101 illius
654 3046 847 3101 animae
878 3046 1212 3102 tolerantiam
1256 3045 1395 3100 haud
1425 3044 1699 3099 didicisse-

91 3149 242 3192 mus.
270 3136 524 3192 Christus
539 3148 714 3194 autem
739 3154 844 3193 non
866 3138 1037 3193 solum
1064 3137 1344 3208 praesentia
1364 3146 1507 3192 recte
1524 3146 1697 3202 curat,

92 3228 192 3281 sed
225 3227 397 3282 etiam
429 3227 620 3284 futuris
650 3245 895 3300 magnam
926 3238 1144 3300 praestat
1170 3229 1519 3299 diligentiam.
1547 3228 1700 3282 Hunc

90 3318 263 3388 igitur
290 3360 307 3384 ,
341 3318 432 3387 qui
463 3320 712 3388 magister
736 3329 851 3375 erat
876 3319 1172 3376 tolerantia:
1197 3335 1259 3374 ac
1288 3319 1555 3390 patientiae
1584 3334 1701 3373 om-

90 3409 259 3463 nibus
290 3410 383 3478 qui
415 3409 597 3464 orbem
638 3411 932 3466 incolerent
957 3410 1231 3482 patefecit,
1266 3427 1360 3481 per
1399 3408 1700 3480 hujusmodi

85 3501 593 3571 interrogationem
625 3504 794 3574 ipsunt
840 3505 907 3560 ad
933 3506 1302 3561 necessitatem
1347 3505 1699 3576 respondendi

91 3594 342 3663 adigens
363 3635 379 3660 ,
420 3593 507 3649 Vis
532 3613 684 3650 sanus
713 3597 866 3665 ﬁeri?
893 3597 1029 3664 Quid
1064 3599 1224 3668 igitur
1250 3598 1375 3653 ille?
1405 3598 1519 3652 Non
1559 3614 1701 3668 a‘gre

86 3686 240 3749 tulit,
278 3701 393 3740 non
424 3687 725 3758 indignatus
748 3696 848 3755 est,
882 3706 985 3744 non
1009 3690 1142 3745 dixit
1165 3691 1230 3745 ad
1250 3707 1391 3756 eum,
1419 3691 1508 3761 qui
1540 3691 1703 3746 inter-

84 3787 419 3847 rogaverat,
449 3778 599 3833 vides
620 3795 704 3834 me
725 3780 955 3852 paralysi
980 3783 1270 3836 resolutum
1295 3800 1307 3834 :
1328 3782 1465 3837 nosti
1488 3782 1700 3851 longum

84 3878 323 3938 tempus
368 3870 744 3925 invaletudinis
772 3888 926 3939 meae,
955 3882 1008 3927 et
1036 3876 1363 3945 interrogas,
1394 3891 1517 3928 num
1546 3874 1700 3929 velim

83 3978 271 4015 sanus
311 3962 473 4016 fieri?
500 3962 732 4029 Venisti,
763 3975 821 4019 ut
846 3981 994 4020 meas
1037 3966 1289 4021 irrideres
1331 3967 1659 4021 calamitates
1683 4009 1698 4033 ,

77 4060 260 4121 atque
283 4053 485 4107 alienis
507 4055 660 4108 malis
687 4055 959 4110 illuderes?
973 4055 1087 4111 Non
1118 4058 1259 4111 enim
1282 4072 1374 4112 vos
1394 4057 1523 4128 fugit
1542 4073 1701 4127 quam

78 4146 305 4196 morosi
360 4144 467 4197 sint
495 4145 582 4213 qui
610 4154 904 4214 aegrotant,
949 4147 1159 4201 etiamsi
1205 4163 1364 4201 unum
1409 4163 1605 4201 annum
1646 4148 1699 4201 in

76 4230 239 4308 lecto
264 4232 652 4288 decubuerint.
670 4235 802 4290 Cum
830 4252 958 4292 vero
979 4238 1044 4291 ad
1072 4239 1283 4308 triginta
1310 4248 1365 4292 et
1386 4249 1505 4293 octo
1531 4254 1700 4294 annos

77 4322 331 4374 morbus
376 4326 743 4391 pervenisset,
802 4327 1069 4396 quomodo
1112 4343 1216 4382 non
1257 4338 1372 4382 erat
1413 4329 1701 4383 verisimile

74 4422 489 4480 consumptam
508 4430 628 4469 esse
656 4416 1043 4486 philOSOphiam
1069 4420 1120 4471 in
1145 4430 1248 4472 tam
1278 4419 1435 4488 longo
1462 4428 1700 4488 tempore

72 4502 453 4571 expensam?
484 4503 853 4562 Verumtamen
879 4510 963 4563 ille
988 4511 1118 4564 nihil
1148 4511 1404 4580 ejusmodi
1434 4513 1584 4577 dixit,
1619 4512 1700 4567 vel

71 4593 407 4661 cogitavit:
452 4595 545 4647 St'd
573 4610 759 4665 magna
787 4613 909 4652 cum
946 4601 1199 4654 modestia
1226 4618 1537 4672 responsum
1579 4602 1698 4668 dat,

69 4695 131 4737 et
164 4683 407 4753 inquit:
436 4684 695 4758 Profecto,
725 4688 965 4754 Domine,
996 4692 1084 4745 sed
1112 4692 1362 4747 hominem
1388 4711 1486 4748 non
1511 4696 1695 4761 habeo,

68 4786 177 4838 ut,
237 4791 381 4827 cum
412 4777 610 4829 turbata
640 4780 790 4847 fuerit
831 4797 1001 4851 aqua,
1041 4783 1201 4836 mittat
1241 4801 1319 4837 me
1361 4786 1413 4838 in
1460 4786 1703 4855 piscinam

66 4864 305 4935 (Joan.
347 4865 410 4919 5.
447 4867 539 4935 7).
575 4867 702 4923 Vide
739 4880 868 4940 quot
904 4880 959 4926 et
999 4868 1195 4941 quanta
1224 4875 1381 4928 simul
1416 4891 1703 4932 concurre-

67 4956 215 5011 bant
246 4966 437 5026 atque
460 4958 724 5013 hominem
748 4963 1137 5031 oppugnabant,
1164 4966 1399 5032 morbus,
1424 4980 1703 5037 paupertas

59 5061 122 5105 et
149 5051 436 5105 solitudo
456 5091 471 5115 ,
504 5067 623 5105 cum
648 5069 804 5108 nemo
832 5058 1124 5119 assisteret,
1154 5060 1373 5129 ejusque
1402 5075 1581 5117 curam
1611 5080 1703 5133 ge.

63 5156 256 5199 reret.
315 5144 469 5196 Dum
492 5146 631 5197 venio
656 5148 786 5200 enim
832 5164 923 5219 ego
947 5191 962 5214 ,
1006 5149 1137 5203 alius
1175 5162 1291 5204 ante
1328 5169 1407 5205 me
1450 5155 1703 5210 descendit

57 5240 78 5306 (
104 5235 137 5289 Ι
145 5236 272 5288 bid.
303 5234 362 5304 ).
407 5234 457 5286 Id
484 5250 608 5289 vero
634 5238 839 5291 caneris
864 5240 1109 5293 onmihus
1135 5241 1509 5309 miserabilius,
1534 5247 1703 5314 quod-

54 5344 175 5396 que
209 5327 311 5381 vel
349 5325 586 5394 lapidem
615 5328 784 5395 ipsum
816 5330 979 5397 possit
1006 5330 1295 5387 inﬂectere.
1346 5334 1534 5390 Videre
1560 5339 1701 5393 enim

53 5421 206 5475 mihi
246 5419 471 5474 videor
496 5418 765 5499 hominem
793 5422 999 5492 singulo
1025 5440 1237 5495 quoque
1262 5441 1406 5481 anno
1428 5441 1699 5496 repentem

52 5525 115 5565 et
146 5509 546 5566 accedentem
571 5511 637 5565 ad
665 5525 726 5566 os
757 5515 990 5581 piscinae,
1019 5526 1070 5569 et
1090 5518 1298 5587 singulo
1326 5534 1539 5589 quoque
1561 5536 1703 5576 anno

50 5606 447 5677 pendentem
479 5604 527 5657 in
555 5606 782 5674 ipsomet
808 5607 952 5661 aditu
980 5608 1130 5662 bona:
1156 5611 1287 5679 spei.
1315 5611 1496 5683 Neque
1534 5629 1660 5668 vero
1683 5656 1697 5679 ,

49 5697 221 5767 quod
249 5694 500 5765 gravius
519 5706 618 5760 est,
646 5696 761 5753 haec
787 5699 920 5753 duos
944 5710 1033 5753 aut
1053 5711 1181 5768 tres,
1210 5713 1299 5756 aut
1325 5704 1508 5759 decem
1533 5720 1701 5761 annos

54 5780 325 5864 pertulit
358 5826 381 5850 ,
439 5787 528 5842 sed
561 5804 724 5859 usque
769 5790 837 5845 ad
863 5792 1073 5864 triginta
1111 5805 1165 5850 et
1205 5806 1342 5852 octo.
1374 5798 1441 5853 Et
1481 5814 1694 5859 omnem

869 366 957 422 DE
994 364 1262 423 CHRISTI
1303 362 1711 431 DlVINlTA’l’E,
1751 360 2023 418 CONTRA
2064 361 2436 420 ANOMCEOS.
2480 361 2592 417 χιι.

3277 352 3381 407 806

1788 480 2002 549 quidem
2024 480 2305 535 adhibebat
2318 480 2666 551 diligentiam,
2692 480 2864 535 fructu
2879 490 3054 536 autem
3068 478 3382 534 excedebat:

1788 581 1842 626 et
1883 586 2072 626 cursus
2101 571 2312 641 quidem
2356 572 2708 642 peragebatur
2732 615 2746 636 ,
2776 572 2931 641 hujus
2968 581 3145 627 autem
3186 589 3375 629 cursus

1787 665 2061 733 prtemitun
2092 664 2157 718 ad
2187 664 2346 719 alium
2375 666 2751 734 perveniebat,
2783 667 2833 720 in
2866 667 3047 721 multis
3070 708 3085 733 ,
3116 667 3330 736 inquam
3358 704 3373 725 .

1796 755 1899 809 illis
1927 756 2102 809 annis.
2128 754 2386 824 Quodque
2405 756 2618 825 gravius
2646 766 2760 811 erat
2780 797 2793 818 .
2823 758 2958 812 alios
2982 757 3179 812 liberos
3224 757 3376 825 abire

1752 910 1754 912 τ
1786 845 2017 900 videbat.
2046 845 2225 900 Nostis
2248 822 2391 901 enim
2412 822 2489 900 ita
2520 847 2632 901 fieri
2661 847 2854 909 solere,
2886 856 2944 901 ut
2969 857 3092 903 tunc
3113 822 3369 903 malo\rum

1788 946 2090 991 nostrorum
2132 940 2447 993 acerrimum
2477 953 2692 993 sensum
2735 940 3044 1007 capiamus,
3080 956 3199 994 cum
3241 941 3374 996 alios

1785 1029 1974 1084 iisdem
2007 1030 2158 1084 malis
2187 1030 2404 1085 affectos
2432 1031 2680 1085 liberatos
2714 1031 2858 1109 abire
2890 1033 3198 1087 viderimus.
3236 1034 3368 1087 Pro-
3418 1096 3422 1105 ι

1784 1130 1967 1191 pterea
1992 1129 2045 1175 et
2070 1137 2291 1191 pauper,
2321 1137 2439 1176 cum
2463 1123 2687 1176 alterum
2716 1122 2859 1177 videt
2882 1122 3078 1177 divitiis
3099 1124 3373 1177 abundan-

1785 1225 1926 1276 tem,
1955 1223 2081 1268 tunc
2108 1214 2274 1284 magis
2302 1228 2453 1268 suam
2493 1214 2654 1267 sentit
2686 1222 3048 1284 paupertatem
3075 1232 3087 1266 :
3122 1224 3175 1267 et
3204 1230 3373 1284 regre-

1784 1314 1904 1359 tans
1931 1313 2055 1359 tunc
2084 1306 2250 1375 magis
2279 1306 2612 1360 excruciatur
2636 1348 2650 1370 ,
2692 1321 2809 1359 cum
2837 1307 3035 1359 multos
3062 1304 3206 1359 videt
3232 1346 3245 1369 ,
3286 1306 3375 1373 qui

1785 1397 1974 1452 morbo
2015 1396 2324 1463 laborarint,
2361 1413 2480 1452 eum
2520 1398 2629 1467 jam
2672 1396 3002 1466 deposuisse,
3069 1397 3168 1450 sibi
3198 1407 3377 1451 autem

1786 1488 1918 1541 nihil
1949 1488 2102 1543 bona:
2132 1490 2244 1558 spei
2277 1505 2577 1557 superesse.
2610 1489 2664 1543 lu
2697 1491 2922 1544 aliorum
2952 1491 3093 1544 enim
3122 1490 3379 1545 secundis

1784 1581 1943 1635 rebus
1964 1589 2174 1636 nostras
2199 1581 2530 1636 manifestius
2554 1585 2822 1657 intuemur
2845 1583 3206 1636 calamitates:
3233 1582 3377 1651 quod

1784 1671 1996 1737 quidem
2020 1673 2093 1725 illi
2126 1683 2249 1727 tunc
2272 1672 2566 1728 eveniebat.
2586 1673 2961 1728 Verumtamen
2990 1690 3108 1727 cum
3147 1675 3332 1727 morbo
3355 1717 3372 1741 ,

1784 1777 1903 1818 cum
1918 1772 2245 1832 paupertate,
2266 1778 2384 1817 cum
2398 1763 2680 1841 solitudine
2695 1762 2890 1817 tamdiu
2903 1762 3230 1833 depugnans,
3245 1761 3378 1819 alios

1787 1855 1976 1909 videns
2006 1855 2218 1910 liberari
2243 1897 2259 1920 ,
2292 1865 2343 1911 et
2388 1857 2622 1927 seipsum
2653 1856 2865 1927 quidem
2894 1872 3108 1926 semper
3136 1856 3373 1927 aggredi,

1787 1962 2072 2017 numquam
2104 1958 2277 2002 autem
2309 1957 2610 2016 compotem
2640 1948 2750 2003 ﬁeri
2770 1991 2785 2015 ,
2817 1963 2989 2018 neque
3015 1948 3236 2017 posthac
3260 1963 3378 2001 rur-

1787 2053 1880 2093 sus
1907 2053 2131 2109 speraus
2158 2056 2190 2093 a
2218 2038 2523 2093 calamitate
2546 2038 2779 2105 liberari,
2812 2054 2915 2093 non
2946 2038 3065 2093 ideo
3090 2047 3266 2092 tamen
3291 2037 3376 2091 di—

1788 2130 1977 2185 scessit
2005 2144 2067 2184 ac
2095 2130 2320 2194 destitit,
2353 2129 2445 2184 sed
2476 2130 2684 2199 singulo
2711 2145 2923 2199 quoque
2947 2145 3087 2183 anno
3108 2130 3376 2184 currebat.

1788 2219 1896 2274 Nos
1922 2229 2099 2274 autem
2127 2262 2142 2285 ,
2175 2221 2219 2274 si
2250 2220 2373 2289 quid
2401 2219 2569 2275 semel
2598 2235 2627 2273 a
2658 2220 2767 2273 Deo
2807 2220 3004 2288 precati
3050 2235 3155 2272 non
3186 2218 3380 2287 accipi-

1789 2326 1939 2376 mus,
1986 2309 2273 2366 confestim
2312 2310 2587 2377 dolemus,
2619 2320 2673 2365 et
2702 2311 2753 2363 in
2797 2319 3090 2364 extremam
3118 2309 3377 2364 desidiam

1792 2402 2106 2457 incidimus:
2140 2402 2483 2470 quamobrem
2511 2402 2869 2471 precationem
2909 2401 3231 2467 omittimus,
3260 2409 3379 2455 stu-

1791 2494 1936 2550 dium
1964 2493 2301 2548 remittimus.
3050 2544 3056 2551 .

1866 2586 2212 2641 Constantiam
2240 2586 2415 2640 laudat
2436 2587 2723 2657 paralytici.
2744 2582 2817 2627 +—
2835 2587 3194 2642 Possumusne
3220 2585 3379 2655 igitur

1754 2730 1759 2737 .
1795 2680 1926 2736 satis
1952 2694 2047 2749 pro
2078 2680 2267 2734 merito
2288 2680 2371 2735 vel
2397 2681 2736 2750 paralyticum
2765 2679 3001 2742 laudare,
3026 2678 3111 2732 vel
3136 2686 3377 2731 nostram

1800 2770 2164 2827 condemnare
2210 2771 2622 2841 negligentiam?
2671 2770 2881 2824 Etenim
2930 2785 3159 2839 quanam
3211 2768 3377 2822 simus

1802 2866 2151 2919 excusatione
2174 2863 2317 2933 digni
2350 2854 2366 2929 ,
2398 2880 2499 2931 qua
2529 2863 2681 2917 venia
2713 2904 2727 2927 ,
2772 2878 2891 2916 cum
2914 2904 2928 2928 ,
2956 2862 3048 2917 illo
3088 2861 3298 2931 triginta
3324 2868 3382 2914 et

1799 2969 1921 3014 octo
1942 2973 2112 3013 annos
2138 2957 2458 3028 perdurante
2478 2996 2495 3023 ,
2527 2971 2624 3011 nos
2645 2965 2747 3009 tam
2775 2954 2882 3009 cito
2910 2970 2939 3008 a
2971 2954 3243 3025 ιιι-οι)οείιο
3292 2967 3379 3007 re-

1800 3050 2077 3107 siliamus?

1872 3144 1927 3199 5.
1956 3142 2091 3211 Quid
2118 3142 2278 3213 igitur
2302 3139 2585 3196 Christus?
2621 3138 2718 3195 Ubi
2749 3138 2981 3194 ostendit
3021 3137 3237 3207 dignum
3259 3150 3379 3191 esse

1801 3236 1971 3299 illum,
1996 3236 2087 3305 qui
2113 3246 2358 3309 curetur,
2370 3234 2490 3303 jure
2517 3232 2583 3287 ad
2616 3232 2759 3285 illum
2790 3246 2900 3300 pra:
2926 3231 3044 3284 aliis
3071 3229 3253 3291 venit,
3279 3228 3378 3281 ait-

1801 3342 1906 3395 que
1925 3327 1994 3392 ei,
2020 3326 2206 3397 Surge,
2236 3326 2353 3379 tolle
2380 3324 2644 3396 grabatum
2672 3332 2833 3389 tuum,
2865 3331 2911 3376 et
2950 3321 3153 3375 ambula
3197 3319 3376 3390 (Joan.

1800 3421 1855 3476 5.
1883 3420 1959 3490 8).
1996 3418 2157 3473 Vides
2186 3434 2344 3488 quam
2370 3418 2416 3472 ei
2448 3417 2650 3471 nullum
2674 3415 2883 3485 triginta
2911 3422 2966 3468 et
2982 3422 3103 3466 octo
3128 3412 3251 3465 anni
3278 3412 3375 3466 de-

1805 3514 2111 3568 trimentum
2152 3511 2460 3576 attulerint,
2507 3507 2756 3580 quoniam
2784 3522 2965 3562 casum
2994 3520 3146 3559 suum
3173 3505 3380 3574 patien-

1804 3617 1885 3663 ter
1914 3607 2144 3662 tulerat?
2165 3606 2352 3659 Anima
2377 3605 2517 3658 enim
2556 3602 2789 3671 ipsiusin
2820 3609 2927 3654 tam
2958 3599 3116 3669 longo
3144 3608 3380 3665 tempore

1803 3697 2033 3767 majores
2056 3696 2106 3749 in
2130 3694 2464 3764 philosophia
2488 3706 2800 3762 progressus
2812 3690 2953 3753 fecit,
2974 3690 3025 3742 in
3051 3687 3374 3751 calamitate,

1804 3800 2071 3858 tamquam
2102 3787 2153 3840 in
2178 3784 2486 3840 conllatoria
2516 3783 2759 3844 fornace,
2800 3780 3017 3850 probata
3049 3795 3062 3832 :
3093 3787 3147 3831 et
3179 3778 3380 3845 majore

1803 3897 1924 3935 cum
1946 3880 2110 3950 gloria
2141 3878 2467 3933 curationem
2486 3874 2793 3944 reportavit.
2826 3872 2940 3925 Non
2966 3871 3106 3925 enim
3137 3868 3376 3938 angelus,

1802 3972 1896 4027 Sed
1924 3974 2147 4041 ipsemet
2173 3971 2479 4039 angelorum
2518 3966 2769 4021 Dominus
2802 3964 2949 4043 illum
2998 3960 3222 4016 sanavit.
3275 3956 3380 4013 Cur

1801 4073 1976 4117 autem
2006 4070 2282 4130 praeterea.
2300 4068 2359 4113 ut
2380 4074 2532 4113 suum
2559 4057 2660 4111 sibi
2687 4057 2878 4111 lectum
2906 4054 3136 4117 tolleret,
3156 4051 3355 4120 impera

1804 4156 1915 4209 vit?
1941 4154 2108 4210 Unam
2139 4153 2352 4223 quidem
2386 4152 2650 4221 prmcipue
2677 4163 2739 4202 ac
2770 4147 2993 4216 primam
3019 4144 3087 4198 ob
3115 4156 3327 4197 causam
3360 4182 3377 4208 ,

1802 4258 1862 4301 ut
1888 4250 1939 4301 in
1970 4254 2239 4316 posterum
2268 4244 2519 4299 liberaret
2537 4241 2750 4297 Judaaos
2775 4255 2803 4293 a
2830 4239 2961 4308 legis
2987 4235 3377 4291 observatione.

1803 4338 1927 4393 Sole
1956 4336 2096 4392 enim
2128 4337 2181 4390 in
2208 4343 2546 4403 conSpectum
2571 4348 2631 4388 se
2656 4332 2847 4395 dante,
2880 4344 2983 4384 non
3018 4337 3132 4383 erat
3161 4326 3383 4381 ulterius

1805 4430 2036 4484 lucerna:
2062 4426 2438 4482 adhmrendum
2462 4443 2475 4480 :
2500 4434 2552 4480 et
2569 4424 2822 4494 patefacta
2853 4423 3075 4477 veritate
3094 4463 3109 4485 ,
3139 4436 3245 4474 non
3270 4420 3380 4489 jam

1802 4530 1921 4575 erat
1950 4518 2317 4590 amplectenda
2346 4518 2531 4586 ﬁgura.
2557 4517 2678 4571 ldeo
2699 4517 2742 4570 si
2768 4514 2980 4585 quando
3002 4514 3241 4569 solvebat
3264 4514 3364 4566 sab

1806 4613 2010 4675 batum,
2043 4611 2331 4664 maximum
2360 4609 2411 4662 in
2443 4624 2509 4663 eo
2548 4609 2632 4662 die
2658 4609 2867 4676 signum
2895 4606 3123 4661 edebat:
3169 4614 3226 4657 ut
3268 4603 3377 4673 ipsa

1805 4704 2071 4759 excellens
2088 4702 2327 4756 miraculi
2344 4701 2647 4771 magnitudo
2667 4700 2905 4754 videntes
2935 4696 3376 4766 obstupefaciens,

1807 4795 2059 4866 paulatim
2086 4795 2229 4848 illam
2260 4794 2355 4847 otii
2384 4835 2398 4857 ,
2426 4804 2479 4847 et
2507 4792 2819 4846 cessationis
2848 4790 3272 4844 observationem
3301 4787 3377 4838 las

1806 4886 2075 4940 hefactans
2117 4885 2383 4940 auferret:
2427 4884 2619 4938 deinde
2666 4898 2794 4937 vero
2839 4892 2895 4935 ut
2946 4881 3247 4933 Obstrueret
3291 4892 3385 4932 ora
3434 4878 3437 4885 ’

1807 4978 2017 5031 illorum
2056 4978 2401 5045 impudentia.
2433 4976 2563 5029 Nam
2605 4976 2854 5044 quoniam
2882 4974 2933 5026 in
2961 4970 3257 5042 judicandis
3285 4972 3385 5022 mi-

1806 5071 2000 5124 raculis
2027 5071 2289 5124 malitiose
2314 5069 2559 5140 agebant,
2588 5078 2641 5122 et
2666 5068 2890 5136 gloriam
2918 5080 3114 5127 rerum,
3149 5078 3267 5133 qua:
3292 5077 3386 5131 ge-

1804 5163 2359 5226 rebantur,calumniis
2375 5163 2659 5216 obscurare
2676 5156 3228 5220 conabantur,idcireo
3251 5164 3385 5208 tam-

1803 5268 1959 5322 quam
1986 5264 2239 5322 tropzeum
2262 5251 2525 5321 quoddam
2539 5257 2968 5318 etargumentum
2982 5246 3218 5300 sanitatis
3240 5245 3385 5299 indu-

1803 5344 2017 5399 bitabile
2030 5345 2171 5398 illam
2185 5345 2302 5398 lecti
2320 5343 2663 5412 gestationem
2678 5357 2785 5412 pra:
2800 5357 2857 5397 se
2871 5342 3005 5394 ferre
3020 5340 3188 5410 ipsum
3203 5339 3380 5405 jussit,

1805 5452 1871 5490 ne
1902 5436 1949 5489 id
1968 5437 2105 5506 quod
2132 5437 2197 5490 de
2222 5452 2365 5491 caeco
2391 5434 2654 5495 dicebant,
2685 5433 2750 5487 de
2780 5433 2880 5487 hoc
2899 5447 3108 5501 quoque
3124 5431 3380 5485 dicerent.

1804 5528 1937 5593 Quid
1961 5536 2135 5581 autem
2162 5526 2229 5581 de
2254 5527 2342 5580 illo
2372 5526 2657 5579 dicebant?
2689 5524 2788 5578 Hic
2809 5534 2899 5586 est,
2919 5539 3017 5576 non
3045 5534 3116 5575 est
3140 5522 3247 5586 hic,
3272 5522 3381 5588 ipse

1802 5628 1875 5672 est
1901 5616 2011 5689 (Id.
2061 5618 2113 5673 9.
2160 5618 2213 5672 8.
2239 5617 2313 5684 9).
2343 5618 2483 5686 Ergo
2512 5632 2576 5670 ne
2622 5617 2740 5669 talia
2765 5615 2977 5685 quidam
3008 5613 3074 5668 de
3098 5614 3196 5666 hoc
3219 5624 3379 5665 etiam

1803 5710 2085 5775 dicerent,
2127 5711 2294 5764 lectus
2339 5710 2444 5763 alte
2480 5707 2720 5762 sublatus
2749 5720 3025 5762 accusator
3069 5706 3125 5760 fit
3166 5698 3377 5761 illorum

1802 5802 2165 5874 impudentiae.
2223 5803 2367 5858 Licet
2401 5813 2660 5873 prmterea
2691 5804 2898 5858 tertiam
2926 5801 3208 5872 quamdam
3248 5816 3374 5857 cau-
