3868 6234
522 339 633 396 ‘807

535 469 649 509 sam
678 455 865 509 afferre
887 495 902 519 ,
929 452 1094 507 nihilo
1117 451 1180 506 iis
1205 465 1322 520 qua:
1347 449 1486 504 dicta
1515 455 1639 503 sunt
1667 446 1939 500 leviorem.
1971 442 2100 497 Nam

541 549 874 617 utintclligas
891 561 993 600 non
1015 555 1181 600 artem
1206 544 1511 604 humanam,
1540 540 1632 594 sed
1656 538 1891 592 divinam
1916 545 2103 606 poten-

537 642 659 696 tiam
690 640 852 695 fuisse
881 681 896 706 ,
927 654 1046 709 qua:
1091 647 1258 692 totum
1307 635 1432 690 illud
1463 631 1786 704 praestiterit,
1811 645 1962 685 Suum
1994 627 2092 695 ipsi

536 733 727 788 lectum
754 730 1067 800 gestandum
1097 727 1342 798 iniunxit,
1372 741 1512 780 vera:
1540 733 1697 791 atque
1725 721 1940 790 integra:
1970 717 2101 772 sani-

535 823 657 880 tatis
677 823 963 876 maximam
991 830 1045 874 et
1075 820 1405 888 perSpicuam
1431 813 1934 872 demonstrationem
1963 825 2102 879 prte-

535 913 694 969 bens:
723 922 778 966 ut
805 929 872 967 ne
886 912 1005 982 quis
1036 911 1460 980 blasphemorum
1493 908 1700 961 illorum
1722 907 1923 960 diceret
1952 919 2102 973 para-

536 1001 751 1074 lyticum
782 1003 1028 1058 simulate
1062 1012 1115 1057 et
1153 1002 1366 1056 Christo
1406 999 1790 1071 gratificantem
1833 996 2103 1053 efﬁnxisse

537 1094 709 1148 tennis
735 1093 1006 1163 cujusdam
1036 1092 1404 1146 ambulationis
1425 1092 1674 1161 Speciem.

605 1183 710 1236 Cur
731 1200 858 1236 onus
873 1183 1002 1237 illud
1016 1185 1148 1251 ferre
1154 1185 1361 1254 jusserit
1391 1181 2102 1252 paralyticum.—Pr0pterea

529 1287 670 1327 onus
692 1273 763 1326 illi
793 1273 903 1327 suis
927 1273 1200 1327 terendum
1235 1273 1468 1326 humeris
1497 1273 1744 1342 injunxit.
1783 1271 1893 1325 Non
1919 1272 2058 1325 enim
2083 1312 2100 1335 ,

536 1362 634 1415 nisi
668 1362 799 1415 bene
823 1363 899 1415 illi
924 1363 1159 1416 membra
1205 1363 1530 1417 consolidata
1561 1372 1769 1428 essent,
1818 1373 1869 1416 et
1897 1360 2104 1414 articuli

532 1457 700 1524 probe
723 1455 846 1521 fixi,
880 1466 1076 1509 tantam
1111 1456 1302 1509 molem
1327 1465 1536 1524 portare
1562 1455 1796 1510 humeris
1828 1457 2101 1523 potuisset.

536 1546 614 1600 Ad
645 1547 755 1600 hare
783 1548 957 1601 omnia
982 1547 1108 1602 illud
1133 1563 1340 1617 quoque
1357 1549 1590 1602 accedit:
1613 1547 2101 1613 ostendebatenim,

535 1637 689 1690 simul
717 1653 780 1692 ac
805 1637 1220 1708 Christusjussit
1245 1681 1259 1704 ,
1293 1641 1467 1694 omnia
1507 1640 1619 1694 fieri
1649 1682 1663 1706 ,
1723 1649 1776 1695 et
1810 1640 2103 1694 discessum

535 1728 740 1794 morbi,
781 1737 834 1781 et
860 1729 1084 1783 reditum
1115 1732 1374 1785 sanitatis.
1407 1733 1616 1786 Etenim
1662 1733 1851 1787 medici
1891 1733 2104 1802 quidem

534 1821 742 1872 tametsi
773 1821 973 1875 morbis
1019 1821 1265 1889 liberem,
1319 1841 1423 1878 non
1475 1835 1651 1880 tamen
1681 1825 1854 1880 subito
1879 1836 2104 1895 mgrotos

532 1907 864 1962 reduceread
888 1912 1166 1966 sanitatem
1197 1915 1372 1968 valent
1404 1933 1417 1967 :
1449 1917 1540 1970 sed
1569 1917 1725 1986 longo
1754 1918 1954 1987 pariter
1973 1926 2106 1972 tem-

534 2013 666 2068 pore
689 2009 847 2070 egent
866 2002 930 2054 ad
956 2003 1425 2070 instaurationem;
1455 2017 1508 2060 ut
1526 2008 1758 2076 reliquiae
1783 2007 1952 2061 morbi
1981 2023 2108 2076 pau-

537 2089 682 2142 latim
703 2106 733 2143 e
758 2107 981 2160 corpore
995 2095 1344 2164 expelluntur,
1369 2107 1527 2167 atque
1548 2099 1843 2167 ejiciantur.
1863 2099 2108 2154 Christus

535 2189 711 2234 autem
740 2197 843 2235 non
874 2183 981 2237 ita:
1021 2185 1113 2239 sed
1151 2187 1336 2240 eodem
1377 2190 1630 2257 temporis
1680 2199 1952 2245 momento
1981 2199 2033 2244 et
2075 2205 2104 2244 a

536 2271 724 2324 morbo
750 2271 988 2327 liberavit
1013 2315 1028 2339 ,
1056 2284 1108 2328 et
1135 2277 1414 2332 sanitatem
1446 2280 1691 2347 restituit,
1725 2289 1779 2336 et
1801 2282 2000 2337 nullum
2027 2283 2109 2338 in-

537 2366 854 2420 termedium
909 2368 1208 2424 intercessit
1253 2381 1460 2442 tempus
1493 2391 1507 2428 :
1536 2375 1630 2429 sed
1658 2375 1816 2429 simul
1858 2386 2016 2446 atque
2043 2393 2108 2432 ex

537 2467 714 2508 sancta
742 2456 824 2511 illa
857 2457 1031 2528 lingua
1063 2460 1257 2529 prodiit
1282 2477 1430 2517 sacra
1456 2478 1577 2532 vox,
1602 2475 1655 2520 et
1683 2466 1897 2521 morbus
1926 2484 1956 2522 e
1985 2483 2107 2522 cor-

537 2559 664 2613 pore
681 2546 896 2617 aufugit,
919 2559 974 2603 et
987 2551 1206 2605 verbum
1228 2554 1396 2608 evasit
1418 2569 1572 2624 opus,
1592 2567 1645 2611 et
1675 2565 1780 2612 tota
1803 2558 2109 2615 invaletudo

537 2635 766 2705 undique
791 2639 1043 2710 profugit.
1068 2642 1132 2695 Et
1160 2645 1600 2712 quemadmodum
1635 2649 1824 2704 ancilla
1846 2652 2106 2722 qutepiam

533 2726 852 2784 seditionem
881 2747 1120 2798 movens,
1147 2749 1266 2787 cum
1298 2737 1524 2804 primum
1552 2737 1822 2793 dominum
1851 2757 2004 2795 suum
2025 2743 2105 2796 vi-

535 2816 710 2882 derit,
743 2823 1043 2890 comprimit
1070 2839 1128 2878 se
1151 2865 1167 2889 ,
1196 2826 1436 2897 reditque
1461 2826 1528 2883 ad
1557 2833 1959 2888 convenientem
1990 2849 2108 2890 mo-

534 2905 792 2972 destiam;
831 2912 900 2963 ita
943 2914 1100 2967 etiam
1151 2926 1333 2970 natura
1374 2922 1612 2988 corporis
1642 2961 1657 2985 ,
1688 2922 1907 2991 perinde
1953 2933 2112 2994 atque

536 2998 723 3050 ancilla
751 3001 990 3067 «insudant
1019 3013 1140 3058 tunc
1160 3006 1470 3062 seditionem
1510 3025 1750 3079 movens,
1777 3023 1830 3068 et
1859 3014 2111 3071 inducens

536 3089 845 3160 paralysim,
866 3102 1142 3162 postquam
1159 3097 1428 3153 dominum
1451 3116 1602 3155 suum
1621 3104 1685 3156 ad
1703 3119 1761 3158 se
1775 3107 2111 3162 accedentem

537 3180 686 3246 vidit,
709 3182 775 3236 ad
799 3199 948 3236 suum
975 3185 1132 3240 rediit
1154 3187 1414 3255 ordinem,
1447 3205 1706 3263 suumque
1725 3195 1938 3249 modum
1963 3212 2112 3252 rece-

539 3271 634 3338 pit.
685 3273 856 3341 Atq::e
911 3274 1024 3329 lucc
1067 3279 1243 3333 omnia
1273 3293 1373 3334 vox
1403 3280 1512 3350 ipsa
1541 3283 1798 3350 praestitit.
1831 3284 1946 3339 Non
1972 3289 2112 3341 enim

536 3363 676 3418 nuda
702 3375 854 3418 erant
872 3368 1050 3431 verba,
1072 3369 1165 3423 sed
1191 3372 1348 3426 verba
1379 3373 1468 3428 Dei
1497 3414 1512 3440 ,
1563 3375 1629 3429 do
1653 3376 1842 3444 quibus
1862 3379 2113 3448 scriptum

539 3465 622 3508 est
645 3474 656 3508 :
679 3454 908 3511 Potentia
921 3475 1072 3530 opera
1087 3479 1370 3517 sermonum
1390 3467 1497 3534 ejus
1517 3465 1656 3537 (Ioel
1695 3468 1746 3521 2.
1778 3469 1800 3522 1
1819 3467 1888 3538 Ι).
1908 3469 2113 3525 Etenim

535 3548 582 3602 si
611 3547 878 3605 hominem
902 3590 920 3618 ,
959 3568 1078 3608 cum
1106 3569 1211 3610 non
1237 3565 1410 3621 esset,
1441 3543 1715 3626 fecerunt,
1747 3561 1914 3616 multo
1950 3564 2117 3634 magis

538 3651 748 3709 putrem
774 3654 827 3697 et
855 3644 1084 3715 paralysi
1107 3645 1432 3704 laborantem
1461 3651 1756 3706 restituent.

611 3730 800 3786 Contra
827 3733 1092 3791 Αιιοηιωοε
1115 3736 1357 3808 loquitur.
1386 3769 1460 3780 —
1493 3741 1604 3795 Hoc
1631 3742 1748 3796 loco
1773 3743 1999 3799 libenter
2026 3745 2107 3799 in-

535 3824 914 3890 terrogaveriin
945 3840 1074 3893 eos,
1123 3829 1211 3898 qui
1237 3831 1445 3886 curiose
1485 3842 1764 3888 versantur
1787 3834 1838 3888 in
1869 3850 2114 3904 perscru-

542 3911 696 3965 tanda
714 3918 946 3970 essentia
985 3917 1074 3971 Dei
1097 3959 1109 3979 ,
1132 3920 1397 3988 quomodo
1420 3922 1696 3977 coiverunt
1722 3926 1958 3980 membra
1986 3927 2114 3982 illa?

539 4003 805 4070 quomodo
820 4006 1038 4060 solidata
1053 4021 1175 4063 sunt
1189 4012 1336 4064 ossa?
1355 4014 1620 4080 quomodo
1641 4023 2112 4084 temperamentum

542 4093 671 4147 illud
699 4098 898 4151 ventris
913 4099 1201 4154 resolututn
1223 4105 1527 4158 convaluit?
1549 4121 1655 4174 quo
1682 4117 1834 4174 pacto
1863 4110 2008 4162 nervi
2031 4123 2116 4164 re-

544 4187 690 4240 missi
721 4204 904 4243 rursus
928 4194 1159 4248 contenti
1183 4197 1533 4261 exstiterunt,
1579 4207 1633 4253 et
1659 4200 1858 4269 dejecta
1894 4200 2116 4258 facultas

542 4281 876 4343 exsurrexit,
923 4292 978 4336 et
1017 4295 1195 4339 erecta
1237 4287 1357 4340 est?
1408 4290 1476 4342 At
1519 4305 1620 4343 non
1651 4300 1871 4360 possunt
1899 4294 2112 4348 modum

545 4367 685 4424 hunc
721 4370 916 4426 dicere.
961 4373 1100 4443 Ergo
1139 4376 1404 4433 admirare
1440 4389 1638 4434 tantum
1671 4381 1722 4436 id
1744 4383 1882 4451 quod
1907 4393 2114 4455 gestum

542 4471 655 4518 est:
701 4463 917 4520 modum
944 4477 1120 4523 autem
1157 4471 1363 4526 curiose
1404 4487 1472 4526 ne
1509 4474 1810 4545 investiges.
1854 4475 2115 4544 Quoniam

544 4553 702 4623 igitur
727 4557 1042 4628 paralyticos
1075 4602 1090 4626 ,
1119 4561 1258 4630 quod
1281 4562 1460 4630 jussus
1491 4573 1573 4618 est
1603 4607 1619 4631 ,
1663 4565 1786 4620 fecit
1808 4609 1823 4629 ,
1852 4579 1905 4622 et
1923 4567 2114 4622 lectum

543 4648 804 4715 sumpsit,
831 4649 1070 4705 videntes
1094 4652 1238 4706 illum
1268 4653 1434 4709 Judai
1463 4656 1671 4710 dicunt:
1701 4657 1978 4712 Sabbatum
2013 4666 2117 4712 est:

543 4751 644 4789 non
678 4737 791 4790 licet
823 4739 910 4792 tibi
931 4741 1103 4795 tollere
1129 4743 1388 4813 grabatum
1414 4747 1467 4799 in
1491 4746 1693 4802 sabbato
1717 4747 1894 4819 (Joan.
1921 4751 1973 4806 5.
2003 4747 2113 4824 10).

541 4826 674 4884 Cum
695 4831 918 4889 adorare
947 4851 1039 4902 par
1066 4847 1207 4891 esset
1243 4854 1362 4891 eum
1385 4880 1398 4902 ,
1428 4841 1521 4909 qui
1557 4839 1656 4896 hoc
1682 4842 1964 4908 ell‘ecera-t,
1993 4858 2113 4898 cum

543 4919 794 4976 admirari
825 4923 1018 4979 factum
1043 4965 1056 4987 ,
1087 4926 1160 4981 illi
1184 4943 1310 4983 vero
1331 4930 1396 4984 de
1417 4931 1634 4984 sabbato
1658 4932 1957 4999 disserunt,
1991 4951 2116 4989 vere

541 5013 849 5070 excolentes
876 5017 1124 5084 culicem,
1155 5021 1414 5076 camclum
1444 5033 1621 5078 autem
1646 5024 1946 5093 glutienti-s.
1973 5027 2107 5093 Quid

545 5103 704 5172 igitur
757 5107 882 5160 ille?
921 5107 1017 5172 Qui
1048 5125 1124 5162 me
1158 5128 1335 5163 sanum
1367 5114 1482 5182 fecit
1503 5153 1520 5178 ,
1551 5115 1636 5168 ille
1661 5116 1786 5168 mihi
1805 5116 1934 5169 dixit
1955 5157 1970 5179 ,
1999 5117 2116 5170 tolle

544 5196 804 5262 grabatum
819 5210 977 5263 tuum,
998 5209 1042 5252 et
1063 5200 1262 5270 ambula
1283 5201 1386 5270 (Ib.
1406 5219 1449 5256 υ.
1475 5206 1583 5274 11).
1608 5205 1764 5259 Vides
1787 5218 1993 5276 gratum
2019 5209 2114 5260 ho-

545 5289 701 5343 minis
728 5297 962 5346 aniiuum
987 5293 1009 5347 ?
1031 5293 1327 5349 Confitetur
1353 5298 1614 5352 medicum
1636 5338 1652 5362 ,
1683 5306 1739 5352 ot
1761 5298 1973 5367 dig-num
1999 5315 2117 5353 esse

546 5379 893 5449 legislaturem
918 5428 932 5450 ,
961 5388 1044 5442 cui
1070 5389 1389 5458 prmcipieuti
1409 5389 1538 5444 fides
1551 5388 1824 5444 habeatur.
1848 5391 1914 5445 Et
1934 5408 2116 5458 quem-

545 5476 826 5530 admodum
854 5480 970 5534 illos
990 5497 1161 5536 caecus
1187 5493 1497 5552 argumento
1521 5483 1806 5545 conclusit,
1840 5483 1907 5536 ita
1929 5491 1983 5536 et
2007 5483 2111 5536 hic.

547 5571 823 5632 Quomodo
848 5585 1023 5628 autem
1046 5575 1136 5630 ille
1163 5575 1469 5630 conclusit?
1505 5576 1758 5630 Dicebant
1783 5575 1830 5629 ei
1860 5615 1874 5638 ,
1904 5573 2022 5627 Non
2044 5585 2114 5628 est

545 5663 626 5717 hic
681 5663 828 5716 homo
906 5682 938 5718 a
1010 5665 1116 5719 Deo
1158 5683 1177 5720 :
1241 5668 1359 5736 quia
1420 5668 1676 5721 sabbatum
1741 5683 1838 5720 non
1905 5665 2116 5720 atstodit

549 5751 658 5826 Ud.
709 5753 762 5809 9.
793 5756 1060 5826 16).Quid
1112 5758 1269 5828 igitur
1302 5759 1429 5813 ille?
1467 5758 1667 5812 Scimus
1691 5799 1706 5827 ,
1751 5758 1951 5828 inquit,
1977 5758 2111 5827 quod

1235 335 1288 390 S.
1329 330 1608 389 JOANNIS
1643 323 2113 385 CHRYSOSTOMI
2152 325 2468 384 ARCIHEP.
2508 327 3042 386 CONSTANTINOP.
3697 326 3784 379 sos

2206 455 2486 511 peccatores
2505 443 2639 499 Deus
2663 463 2760 498 non
2773 447 2914 499 audit
2934 465 2951 500 :
2965 448 3044 500 hic
3058 457 3220 500 autem
3236 451 3436 518 aperuit
3456 464 3599 504 meos
3622 451 3779 504 oculos

2211 532 2421 600 (Joann.
2441 534 2495 589 9.
2515 550 2562 588 υ.
2583 536 2789 607 30.31).
2821 537 2970 603 Quod
2998 548 3174 593 autem
3204 540 3375 601 ali'ert,
3399 541 3508 594 tale
3535 540 3777 608 quiddam

2203 634 2301 677 est.
2331 623 2384 680 Si
2409 635 2765 695 transgressus
2781 639 2922 684 esset
2950 631 3142 700 legem,
3163 643 3466 699 peccasset:
3496 633 3544 687 si
3573 650 3777 702 peccas-

2204 725 2282 769 set
2316 757 2329 779 ,
2376 733 2478 770 non
2514 728 2712 772 tantum
2743 723 3000 790 potuisset
3028 742 3040 776 :
3082 724 3167 776 lilii
3195 725 3335 777 enim
3361 735 3649 792 peccatum
3680 766 3696 788 ,
3721 726 3777 779 ibi

2206 819 2309 859 non
2333 817 2413 860 est
2439 807 2587 861 locus
2603 809 3026 866 demonstrandrc
3052 816 3321 881 potentiae.
3339 815 3405 867 At
3438 815 3654 883 potuit:
3689 831 3776 868 nea

2204 911 2330 964 ergo
2368 898 2600 964 peccavit
2638 911 2995 966 transgressus
3037 904 3227 971 legem.
3283 905 3490 960 Eodem
3547 907 3712 960 modo
3737 920 3779 961 et

2206 987 2289 1042 hic
2335 1001 2746 1059 argumentatur.
2787 993 2916 1048 Nam
2947 1010 3064 1049 cum
3098 998 3304 1068 inquit,
3351 999 3455 1064 Qui
3497 1014 3587 1050 me
3613 1016 3778 1051 stutum

2204 1078 2320 1148 fecit
2347 1121 2360 1142 ,
2394 1079 2492 1134 hoc
2517 1082 2857 1150 significavit,
2893 1085 3031 1140 hunc
3059 1101 3208 1152 esse,
3241 1089 3330 1158 qui
3365 1091 3670 1157 potentiam
3700 1089 3780 1142 de-

2204 1173 2536 1236 monstravit,
2570 1173 2870 1244 idcircoque
2897 1177 3110 1234 minime
3135 1179 3347 1250 dignum
3375 1197 3500 1236 esse
3525 1224 3544 1246 ,
3572 1183 3667 1250 qui
3692 1185 3779 1236 eri.

2207 1259 2349 1314 mine
2371 1262 2577 1317 violata:
2595 1264 2724 1334 legis
2749 1277 3066 1322 arcessatur.
3093 1269 3228 1337 Quid
3261 1271 3419 1342 igitur
3450 1273 3504 1326 hi
3524 1273 3552 1324 τ
3593 1271 3695 1326 Ubi
3720 1286 3778 1325 est

2207 1350 2291 1403 ille
2310 1352 2480 1413 homo,
2496 1354 2586 1422 qui
2605 1354 2738 1407 didit
2751 1356 2863 1423 tibi,
2883 1357 3022 1412 Tolle
3041 1361 3302 1432 grabatum
3333 1373 3497 1430 tuum,
3516 1377 3572 1417 et
3588 1364 3779 1416 anibnla

2211 1441 2321 1511 (Id.
2374 1445 2427 1498 5.
2479 1446 2592 1515 12).
2622 1448 2755 1503 Vide
2790 1453 3072 1506 amentiam
3116 1464 3274 1524 atque
3316 1468 3647 1525 stuporem:
3680 1458 3781 1512 side

2205 1535 2436 1590 animum
2461 1545 2747 1594 tumentem
2776 1545 3094 1612 arrogantia.

2276 1626 2570 1682 Invidorum
2613 1633 2832 1686 conditio
2875 1635 3056 1706 qualis.
3113 1666 3183 1678 —
3232 1637 3598 1693 lnvidentium
3655 1643 3778 1696 enim

2205 1718 2342 1772 oculi
2375 1719 2502 1773 nihil
2546 1736 2729 1776 sanum
2765 1723 2962 1788 vident,
3015 1727 3107 1781 sed
3143 1727 3267 1782 illud
3301 1740 3509 1784 tantum
3545 1732 3692 1786 unde
3717 1750 3782 1787 ca-

2207 1824 2332 1878 pere
2355 1827 2534 1864 ansam
2559 1825 2810 1881 possunt:
2835 1816 3014 1871 itidem
3045 1827 3098 1872 et
3119 1818 3189 1873 hi.
3220 1818 3351 1874 Cum
3380 1820 3500 1884 ille,
3530 1825 3626 1893 qui
3651 1840 3782 1878 cura-

2207 1910 2291 1955 ῑυε
2319 1912 2450 1967 erat,
2477 1917 2756 1976 utrumque
2811 1907 2981 1963 fassus
3004 1921 3144 1966 esset
3171 1953 3184 1975 ,
3231 1922 3282 1967 οἱ
3309 1924 3566 1968 curatum
3599 1930 3661 1970 SC
3685 1933 3782 1970 esse

2210 2002 2264 2046 et
2300 1992 2506 2062 jussum
2531 1996 2716 2051 tollere
2763 1999 3080 2067 grabatum,
3132 2000 3259 2056 illud
3309 2003 3535 2071 quidem
3587 2006 3782 2058 silentio

2209 2086 2575 2152 prieterierunt
2605 2129 2618 2151 ,
2668 2088 2766 2142 hoc
2813 2100 2988 2144 autem
3027 2095 3400 2162 protulerunt:
3456 2097 3783 2150 occultarent

2207 2174 2418 2243 quidem
2449 2178 2760 2232 miraculum
2786 2221 2800 2243 ,
2856 2182 3186 2250 prmtendunt
3235 2195 3412 2239 autem
3441 2185 3664 2239 sabbati
3691 2188 3782 2240 dis-

2207 2268 2544 2324 solutionem.
2581 2271 2694 2324 Non
2721 2273 2862 2326 enim
2885 2273 3150 2340 dixerunt,
3183 2275 3268 2329 ubi
3295 2285 3380 2330 est
3398 2277 3498 2346 qui
3531 2288 3589 2332 te
3615 2294 3782 2331 sanum

2209 2357 2365 2412 fecit?
2391 2360 2495 2414 Sed
2543 2360 2640 2415 hoc
2678 2364 2956 2418 reticentes
3003 2365 3283 2419 dixerunt:
3331 2366 3433 2421 Ubi
3457 2379 3534 2422 est
3562 2371 3652 2437 qui
3676 2371 3783 2421 diri:

2211 2449 2297 2502 tibi
2321 2492 2333 2512 ,
2355 2449 2495 2504 Tolle
2508 2450 2954 2521 grabatumtuum,
2985 2465 3029 2507 et
3052 2456 3254 2508 ambula
3278 2456 3303 2510 ?
3334 2455 3392 2510 Is
3412 2469 3599 2510 autem
3624 2465 3784 2512 nesci:~

2211 2535 2484 2595 baLJesus'
2531 2543 2662 2595 enim
2707 2544 2970 2598 declinavit
3006 2563 3036 2598 a
3075 2546 3216 2599 turba
3261 2550 3551 2601 constituta
3601 2551 3656 2602 in
3697 2551 3783 2601 lora

2212 2633 2314 2705 (Ib.
2345 2650 2392 2687 υ.
2422 2635 2534 2705 15).
2557 2633 2613 2689 id
2645 2651 2773 2690 vero
2801 2637 3024 2690 maxima
3067 2649 3148 2693 est
3178 2641 3411 2695 hominis
3446 2642 3599 2696 illius
3624 2642 3784 2697 defat-

2210 2728 2309 2788 sio,
2341 2726 2391 2780 id
2405 2724 2599 2781 Christi
2628 2727 2969 2796 providentia:
2996 2730 3380 2785 demonstratio
3414 2751 3429 2786 :
3469 2744 3534 2787 ut
3562 2751 3686 2788 cum
3705 2751 3784 2788 su-

2209 2816 2372 2871 dieris
2396 2817 2738 2888 [ra-ralyticum
2760 2817 2900 2874 hunc
2925 2834 3027 2873 non
3052 2821 3236 2875 eodem
3259 2824 3518 2898 modqac
3539 2829 3786 2879 centurio-

2213 2924 2332 2962 nem
2351 2911 2649 2980 suscepisse
2664 2910 3028 2966 advenientem
3053 2915 3352 2980 Dominum,
3376 2933 3565 2987 neque
3585 2917 3785 2982 dixi~se,

2219 2999 2314 3052 Dic
2339 3001 2484 3055 uerbo
2509 3043 2523 3064 ,
2551 3011 2599 3054 et
2625 3004 2884 3057 sanabitur
2910 3021 3034 3073 puer
3053 3023 3188 3059 meus
3217 3011 3234 3076 (
3262 3006 3458 3062 Matth.
3492 3011 3550 3064 8.
3579 3011 3616 3064 8
3643 3013 3681 3074 ),
3701 3029 3786 3064 non

2213 3093 2380 3160 ipsum
2409 3093 2730 3150 infidelitatis
2783 3096 2997 3152 nomine
3051 3097 3415 3164 condemnes,
3461 3103 3786 3171 quandoqui-

2212 3185 2332 3242 dem
2367 3187 2514 3241 illum
2537 3204 2640 3241 non
2673 3189 3054 3259 cognoscebat:
3085 3206 3186 3244 non
3216 3193 3359 3246 enim
3391 3195 3636 3258 sciebat,
3665 3199 3785 3265 quis-

2217 3292 2338 3331 nam
2392 3278 2481 3332 ille
2524 3289 2686 3334 esset.
2712 3279 2779 3333 Et
2816 3280 3082 3350 quomodo
3127 3298 3247 3336 eum
3290 3299 3458 3352 quem
3516 3303 3785 3354 numquam

2215 3368 2437 3434 viderat,
2468 3370 2744 3424 novisset?
2774 3369 3055 3440 Propterea
3092 3372 3299 3426 dicebat
3328 3391 3345 3429 :
3397 3373 3682 3429 Hominem
3706 3396 3785 3428 nos!

2215 3459 2389 3522 habeo,
2412 3461 2497 3530 qui
2525 3461 2685 3513 mittat
2709 3477 2788 3513 me
2813 3462 2864 3514 in
2881 3461 3121 3531 piscinam
3143 3462 3357 3534 (Joann.
3389 3466 3449 3520 5.
3481 3467 3565 3538 7).
3589 3468 3731 3534 Quod
3750 3471 3785 3521 si

2215 3566 2334 3606 eum
2359 3553 2610 3615 novisset,
2646 3551 2882 3620 profecto
2916 3555 3132 3624 piscina:
3159 3571 3218 3609 ae
3245 3557 3637 3615 descensionis
3670 3563 3786 3617 illius

2215 3643 2534 3696 mentionem
2554 3657 2657 3697 non
2681 3645 2913 3710 fecisset,
2932 3645 3023 3699 sed
3050 3661 3114 3701 eo
3140 3647 3296 3701 modo
3321 3652 3512 3704 curari
3537 3653 3786 3721 postuias-

2217 3747 2318 3800 set,
2336 3752 2442 3806 quo
2467 3746 2520 3791 et
2546 3746 2760 3792 curatus
2801 3747 2901 3792 est.
2954 3738 3056 3794 Sed
3107 3741 3323 3809 putabat
3373 3759 3551 3798 unum
3603 3760 3717 3800 esse
3761 3761 3786 3797 ε

2217 3828 2398 3883 multis
2425 3870 2441 3895 ,
2486 3844 2548 3882 ac
2576 3827 2775 3883 nudum
2807 3829 3109 3884 hominem:
3155 3841 3312 3901 atque
3354 3833 3572 3889 idcirco
3605 3838 3787 3889 usitate

2217 3921 2456 3975 meminit
2480 3921 2787 3976 curationis.
2829 3921 3032 3975 Rursus
3061 3932 3233 3976 autem
3270 3922 3478 3977 Christi
3522 3927 3787 3994 provides.

2217 4011 2303 4064 tite
2328 4010 2442 4066 haec
2465 4010 2847 4066 demonstratio
2869 4022 2950 4066 est
2973 4052 2989 4078 ,
3043 4013 3180 4082 quod
3217 4024 3473 4069 curatum
3507 4018 3781 4087 reliquerit,

2216 4117 2388 4172 neque
2423 4101 2472 4156 ei
2509 4116 2624 4156 sese
2653 4101 2978 4172 patefecerit.
3035 4104 3239 4158 Etenim
3281 4120 3351 4160 ne
3400 4111 3782 4176 suspicarentrzr

2214 4193 2402 4257 Judmi,
2426 4192 2752 4247 subdititium
2785 4209 2904 4248 esse
2941 4194 3078 4248 hunc
3106 4203 3313 4260 testem,
3349 4205 3526 4267 atque
3555 4200 3668 4252 base
3691 4199 3782 4251 ideo

2215 4288 2393 4342 dicere
2421 4329 2436 4354 ,
2463 4287 2601 4354 quod
2630 4287 2907 4354 przesentis
2938 4285 3132 4340 Christi
3161 4288 3414 4342 suasione
3443 4301 3776 4346 moveretur.

2217 4381 2360 4434 illius
2388 4381 2683 4449 ignorantia
2711 4389 2765 4433 et
2802 4379 3038 4432 absentia
3081 4377 3276 4433 Christi
3325 4378 3456 4433 huic
3516 4382 3781 4450 suspieiom’

2217 4476 2390 4531 locum
2421 4491 2527 4528 non
2551 4474 2766 4527 dabant.
2796 4472 2966 4542 lnquit
3002 4473 3141 4527 enim
3173 4472 3523 4542 Evangelista
3548 4491 3565 4526 :
3597 4473 3780 4528 Νατιικ

2216 4567 2300 4622 bat
2324 4567 2434 4634 quis
2459 4576 2583 4620 esset
2613 4563 2715 4638 (Ib.
2742 4581 2789 4618 υ.
2823 4565 2932 4636 15).

2286 4655 2341 4708 4.
2375 4653 2576 4706 Idcirco
2597 4667 2738 4717 eum,
2766 4652 2855 4721 qui
2887 4659 3100 4706 curatus
3120 4660 3233 4705 erat
3261 4693 3276 4715 ,
3314 4651 3500 4706 solum
3533 4693 3552 4719 ,
3587 4669 3649 4708 ac
3685 4656 3778 4707 sise

2216 4743 2365 4798 socio
2391 4743 2568 4809 mittit,
2599 4753 2655 4797 ut
2694 4741 3135 4811 quemadmodum
3185 4753 3444 4810 cuperent
3481 4784 3498 4805 ,
3560 4759 3778 4798 seorsum

2217 4835 2528 4890 adhibentes
2555 4875 2570 4899 ,
2613 4834 2982 4889 examinarent
3022 4832 3160 4903 quod
3189 4831 3384 4885 factum
3409 4843 3536 4887 erat
3565 4876 3579 4897 ,
3603 4845 3658 4888 et
3681 4849 3778 4887 cum

2217 4934 2416 4980 certam
2445 4927 2522 4980 rei
2552 4925 3057 4980 demonstrationem
3083 4923 3416 4991 accepissent
3451 4965 3467 4986 ,
3505 4924 3577 4978 ab
3603 4926 3782 4994 impor-

2221 5027 2348 5070 tuno
2374 5015 2550 5070 furore
2576 5024 2866 5070 cessarent.
2912 5013 3193 5084 Propterea
3239 5013 3353 5077 ipse
3404 5014 3630 5082 quidem
3671 5015 3780 5068 nihil

2218 5108 2450 5176 loquitur
2475 5149 2488 5171 ,
2519 5121 2637 5160 eam
2666 5121 2794 5160 vero
2823 5121 2940 5175 quae
2977 5120 3070 5174 per
3099 5119 3185 5157 res
3213 5105 3354 5174 ipsas
3379 5105 3780 5161 fitdemonstrz-

2221 5204 2416 5256 tionem
2441 5201 2518 5255 eis
2552 5201 2789 5270 prmbet:
2840 5214 3050 5268 quoquo
3089 5213 3274 5251 versus
3300 5199 3774 5254 manifestissian

2218 5295 2468 5349 emittens
2487 5306 2693 5356 vocem,
2720 5298 2774 5344 et
2803 5290 2922 5344 tuba
2949 5288 3185 5358 qualibet
3208 5287 3495 5341 clariorem
3551 5290 3625 5343 ita
3654 5293 3772 5342 enisa

2220 5386 2345 5441 nulli
2372 5386 2478 5454 jam
2507 5383 2794 5453 suspicioni
2815 5383 2915 5436 erit
2941 5380 3223 5433 obnoxium
3248 5379 3618 5432 testimonium
3647 5378 3768 5432 illud.

2221 5481 2320 5547 Qui
2341 5495 2420 5532 me
2444 5492 2621 5530 sanum
2642 5474 2774 5543 fecit,
2799 5475 2885 5528 ille
2908 5471 3029 5525 mihi
3047 5472 3201 5532 dixit,
3222 5471 3359 5526 Tolle
3374 5468 3644 5540 grabatum
3659 5482 3771 5520 tua

2216 5580 2263 5623 et
2313 5568 2515 5621 ambula
2553 5565 2676 5637 (Id.
2711 5582 2758 5619 υ.
2791 5563 2907 5633 11).
2959 5560 3280 5630 Paralyticus
3324 5558 3382 5612 ﬁt
3418 5559 3730 5628 evangelii:
3755 5595 3767 5614 ,

2221 5656 2800 5729 magisterinfidelium,
2826 5653 3059 5707 medicus
3087 5663 3139 5706 et
3166 5665 3338 5719 praeco
3364 5650 3430 5702 ad
3463 5649 3674 5702 illorum
3691 5647 3766 5698 de-

2222 5755 2383 5810 decus
2405 5763 2459 5808 et
2501 5749 2995 5806 condemnationem
3020 5784 3037 5814 ,
3069 5742 3306 5798 medicus
3334 5756 3444 5797 non
3477 5755 3615 5798 voce
3641 5783 3657 5806 ,
3687 5737 3764 5793 sed
