3868 6246
101 352 238 415 807

98 481 229 532 καὶ
258 477 439 550 τρίτον
483 480 674 542 εἰπεῖν,
719 479 828 532 τῶν
862 485 1164 555 εἰρημένων
1193 488 1294 541 οὑκ
1329 489 1568 544 ἔλαττον.
1601 491 1717 544 Ἵνα

867 364 956 418 DE
996 367 1271 425 CHRISTI
1312 370 1730 451 DIVINITATE,
1771 377 2042 437 CONTRA
2084 385 2465 447 ANOMOEOS.
2507 394 2621 449 ΧΙΙ.

3298 409 3399 466 808

1824 495 1966 551 οὓτω
1993 501 2084 554 καί
2105 496 2273 567 οὗτος.
2304 506 2426 571 Πῶς
2457 508 2514 561 δέ
2549 511 2755 576 ἐκεῖνος
2791 515 3200 586 συνελογίσατο;
3244 524 3398 578 Ἕλε-

95 572 243 644 γὰρ
295 573 495 644 μάθῃς,
546 575 627 627 ὅτι
691 575 790 629 οὑκ
832 577 1147 649 ἀνθρωπίνη
1195 583 1380 654 τέχνη,
1418 583 1551 637 ἀλλά
1599 585 1718 639 θεία
1823 597 1915 664 γον
1938 585 2105 664 αὑτῷ,
2127 587 2208 640 ὅτι
2251 588 2436 656 Οὗτος
2465 596 2497 646 ὀ
2525 572 2835 664 ἄνθρωπος
2856 572 3400 663 οὺκιὲστιτίέκ-τοῦ

92 662 359 736 δύναμις
387 666 450 719 16
505 669 612 720 πᾶν
665 669 974 739 εἰργάσατο,
1031 673 1314 728 ἐκέλευσεν
1351 675 1498 747 αὑτῷ
1529 677 1716 747 φέρειν

88 756 229 827 τὴν
263 759 472 827 κλίνην,
505 761 605 832 τῆς
625 760 860 832 ἀληθοῦς
898 767 991 819 καὶ
1027 767 1352 838 εἰλικρινοῦς
1381 769 1589 837 ὑγιείας
1621 788 1718 840 με·

87 853 328 922 για-την
355 854 506 927 [552]
535 857 786 928 παρέχων
813 858 1085 923 ἀπόδειξιν
1102 861 1195 912 καὶ
1223 861 1392 931 σαφῆ,
1426 863 1512 915 ’ίνα
1541 864 1614 936 μή
1635 881 1718 926 τις

79 943 238 998 τῶν
273 946 608 1018 βλασφήμων
645 949 870 1003 ἐκείνων
898 950 1052 1022 λέγῃ,
1083 953 1164 1005 ὅτι
1192 955 1716 1026 συνυποκρινόμενος

81 1035 122 1088 ὁ
160 1041 553 1108 παραλυτικὸς
577 1043 672 1096 καὶ
699 1042 776 1114 τῷ
812 1043 1032 1116 Χριστῷ
1065 1045 1446 1118 χαριζόμενος,
1477 1050 1717 1120 ἐσχημα-

76 1126 312 1184 τὶσατο
343 1130 547 1202 βάδισιν
569 1134 751 1205 ψιλήν.

172 1275 296 1329 Διά
331 1276 489 1331 τοῦτο
543 1279 637 1332 καὶ
681 1279 900 1352 φορτίον
933 1282 1024 1334 ἐπὶ
1061 1282 1181 1335 ’τῶν
1211 1282 1376 1353 ὤμων
1405 1283 1570 1339 αὑτοῦ
1621 1303 1714 1339 κε-

70 1365 270 1421 λεύει
325 1371 531 1440 φέρειν.
590 1372 653 1423 Εἰ
684 1373 793 1443 γὰρ
828 1372 902 1444 μὴ
933 1369 1000 1444 ἦν
1037 1376 1324 1446 πεπηγότα
1350 1377 1498 1447 αὐτῷ
1529 1377 1714 1441 καλῶς

70 1459 163 1512 τὰ
210 1460 382 1533 μέλη,
431 1463 527 1516 καὶ
581 1463 648 1516 τὰ
691 1463 870 1536 ἄρθρα
909 1467 1200 1542 σφιγέντα,
1229 1469 1329 1522 οὑκ
1375 1468 1441 1522 ἂν
1467 1468 1709 1540 ήδυνήθη

71 1549 396 1619 βαστάσαι
442 1554 698 1608 τοσοῦτον
734 1556 896 1624 δγκον
927 1559 1020 1610 ἐπὶ
1051 1559 1160 1613 τῶν
1197 1557 1384 1630 ὤμων.
1427 1559 1550 1616 Καί
1573 1565 1711 1635 πρὸς

63 1644 336 1709 τούτοις
363 1647 419 1700 δέ
449 1650 621 1702 ἅπασι
639 1650 1160 1716 κάκεῖνοέδείκνυτο,
1193 1654 1274 1706 ὅτι
1308 1654 1398 1724 ὑφ’
1423 1655 1482 1709 ἐν
1495 1657 1712 1712 ἅπαντα

61 1739 354 1807 γίνεται,
408 1740 537 1796 ὅταν
595 1743 622 1795 6
653 1743 888 1811 Χριστὸς
941 1745 1270 1818 προστάττῃ,
1295 1749 1390 1800 καὶ
1418 1749 1707 1822 ἀπαλλαγὴ

58 1834 298 1897 νόσου,
346 1837 441 1889 καὶ
481 1834 692 1903 ὑγιείας
723 1835 999 1900 ἐπάνοδος.
1042 1839 1105 1892 Οί
1139 1840 1236 1909 μὲν
1262 1843 1371 1910 γὰρ
1401 1842 1576 1914 ἰατροί¹
1605 1845 1710 1899 κᾶν

56 1931 472 1996 ἀπαλλάξωσι
519 1931 864 2002 νοσημάτων,
906 1931 1020 1983 ἀλλ’
1067 1931 1156 2000 ὑφ’
1211 1933 1270 1986 ἐν
1315 1935 1451 2007 πρὸς
1497 1936 1708 2006 ὑγίειαν

54 2026 488 2095 ἐπαναγαγεῖν
530 2023 620 2076 τὸν
668 2024 1054 2095 ἀρρωστοῦντα
1101 2026 1200 2080 οὑκ
1256 2027 1546 2097 ἰσχύουσιν,
1590 2029 1708 2083 ἀλλ’

51 2118 299 2192 ἐτέρου
324 2121 537 2172 δέονται
596 2116 811 2190 μακροῦ
851 2119 1067 2188 χρόνου,
1102 2119 1194 2172 τοῦ
1230 2120 1331 2190 τῆς
1363 2117 1705 2193 ἀναλήψεως,

49 2211 244 2266 ὥστε
265 2213 344 2266 τά
361 2212 590 2282 λείψανα
615 2212 716 2282 τῆς
744 2212 1054 2283 ἀρρωστίας
1097 2213 1239 2266 κατὰ
1277 2216 1472 2286 μικρὸν
1506 2217 1708 2282 ἀποξύ-

51 2324 174 2359 σαι
211 2305 325 2359 τοῦ
359 2304 610 2368 σώματος
663 2304 756 2356 καὶ
815 2303 1087 2358 ἐκϐαλεῖν.
1133 2305 1192 2357 Ὀ
1231 2305 1286 2359 δὲ
1333 2307 1568 2378 Χριστὸς
1605 2311 1707 2380 οὑχ

46 2399 301 2462 οὕτως,
345 2397 462 2451 ἀλλ’
490 2398 547 2449 ἐν
575 2398 672 2467 μιᾷ
705 2395 901 2466 καιροῦ
944 2399 1083 2468 ῥοπῇ
1131 2397 1228 2450 καὶ
1267 2399 1366 2469 τῆς
1395 2401 1706 2470 ἀρρωστίας

43 2490 416 2562 ἀπήλλαξε,
446 2490 540 2543 καὶ
572 2489 671 2559 τὴν
702 2488 913 2556 ὑγίειαν
948 2490 1282 2560 ἐπανήγαγε,
1313 2492 1409 2545 καὶ
1434 2492 1596 2561 μέσος
1623 2495 1708 2547 06-

43 2582 195 2646 δεὶς
238 2584 474 2652 ἐγένετο
503 2582 716 2653 χρόνος,
745 2581 858 2634 ἀλλ’
886 2582 1005 2652 ἅμα
1026 2583 1125 2652 τῆς
1153 2584 1315 2651 ἁγίας
1343 2583 1590 2657 γλώττης
1627 2585 1706 2652 ἐξ-

43 2678 388 2748 επήδησεν
414 2678 448 2748 ή
477 2675 597 2746 ἱερά
625 2674 808 2746 ἐκείνη
839 2675 1012 2746 φωνὴ,
1043 2676 1138 2728 καὶ
1163 2677 1223 2728 τὸ
1252 2675 1466 2748 νόσημα
1491 2679 1583 2731 τοῦ
1604 2680 1708 2732 σώ-

47 2788 274 2842 ματος
303 2770 661 2842 ἐδραπέτευε,
697 2771 792 2824 καὶ
826 2772 854 2823 6
893 2770 1050 2839 λόγος
1081 2770 1240 2841 ἔργον
1275 2772 1509 2840 ἐγένετο,
1541 2774 1637 2827 καὶ
1671 2777 1703 2846 ή

40 2864 397 2934 ἀρῥωστία
425 2863 572 2916 πᾶσα
599 2862 866 2918 πάντοθεν
901 2864 1284 2936 ἐθεραπεύετο.
1318 2867 1428 2919 Καὶ
1453 2867 1706 2940 καθάπερ

39 2957 418 3028 θεράπαινά
449 2973 531 3020 τις
566 2955 968 3020 στασιάζουσα,
1019 2956 1240 3010 ἐπειδάν
1275 2957 1359 3028 ίδῃ
1393 2957 1484 3012 τὸν
1504 2960 1706 3032 ἑαυτῆς

36 3050 401 3122 δεσπότην,
439 3051 806 3113 συστέλλεται,
839 3052 932 3104 καὶ
964 3053 1098 3124 πρὸς
1137 3057 1388 3121 εὐταξίαν
1412 3055 1510 3126 τὴν
1544 3073 1707 3128 προσ·

37 3145 217 3215 ήκου
230 3160 348 3196 σαν
381 3143 738 3214 ἐπανέρχεται
757 3161 773 3174 ο
797 3142 939 3198 οὕτω
959 3147 1053 3198 καὶ
1082 3148 1114 3218 ή
1139 3147 1302 3217 φύσις
1326 3147 1419 3202 τοῦ
1451 3149 1706 3219 σώματος

33 3241 368 3312 καθάπερ
423 3241 726 3312 θεράπαινά
772 3260 855 3306 τις
906 3243 1026 3296 τότε
1079 3245 1438 3312 στασιάσασα,
1480 3247 1575 3299 καὶ
1606 3246 1704 3319 τὴν

35 3337 340 3405 πάρεσιν
400 3334 776 3405 ἐργασαμένη,
830 3336 1016 3408 ἐπειδὴ
1049 3336 1137 3390 τὸν
1177 3338 1452 3410 Δεσπότην
1479 3335 1587 3392 εἶδε
1610 3340 1704 3393 τὸν

33 3427 301 3496 ἑαυτῆς
349 3429 822 3498 παραγενόμενον,
876 3430 1010 3502 πρὸς
1034 3430 1134 3502 τὴν
1171 3432 1380 3485 οἰκείαν
1402 3433 1704 3505 ἐπανῆλθεν

29 3518 387 3584 εὐταξίαν,
425 3518 647 3571 καὶτὸν
700 3517 976 3590 πρέποντα
1027 3523 1232 3593 κόσμον
1284 3523 1535 3579 ἀνέλαϐε.
1593 3528 1703 3580 Καὶ

27 3611 268 3666 ταῦτα
303 3609 495 3663 πάντα
529 3611 561 3681 ἡ
612 3613 763 3682 φωνὴ
795 3613 1121 3683 εἰργάσατοο
1161 3616 1222 3668 06
1255 3616 1364 3688 γὰρ
1383 3613 1449 3689 ἦν
1474 3618 1606 3687 ψιλὰ
1633 3617 1704 3672 τά

29 3711 349 3779 ῥήματα,
411 3705 547 3759 ἀλλὰ
598 3709 818 3778 ῥήματα
870 3709 1026 3773 Θεοῦ,
1080 3712 1208 3781 περὶ
1247 3706 1322 3765 ὧν
1373 3731 1558 3785 φησιν,
1619 3715 1702 3767 ὅτι

42 3799 356 3870 Ἰσχυρὰ
388 3799 532 3868 ἔργα
583 3801 782 3868 λόγων
821 3805 1028 3857 αὑτοῦ.
1071 3805 1132 3857 Εἰ
1167 3805 1275 3878 γὰρ
1315 3808 1416 3862 οὑκ
1441 3808 1570 3862 ὄντα
1609 3809 1702 3863 ἄν·

26 3895 320 3964 θρωπον
346 3891 592 3963 ἐποίησε,
622 3891 799 3963 πολλῷ
823 3894 1022 3963 μᾶλλον
1036 3896 1382 3968 σαθρωθέντα
1411 3903 1503 3954 καὶ
1523 3902 1704 3956 διαλυ-

22 3986 250 4042 θέντα
303 3983 474 4038 πάλιν
507 3985 922 4058 ἐπανὼρθωσεν.

128 4129 452 4187 Ἐνταῦθα
465 4130 636 4202 ἡδέως
651 4133 716 4188 ἂν
730 4133 958 4205 ἐροίμην
973 4135 1099 4198 τοὺς
1115 4135 1698 4210 πολυπραγμονοῦντας

15 4227 145 4284 τοῦ
200 4226 374 4280 Θεοῦ
401 4227 501 4298 τὴν
531 4228 740 4291 οὑσίαν,
786 4227 903 4293 πῶς
943 4230 1170 4300 συνῆλθε
1206 4233 1276 4285 τὰ
1312 4234 1449 4306 μέλη
1479 4237 1695 4304 ἐκεῖνα;

11 4323 179 4384 πῶς
225 4319 549 4387 ὲσφίγγετο
593 4319 661 4372 τὰ
689 4320 859 4387 ὁστᾶ;
906 4321 1023 4385 πῶς
1051 4325 1079 4376 ό
1107 4324 1260 4388 τόνος
1284 4327 1386 4396 τῆς
1416 4329 1650 4401 γαστρὸς
1670 4333 1698 4384 ὁ

13 4412 486 4481 διαλελυμένος
526 4411 864 4483 ὲῤῥώννυτο;
907 4415 1022 4479 πῶς
1050 4415 1120 4469 τὰ
1152 4417 1497 4488 χαλασθέντα
1527 4421 1696 4493 νεῦρα

13 4508 247 4560 πάλιν
284 4503 585 4567 ἐτείνοντο,
600 4504 694 4558 καὶ
715 4506 748 4575 ή
772 4507 1172 4578 καταϐληθείσα
1193 4509 1423 4582 δύναμις
1442 4515 1699 4569 ἀνίστατο

15 4602 140 4655 καὶ
187 4595 581 4667 ἀνωρθοῦτο;
627 4597 766 4652 Ἀλλ’
797 4599 896 4652 οὐκ
945 4601 1011 4652 ἂν
1049 4601 1223 4673 ἔχοιεν
1250 4605 1312 4659 τὸ
1348 4607 1464 4671 πῶς
1498 4610 1693 4665 εἰπεῖν.

12 4690 302 4748 Οὐκοῦν
338 4687 596 4758 θαύμαζε
645 4691 705 4744 τὸ
753 4695 1116 4764 γεγενημένον
1139 4697 1318 4767 μόνον,
1354 4700 1428 4770 μὴ
1477 4719 1694 4774 περιερ-

12 4784 250 4855 γάςου
284 4780 394 4832 τὸν
419 4780 640 4850 τρόπον.
686 4782 902 4855 Ἐπειδὴ
952 4787 1130 4839 τοίνυν
1177 4790 1399 4860 ἐποίησε
1430 4793 1492 4845 16
1529 4813 1695 4866 προσ-

10 4876 308 4948 ταχθὲν,
347 4872 448 4925 καὶ
472 4873 570 4943 τὴν
599 4875 786 4946 κλίνην
814 4877 1029 4941 ἐλαϐεν,
1057 4881 1254 4947 ἰδόντες
1280 4886 1443 4941 αὐτὸν
1466 4889 1515 4940 οί
1563 4890 1694 4942 Ἰου-

5 4975 224 5035 δαῖοι,
251 4967 494 5034 λέγουσι
518 4983 532 4996 ο
565 4966 866 5022 Σάϐϐατόν
898 4971 1052 5036 ἐστι,
1086 4975 1186 5028 καί
1218 4979 1330 5031 οὐκ
1353 4979 1557 5044 ἔξεστί
1593 4997 1694 5036 σοι

6 5067 190 5139 ἆραι
213 5065 356 5120 τὸν·
391 5062 722 5131 κράϐϐατον
742 5067 812 5120 ἐν
835 5069 1130 5138 σαϐϐάτῳ.
1154 5073 1283 5127 Δέον
1313 5079 1692 5150 προσκυνῆσαι

4 5172 124 5224 τὸν
164 5161 612 5236 ἐργασάμενον,
641 5162 758 5216 δέον
789 5165 1062 5236 θαυμάσαι
1093 5172 1154 5223 16
1172 5175 1694 5244 γεγενημένον,οἰδέ

3 5280 93 5314 πε
108 5262 180 5331 ph
236 5255 536 5310 σαϐϐάτου
582 5255 935 5325 διαλέγονται,
983 5262 1199 5333 άληθῶς
1241 5267 1289 5318 οί
1336 5267 1426 5321 τὸν
1457 5268 1694 5324 κώνωπα

0 5350 446 5413 διυλίζοντες,
497 5349 592 5432 καὶ
624 5350 722 5420 τὴν
759 5349 1004 5423 κάμηλον
1049 5358 1464 5424 καταπίνοντες.
1502 5362 1567 5415 Τί
1599 5361 1691 5419 οῦν

0 5448 334 5506 ὲκεῖνος;
391 5439 446 5491 Ὀ
478 5440 742 5509 ποιήσας
786 5461 864 5513 με
894 5447 1057 5515 ὑγιῆ,
1087 5450 1317 5519 ἐκεῖνός
1355 5473 1456 5523 μοι
1497 5454 1687 5519 εἶπεν,

1 5537 263 5609 τΑρον
317 5533 436 5588 τὸν
464 5533 798 5602 κράϐϐατόν
825 5555 960 5607 σου,
1009 5542 1108 5596 καὶ
1155 5549 1480 5614 περιπάτει.
1529 5553 1690 5625 Ὁρᾷς

0 5625 521 5701 εὐγνωμοσύνην
581 5629 906 5700 ἀνθρώπου;
953 5635 1208 5707 ὁμολογεῖ
1236 5641 1327 5695 τὸν
1363 5645 1567 5715 ἰατρὸν,
1596 5650 1690 5702 καὶ

0 5720 408 5793 ἀξιόπιστόν
436 5737 602 5792 φησιν
644 5719 781 5777 εἶναι
825 5725 920 5778 τοῦ
959 5733 1378 5804 προστάγματος
1406 5737 1497 5791 τὸν
1524 5758 1686 5813 νομο-

3 5821 221 5889 θέτην
247 5830 276 5845 ⁸
329 5813 433 5868 καὶ
485 5811 677 5887 ὥσπερ
728 5818 926 5883 αὐτοὺς
964 5822 994 5874 6
1021 5823 1222 5893 τυφλὸς
1281 5811 1680 5906 συνελογίσατο,

1825 663 1993 729 Θεοῦ,
2019 665 2108 718 ὅτι
2155 667 2222 719 τό
2266 669 2568 726 σάϐϐατον
2599 677 2670 728 οὺ
2711 663 2888 744 τηρεῖ.
2941 681 3004 734 Τί
3034 679 3124 737 οὖν
3157 686 3398 752 ἐκεῖνοςς

1823 744 2096 829 Οίδαμεν,
2117 751 2299 821 φησὶν,
2323 753 2409 806 ὅτι
2425 755 2784 825 ἁμαρτωλῶν
2805 764 2836 814 ό
2866 763 3006 829 Θεὸς
3029 768 3138 819 οὐκ
3175 744 3397 824 dicatis};

1819 824 2102 922 οὗτος-δε
2132 833 2338 901 ἤνοιξέ
2351 824 2469 906 μού
2500 840 2642 909 τσὺς
2664 824 3028 913 ὀφθαλμούξ.
3071 851 3135 901 ’Ὀ
3168 852 3223 904 δὲ
3254 853 3398 922 λέγει

1815 913 2056 1004 τοιοῦτόν
2088 917 2267 1004 ἐστιν·
2295 922 2355 973 Εἰ
2373 923 2586 994 παρέϐη
2621 925 2714 978 τὸν
2740 927 2928 996 νόμον,
2959 923 3206 1004 ἥμαρτεν
3226 954 3238 966 ·
3264 913 3398 991 εἰΙδὲ

1816 994 2084 1068 ἥμαρτεν,
2115 1001 2213 1055 οὑκ
2231 1003 2296 1057 ἂν
2315 1006 2568 1060 τοσοῦτον
2587 994 2837 1078 ἴσχυσεν·
2857 994 3108 1085 ἔνθαγάρ
3129 1019 3396 1089 ἁμαρτία,

2092 1083 2373 1156 δυνάμεως
2409 1089 2508 1142 οὐκ
2540 1089 2687 1144 ἔστιν
2706 1107 2720 1120 ο
2749 1093 2884 1148 ἀλλά
2913 1079 3017 1167 μὲν
3035 1079 3266 1168 ἴσχυσενξ
3299 1079 3399 1156 οὑκ

1982 1165 2090 1235 ἄρα
2111 1168 2324 1241 ἥμαρτε
2347 1174 2600 1243 παραϐάς
2620 1175 2711 1228 τὸν
2735 1161 2924 1246 νόμον..
2944 1161 3208 1236 Οὕτω-καί
3243 1161 3399 1248 οὗτος

1817 1247 2204 1318 συλλογίζεται.
2239 1255 2311 1307 Τὸ
2362 1255 2471 1328 γὰρ
2527 1261 2722 1321 εἰπεῖν,
2753 1261 2816 1314 ‘0
2860 1264 3124 1331 ποιήσας
3139 1284 3216 1334 με
3236 1247 3395 1337 ὑγιῆ,

1812 1339 1970 1394 τοῦτο
2024 1344 2262 1414 ᾐνίξατο,
2319 1349 2400 1401 ὅτι
2445 1351 2492 1403 εἰ
2539 1346 2690 1416 οὗτός
2721 1354 2866 1406 ἐστιν
2918 1356 2947 1407 6
2993 1358 3398 1434 ἐπιδειξάμενος

1811 1424 2058 1498 δύναμιν,
2103 1429 2178 1492 ὡς
2236 1433 2335 1485 οὑκ
2362 1433 2426 1486 ἂν
2463 1433 2548 1504 εἴη
2589 1435 2795 1500 δίκαιος
2825 1442 3166 1511 παρανομίας
3202 1424 3398 1514 ἐγκλή-

1813 1525 1979 1578 μασιν
2018 1511 2313 1579 ὑπεύθυνος
2347 1516 2610 1584 γίνεσθαι.
2645 1518 2710 1572 Τί
2740 1517 2831 1574 οὖν
2859 1518 3038 1589 οὑτοι;
3080 1527 3202 1579 Ποῦ
3227 1511 3398 1580 ἐστιν·

1812 1596 1846 1646 ό
1871 1593 2223 1663 ἇιυθρωποςό
2241 1599 2425 1653 εἰπών
2439 1617 2558 1665 σοι,
2574 1599 2754 1673 Ἆρον
2777 1607 2883 1660 τὸν
2903 1607 3233 1676 κράϐϐατόν
3257 1628 3394 1673 σου,

1811 1678 1908 1730 καί
1934 1679 2269 1746 περιπάτει;
2299 1684 2443 1756 Ὅρα
2470 1685 2566 1756 τὴν
2596 1689 2990 1761 ἀγνωμοσύνην
3013 1695 3105 1746 καὶ
3128 1694 3224 1766 τὴν
3256 1697 3390 1751 ἁναι·

1812 1759 2059 1832 σθησίαν,
2089 1765 2189 1836 ὅρα
2213 1766 2389 1840 ψυχὴν
2414 1767 2732 1837 ἀλαζονείας
2755 1759 3056 1845 γέμουσαν.

1883 1907 1945 1990 OE
1969 1907 2076 1978 γάρ
2105 1909 2211 1963 τῶν
2260 1912 2598 1980 φθονούντων
2641 1917 2908 1988 ὀφθαλμοὶ
2934 1921 3082 1988 ὑγιὲς
3111 1923 3207 1990 μὲν
3244 1924 3394 1978 οὐδὲν

1811 1987 2120 2074 βλέπουσιν,
2170 1993 2292 2047 ὅθεν
2338 1995 2395 2048 δὲ
2452 1998 2569 2051 ἔστι
2599 1999 2766 2072 λαϐήν
2802 1987 2988 2071 εὑρεῖν
3017 1987 3199 2074 μόνον.
3236 2007 3394 2058 Οὕτω

1808 2072 1902 2123 καὶ
1925 2066 2094 2137 οὗτοι,
2133 2077 2224 2129 τοῦ
2249 2076 2683 2149 θεραπευθέντος
2711 2085 2996 2156 ἀμφότερα
3027 2087 3392 2158 ὁμολογήσανο

1807 2171 1918 2218 τος,
1957 2158 2050 2209 καὶ
2082 2157 2163 2211 ὅτι
2192 2158 2550 2232 ἐθεράπευσε,
2584 2165 2679 2218 καὶ
2713 2166 2794 2218 ὅτι
2821 2167 3105 2222 ἐκέλευσεν
3137 2157 3268 2242 ἆραι
3293 2171 3392 2243 τὴν

1807 2240 2018 2310 κλίνην,
2059 2241 2121 2294 τὸ
2162 2245 2259 2313 μὲν
2290 2246 2638 2317 ἀπέκρυψαν,
2669 2249 2730 2302 16
2765 2250 2821 2302 δέ
2856 2247 3039 2306 εἷπονο
3069 2240 3393 2328 ἀπέκρυψαν

1811 2322 1909 2393 μὲν
1951 2325 2012 2376 16
2057 2324 2263 2396 θαῦμα,
2295 2330 2694 2400 προϐάλλονται
2735 2333 2792 2385 δέ
2834 2336 2931 2407 τὴν
2977 2337 3071 2391 τοῦ
3123 2322 3392 2396 σαϐϐάτου

1807 2408 2133 2494 παράλυσιν.
2187 2413 2260 2464 U6
2315 2413 2423 2484 γὰρ
2464 2410 2617 2468 εἶπον
2641 2428 2654 2441 ⁶
2701 2417 2814 2470 Ποῦ
2839 2418 2987 2473 ἐστιν
3011 2423 3039 2474 6
3066 2426 3299 2494 ποιήσας
3334 2443 3393 2478 σε

1808 2490 1974 2560 ὑγιῆς
2006 2492 2140 2545 ἀλλά
2198 2497 2523 2566 σιγήσαντες
2573 2500 2770 2565 ἐκεῖνο,
2811 2498 2985 2570 εἷπον,
3013 2505 3138 2558 Ποῦ
3160 2490 3332 2560 ἔστιν
3361 2511 3394 2562 ό

1805 2575 1990 2628 εἰπών
2013 2592 2134 2639 σοι,
2160 2574 2348 2646 *Αρον
2383 2581 2492 2633 τὸν
2512 2581 2844 2649 κράϐϐατόν
2868 2603 3004 2651 σου,
3027 2589 3128 2640 καί
3160 2590 3354 2660 ὕπαγε
3374 2608 3392 2654 ;

1809 2656 2000 2726 Οὗτος
2044 2661 2114 2714 δὲ
2156 2666 2268 2716 οὐκ
2315 2663 2447 2734 ᾔδει
2473 2683 2488 2697 ο
2538 2669 2572 2719 ὀ
2621 2667 2732 2736 γὰρ
2766 2670 3005 2736 Ἰησοῦς
3045 2656 3389 2739 ἐξένευσεν,

1805 2741 1996 2810 ὄχλου
2019 2745 2194 2812 ὄντος
2226 2748 2297 2800 ἐν
2319 2746 2400 2812 τῷ
2427 2750 2608 2814 τόπῳ.
2668 2751 2838 2806 Τοῦτο
2876 2754 3141 2823 ἀπολογία
3175 2756 3269 2810 τοῦ
3299 2759 3393 2814 ἀν-

1807 2827 2025 2897 θρώπου
2046 2831 2307 2901 μεγίστη,
2330 2832 2488 2886 τοῦτο
2519 2834 2620 2905 τῆς
2652 2835 2748 2888 τοῦ
2779 2837 3016 2908 Χριστοῦ
3066 2840 3390 2910 κηδεμονίας

1806 2911 2080 2977 ἀπόδειξις
2100 2929 2112 2940 ·
2150 2915 2236 2982 ἵν’,
2259 2917 2388 2969 ὅταν
2427 2917 2689 2991 ἀκούσῃς,
2713 2919 2794 2972 ὄτι
2825 2921 3266 2992 παραγενόμενον
3292 2924 3392 2980 αὑ-

1804 2995 1896 3048 τὸν
1911 2997 2009 3067 οὑχ
2027 2999 2227 3068 ὁμοίως
2253 2999 2544 3066 ὑπεδέξατο
2559 3001 2636 3072 τῷ
2658 3003 3057 3077 ἑκατοντάρχῃ,
3072 3007 3191 3060 οὑδέ
3215 3003 3384 3072 εἶπεν,

1805 3080 1887 3132 ὅτι
1908 3081 2054 3134 Εἰπὲ
2085 3084 2273 3152 λόγον
2305 3096 2354 3148 α,
2389 3084 2488 3138 καὶ
2519 3084 2826 3151 ἰαθήσεται
2878 3090 2910 3141 ὀ
2958 3089 3097 3160 παῖς
3138 3108 3278 3159 μου,
3313 3091 3392 3163 μὴ

1807 3168 2191 3240 κατηγορήσῃς
2221 3167 2384 3221 αὑτοῦ
2419 3170 2699 3234 ἀπιστίαν,
2729 3171 2885 3242 εἴπερ
2917 3171 3016 3224 οὑκ
3044 3171 3158 3243 ⁴ᾔδει
3187 3173 3350 3227 αὑτόν
3372 3191 3385 3205 ·

1805 3249 1923 3301 οὑδέ
1959 3250 2067 3320 γὰρ
2096 3251 2216 3321 ᾔδει
2245 3252 2393 3316 ὅστις
2425 3253 2555 3306 ποτέ
2579 3248 2667 3324 ἦν.
2702 3253 2826 3318 Πῶς
2857 3256 2965 3326 γὰρ
2999 3257 3160 3310 αὑτὸν
3191 3256 3388 3312 οὑποτε

1806 3332 2022 3404 πρῶτον
2050 3335 2173 3390 ἰδὼν
2211 3337 2514 3408 ἡπίστατο;
2547 3338 2647 3391 Διὰ
2673 3339 2832 3392 τοῦτο
2869 3339 3073 3410 ἔλεγεν,
3113 3344 3234 3395 Οὐκ
3269 3341 3389 3412 ἔχω

1803 3418 2139 3490 ἄνθρωπον,
2189 3421 2289 3473 ἵνα
2333 3421 2504 3490 βάλῃ
2545 3440 2622 3494 με
2651 3425 2739 3488 είς
2769 3422 2883 3490 τὴν
2924 3424 3384 3493 κολυμϐήθραν·

1801 3505 1897 3568 ὼς,
1933 3507 1980 3558 εἰ
2018 3505 2137 3576 ᾔδει
2183 3506 2368 3570 αὑτὸν,
2406 3508 2508 3560 οὑκ
2559 3509 2624 3561 ἂν
2679 3508 3067 3580 κολυμϐήθρας
3117 3511 3385 3581 ἐμνήσθη,

1802 3589 1926 3642 οὑδέ
1974 3589 2072 3658 τῆς
2131 3591 2247 3642 ἐκεῖ
2299 3590 2680 3655 καταϐάσεως,
2735 3591 2849 3644 ἀλλ’
2889 3591 3062 3656 οὑτως
3093 3593 3159 3646 ἂν
3187 3593 3385 3662 ἠξίωσε

1804 3671 2225 3743 θεραπευθῆναι,
2255 3674 2330 3736 ὡς
2351 3677 2444 3728 καὶ
2467 3675 2830 3746 ἐθεραπεύθη.
2857 3675 2994 3728 Ἀλλ’
3020 3676 3266 3747 ἐνόμισεν
3290 3675 3388 3731 ἕνα

1802 3755 1911 3808 τῶν
1943 3755 2152 3808 πολλῶν
2180 3757 2339 3809 αὑτὸν
2363 3753 2524 3820 εἰναι,
2547 3759 2640 3811 καὶ
2667 3760 2953 3829 ἄνθρωπον
2982 3759 3156 3827 ψιλὸν,
3181 3760 3273 3812 καὶ
3288 3758 3387 3833 ,διὰ

1803 3838 1961 3891 τοῦτο
1985 3839 2083 3909 τῆς
2134 3840 2404 3911 προτέρας
2436 3843 2680 3912 ἐμνήσθη
2722 3842 3039 3914 θεραπείας.
3089 3841 3386 3907 Ἀπόδειξις

1801 3920 1856 3973 δέ
1890 3922 1990 3990 τῆς
2029 3922 2122 3974 τοῦ
2178 3923 2414 3993 Χριστοῦ
2469 3925 2814 3995 κηδεμονίας,
2867 3927 3028 3979 πάλιν
3067 3927 3385 3980 καταλιπεῖν

1801 4007 1892 4058 τὸν
1923 4005 2161 4070 ἰαθέντα,
2195 4009 2288 4058 καὶ
2310 4007 2384 4079 μὴ
2412 4009 2751 4079 καταστῆσαι
2783 4010 2976 4081 ἐκείνῳ
2995 4009 3147 4081 δῆλον
3168 4012 3382 4066 ἑαυτόν.

1803 4090 1921 4142 Ἴνα
1955 4091 2060 4159 γὰρ
2090 4089 2164 4160 μὴ
2220 4090 2640 4146 ὑποπτεύσωσιν
2671 4096 2720 4146 οἱ
2777 4095 3044 4157 Ἰουδαῖοι,
3070 4096 3150 4148 ὅτι
3181 4095 3382 4148 ὑποδο-

1801 4173 2016 4242 λιμαῖος
2045 4171 2112 4244 ἦν
2136 4165 2290 4237 οὗτος
2316 4176 2345 4227 6
2373 4175 2600 4247 μάρτυς,
2619 4178 2713 4230 καὶ
2737 4176 2830 4229 τοῦ
2854 4176 3091 4248 Χριστοῦ
3121 4179 3384 4250 παρόντος

1802 4257 1894 4310 καὶ
1940 4257 2220 4321 πείθοντος
2253 4259 2417 4313 αὑτὸν
2455 4260 2615 4313 τοῦτο
2645 4261 2851 4330 ἔλεγεν,
2887 4263 3079 4330 ἄγνοια
3102 4265 3194 4315 καὶ
3225 4263 3286 4316 16
3309 4261 3384 4335 μή

1801 4345 2053 4413 παρεῖναι
2093 4341 2297 4413 ταύτην
2339 4342 2532 4415 ἀνῄρει
2585 4345 2684 4416 τὴν
2733 4345 2999 4414 ὑποψίαν·
3057 4342 3179 4399 εἷπε
3221 4345 3330 4417 γὰρ
3355 4348 3393 4403 ὁ,

1801 4426 2215 4497 εὑαγγελιοτής,
2241 4427 2324 4479 ὅτι
2351 4428 2475 4480 Οὐκ
2517 4426 2648 4497 ᾔδει
2676 4428 2865 4482 αὐτὸν
2889 4433 2981 4496 τίς
3009 4431 3161 4484 ἐστι.

1868 4568 1932 4622 δ’.
1951 4569 2050 4622 Διὰ
2065 4570 2222 4622 τοῦτο
2242 4570 2400 4640 μόνον
2419 4571 2513 4623 καὶ
2536 4570 2656 4624 καθ’
2680 4572 2868 4625 ἐαυτὸν
2887 4573 3094 4644 πέμπει
3120 4574 3209 4628 τὸν
3228 4575 3380 4629 τεθε-

1804 4652 2168 4722 ραπευμένον,
2191 4652 2278 4705 ἵνα
2305 4652 2380 4716 ὡς
2414 4651 2733 4723 βούλωνται,
2765 4657 3077 4728 καταμόνας
3103 4657 3377 4726 λαϐόντες,

1801 4737 2132 4805 βασανίσωσι
2166 4737 2226 4789 16
2245 4737 2634 4808 γεγενημένον,
2662 4741 2759 4793 καὶ
2789 4740 3045 4806 λαὸόντες
3071 4743 3260 4816 ἱκανὴν
3284 4745 3389 4799 τοῦ.

1797 4821 2120 4892 πράγματος
2133 4820 2427 4886 ἀπόδειξιν,
2446 4821 2763 4876 παύσωνται
2783 4824 2882 4895 τῆς
2903 4827 3134 4895 ἀκαίρου
3159 4829 3376 4897 μανίας.

1796 4903 1894 4956 Διά
1923 4903 2080 4955 τοῦτο
2104 4904 2266 4966 αὑτὸς
2290 4905 2389 4974 μὲν
2409 4906 2558 4958 οὑδέν
2593 4907 2910 4976 φθέγγεται,
2941 4910 3040 4980 τὴν
3073 4911 3128 4964 δὲ
3156 4911 3243 4964 διὰ
3271 4912 3381 4965 τῶν

1797 4989 2138 5059 πραγμάτων
2157 4990 2338 5052 αὐτοῖς
2349 4991 2628 5056 ἀπόδειξιν
2645 4996 2962 5064 παρέχεται,
2977 4995 3249 5065 πανταχοῦ
3267 5013 3381 5065 φωρ

1795 5073 1892 5143 νὴν
1922 5072 2265 5144 σαφεστάτην
2302 5075 2484 5142 ἀφεὶς,
2515 5076 2608 5132 καὶ
2655 5077 2952 5147 σάλπιγγος
2997 5077 3393 5148 λαμπροτέραν-

1797 5158 2034 5228 ἁπάσης.
2062 5155 2220 5209 Οὒτω
2235 5156 2344 5226 γάρ
2357 5159 2451 5210 καὶ
2478 5152 2790 5224 ἀνύποπτος
2816 5162 3002 5215 λοιπὸν
3029 5157 3096 5232 ἦν
3123 5163 3151 5232 ἡ
3179 5180 3378 5234 μαρτυε

1798 5243 1979 5315 ρία,⁹0
2009 5240 2270 5307 ποιήσας
2298 5259 2375 5310 με
2399 5241 2562 5312 ὑγιῆ,
2598 5244 2828 5311 ἐκεῖνός
2845 5263 2945 5314 μοι
2975 5247 3164 5309 εἶπεν,
3193 5243 3378 5316 Ἀρον

1791 5327 1899 5379 τὸν
1911 5325 2387 5394 κράϐϐατόνσου,
2401 5327 2498 5379 καὶ
2515 5327 2726 5398 ὕπαγε,
2744 5330 2804 5381 '0
2823 5330 3191 5401 παραλυτικὸς
3211 5333 3377 5400 εὑαγ-

1791 5423 2044 5492 γελιστὴς
2058 5423 2289 5492 γίνεται,
2308 5423 2623 5490 διδάσκαλος
2650 5425 2759 5478 τῶν
2781 5426 3044 5494 ἀπίστων,
3076 5428 3257 5499 ἰατρὸς
3281 5431 3376 5483 καὶ

1793 5506 1969 5578 κῆρυξ
2001 5510 2082 5570 εἰς
2114 5509 2338 5562 ἐκείνων
2364 5509 2630 5582 αἰσχύνην
2659 5511 2753 5564 καὶ
2788 5511 3134 5582 κατάκριμα⁸
3167 5513 3370 5585 ἰατρὸς,

1789 5593 1911 5662 οὐχὶ
1935 5593 2024 5646 διὰ
2057 5594 2263 5664 φωνῆς,
2296 5593 2431 5648 ἀλλά
2454 5594 2519 5647 δι’
2537 5593 2734 5665 ἔργων,
2755 5596 2875 5666 οὑχί
2892 5596 2980 5650 διὰ
3003 5596 3198 5666 λόγων,
3235 5599 3371 5653 ἀλλᾶ

1787 5676 1875 5730 διὰ
1914 5676 2021 5730 τῶν
2056 5677 2400 5749 πραγμάτων
2433 5678 2633 5733 αὑτῶν.
2672 5679 2824 5748 Σαφῆ
2864 5679 2973 5751 γὰρ
3007 5683 3096 5734 καὶ
3132 5683 3368 5755 ἀναμφι⁷

1853 5843 1869 5866 ⁸
1895 5844 1977 5894 Sic
1997 5843 2136 5894 editi.
2171 5843 2299 5906 Reg.
2328 5849 2381 5896 et
2413 5845 2560 5896 Sui].
2591 5846 2644 5896 in
2666 5858 2817 5910 marg.
2853 5845 2998 5910 λόγῳ.
