3926 6242
500 319 597 375 8H

503 437 667 504 tione,
701 435 966 506 difllunnt,
990 437 1314 508 dilabuntur,
1338 453 1582 511 pereunt.
1613 444 1755 513 Ergo
1780 461 1899 500 cum
1926 447 2085 502 vellet

499 527 748 584 Christus
774 531 1055 586 ostendere
1084 547 1236 587 suum
1267 549 1386 589 esse
1418 535 1697 604 providere
1721 577 1735 602 ,
1768 552 1872 592 non
1903 547 2080 592 autem

501 623 602 676 sibi
632 625 913 692 provideri,
959 626 1244 681 efﬁcaciter
1281 643 1440 698 agere
1463 670 1480 696 ,
1525 645 1628 683 non
1667 639 1842 684 autem
1876 632 1956 701 agi
1984 673 1999 697 ,
2030 640 2084 685 et

501 713 721 768 alterius
759 715 1097 771 efﬁcientiam
1137 717 1318 772 subire
1342 759 1358 783 ,
1401 719 1472 772 ita
1517 719 1695 785 dixit,
1749 719 1907 773 Pater
1945 737 2083 773 meus

502 817 770 876 aperatur,
813 818 860 862 et
905 825 996 880 ego
1042 826 1242 881 operor,
1275 811 1532 880 :equalem
1577 826 1636 866 se
1678 811 1820 866 Patri
1859 812 2084 866 demou-

501 906 698 952 stratis.

571 991 624 1044 5.
654 990 780 1044 Cum
809 992 976 1062 probis
1003 993 1224 1048 moribus
1250 1004 1384 1048 recta
1409 995 1554 1063 ﬁdes.
1582 1026 1651 1035 —
1673 995 1799 1050 llasc
1827 998 2086 1051 memoria

503 1090 680 1136 tenete
700 1124 714 1145 ,
743 1090 799 1136 et
823 1099 981 1152 quam
1007 1084 1412 1154 diligentissime
1436 1087 1715 1152 custodite,
1743 1099 1798 1143 et
1821 1091 2088 1146 eontexite

505 1175 894 1244 pbilosolihiam
939 1192 1143 1230 morum
1175 1193 1294 1231 cmn
1338 1187 1483 1232 recto
1523 1179 1826 1249 dogmatum
1857 1181 2036 1236 habitu
2070 1200 2084 1238 :

503 1263 645 1332 quod
675 1273 728 1318 et
757 1280 926 1333 nuper
955 1265 1196 1320 hortatus
1235 1283 1351 1322 sum
1372 1310 1387 1333 ,
1414 1278 1468 1322 et
1504 1285 1644 1324 nunc
1684 1270 1884 1337 hortor,
1916 1288 2088 1342 neque

507 1353 667 1408 finem
712 1353 955 1408 hortandi
992 1355 1200 1410 faciam.
1231 1356 1433 1411 Merum
1461 1367 1634 1413 autem
1673 1359 2086 1429 institutionem,

506 1451 563 1497 et
585 1444 968 1514 philosophiam
995 1447 1124 1500 nihil
1149 1463 1301 1516 aeque
1329 1448 1560 1514 adducit,
1589 1460 1745 1520 atque
1768 1450 1865 1506 hoc
1890 1452 1944 1507 in
1977 1453 2090 1509 loco

505 1549 647 1604 SIPpO
686 1539 906 1593 versari.
958 1539 1087 1592 Nam
1127 1540 1571 1610 quemadmodum
1613 1543 1861 1611 squalens
1901 1553 2038 1598 terra
2071 1587 2086 1611 ,

505 1627 548 1678 si
591 1627 852 1682 neminem
885 1629 1076 1684 habeat
1102 1645 1130 1683 a
1161 1645 1267 1700 quo
1302 1631 1572 1701 irrigetur,
1605 1634 1769 1702 spinis
1799 1643 1852 1688 et
1887 1635 2090 1691 tribulis

506 1725 706 1782 scatet;
735 1734 854 1787 qua-
880 1729 1054 1774 autem
1081 1722 1301 1775 cultriee
1322 1738 1482 1776 manu
1515 1723 1722 1786 fruitur,
1751 1727 2012 1796 germinat
2038 1737 2092 1780 et

504 1807 659 1864 floret
684 1826 746 1863 ac
777 1813 1034 1866 redundat
1059 1829 1247 1881 magna
1278 1814 1543 1870 fructuum
1570 1819 1718 1886 cupia
1745 1833 1759 1882 ;
1792 1818 1858 1872 ita
1886 1833 2014 1872 sane
2039 1826 2093 1872 et

504 1903 702 1970 anima,
735 1905 818 1959 illa
846 1906 1083 1974 quidem,
1111 1923 1228 1976 qua:
1254 1907 1445 1962 fruitur
1464 1909 1770 1979 irrigatione
1791 1910 2088 1964 divinorum

505 2012 850 2059 sermonum,
883 2000 1144 2067 germinat
1169 2008 1224 2053 et
1257 2000 1412 2054 ﬂoret
1432 2042 1445 2063 ,
1479 2010 1532 2054 et
1557 2000 1873 2056 circumfluit
1904 2001 2090 2056 fructi-

504 2089 604 2142 bus
633 2088 861 2157 Spiritus
894 2109 906 2143 :
937 2106 1055 2159 quas
1089 2095 1265 2146 autem
1309 2092 1505 2145 inculta
1533 2102 1585 2146 et
1627 2093 1677 2146 in
1711 2093 1958 2160 squalore
1982 2135 1997 2157 ,
2029 2093 2093 2148 ac

505 2180 622 2232 sine
650 2179 909 2246 ejusmodi
938 2180 1242 2250 irrigatione
1267 2182 1569 2250 dimittitur,
1595 2201 1652 2238 ea
1695 2185 1803 2238 sola
1835 2185 2090 2255 relinqui-

506 2279 592 2319 tur
621 2276 677 2321 et
710 2268 978 2334 silvescit,
1011 2280 1064 2324 et
1091 2273 1282 2328 multas
1309 2273 1507 2342 profert
1537 2274 1715 2343 spinas
1735 2315 1749 2339 ,
1779 2274 1944 2343 ipsam
1970 2289 2092 2344 pec-

505 2359 611 2412 cati
638 2369 902 2416 naturam.
932 2361 1028 2416 Ubi
1054 2373 1232 2417 autem
1259 2365 1426 2431 Spinze
1445 2407 1460 2429 ,
1486 2365 1555 2418 ibi
1585 2364 1874 2425 dracones.
1902 2374 1956 2419 et
1976 2379 2091 2419 ser-

507 2466 541 2518 p
587 2457 590 2460 ’
617 2457 712 2513 tes,
746 2458 800 2504 et
826 2452 1039 2522 scorpii,
1067 2462 1124 2506 et
1147 2453 1394 2510 universa
1436 2463 1668 2523 potestas
1695 2454 1910 2508 diaboli.
1941 2453 2091 2521 Quod

509 2463 660 2593 magis
689 2541 861 2593 verbis
905 2559 1010 2593 non
1058 2543 1235 2593 credis
1258 2585 1272 2593 .
1315 2559 1411 2593 aee
1443 2544 1783 2593 cutiferamus
1814 2545 2089 2593 nobiseum

509 2540 555 2593 si
577 2540 660 2594 liis
689 2541 861 2596 verbis
905 2559 1010 2596 non
1058 2543 1235 2598 credis
1258 2585 1272 2609 ,
1315 2559 1411 2612 age
1443 2544 1783 2599 conferamus
1814 2545 2089 2599 nobiscum

509 2644 624 2696 eos,
653 2633 741 2700 qni
765 2631 866 2686 hoc
891 2633 1090 2689 auxilio
1117 2643 1436 2700 caruerunt;
1467 2651 1528 2691 ac
1550 2645 1673 2691 tunc
1699 2637 1913 2690 demum
1940 2637 2093 2691 vidc-

511 2723 635 2778 bitis
657 2765 671 2787 ,
715 2734 966 2793 quantum
997 2728 1288 2782 intercedat
1319 2729 1674 2783 intervallum.
1709 2729 1889 2784 Potius
1913 2738 2089 2784 autem

510 2814 609 2884 ipsi
631 2830 732 2876 nos
753 2817 895 2886 ipsos
913 2818 1299 2884 examinemus,
1317 2821 1501 2891 quales
1521 2822 1731 2891 quidem
1760 2823 1946 2888 simus,
1965 2822 2090 2876 dum

508 2905 686 2961 divina
713 2907 954 2963 doctrina
982 2907 1239 2975 fruimur,
1271 2912 1454 2980 quales
1480 2921 1657 2966 autem
1684 2953 1698 2975 ,
1727 2927 1846 2966 cum
1874 2912 1964 2966 diu
1993 2911 2092 2966 hac

511 2999 781 3066 privamur
801 2999 1044 3053 utilitate.
1085 2998 1160 3054 Ne
1195 3001 1352 3069 igitur
1391 3011 1592 3055 tantum
1636 3001 1768 3056 lucri
1804 3001 2092 3072 profunda-

511 3105 656 3145 mus.
673 3087 790 3142 Hoc
805 3089 947 3142 enim
971 3087 1024 3142 in
1043 3087 1164 3142 loco
1190 3086 1526 3157 frequentem
1550 3102 1692 3154 esse,
1704 3088 1886 3141 omnia
1903 3086 2089 3142 conci-

511 3179 609 3234 liat
633 3179 796 3234 bona.
825 3177 966 3234 Hinc
979 3193 1102 3230 cum
1129 3176 1438 3242 discedunt,
1463 3186 1518 3240 et
1536 3178 1619 3230 vir
1645 3176 1858 3232 mulieri
1877 3178 2090 3238 videtur

513 3271 850 3336 honoratior,
879 3278 934 3325 et
967 3270 1163 3325 mulier
1188 3271 1308 3324 viro
1339 3270 1642 3324 amabilior.
1663 3268 1874 3325 Etenim
1905 3271 2090 3327 mulie»

512 3376 627 3417 rem
646 3377 753 3416 non
781 3360 1132 3431 pulchritudo
1146 3359 1394 3431 corporis
1409 3359 1564 3414 valde
1577 3360 1867 3420 sanabilem
1889 3361 2088 3429 reddit,

526 3621 1478 3648 mh

1122 3639 1176 3647 ο-
1183 3641 1475 3650 _—_-.__
1482 3642 1646 3648 ____-—-
1673 3643 1974 3649 _———_——.——...

1211 324 1266 381 S.
1307 323 1582 384 JOANNIS
1617 326 2087 388 CHRYSOSTOMI
2125 332 2452 389 AHCHIEP-
2484 331 3018 390 CGNSTANTINOP.

1979 3643 2284 3656 *ην-ς*

3667 319 3770 386 dli

2187 447 2282 502 sed
2305 447 2494 500 animze
2515 447 2715 510 virtus;
2744 462 2847 499 non
2876 446 3075 514 pictura
3091 452 3148 498 et
3166 441 3337 510 fucus,
3361 458 3540 513 neque
3557 456 3772 505 aurum,

2189 554 2359 608 neque
2405 547 2579 592 vestes
2623 539 2870 608 pretiosa:
2896 553 2912 592 :
2942 536 3035 590 sed
3074 538 3420 604 temperantia
3450 545 3504 591 et
3531 535 3774 605 probitas

2189 637 2244 682 et
2271 627 2429 680 timor
2452 627 2654 680 stabilis
2678 643 2798 695 erga
2830 628 3014 680 Deum.
3049 626 3128 680 Ad
3157 627 3290 681 hanc
3322 641 3450 682 vero
3473 667 3487 690 ,
3521 642 3645 695 quas
3674 628 3774 679 sub

2187 719 2585 789 intelligentiam
2604 714 3633 788 caditpulchritudinemcomparandom
3669 735 3773 772 nu-

2189 823 2379 878 squam
2417 809 2543 861 alibi
2581 817 2823 861 accurata
2861 808 3254 864 exercitationis
3289 809 3424 862 ratio
3449 808 3770 872 adhibetur,

2190 911 2539 971 praeterquam
2571 901 2622 954 in
2651 899 2750 954 hoc
2776 898 3074 952 admirabili
3100 913 3162 953 ac
3187 899 3370 953 divino
3389 899 3526 963 loco,
3556 910 3773 968 aposto—

2192 993 2258 1047 lis
2281 1001 2336 1047 et
2357 991 2627 1062 prephetis
2648 991 2973 1060 tergentibus
2995 1032 3007 1054 ,
3028 990 3336 1044 ornantibus
3357 1032 3372 1055 ,
3395 991 3776 1045 abradentihns

2189 1093 2516 1138 senectutem
2543 1083 2762 1152 peccati,
2792 1081 3171 1136 adducentibus
3201 1083 3430 1152 vigorem
3456 1083 3773 1152 juventntis,

2190 1192 2404 1232 omnem
2429 1192 2631 1246 rugam,
2658 1190 2870 1230 omnem
2897 1175 3177 1241 maculam,
3197 1190 3408 1229 omnem
3436 1191 3644 1228 naevum
3679 1175 3776 1244 eji-

2191 1269 2451 1325 cientibus
2472 1284 2536 1322 ex
2564 1269 2753 1322 animis
2773 1267 2988 1322 nostris.
3017 1267 3164 1322 Hanc
3185 1267 3359 1336 igitur,
3385 1276 3440 1323 et
3460 1269 3556 1322 viri
3579 1277 3632 1323 et
3659 1284 3776 1321 mu-

2193 1361 2382 1426 lieres,
2411 1361 2717 1416 studcamus
2744 1360 2896 1414 nobis
2926 1360 3235 1414 familiarem
3273 1359 3448 1414 facere
3471 1360 3775 1431 pulchritu-

2193 1455 2390 1519 dinem,
2411 1462 2465 1507 ut
2480 1453 2758 1509 nobiscum
2775 1449 3002 1506 habitet.
3015 1446 3148 1502 Nam
3161 1449 3405 1517 corporis
3416 1448 3779 1520 pulchritudi-

2193 1563 2316 1603 nem
2346 1556 2397 1599 et
2424 1545 2646 1600 morbus
2670 1543 2916 1598 tabefacit
2939 1583 2953 1608 ,
2985 1552 3039 1597 et
3073 1545 3327 1612 temporis
3351 1544 3624 1614 longitudo
3653 1558 3776 1597 eor-

2195 1637 2409 1706 rumpit,
2435 1645 2488 1690 et
2511 1645 2756 1690 senectus
2776 1633 3082 1704 exStinguit,
3100 1643 3154 1688 et
3174 1649 3316 1688 mors
3341 1631 3589 1704 ingruens
3612 1645 3778 1689 tutam

2195 1729 2370 1784 medio
2405 1730 2558 1783 tollit.
2596 1729 2722 1783 Eam
2771 1743 2896 1783 vero
2922 1744 3041 1798 qua:
3072 1729 3123 1781 in
3154 1728 3324 1782 anima
3350 1737 3462 1794 est,
3498 1745 3604 1784 non
3642 1739 3777 1782 tem-

2197 1834 2310 1887 pus,
2347 1835 2448 1874 non
2479 1819 2714 1885 morbus,
2747 1835 2851 1873 non
2874 1829 3140 1883 senectus,
3171 1835 3274 1873 non
3300 1836 3459 1882 mors,
3495 1837 3603 1874 non
3633 1821 3776 1875 aliud

2202 1909 2502 1978 hnjusmodi
2546 1908 2829 1978 quidquam
2869 1917 3039 1976 potest
3078 1908 3300 1977 perdere
3333 1928 3347 1963 :
3379 1909 3471 1964 sed
3517 1921 3776 1980 perpetuo

2195 1997 2366 2052 ﬂoret.
2381 1996 2444 2050 Et
2455 1996 2797 2067 pulchritudo
2810 1998 3026 2066 quidem
3039 1999 3434 2069 corporissazpe
3448 2009 3775 2068 spectatores

2195 2092 2261 2146 ad
2294 2091 2749 2161 intemperantiam
2777 2100 3048 2161 provocat.
3092 2092 3160 2145 At
3197 2107 3259 2146 ea
3279 2133 3294 2155 ,
3325 2107 3441 2160 quae
3470 2091 3521 2144 in
3552 2092 3736 2145 animo
3755 2132 3772 2156 ,

2196 2183 2483 2253 ipsummet
2512 2183 2678 2238 Deum
2709 2183 2774 2236 ad
2803 2183 2884 2236 sui
2912 2197 3148 2237 amorem
3175 2182 3373 2246 allicit,
3415 2192 3576 2251 prout
3614 2185 3774 2236 etiam

2196 2275 2447 2345 propheta
2471 2273 2622 2339 dixit,
2646 2273 2934 2328 E‘cclesiam
2955 2273 3246 2340 alloquens,
3263 2273 3416 2338 Audi,
3440 2273 3567 2340 ﬁlia,
3586 2281 3634 2324 et
3647 2274 3774 2339 ride,

2195 2375 2240 2420 et
2263 2365 2453 2419 inclina
2481 2381 2649 2418 aurem
2689 2375 2826 2417 tuam
2858 2380 2877 2417 :
2905 2373 2950 2418 et
2989 2363 3273 2417 obliviscere
3315 2365 3557 2433 populum
3601 2375 3772 2428 tuum,

2194 2465 2240 2509 et
2273 2456 2475 2508 domum
2507 2456 2662 2520 patris
2689 2456 2761 2507 lui
2783 2471 2801 2508 :
2828 2464 2873 2508 et
2903 2457 3217 2524 concupiscet
3249 2453 3359 2508 Rea:
3379 2456 3610 2508 decorent
3637 2466 3774 2506 tuum

2195 2547 2214 2614 (
2239 2547 2379 2601 Psal.
2409 2547 2498 2601 44.
2524 2548 2608 2601 Η.
2640 2547 2702 2599 12
2723 2547 2760 2614 ).
2793 2547 2970 2616 Igitur,
2994 2562 3026 2600 0
3049 2546 3247 2610 dilecti,
3273 2556 3329 2600 ut
3347 2547 3636 2599 amicitiam
3659 2561 3773 2599 cum

2194 2641 2304 2695 Deo
2333 2638 2730 2706 cootrabamus,
2747 2637 3133 2707 hancquotidie
3148 2637 3609 2709 pulchritudinem
3621 2655 3774 2695 cure-

2196 2747 2315 2787 mus
2347 2739 2405 2786 et
2442 2731 2678 2785 colamus
2701 2772 2715 2795 ,
2744 2729 3136 2798 Scripturarum
3168 2729 3392 2783 lectione
3415 2743 3635 2784 omnem
3667 2744 3775 2782 ma-

2192 2826 2363 2878 culam
2408 2823 2806 2892 abstergentes,
2851 2821 3122 2892 precibus,
3164 2820 3549 2892 eleemosynis,
3596 2832 3775 2876 mutua

2194 2914 2472 2969 concordia
2495 2933 2508 2968 :
2533 2927 2588 2968 ut
2610 2929 2723 2977 rex,
2747 2924 2952 2966 amator
2976 2910 3141 2965 factus
3161 2920 3356 2965 nostrae
3376 2928 3494 2982 qua:
3515 2914 3569 2966 in
3593 2914 3776 2966 animo

2194 3003 2631 3074 pulchritudinis,
2644 3006 2893 3078 dignetur
2901 3020 3002 3061 nos
3011 3004 3272 3061 caelorum
3285 3017 3479 3077 regno:
3494 3003 3645 3073 quod
3681 3005 3780 3058 nti-

2192 3109 2314 3148 nam
2359 3109 2455 3148 nos
2491 3108 2676 3147 omnes
2716 3107 3106 3164 consequamur
3140 3093 3308 3163 gratia
3348 3102 3402 3148 et
3445 3095 3779 3148 humanitate

2193 3187 2400 3241 Domini
2431 3187 2596 3240 nostri
2621 3187 2744 3242 Jesn
2772 3186 3001 3249 Christi,
3029 3201 3150 3242 cum
3176 3202 3280 3257 quo
3308 3186 3450 3241 Patri
3480 3187 3676 3257 gloria,
3707 3187 3776 3240 si-

2193 3277 2406 3346 mulque
2431 3277 2646 3346 Spiritui
2688 3285 2892 3344 saneto,
2928 3293 3068 3332 nunc
3090 3285 3144 3332 et
3173 3292 3383 3347 semper
3410 3286 3468 3331 et
3502 3279 3554 3331 in
3582 3279 3775 3334 sarcula

2190 3368 2526 3422 saeculorum.
2555 3369 2746 3421 Amen.

3593 3629 3784 3660 ====

2289 3643 2602 3654 ~—.——.__-.

622 3780 710 3842 IN.
747 3780 1051 3844 LIBRUM
1091 3780 1311 3853 QUOD
1352 3779 1738 3853 CHRISTUS
1775 3781 1898 3844 Sl'l‘
1940 3780 2160 3852 DEUS,
2205 3779 2524 3844 CONTRA
2561 3778 2886 3855 JUD/EOS
2927 3779 3195 3858 ATQUE
3235 3779 3655 3854 GENTlLEss

569 3974 890 4044 Argumentt
920 3969 1130 4024 ratione
1163 3967 1319 4029 moti,
1357 3965 1499 4020 hunc
1535 3964 1730 4026 librum
1756 3974 1883 4034 post
1912 3964 2088 4024 homi-

499 4065 602 4130 lias
628 4072 813 4118 contra
843 4061 1119 4115 Anomaaos
1155 4065 1208 4114 et
1245 4058 1324 4110 De
1347 4055 1787 4112 consubstantiali
1815 4055 2088 4124 ponimus.

495 4162 689 4232 Agitur
718 4159 864 4213 enim
923 4154 1209 4226 utrobique
1239 4155 1306 4208 de
1354 4152 1636 4208 divinitate
1668 4149 1896 4220 Christi,
1927 4163 2091 4222 quam

497 4249 752 4310 Anomtei
784 4247 987 4316 aliique
1017 4261 1207 4302 omnes
1267 4243 1459 4298 Ariani
1489 4242 1572 4297 vel
1621 4241 1931 4312 negabant;
1968 4254 2092 4302 cum

497 4344 744 4404 dicerent
769 4340 1049 4395 Christum
1081 4337 1247 4392 Deum
1281 4335 1501 4406 quidem
1532 4350 1673 4400 esse,
1699 4333 1792 4392 sed
1825 4347 1935 4386 non
1967 4347 2093 4388 vere

499 4433 716 4498 Deum;
769 4431 851 4486 vel
909 4446 1003 4486 ore
1037 4440 1246 4494 tantum
1283 4438 1442 4483 tenus
1493 4426 1916 4489 confitebantur,
1965 4439 2090 4480 cum

497 4524 654 4584 illum
686 4522 1006 4591 simpliciter
1035 4519 1206 4574 Deum
1231 4520 1538 4576 vocabant:
1572 4515 1746 4574 Judazi
1777 4531 1907 4572 vero
1931 4525 2096 4588 atque

499 4618 730 4687 gentiles
792 4617 1000 4686 absque
1079 4615 1190 4670 ullo
1252 4620 1683 4682 temperamento
1750 4609 2091 4684 rejiciebant.

502 4709 806 4768 Commode
839 4708 1005 4778 igitur
1035 4707 1151 4761 hate
1189 4721 1375 4776 Opera,
1405 4720 1526 4774 quae
1555 4713 1610 4758 ut
1642 4703 1756 4757 fors
1784 4703 1908 4758 tulit
1937 4716 2096 4770 sepa-

498 4809 621 4862 rata
652 4799 890 4861 fuerant,
949 4791 1072 4864 una
1121 4797 1262 4852 serie
1320 4796 1542 4866 legenda
1606 4794 1932 4854 ofl‘erimus:
1996 4805 2096 4846 nec

495 4895 683 4954 minus
714 4900 1024 4963 Opportune
1053 4891 1202 4952 hunc
1237 4890 1437 4943 librum
1465 4897 1590 4945 ante
1620 4886 1876 4946 homilias
1909 4896 2096 4938 contra

495 4989 715 5048 Judmos
750 4989 1019 5048 locamus,
1054 4983 1276 5054 quando
1307 4982 1421 5052 ipse
1455 4980 1890 5052 Chrysostmnus,
1913 4980 1965 5038 in
1993 4980 2096 5037 hoc

497 5097 662 5150 opere
697 5087 886 5133 contra
923 5073 1142 5136 intimos
1168 5089 1228 5126 se
1267 5071 1729 5136 concinnaturum,
1774 5069 2098 5140 propediem

494 5189 617 5228 esse
648 5172 976 5235 pollicetUr:
1016 5167 1106 5222 ubi
1136 5181 1232 5220 eas
1271 5165 1418 5234 ipsas
1460 5177 1584 5232 qua:
1639 5171 1761 5231 post
1815 5162 1965 5239 hunc
2028 5161 2098 5215 li-

492 5266 656 5320 brum
694 5270 998 5332 sequuntur
1038 5259 1296 5314 homilias
1326 5259 1507 5326 ipsum
1540 5269 1974 5329 commemorare
2004 5271 2092 5309 ve-

495 5355 728 5410 risimile
756 5361 860 5417 est,
891 5361 953 5407 ut
1001 5367 1125 5404 mox
1159 5351 1392 5418 dicetur.
1445 5348 1565 5416 Quo
1606 5355 1786 5406 autem
1848 5354 2092 5414 tempore

497 5460 675 5515 quave
705 5443 995 5498 occasione
1040 5442 1184 5496 hunc
1214 5441 1446 5496 ediderit
1505 5440 1728 5504 librum,
1761 5437 2091 5507 coniecturis

501 5553 610 5590 non
646 5535 856 5589 levibus
890 5550 1064 5602 neque
1095 5533 1273 5588 dubiis
1296 5533 1567 5598 exiuiscari
1619 5546 1932 5600 possumus.
1974 5527 2094 5583 Pri-

504 5641 596 5680 mo
627 5625 844 5694 quidem
908 5625 1150 5678 nondum
1206 5624 1536 5692 episcopum
1571 5621 1760 5686 fuisse,
1816 5637 1917 5698 nee
1949 5621 2094 5676 (Jon-

498 5715 853 5785 stantinopoli
894 5724 1025 5784 tunc
1055 5715 1308 5789 deﬁgisse.
1348 5714 1804 5781 Chrysustomum
1864 5711 2094 5766 suadere

504 5811 753 5866 videntur
796 5811 911 5866 haec
945 5809 1107 5864 verba
1136 5828 1149 5863 :
1185 5808 1294 5863 Καὶ
1325 5808 1380 5861 ὲν
1413 5810 1478 5879 τῇ
1521 5805 2092 5861 Κωνσταντινουπόλει

2190 3962 2246 4015 δὲ
2279 3962 2398 4020 οὐδὲ
2432 3963 2567 4034 πρὸς
2591 3962 2716 4028 τοὺς
2746 3963 3077 4027 ἀποστόλους
3107 3965 3296 4034 ἐγγὺς,
3323 3965 3460 4022 ἀλλὰ
3491 3970 3625 4040 παρ’
3649 3971 3797 4030 diota,

2190 4055 2260 4109 τὰ
2286 4054 2535 4126 πρόθυρα
2559 4053 2664 4121 ἔξω
2685 4056 2969 4130 ἀγαπητὸν
2995 4052 3131 4120 εἶναι
3160 4059 3417 4128 ἐνόμισαν
3436 4062 3490 4118 οἱ,
3509 4062 3786 4136 tabidos}—

2195 4163 2342 4217 ματα
2375 4146 2754 4218 περικείμενοι,
2782 4148 2852 4202 τὰ
2879 4148 3107 4220 σώματα
3128 4151 3307 4210 αὐτῶν
3338 4153 3788 4222 κατορύττεσθαι,

2193 4238 2287 4291 καὶ
2317 4238 2573 4306 γεγόνασι
2607 4237 2843 4310 ϐυρωροὶ
2869 4239 3052 4293 λοιπὸν
3076 4241 3187 4296 τῶν
3219 4241 3414 4297 ἀλιέων
3447 4245 3496 4296 οἰ
3524 4244 3783 4314 βασιλεῖς·

2194 4330 2288 4384 καὶ
2311 4331 2368 4382 ὲν
2396 4332 2462 4401 τῇ
2500 4329 2724 4402 τελευτῇ
2765 4333 2865 4386 οὐκ
2903 4333 3269 4404 αἰσχύνονται,
3299 4333 3436 4392 ἀλλὰ
3465 4338 3561 4390 καὶ
3589 4339 3786 4406 ἐγκαλ-

2192 4422 2543 4488 λωπίζονται.
2574 4423 2635 4478 οὐ
2653 4424 2815 4494 μόνον
2845 4425 3020 4488 αὐτοὶ,
3042 4425 3182 4488 ἀλλὰ
3209 4427 3304 4480 καὶ
3323 4428 3374 4480 οἱ
3403 4427 3622 4497 ἔκγονοι
3646 4432 3790 4484 Exsi-

2198 4531 2322 4581 νων.
2358 4513 2397 4567 l.
2429 4528 2479 4567 e.
2519 4512 2982 4583 Constantinopoli
3018 4531 3135 4568 vero
3168 4533 3270 4572 non
3305 4534 3466 4586 prope
3491 4523 3784 4589 apostolos,

2196 4609 2286 4661 sed
2312 4608 2442 4676 faris
2477 4607 2546 4661 ad
2577 4609 2694 4676 ipsa
2720 4609 2907 4662 limina
2943 4620 3248 4678 optaverunt
3282 4613 3324 4665 ii
3365 4613 3454 4682 qui
3486 4614 3794 4682 diademate.

2203 4701 2640 4767 redimiebantur,
2673 4717 2893 4771 corpora
2921 4704 3284 4772 suasepeliri,
3324 4715 3480 4776 atque
3498 4708 3578 4766 ita
3618 4710 3782 4779 impe-

2200 4802 2402 4846 ratores
2426 4794 2754 4860 piscatorum
2782 4796 2992 4850 ostiarii
3035 4797 3168 4866 facti
3212 4806 3374 4852 sunt:
3421 4801 3496 4859 sic
3546 4802 3604 4854 in
3641 4803 3788 4857 obitu

2205 4884 2301 4939 hoc
2335 4902 2438 4938 non
2465 4885 2732 4951 dedecori,
2775 4887 2871 4942 sed.
2900 4888 3087 4942 honori
3139 4889 3242 4944 sibi
3297 4905 3406 4945 esse
3438 4903 3628 4961 putant
3684 4912 3786 4948 non

2200 4977 2370 5034 solum
2402 4979 2524 5046 ipsi,
2556 4979 2654 5038 sed,
2679 4980 2839 5034 etiam
2862 4996 3043 5038 eorum
3070 4990 3300 5050 nepotes.
3330 4981 3458 5037 Hac
3477 4985 3566 5038 vix
3595 4996 3788 5054 puten-

2205 5078 2292 5124 tur.
2353 5086 2477 5130 esse
2538 5070 3005 5141 ConstanLinOpoli
3051 5076 3486 5136 commorantis:
3545 5088 3599 5132 et
3655 5094 3788 5133 sane

2203 5163 2320 5233 pari
2372 5164 2534 5222 modo
2568 5165 2638 5222 de
2691 5165 3168 5237 ConstantinOpoli
3229 5168 3486 5237 loquitur,
3546 5184 3658 5238 quo
3722 5170 3788 5224 de

2209 5255 2346 5310 urbe
2369 5255 2542 5312 Roma
2608 5257 2772 5326 paulo
2827 5266 2954 5312 ante
2991 5259 3150 5313 verba
3203 5257 3422 5320 fecerat.
3483 5259 3786 5316 Antiochia:

2200 5346 2368 5416 igitur
2401 5345 2460 5402 S.
2498 5348 2777 5402 doctorem
2816 5349 2960 5405 hanc
2989 5351 3300 5421 suscepisse
3319 5367 3542 5422 operam
3571 5362 3779 5407 certum

2198 5440 2429 5495 videtur.
2463 5439 2602 5497 liuic
2636 5456 2744 5494 non
2793 5442 3107 5496 inferiorem
3143 5445 3400 5512 temporis
3434 5452 3618 5498 notam
3651 5458 3780 5512 sup—

2197 5532 2404 5600 peditat
2433 5533 2862 5604 Chrysostomus
2889 5534 3060 5602 paulo.
3084 5544 3210 5590 ante
3237 5536 3399 5596 tinem
3433 5536 3638 5604 aperis,
3689 5536 3778 5590 ubi

2198 5633 2578 5692 postquamex
2601 5624 3160 5686 VeterisTestaumnti
3190 5627 3324 5686 locis
3345 5627 3574 5696 carptim
3601 5626 3784 5680 allatis

2198 5715 2473 5790 probavit,
2509 5717 2561 5770 in
2595 5717 2838 5774 adventu.
2863 5717 3065 5782 Christi
3093 5717 3468 5788 abnogandum
3504 5733 3629 5781 esse
3657 5717 3780 5780 culi-

2197 5816 2312 5860 tum
2342 5805 2650 5876 Judaicum,
2679 5807 2794 5863 ltaac
2830 5807 3016 5879 adjicit
3048 5827 3060 5864 :
3098 5808 3256 5862 Ἀλλὰ
3283 5809 3456 5865 ταῦτα
3481 5809 3581 5880 μὲν
3612 5808 3779 5879 ἡνίκα
