3926 6264
480 358 586 413 813

1205 364 1263 420 s.
1296 362 1582 422 JOANNIS
1618 322 2101 432 cximrsosrom
2139 376 2458 435 ARCHIEP.
2506 379 3054 440 CONSTANTINOP.

3606 391 3710 446 8H

515 1312 670 1388 [558]
715 1318 872 1388 Πρός
914 1335 979 1374 τε
1037 1319 1359 1389 Ἰουδαίους
1397 1323 1496 1378 καί
1531 1321 1837 1396 Ἕλληνας
1872 1330 2177 1401 ἀπόδειξις
2203 1372 2218 1399 ,
2295 1333 2383 1387 ὄτι
2425 1333 2554 1389 ἐστὶ
2606 1335 2750 1403 Θεὸς
2794 1309 2840 1391 ὁ.
2901 1337 3149 1406 Χριστὸς
3177 1377 3194 1402 ,
3242 1337 3311 1392 ἐκ
3362 1337 3481 1392 τῶν
3537 1339 3707 1409 παρὰ

1112 1418 1237 1486 τοῖς
1290 1419 1622 1492 προφήταις
1667 1427 1982 1495 πολλαχοῦ
2030 1429 2164 1498 περὶ
2212 1429 2398 1485 αὑτοῦ
2452 1431 2778 1501 εἰρημένων
2809 1444 2856 1487 ⁸.

545 2267 614 2315 α’.
660 2259 877 2332 Ἐπειδὴ
917 2259 1098 2313 πολλοὶ
1126 2260 1236 2313 τῶν
1269 2258 1592 2331 ἀνθρώπων,
1629 2263 1676 2316 οί
1714 2263 1811 2333 μὲν
1843 2262 2055 2322 οἴκοθεν

474 2345 625 2410 ὄντες
675 2346 928 2417 ῥᾴθυμοι,
979 2347 1027 2398 οἱ
1070 2345 1125 2398 δέ
1167 2348 1279 2408 τοῖς
1325 2343 1594 2413 βιωτικοῖς
1639 2346 1863 2410 ἑαυτοὺς
1918 2348 2055 2418 μετά

476 2429 678 2499 πολλῆς
709 2428 1068 2493 ἐκδεδωκότες
1099 2429 1198 2500 τῆς
1233 2428 1486 2498 σπουδῆς,
1517 2430 1692 2500 ἕτεροι
1733 2429 1789 2482 δὲ
1829 2432 1922 2484 καὶ
1947 2430 2054 2484 ὑπὸ

474 2512 715 2583 ἀμαθίας
745 2512 947 2582 πολλῆς
976 2511 1350 2582 κατεχόμενοι,
1379 2511 1477 2564 οὐκ
1502 2512 1568 2565 ἂν
1595 2512 1793 2584 ῥαδίως
1825 2513 2054 2586 μακρῶν

474 2597 795 2666 ἀνάσχοιντο
826 2595 1000 2662 λόγων
1023 2635 1038 2658 ,
1089 2596 1384 2665 ἀναγκαῖον
1418 2592 1556 2650 εἶναι
1591 2598 1815 2668 ἐνόμισα
1858 2597 1949 2652 τὸν
1989 2601 2054 2652 ἐκ

471 2683 572 2754 τῆς
608 2680 986 2753 μακρηγορίας
1027 2681 1396 2752 ὑποτεμέσθαι
1429 2681 1616 2736 πόνονο
1651 2681 1791 2736 ὥστε
1831 2682 1924 2737 καὶ
1961 2683 2054 2736 τὸν

472 2768 630 2820 δκνον
663 2765 870 2818 ἀνελεῖν
896 2768 962 2836 τῇ
996 2764 1329 2838 βραχυλογίᾳ
1359 2767 1466 2820 τῶν
1503 2766 1780 2838 ῥᾳθύμων,
1813 2768 2053 2833 καὶτοὺς

475 2850 680 2920 σφόδρα
711 2849 890 2903 αὐτῶν
932 2850 1395 2914 ἀναπεπτωκότας
1425 2852 1563 2921 πρὸς
1593 2851 1690 2922 τήν
1721 2851 2048 2920 ἀνάγνωσιν,

473 2939 659 2988 πεῖσαι
687 2935 784 3002 τῆς
811 2934 1176 3004 προκειμένης
1205 2936 1336 3003 ήμῖν
1365 2935 1746 3004 πραγματείας
1771 2936 1906 3006 μετὰ
1934 2935 2054 2989 πολ-

473 3018 571 3090 λῆς
603 3017 975 3086 ἀκροάσασθαι
1007 3017 1106 3086 τῆς
1143 3016 1463 3088 προθυμίας.
1501 3018 1599 3071 Διά
1630 3035 1711 3071 τοι
1743 3019 1900 3072 τοῦτο
1931 3019 2052 3073 ούδέ

475 3107 834 3169 καλλωπίζων
864 3104 1070 3176 ῥήμασί
1115 3121 1172 3159 τε
1217 3105 1308 3157 καὶ
1354 3105 1576 3175 ὀνόμασι
1604 3106 1701 3177 τὴν
1737 3107 2048 3177 ἑρμηνείαν,

473 3191 589 3243 ἀλλ’
617 3189 759 3244 αὑτά
798 3187 970 3251 τιθεὶς
1003 3186 1072 3240 τὰ
1100 3187 1341 3256 ὀνόματα
1369 3187 1572 3251 οὕτως,
1607 3189 1682 3252 ὡς
1717 3191 1810 3242 καὶ
1842 3189 2049 3261 οἰκέτῃ,

476 3274 570 3328 καὶ
597 3271 958 3344 θεραπαινίδι,
989 3270 1081 3323 καὶ
1098 3271 1244 3341 χήρᾳ
1276 3273 1514 3337 γυναικὶ,
1548 3273 1642 3325 καὶ
1667 3273 1926 3344 καπήλῳ,
1957 3275 2052 3328 καὶ

474 3357 646 3428 ναύτῃ
666 3396 678 3414 ,
701 3357 797 3408 καὶ
817 3354 1040 3424 γηπόνῳ
1069 3353 1228 3424 ῥᾴδια
1259 3353 1398 3408 εἶναι
1424 3355 1518 3408 καὶ
1551 3353 1814 3427 εὔληπτα,
1847 3373 2053 3412 παντα.

473 3441 570 3512 χοῦ
604 3440 937 3510 πειράσομαι
969 3437 1242 3490 συστεῖλαι
1275 3436 1336 3490 τὸ
1377 3438 1576 3509 μῆκος,
1607 3439 1683 3502 ὼς
1715 3440 1781 3494 ἂν
1809 3442 2050 3513 ἐγχωρῇ,

475 3527 569 3580 καὶ
609 3525 675 3578 δι’
711 3523 905 3592 ὀλίγων
958 3523 1058 3593 τὴν
1088 3521 1433 3575 διδασκαλίαν
1467 3523 1732 3593 ποιῆσαι,
1777 3525 2057 3596 ἑκατέροις

472 3612 684 3671 τούτοις
711 3607 820 3661 τῶν
851 3606 1057 3659 ὑπτίων
1100 3606 1385 3677 ἀκροατῶν
1416 3606 1698 3678 διεγείρων
1747 3608 1845 3678 τὴν
1877 3603 2058 3680 ὄρεξιν

473 3697 554 3756 εἰς
583 3693 642 3746 τὸ
681 3693 879 3765 ῥᾳδίως
908 3691 1002 3745 καὶ
1033 3691 1204 3762 χωρὶς
1228 3691 1473 3760 καμάτου
1501 3692 1644 3755 τινὸς
1667 3692 1734 3745 τά
1764 3693 2056 3764 ἐγκείμενα

475 3778 723 3832 ἐπελθεῖν
747 3817 762 3840 ,
811 3779 906 3831 καὶ
937 3775 1311 3844 κατασχόντας
1341 3775 1433 3829 ἐπὶ
1469 3777 1690 3848 μνήμης
1722 3777 1894 3831 ταῦτα
1933 3796 2058 3851 κερ..

363 3921 366 3924 ,
471 3863 646 3916 δᾶναι.
681 3862 986 3932 Ποιήσομαι
1015 3859 1073 3912 δὲ
1108 3858 1200 3911 τὸν
1229 3858 1416 3926 ἀγῶνα
1446 3860 1580 3928 πρὸς
1609 3860 1874 3932 ’Έλληνας
1905 3863 2056 3932 πρῶ-

471 3965 583 4001 τον.
616 3947 676 4000 Εἰ
703 3948 809 4017 γὰρ
838 3945 901 4016 δὴ
929 3945 1077 4012 λέγοι
1104 3947 1131 3999 ό
1167 3945 1386 4013 Ἕλλην,
1419 3944 1591 3998 Πόθεν
1618 3943 1776 4013 δῆλον
1809 3946 1892 3998 ὅτι
1924 3945 2056 4009 Θεός

472 4032 621 4084 ἐστιν
649 4031 677 4081 ό
708 4030 974 4100 Χριστός;
1007 4028 1190 4099 (τοῦτο
1222 4029 1330 4098 γὰρ
1362 4028 1442 4080 δεῖ
1467 4027 1871 4098 προῦποθέσθαι
1902 4028 2056 4100 πρῶ-

472 4131 564 4167 τον
588 4153 602 4176 ,
633 4113 708 4175 ὡς
731 4112 797 4164 τὰ
827 4111 962 4165 ἀλλα
995 4113 1174 4165 πάντα
1201 4112 1375 4182 τούτῳ
1403 4111 1662 4182 ἑπόμενα)
1693 4112 1792 4165 οὑκ
1830 4111 1924 4165 ἀπ’
1968 4112 2058 4165 ού-

476 4195 638 4269 ρανοῦ
691 4195 1032 4266 ποιησόμεθα
1075 4197 1176 4266 τὴν
1227 4193 1500 4259 ἀπόδειξιν
1525 4234 1539 4255 ,
1590 4194 1710 4247 ούδέ
1760 4195 1856 4247 ἀπ’
1883 4194 2056 4248 ἀλλων

473 4281 748 4333 τοιούτων.
791 4280 916 4332 Ἐἀν
953 4279 1060 4350 γὰρ
1103 4279 1242 4332 εἴπω
1288 4279 1424 4348 πρὸς
1455 4278 1616 4331 αὑτὸν
1643 4316 1657 4339 ,
1703 4278 1784 4331 ὅτι
1830 4279 2057 4348 οὐρανὸν

473 4364 709 4426 ἔκτισεν,
732 4365 813 4418 ὅτι
850 4364 975 4433 γῆν,
1007 4365 1090 4418 ὅτι
1113 4363 1410 4427 θάλασσαν,
1439 4363 1539 4415 οὐκ
1564 4361 1809 4428 ἀνέξεται
1837 4378 1849 4394 ’
1887 4363 1953 4415 ἂν
1981 4363 2056 4415 εῖ-

475 4467 590 4514 πω,
626 4450 707 4502 ὅτι
738 4449 968 4519 νεκροὺς
1010 4448 1198 4519 ἤγειρε
1224 4488 1238 4510 ,
1274 4445 1509 4516 τυφλοὺς
1538 4445 1869 4515 ἐθεράπευσε
1896 4487 1910 4511 ,
1941 4446 2056 4499 δαί-

477 4551 645 4604 μονας
675 4534 872 4604 ἤλασεν
897 4574 911 4597 ,
939 4532 1058 4586 οὐδὲ
1087 4531 1244 4585 τοῦτο
1271 4529 1618 4595 καταδέξεται
1641 4547 1654 4560 ’
1687 4529 1751 4584 ἂν
1777 4531 1943 4596 εἴπω,
1973 4531 2057 4584 δτι

475 4617 751 4687 βασιλείαν
777 4615 1144 4687 ἐπηγγείλατο
1188 4616 1284 4670 καὶ
1323 4616 1392 4669 τὰ
1421 4616 1709 4686 ἀπόρῥητα
1744 4614 1925 4682 ἀγαθὰ
1945 4657 1960 4679 ,
1989 4614 2056 4669 ἂν

473 4703 602 4770 περὶ
636 4701 986 4764 ἀναστάσεως
1026 4700 1323 4771 διαλεχθῶ,
1360 4702 1420 4754 ού
1464 4701 1622 4772 μόνον
1658 4701 1756 4752 οὐκ
1785 4699 2053 4766 ἀνέξεται,

471 4785 609 4840 ἀλλὰ
637 4788 730 4840 καὶ
761 4787 1069 4854 γελάσεται.
1107 4786 1277 4839 Πόθεν
1319 4783 1414 4840 οὖν
1440 4787 1600 4840 αὑτὸν
1623 4786 1883 4857 ἐνάξομεν
1907 4828 1922 4850 ,
1961 4787 2054 4841 καὶ

475 4869 710 4940 μάλιστα
747 4871 844 4923 ἐὰν
887 4868 1097 4940 ἰδιώτης
1187 4887 1200 4934 ;
1248 4870 1417 4923 Πόθεν
1445 4869 1666 4924 ἄλλοθεν
1688 4910 1703 4934 ,
1733 4868 1850 4924 ἀλλ’
1885 4869 1917 4939 ἢ
1947 4870 2056 4924 ἀπὸ

471 4955 580 5009 τῶν
626 4955 753 5024 παρ’
787 4953 923 5024 ἐμοῦ
953 4955 1048 5008 καὶ
1088 4953 1254 5008 αὐτοῦ
1285 4955 1478 5016 κοινῶς
1511 4956 1605 5009 καὶ
1646 4957 2056 5028 ἀναντιρῥήτως

470 5038 918 5109 ὁμολογουμένων
948 5079 963 5102 ,
997 5039 1090 5092 καὶ
1145 5039 1281 5111 πρὸς
1328 5039 1364 5092 ἃ
1395 5039 1712 5109 ἀμφιϐόλως
1755 5041 1854 5092 οὐκ
1903 5039 2052 5108 ἔχεις

471 5123 553 5176 ὅτι
578 5126 674 5194 μὲν
693 5127 801 5195 γὰρ
823 5124 1049 5195 οὐρανὸν
1075 5124 1295 5194 ἐποίησε
1315 5124 1410 5178 καὶ
1431 5123 1501 5176 τά
1529 5123 1682 5189 ἄλλα,
1709 5123 1854 5196 ἅπερ
1877 5119 2049 5186 εἶπον,

473 5208 568 5260 ἐὰν
599 5209 886 5279 ὑποθῶμαι
913 5253 926 5272 ,
960 5210 1059 5262 οὐκ
1093 5211 1157 5262 ἂν
1186 5211 1472 5278 ἀνάσχοιτο
1505 5210 1792 5279 πεισθῆναι
1829 5209 2050 5280 ῥαδίως.

473 5291 608 5344 Τίνα
643 5291 736 5345 οὖν
767 5293 913 5345 ἐστιν
948 5292 983 5346 ἃ
1007 5293 1099 5345 καὶ
1127 5295 1330 5356 ἐκεῖνος
1357 5293 1610 5363 ὁμολογεῖ
1640 5294 1801 5345 αὐτὴν
1825 5310 2052 5362 πεποιη-

474 5376 649 5439 κέναι,
684 5379 778 5430 καὶ
801 5377 1052 5446 οὐδαμῶς
1087 5377 1152 5430 ἂν
1179 5377 1451 5441 ἀντείποι;
1480 5378 1602 5432 ’Ὁτι
1631 5379 1691 5431 τὸ
1713 5377 2056 5449 Χριστιανῶν

474 5459 632 5529 γένος
656 5461 818 5523 αὐτὸς
862 5462 1158 5529 ἐφύτευσεν
1183 5478 1196 5492 °
1233 5462 1291 5514 ού
1333 5462 1442 5531 γὰρ
1473 5462 1538 5532 δὴ
1579 5462 1675 5515 καὶ
1723 5461 1859 5532 πρὸς
1899 5461 2057 5514 τοῦτο

474 5545 706 5614 ἀντερεῖ,
731 5545 812 5597 ὅτι
832 5546 931 5608 τὰς
957 5547 1233 5616 πανταχοῦ
1259 5547 1358 5616 τῆς
1383 5547 1708 5617 οἰκουμένης
1731 5546 2058 5617 Ἐκκλησίας

473 5629 638 5691 αὐτὸς
667 5629 920 5699 ἐπήξατο.
955 5632 1090 5684 Ἀπδ
1119 5631 1323 5686 τούτων
1367 5629 1714 5701 παρεξόμεθα
1760 5631 1856 5700 τῆς
1899 5629 2059 5684 δυνά-

475 5730 626 5786 μεως
653 5713 818 5768 αὑτοῦ
848 5715 946 5785 τὴν
987 5715 1257 5782 ἀπόδειξιν
1279 5755 1294 5779 ,
1323 5717 1416 5769 καὶ
1455 5715 1700 5787 δείξομεν
1730 5715 1890 5768 αὐτὸν
1927 5715 2056 5770 ὄντα

535 5871 557 5894 ⁸
577 5871 764 5924 Collala
789 5885 900 5923 cum
924 5873 1034 5924 cod.
1055 5870 1193 5924 Culb.
1215 5872 1356 5935 5055,
1383 5872 1462 5924 ubi
1487 5885 1732 5937 perpauca
1755 5872 2051 5925 discrimina.

2155 2261 2308 2328 Θεὸν,
2335 2265 2429 2318 καὶ
2461 2266 2694 2339 ἐροῦμεν
2720 2270 2802 2326 ὅτι
2828 2270 2931 2324 οὐκ
2966 2270 3113 2326 ἐστιν
3135 2272 3420 2344 ἀνθρώπου
3453 2276 3615 2347 ψιλοῦ
3638 2297 3737 2335 το-

2156 2347 2356 2433 σαύτην
2379 2351 2443 2433 νέν
2473 2349 2664 2433 βραχεῖ
2692 2353 2869 2425 καιρῷ
2903 2355 3206 2426 περιελθεῖν
3237 2360 3562 2433 οἰκουμένην
3589 2403 3606 2426 ,
3638 2366 3737 2419 καὶ

2153 2429 2278 2501 γῆν,
2305 2432 2400 2516 καὶ
2426 2431 2715 2498 θάλατταν,
2741 2437 2835 2490 καὶ
2861 2439 2953 2490 ἐπὶ
2981 2439 3241 2505 τοιούτοις
3264 2429 3447 2496 καλεῖν
3471 2429 3736 2516 πράγμα-

2156 2529 2239 2598 σιν
2280 2515 2422 2570 οὓτω
2444 2557 2459 2583 ,
2491 2519 2582 2572 καὶ
2613 2520 2786 2574 ταῦτα
2816 2521 2920 2576 ὑπὸ
2942 2517 3142 2577 ἀτόπου
3169 2526 3457 2597 συνηθείας
3488 2515 3736 2598 προκατ-

2153 2597 2515 2685 ειλημμένους
2564 2601 2914 2676 ἀνθρώπους,
2965 2607 3166 2678 μᾶλλον
3213 2610 3270 2662 δέ
3317 2611 3422 2664 ὑπὸ
3464 2597 3738 2685 τοσαύτης

2155 2682 2357 2768 κακίας
2402 2685 2821 2756 κατεχομένους.
2869 2691 2978 2743 Kal
3007 2692 3158 2762 ὅμως
3195 2693 3380 2763 ἴσχυσε
3415 2695 3570 2768 [559]
3607 2682 3738 2752 τού-

2152 2780 2260 2850 των
2292 2767 2508 2820 πάντων
2551 2768 2613 2821 τὸ
2648 2771 2761 2824 τῶν
2796 2771 3100 2845 ἀνθρώπων
3138 2775 3291 2842 γένος
3341 2767 3737 2850 ἐλευθερῶσαι,

2152 2848 2272 2918 ούχὶ
2312 2851 2617 2920 Ῥωμαίους
2651 2854 2834 2923 μόνον.
2858 2856 2994 2910 ἀλλά
3013 2859 3106 2912 καὶ
3133 2860 3346 2931 Πέρσας
3366 2902 3380 2924 ,
3417 2865 3514 2916 καὶ
3537 2848 3738 2928 Ἵάπλῶς

2152 2931 2220 2986 τά
2250 2934 2355 2987 τῶν
2388 2935 2677 3009 βαρϐάρων
2710 2940 2861 3009 γένη.
2891 2941 2999 2994 Kal
3029 2938 3196 2997 ταῦτα
3221 2943 3608 3016 κατώρθωσεν,
3637 2949 3738 3018 οὐχ

2151 3018 2337 3082 ὅπλοις
2369 3019 2648 3091 χρώμενος
2668 3061 2682 3082 ,
2717 3023 2778 3075 οὐ
2809 3025 3069 3095 χρήματα
3091 3026 3346 3081 δαπανῶν
3370 3070 3384 3093 ,
3413 3030 3474 3082 ού
3506 3031 3740 3100 στρατό-

2153 3102 2290 3156 πεδα
2319 3104 2483 3157 κινῶν
2507 3145 2522 3164 .
2560 3105 2620 3158 οὐ
2656 3105 2924 3177 πολέμους
2952 3109 3347 3181 ἀναρῥιπίζων,
3381 3112 3519 3166 ἀλλά
3550 3114 3621 3166 δι’
3655 3115 3742 3168 ἐν-

2151 3185 2285 3240 δεκα
2309 3186 2406 3239 ἀνθ
2416 3185 2611 3258 ρώπων
2635 3188 2732 3259 τὴν
2756 3191 2930 3262 ἀρχὴν
2946 3233 2960 3257 ,
2991 3193 3218 3263 ἀσήμων
3239 3233 3253 3256 ,
3285 3193 3518 3247 εὐτελῶν
3543 3237 3558 3256 ,
3587 3197 3742 3266 ἀμα-

2155 3269 2284 3336 θῶν,
2315 3270 2558 3336 ίδιωτῶν,
2599 3274 2868 3344 πενήτων,
2899 3275 3160 3345 γυμνῶν,
3189 3276 3434 3343 ἀόπλων,
3459 3279 3740 3352 ἀνυποδή-

2151 3371 2260 3408 των
2283 3393 2299 3417 ,
2345 3354 2739 3426 μονοχιτώνων.
2795 3357 2861 3410 Τί
2899 3358 3042 3427 λέγω
3069 3398 3083 3419 .
3131 3359 3502 3431 κατώρθωσε;
3547 3367 3738 3417 πεῖσαι

2153 3437 2390 3510 ἠδυνήθη
2411 3438 2650 3494 τοσαῦτα
2678 3439 2818 3509 φύλα
2842 3440 3164 3513 ἀνθρώπων,
3191 3443 3253 3496 ού
3285 3445 3412 3514 περὶ
3451 3445 3562 3498 τῶν
3591 3464 3739 3518 παρ-

2155 3523 2321 3576 όντων
2351 3522 2510 3593 μόνον
2529 3564 2543 3587 ,
2575 3523 2712 3576 ἀλλά
2740 3524 2834 3576 καὶ
2867 3526 2997 3596 περὶ
3050 3525 3160 3578 τῶν
3193 3526 3494 3596 μελλόντων
3523 3529 3742 3598 φιλοσο-

2158 3607 2309 3674 φεῖν,
2345 3605 2439 3659 καὶ
2469 3606 2666 3672 νόμους
2707 3606 2992 3678 πατρῴους
3023 3605 3367 3673 ἀνασπάσαι,
3405 3610 3501 3664 καὶ
3530 3613 3742 3667 παλαιά

2156 3690 2252 3762 ἔθη
2287 3689 2522 3761 τοσούτῳ
2556 3689 2854 3760 ῥιζωθέντα
2891 3691 3068 3764 χρόνῳ
3095 3694 3158 3746 ἐκ
3189 3693 3352 3764 ῥιζῶν
3377 3694 3612 3756 ἀνελεῖν,
3647 3699 3742 3749 καὶ

2156 3775 2318 3845 ἕτερα
2368 3772 2757 3842 ἀντιφυτεῦσαι
2783 3813 2797 3836 ,
2831 3776 2924 3828 καὶ
2957 3775 3067 3827 τῶν
3109 3775 3346 3830 εὐκόλων
3379 3777 3742 3847 ἀπαγαγόντα

2156 3857 2236 3919 είς
2255 3856 2326 3909 τὰ
2345 3855 2577 3910 δύσκολα
2607 3855 2862 3925 ἐμϐαλεῖν
2889 3858 2955 3911 τά
2981 3859 3164 3920 αὑτοῦ,
3189 3861 3284 3912 καὶ
3313 3860 3485 3914 ταῦτα
3512 3863 3742 3932 ποιῆσαι

2157 3939 2560 4010 πολεμούμενον
2611 3940 2763 4011 παρὰ
2797 3941 3012 3995 πάντων
3038 3983 3052 4006 ,
3104 3945 3197 3995 καὶ
3252 3945 3480 4015 σταυρὸν
3531 3947 3742 4018 ὑπομε-

2160 4023 2453 4094 μενηκέναι
2502 4022 2895 4094 χλευαζόμενον
2947 4027 3043 4079 καὶ
3093 4025 3321 4080 θάνατον
3351 4029 3738 4084 ἐπονείδιστον.

2157 4107 2232 4159 Ού
2259 4106 2367 4178 γὰρ
2388 4106 2451 4178 δὴ
2482 4107 2731 4179 καὶπρὸς
2755 4107 2926 4160 ταῦτα
2953 4109 3288 4181 ἀντεροῦσιν,
3315 4111 3397 4165 ὅτι
3422 4113 3524 4165 οὐκ
3548 4115 3744 4169 ἐσταυ-

2160 4189 2305 4262 ρώθη
2342 4189 2448 4243 ὑπὸ
2487 4189 2781 4253 Ἰουδαίων,
2837 4193 2932 4245 καὶ
2976 4192 3044 4247 τά
3081 4195 3250 4266 μυρία
3285 4195 3448 4249 ἔπαθε
3481 4200 3618 4268 παρ’
3646 4199 3742 4252 αύσ⁵

2156 4274 2264 4328 τῶν
2291 4315 2306 4339 ,
2336 4275 2430 4328 καὶ
2458 4275 2540 4328 ὅτι
2567 4275 2691 4329 καθ’
2723 4277 2957 4347 ἑκάστην
2991 4278 3204 4348 ἡμέραν
3233 4279 3507 4333 ἐπιδίδωσι
3544 4281 3608 4334 τὸ
3643 4285 3742 4352 κή-

2159 4375 2364 4428 ρυγμα.
2394 4358 2504 4410 Kal
2534 4359 2596 4412 τὸ
2625 4359 2948 4431 παράδοξον,
2983 4362 3082 4414 οὐκ
3111 4362 3343 4418 ἐνταῦθα
3381 4363 3542 4434 μόνον
3561 4407 3576 4430 ,
3602 4365 3739 4418 ἀλλά

2157 4442 2253 4495 καὶ
2285 4441 2436 4513 παρά
2468 4441 2702 4512 Πέρσαις
2748 4442 2941 4510 ἀνθεῖ,
2983 4443 3065 4498 ἔτι
3115 4445 3207 4498 xal
3252 4445 3347 4500 νῦν
3391 4448 3523 4518 παρ’
3553 4449 3741 4513 αὐτοῖς

2159 4524 2288 4578 πολε
2297 4523 2397 4595 μού
2406 4541 2584 4593 μενον.

2227 4697 2338 4750 Kal
2371 4695 2479 4766 γάρ
2507 4695 2638 4768 παρ’
2659 4694 2888 4759 ἐκείνοις
2934 4693 3059 4768 άρτι
3091 4697 3381 4770 μαρτύρων
3421 4699 3586 4771 δῆμοι
3618 4704 3741 4756 πολ-

2159 4779 2242 4832 λο)⁸
2265 4818 2280 4842 ,
2312 4779 2405 4832 καὶ
2435 4781 2586 4850 ὅμως
2625 4781 2672 4833 οἱ
2700 4781 2794 4832 καὶ
2823 4779 3002 4833 λύκων
3032 4781 3209 4834 αὐτῶν
3235 4783 3559 4856 ἀγριώτεροι
3586 4785 3742 4850 δεξά-

2165 4881 2316 4935 μενοι
2346 4865 2407 4916 τὸ
2434 4866 2696 4936 κήρυγμα
2716 4904 2730 4928 ,
2773 4864 3060 4936 προϐάτων
3090 4866 3430 4939 ἡμερώτεροι
3457 4871 3735 4937 γεγόνασι.

2162 4948 2259 5002 καὶ
2292 4949 2420 5020 περὶ
2466 4949 2799 5012 ἀθανασίας,
2829 4949 2924 5002 καὶ
2972 4951 3099 5021 περὶ
3138 4953 3485 5016 ἀναστάσεως
3521 4953 3737 5022 φιλοσο-

2163 5032 2320 5102 φοῦσι
2343 5033 2434 5086 καὶ
2462 5031 2571 5086 τῶν
2599 5033 2924 5104 ἀπορῥήτων
2954 5032 3194 5102 ἀγαθῶν.

2231 5191 2295 5263 β’.
2329 5192 2441 5245 Ούκ
2467 5193 2524 5245 ἐν
2553 5193 2676 5254 ταῖς
2699 5189 2884 5243 πόλεσι
2915 5189 2972 5242 δὲ
2999 5189 3178 5260 μόνον,
3209 5189 3344 5243 ἀλλά
3381 5191 3473 5244 καὶ
3519 5192 3599 5255 είς
3642 5193 3740 5263 τὴν

2159 5274 2362 5348 ἔρημον
2389 5273 2562 5328 ταῦτα
2581 5273 2768 5344 ἐξῆλθε
2788 5272 2856 5326 τὰ
2876 5272 3294 5343 κατορθώματα,
3319 5276 3413 5326 καὶ
3429 5276 3507 5337 είς
3524 5275 3738 5345 κώμας,

2156 5360 2250 5413 xal
2277 5361 2356 5423 εἰς
2385 5357 2568 5429 χώρας
2587 5397 2602 5421 ,
2632 5359 2727 5410 καὶ
2756 5357 2836 5418 εἰς
2866 5360 3063 5426 νήσους
3103 5357 3197 5409 καὶ
3242 5358 3448 5429 ὅρμους
3478 5360 3574 5412 καὶ
3620 5360 3739 5411 ἐπί-

2155 5461 2272 5496 νεια
2302 5459 2315 5473 ο
2351 5443 2443 5494 καὶ
2474 5442 2573 5494 οὐκ
2610 5439 2849 5504 ἰδιῶται,
2881 5439 3004 5492 ούδέ
3041 5439 3297 5510 ἄρχοντες
3339 5437 3526 5505 ἁπλῶς
3551 5485 3564 5505 ,
3602 5443 3737 5498 ἀλλά

2157 5528 2250 5580 καὶ
2277 5525 2431 5578 αὐτοὶ
2458 5525 2506 5576 οἱ
2534 5522 2600 5576 τά
2625 5523 2933 5593 διαδήματα
2959 5522 3348 5593 περικείμενοι,
3378 5525 3515 5592 με·ιά
3540 5525 3736 5595 πολλῆς

2157 5612 2294 5662 εἰσιν
2350 5607 2780 5678 ὑποτεταγμένοι
2812 5607 2911 5674 τῆς
2944 5606 3177 5670 πίστεως
3214 5606 3290 5677 τῷ
3344 5609 3732 5680 σταυρωθέντι.

2161 5695 2272 5746 Καὶ
2297 5694 2378 5746 ὅτι
2402 5689 2574 5744 ταῦτα
2613 5690 2789 5744 πάντα
2817 5689 2916 5759 οὐχ
2959 5688 3144 5752 ἁπλῶς
3172 5691 3411 5757 γέγονεν,
3437 5691 3576 5744 ἀλλά
3600 5695 3732 5761 μετά

2163 5777 2518 5847 προρῥήσεως
2547 5773 2652 5844 πρὸ
2675 5772 2868 5826 πολλοῦ
2896 5773 3267 5844 γεγενημένης
3292 5774 3505 5844 χρόνου,
3531 5775 3620 5827 ἐπὶ
3643 5774 3730 5828 τυῦ

2165 5859 2428 5932 παρόντος
2475 5855 2751 5923 ἀποδεῖξαι
2811 5857 3183 5930 πειράσομαι·
3239 5857 3437 5929 μᾶλλον
3487 5859 3545 5913 δέ
3592 5856 3727 5912 ὥστε
