3868 6246
114 384 223 442 813

678 380 950 435 CONTRA
990 376 1272 436 JUDAZOS
1309 376 1788 455 EPGENTILES.
1831 376 2014 446 QUOD
2052 372 2387 432 CHRISTUS
2424 372 2530 429 SIT
2568 368 2767 427 DEUS.

3264 357 3368 417 8H

252 1364 572 1409 ADVERSUS
615 1361 868 1407 JUDEOS
912 1362 992 1403 ET
1032 1357 1336 1403 GENTILES
1392 1350 1903 1400 DEMONSTRATIO.
1948 1349 2118 1402 QUOD
2175 1345 2477 1391 CHRISTUS
2520 1344 2619 1387 SIT
2663 1342 2846 1395 DEUS,
2893 1340 2977 1383 EX
3020 1340 3125 1394 IIS,
3169 1336 3311 1391 Οἱ]Ᾰᾶ

799 1462 1031 1505 MULTIS
1076 1460 1140 1503 IN
1187 1458 1360 1503 LOCIS
1404 1457 1486 1501 DE
1530 1453 1671 1498 Πιιο
1714 1452 1907 1496 υιοτΑ
1950 1450 2112 1495 SUNT
2154 1450 2321 1493 APUD
2352 1446 2739 1490 PROPHETAS.

193 2281 241 2335 Ι.
275 2277 543 2346 Quoniam
574 2275 818 2346 plerique
848 2271 1149 2333 hominum,
1176 2269 1371 2325 sive'ex
1396 2265 1580 2319 innata
1603 2276 1695 2319 so-

119 2371 325 2438 cordia,
355 2370 469 2425 sive
489 2383 555 2423 ex
597 2366 763 2421 nimia
800 2362 1141 2420 saecularium
1172 2372 1376 2423 rerum,
1404 2355 1603 2425 quibus
1632 2367 1693 2408 se

118 2462 463 2527 dediderunt,
496 2475 627 2515 cura
656 2465 819 2528 atque
849 2454 1234 2515 sollicitudine,
1271 2451 1363 2505 alii
1389 2462 1515 2505 vero
1538 2448 1693 2519 igno-

118 2554 291 2611 rantia
317 2551 754 2624 magnagde‘tenti,
775 2548 1015 2620 prolixos
1031 2559 1310 2602 sermones
1333 2559 1443 2598 non
1462 2542 1693 2597 libenter

121 2650 370 2712 audiunt,
388 2661 566 2717 opera:
591 2645 823 2716 pretium
844 2643 1019 2697 visum
1042 2624 1147 2703 est,
1169 2636 1496 2707 multiloquii
1522 2635 1690 2690 mole-

119 2742 274 2796 stiam
311 2753 566 2795 resecare
600 2756 613 2791 :
644 2745 703 2791 ut
735 2735 1004 2792 sermonis
1033 2732 1300 2788 brevitate
1340 2747 1461 2784 cum
1510 2728 1690 2800 segni-

118 2834 239 2888 tiem
264 2847 456 2887 eorum
481 2831 684 2893 tollam,
713 2837 825 2882 tum
854 2829 939 2889 iis.
958 2826 1048 2896 qui
1067 2828 1119 2880 in
1140 2824 1387 2879 lectionis
1407 2821 1684 2877 fastidium

119 2924 353 2995 prolapsi
381 2934 527 2987 sunt,
563 2922 842 2984 suadeam,
875 2928 933 2973 ut
954 2917 1217 2989 prasenti‘
1239 2915 1471 2970 orationi
1494 2928 1686 2984 magna

118 3031 233 3069 cum
262 3015 550 3069 aclaritate
564 3027 726 3067 aures
748 3012 1040 3082 przebeant.
1060 3010 1184 3063 ldeo
1209 3008 1372 3064 mtllis
1399 3008 1683 3061 verborum

116 3107 511 3174 nominumque
545 3105 825 3159 lenociniis
856 3110 1037 3164 utens,
1070 3101 1164 3157 sed
1200 3100 1345 3155 dicta
1379 3099 1461 3153 sic
1480 3108 1685 3168 tempe-

117 3212 261 3259 rans,
300 3208 364 3250 ut
396 3194 623 3258 famulo,
657 3195 889 3258 ancillae,
919 3194 1115 3254 viduae,
1146 3190 1406 3255 institori,
1437 3200 1614 3246 nauta:
1633 3198 1685 3246 et

117 3289 361 3359 agricolae
394 3298 555 3358 captu
592 3286 769 3342 facilia
793 3288 926 3352 sint,
954 3287 1203 3342 brevitati
1239 3287 1481 3356 insuper,
1513 3300 1686 3355 quan-

119 3387 225 3432 tum
259 3379 342 3434 fas
376 3380 501 3441 erit,
539 3379 738 3449 ubique
754 3380 981 3435 studebo
1014 3379 1351 3449 :paucisque
1378 3378 1680 3434 doctrinam

120 3470 325 3525 tradere
354 3478 598 3540 satagam
630 3489 643 3524 :
670 3478 833 3540 atque
863 3482 1093 3540 utroque
1133 3471 1293 3525 modo
1332 3471 1682 3526 oscitantium

115 3558 419 3613 auditorum
451 3558 635 3614 studia
659 3560 948 3627 excitabo;
980 3575 1088 3630 quo
1113 3562 1271 3617 facile
1296 3571 1350 3616 et
1375 3562 1580 3633 absque
1603 3563 1684 3617 la-

115 3651 238 3707 bore
254 3652 371 3705 haec
401 3653 681 3722 percipere
710 3653 942 3723 possint,
968 3653 1143 3724 iisque
1167 3654 1225 3719 in
1246 3656 1505 3710 memoria
1527 3672 1675 3727 repo-

115 3744 250 3806 sitis,
302 3744 517 3798 lucrum
552 3744 677 3799 inde
715 3752 1013 3814 reportent.
1060 3745 1303 3801 Primum
1340 3756 1520 3803 autem
1555 3762 1679 3803 cum

115 3831 420 3888 Gentilibus
437 3848 633 3887 manus
648 3848 954 3889 conseram.
977 3833 1109 3888 Nam
1136 3835 1181 3891 si
1206 3836 1408 3890 dixerit
1429 3837 1678 3904 Gentilis,

119 3924 253 3978 unde
267 3924 618 3980 manifestum
643 3935 727 3981 est
745 3927 1020 3982 Christum
1041 3942 1161 3983 esse
1177 3928 1340 3982 Deum
1359 3930 1519 3999 ?(hoc
1537 3930 1681 3984 enim

116 4024 231 4071 ante
265 4017 449 4071 omnia
486 4018 822 4087 praestituere
848 4027 1083 4089 oportet,
1114 4028 1301 4090 utpote
1333 4036 1457 4075 cum
1489 4030 1683 4079 caetera

115 4103 233 4160 inde
259 4106 688 4175 consequantur)
707 4120 814 4160 non
839 4122 867 4157 a
891 4106 1031 4161 caalo
1056 4106 1576 4165 demonstrationem
1596 4127 1685 4182 pe~

116 4199 296 4260 temus,
328 4208 508 4263 neque
551 4194 618 4249 ab
646 4194 764 4249 aliis
812 4193 863 4247 id
890 4208 1079 4263 genus.
1115 4192 1246 4248 Nam
1283 4194 1330 4250 si
1361 4194 1435 4249 illi
1464 4193 1678 4263 dixero,

112 4282 288 4337 etclam
332 4284 554 4351 creavit,
597 4293 793 4338 terram
833 4285 959 4338 item
1003 4284 1085 4338 vel
1125 4299 1293 4349 mare,
1342 4285 1394 4361 id
1437 4285 1549 4356 ipse
1575 4301 1681 4340 non

112 4373 266 4439 feret;
303 4374 347 4429 si
378 4374 586 4441 dixero,
630 4385 867 4430 mortuos
910 4376 1202 4437 suscitavit.
1248 4392 1419 4432 caecos
1455 4378 1678 4443 curavit,

114 4463 373 4521 daemonas
427 4465 645 4535 fugavit,
686 4482 861 4536 neque
907 4465 1011 4521 hoc
1056 4466 1330 4533 admittet;
1376 4469 1420 4523 si
1474 4469 1681 4535 dixero,

112 4570 321 4625 regnum
350 4559 597 4627 promisit
622 4568 676 4613 et
704 4560 907 4614 occulta
938 4559 1097 4623 bona,
1129 4560 1174 4614 si
1198 4559 1266 4616 de
1290 4563 1683 4617 resurrectione

112 4646 261 4700 verba
288 4648 490 4713 fecero,
523 4650 625 4704 hoc
654 4665 757 4703 non
790 4651 949 4705 modo
978 4667 1081 4706 non
1116 4653 1352 4722 recipiet,
1383 4654 1476 4708 sed
1520 4655 1682 4709 etiam

111 4735 315 4795 ridebit.
349 4740 499 4797 Unde
527 4742 704 4811 igitur,
736 4744 967 4797 maxime
1004 4745 1046 4797 si
1088 4743 1249 4799 idiota
1289 4745 1378 4809 sit,
1419 4746 1564 4799 illum
1594 4746 1679 4800 in-

113 4832 424 4889 stituemus?
452 4833 624 4899 Unde,
660 4836 891 4905 inquam,
936 4836 1035 4890 nisi
1061 4852 1125 4891 ex
1158 4837 1242 4902 iis,
1272 4853 1390 4907 quae
1418 4837 1556 4906 apud
1597 4854 1685 4894 mc

112 4932 160 4975 et
203 4924 348 4978 illum
396 4924 448 4978 in
507 4924 755 4979 confesso
797 4935 940 4991 sunt,
989 4942 1088 4982 nec
1138 4928 1191 4981 in
1233 4927 1451 4982 dubium
1501 4918 1682 4983 vocari

117 5024 343 5080 possunt.
368 5014 503 5069 Nam
543 5016 586 5069 si
627 5030 918 5084 supponam
959 5017 1129 5086 ipsum
1160 5018 1463 5073 condidisse
1492 5020 1682 5075 carlum

116 5113 163 5155 et
185 5104 305 5172 alia,
334 5121 453 5175 quae
480 5105 608 5169 dixi,
657 5106 707 5160 id
736 5106 825 5161 ille
870 5121 976 5161 non
1019 5107 1170 5162 facile
1196 5110 1397 5163 credet.
1427 5111 1683 5177 Quzenam

117 5194 263 5264 igitur
289 5208 416 5252 sunt
448 5214 532 5265 ea,
564 5214 683 5268 quae
712 5199 883 5268 ipsum
910 5198 1103 5255 fecisse
1142 5200 1365 5255 Geutilis
1410 5201 1530 5271 ipse
1555 5202 1686 5257 fate-

122 5296 215 5352 tur,
244 5305 416 5359 neque
458 5306 653 5361 negare
694 5291 907 5361 potest?
947 5290 1097 5359 Quod
1141 5290 1559 5348 Christianorum
1588 5309 1683 5364 ge-

119 5395 208 5433 nus
229 5381 339 5450 ipse
364 5383 660 5439 fundaverit
687 5402 701 5439 :
735 5400 906 5455 neque
933 5385 1073 5439 enim
1111 5385 1237 5440 illud
1268 5398 1553 5456 negaturus
1579 5399 1683 5455 est,

120 5473 245 5539 quo-l
276 5475 555 5531 universas
579 5491 673 5546 per
692 5476 880 5531 orbem
908 5477 1176 5531 Ecclesias
1203 5477 1522 5533 condiderit.
1552 5478 1687 5536 Hinc

119 5564 222 5629 ejus
253 5567 499 5633 potentiae
536 5576 906 5636 argumentum
946 5567 1225 5633 ducemus,
1258 5579 1311 5623 et
1343 5569 1688 5625 ostendemus

118 5652 281 5719 ipsum
304 5669 431 5711 vere
473 5657 639 5712 Deum
687 5672 849 5714 esse:
883 5657 1222 5730 dicemusque
1259 5674 1364 5713 non
1407 5674 1527 5715 esse
1570 5662 1685 5732 puri

1790 2273 2023 2329 hominis
2072 2282 2276 2329 tantum
2325 2272 2536 2340 orbem,
2583 2283 2804 2340 terram,
2857 2291 3025 2343 mare,
3074 2285 3181 2333 tam
3230 2277 3377 2334 brevi

1789 2373 2026 2435 tempore
2069 2364 2378 2434 pervadere,
2414 2374 2468 2420 et
2506 2364 2575 2420 ad
2610 2380 2698 2420 res
2740 2374 2913 2422 tantas
2952 2382 3212 2433 evocare;
3253 2384 3376 2424 cum

1789 2456 2025 2511 maxime
2068 2464 2176 2510 tam
2222 2455 2468 2511 absurdis
2511 2458 2749 2512 moribus
2782 2459 2977 2513 assueti
3019 2459 3258 2514 homines
3294 2476 3380 2517 es-

1793 2555 1934 2612 sent,
1962 2555 2018 2602 et
2049 2555 2126 2602 tot
2152 2548 2306 2602 malis
2330 2548 2537 2603 irretiti.
2567 2548 2635 2602 Et
2662 2558 2837 2603 tamen
2870 2550 3040 2618 potuit
3067 2550 3156 2605 ille
3186 2550 3379 2605 buma-

1794 2654 1923 2693 num
1955 2652 2125 2709 genus
2150 2639 2219 2693 ab
2260 2638 2342 2693 his
2373 2638 2623 2694 omnibus
2658 2639 2922 2705 liberare;
2968 2655 3073 2695 non
3108 2641 3376 2695 Romanos

1796 2740 2020 2797 tantum,
2059 2731 2154 2786 scd
2176 2732 2366 2787 Persas
2389 2740 2444 2786 et
2468 2746 2630 2787 omne
2654 2732 3007 2787 Barbarorum
3034 2749 3221 2803 genus.
3252 2735 3375 2790 ilzec

1794 2838 1957 2893 porro
1984 2822 2107 2877 fecit
2152 2838 2257 2877 non
2308 2821 2471 2877 armis
2515 2838 2662 2887 usus,
2711 2840 2816 2878 non
2844 2826 3164 2894 sumptibus,
3216 2827 3376 2881 nullis

1792 2915 2135 2982 exercitibus,
2165 2929 2271 2969 non
2293 2914 2590 2969 commissis
2618 2916 2834 2985 praaliis,
2863 2915 2956 2970 sed
2985 2916 3242 2986 principio
3286 2933 3378 2987 per

1795 3006 2041 3061 undecim
2093 3006 2259 3071 viros,
2324 3006 2603 3075 ignobiles,
2660 3007 2808 3071 viles,
2874 3007 3105 3077 ignaros,
3160 3007 3369 3074 idiotas,

1794 3112 2077 3168 pauperes,
2110 3097 2302 3161 nudos,
2331 3098 2580 3161 inermes,
2629 3098 2823 3152 calceis
2857 3108 3121 3165 carentes,
3164 3115 3266 3154 una
3298 3109 3379 3154 tu-

1795 3190 1913 3244 nica
1943 3198 2133 3243 tectos.
2173 3188 2307 3254 Quid
2349 3188 2489 3252 dico,
2536 3188 2702 3244 fecit?
2732 3189 3060 3245 Persuadere
3092 3192 3261 3261 potuit
3301 3201 3378 3244 tet

1793 3280 2070 3335 hominum
2104 3281 2370 3349 gentibus,
2416 3289 2476 3334 ut
2518 3296 2623 3335 non
2657 3281 2725 3336 de
2754 3283 3104 3351 prtesentibus
3150 3292 3374 3349 tantum,

1794 3371 1890 3427 sed
1921 3372 2080 3425 etiam
2108 3371 2176 3425 de
2217 3371 2405 3425 futuris
2432 3371 2954 3441 philOSOpbarentur,
2991 3384 3153 3444 utque
3182 3377 3377 3444 patrias

1794 3462 1938 3532 leges
1984 3463 2298 3527 evellerent,
2357 3473 2670 3533 veteresque
2717 3480 2895 3519 mores
2946 3474 3094 3520 tanto
3141 3477 3380 3535 tempore

1793 3555 2060 3610 radicatos
2111 3554 2324 3624 penitus
2379 3554 2646 3622 tollerent,
2688 3556 2928 3625 aliosque
2973 3557 3375 3622 substituerent,

1794 3646 1883 3717 qui
1924 3646 1991 3699 ab
2030 3646 2258 3701 assuetis
2283 3656 2337 3700 et
2379 3645 2621 3702 facilibus
2660 3646 2726 3700 ad
2756 3647 3053 3702 difficiliora
3098 3649 3215 3717 ejus
3243 3665 3379 3719 pra:-

1795 3747 1948 3807 cepta
1975 3736 2330 3790 traducerent.
2362 3736 2487 3789 Haec
2511 3752 2641 3791 vero
2671 3736 2845 3793 facere
2889 3737 3077 3807 potuit,
3117 3739 3242 3792 dum
3282 3753 3378 3809 op-

1793 3836 2115 3899 pugnaretur
2133 3827 2199 3881 ab
2220 3826 2503 3881 omnibus:
2531 3842 2851 3897 crucemque
2878 3828 3147 3894 sustinuit,
3178 3829 3377 3885 infame

1791 3919 2126 3988 supplicium,
2172 3933 2235 3973 ac
2277 3927 2507 3973 mortem
2556 3918 3140 3988 ignominiosissimam.
3188 3919 3371 3991 Neque

1791 4011 1933 4066 enim
1960 4011 2228 4079 negabunt
2255 4010 2428 4079 ipsum
2453 4025 2481 4063 a
2508 4009 2709 4065 Judaeis
2733 4010 3042 4065 crucifixum
3070 4013 3377 4068 innumera-

1788 4117 1894 4171 que
1915 4101 1984 4156 ab
2012 4102 2118 4156 illis
2144 4116 2359 4171 passum
2399 4116 2539 4166 esse,
2571 4111 2625 4156 et
2651 4111 2826 4157 tamen
2856 4103 3092 4172 quotidie
3119 4104 3375 4173 prtedica-

1792 4192 1991 4247 tionem
2029 4206 2339 4247 accrescere
2370 4190 2652 4262 :quodque
2680 4192 2991 4248 incredibile
3017 4193 3280 4259 videatur,
3311 4210 3375 4250 ea

1789 4299 1897 4338 non
1924 4284 2012 4339 hic
2039 4293 2265 4350 tantum,
2297 4283 2389 4339 sed
2414 4292 2470 4339 et
2491 4284 2630 4354 apud
2657 4284 2847 4340 Persas
2864 4284 3039 4352 floret,
3063 4288 3274 4343 etiamsi
3302 4289 3374 4343 ab

1789 4375 1897 4430 illis
1917 4385 2273 4445 Oppugnctur.

1861 4466 1929 4521 In
1972 4467 2182 4522 Perside
2224 4467 2480 4539 Martyres
2524 4468 3018 4524 multi.—Etenim
3067 4470 3207 4539 apud
3254 4470 3375 4525 illos

1790 4572 2000 4626 quoque
2021 4566 2313 4627 martyrum
2339 4559 2582 4613 examina
2611 4559 2778 4613 multa
2810 4577 2823 4612 :
2847 4568 2902 4613 et
2927 4569 3101 4614 tamen
3129 4561 3216 4631 qui
3248 4562 3375 4630 ipsis

1790 4649 1930 4718 lupis
1956 4649 2248 4705 ferociores
2288 4661 2462 4718 erant,
2495 4662 2711 4721 accepta
2751 4652 3145 4721 praedicatione,
3188 4654 3376 4707 ovibus

1792 4738 2184 4793 mansuetiores
2225 4754 2446 4796 evasere
2480 4759 2493 4795 :
2511 4740 2728 4809 jamque
2766 4740 2833 4795 de
2864 4740 3278 4807 immortalitate,
3309 4741 3377 4797 de

1791 4831 2186 4886 resurrectione
2206 4842 2259 4886 et
2278 4831 2346 4887 de
2369 4832 2722 4888 ineﬂabilibus
2744 4833 2896 4888 bonis
2917 4834 3373 4904 philosophantur.

1860 4923 1914 4977 2.
1955 4924 2211 4978 Christum
2240 4924 2399 4979 Deum
2433 4936 2480 4979 et
2509 4926 2761 4979 hominem
2789 4929 3011 4997 futurum
3041 4943 3147 4981 esse
3186 4927 3376 4996 prwdi-
3426 4984 3431 4989 ,

1791 5027 1925 5071 ctum
1944 5027 2035 5073 est.
2060 5048 2133 5058 —
2158 5006 2272 5073 Non
2303 5019 2355 5072 in
2385 5019 2602 5073 urbibus
2627 5027 2852 5084 tantum,
2889 5020 2981 5073 sed
3011 5018 3168 5073 etiam
3197 5019 3247 5072 in
3272 5019 3374 5073 lle-

1794 5116 1939 5164 serto
1982 5108 2098 5163 haec
2128 5109 2381 5178 praeclare
2416 5118 2563 5177 gesta
2600 5109 2801 5173 videas,
2835 5111 2886 5163 in
2915 5109 3067 5173 vicis,
3117 5110 3169 5162 in
3212 5110 3373 5178 agris,

1792 5202 1846 5255 in
1875 5202 2087 5267 insulis,
2116 5202 2168 5255 itt
2201 5201 2455 5271 portubus
2477 5211 2530 5255 et
2557 5200 2832 5255 navalibus
2864 5218 2878 5255 :
2911 5216 3014 5254 non
3045 5200 3241 5266 idiotze,
3271 5216 3373 5257 non

1795 5294 2064 5363 principes
2106 5302 2332 5359 tantum,
2382 5292 2477 5347 sed
2518 5293 2595 5347 illi
2640 5292 2740 5362 ipsi
2781 5293 2869 5363 qui
2907 5292 3205 5348 diademate
3244 5294 3376 5349 redi-

1794 5388 2050 5450 miuntur,
2075 5386 2329 5441 crucifixo
2352 5402 2539 5457 magna
2564 5402 2684 5441 cum
2711 5386 2814 5443 fide
2838 5387 3034 5441 subditi
3057 5396 3201 5442 sunt.
3224 5389 3373 5455 Quod

1793 5488 1969 5532 autem
1992 5476 2107 5532 haec
2130 5492 2237 5532 non
2262 5487 2464 5532 temere
2491 5478 2828 5548 contigerint,
2855 5479 2948 5533 sed
2970 5479 3060 5532 diu
3088 5489 3212 5534 ante
3235 5494 3374 5549 prm-

1793 5570 1933 5626 dicta
1963 5571 2090 5637 sint,
2109 5570 2219 5639 jam
2241 5570 2611 5625 demonstrare
2641 5571 2896 5626 conabor.
2926 5573 3039 5626 lmo
3058 5587 3203 5635 vero,
3227 5580 3284 5625 ut
3310 5588 3381 5625 ne

1791 5678 1972 5719 sermo
1999 5671 2180 5718 noster
2206 5671 2484 5733 suspectus
2514 5663 2603 5730 sit,
2634 5676 2811 5733 operte
2839 5663 3066 5733 pretium
3087 5663 3187 5719 erit
3210 5661 3372 5719 libros
