3926 6294
434 358 541 418 815

438 486 768 547 Judteornm,
792 481 878 549 qui
909 480 1079 548 ipsum
1106 474 1504 535 cruciﬁxerunt,
1537 471 1587 524 in
1635 467 1865 522 medium
1894 478 2018 533 pro-

440 575 600 638 ferre,
629 574 967 642 ipsorumque
987 565 1286 622 testimonia
1308 580 1371 618 ex
1393 561 1697 630 Scripturis,
1719 572 1835 627 qum
1851 568 2015 625 penes

441 684 536 723 eos
583 674 943 726 asservantur,
981 670 1238 728 excerpta
1285 660 1384 712 sub
1426 655 1815 710 incredulorum
1855 651 2024 707 oculis

444 771 773 828 percurrere.
800 753 950 822 Quod
983 753 1139 820 igitur
1162 751 1305 804 Deus
1327 749 1484 800 homo
1511 745 1716 799 futurus
1737 744 1824 844 siit,
1853 744 2022 795 Deus-

447 863 553 916 que
599 860 899 909 mansurus,
934 843 1135 912 primus
1178 841 1414 894 omnium
1445 837 1574 891 dicit
1599 831 1856 890 Jcremias
1883 850 1898 883 :
1929 831 2026 885 llic

446 936 583 991 Deus
621 945 804 1000 noster,
839 951 940 988 non
988 933 1300 1002 reputabitur
1338 931 1468 981 illius
1511 927 1579 980 ad
1607 927 1770 980 illum.
1821 922 2029 976 Invenit

447 1044 643 1082 omnem
664 1027 795 1078 viam
820 1025 1062 1082 scientite,
1086 1033 1131 1076 et
1154 1022 1290 1075 dedit
1311 1021 1453 1073 illam
1473 1017 1632 1071 Jacob
1663 1033 1818 1086 puero
1843 1030 1955 1078 suo,
1982 1021 2030 1067 et

451 1115 620 1171 Israel
646 1115 826 1168 dilecto
854 1131 963 1167 suo.
1007 1112 1128 1166 Post
1161 1112 1266 1164 luec
1293 1111 1344 1163 in
1375 1120 1506 1162 terra
1535 1109 1670 1161 visus
1713 1117 1806 1171 est,
1841 1115 1886 1160 et
1915 1122 2029 1158 cum

452 1205 735 1261 hominibus
779 1215 1097 1258 conversatus
1141 1213 1212 1256 est
1254 1200 1462 1271 (Barac.
1520 1200 1574 1254 5.
1619 1198 1826 1263 36-58).
1876 1195 2030 1250 Vides

452 1297 720 1370 quomodo
743 1298 924 1370 omnia
948 1296 1128 1365 paucis
1150 1294 1326 1349 verbis
1348 1293 1654 1359 declaravit,
1681 1307 1868 1360 nempe
1888 1289 2029 1361 quod

457 1368 597 1443 Deus
624 1368 1102 1451 exsistens,homo
1142 1383 1312 1437 factus
1359 1383 1451 1447 sit,
1488 1392 1542 1437 et
1579 1398 1697 1436 cum
1733 1380 2033 1434 hominibus

456 1489 800 1533 conversatus
843 1479 949 1542 sit;
977 1486 1029 1531 et
1057 1475 1197 1546 quod
1232 1488 1467 1530 veterem
1499 1474 1670 1543 legem
1711 1473 1824 1542 ipse
1858 1471 2036 1525 condi-

463 1569 640 1624 derit?
665 1569 795 1622 Nam
829 1567 1045 1633 Invenit,
1091 1567 1279 1635 inquit,
1313 1582 1508 1620 onmem
1547 1567 1678 1617 viam
1718 1564 1956 1626 scientiaz,
1987 1571 2036 1615 et

457 1660 595 1712 dedit
628 1659 769 1712 illam
797 1657 958 1711 Jacob
987 1673 1139 1726 puero
1168 1673 1280 1720 suo,
1310 1665 1356 1709 et
1387 1655 1550 1709 Israel
1578 1655 1758 1708 dilecto
1800 1671 1908 1706 suo.
1942 1653 2038 1706 llic

457 1751 652 1820 quippe
678 1749 853 1816 docet,
876 1750 1035 1803 etiam
1065 1759 1188 1802 ante
1215 1746 1634 1802 lucarnationem
1661 1747 1831 1814 ipsum
1860 1746 2037 1797 omnia

460 1843 822 1912 dispensasse,
855 1842 1138 1910 omniaque
1168 1839 1378 1905 fecisse,
1412 1839 1580 1909 legem
1618 1839 1886 1899 statuisse,
1915 1851 2038 1905 pro-

460 1932 674 1997 vidisse,
707 1947 942 1997 curasse,
984 1930 1332 1985 benel‘ecisse.
1379 1929 1530 1982 Alius
1567 1930 1754 1982 iterum
1785 1926 2038 1995 propheta

461 2021 728 2093 quomodo
758 2021 900 2076 dicat
929 2023 1099 2091 ipsutn
1146 2035 1250 2074 non
1283 2019 1443 2074 modo
1483 2020 1749 2072 hominem
1781 2017 2038 2078 futurum,

464 2113 558 2168 sed
591 2114 748 2167 etiam
793 2128 861 2166 ex
897 2111 1114 2182 Virgine
1162 2111 1506 2174 nasciturum,
1544 2109 1702 2162 audi:
1733 2109 1864 2161 Ecce
1904 2109 2041 2178 virgo

465 2205 516 2257 in
551 2214 692 2257 utero
735 2202 951 2269 habebit,
998 2213 1042 2256 et
1085 2203 1245 2269 pariet
1273 2201 1454 2269 ﬁlium,
1494 2210 1539 2253 et
1579 2199 1825 2252 vocabunt
1863 2215 2044 2251 nomen

463 2295 575 2364 ejus
603 2292 905 2346 Emmanuel
949 2293 973 2361 {
1000 2290 1126 2344 Hes.
1165 2287 1215 2340 7.
1249 2287 1375 2357 ﬂ).
1413 2285 1567 2352 Quod
1608 2287 2041 2356 interpretantur,

454 2384 755 2438 -.Nobiscttm
797 2383 952 2437 Deus.
983 2381 1183 2437 Deinde
1217 2379 1524 2443 ostendens,
1556 2393 1664 2432 non
1707 2386 2044 2447 apparenter,

467 2480 561 2533 sed
580 2493 702 2531 vere
718 2478 983 2530 hominem
1002 2491 1143 2541 esse,
1162 2473 1391 2542 addidit,
1411 2469 1681 2544 [Butyrum
1693 2480 1737 2523 et
1762 2469 1861 2522 mel
1886 2485 2051 2523 come-

468 2572 569 2624 det.
608 2570 720 2624 Mos
742 2580 823 2624 est
851 2569 1014 2631 enim,
1035 2577 1090 2621 ut
1125 2567 1207 2621 his
1239 2566 1371 2620 cibis
1403 2563 1733 2633 peculiariter
1771 2569 2052 2630 pascantur

468 2661 618 2730 pueri
639 2675 755 2714 mox
777 2668 832 2712 ttt
849 2659 955 2712 nati
972 2659 1178 2711 I'nerint.
1214 2656 1280 2710 Et
1305 2655 1600 2717 declarans,
1618 2653 1756 2722 quod
1774 2667 1876 2705 non
1892 2667 2053 2721 purus

471 2754 654 2823 homo,
681 2755 868 2808 iterum
903 2752 1045 2806 addit
1066 2750 1276 2804 dicens’
1295 2747 1346 2820 ]:
1375 2746 1590 2818 Propter
1609 2745 1741 2816 quod
1763 2745 2054 2815 priusquam

467 2847 594 2900 sciat
613 2861 736 2914 puer
750 2859 926 2896 vocare
941 2851 1133 2913 patrem
1155 2841 1337 2892 bonum
1352 2838 1428 2891 vel
1443 2839 1630 2890 malum
1651 2877 1664 2899 ,
1686 2853 1784 2888 non
1805 2838 2055 2902 obtempe-

469 2945 550 2989 rat
603 2935 845 2998 malitiae,
885 2943 939 2986 ut
987 2932 1139 3002 eligat
1190 2931 1373 2983 bonum
1415 2927 1616 2997 (Hesai.
1661 2928 1713 2981 7.
1753 2924 1863 2995 16).
1902 2923 2056 2991 Quod

469 3034 648 3080 autem
688 3039 791 3079 non
819 3033 1016 3077 tantum
1042 3023 1201 3076 homo
1227 3030 1280 3075 ct
1309 3036 1376 3076 ex
1406 3021 1639 3088 virgine,
1669 3019 1760 3073 sed
1799 3020 1958 3072 etiam
1991 3033 2056 3071 ex

473 3117 636 3171 domo
677 3115 835 3170 David
876 3114 1082 3168 futurus
1125 3108 1286 3174 esset,
1331 3111 1452 3165 andi
1481 3110 1749 3180 quomodo
1793 3108 1881 3162 diu
1928 3116 2053 3161 ante

474 3208 782 3277 praedixerit
824 3205 1062 3269 llesaias,
1089 3206 1179 3273 qui
1223 3203 1404 3272 ﬁguris
1451 3202 1574 3256 licet
1620 3215 1748 3256 usus
1787 3209 1841 3254 et
1887 3209 2058 3253 meta-

475 3300 664 3371 phora,
715 3298 953 3368 prmdieit
991 3305 1166 3351 tamen
1203 3314 1216 3350 :
1255 3294 1557 3365 Egredietur
1598 3295 1739 3363 virga
1785 3293 1847 3346 de
1891 3293 2062 3344 radice

475 3391 658 3455 Jessce,
691 3401 739 3444 et
763 3391 858 3460 ﬂos
885 3389 948 3442 de
980 3389 1155 3444 radice
1179 3389 1286 3458 ejus
1323 3387 1573 3448 ascendet,
1598 3395 1643 3439 et
1671 3385 1941 3454 requiescet
1969 3400 2060 3437 su-

479 3496 571 3554 μιν
588 3497 699 3535 eum
722 3480 929 3549 spiritus
948 3477 1167 3544 Domini,
1191 3478 1395 3546 spiritus
1415 3477 1674 3544 sapientia:
1692 3485 1739 3529 et
1759 3475 2058 3540 intellectus,

486 3577 696 3644 spiritus
725 3573 920 3627 consilii
950 3581 996 3624 et
1036 3571 1362 3642 fortitudinis,
1395 3570 1601 3638 spiritus
1638 3569 1859 3622 scientiae
1883 3577 1931 3621 et
1952 3567 2062 3636 pie-

480 3669 598 3720 tatis
618 3707 632 3727 ,
662 3665 870 3736 spiritus
901 3663 1091 3716 timoris
1115 3661 1214 3715 Dei
1235 3662 1443 3731 replebit
1477 3661 1622 3714 illum
1655 3659 1855 3730 (Hesai.
1890 3659 1976 3713 11.
2005 3659 2065 3712 1-

488 3759 568 3828 5).
600 3757 695 3812 llic
718 3757 861 3811 enim
900 3753 1065 3809 Jessaa
1111 3763 1261 3823 pater
1291 3753 1386 3807 fuit
1411 3750 1644 3814 Davidis,
1683 3750 1804 3820 quia
1860 3765 1924 3804 ex
1978 3749 2063 3803 illa

481 3851 618 3906 tribu
653 3859 937 3904 erat:nec
981 3847 1152 3902 solum
1199 3861 1268 3900 ex
1318 3845 1404 3899 illa
1451 3845 1612 3908 tribu,
1661 3843 1753 3898 sed
1800 3843 1957 3918 etiam
2001 3856 2066 3896 ex

481 3943 643 3998 domo
667 3941 832 3997 Jessaa
869 3941 1138 4010 prodibit:
1172 3937 1223 3992 id
1263 3952 1391 3992 vero
1418 3936 1794 4006 prmuuntiavit
1835 3933 1917 3987 his
1942 3947 2066 3987 ver-

489 4036 611 4089 bis:
642 4033 940 4103 Egredietur
974 4032 1114 4101 virga
1140 4031 1202 4082 de
1248 4028 1421 4081 radice
1442 4027 1621 4090 Jesstc,
1665 4041 1770 4079 non
1818 4025 1885 4079 de
1922 4025 2069 4094 virga

485 4126 800 4195 simpliciter
843 4124 1086 4191 loquens,
1142 4120 1234 4174 sed
1277 4121 1346 4173 de
1397 4118 1489 4172 illo
1509 4126 1563 4186 et
1603 4117 1668 4170 de
1719 4130 1886 4185 regno
1932 4115 2067 4184 ejus.

487 4217 642 4285 Quod
664 4224 839 4268 autem
872 4228 976 4267 non
999 4212 1066 4267 de
1094 4212 1238 4278 virga
1270 4209 1384 4263 haec
1404 4207 1620 4269 dixerit,
1649 4207 1700 4261 in
1731 4207 2072 4276 sequentibus

487 4306 725 4362 declarat
754 4322 768 4359 :
799 4314 1076 4374 postquam
1107 4302 1248 4356 enim
1289 4301 1496 4353 dixerat
1537 4299 1748 4369 virgam,
1780 4297 2070 4365 subiunxit,

491 4400 559 4455 Et
580 4400 849 4468 requiescet
875 4412 1028 4464 super
1051 4411 1161 4448 eum
1195 4394 1400 4463 spiritus
1426 4392 1685 4460 sapientiae
1713 4399 1759 4444 et
1774 4390 2070 4444 intellectus.

490 4490 661 4545 Nemo
681 4489 844 4553 enim,
868 4485 970 4540 etsi
990 4484 1273 4539 admodum
1292 4483 1545 4552 insipiens
1563 4481 1650 4545 sit,
1677 4480 1897 4546 dixerit,
1921 4480 2077 4550 spiri-

493 4595 580 4636 tus
608 4581 830 4651 gratiam
861 4593 1021 4646 super
1060 4577 1257 4647 lignum
1284 4574 1562 4629 advenisse
1590 4591 1603 4628 :
1627 4574 1720 4627 sed
1767 4572 1937 4642 palam
1971 4579 2073 4636 est,

493 4688 657 4744 super
683 4671 937 4740 templum
971 4669 1095 4722 illud
1133 4667 1526 4720 immaculatum
1551 4664 1780 4719 venisse.
1820 4663 1942 4717 Ideo
1971 4677 2077 4715 non

495 4765 650 4823 dixit,
671 4762 851 4824 veniet,
881 4759 974 4814 sed
1005 4763 1315 4826 requiescet:
1338 4758 1586 4826 quoniam
1614 4767 1890 4825 postquam
1912 4753 2077 4818 venit,

482 4855 570 4910 ibi
609 4853 820 4916 mansit,
866 4866 966 4904 nec
1007 4849 1270 4904 discessit.
1298 4847 1448 4914 Quod
1476 4849 1704 4901 Joannes
1743 4844 2078 4913 Evangelista

497 4948 734 5001 declarat
775 4945 857 4998 bis
887 4943 1061 4997 verbis
1090 4959 1102 4995 :
1127 4940 1242 5012 Ego
1283 4940 1386 4993 vidi
1415 4935 1673 5008 Spiritum
1704 4936 2082 4992 descendentem

498 5043 624 5096 sicut
650 5038 952 5102 columbam,
985 5044 1030 5089 et
1063 5041 1344 5087 manentem
1372 5047 1523 5100 super
1546 5046 1657 5083 eum
1679 5027 1859 5097 (Joan.
1885 5029 1936 5081 i.
1965 5026 2078 5097 5‘2).

498 5130 682 5198 Neque
715 5126 926 5180 silentio
957 5123 1410 5194 praetermiserunt
1446 5119 1759 5174 sententiam
1785 5117 2079 5182 Judaicam,

499 5235 660 5291 quam
699 5219 772 5274 illi
810 5217 1164 5271 exbibuerunt
1204 5215 1320 5282 ipso
1361 5219 1485 5266 nato
1509 5229 1523 5264 :
1546 5225 1666 5264 nam
1703 5207 1980 5262 Mattheus
2008 5209 2086 5262 sic

500 5311 734 5380 loquitur
758 5325 772 5361 :
800 5307 1018 5360 Audiens
1042 5314 1207 5358 autem
1235 5303 1458 5356 Herodes
1480 5303 1706 5354 turbatus
1733 5309 1824 5364 est,
1855 5309 1901 5354 et
1925 5300 2087 5354 omnis

501 5400 826 5468 Jerosolgma
865 5413 980 5449 cum
1019 5397 1109 5448 illo
1139 5395 1350 5465 (ﬂattlt.
1381 5393 1439 5447 2.
1481 5393 1562 5460 5).
1589 5392 1833 5446 Ilesaiatn
1877 5406 2088 5460 quoque

508 5489 655 5556 audi,
687 5490 775 5558 qui
816 5487 866 5541 id
895 5487 984 5540 diu
1013 5495 1137 5540 ante
1176 5485 1547 5556 prmnuntiavit
1575 5501 1588 5536 :
1619 5483 1851 5552 Cupient,
1893 5483 1937 5536 si
1963 5484 2089 5554 ﬁant

573 5687 593 5720 ι
618 5692 732 5744 Qus:
751 5683 940 5732 uncinis
961 5682 1038 5730 hic
1059 5681 1342 5732 clauduntur
1364 5693 1459 5730 non
1483 5679 1712 5744 leguntur
1735 5680 1783 5728 in
1807 5685 1944 5728 textu
1967 5683 2095 5744 orte-

512 5762 588 5807 eo,
610 5741 774 5810 neque
797 5744 922 5806 apud
941 5745 1161 5793 Savihum
1173 5759 1192 5810 _;
1213 5744 1300 5793 sed
1328 5741 1554 5810 videntur
1583 5741 1642 5789 ad
1666 5743 1846 5790 serietn
1867 5741 2094 5792 orationis

458 5868 464 5874 ,
514 5804 783 5876 pertinere,
801 5804 946 5871 atque
967 5818 995 5855 a
1029 5807 1186 5856 veteri
1209 5813 1481 5870 utterprete
1510 5804 1635 5854 lecta
1657 5812 1788 5853 sunt.

1179 358 1240 412 S.
1277 353 1552 414 JOANNIS
1571 344 2042 408 CHRYSOSTOMI
2082 343 2398 399 ARCHIEP.
2438 343 2968 399 CONSTANTINOP.

2127 461 2240 528 igne
2263 461 2504 513 combusti
2530 477 2546 513 :
2572 461 2688 527 quia
2713 477 2836 529 puer
2865 471 3009 513 natus
3038 469 3109 512 est
3137 460 3296 526 nobis,
3318 471 3365 514 et
3391 461 3526 526 filius
3548 461 3700 516 datus

2128 563 2198 604 est
2227 552 2384 614 nobis,
2429 561 2473 603 et
2507 562 2709 605 vocatur
2739 567 2917 604 nomen
2954 552 3081 621 ejus,
3115 553 3283 620 magni
3311 552 3508 604 consilii
3532 552 3702 622 Ange-

2130 646 2226 709 lus,
2254 647 2564 700 admirabilis
2592 647 2930 708 consiliarius,
2971 643 3108 697 Deus
3133 645 3298 713 fortis,
3330 654 3526 712 potens,
3557 645 3704 713 prin-

2130 754 2244 807 ceps
2271 740 2426 808 pacis,
2458 746 2601 808 pater
2630 736 2788 804 futuri
2823 736 2994 789 saeculi
3019 735 3166 803 (lies.
3209 735 3261 788 9.
3295 735 3348 789 ὅ.
3390 735 3465 806 6).
3498 735 3612 789 Hoc
3637 735 3708 791 de

2132 844 2264 897 puro
2295 829 2507 884 homine
2531 828 2633 882 dici
2656 844 2760 882 non
2784 842 2937 897 posse
2965 829 3138 898 palam
3168 836 3251 881 est
3279 828 3358 880 vel
3390 829 3472 892 iis,
3501 829 3591 897 qui
3613 827 3708 881 ad-

2133 921 2346 976 modum
2377 920 2690 975 eontentiosi
2735 929 2876 973 sunt.
2907 919 3097 974 Nullus
3129 921 3322 988 quippe
3352 921 3510 974 homo
3546 936 3575 973 a
3609 935 3710 974 sa:-

2132 1015 2254 1070 culo
2301 1015 2440 1068 Dens
2467 1014 2616 1068 fortis
2656 1023 2876 1068 vocatus
2914 1025 3016 1076 est,
3064 1024 3120 1068 ut
3163 1029 3331 1084 neque
3375 1024 3533 1067 tante
3561 1015 3709 1083 pacis

2133 1108 2415 1176 princeps:
2447 1122 2566 1160 nam
2610 1105 2760 1159 Pacis
2799 1107 2927 1172 eius,
2977 1107 3164 1174 inquit,
3213 1124 3314 1158 non
3356 1115 3426 1159 est
3467 1107 3710 1159 terminus

2139 1194 2242 1268 (Ib.
2283 1213 2332 1250 v.
2374 1197 2452 1265 7).
2504 1196 2556 1250 ld
2597 1196 2832 1250 declarat
2877 1211 3052 1250 rerum
3090 1208 3328 1262 eventus,
3373 1198 3492 1266 quia
3541 1206 3708 1250 totam

2134 1288 2361 1357 pervasit
2395 1296 2609 1351 terram,
2638 1288 2938 1341 universum
2967 1303 3132 1354 mare,
3170 1289 3457 1358 orbemque
3499 1291 3710 1344 habita-

2135 1379 2314 1444 bilem,
2339 1388 2566 1445 montes,
2592 1380 2772 1442 saltus,
2799 1378 2984 1444 colles,
3003 1395 3028 1430 a
3059 1379 3142 1433 die
3165 1380 3273 1445 illa,
3291 1395 3320 1433 a
3347 1396 3447 1449 qna
3467 1381 3713 1435 Chrisms

2138 1473 2395 1541 incipiens
2440 1472 2492 1527 in
2542 1473 2727 1526 cm’lum
2767 1488 3084 1526 ascensurus
3114 1473 3286 1526 dixit:
3318 1472 3503 1526 Pacem
3548 1491 3716 1526 meam

2138 1565 2204 1616 do
2243 1565 2376 1616 vobis
2405 1581 2422 1617 :
2451 1581 2551 1616 non
2596 1563 2722 1616 sicut
2769 1563 2988 1617 mundus
3031 1563 3118 1616 dat
3161 1565 3225 1617 do
3254 1564 3387 1618 vobis
3415 1563 3591 1633 (Joan.
3624 1565 3713 1619 η.

2139 1655 2255 1722 27).
2302 1655 2409 1708 Cur
2453 1655 2523 1708 ita
2570 1655 2816 1724 loquutus
2856 1666 2937 1711 est
2979 1655 3254 1710 Christus?
3295 1657 3425 1722 Quia
3464 1656 3718 1710 nimirum

2141 1763 2239 1816 pax
2274 1747 2544 1801 hominum
2577 1747 2730 1802 facile
2771 1748 3010 1813 solvitur,
3059 1747 3332 1818 variasque
3371 1747 3530 1807 habet
3553 1748 3718 1803 vicis-

2141 1839 2396 1893 situdines
2427 1861 2439 1892 :
2470 1854 2570 1909 pax
2611 1849 2786 1894 autem
2830 1839 2963 1908 ejus,
3001 1839 3173 1903 ﬁrma,
3205 1840 3440 1904 inuncta,
3485 1838 3717 1902 stabilis.

2145 1930 2413 1997 diuturna,
2446 1930 2778 1996 immortalis,
2828 1929 2983 1984 linem
3017 1945 3120 1983 non
3161 1929 3380 1995 habens,
3412 1931 3534 1984 licet
3567 1929 3720 1984 innu,

2146 2037 2286 2076 mera
2318 2021 2454 2074 bella
2478 2022 2709 2090 undique
2737 2030 3066 2086 moveantur,
3094 2037 3156 2075 ac
3194 2022 3338 2077 mille
3364 2023 3599 2091 quotidie
3626 2038 3718 2092 pa-

2144 2125 2329 2169 rentur
2359 2115 2583 2169 insidiae.
2617 2115 2808 2170 Verum
2844 2116 2985 2170 illius
3005 2129 3200 2180 sermo,
3232 2115 3320 2174 aui
3349 2115 3529 2169 omnia
3559 2113 3722 2184 perli-

2145 2208 2238 2273 cit,
2272 2207 2372 2261 hoc
2398 2208 2751 2276 cumgcmteris
2777 2208 2972 2264 eﬂ‘ecit.

2218 2300 2273 2354 5.
2307 2299 2515 2352 Modum
2545 2301 2691 2352 etiam
2717 2299 2955 2353 adventus
2981 2299 3317 2370 praedixerunt
3344 2296 3722 2368 PrOpltettz.—

2148 2390 2263 2445 Non
2294 2391 2463 2444 solum
2493 2399 2667 2444 autem
2692 2391 2834 2444 illum
2863 2389 3130 2444 hominem
3159 2389 3410 2456 futurum,
3439 2389 3534 2443 sed
3563 2390 3720 2443 etiam

2155 2482 2366 2535 lllOdllm
2407 2481 2664 2536 adventus
2691 2481 2806 2551 ejus
2832 2480 3208 2550 praedixerunt.
3255 2480 3384 2548 Quia
3432 2481 3576 2534 enim
3604 2497 3727 2534 ven-

2155 2581 2303 2627 turus
2323 2581 2456 2639 crat,
2476 2589 2581 2626 non
2602 2573 2856 2637 tonitrua,
2880 2589 2983 2625 non
3007 2572 3218 2625 fulmina
3241 2587 3471 2640 superne
3493 2573 3726 2637 mittens,

2156 2679 2259 2717 non
2287 2664 2528 2734 quatiens
2569 2673 2763 2718 terram
2789 2704 2802 2727 ,
2850 2679 2953 2717 non
3001 2677 3343 2717 commovens
3371 2663 3562 2716 caelum
3581 2705 3595 2725 ,
3627 2677 3726 2716 non

2157 2765 2398 2825 portenta
2422 2756 2710 2820 exhibens;
2738 2755 2830 2810 sed
2854 2757 2968 2810 sine
2993 2756 3210 2826 strepitu
3244 2756 3491 2826 nulloque
3516 2758 3731 2810 conscio

2157 2849 2207 2901 in
2242 2848 2401 2900 domo
2446 2846 2575 2902 labri
2621 2848 2916 2902 nasciturus
2960 2858 3094 2909 erat,
3148 2849 3196 2900 in
3239 2847 3399 2901 domo
3427 2847 3645 2918 ignobili
3675 2861 3736 2901 ac

2156 2939 2268 3000 vili.
2296 2937 2418 2992 audi
2447 2939 2712 3009 quomodo
2739 2954 2912 3007 neque
2941 2938 3041 2993 hoc
3064 2938 3282 2993 tacuerit
3303 2939 3466 2992 David
3487 2938 3739 2993 :Descen—

2165 3033 2273 3096 det,
2303 3032 2498 3104 inquit.
2518 3034 2652 3086 sicut
2675 3032 2852 3100 pluvia
2875 3033 2929 3084 in
2953 3030 3356 3100 vellus(Psa‘lm.
3384 3027 3473 3082 7t.
3494 3016 3575 3097 6),
3599 3036 3748 3080 tran-

2164 3123 2495 3196 quillitatem
2514 3131 2567 3176 et
2589 3121 2824 3190 quietem
2849 3117 3375 3190 signiﬁcansﬁeque
3389 3115 3492 3169 hoc
3506 3121 3745 3179 tantum;

2162 3215 2255 3270 sed
2284 3216 2442 3268 etiam
2469 3229 2628 3283 quam
2656 3222 2931 3268 mansuete
2958 3221 3006 3266 et
3031 3212 3262 3266 suaviter
3285 3225 3403 3265 cum
3432 3211 3742 3264 hominibus

2162 3315 2572 3360 couversatnrns
2611 3313 2786 3370 esset,
2837 3305 2970 3358 alius
3012 3303 3269 3374 propheta
3309 3303 3587 3357 declarans
3625 3302 3744 3356 vide

2163 3396 2286 3465 quid
2320 3396 2476 3450 dicat.
2519 3395 2649 3450 Nam
2680 3396 2798 3465 quia
2827 3411 2946 3450 cum
2977 3394 3311 3449 contumeliis
3335 3436 3349 3458 ,
3391 3395 3584 3462 sputis,
3618 3408 3744 3447 con-

2163 3489 2311 3542 viciis
2333 3487 2648 3552 afﬁceretur,
2680 3487 3106 3552 inhonorarctur,
3132 3487 3508 3557 ﬂagellaretnr,
3532 3498 3744 3556 postre-

2165 3597 2360 3650 moque
2388 3580 2819 3649 cruciﬁgeretur,
2868 3580 3068 3634 nullum
3112 3580 3249 3633 ultus
3278 3589 3360 3633 est
3390 3580 3513 3633 talia
3546 3579 3747 3634 facien-

2167 3681 2296 3736 tem,
2320 3671 2410 3726 sed
2435 3671 2611 3725 omnia
2641 3671 2902 3738 patienter
2929 3671 3064 3736 tulit,
3097 3670 3462 3735 contumelias,
3493 3670 3744 3733 insidias,

2167 3763 2425 3816 insaniam
2453 3772 2507 3817 et
2540 3762 2895 3830 importunum
2925 3761 3091 3830 plebis
3131 3761 3272 3816 illius
3313 3759 3547 3815 furorem
3588 3770 3747 3830 atque

2167 3857 2462 3920 incursum,
2490 3853 2606 3909 hare
2634 3855 2810 3908 omnia
2839 3854 3127 3908 declaravit
3153 3854 3234 3908 his
3259 3853 3463 3908 verbis:
3485 3851 3749 3907 Calamam

2170 3947 2434 4000 contritum
2466 3962 2563 3999 non
2588 3945 2887 4016 confringet,
2910 3953 2957 3997 et
2973 3945 3131 3998 linum
3150 3945 3406 4015 [inuigans
3430 3961 3530 3996 non
3557 3945 3748 3997 exstin-

2172 4047 2286 4110 guet
2309 4081 2325 4103 ,
2363 4038 2519 4092 donec
2558 4039 2735 4090 educat
2774 4038 2827 4090 in
2861 4037 3115 4090 victoriam
3146 4036 3430 4104 judicium,
3482 4045 3530 4088 et
3559 4036 3614 4088 in
3641 4036 3751 4103 ipso

2175 4129 2355 4187 Gentes
2383 4131 2654 4201 sperabunt
2681 4130 2879 4200 (Hesai.
2909 4129 2996 4184 42.
3021 4131 3098 4198 5).
3127 4130 3272 4184 Alius
3301 4130 3422 4182 item
3458 4128 3674 4194 locum,
3699 4129 3748 4181 in

2173 4240 2280 4294 quo
2307 4225 2604 4278 nasciturus
2625 4230 2757 4282 erat.
2783 4219 2976 4275 indicat
3001 4219 3185 4274 dicens
3213 4235 3227 4271 :
3255 4217 3322 4271 Et
3354 4230 3405 4270 tu
3428 4259 3444 4284 ,
3472 4217 3750 4284 Bethleem,

2178 4326 2310 4371 terra
2335 4316 2497 4381 Juda,
2524 4331 2837 4386 nequaquam
2865 4314 3071 4367 minima
3097 4300 3145 4366 es
3172 4312 3223 4364 in
3241 4310 3550 4380 principibus
3568 4310 3602 4362 1
3611 4312 3713 4363 uda
3736 4326 3754 4364 :

2177 4428 2240 4466 ea:
2266 4422 2310 4464 te
2335 4411 2465 4464 enim
2490 4410 2614 4463 exiet
2643 4409 2780 4472 dux,
2809 4407 2893 4476 qui
2925 4416 3063 4478 regat
3093 4403 3334 4475 populum
3355 4419 3516 4456 meum
3550 4401 3753 4464 Israel,

2179 4515 2226 4559 et
2253 4504 2413 4558 exitus
2435 4504 2543 4574 ejus
2573 4501 2636 4556 ab
2657 4502 2800 4555 initio
2820 4519 2851 4554 a
2874 4499 3046 4553 diebus
3065 4497 3235 4552 δατηΙὶ
3255 4495 3440 4563 (ΜὶεΙι.
3470 4496 3523 4550 5.
3553 4495 3632 4565 2).
3663 4495 3755 4549 Hic

2180 4598 2507 4653 divinitatem
2539 4605 2592 4650 et
2622 4594 2998 4649 humanitatem
3030 4590 3297 4644 declarat:
3321 4603 3443 4642 nam
3486 4602 3609 4640 cum
3652 4587 3754 4649 ait,

2182 4701 2227 4746 et
2251 4690 2411 4744 exitus
2431 4689 2539 4759 ejus
2565 4686 2626 4740 ab
2651 4687 2792 4739 initio
2830 4701 2862 4737 a
2897 4683 3069 4736 diebus
3098 4680 3298 4746 saeculi,
3339 4687 3592 4732 a‘ternam
3635 4687 3760 4730 ante

2184 4781 2374 4836 saecula
2402 4777 2762 4834 exsistentiam
2793 4775 3150 4835 demonstrat;
3181 4785 3300 4824 cum
3331 4784 3458 4824 vero
3485 4769 3578 4828 ait,
3613 4766 3760 4821 Exiet

2186 4875 2291 4927 dua:
2331 4871 2416 4944 qui
2456 4880 2596 4942 regat
2635 4865 2877 4939 populum
2919 4879 3084 4918 meum
3127 4861 3323 4927 Israel,
3368 4859 3760 4929 generationem

2189 4962 2483 5019 secundum
2509 4974 2746 5014 carnem.
2773 4961 2850 5011 Ac
2877 4956 2995 5010 vide
3022 4969 3232 5009 rursum
3255 4961 3309 5008 et
3335 4950 3418 5005 hic
3446 4950 3604 5004 aliam
3638 4965 3762 5018 pro-

2192 5055 2424 5126 phetiam
2464 5051 2831 5122 refulgentem.
2876 5047 2991 5102 Non
3014 5046 3157 5103 enim
3185 5044 3311 5099 dicit
3342 5042 3546 5106 solum,
3592 5041 3762 5109 ipsum

2189 5162 2308 5202 esse
2337 5145 2662 5199 nasciturum
2683 5183 2698 5207 ,
2744 5140 2834 5195 sed
2872 5140 3030 5193 etiam
3064 5137 3233 5192 locum
3265 5136 3491 5190 nobilem
3533 5133 3764 5186 futurum

2191 5256 2332 5302 esse,
2364 5238 2451 5308 qui
2484 5247 2607 5291 tunc
2647 5242 2762 5290 erat
2805 5229 3047 5300 ignobilis
3075 5237 3129 5283 et
3153 5228 3407 5297 exiguus:
3435 5223 3767 5293 Nequaquam

2193 5331 2332 5385 enim
2361 5329 2569 5381 minima
2595 5342 2666 5388 es,
2699 5323 2882 5390 inquit,
2913 5321 2964 5373 in
2995 5315 3301 5388 principibus
3325 5314 3482 5368 Juda.

2268 5420 2422 5474 Totus
2451 5417 2583 5471 orbis
2613 5415 2680 5467 ad
2713 5413 2966 5467 Bethleem
3005 5408 3272 5464 videndam
3299 5406 3525 5475 con/luit.
3544 5404 3767 5458 -—Sane

2197 5524 2337 5570 totus
2364 5513 2509 5566 orbis
2535 5509 2600 5564 ad
2626 5507 2896 5562 Bethleem
2927 5501 3212 5556 videndam
3238 5497 3474 5558 conﬂuit.
3501 5497 3589 5550 ubi
3619 5506 3768 5548 natus

2199 5607 2460 5677 repositus
2499 5603 2595 5656 fuit
2617 5642 2632 5666 ,
2661 5613 2834 5670 neque
2857 5597 2964 5651 ulla
2990 5595 3092 5649 alia
3119 5607 3280 5664 quam
3321 5591 3434 5653 haec
3469 5604 3626 5642 causa
3670 5600 3766 5641 est.

2200 5701 2346 5754 Alius
2389 5697 2577 5750 iterum
2624 5691 2832 5760 tempus
2875 5703 2980 5760 quo
3027 5695 3284 5740 venturus
3321 5689 3434 5735 erat
3465 5678 3770 5749 signiﬁcavit

2203 5794 2288 5854 bis
2319 5789 2494 5847 verbis
2519 5806 2530 5840 :
2558 5786 2679 5841 Non
2713 5783 2908 5853 deﬁciet
2943 5779 3174 5852 princeps
3199 5775 3262 5830 de
3287 5773 3426 5830 Iuda
3445 5813 3462 5842 ,
3489 5786 3646 5842 neque
3674 5769 3771 5822 du
