3832 6238
467 261 570 320 8ἷ7

466 379 800 449 ἡγούμενος
838 375 908 429 ἐκ
957 375 1076 430 τῶν
1114 375 1315 446 μερῶν
1359 373 1568 438 αὑτοῦ,
1611 372 1727 437 ἕως
1773 370 1850 425 ἂν
1896 370 2044 438 ἔλθῃ

395 457 403 465 ’
468 459 514 531 ᾧ
549 462 874 518 ἀπόκειται.
922 459 1030 513 Καὶ
1083 458 1266 524 αὐτὸς
1313 456 1645 525 προσδοκία
1691 451 1903 518 ἐθνῶν,
1954 451 2048 505 δε-

467 547 706 617 σμεύων
747 544 896 614 πρὸς
942 543 1216 610 ἄμπελον
1264 540 1374 594 τόν
1427 539 1635 594 πῶλον
1679 537 1898 603 αὑτοῦ,
1947 535 2048 590 καί

465 629 542 700 τῇ
579 630 734 684 ἕλικι
788 630 894 682 τόν
945 627 1152 680 πῶλον
1198 624 1308 693 τῆς
1360 624 1507 678 ὄνου
1550 622 1778 678 αὐτοῦ’
1830 621 2055 676 πλυνεῖ

465 713 536 766 ἐν
567 713 709 779 οἴνῳ
738 711 852 778 τὴν
878 710 1114 776 στολὴν
1143 708 1349 770 αὑτοῦ,
1376 707 1471 761 καί
1495 706 1565 759 ἐν
1588 706 1785 775 αἵματι
1817 720 2048 774 σταφυ-

463 795 584 864 λῆς
620 796 735 863 τὴν
779 793 1106 863 περιϐολὴν
1138 792 1355 847 αὐτοῦ’
1388 791 1698 859 χαροποιοί
1737 793 1791 845 οἱ
1824 791 2049 859 ὀφθαλ-

463 881 560 948 μοί
585 879 771 934 αὐτοῦ
796 878 915 933 ἀπὸ
937 879 1128 941 οἴνου,
1155 877 1251 930 καί
1273 875 1480 930 λευκοὶ
1507 879 1560 929 οἱ
1592 875 1835 942 ὀδόντες
1861 875 2046 930 αὑτοῦ

463 965 502 1032 ἢ
543 961 717 1032 γάλα.
740 964 884 1033 Ὅρα
923 962 1016 1014 καὶ
1055 960 1258 1032 ταύτην
1299 960 1399 1030 τὴν
1451 958 1786 1031 προφητείαν
1824 959 2049 1029 διαπρέ-

463 1064 690 1100 πουσαν.
746 1046 880 1098 Τότε
933 1045 1042 1116 γάρ
1087 1041 1466 1113 παραγίνεται,
1509 1043 1597 1094 ὅτε
1640 1041 1824 1096 λοιπὸν
1865 1042 2049 1095 ἐπέλι-

336 1157 348 1173 ο
463 1147 566 1184 πον
589 1132 637 1184 οἰ
666 1129 926 1202 ἄρχοντες
960 1129 1009 1181 οἰ
1053 1126 1354 1188 ’ἰουδαῖκοὶ,
1395 1126 1490 1178 καὶ
1531 1125 1637 1179 ὑπὸ
1681 1125 1748 1179 τά
1789 1126 2046 1196 σκῆπτρα

463 1214 574 1269 τῶν
609 1213 894 1284 Ῥωμαίων
933 1211 1181 1282 ἐγένοντο
1199 1226 1213 1241 ·
1239 1210 1334 1264 καὶ
1362 1209 1532 1274 οῦτως
1560 1209 1862 1281 ἐπληροῦτο
1891 1210 1983 1263 καὶ
2009 1211 2042 1281 ἡ

464 1297 773 1370 προφητεία
813 1299 845 1367 ἡ
881 1296 1134 1364 λέγουσα,
1168 1296 1250 1348 ὃτι
1276 1296 1398 1348 Οὐκ
1425 1295 1695 1363 ἐκλείψει
1735 1293 1936 1364 ἅρχων
1976 1295 2047 1359 ἐξ

476 1381 692 1446 Ἰούδα,
715 1379 856 1434 ούδέ
883 1379 1215 1448 ἡγούμενος
1235 1378 1304 1431 ἐκ
1333 1375 1450 1430 τῶν
1475 1375 1682 1446 μηρῶν
1706 1375 1914 1437 αὐτοῦ,
1936 1376 2049 1441 ἕως

466 1464 542 1520 ἂν
572 1465 720 1532 ἔλθῃ
741 1457 788 1530 ᾧ
811 1464 1140 1525 ἀπόκειται,
1175 1463 1265 1514 τὸν
1291 1461 1527 1532 Χριστὸν
1565 1459 1816 1529 λέγουσα.
1879 1459 2045 1530 Ὁμοῦ

464 1566 525 1602 τε
547 1550 655 1620 γὰρ
687 1547 902 1619 ἐτέχθη,
934 1547 1030 1600 καὶ
1051 1545 1348 1617 ἀπογραφὴ
1379 1545 1594 1612 ἐγένετο
1625 1544 1806 1615 ἐκείνη
1828 1543 2044 1616 πρώτη,

463 1631 854 1703 κρατησάντων
914 1630 1200 1700 Ῥωμαίων
1240 1628 1332 1682 τοῦ
1396 1627 1664 1683 Ἰουδαίων
1707 1625 1912 1690 ἔθνους,
1950 1627 2046 1680 καὶ

462 1714 568 1766 ὐπὸ
598 1713 760 1781 ζυγὸν
787 1715 886 1783 τῆς
915 1713 1120 1776 οἰκείας
1164 1711 1442 1782 βασιλείας
1473 1711 1790 1780 ἀγαγόντων
1824 1710 2041 1774 αὐτούς.

462 1793 594 1849 Εἶτα
623 1795 716 1849 καὶ
749 1795 877 1849 ἄλλο
907 1796 1388 1866 παρασημαίνεται
1436 1794 1514 1865 τῷ
1552 1795 1760 1862 λέγειν’
1792 1794 1903 1847 Καὶ
1937 1796 2045 1848 αὺ-

464 1883 564 1948 τὸς
585 1881 917 1949 προσδοκία
940 1880 1131 1934 ἐθνῶν
1151 1897 1162 1909 ·
1194 1879 1642 1952 παραγενόμενος
1669 1877 1778 1948 γὰρ
1811 1877 1880 1931 τὰ
1916 1877 2043 1948 ἔθνη

463 1969 639 2020 πάντα
678 1965 1048 2019 ἐπεσπάσατο.
1091 1964 1356 2034 Ἐμελλεν
1394 1967 1424 2017 ό
1466 1962 1734 2035 Ἡρώδης,
1769 1962 2044 2032 ἐπιζητῶν

461 2050 622 2104 αὐτὸν
647 2049 927 2120 τεχθέντα,
958 2050 1203 2121 ἀναιρεῖν
1230 2048 1299 2101 τὰ
1330 2047 1516 2102 αὐτόθι
1548 2048 1758 2101 παιδία.
1788 2047 1896 2100 Καὶ
1923 2047 2045 2101 οὐδέ

461 2136 620 2190 τοῦτο
646 2135 907 2205 ἐσίγησαν
928 2136 976 2187 οἰ
1009 2133 1310 2204 προφῆται,
1338 2133 1474 2188 άλλά
1510 2133 1617 2205 πρὸ
1658 2132 1870 2188 πολλῶν
1913 2149 2046 2204 προσ

461 2218 816 2289 ανεφώνησαν
862 2215 1012 2289 [562]
1059 2217 1167 2270 τῶν
1209 2216 1418 2289 χρόνων
1451 2217 1718 2280 εἰπόντες,
1770 2215 1944 2283 Φωνὴ
1976 2216 2047 2269 ἐν

474 2299 660 2370 Ῥαμᾷ
684 2301 982 2368 ἠκούσθη,
1016 2297 1239 2368 θρῆνος
1263 2299 1361 2353 καί
1391 2301 1699 2368 κλαυθμὸς
1744 2299 1840 2354 καί
1870 2300 2046 2368 ὀδυρ-

461 2386 574 2456 μὸς
613 2385 841 2449 πολύς·
890 2383 1116 2452 Ῥαχὴλ
1166 2383 1466 2437 κλαίουσα
1501 2382 1575 2436 τὰ
1603 2382 1787 2437 τέκνα
1835 2383 2045 2451 αὐτῆς,

461 2469 562 2522 καί
577 2469 687 2522 οὐκ
709 2465 888 2535 ἤθελε
906 2464 1383 2534 παρακληθῆναι,
1402 2466 1492 2520 ὅτι
1517 2469 1629 2521 οὐκ
1643 2468 1821 2522 εἰσίν.
1843 2467 2047 2538 Ἐμελ-

459 2552 550 2606 λεν
579 2553 636 2619 ἐξ
668 2551 942 2621 Αἰγύπτου
975 2551 1182 2605 ἀνιέναι
1201 2566 1216 2581 ο
1244 2552 1337 2604 καὶ
1371 2551 1531 2604 τοῦτο
1561 2551 1838 2622 ἐδήλωσαν
1866 2551 2048 2604 εἰπόν-

459 2654 584 2701 τες·
614 2637 718 2701 Ἐξ
740 2637 1042 2707 Αἰγύπτου
1076 2634 1343 2690 ἐκάλεσα
1376 2636 1483 2689 τὸν
1528 2637 1665 2689 Υίόν
1691 2654 1832 2705 μου.
1887 2634 2048 2688 Ἀλλά

460 2725 555 2780 καὶ
578 2722 634 2774 ἐν
650 2721 831 2784 τόποις
857 2723 1108 2791 φανεροῖς
1135 2721 1580 2792 παραγενόμενος
1598 2718 1821 2788 ἔμελλεν
1846 2718 2047 2783 εὐθέως

460 2808 664 2877 σημεῖα
698 2807 875 2857 ποιεῖν
895 2804 988 2857 καὶ
1008 2803 1282 2857 διδάσκειν
1305 2821 1317 2834 ·
1351 2805 1445 2856 καὶ
1467 2803 1627 2856 τοῦτο
1660 2803 2047 2874 προανεφωνή-

460 2889 550 2960 θη.
574 2890 772 2941 Ἄκουε
805 2887 914 2954 γὰρ
956 2888 1179 2939 Ἡσαΐου
1200 2886 1454 2954 λέγοντος
1478 2903 1492 2918 ο
1509 2885 1677 2953 Χώρα
1702 2884 2043 2947 Ζαϐουλὼν,

458 2972 537 3045 τῆ
559 2974 920 3044 Νεφθαλείμ,
949 2975 981 3026 ό
1009 2972 1157 3038 λαὸς
1181 2975 1213 3025 ό
1234 2969 1571 3040 καθήμενος
1602 2971 1671 3023 ἐν
1699 2970 1903 3024 σκότει
1925 2965 2047 3022 εἶδε

460 3059 587 3130 φῶς
603 3057 776 3130 μέγα,
798 3059 898 3111 καί
924 3055 1045 3122 τοῖς
1068 3054 1424 3124 καθημένοις
1445 3055 1515 3109 ἐν
1545 3055 1749 3108 σκότει
1774 3053 1872 3107 καί
1902 3051 2046 3120 σκιᾷ

461 3142 723 3201 θανάτου
751 3142 877 3212 φῶς
897 3140 1204 3195 ἀνέτειλεν
1229 3139 1460 3205 αὐτοῖς·
1495 3139 1597 3210 τὴν
1629 3136 1934 3208 παρουσίαν
1956 3137 2048 3191 αὐ-

459 3227 557 3279 τοῦ
595 3224 840 3279 ἐντεῦθεν
889 3222 1064 3296 δηλῶν
1094 3221 1194 3295 τὴν
1224 3223 1403 3276 ἐκεῖσε
1451 3220 1587 3294 [τὴν
1621 3219 2004 3292 διδασκαλίαν]
2026 3259 2042 3286 ,

461 3310 558 3382 τὴν
591 3311 699 3365 ἀπὺ
725 3310 832 3362 τῶν
860 3307 1154 3379 θαυμάτων
1181 3305 1481 3378 γενομένην
1511 3307 1695 3369 αὐτοῖς
1725 3306 2042 3374 ἐπίγνωσιν.

461 3391 598 3449 Εἶτα
630 3393 790 3448 πάλιν
826 3393 988 3464 ἕτερα
1027 3391 1281 3462 θαύματα
1311 3389 1688 3460 διηγούμενος,
1726 3389 1819 3443 καί
1833 3387 2045 3452 δεικνὺς

463 3479 582 3540 πῶς
601 3477 809 3548 χωλοὺς
856 3475 1215 3546 ἐθεράπευσε,
1249 3473 1367 3538 πῶς
1390 3473 1628 3542 τυφλοὺς
1682 3471 1892 3534 ἰάσατο,
1929 3470 2045 3534 πῶς

463 3559 696 3624 ἀλάλους
718 3559 1102 3632 παρεσκεύασε
1137 3558 1338 3612 λαλεῖν.
1375 3561 1513 3611 Τότε
1552 3556 2042 3626 άνοιχθήσονται,

461 3646 645 3712 φησὶν,
683 3643 975 3712 ὀφθαλμοὶ
1020 3640 1284 3711 τυφλῶν,
1319 3641 1416 3694 καί
1456 3635 1576 3695 ὦτα
1609 3639 1823 3708 κωφῶν
1865 3639 2044 3693 ἀκού-

459 3739 690 3783 σονται.
741 3727 851 3781 Καὶ
899 3725 1015 3798 μεθ’
1047 3726 1238 3797 ἐτερα’
1280 3727 1416 3779 Τότε
1441 3723 1670 3777 ἁλεῖται
1699 3725 1779 3790 ὠς
1815 3724 2044 3791 ἔλαφος

459 3815 494 3866 ό
524 3813 738 3881 χωλὸς,
793 3811 891 3864 καὶ
940 3810 1127 3879 τρανὴ
1175 3811 1348 3864 ἔσται
1378 3808 1634 3878 γλῶσσα
1659 3807 2037 3878 μογιλάλων’

459 3899 595 3968 ὅπερ
619 3896 872 3950 οὐδέποτε
895 3897 1136 3963 γέγονεν,
1169 3893 1202 3965 ἢ
1242 3895 1335 3947 ἐπὶ
1365 3896 1465 3964 τῆς
1505 3893 1810 3964 παρουσίας
1855 3891 2039 3947 αὐτοῦ.

473 3981 662 4035 Ἐνίων
686 3979 742 4032 δέ
767 3977 1009 4049 σημείων
1031 3979 1124 4031 καὶ
1154 3977 1338 4040 ἰδικῶς
1357 3977 1794 4048 ἐμνημόνευσαν.
1811 3975 2042 4045 Εἰσῆλθε

460 4063 590 4132 γοῦν
618 4079 748 4115 ποτε
773 4063 852 4124 εἰς
879 4062 940 4114 τὸ
970 4061 1134 4130 ἱερὸν,
1171 4061 1265 4113 καὶ
1302 4060 1371 4112 τὰ
1410 4059 1598 4113 παιδία
1643 4059 1724 4112 ἐτι
1764 4059 2043 4130 ὐπομάςια

462 4149 558 4202 ταὶ
585 4145 952 4217 ἀδιάρθρωτον
983 4145 1080 4216 τὴν
1120 4144 1303 4214 φωνὴν
1347 4145 1539 4214 ἔχοντα
1584 4141 1710 4218 ᾖδον
1757 4146 1836 4207 εἰς
1879 4145 2042 4197 αὐτὸν

463 4231 662 4302 ῦμνους
688 4230 885 4300 ίεροῦς,
902 4229 1045 4282 οὕτω
1078 4227 1304 4296 λέγοντα
1320 4245 1333 4257 ο
1375 4227 1641 4281 Ὡσαννὰ
1663 4228 1734 4281 ἐν
1758 4227 1883 4293 τοῖς
1901 4229 2043 4296 ὑψίο

461 4331 628 4381 στοις
653 4331 665 4343 ·
693 4312 1101 4383 εὐλογημένος
1138 4315 1170 4366 ό
1200 4312 1524 4380 ἐρχόμενος
1556 4311 1626 4363 ἐν
1656 4311 1898 4379 ὀνόματι
1928 4316 2042 4365 Κυ-

458 4399 613 4466 ρίου.
628 4396 797 4450 Τοῦτο
821 4397 1025 4450 ἀνωθεν
1049 4397 1310 4466 προεῖπεν
1329 4397 1356 4447 6
1377 4397 1662 4464 προφήτης
1682 4393 1825 4447 οῦτω
1845 4393 2036 4462 λέγων’

473 4482 575 4536 Ἐκ
605 4481 902 4550 στόματος
938 4479 1171 4546 νηπίων
1194 4477 1288 4531 καί
1315 4476 1688 4544 θηλαζόντων
1708 4479 2042 4546 κατηρτίσω

461 4561 656 4628 αἶνον,
674 4563 780 4618 τοῦ
806 4562 1141 4617 καταλῦσαι
1157 4560 1374 4630 ἐχθρὸν
1389 4559 1846 4628 καίἐκδικητὴν.
1879 4561 2042 4634 Ὁρᾷς

462 4649 581 4712 πῶς
614 4649 734 4702 καθ’
763 4647 959 4718 ἑαυτὴν
1001 4651 1034 4715 ἡ
1067 4647 1226 4715 φύσις
1260 4645 1639 4718 ἀγωνιζομένη
1681 4647 1776 4700 καὶ
1814 4647 1905 4700 τὸν
1947 4648 2044 4718 δη-

466 4732 723 4801 μιουργὸν
750 4729 1196 4803 ἀνακηρύττουσα
1241 4730 1275 4799 ή
1317 4729 1686 4800 ἀπειρόκακος
1732 4730 1914 4802 ήλικία
1948 4731 2042 4783 καὶ

467 4818 634 4888 μήπω
659 4814 950 4886 διαρθροῦν
979 4814 1160 4885 φωνην
1188 4812 1461 4883 δυναμένη
1485 4813 1840 4868 ἁποστολικὸν
1867 4813 2043 4869 ἀνεδέ-

466 4901 592 4966 ξατο
619 4906 909 4972 κήρυγμα;

533 5185 593 5237 δ’.
611 5183 832 5256 Ἐπειδὴ
859 5184 916 5237 δὲ
947 5183 1330 5255 διαλεγόμενος
1362 5182 1598 5252 ἀλλαχοῦ
1632 5177 1743 5247 τοῖς
1763 5183 2038 5248 Ἰουδαίοις

464 5273 552 5327 διὰ
567 5272 661 5342 τὴν
677 5270 1069 5341 ἀγνωμοσύνην
1086 5273 1264 5325 αὐτῶν
1285 5272 1756 5342 συνεσκιασμένως
1780 5272 1848 5326 τά
1871 5273 2042 5327 πολλὰ

465 5359 750 5426 διελέγετο,
785 5360 861 5422 ὡς
885 5362 944 5412 ὲν
960 5360 1243 5430 αἰνίγματι
1273 5360 1368 5412 καὶ
1397 5358 1754 5431 παραϐολαῖς,
1775 5361 2042 5415 καὶτοῦτο

466 5445 670 5502 ἄνωθεν
719 5447 1016 5517 προελέχθη
1039 5463 1053 5478 ο
1111 5445 1439 5516 Φθέγξομαι
1484 5448 1873 5518 προϐλήματα
1924 5449 2042 5503 ἀπὸ

468 5533 806 5600 καταϐολῆς
839 5537 1089 5604 κόσμου,
1151 5535 1460 5605 ἐρεύξομαι
1515 5537 1890 5606 κεκρυμμένα
1939 5539 2042 5592 ἀπ’

466 5619 680 5690 ἀρχῆς.
730 5621 890 5678 Ἀλλά
925 5623 1020 5676 καὶ
1047 5623 1145 5693 τὴν
1175 5625 1364 5692 σοφίαν
1388 5625 1484 5696 τὴν
1510 5626 1567 5678 ἐν
1593 5625 1670 5696 τῷ
1709 5625 2041 5698 δημηγορεῖν

464 5707 674 5766 ἄνωθεν
699 5709 1196 5781 προανακηρύττων
1236 5713 1266 5764 ό
1305 5713 1588 5785 προφήτης
1638 5713 1856 5784 ἐλεγενο
1912 5715 2038 5780 Ἐξο

1192 259 1252 315 S.
1291 254 1578 314 JOANNIS
1614 254 1962 312 CIIBYSOS'I
1979 255 2096 307 0M:
2137 254 2460 312 ARCHIEP.
2500 256 3050 312 CONSTANTINOP.
3463 308 3466 310 ν
3649 260 3735 315 818

2153 372 2337 440 ἐχύθη
2356 373 2391 440 ἡ
2411 371 2579 442 χάρις
2601 372 2672 426 ἐν
2700 373 2936 442 χείλεσί
2959 388 3077 426 σου
3099 389 3110 402 ’
3134 373 3227 427 καὶ
3241 369 3436 444 ἔτερος
3462 375 3738 446 προφήτης

2155 459 2351 512 πάλινο
2400 459 2547 513 Ἰδοὺ
2579 459 2840 528 συνήσει
2863 464 2895 515 ό
2933 459 3076 526 παῖς
3092 479 3232 530 μου,
3279 462 3378 516 καί
3426 461 3736 528 ὑψωθήσε-

2153 562 2249 600 ται
2273 547 2369 600 καί
2395 547 2846 616 δοξασθήσεται
2875 548 2977 602 καί
3012 547 3578 618 μετεωρισθήσεται
3612 551 3740 618 σφό-

2153 634 2284 702 δρα.
2315 637 2426 690 Καὶ
2446 637 2545 705 τῆς
2575 619 2879 706 παρουσίας
2908 636 3081 706 αὐτῆς
3112 635 3182 689 τὰ
3228 635 3661 706 κατορθώματα
3686 645 3739 689 τά

2157 723 2296 792 μετά
2331 723 2438 776 τῶν
2474 723 2718 795 σημείων
2752 723 3015 794 γινόμενα
3035 723 3110 787 ώς
3143 724 3200 776 ἐν
3229 722 3433 793 βραχεῖ
3453 723 3739 793 διηγούμε-

2154 828 2265 875 νος,
2297 812 2458 866 πάλιν
2486 813 2649 878 αὐτὸς
2677 811 2851 874 οὕτως
2879 812 3063 880 ἔλεγε·
3104 811 3347 880 Πνεῦμα
3398 811 3640 878 Kvplov
3663 812 3740 863 ἐπ’

2153 899 2276 969 ἐμὲ,
2310 896 2382 955 οὗ
2410 900 2618 954 ἕνεκεν
2645 900 2855 969 ἐχρισέ
2889 916 2986 969 με,
3037 899 3568 969 εὐαγγελίσασθαι
3607 916 3741 952 πτυ-

2153 987 2285 1057 χοῐς
2312 988 2664 1043 ἀπέσταλκέ
2677 1005 2775 1057 με,
2803 986 3058 1055 κηρῦξαι
3087 987 3506 1056 αἰχμαλώτοις
3536 987 3744 1058 ὄρεσιν

2154 1074 2254 1128 καί
2285 1076 2538 1144 τυφλοῖς
2563 1075 2922 1144 ἀνάϐλεψιν.
2976 1074 3196 1144 Ἐπειδὴ
3232 1076 3327 1127 καὶ
3373 1076 3473 1128 τὸν
3517 1077 3744 1130 τοσαῦτα

2154 1160 2545 1234 εὐεργετοῦντα
2589 1163 2787 1226 αὐτοὺς
2846 1162 3071 1233 ἔμελλον
3125 1163 3588 1234 ἀποστρέφεσθαι
3639 1168 3740 1230 εἰκῆ

2155 1249 2250 1304 καὶ¹
2282 1250 2480 1320 μάτην,
2511 1250 2571 1303 οὐ
2605 1249 2823 1322 μικρὸν,
2858 1250 2919 1303 οὐ
2949 1251 3098 1321 μέγα
3117 1249 3329 1320 ἔχοντες
3352 1251 3648 1318 ἐγκαλεῖν,
3665 1259 3745 1305 καὶ

2152 1333 2310 1388 τοῦτο
2335 1335 2815 1408 προανεκηρύχθη.
2875 1338 3076 1389 Ἀκουε
3112 1337 3220 1408 γὰρ
3257 1338 3353 1391 τοῦ
3386 1338 3569 1392 Δαυῖδ
3601 1339 3744 1393 τοῦτο

2153 1422 2286 1475 αὐτὸ
2312 1423 2770 1496 προθεσπίζοντος
2791 1424 2934 1478 οῦτω
2963 1425 3054 1477 καὶ
3083 1409 3334 1493 λέγοντος
3356 1442 3369 1454 ’
3419 1425 3600 1480 Μετὰ
3640 1427 3745 1479 τῶν

2147 1513 2494 1580 μισούντων
2548 1511 2664 1580 τὴν
2713 1512 2969 1581 εἰρήνην
3002 1511 3167 1582 ἤμην
3201 1516 3552 1582 εἰρηνικός-⁸
3611 1514 3745 1568 ὅταν

2153 1598 2422 1654 ἐλάλουν
2444 1601 2670 1668 αὐτοῖς,
2706 1601 3050 1671 ἐπολέμουν
3080 1619 3158 1673 με
3197 1602 3446 1672 δωρεάν.
3517 1603 3746 1674 Ἔμελλε

2152 1691 2248 1743 καὶ
2283 1690 2376 1742 ἐπὶ
2402 1690 2525 1757 δνου
2546 1691 2840 1762 ὀχούμενος
2860 1690 3034 1754 οῦτως
3053 1693 3132 1755 εἰς
3158 1691 3257 1761 τὴν
3291 1693 3449 1745 πόλιν
3480 1693 3716 1746 εἰσιέναι
3732 1710 3743 1720 ο

2153 1777 2424 1830 καὶτοῦτο
2455 1777 2662 1832 ἀνωθεν
2687 1778 3146 1850 προανεκηρύχθη
3189 1778 3296 1832 ὐπὸ
3337 1781 3626 1851 Ζαχαρίου
3670 1781 3745 1834 λέ-

2153 1883 2340 1934 γοντος
2359 1864 2522 1919 οῦτωο
2547 1865 2723 1935 Χαῷε
2747 1866 3002 1935 σφόδρα,
3022 1866 3275 1936 θύγατερ
3302 1866 3485 1931 Σιὼν,
3518 1868 3742 1936 animv-

2153 1969 2247 2016 σε,
2270 1953 2522 2022 θύγατερ
2562 1953 2990 2023 Ἰερουσαλῄμο
3027 1952 3159 2007 ἰδοὺ
3188 1958 3220 2009 ό
3266 1955 3590 2022 ,ϐασιλεύς
3636 1973 3743 2011 σου

2152 2040 2388 2111 ἔρχεταί
2415 2057 2516 2095 σοι
2547 2042 2741 2111 πραῢς
2766 2041 2867 2096 καί
2895 2041 3266 2111 ἐπιϐεϐηκὼς
3289 2042 3391 2096 ἐπὶ
3419 2045 3746 2114 ὑποζύγιον

2152 2129 2252 2182 καὶ
2275 2127 2481 2183 πῶλον
2505 2132 2667 2184 νέον.
2711 2128 2964 2196 Ἑξέϐαλε
2991 2129 3120 2193 τοὺς
3160 2129 3486 2194 πωλοῦντας
3517 2131 3623 2194 τὰς
3662 2149 3746 2184 πυ
3826 2138 3827 2182 1

2155 2218 2414 2289 ριστεράς
2441 2218 2680 2281 καὶτοὺς
2703 2201 3083 2281 κολλυϐιστάξ.
3115 2217 3321 2270 Ἐποίει
3344 2217 3406 2270 δὲ
3430 2217 3607 2271 τοῦτο
3628 2222 3747 2272 αὐτό
3826 2263 3827 2282 η

2154 2303 2303 2376 ζήλῳ
2331 2303 2410 2376 τῷ
2442 2305 2584 2377 ὑπὲρ
2617 2303 2710 2358 τοῦ
2752 2306 2938 2371 οἴκου,
2979 2305 3074 2358 καὶ
3111 2304 3229 2374 ἅμα
3271 2304 3500 2370 δεικνὺς
3546 2308 3632 2359 ὅτι
3660 2309 3747 2359 οὐκ

2153 2392 2398 2458 ἀντίθεός
2417 2393 2502 2458 τίς
2523 2395 2692 2457 ἐστιν,
2719 2393 2857 2448 ἀλλὰ
2889 2395 2984 2447 καὶ
3019 2391 3171 2466 [565]
3199 2393 3501 2464 σύμφωνος
3528 2395 3614 2465 τῷ
3642 2398 3746 2449 Il:-

2153 2481 2244 2552 τρί
2263 2497 2276 2512 ο
2303 2481 2385 2534 διὸ
2412 2483 2506 2536 καὶ
2535 2481 2766 2547 ἐξεδίκει
2789 2482 2881 2535 τὸν
2902 2478 3051 2535 οἰκον
3070 2481 3146 2545 ώς
3169 2483 3228 2535 ἐν
3252 2482 3408 2554 αὐτῷ
3442 2484 3748 2554 καπηλείας

2153 2567 2421 2640 τοσαύτης
2453 2569 2769 2640 γινομένης.
2807 2569 2944 2623 Οὐδὲ
2980 2569 3141 2623 τοῦτο
3173 2569 3516 2641 κατελείφθη
3567 2573 3749 2624 ἀνεπι·

2155 2626 2418 2728 σήματον,
2450 2626 2590 2710 ἀλλά
2617 2626 2922 2711 καίναύτὺό
2958 2659 3247 2730 προφήτης
3290 2626 3464 2710 Δαυ⁴ῖδ
3502 2626 3752 2729 ’πρωτοο
3828 2626 3829 2712 ἰ

2158 2744 2352 2814 ρεύων,
2403 2745 2499 2798 καὶ
2541 2745 2641 2815 τὴν
2673 2743 2920 2816 γνώμην,
2967 2744 3086 2816 μεθ’
3120 2741 3190 2816 ἧς
3233 2743 3332 2815 τὴν
3378 2744 3678 2817 ἐκδίκησιν
3707 2748 3751 2798 ξ·
3828 2739 3829 2744 “

2155 2851 2382 2906 πραττε,
2439 2834 2848 2906 προαναφωνῶν
2905 2834 3055 2902 λέγει
3077 2849 3090 2864 ο
3136 2834 3190 2886 ’0
3220 2831 3404 2901 ζῆλος
3435 2835 3553 2889 τοῦ
3591 2837 3750 2890 οἰκον

2153 2940 2270 2978 σου
2297 2921 2593 2993 κατέξεαγέ
2612 2939 2711 2992 με.
2743 2923 2809 2976 Τί
2850 2921 3044 2975 τούτου
3081 2921 3286 2991 γένοιτ’
3325 2921 3396 2976 ἂν
3430 2924 3752 2995 inparia-.2-

2155 3029 2277 3083 ρον;
2309 3011 2543 3082 Ἔμελλε
2571 3010 2984 3083 παραδίδοσθαι,
3008 3012 3104 3063 καὶ
3127 3011 3155 3063 6
3172 3008 3457 3063 κοινωνῶν
3478 3012 3641 3081 αὐτῷ
3667 3013 3752 3082 τῆς

2152 3097 2431 3172 τραπέζης
2452 3100 2555 3169 τὴν
2583 3097 2874 3169 προδοσίαν
2909 3095 3262 3167 ἐργάζεσθαι.
3305 3097 3463 3169 Ὅρα
3516 3099 3646 3163 πῶς
3672 3105 3750 3154 καὶ
3830 3123 3832 3176 1

2155 3185 2316 3239 τοῦτο
2352 3185 2766 3258 προηγόρευσεν
2791 3187 2820 3239 6
2847 3185 3012 3250 αὐτὸς
3039 3178 3200 3250 οὗτος
3217 3188 3520 3257 προφήτης
3553 3187 3748 3257 λέγων·
3830 3177 3832 3214 ¹

2165 3274 2228 3328 '0
2257 3275 2478 3328 ἐσθίων
2502 3275 2722 3344 ἄρτους
2742 3291 2859 3343 μου
2891 3274 3265 3344 ἐμεγάλυνεν
3304 3275 3401 3328 ἐπ’
3434 3276 3551 3345 ἐμὲ
3602 3293 3752 3345 πτερ-

2151 3365 2393 3431 νισμόν.
2434 3362 2722 3416 Σκόπειδέ
2764 3363 2859 3415 καὶ
2894 3361 2990 3415 τοῦ
3033 3361 3431 3431 εὐαγγελιστοῦ
3465 3366 3574 3434 τὴν
3632 3381 3752 3435 συμ-

2153 3451 2380 3520 φωνίαν·
2433 3452 2495 3504 '0
2519 3451 2817 3522 ἐμϐάψας,
2858 3453 3012 3522 φησὶ,
3064 3451 3191 3521 μετ’
3241 3451 3392 3520 ἐμοῦ
3427 3451 3554 3520 τὴν
3601 3455 3750 3522 χεῖρα

2151 3539 2339 3592 αὺτοῦ
2355 3539 2426 3592 ἐν
2449 3538 2530 3605 τῷ
2558 3541 2838 3608 τρυϐλίῳ,
2870 3535 3054 3607 οὗτός
3067 3555 3143 3608 με
3163 3539 3543 3608 παραδώσει.
3564 3543 3752 3612 Ἐ

2151 3627 2241 3680 λεν
2275 3629 2304 3680 6
2336 3628 2665 3700 παραδιδοὺς
2687 3629 2851 3682 αὐτὸν
2871 3630 2971 3700 οὐχ
2986 3629 3180 3692 ἁπλῶς
3215 3629 3614 3701 παραδιδόναι,
3631 3633 3752 3685 ἀλλὰ

2151 3714 2348 3768 πωλῶν
2380 3717 2441 3769 τὸ
2472 3709 2612 3787 αἷμα
2638 3716 2698 3768 τὸ
2721 3717 2922 3787 τίμιον,
2948 3717 3042 3770 καὶ
3072 3718 3334 3788 χρήματα
3373 3719 3526 3791 ὑπὲρ
3570 3720 3749 3772 τούτου

2151 3805 2462 3877 λαμϐάνων.
2487 3805 2621 3859 Οὐδὲ
2636 3805 2793 3859 τοῦτο
2815 3806 3070 3877 ἐσίγησεν
3099 3811 3127 3859 6
3150 3807 3474 3877 προφήτης,
3505 3808 3651 3861 ἀλλὰ
3669 3811 3750 3862 καὶ

2151 3892 2218 3946 τά
2253 3893 2582 3963 ἀναίσχυντα
2613 3892 2941 3964 συμϐόλαια,
2974 3895 3068 3946 καὶ
3093 3895 3220 3956 τοὺς
3249 3894 3478 3962 λόγους,
3503 3896 3608 3960 οὓς
3630 3899 3750 3966 πρὸς

2149 3982 2411 4052 ἀλλήλους
2430 3981 2730 4048 ἐποιοῦντο,
2762 3983 3065 4053 ἐμφαίνων,
3101 3983 3163 4036 '0
3181 3981 3347 4050 Θεὸς,
3369 3983 3496 4051 τὴν
3518 3987 3752 4039 αινεσίν

2147 4087 2264 4140 μου
2288 4069 2376 4140 μὴ
2405 4069 2908 4139 παρασιωπήσῃς,
2946 4070 3164 4138 ἔλεγεν,
3202 4071 3293 4124 ὅτι
3323 4073 3536 4141 στόμα
3581 4075 3750 4142 ἁμαρ-

2151 4159 2344 4214 τωλοῦ
2365 4160 2466 4216 καὶ
2493 4159 2688 4229 στόμα
2719 4159 2931 4214 δολίου
2960 4161 3054 4214 ἐπ’
3093 4160 3200 4226 ἐμὲ
3236 4161 3539 4230 ἠνοίχθη.
3587 4165 3645 4216 '0
3673 4165 3748 4217 az}-

2150 4248 2240 4311 τὸς
2269 4247 2535 4320 προδότης
2563 4249 2864 4318 μεταγνοὺς
2899 4247 3126 4320 ὕστερον
3149 4250 3288 4319 ὑπὲρ
3333 4242 3414 4303 ὧν
3458 4251 3745 4322 ἐτόλμηπ,

2149 4335 2219 4389 τά
2235 4352 2294 4388 τε
2319 4335 2560 4407 ἀργύρια
2588 4335 2804 4407 ἔρριψε,
2832 4337 2928 4390 καὶ
2955 4336 3179 4408 δραμὼν
3223 4337 3320 4390 ἐπὶ
3377 4336 3589 4410 βρόχον
3622 4341 3748 4391 οὕτω

2149 4424 2241 4478 τὸν
2275 4423 2388 4494 βίον
2418 4423 2700 4488 κατέλυσε,
2738 4425 2939 4497 χηρείᾳ
2970 4427 3068 4497 τὴν
3101 4429 3340 4494 γυναῖκα
3379 4428 3488 4480 καὶ
3522 4429 3748 4498 ὀρφανίᾳ

2149 4511 2214 4566 τὰ
2241 4512 2406 4566 τέκνα
2422 4511 2718 4584 παραδοὺς,
2737 4513 2830 4566 καὶ
2859 4513 3066 4584 ἐρημία
3090 4514 3189 4585 τὴν
3218 4514 3428 4566 οἰκίαν.
3471 4516 3624 4587 Ὅρα
3643 4518 3746 4576 πέις

2151 4600 2248 4654 καὶ
2286 4599 2489 4671 ταύτην
2541 4599 2878 4672 ἐκτραγῳδεί
2906 4599 3004 4671 τὴν
3048 4600 3338 4672 συμφορὰν
3387 4604 3419 4654 6
3465 4605 3746 4674 προφήτης

2149 4686 2292 4740 οῦτω
2314 4688 2518 4756 λέγων’
2543 4687 2986 4755 Γενηθήτωσαν
3014 4690 3068 4741 οἱ
3091 4687 3208 4740 υίοί
3248 4687 3447 4741 αὑτοῦ
3479 4690 3743 4758 ὀρφανοὶ,

2150 4777 2247 4828 καὶ
2270 4775 2309 4843 ή
2340 4775 2495 4845 γυνὴ
2517 4775 2704 4829 αὐτοῦ
2734 4775 2910 4844 χήρα,
2933 4775 3334 4844 σαλευόμενοι
3369 4777 3744 4843 μεταναστή-

2147 4881 2350 4918 τωσαν
2376 4867 2430 4917 οἱ
2453 4863 2570 4918 υίοί
2599 4863 2805 4926 αὐτοῦ,
2841 4865 2938 4917 καὶ
2988 4863 3476 4932 ἐκϐληθήτωσαν
3518 4867 3590 4919 ἐκ
3640 4865 3744 4918 τῶν

2149 4952 2480 5008 οἰκοπέδων
2506 4951 2724 5007 αὐτῶν.
2772 4953 2931 5006 Ἀ).λά
2958 4953 3054 5006 καί
3077 4953 3191 5005 ἀντ’
3213 4953 3434 5005 ἐκείνου
3465 4955 3594 5024 μετ’
3612 4957 3742 5008 ἐκεῖ·

2148 5059 2239 5097 νον
2269 5042 2456 5110 γέγονέ
2485 5059 2570 5106 τις
2595 5043 2888 5106 ἀπόστολος
2910 5045 2938 5096 6
2958 5042 3227 5104 Ματθίας.
3251 5042 3367 5094 Καὶ
3387 5043 3561 5097 τοῦτο
3592 5044 3742 5096 πάλιν

2147 5133 2176 5184 ό
2213 5131 2376 5194 αὐτὸς
2399 5134 2778 5203 προαναφωνεῖ
2796 5131 2969 5200 λέγων
2988 5147 3001 5160 ·
3032 5130 3151 5199 Τὴν
3173 5131 3542 5198 ἐπισκοπὴν
3563 5132 3742 5186 αὐτοῦ

2147 5223 2322 5278 λάϐοι
2353 5225 2574 5293 ἕτερος.
2608 5225 2968 5296 Προδοθέντος
2996 5225 3163 5278 αὐτοῦ
3197 5226 3292 5278 καὶ
3340 5225 3738 5297 συλληφθέντες

2149 5323 2386 5390 ἑκόντος,
2421 5323 2738 5376 συνίσταται
2758 5323 3110 5394 δικαστήριον
3140 5323 3343 5392 πολλῆς
3359 5325 3544 5393 γέμον
3574 5343 3740 5395 παρει-

2148 5421 2361 5492 νομίας,
2422 5420 2693 5474 Ἰουδαίων
2731 5437 2792 5472 τε
2836 5421 2930 5472 καὶ
2969 5419 3080 5473 τῶν
3111 5420 3172 5486 ἐξ
3212 5420 3408 5478 ἐθνῶν.
3453 5423 3606 5493 Ὅρα
3633 5423 3737 5482 πῶς

2148 5519 2241 5572 καί
2291 5518 2422 5573 αὐτὸ
2467 5517 2818 5587 προθεσπίζει
2857 5519 2886 5570 6
2937 5518 3235 5590 Προφήτης
3290 5519 3509 5588 λέγων·
3566 5521 3735 5575 Ἰνιιτί

2146 5616 2455 5685 ἐφρύαξαν
2479 5615 2651 5685 ἔθνη,
2700 5614 2799 5669 καὶ
2831 5615 2965 5668 λαοὶ
3003 5613 3387 5684 ἐμελέτησαν
3440 5619 3626 5680 κενὰ
3662 5617 3730 5670 οε

2145 5713 2320 5769 ταῦτα
2351 5712 2406 5766 δὲ
2431 5711 2592 5785 μόνον
2623 5710 3078 5786 προανεφώνησαν
3095 5729 3110 5745 ·
3142 5711 3281 5767 ἀλλά
3305 5715 3405 5768 καὶ
3429 5717 3535 5788 τὴν
3563 5712 3727 5786 σιγὴν.
