3832 6296
148 324 237 380 8¹7
690 333 963 393 CONTRA
1000 332 1284 392 JUDEOS
1320 334 1407 391 ET
1445 333 1698 391 GENTIL

1843 334 2027 403 QUOD
2063 335 2393 394 CHRISTUS
2429 339 2536 397 SIT
2574 340 2773 398 DEUS.

145 465 200 512 de
231 451 498 526 feruoribus
535 450 642 523 ejus
662 491 677 515 ,
718 449 874 503 donec
912 449 1077 502 veniat
1104 447 1185 501 cui
1212 446 1485 517 repositum
1512 454 1583 498 est
1601 486 1616 507 ,
1646 453 1696 498 et

144 552 238 618 ipsa
272 543 572 611 exspectatio
624 540 857 595 Gentium
889 555 907 594 :
936 540 1100 609 ligans
1145 539 1213 591 ad
1262 538 1453 591 vineam
1500 536 1697 606 pullum

141 654 291 702 suum,
316 645 361 689 ct
386 633 453 687 ad
481 633 689 686 ltelicem
714 632 912 701 pullum
938 630 1095 683 asina:
1118 643 1242 682 suae.
1273 626 1482 680 Lavabit
1508 631 1558 679 in
1583 626 1695 679 vino

141 730 305 786 stolam
327 741 491 790 suam,
521 734 566 777 et
591 723 643 776 in
668 721 913 793 sanguine
937 735 1045 773 uvtc
1070 719 1279 789 pallium
1304 733 1469 771 suum.
1496 714 1696 769 lucun-

138 823 287 875 diom
325 816 459 871 oculi
498 815 606 886 ejus
637 813 779 876 vino,
820 820 865 865 et
902 809 1216 862 candidiores
1241 808 1411 860 dentes
1434 806 1540 876 ejus
1569 806 1696 859 lacte

141 912 276 983 (Gen.
303 908 392 963 49.
421 907 489 961 10
516 906 661 975 ~12).
687 904 819 959 Vide
857 902 993 956 hanc
1020 903 1177 955 etiam
1210 898 1533 985 prophetiam
1563 912 1695 951 con-

122 1015 330 1071 igruere.
363 997 492 1051 Nam
534 1005 660 1049 tunc
691 993 922 1054 advenit,
951 1006 1071 1045 cum
1096 989 1204 1059 jam
1235 988 1524 1045 deticerent
1549 986 1694 1056 prin-

137 1094 269 1161 cipes
293 1089 496 1144 .ludaiei
522 1129 535 1151 ,
582 1095 634 1142 et
678 1094 889 1155 sceptro
918 1084 1273 1138 Romanorum
1304 1080 1655 1135 subderentur
1681 1096 1696 1134 :

135 1196 185 1241 et
223 1184 297 1237 sic
334 1181 649 1251 implebatur
676 1177 952 1250 prophetia
974 1218 988 1241 ,
1016 1191 1133 1244 qua}
1160 1173 1282 1228 dicit
1308 1214 1322 1237 ,
1356 1170 1478 1225 Non
1503 1170 1698 1237 deﬁciet

141 1277 355 1345 princeps
382 1273 444 1324 de
468 1270 631 1336 Juda,
663 1280 709 1323 et
739 1271 845 1321 dua:
872 1270 932 1319 de
962 1265 1231 1337 femoribus
1260 1266 1389 1335 ejus,
1419 1264 1574 1317 donec
1610 1277 1695 1315 ve—

137 1369 269 1430 niat,
300 1366 381 1418 cui
414 1363 687 1433 repositum
728 1371 820 1425 est,
863 1359 932 1415 de
978 1358 1190 1413 Christo
1214 1357 1415 1413 scilicet
1453 1356 1695 1425 loquens.

134 1458 257 1513 Nam
296 1457 472 1509 statim
502 1466 658 1523 atque
689 1463 841 1507 natus
866 1460 975 1514 est,
1006 1460 1058 1503 et
1086 1448 1371 1520 descriptio
1397 1448 1485 1502 illa
1529 1445 1697 1517 prima

134 1551 261 1607 facta
307 1556 425 1613 est,
476 1545 854 1615 imperantibus
881 1541 1134 1597 Romanis
1175 1540 1476 1595 Judzeorum
1522 1537 1695 1608 genti,

134 1657 245 1696 cum
274 1654 366 1693 eos
389 1634 486 1696 sub
506 1637 707 1705 imperii
736 1637 815 1689 sui
833 1635 1014 1703 jugum
1037 1633 1285 1702 egissent.
1306 1631 1539 1701 Itemque
1558 1627 1697 1683 aliud

131 1732 450 1804 signiﬁcatur
468 1729 549 1784 his
567 1728 758 1793 verbis,
782 1739 827 1781 et
848 1726 954 1794 ipse
976 1725 1278 1795 exspectatio
1292 1721 1541 1776 Gentium.
1566 1719 1697 1774 Cum

132 1824 420 1881 advenisset
461 1821 632 1887 enim,
678 1834 866 1874 omnes
910 1817 1106 1872 Gentes
1148 1816 1386 1871 attraxit.
1429 1813 1695 1879 Herodes,

130 1917 304 1972 Jesum
341 1922 519 1968 natum
546 1912 856 1982 perquirens
875 1950 890 1974 ,
925 1923 1115 1978 pueros
1136 1923 1200 1961 eo
1229 1907 1278 1960 in
1306 1906 1423 1960 loco
1452 1905 1700 1958 interem-

130 2020 313 2079 pturus
348 2015 459 2061 erat
482 2023 496 2059 :
519 2014 571 2060 et
616 2018 789 2073 neque
834 2000 937 2055 hoc
978 2001 1238 2055 siluerunt
1269 1998 1538 2068 prophetae
1559 2038 1573 2060 ,
1606 1995 1699 2050 sed

129 2101 306 2154 multis
335 2106 487 2152 antea
513 2095 839 2165 temporibus
867 2093 1224 2163 praedixerunt
1252 2091 1335 2143 his
1363 2090 1566 2144 verbis:
1592 2086 1702 2142 Vos

126 2194 175 2245 in
214 2189 380 2243 Roma
417 2188 591 2242 audita
615 2197 687 2241 est
710 2227 724 2249 ,
767 2188 931 2240 luctus
954 2227 969 2252 ,
1014 2186 1162 2255 fletus
1191 2193 1235 2237 et
1264 2182 1453 2237 clamor
1479 2182 1662 2235 multus
1682 2197 1701 2235 :

128 2281 324 2338 Rachel
342 2282 546 2352 plorans
571 2279 702 2347 ﬁlios
721 2295 858 2342 suos,
889 2287 937 2331 et
965 2276 1127 2330 noluit
1158 2275 1428 2340 consolari,
1456 2274 1573 2344 quia
1598 2290 1701 2327 non

107 2360 237 2431 ἰιιηι
275 2373 409 2444 (Jer.
438 2374 525 2428 δι.
558 2372 667 2441 is).
700 2369 777 2425 Ex
811 2369 1039 2440 [Egypto
1065 2369 1331 2423 rediturus
1359 2375 1495 2432 erat,
1526 2377 1581 2421 et
1600 2365 1702 2421 hoc

124 2466 548 2538 praenuntiarunt
596 2463 881 2517 dicentes:
914 2458 999 2513 Ea:
1044 2457 1273 2529 1Eggpto
1318 2458 1488 2511 vocavi
1536 2456 1702 2525 ﬁlium

121 2577 289 2615 meum
312 2557 465 2627 (Osee
515 2557 600 2611 11.
632 2556 709 2627 1).
738 2554 1036 2623 Conspicua
1065 2553 1114 2606 in
1142 2552 1254 2606 loca
1282 2562 1537 2604 venturus
1562 2557 1698 2613 erat,

123 2663 177 2706 ut
212 2651 395 2705 statim
425 2649 492 2703 ibi
522 2648 671 2717 signa
709 2645 910 2700 faceret
935 2653 990 2698 et
1014 2643 1260 2698 doceret:
1283 2650 1337 2695 et
1362 2641 1464 2694 hoc
1492 2654 1702 2710 quoque

119 2739 536 2812 praenuntiatum
586 2745 698 2800 est;
749 2734 871 2788 audi
916 2735 1056 2787 enim
1113 2732 1353 2786 Hesaiam
1401 2730 1698 2784 dicentem:

120 2830 281 2901 Regio
307 2828 560 2891 Zubulon,
590 2836 722 2879 terra
751 2822 1102 2894 Nephthalim,
1132 2821 1369 2892 populus,
1396 2820 1481 2892 qui
1503 2818 1703 2873 sedebat

114 2924 167 2977 in
197 2921 439 2985 tenebris,
468 2921 589 2973 vidit
618 2920 779 2973 lucem
808 2932 1042 2987 magnam
1066 2931 1085 2969 :
1106 2914 1388 2968 sedentibus
1406 2914 1459 2966 in
1490 2911 1703 2966 tenebris

118 3029 166 3070 et
194 3017 251 3070 in
286 3016 473 3069 umbra
507 3012 681 3066 mortis
725 3012 816 3065 lus:
841 3019 951 3063 orta
979 3019 1052 3063 est
1079 3006 1284 3076 (Hesai.
1313 3005 1466 3076 9.1).
1502 3004 1705 3072 Quibus

111 3106 453 3179 signiﬁcatur
468 3104 723 3158 adventus
742 3102 855 3170 ejus
871 3101 925 3155 in
945 3100 1033 3154 illa
1055 3099 1190 3161 loca,
1212 3098 1448 3153 doctrina
1471 3112 1699 3168 quoque,

113 3199 356 3268 cognitio
378 3237 395 3263 ,
440 3210 595 3266 quam
624 3212 652 3247 a
685 3192 951 3247 miraculis
980 3199 1319 3259 acceperunt.
1362 3188 1565 3243 Deinde
1604 3188 1704 3242 alia

111 3304 384 3362 enarrans
423 3286 712 3351 miracula,
741 3284 1131 3352 ostendensque
1176 3280 1442 3350 quomodo
1487 3277 1704 3333 claudos

108 3380 427 3443 curaverit,
471 3391 642 3431 caecos
669 3373 954 3437 sanaverit,
987 3380 1161 3426 mutos
1191 3370 1331 3439 loqui
1360 3367 1559 3434 fecerit,
1590 3368 1702 3422 ait:

109 3471 261 3527 Tunc
289 3470 584 3540 aperientur
607 3464 741 3519 oculi
764 3480 1029 3527 caecorum,
1070 3470 1115 3514 et
1142 3477 1292 3514 aures
1313 3459 1581 3513 surdorum
1607 3474 1703 3510 au-

107 3563 251 3615 dient
299 3556 462 3629 (Hes.
490 3558 579 3612 55.
603 3556 695 3626 5);
727 3555 948 3624 aliisque
985 3548 1339 3622 interpositis,
1371 3548 1511 3603 Tunc
1539 3549 1703 3615 saliet,

105 3653 310 3722 inquit,
342 3652 473 3705 sicut
498 3665 668 3703 cervus
696 3646 923 3711 claudus,
954 3654 1001 3698 et
1025 3643 1167 3699 clara
1190 3643 1281 3697 erit
1304 3658 1400 3697 vox
1424 3642 1705 3696 balbutien-

105 3744 236 3796 tium
282 3739 403 3813 (Ib.
433 3756 480 3792 v.
513 3738 567 3807 6)
594 3755 606 3789 :
630 3736 772 3806 quod
804 3736 1005 3789 scilicet
1035 3748 1321 3802 numquam
1361 3732 1555 3787 factum
1585 3739 1665 3784 est
1686 3771 1701 3795 ,

104 3834 212 3889 nisi
246 3834 302 3887 in
335 3831 568 3886 adventu
594 3829 756 3883 illius.
799 3826 1082 3897 Signorum
1110 3826 1234 3879 item
1261 3824 1553 3893 aliquorum
1581 3838 1705 3892 spe-

100 3927 295 3979 ciatim
338 3922 699 3976 meminerunt
724 3933 740 3972 :
766 3918 1033 3987 ingressus
1060 3923 1143 3969 est
1170 3915 1311 3969 enim
1341 3912 1622 3981 aliquando
1653 3911 1703 3965 in

102 4018 383 4087 templum
407 4057 423 4080 ,
459 4025 514 4070 et
540 4013 686 4084 pueri
712 4010 885 4065 adhuc
912 4010 1164 4063 lactentes
1187 4048 1202 4071 ,
1248 4006 1706 4074 inexpeditamque

98 4110 286 4165 adhuc
325 4106 592 4161 habentes
619 4105 846 4174 linguam
873 4101 1178 4156 cecinerunt
1203 4100 1253 4152 in
1283 4098 1428 4152 illum
1454 4098 1700 4168 hymnos,

99 4206 181 4258 sic
212 4204 497 4266 dicentes,
532 4197 776 4252 Hosanna
809 4197 860 4248 in
892 4193 1099 4248 excelsis
1122 4208 1139 4247 :
1161 4192 1442 4246 benedictus
1467 4191 1551 4261 qui
1577 4190 1707 4243 venit

92 4301 149 4349 in
174 4295 403 4349 nomine
421 4290 622 4343 Domini
644 4286 850 4358 (Matth.
870 4287 959 4340 2|.
983 4285 1036 4353 9)
1056 4302 1067 4335 :
1085 4283 1184 4337 hoc
1206 4283 1371 4336 multo
1396 4291 1551 4335 antea
1575 4296 1708 4349 prte-

94 4386 325 4439 dixerat
356 4379 617 4451 prOpheta
640 4420 653 4443 ,
688 4377 770 4431 Ex
798 4394 883 4430 ore
903 4415 920 4441 ,
954 4376 1230 4443 inquiens,
1261 4373 1531 4442 infantium
1555 4383 1597 4425 et
1626 4372 1706 4423 la-

91 4478 355 4530 etentium
406 4470 658 4543 perfecisti
706 4468 937 4536 (andem,
984 4476 1040 4519 ut
1078 4467 1307 4518 destruas
1358 4463 1614 4516 inimicum
1660 4471 1707 4516 et

91 4572 329 4622 ultorem
359 4563 590 4637 (Psalm.
615 4563 669 4617 8.
693 4562 769 4625 5).
790 4559 975 4615 Viden’
991 4558 1256 4629 quomodo
1277 4566 1459 4612 contra
1477 4556 1705 4624 scipsam

88 4659 409 4715 decertans
458 4664 643 4708 natura
687 4651 930 4720 opificem
973 4649 1317 4720 praadicaret,
1361 4657 1413 4702 et
1452 4648 1707 4701 innocens

88 4764 254 4818 mtas,
307 4745 553 4801 necdum
601 4742 929 4797 articulatam
973 4755 1156 4794 vocem
1198 4740 1442 4794 emittere
1485 4737 1704 4804 valens,

84 4843 473 4917 apostolicam
497 4836 923 4909 praedicationem
952 4834 1284 4902 susciperet?

159 4943 219 4991 4.
264 4934 504 4989 Iudaeos
530 4931 751 4999 ingratos
780 4931 888 4999 fore
909 4924 1203 4995 prtvdictum
1220 4934 1310 4978 est.
1334 4953 1402 4963 ——
1423 4922 1553 4989 Quia
1578 4935 1704 4974 vero

82 5046 214 5085 cum
251 5024 486 5084 Judznis
511 5020 793 5090 aliquando
820 5019 1091 5072 disserens
1131 5017 1200 5070 ob
1227 5016 1488 5084 ingratum
1519 5029 1702 5067 eorum

79 5123 349 5175 animum
398 5115 572 5169 multa
600 5112 925 5166 subobscure
956 5108 1102 5177 quasi
1135 5109 1186 5161 in
1213 5107 1490 5175 aenigmate
1518 5114 1570 5159 et
1610 5120 1702 5172 pa-

79 5214 281 5271 rabola
342 5210 677 5277 loquuturus
703 5214 836 5268 erat,
886 5202 1111 5271 idipsum
1159 5214 1368 5269 quoque
1414 5199 1504 5252 diu
1550 5208 1704 5252 antea

78 5306 444 5379 praedictum
493 5306 575 5352 est
614 5313 627 5349 :
682 5294 884 5364 Loquar
935 5290 1295 5361 propositiones
1341 5306 1371 5341 a
1414 5289 1707 5379 fundatione

76 5378 299 5461 mundi,
340 5389 593 5445 eructabo
639 5385 929 5439 abscondita
955 5381 1016 5435 ab
1058 5381 1199 5432 initio
1237 5378 1457 5447 (Psalm.
1493 5378 1579 5430 77.
1624 5378 1703 5447 2).

74 5489 231 5554 Quin
262 5493 327 5539 ct
358 5479 687 5548 sapientiam
718 5477 834 5544 ejus
864 5475 915 5528 in
959 5469 1322 5526 concionando
1351 5469 1522 5539 longis
1550 5479 1705 5523 antea

74 5573 465 5647 temporibus
511 5566 869 5636 prmuuntians
913 5562 1165 5632 propheta
1206 5558 1457 5615 dicebat:
1502 5556 1705 5624 Di/fusa

68 5679 150 5719 (si
177 5667 373 5738 gratia
400 5661 464 5713 in
487 5657 630 5711 labiis
655 5658 752 5710 tuis
779 5654 1004 5728 (Psalm.
1028 5653 1116 5708 44.
1142 5654 1199 5722 5)
1224 5670 1237 5706 :
1269 5661 1326 5707 et
1349 5651 1484 5705 alius
1510 5650 1703 5705 iterum

69 5755 377 5831 praphcta
406 5772 421 5808 :
464 5750 594 5806 Ecce
619 5749 858 5820 intelliget
896 5764 1019 5820 puer
1043 5762 1201 5813 meus,
1230 5756 1275 5799 et
1304 5743 1623 5810 exaltabitust,
1652 5753 1699 5798 et

3270 346 3374 402 818

1805 446 2191 517 gloriﬁcabitur,
2213 461 2281 501 .et
2322 450 2469 505 valde
2506 453 2733 509 sublimis
2759 454 2851 507 erit
2900 452 3099 522 (Hesai.
3131 457 3219 512 52.
3262 459 3373 528 15).

1811 535 2085 591 Adventus
2131 548 2308 592 autem
2356 541 2522 609 ipsius
2566 545 2819 611 praeclara
2866 555 3012 615 gesta
3051 562 3170 601 eum
3214 550 3380 618 signis

1803 626 1964 692 edita,
1987 628 2135 696 quasi
2178 631 2495 698 compendio
2515 648 2790 700 enarrans,
2818 634 3007 691 iterum
3036 639 3079 693 is
3101 640 3211 711 ipse
3227 642 3375 698 dixit:

1809 717 2033 787 Spiritus
2062 718 2266 773 Domini
2288 738 2441 790 super
2469 740 2566 786 me,
2594 737 2856 794 propterea
2882 731 3022 783 unxit
3048 747 3145 795 me,
3177 747 3298 785 evan
3312 756 3382 808 ge-
3466 802 3469 803 ν

1801 806 1957 861 lizarc
1980 810 2284 879 pauperibus
2306 812 2438 865 misit
2460 829 2538 866 me
2560 828 2580 867 :
2608 817 2881 883 pradicare
2904 821 3113 888 captivis
3138 825 3258 875 remi
3271 806 3369 880 ssit-

1811 913 1945 962 nem,
1979 908 2025 950 et
2051 901 2197 953 ctecis
2226 903 2360 957 visus
2386 904 2746 959 restitutionem
2775 906 2977 976 (Hesai.
3011 909 3101 967 61.
3132 912 3205 985 1).
3237 914 3379 981 Quo-

1799 988 1941 1045 niam
1967 988 2138 1043 Judaei
2166 999 2243 1045 tot
2266 992 2335 1047 ab
2357 1008 2421 1047 eo
2441 994 2715 1050 beneﬁciis
2736 996 2909 1052 allecti
2932 999 3127 1056 frustra
3151 1014 3379 1059 temere-

1802 1096 1904 1150 que
1931 1080 2102 1149 ipsum
2130 1085 2422 1139 aversaturi
2450 1097 2622 1154 erant,
2651 1088 2776 1143 licet
2801 1105 2921 1144 eum
2952 1108 3050 1146 nec
3078 1094 3129 1148 in
3162 1112 3375 1166 magno,

1801 1185 1901 1224 nec
1929 1171 1979 1224 in
2013 1187 2177 1241 parvo
2221 1185 2441 1243 possent
2465 1191 2710 1245 arguere,
2740 1180 2867 1234 illud
2921 1197 3132 1252 quoque
3176 1188 3373 1254 praedi-

1801 1271 1945 1316 ctum
1972 1264 2106 1318 fuit:
2137 1266 2259 1321 audi
2282 1267 2536 1323 Davidem
2567 1269 2666 1324 huc
2696 1272 2868 1341 ipsum
2896 1276 3272 1332 vaticinantem
3298 1282 3382 1335 his

1801 1353 1980 1409 verbis
2019 1372 2034 1409 τ
2067 1355 2193 1410 Cant
2233 1358 2314 1423 iis,
2361 1361 2446 1430 qui
2472 1362 2682 1417 oderant
2728 1380 2921 1433 pacem,
2950 1384 3086 1422 eram
3117 1372 3379 1441 paciﬁcus,

1802 1461 1915 1499 cum
1940 1446 2177 1511 loquebar
2204 1450 2325 1515 illis,
2365 1452 2731 1524 intpugnabant
2756 1474 2832 1513 me
2859 1460 3020 1529 gratis
3053 1460 3224 1531 (Psal.
3257 1466 3359 1520 119

1804 1534 1880 1608 7).
1910 1537 2079 1593 Asino
2124 1550 2309 1596 vectus
2350 1543 2686 1614 ingressurus
2711 1560 2826 1602 erat
2849 1550 3140 1618 civitatem,
3173 1564 3225 1609 et
3254 1555 3383 1611 illud

1803 1643 2015 1696 quoque
2053 1629 2258 1700 jamdiu
2295 1636 2704 1702 pra-nuntiatum
2734 1637 2907 1694 fuerat
2951 1656 2981 1695 a
3020 1642 3271 1700 Zacharia
3306 1647 3386 1701 sic

1804 1719 2060 1789 loquente
2098 1739 2113 1776 :
2166 1722 2345 1779 Gaude
2383 1727 2615 1792 multum,
2665 1730 2776 1797 [ilia
2806 1730 2975 1798 Sion;
3005 1734 3246 1803 praedico,
3276 1738 3386 1804 ﬁlia

1804 1808 2090 1866 Jerusalem
2132 1829 2150 1867 :
2177 1831 2290 1870 ecce
2313 1833 2404 1870 rex
2428 1827 2543 1872 tuus
2568 1821 2696 1873 venit
2748 1821 2835 1875 tibi
2864 1836 3170 1892 mansuetus,
3222 1838 3386 1882 vectus

1803 1920 1959 1971 supra
1996 1906 2313 1977 sabjugalem
2358 1920 2404 1963 et
2451 1910 2645 1980 pullum
2678 1913 2916 1983 juvenem
2973 1915 3158 1985 (Zach.
3206 1918 3260 1973 9.
3304 1918 3383 1988 9).

1809 1993 1974 2063 Ejecit
1998 1996 2289 2053 vendentes
2314 2000 2591 2056 columbas
2622 2013 2676 2056 et
2700 2006 3107 2073 nummularios,
3135 2011 3274 2079 quod
3297 2011 3385 2066 ille

1804 2086 2032 2141 faciebat
2070 2089 2187 2144 zelo
2235 2090 2425 2148 domus
2470 2094 2677 2149 Domini
2708 2097 2916 2162 ductus,
2949 2110 3001 2153 et
3028 2111 3085 2155 ut
3111 2105 3264 2160 simul
3294 2121 3384 2158 os-

1805 2176 2049 2234 tenderet
2083 2195 2141 2235 se
2169 2197 2274 2237 non
2300 2199 2420 2239 esse
2449 2188 2774 2241 contrarium
2806 2189 2934 2254 Deo,
2963 2192 3056 2247 sed
3085 2209 3205 2248 cum
3232 2195 3387 2250 Patre

1804 2273 2225 2329 consentientem
2252 2292 2266 2329 :
2289 2290 2452 2345 quare
2476 2275 2691 2332 domum
2721 2280 3042 2344 vindicabat,
3074 2285 3215 2353 quod
3246 2284 3298 2339 iu
3321 2303 3381 2341 ea

1805 2359 2109 2430 hujusmodi
2139 2366 2425 2434 negotiatio
2449 2366 2600 2423 ﬁeret
2625 2384 2641 2423 :
2686 2386 2857 2440 neque
2884 2372 2986 2427 hoc
3011 2374 3224 2430 silentio
3245 2392 3384 2444 pra;-

1807 2454 2107 2509 tertnissum
2138 2466 2239 2521 est,
2272 2457 2369 2512 sed
2395 2458 2622 2527 idipsum
2655 2461 2907 2529 propheta
2942 2464 3102 2519 David
3132 2466 3385 2522 vaticina-

1809 2553 1894 2599 tus
1922 2555 2024 2611 est,
2047 2556 2099 2600 et
2124 2562 2226 2617 qua
2256 2557 2432 2603 mente
2453 2549 2591 2605 itane
2612 2564 2920 2619 sumpturus
2936 2555 3219 2611 vindictam
3236 2567 3380 2613 esset

1809 2637 2184 2705 praenuntiavit
2220 2637 2402 2693 dicens
2447 2657 2460 2693 :
2508 2638 2661 2694 Zelus
2704 2642 2881 2695 domus
2926 2652 3025 2697 tua:
3060 2648 3273 2699 comedit
3314 2664 3389 2703 ms

1811 2728 2029 2800 (Psalm.
2057 2730 2144 2785 68.
2178 2731 2287 2800 10).
2313 2731 2448 2799 Quid
2492 2732 2593 2787 hoc
2626 2735 2957 2789 manifestius
2983 2734 3185 2792 fuerit?
3222 2738 3388 2793 Futu-

1806 2838 1923 2876 rum
1945 2832 2059 2877 erat
2082 2832 2138 2876 ut
2168 2822 2501 2891 proderetur,
2533 2834 2586 2878 et
2613 2841 2812 2880 mense
2838 2828 2979 2881 illius
3008 2844 3230 2883 consors
3259 2846 3383 2898 pro-

1808 2912 2063 2968 ditionem
2089 2915 2304 2968 laceret.
2334 2914 2463 2969 Vide
2483 2917 2750 2985 quomodo
2774 2918 2876 2973 hoc
2904 2920 3062 2973 etiam
3082 2922 3391 2990 pradixerit

1810 3004 1895 3059 hic
1922 3005 2035 3074 ipse
2059 3005 2314 3075 propheta
2339 3005 2525 3061 dicens
2549 3024 2562 3060 :
2596 3007 2695 3074 Qui
2719 3008 2895 3062 edebat
2918 3027 3074 3079 panes
3096 3028 3251 3076 meos,
3284 3029 3391 3065 ma.

1808 3096 2063 3168 gniﬁcavit
2097 3112 2251 3164 super
2275 3112 2354 3149 me
2392 3095 2857 3167 supplantationem
2893 3098 3113 3171 (Psalm.
3144 3102 3231 3156 40.
3260 3103 3390 3173 10);

1808 3186 2169 3240 animadverte
2214 3186 2340 3241 item
2394 3188 2734 3257 evangelista:
2787 3193 3237 3247 consonantiam:
3292 3193 3391 3261 Qui

1808 3277 2033 3339 intinxit,
2062 3277 2253 3345 inquit,
2280 3293 2477 3331 mecum
2507 3294 2711 3332 manant
2745 3296 2890 3333 suam
2911 3281 2962 3335 in
2989 3283 3178 3347 catino,
3213 3284 3293 3337 hic
3316 3300 3392 3338 me

1810 3367 1971 3420 tradet
2000 3365 2211 3440 (Matth.
2239 3366 2332 3421 26.
2358 3366 2471 3435 25).
2498 3366 2614 3423 Non
2648 3368 2808 3423 modo
2836 3370 3059 3425 traditur
3090 3372 3179 3427 ille
3218 3372 3389 3443 ipsum

1810 3458 2113 3528 proditurus
2138 3467 2273 3527 erat,
2306 3458 2398 3513 sed
2420 3459 2578 3514 etiam
2604 3461 2918 3530 sanguinem
2944 3464 3233 3532 pretiosum
3263 3481 3391 3521 ven-
3418 3510 3425 3517 ,

1809 3549 2037 3613 diturus,
2069 3558 2292 3618 accepta
2322 3565 2416 3618 pro
2438 3549 2537 3605 hac
2563 3566 2621 3604 re
2648 3553 2871 3621 pecunia
2897 3569 2911 3606 :
2952 3570 3124 3624 neque
3154 3557 3284 3611 illud
3309 3567 3391 3612 ta-

1810 3638 1916 3693 cuit
1960 3638 2237 3708 propheta,
2276 3640 2369 3694 sed
2417 3641 2741 3711 impudentia
2776 3643 2982 3698 illorum
3012 3656 3160 3714 pacta
3190 3657 3245 3702 et
3273 3664 3390 3703 ser-

1811 3746 1997 3784 mones
2024 3771 2040 3797 ,
2089 3746 2224 3801 quos
2254 3732 2391 3787 inter
2444 3746 2503 3787 se
2546 3732 2897 3789 conferebant
2923 3774 2938 3801 ,
2983 3738 3184 3793 retulit.
3239 3739 3389 3811 [Nam

1811 3823 1902 3877 ille
1923 3823 2154 3887 dicebat,
2191 3824 2327 3891 Quid
2350 3825 2499 3878 vultis
2538 3825 2661 3878 mihi
2700 3826 2842 3899 dare,
2885 3835 2932 3881 et
2958 3844 3048 3898 ego
3073 3830 3208 3884 vobis
3244 3831 3391 3885 illum

1811 3915 2051 3976 tradam;
2093 3915 2177 3969 isti
2227 3931 2355 3969 vero
2385 3917 2795 3984 responderunt,
2841 3916 3072 3988 Triginta
3110 3932 3389 3991 argenteos.

1812 4006 1870 4060 In
1896 3995 2174 4075 aenigmate
2200 4008 2329 4061 dicit
2358 4006 2421 4081 ³,]
2449 4007 2589 4062 Deus
2628 4010 2828 4062 laudem
2876 4027 3036 4064 meam
3062 4029 3122 4065 ne
3152 4016 3384 4078 tacueris,

1809 4098 1928 4169 quia
1965 4114 2022 4152 os
2049 4100 2325 4166 peccatoris
2368 4109 2416 4152 et
2460 4116 2515 4153 os
2544 4100 2708 4153 dolosi
2747 4118 2899 4172 super
2925 4119 3003 4156 me
3045 4114 3273 4174 apertum
3318 4119 3391 4161 est

1810 4189 2035 4250 (Psalm.
2070 4191 2192 4246 108.
2223 4192 2297 4261 1).
2330 4191 2378 4246 Is
2406 4191 2521 4261 ipsc
2547 4194 2786 4262 proditor
2808 4195 3021 4249 demum
3049 4197 3117 4251 ob
3148 4207 3292 4254 tanta
3315 4197 3373 4252 fa-

1814 4281 1994 4337 cinora
2042 4282 2275 4352 scipsum
2322 4283 2614 4350 damnans,
2646 4300 2767 4340 cum
2812 4297 3094 4357 argenteos
3144 4289 3385 4359 projecit.

1812 4380 1923 4427 tum
1954 4372 2019 4427 ad
2049 4373 2294 4444 laqueum
2325 4388 2568 4438 currens,
2599 4377 2671 4430 ita
2701 4378 2863 4432 vitam
2892 4378 3078 4433 clausit
3105 4398 3118 4434 :
3148 4381 3387 4435 viduam-

1811 4479 1916 4533 que
1960 4478 2203 4530 uxorem,
2251 4475 2305 4519 et
2350 4466 2486 4520 ﬁlios
2523 4468 2753 4536 pupillos
2784 4470 3031 4539 reliquit,
3063 4471 3387 4542 domumque

1811 4554 2098 4609 desertam.
2132 4556 2263 4610 Vide
2298 4558 2566 4626 quomodo
2610 4568 2665 4613 et
2696 4559 2831 4614 hanc
2872 4561 3227 4616 calamitatem
3280 4573 3374 4619 tra-

1810 4645 1925 4716 gice
1969 4646 2227 4716 propheta
2255 4648 2570 4716 praenuntiet
2600 4648 2683 4704 his
2722 4651 2897 4705 verbis
2929 4669 2942 4705 :
2973 4650 3130 4706 Fiant
3153 4655 3249 4722 ﬁlii
3277 4658 3386 4727 ejus

1811 4736 2049 4805 orphani,
2075 4745 2121 4790 et
2142 4752 2271 4791 uxor
2294 4739 2402 4803 eius
2427 4739 2578 4792 vidua
2604 4755 2619 4793 .'
2643 4750 2875 4795 nutantes
2902 4747 3273 4814 transferantur
3293 4747 3390 4813 ﬁlii

1810 4829 1938 4898 ejus,
1955 4837 2001 4880 et
2016 4827 2284 4897 ejiciantur
2302 4828 2365 4883 de
2380 4830 2764 4886 habitationibus
2780 4835 2883 4886 suis
2897 4833 3068 4902 (Psal.
3092 4836 3389 4909 108.9.10).

1810 4918 1937 4972 Post
1960 4918 2104 4971 illum
2133 4918 2377 4973 Matthias
2398 4919 2566 4975 factus
2592 4932 2675 4975 est
2694 4923 2984 4990 apostolus,
3008 4934 3062 4979 et
3087 4924 3187 4980 hoc
3210 4926 3385 4994 ipsum

1811 5010 1899 5064 ille
1927 5010 2174 5079 praefatus
2194 5020 2275 5066 est
2302 5011 2384 5065 his
2413 5012 2590 5067 verbis
2616 5031 2630 5067 :
2654 5012 3015 5082 Episcopatum
3041 5017 3149 5081 eius
3174 5017 3390 5086 accipiat

1811 5104 1937 5156 alter
1962 5101 2065 5174 (Ib.
2100 5120 2147 5157 v.
2185 5104 2263 5175 8).
2296 5105 2515 5158 Tradita
2543 5113 2597 5160 et
2623 5107 3013 5176 comprehenso
3039 5108 3163 5164 Jesu
3193 5111 3391 5168 libente

1809 5211 1873 5250 ac
1896 5198 2130 5258 volente.
2158 5207 2398 5251 coactum
2432 5209 2513 5251 est
2538 5198 2823 5252 concilium
2851 5199 3126 5267 iniquitate
3150 5202 3387 5270 plenum,

1809 5287 2114 5342 Judazorum
2155 5287 2313 5341 simul
2352 5302 2415 5341 ac
2454 5287 2741 5342 Gentilium
2791 5307 2804 5342 :
2861 5289 2984 5343 vide
3022 5292 3289 5359 quomodo
3337 5293 3389 5348 id

1809 5380 1969 5433 etiam
2000 5378 2307 5447 przedixerit
2335 5378 2592 5447 propheta
2624 5378 2809 5433 dicens
2838 5396 2851 5431 ε
2888 5378 3059 5442 Quare
3085 5381 3391 5447 fremuerunt

1811 5467 2013 5533 Gentes,
2059 5478 2105 5523 et
2144 5469 2325 5539 populi
2368 5468 2592 5522 meditati
2631 5479 2747 5523 sunt
2788 5470 2962 5523 inania
3000 5470 3169 5541 (Psal.
3209 5472 3263 5525 2.
3298 5472 3393 5545 1)?

1872 5627 1889 5659 ¹
1924 5635 2035 5685 Quae
2057 5626 2340 5689 clauduntur
2361 5625 2438 5676 hic
2454 5627 2641 5689 uncinis
2662 5640 2895 5689 nusquam
2922 5628 3162 5678 habentur
3180 5631 3227 5679 in
3253 5639 3392 5680 textu

1806 5696 2020 5801 praemi.
2047 5701 2141 5740 nec
2179 5690 2231 5739 in
2272 5688 2487 5740 editione
2526 5687 2664 5739 savii.
2707 5687 2798 5739 sed
2840 5690 2918 5740 illa
2966 5701 3108 5742 vetus
3150 5698 3392 5754 tuter-pres

1831 5762 1979 5815 eger:
