3832 6238
478 294 584 358 819

479 409 663 478 Neque
692 418 893 464 tantum
924 408 1022 464 ista
1065 409 1510 478 pmnuntiarunt,
1554 410 1654 463 sed
1696 408 1856 462 etiam
1896 407 2055 465 silen-

483 503 635 568 tium,
658 501 800 572 quod
819 502 998 556 multis
1019 502 1214 556 habitis
1242 502 1605 567 sermonibus,
1630 502 1927 570 oblatismie
1955 503 2060 556 cri—

482 595 858 650 minationibus
884 595 973 648 ille
999 594 1264 658 servabat,
1312 595 1559 665 praedixit
1585 594 1804 649 llesaias
1833 595 1915 648 his
1938 608 2060 648 vcr-

481 687 567 742 bis
589 704 606 740 :
638 686 785 742 Sicut
811 687 916 740 ocis
944 687 1012 740 ad
1039 681 1340 740 occisionem
1367 686 1546 740 ductus
1573 694 1664 750 est,
1689 695 1736 738 et
1756 685 1883 739 sicut
1902 701 2062 752 agnus

478 795 650 833 eorum
675 778 912 832 tondente
937 788 1126 842 mutus,
1157 778 1231 830 sic
1257 793 1356 830 non
1379 777 1578 845 aperuit
1599 791 1654 830 os
1684 793 1832 828 suum
1855 773 2058 846 (Hesai.

481 871 570 926 53.
602 870 681 941 7).
706 870 899 924 Postea
930 878 1242 937 corruptum
1261 867 1519 937 judicium
1550 867 1850 932 declarans,
1875 864 1941 918 In
1968 864 2064 918 ltu-

479 962 710 1026 militate,
759 959 950 1029 inquit,
993 959 1248 1028 judicium
1289 960 1398 1029 ejus
1439 956 1692 1012 sublatum
1721 966 1835 1022 est;
1874 957 1928 1010 id
1956 966 2061 1021 est,

477 1052 656 1108 nullus
681 1050 752 1104 de
783 1050 898 1118 ipso
923 1050 1066 1118 juste
1107 1049 1383 1118 judicavit.
1417 1047 1616 1101 Deinde
1658 1061 1871 1101 causam
1902 1046 2063 1100 caedis

482 1141 754 1213 patefacit.
784 1141 916 1194 Nam
944 1141 1066 1209 quia
1107 1154 1214 1193 non
1260 1148 1596 1207 peccatorum
1639 1153 1856 1192 suorum
1905 1151 2062 1191 causa

481 1249 672 1305 passus
692 1243 792 1299 est,
825 1233 1124 1300 inculpatus
1151 1233 1294 1286 enim
1327 1242 1380 1284 et
1411 1231 1662 1283 innoxius
1684 1241 1818 1289 erat,
1851 1227 1944 1281 sed
1971 1243 2064 1296 pro

481 1326 662 1381 mundi
697 1327 849 1379 mulis
883 1325 1106 1378 traditus
1133 1335 1253 1388 est;
1302 1322 1424 1376 vide
1454 1323 1721 1392 quomodo
1764 1321 1876 1374 haec
1905 1313 2063 1374 ambo

478 1419 916 1482 subiudicaverit,
961 1433 1080 1471 cum
1111 1415 1244 1469 dixit
1280 1431 1293 1466 :
1347 1414 1448 1481 Qui
1492 1424 1750 1482 peccatum
1781 1430 1881 1465 non
1925 1413 2059 1483 fecit,

481 1531 572 1568 uec
595 1513 822 1565 iuventus
850 1520 920 1563 est
957 1509 1105 1563 dolus
1129 1511 1180 1561 in
1203 1525 1287 1561 ore
1313 1510 1421 1576 ejus
1467 1507 1669 1577 (Hesai.
1706 1505 1794 1561 53.
1829 1506 1884 1576 9)
1927 1522 1939 1558 :
1971 1519 2064 1573 per

481 1607 584 1660 hoc
629 1605 770 1658 enim
813 1605 965 1673 cujus
992 1603 1066 1656 rei
1098 1615 1255 1656 causa
1283 1603 1494 1656 occisus
1539 1601 1607 1654 sit
1631 1599 1941 1653 declaravit.
1971 1597 2065 1652 Se-

481 1697 661 1766 quitur
685 1702 739 1748 et
766 1693 866 1746 alia
898 1707 1057 1746 causa
1086 1709 1098 1744 :
1141 1691 1248 1744 Pro
1269 1691 1636 1758 iniquitatibus,
1669 1690 1857 1759 inquit,
1890 1688 2065 1758 populi

482 1789 580 1841 mei
607 1786 674 1839 ad
699 1795 910 1839 mortem
939 1786 1073 1837 venit
1111 1783 1314 1852 (llesai.
1343 1784 1432 1837 55.
1473 1782 1553 1854 5).
1585 1779 1769 1851 Neque
1792 1795 1922 1834 vero
1951 1791 2067 1834 tan-

483 1888 598 1932 tum
625 1892 837 1931 causam
866 1875 1048 1940 cadis,
1073 1875 1164 1928 sed
1183 1875 1343 1928 etiam
1367 1875 1488 1942 quid
1516 1874 1650 1927 lucri
1673 1887 1734 1926 ex
1749 1884 1908 1926 cruce
1928 1880 1979 1926 et
1999 1886 2064 1926 ex

486 1970 635 2024 crede
662 1968 750 2022 illa
767 1966 1054 2020 accesserit
1069 1965 1354 2019 ostendere
1368 1965 1573 2028 volens,
1590 1963 1709 2017 vide
1728 1961 1995 2032 quomodo
2014 1962 2065 2016 id

479 2062 798 2132 praenuntiet
843 2059 924 2112 liis
953 2057 1169 2112 verbis:
1208 2056 1393 2109 Omnes
1427 2057 1553 2109 sicut
1589 2071 1700 2109 oves
1742 2055 2061 2109 erravimus:

483 2157 633 2206 homo
661 2152 715 2204 in
743 2153 822 2204 via
847 2167 939 2204 sua
980 2150 1228 2203 aberravit
1251 2165 1268 2201 :
1294 2149 1562 2218 disciplina
1595 2148 1733 2218 pacis
1760 2155 1944 2208 nostra!
1983 2161 2069 2200 su-

481 2261 572 2314 per
607 2260 720 2297 eum
745 2258 762 2295 :
789 2243 944 2295 livore
982 2244 1093 2309 ejus
1119 2257 1208 2293 nos
1235 2255 1408 2293 omnes
1433 2240 1599 2293 sanati
1626 2253 1819 2292 sumus.
1852 2235 2058 2292 Deinde

481 2341 603 2407 quia
627 2351 810 2405 pinnas
833 2335 1007 2388 daturi
1034 2344 1186 2388 erant
1202 2332 1371 2388 Judaei
1395 2332 1708 2402 ﬂagitiorum
1737 2329 2057 2399 hujusmodi,

481 2429 608 2484 illud
630 2443 842 2497 quoque
867 2427 1100 2482 declarat
1128 2426 1266 2480 idem
1295 2424 1550 2494 propheta
1581 2439 1700 2478 cum
1724 2423 1851 2476 dicit
1875 2439 1887 2476 :
1917 2419 2062 2473 Dabo

479 2520 735 2590 improbos
777 2535 870 2587 pro
911 2519 1170 2586 sepultura
1199 2518 1329 2586 ejus,
1371 2526 1417 2570 et
1442 2515 1618 2569 diuites
1658 2531 1748 2584 pro
1774 2523 1931 2568 morte
1957 2516 2067 2584 ejus

442 2635 444 2638 ·
481 2612 599 2680 (Id.
647 2627 696 2665 υ.
740 2612 828 2678 9).
862 2609 1065 2663 Rursus
1096 2608 1256 2662 David
1282 2623 1403 2662 eum
1433 2607 1670 2668 dixisset,
1701 2605 2012 2675 Abjiclamus
2032 2623 2064 2660 a

480 2701 622 2756 nobis
633 2704 818 2772 jugum
847 2703 1073 2770 ipsorum
1100 2701 1271 2771 (Psal.
1309 2701 1365 2754 9..
1396 2702 1476 2772 5),
1506 2699 1718 2770 adjecit,
1750 2701 1851 2765 Qui
1877 2701 2066 2754 habitat

483 2796 539 2849 in
553 2795 692 2848 catis
709 2793 936 2847 irridebit
965 2809 1048 2847 eos
1073 2809 1091 2847 :
1113 2803 1229 2847 tunc
1255 2794 1481 2864 loquetur
1507 2794 1574 2846 ad
1596 2810 1678 2848 eos
1697 2795 1752 2847 in
1773 2795 1850 2847 ira
1875 2809 1987 2860 sua,
2020 2805 2066 2847 et

484 2888 538 2940 in
555 2889 845 2954 furore'suo
868 2885 1182 2938 conturbabit
1209 2901 1291 2938 eos
1316 2901 1334 2937 :
1355 2884 1547 2954 quibus
1568 2883 1827 2954 signiﬁcat
1859 2885 2067 2954 disper-

482 2977 684 3032 sionem
708 2989 892 3029 eorum
920 2991 1014 3044 per
1042 2985 1206 3029 totum
1227 2985 1486 3030 terrarum
1506 2975 1688 3030 orbem
1709 2991 1724 3040 ;
1748 2975 1888 3046 quod
1905 2978 2062 3031 etiam

484 3071 597 3139 ipse
636 3065 878 3121 Christus
923 3067 973 3120 in
1011 3068 1310 3135 Evangeliis
1338 3067 1616 3122 declarans
1658 3067 1909 3124 dicebat:
1959 3067 2064 3124 Eos

477 3174 647 3218 anteiit
667 3160 754 3229 qui
783 3175 862 3212 me
887 3161 1152 3213 noluerunt
1176 3175 1388 3231 regnare
1414 3176 1564 3231 super
1587 3176 1658 3227 se,
1689 3161 1917 3214 abducite
1941 3160 2060 3228 huc,

477 3259 529 3304 et
569 3252 778 3304 occidite
821 3267 906 3304 eos
955 3250 1104 3319 (Luc.
1137 3250 1226 3305 t9.
1269 3251 1382 3318 ‘27).
1427 3251 1691 3306 Przcterea
1715 3251 1782 3305 de
1808 3251 1956 3306 cmde
1981 3251 2062 3306 lo-

479 3342 652 3411 quuti,
685 3342 898 3396 modum
926 3344 1044 3410 ejus
1073 3357 1178 3398 non
1207 3343 1492 3409 siluerunt,
1521 3343 1614 3398 sed
1642 3344 1789 3398 illum
1816 3343 2066 3399 indicavit

410 3471 422 3484 .
483 3435 644 3489 David
687 3436 755 3489 ita
811 3436 1034 3505 loquens
1073 3454 1089 3491 :
1139 3434 1403 3490 Fuderunt
1443 3450 1620 3491 manus
1658 3452 1796 3490 meas
1825 3445 1871 3490 et
1914 3437 2064 3507 pedes

479 3541 636 3589 meos,
679 3526 1118 3580 dinumeraverunt
1138 3526 1308 3580 omnia
1330 3541 1444 3580 ossa
1467 3541 1578 3579 mea
1614 3521 2063 3595 (Ρδ.21.17,18);

476 3631 580 3671 nec
608 3616 938 3684 iniquitatem
967 3624 1086 3686 post
1124 3625 1350 3670 mortem
1383 3625 1762 3686 consequutam
1804 3598 2014 3670 reticuit
2045 3633 2060 3671 :

477 3722 600 3760 nam
645 3705 817 3761 dicit:
865 3705 1153 3760 Diviserunt
1199 3706 1293 3759 sibi
1322 3707 1610 3759 vestimenta
1654 3723 1785 3770 mea,
1825 3717 1871 3760 et
1911 3721 2064 3777 super

476 3807 655 3853 uestem
685 3814 847 3852 meam
874 3801 1117 3852 miserunt
1143 3807 1325 3852 sortem
1355 3797 1531 3867 (Psal.
1553 3797 1644 3853 21.
1672 3797 1785 3870 19).

551 3888 828 3958 Sepultura
876 3887 1652 3958 Christipraedicta.—Deinde
1695 3891 1839 3960 quod
1879 3891 2059 3960 sepul-

478 3992 614 4038 tura:
640 3984 925 4037 tradendus
951 3993 1094 4038 esset
1123 3983 1407 4037 declaravit
1434 3984 1515 4037 his
1536 3981 1711 4038 verbis
1736 4003 1748 4038 :
1775 3983 2062 4038 Posuerunt

477 4093 557 4131 me
599 4082 652 4130 iu
695 4077 810 4148 lacu
856 4077 1120 4144 inferiori,
1152 4077 1202 4128 in
1226 4076 1492 4129 tenebrosis
1521 4086 1566 4129 et
1590 4077 1643 4128 in
1682 4075 1860 4130 umbra
1888 4077 2062 4130 mortis

475 4166 652 4238 (Psal.
681 4168 769 4222 87.
805 4168 836 4220 'l
856 4169 893 4234 ).
941 4167 1074 4221 Cum
1113 4177 1292 4221 autem
1319 4175 1709 4221 resnrrecturus
1735 4176 1911 4234 esset,
1940 4169 2060 4223 vide

476 4258 750 4328 quomodo
804 4259 905 4313 hoc
949 4259 1314 4327 praenuntiam
1344 4276 1357 4311 :
1393 4256 1515 4312 Non
1567 4258 1912 4328 derelinques,
1950 4261 2057 4323 ait,

478 4353 706 4405 animum
725 4366 885 4403 meum
903 4351 954 4403 in
973 4352 1193 4420 inferno,
1219 4366 1306 4402 nec
1322 4349 1462 4402 dabis
1487 4361 1717 4403 sanctum
1736 4361 1876 4403 tuum
1895 4351 2062 4404 videre

475 4445 851 4512 corruptionem
899 4441 1068 4514 (Psal.
1097 4442 1184 4496 15.
1217 4441 1323 4511 10)
1358 4457 1370 4493 :
1402 4442 1505 4494 alio
1534 4442 1659 4495 item
1690 4439 1848 4495 modo
1876 4442 1926 4494 id
1957 4441 2062 4496 He-

477 4536 619 4590 saias
647 4535 884 4590 declarat
916 4551 929 4586 :
961 4533 1028 4586 Et
1070 4531 1354 4596 Dominus,
1388 4532 1588 4602 inquit,
1639 4533 1804 4600 ipsum
1831 4534 1936 4586 vult
1961 4550 2059 4603 pu-

475 4627 681 4694 riﬁcare
703 4641 736 4678 a
755 4626 932 4696 plaga,
953 4624 1213 4678 ostendere
1233 4625 1276 4677 ei
1305 4629 1472 4680 lumen
1497 4667 1511 4690 ,
1534 4625 1818 4693 justi/icore
1842 4625 2056 4694 justum,

476 4720 588 4785 quis
615 4717 789 4771 multis
830 4717 950 4770 bene
987 4717 1170 4770 serviat
1217 4715 1422 4785 (Ilesai.
1465 4717 1552 4771 55.
1603 4716 1690 4770 10.
1728 4713 1848 4788 11
1907 4716 2059 4782 Quod

477 4810 597 4879 ejus
635 4810 814 4863 cades
854 4817 1190 4876 peccatorum
1236 4810 1506 4861 hominimi
1541 4808 1733 4862 solutio
1758 4808 1944 4873 fuerit,
1976 4808 2058 4861 id-

476 4903 649 4972 ipsum
676 4903 839 4956 etiam
860 4901 1109 4956 indicavit
1137 4901 1217 4954 his
1243 4901 1419 4953 verbis
1452 4918 1465 4953 :
1489 4899 1555 4952 Et
1581 4901 1686 4970 ipse
1705 4912 1906 4971 peccata
1931 4901 2061 4954 mul-

477 5004 645 5047 torum
695 4991 1013 5063 mlitUbid.
1070 5009 1117 5045 v.
1165 4991 1276 5062 Η).
1332 4991 1482 5059 Quod
1528 4992 1767 5045 homines
1796 5009 1823 5045 a
1853 4993 2083 5071 daemo-I

475 5086 635 5138 nibus
671 5084 909 5138 liberarit
954 5101 968 5137 :
1000 5082 1067 5136 Et
1096 5083 1340 5153 fortium,
1389 5083 1599 5152 inquit,
1651 5083 1833 5136 dividet
1870 5084 2053 5151 spolia.

476 5173 630 5239 Quod
674 5174 800 5228 illud
844 5175 1016 5243 ipsum
1045 5187 1139 5242 per
1182 5183 1409 5226 mortem
1439 5172 1675 5228 effecerit
1698 5214 1714 5235 ,
1743 5171 1796 5226 id
1825 5187 1928 5226 non
1976 5184 2056 5226 ta-

477 5265 621 5330 cuit,
652 5265 743 5320 sed
769 5266 842 5318 ait
874 5283 887 5318 :
924 5263 1027 5318 Pro
1057 5282 1113 5318 eo
1140 5265 1273 5335 quod
1301 5266 1354 5317 in
1393 5275 1598 5318 mortem
1626 5266 1811 5319 tradita
1840 5276 1912 5318 est
1939 5266 2054 5318 ani-

477 5371 560 5407 ma
588 5357 694 5425 ejus
720 5357 922 5426 (Ibid.)
951 5358 1107 5424 Quod
1132 5357 1229 5412 toti
1254 5357 1368 5412 orbi
1408 5358 1773 5427 praeﬁciendus
1798 5368 1938 5413 esset
1979 5359 2056 5414 sic

478 5446 769 5500 declaravit
792 5465 804 5499 :
836 5448 901 5500 Et
929 5453 1037 5518 ipse
1065 5448 1340 5502 hereditate
1368 5449 1641 5518 possidebit
1663 5447 1842 5503 inultos
1864 5448 2050 5520 (Ibid.)

481 5537 683 5590 Deinde
706 5539 950 5606 quoniam
995 5554 1113 5592 cum
1146 5539 1198 5593 in
1224 5539 1488 5594 infernum
1514 5539 1910 5607 descendisset,
1935 5557 2055 5594 um-

479 5630 564 5684 uia
591 5628 852 5692 turbavit,
895 5633 1116 5699 strepitu
1153 5641 1311 5702 atque
1339 5633 1564 5687 tumultu
1606 5635 1849 5688 uatium
1879 5635 2054 5703 repie»

483 5720 590 5788 vit,
617 5733 901 5790 arcemque
925 5719 1218 5789 destruxit;
1250 5725 1388 5778 hanc
1411 5738 1522 5778 rem
1547 5738 1650 5780 non
1682 5723 1892 5781 silentio
1917 5737 2053 5796 prte-

1220 296 1280 352 S.
1305 291 1585 351 JOANNIS
1620 289 2060 351 CHRYSOSTOM

2170 295 2452 352 .RCIII’EP.
2481 289 3016 354 CONSTAN'HNOP.
3571 336 3578 337 κ
3675 303 3757 356 8⁵20
3830 289 3832 352 ἔ

2169 418 2395 474 tere'unt,
2439 410 2532 464 sed
2580 413 2740 465 modo
2762 405 2930 467 David
2947 410 3375 470 dicitzltroltite
3403 425 3591 486 portas
3632 419 3752 483 prin-

2167 501 2303 570 cipes
2344 509 2553 565 vestras,
2583 511 2633 556 et
2656 503 2919 556 elevamini
2948 514 3108 574 porta:
3134 508 3425 570 wternales,
3459 516 3514 561 et
3557 508 3756 561 introii-ix

2166 607 2256 646 rea:
2275 592 2452 662 gloria:
2477 590 2644 660 (Psal.
2669 592 2759 648 25.
2788 591 2856 664 7)
2880 610 2895 660 ;
2924 595 3082 650 modo
3111 595 3331 651 llesaias
3361 597 3532 652 aliter
3551 639 3567 662 ,
3596 596 3756 652 Porta:

2169 695 2326 736 meas
2353 683 2668 754 confringam
2699 726 2712 748 ,
2744 694 2792 738 et
2827 695 2984 740 vectes
3023 689 3209 757 ferreos
3237 699 3545 752 conteram,
3575 701 3622 743 et
3658 709 3757 760 ape-

2167 775 2296 826 riam
2319 773 2406 826 tibi
2432 776 2691 828 thesauros
2715 775 3017 841 tenebrosos,
3040 782 3280 843 occultos,
3301 781 3598 834 invisibiles
3620 795 3756 835 osten-

2168 864 2286 917 dam
2313 865 2401 918 tibi
2428 863 2632 936 (Hesai.
2662 867 2754 921 45.
2785 865 2841 940 ἓ)
2871 886 2884 922 :
2914 869 2990 922 sic
3015 871 3288 939 appellans
3315 872 3629 926 infernum.
3651 871 3757 928 Nam

2168 957 2372 1010 etiamsi
2406 957 2642 1012 infernus
2662 967 2835 1024 esset,
2875 969 2929 1014 at
2957 972 3166 1016 sanctas
3187 965 3399 1018 animas
3421 975 3480 1019 et
3504 981 3635 1018 vasa
3659 943 3757 1036 pr;-

2171 1051 2302 1104 tiosa
2359 1053 2632 1118 servabat,
2686 1068 2877 1123 nempe
2929 1055 3416 1124 Abraham,lsaac
3468 1070 3532 1113 et
3577 1059 3757 1116 Jacob:

2168 1153 2454 1214 propterea
2487 1144 2768 1200 thesauros
2795 1148 3130 1218 appellabat,
3175 1150 3506 1205 tenebrosos
3555 1162 3723 1205 autem
3743 1197 3755 1217 ,

2168 1235 2288 1303 quia
2317 1234 2550 1290 nondum
2573 1237 2650 1291 sol
2675 1238 2894 1306 justitiae
2921 1240 2991 1293 ibi
3014 1239 3257 1305 fulserat,
3291 1258 3476 1312 neque
3501 1240 3578 1298 de
3599 1260 3758 1297 resur-

2169 1326 2403 1380 rectione
2429 1328 2827 1397 pnedicaverat.
2851 1329 3004 1397 Quod
3031 1341 3149 1400 post
3178 1335 3652 1389 resurrectionem
3671 1352 3757 1390 nos

2169 1431 2288 1472 cum
2318 1419 2518 1490 angelis
2550 1423 2883 1476 constiturus
2905 1432 3081 1490 esset,
3116 1440 3218 1478 non
3244 1441 3370 1480 cum
3403 1426 3757 1496 archangeli;

2170 1523 2274 1564 non
2303 1518 2424 1564 cum
2451 1511 2553 1565 alia
2585 1511 3033 1569 administratoria
3061 1515 3256 1569 virtute
3283 1558 3300 1581 ,
3326 1517 3429 1570 sed
3481 1518 3540 1570 in
3588 1517 3759 1572 thros-is
3830 1509 3832 1520 ’

2172 1601 2316 1671 regio
2340 1612 2587 1656 sessurus
2613 1644 2627 1668 ,
2675 1603 2798 1658 audi
2826 1605 3093 1673 quomodo
3123 1600 3284 1660 David
3310 1601 3567 1662 declaret
3597 1627 3608 1660 :
3638 1601 3759 1663 Dixit
3830 1649 3832 1673 i

2174 1689 2418 1744 Dominus
2470 1689 2691 1746 Domino
2737 1709 2880 1756 meo,
2925 1692 3060 1749 Sede
3099 1712 3131 1748 a
3171 1697 3363 1750 dextris
3415 1699 3588 1761 meis,
3622 1699 3760 1753 donee

2170 1800 2356 1854 ponam
2382 1784 2611 1838 inimicos
2652 1793 2762 1840 tuos
2799 1783 3073 1840 scabellth
3108 1789 3298 1859 pedum
3327 1799 3548 1844 tuorum
3581 1793 3600 1860 (
3628 1791 3754 1845 Psal.
3830 1851 3832 1856 ι

2171 1874 2293 1929 409.
2323 1876 2398 1946 1).

2250 1973 2302 2027 5.
2325 1965 2502 2024 Missio
2519 1972 2643 2026 item
2665 1965 3385 2040 apostolorum.—Missurus
3421 1985 3618 2044 postea
3661 1991 3758 2030 erat
3830 1965 3832 1968 ’

2173 2061 2479 2129 apostolos,
2519 2068 2572 2114 et
2618 2058 2720 2115 hoc
2755 2062 2999 2130 praedixit
3048 2064 3266 2120 Hesaias
3302 2067 3498 2121 dicens
3543 2087 3559 2121 :
3606 2067 3756 2134 Quae

2173 2153 2383 2222 speciosi
2410 2151 2559 2221 pedes
2585 2154 3032 2223 euangelizandum
3058 2172 3230 2223 pacem
3253 2197 3269 2220 ,
3297 2159 3758 2227 euangelizandum

2172 2242 2302 2296 bona
2327 2243 2344 2310 (
2366 2242 2546 2298 Hesai.
2569 2242 2657 2298 52.
2687 2241 2765 2313 7).
2813 2245 2893 2298 En
2923 2245 3129 2315 qualem
3159 2240 3338 2301 laudat
3363 2251 3625 2319 corporis
3652 2267 3756 2319 par-

2172 2344 2313 2398 tem,
2365 2333 2558 2403 pedes,
2607 2334 2696 2404 qui
2749 2337 2869 2390 illos
2912 2337 3106 2406 ubique
3153 2341 3462 2407 portabant.
3517 2342 3606 2396 Ad
3664 2342 3758 2396 Irrc

2171 2435 2552 2480 commemorat
2582 2425 2747 2480 David
2775 2425 3040 2496 quomodo
3071 2429 3449 2497 praevaluerint
3491 2435 3753 2500 apostoli.

2172 2516 2355 2572 dicens
2381 2535 2394 2572 ε
2425 2517 2675 2572 Dominus
2699 2519 2834 2571 dabit
2861 2519 3062 2573 verbum
3093 2517 3567 2590 euangelizantibus
3595 2525 3759 2578 virtut:

2172 2609 2328 2662 multa
2361 2605 2542 2678 ('Psal.
2576 2607 2665 2663 67.
2695 2609 2806 2681 12).
2833 2609 2945 2664 Non
2968 2611 3108 2664 enim
3138 2613 3298 2666 armis
3318 2655 3332 2678 ,
3358 2629 3468 2666 non
3506 2617 3756 2682 pecuniis,

2171 2714 2276 2754 non
2307 2700 2496 2754 robore
2528 2700 2768 2769 corporis
2793 2741 2806 2764 ,
2843 2715 2948 2754 non
2981 2701 3318 2756 exercituum
3347 2705 3532 2772 cepiis
3554 2747 3570 2765 .
3604 2721 3760 2773 neque

2169 2791 2272 2845 alio
2297 2790 2453 2844 simili
2485 2790 2645 2844 modo
2683 2799 3037 2860 superarunt,
3084 2792 3178 2846 sed
3207 2791 3374 2847 verbo
3404 2794 3685 2864 simplici,
3712 2811 3752 2848 ει

2171 2883 2390 2937 multam
2423 2883 2654 2938 habente
2691 2886 2984 2949 virtutem,
3023 2885 3401 2941 miraculorum
3435 2903 3640 2956 nempe
3683 2905 3756 2940 os-

2173 2983 2394 3028 tentum.
2446 2975 2772 3029 Crucillem
2806 2977 2952 3030 enim
2984 2977 3367 3046 prirdicantes,
3404 2987 3462 3034 et
3513 2984 3757 3036 miracula

2171 3071 2444 3134 patrantes
2465 3107 2480 3130 ,
2513 3067 2590 3120 sic
2611 3067 2795 3121 orbem
2829 3068 3172 3137 subegerunt.
3204 3069 3329 3124 ideo
3353 3071 3435 3125 ait
3466 3090 3478 3123 :
3515 3071 3757 3126 Dominus

2170 3156 2307 3210 dabit
2334 3156 2532 3211 verbum
2574 3159 3029 3229 euangelizantibus
3058 3161 3236 3214 virtute
3259 3162 3459 3228 multa,
3491 3165 3580 3218 sic
3612 3167 3758 3219 mira-

2169 3250 2285 3304 c'ula
2313 3264 2529 3305 vocans.
2549 3249 2679 3304 Nam
2710 3251 2990 3306 ineﬂ'abilis
3016 3254 3184 3307 virtus
3221 3263 3358 3320 erat,
3394 3257 3748 3324 piscatorem.

2172 3344 2549 3413 publicanum,
2593 3346 2939 3400 tentoriorum
2986 3346 3260 3416 opiticem,
3308 3349 3429 3402 solo
3494 3365 3758 3420 praecepta

2169 3443 2409 3490 mortuos
2448 3437 2703 3492 suscitare
2719 3478 2733 3501 ,
2763 3438 3034 3494 daemones
3059 3441 3322 3510 expellere
3346 3483 3362 3506 ,
3389 3455 3639 3499 mortem
3660 3448 3759 3499 ειήο

2167 3541 2330 3594 gere,
2365 3521 2799 3598 philosophorum
2845 3529 3072 3598 linguam
3124 3531 3438 3599 refrenare,
3482 3535 3755 3589 rhetorum

2168 3633 2261 3673 ora
2287 3635 2551 3674 censuere
2571 3663 2585 3684 ,
2607 3635 2761 3690 reges
2789 3635 2852 3675 ac
2885 3622 3152 3692 principes
3180 3623 3398 3678 vincere
3424 3667 3440 3687 ,
3473 3623 3754 3684 barbaris.

2168 3707 2403 3778 Grecis,
2451 3712 2700 3781 omnique
2742 3711 2940 3765 nationi
2982 3712 3264 3782 imperare.
3308 3713 3372 3769 Et
3414 3719 3674 3786 apposite
3697 3722 3758 3771 sic

2166 3797 2416 3870 loquutus
2441 3811 2522 3856 est
2545 3818 2559 3854 :
2583 3817 2705 3856 nam
2734 3801 2848 3856 luce
2874 3802 3051 3856 omnia
3081 3805 3242 3859 verbo
3271 3805 3364 3860 illo
3396 3807 3753 3875 perfecerunt.

2167 3903 2222 3946 et
2247 3892 2443 3948 virtute
2473 3894 2634 3948 multa
2671 3904 2908 3950 mortuos
2935 3895 2986 3949 in
3031 3896 3176 3951 vivos
3221 3907 3547 3967 mutarunt,
3585 3917 3754 3971 pecca-

2171 3995 2314 4040 tores
2342 3987 2392 4040 in
2414 3985 2586 4055 justos
2609 4026 2623 4048 ,
2650 4001 2822 4040 caecos
2847 3985 2897 4040 in
2929 3987 3202 4052 videntes,
3233 3988 3462 4044 morbos
3488 4003 3696 4046 natura:
3710 4003 3752 4044 et

2167 4079 2359 4131 animae
2403 4078 2690 4147 nequitiam
2723 4077 3069 4148 expellentes.
3099 4076 3298 4134 Deinde
3327 4082 3477 4149 quod
3507 4084 3628 4137 Iure
3663 4085 3754 4135 vir-

2170 4181 2254 4225 tus
2281 4171 2386 4225 illis
2410 4186 2438 4224 a
2464 4170 2664 4240 Spiritu
2695 4181 2880 4225 sancto
2901 4171 3210 4234 accederet,
3245 4171 3371 4226 hinc
3399 4173 3713 4228 declaratur
3739 4192 3750 4222 :

2168 4261 2366 4334 Spiritu
2385 4303 2400 4328 ,
2430 4265 2639 4334 inquit,
2683 4277 2856 4317 sancto
2903 4263 3078 4335 repleti
3104 4274 3243 4317 erant
3274 4266 3294 4329 (
3313 4265 3431 4318 Act.
3462 4266 3520 4320 2.
3553 4267 3628 4338 4)
3659 4285 3673 4331 ;
3709 4281 3752 4320 et

2168 4357 2265 4411 viri
2297 4357 2454 4410 simul
2481 4366 2636 4426 atque
2668 4357 2917 4411 mulieres
2941 4356 3349 4426 prephetabant.
3373 4356 3606 4429 Lingua:
3633 4363 3751 4429 ignis

2165 4446 2333 4500 forma
2380 4447 2508 4500 visa:
2550 4447 2801 4501 sederunt
2840 4463 2998 4516 supra
3041 4453 3482 4518 unumquemque
3528 4466 3748 4504 eorum:

2165 4538 2345 4592 ethoc
2369 4537 2484 4592 Joel
2515 4537 2604 4591 diu
2647 4547 2770 4593 ante
2808 4537 3175 4607 praenuntiavit
3202 4537 3392 4592 dicens
3425 4557 3442 4592 :
3485 4539 3748 4605 Emende-

2165 4629 2226 4682 de
2247 4627 2443 4698 Spiritu
2470 4643 2578 4682 meo
2616 4645 2767 4697 super
2795 4643 2990 4682 omnem
3014 4646 3246 4693 carnem,
3277 4640 3328 4682 et
3375 4635 3744 4701 praphetabust

2165 4723 2262 4792 ﬁlii
2282 4724 2461 4786 vestri,
2507 4733 2555 4776 et
2591 4723 2713 4792 ﬁlia:
2750 4734 2924 4777 vestra:
2961 4724 3172 4778 visiones
3199 4725 3448 4778 videbunt
3473 4771 3488 4790 ,
3519 4739 3568 4780 et
3592 4730 3748 4780 adole-

2163 4824 2352 4866 scentes
2377 4814 2526 4866 vestri
2550 4814 2742 4868 somnia
2769 4815 3085 4867 somniabunt
3117 4832 3134 4866 :
3155 4825 3202 4866 et
3228 4817 3440 4884 quidem
3473 4836 3631 4888 super
3655 4836 3748 4872 ser-

2165 4920 2248 4957 vos
2279 4920 2442 4970 meos,
2471 4914 2515 4958 et
2556 4921 2708 4974 super
2753 4906 2965 4959 ancillas
3004 4905 3300 4976 effundant,
3327 4909 3637 4984 priusquam
3681 4928 3749 4962 se-

2164 4997 2269 5048 niat
2311 4997 2416 5048 dies
2448 4993 2648 5049 Domini
2696 5013 2907 5066 magnus
2957 5006 3001 5049 et
3043 4996 3254 5051 illustris
3279 4997 3296 5066 (
3320 4995 3470 5051 Joel.
3493 4999 3552 5052 9..
3595 5001 3664 5054 28
3691 5001 3705 5064 )
3737 5018 3744 5049 :

2163 5102 2410 5156 magnum
2443 5098 2497 5139 et
2525 5087 2783 5140 illustrem
2828 5101 3025 5140 vocans
3049 5087 3188 5140 diem
3216 5087 3494 5143 adventus
3533 5091 3746 5160 Spiritus

2163 5180 2368 5243 sancti,
2399 5193 2497 5233 nec
2527 5193 2629 5232 non
2675 5195 2792 5233 eum
2815 5221 2830 5245 ,
2881 5179 2969 5248 qui
3008 5179 3062 5232 in
3091 5184 3569 5237 consummatione
3592 5201 3720 5237 scca

2165 5268 2336 5322 lorum
2358 5269 2566 5323 lntnrus
2594 5279 2695 5323 est.
2743 5267 2885 5322 Idem
2915 5285 3043 5323 vero
3070 5270 3182 5339 ipse
3217 5271 3484 5339 propheta
3534 5275 3740 5327 salutem

2161 5375 2256 5429 per
2286 5360 2441 5414 iidem
2494 5361 2891 5429 praenuntians,
2940 5376 3110 5429 neque
3149 5361 3290 5414 enim
3345 5364 3502 5417 illum
3553 5366 3736 5424 tacuit.

2160 5451 2234 5504 ait
2265 5467 2278 5502 :
2308 5450 2374 5504 Et
2404 5452 2530 5514 erit,
2556 5452 2716 5504 omnis
2745 5452 2830 5520 qui
2854 5454 3150 5506 invocaverit
3174 5471 3358 5508 nomen
3386 5453 3626 5521 Domini,
3646 5457 3737 5510 εἰσ

2160 5559 2247 5594 vus
2269 5542 2358 5594 erit
2386 5541 2404 5611 (
2429 5536 2566 5594 Ibid.
2589 5558 2635 5594 υ.
2668 5541 2780 5612 59.).

2231 5633 2282 5687 6.
2319 5625 2500 5686 Petrus
2526 5643 2575 5686 et
2601 5630 2798 5687 Paulus
2815 5631 3014 5704 regibus
3039 5635 3277 5705 majores.
3297 5666 3376 5676 -—-
3399 5636 3612 5709 Ubique
3641 5646 3734 5691 IE-

2162 5741 2340 5784 rarum
2368 5740 2641 5796 praecones
2664 5725 2852 5794 mittit,
2881 5741 2944 5783 ac
2966 5743 3124 5784 nemo
3148 5736 3232 5783 est
3256 5729 3389 5800 quin
3410 5732 3588 5787 audiat
3600 5744 3731 5798 pr:-

3829 1160 3832 1222 l

3830 1649 3832 1722 l
