3832 6334
77 410 169 466 819

80 526 136 590 ἣν
161 514 362 570 πολλῶν
384 510 587 585 μεταξὺ
620 510 795 579 λόγων
816 506 1128 578 γενομένων
1161 504 1258 558 καὶ
1281 500 1626 590 κατηγοριῶν

75 586 295 672 εἱστήκει
321 597 511 667 σιγῶν,
541 595 718 667 δηλῶν
740 596 770 649 6
822 594 1051 654 Ἡσαΐας
1089 590 1223 660 ἔφη·
1276 588 1375 652 Ὠς
1417 586 1632 672 πρόϐαξ

75 702 170 739 τον
190 668 280 737 ἐπὶ
308 680 555 750 σφαγὴν
573 679 754 748 ἤχθη,
787 676 886 731 καὶ
906 677 988 740 ὠς
1010 674 1199 744 ἀμνὸς
1219 670 1495 726 ἐναντίον
1526 668 1634 722 τοῦ

76 768 363 834 κείροντος
391 762 579 817 αὑτὸν
628 762 886 831 ἄφωνος,
923 759 1110 823 οὕτως
1145 758 1260 812 οὐκ
1294 754 1520 823 ἀνοίγει
1569 752 1637 804 ιιὸ

75 852 255 920 στόμα
287 846 496 902 αὐτοῦ.
528 842 664 899 Εἶτα
677 844 894 907 δεικνὺς
919 843 981 896 τὸ
994 839 1390 912 διεφθαρμένον
1413 837 1513 907 τῆς
1533 835 1640 906 ψή-

77 953 168 1005 φου
193 935 466 1004 ἐπήγαγεν
485 948 499 961 ·
547 932 650 984 Ἐν
674 929 749 997 τῇ
768 926 1120 983 ταπεινώσει
1148 923 1337 979 αὐτοῦ
1368 922 1407 990 ’ἠ
1440 921 1640 1005 κρίσις

72 1004 253 1073 αὑτοῦ
290 1017 461 1085 ἤρθη,
483 1014 783 1074 τουτέστιν,
815 1011 1006 1074 Οὐδεὶς
1038 1008 1188 1081 αὐτῷ
1215 1008 1283 1063 τὰ
1310 1007 1493 1061 δίκαια
1528 1004 1638 1057 ἐδί-

75 1121 249 1157 κασεν.
270 1097 402 1153 Εἶτα
428 1099 522 1153 καὶ
536 1099 635 1169 τὴν
664 1098 845 1151 αἰτίαν
859 1095 1008 1162 λέγει
1036 1093 1137 1163 τῆς
1163 1091 1396 1160 σφαγῆς.
1418 1086 1639 1157 Ἐπειδὴ

74 1186 173 1257 γὰρ
203 1184 610 1256 ἁμαρτημάτων
625 1181 810 1234 ἕνεκεν
826 1179 926 1232 οὐκ
951 1177 1189 1247 ἔπασχεν
1210 1175 1315 1228 ἆπε
1323 1190 1354 1245 ρ
1378 1172 1640 1240 ἔπασχεν,

70 1255 290 1341 ἄμωμος
320 1255 415 1321 καὶ⁵
448 1266 688 1336 ἄληπτος
714 1264 811 1330 ὢν,
844 1265 985 1335 ὑπὲρ
1004 1263 1063 1316 δὲ
1100 1260 1211 1315 τῶν
1243 1260 1342 1329 τῆς
1389 1255 1644 1341 οἰκουμέῖ

72 1337 164 1424 νης
198 1337 388 1406 κακῶν
426 1349 745 1419 παρεδίδοτο
768 1387 783 1409 ,
838 1346 1032 1400 σκόπει
1080 1342 1197 1407 πῶς
1220 1341 1509 1413 ἀμφότερα
1547 1337 1643 1390 καὶ

66 1437 236 1491 ταῦτα
259 1436 478 1507 ᾐνίξατο
500 1432 697 1488 εἰπών·
735 1434 840 1498 Ὃς
865 1428 1158 1501 ἁμαρτίαν
1178 1430 1292 1481 οὐκ
1334 1424 1642 1507 ἐποίησεν,

66 1521 207 1577 οὐδὲ
233 1506 443 1589 εὗρέθη
481 1518 662 1584 δόλος
688 1517 759 1571 ἐν
782 1514 860 1581 τῷ
890 1515 1141 1583 στόματι
1167 1508 1376 1589 αὐτοῦ.
1405 1507 1505 1562 Διά
1535 1506 1644 1589 γὰρ

66 1605 256 1659 τούτου
285 1588 541 1675 ἐδήλωσε,
568 1601 715 1663 τίνος
745 1600 909 1653 ἕνεκα
936 1595 1201 1670 ἀνῃρέθην
1234 1588 1369 1647 Εἶτα
1390 1590 1488 1645 καὶ
1510 1588 1645 1675 ἇςλλη

64 1688 213 1741 αἰτία
227 1705 243 1718 ·
288 1672 388 1741 Ἐκ
409 1684 525 1739 τῶν
551 1681 872 1754 ἁμαρτιῶν,
899 1681 1056 1750 φησι,
1076 1678 1184 1732 τοῦ
1205 1675 1359 1730 λαοῦ
1370 1691 1490 1744 μου
1513 1672 1648 1739 ἥκει

61 1776 150 1838 εὶς
188 1770 468 1825 θάνατον.
523 1766 602 1824 Οὐ
637 1768 797 1839 μόνον
834 1766 891 1819 δέ
937 1765 1036 1836 τὴν
1065 1762 1243 1818 αἰτίαν
1275 1761 1376 1831 τῆς
1412 1758 1645 1827 σφαγῆς,

63 1857 202 1911 άλλά
231 1856 327 1909 καὶ
346 1856 399 1907 τί
432 1854 617 1925 κέρδος
644 1853 753 1905 ἀπὸ
784 1848 880 1903 τοῦ
909 1846 1146 1919 σταυροῦ
1179 1847 1272 1899 καὶ
1302 1843 1404 1914 τῆς
1434 1840 1650 1911 σφαγῆς

64 1940 286 2010 ἐκείνης
311 1924 509 2008 γέγονε
541 1937 710 1990 θέλων
742 1934 935 1999 δεῖξαι,
965 1934 1069 2003 ὅρα
1109 1931 1227 1994 πῶς
1270 1924 1652 2001 προαναφωνεϊ

58 2024 226 2079 τοῦτο
258 2023 463 2092 λέγων·
496 2020 728 2085 Πάντες
757 2020 838 2085 ὡς
884 2019 1151 2085 πρόϐατα
1182 2011 1611 2080 ἐπλάνήθημεν
1631 2024 1646 2040 ·

60 2092 383 2175 ἅνθρωπος
406 2104 481 2174 τῇ
513 2104 630 2170 όδῷ
649 2102 837 2158 αὑτοῦ
860 2099 1196 2167 ἐπλανήθη.
1224 2095 1469 2150 Παιδεία
1494 2092 1654 2162 είρή-

57 2210 177 2260 νης
198 2190 374 2262 ἡμῶν
394 2190 485 2243 ἐπ’
509 2187 668 2253 αὐτῷ
685 2204 699 2218 ·
726 2185 807 2252 τῷ
823 2184 1066 2255 μώλωπι
1089 2181 1275 2236 αὐτοῦ
1304 2177 1458 2252 [564]
1484 2176 1655 2262 ἡμεῖς

58 2261 301 2341 πάντες
328 2272 595 2342 ίάθημεν.
628 2266 766 2324 Εἶτα
794 2269 915 2323 ἐπεὶ
946 2269 1041 2321 καὶ⁵
1073 2267 1229 2330 δίκας
1256 2264 1481 2335 ἔμελλον
1526 2261 1657 2315 διδό-

58 2375 149 2410 ναι
186 2357 339 2425 ὑπέρ
372 2356 477 2409 τῶν
509 2355 875 2425 τολμημάτων
916 2352 1124 2406 τούτων
1167 2350 1217 2403 οἱ
1259 2348 1530 2410 Ἰουδαῖοι,
1560 2346 1657 2399 καὶ

54 2440 229 2493 τοῦτο
282 2440 431 2510 δηλοῖ
460 2439 489 2491 6
521 2439 683 2501 αὐτὸς
721 2438 1006 2509 προφήτης
1044 2437 1107 2488 ’ἐν
1139 2429 1221 2498 οἷς
1257 2433 1438 2503 λέγει·
1479 2431 1658 2485 Δώσω

56 2523 212 2588 τοὺς
236 2522 547 2590 πονηροὺς
576 2522 710 2575 ἀντὶ
744 2520 859 2588 τῆς
886 2518 1083 2589 ταφῆς
1116 2516 1335 2581 αὑτοῦ,
1372 2516 1469 2569 καί
1514 2514 1660 2581 τοὺς

52 2606 418 2670 πλουσίους
452 2604 585 2659 ἀντὶ
607 2605 712 2658 τοῦ
739 2603 996 2657 θανάτου
1028 2601 1233 2656 αὑτοῦ.
1279 2600 1390 2654 Καὶ
1429 2601 1458 2652 6
1495 2597 1659 2651 Δαυῒδ

56 2692 237 2745 πάλιν
272 2688 461 2753 εἰπὼν,
502 2688 942 2757 Ἀποῤῥίψωμεν
978 2687 1086 2739 τὸν
1129 2685 1308 2755 ζυγὸν
1342 2682 1531 2738 αὐτοῦ
1558 2683 1657 2751 ἀφ’

52 2774 267 2844 ἡμῶν,
296 2774 606 2845 ἐπήγαγεν·
650 2773 711 2825 '0
745 2769 1038 2825 κατοικῶν
1064 2770 1134 2822 ἐν
1174 2767 1452 2836 οὐρανοῖς
1483 2768 1663 2836 ἐκγε-

49 2860 336 2913 λάσεται
384 2857 606 2924 αὐτούς
630 2872 643 2885 ·
674 2857 808 2909 τότε
852 2855 1114 2923 λαλήσει
1151 2854 1301 2921 πρὸς
1330 2851 1554 2918 αὐτοὺς
1591 2851 1663 2903 ἐν

47 2941 222 3013 ὀργῇ
260 2940 472 3005 αὐτοῦ,
506 2939 607 2993 καὶ
641 2939 712 2992 ἐν
738 2938 819 3004 τῷ
867 2936 1030 3006 θυμῷ
1071 2936 1258 2990 αὐτοῦ
1291 2932 1529 3004 ταράξει
1555 2935 1664 2988 αὐ-

47 3028 218 3092 τούς
237 3042 254 3056 ·
308 3025 407 3094 τὴν
447 3022 722 3093 πανταχοῦ
756 3021 858 3091 τῆς
889 3018 1214 3090 οίκουμένης
1244 3017 1545 3088 διασπορὰν
1576 3014 1665 3069 λέ-

50 3127 181 3178 γων
215 3108 429 3162 αὐτῶν.
463 3109 529 3160 '0
558 3107 653 3159 καὶ
676 3104 836 3168 αὐτὸς
868 3104 896 3156 6
924 3102 1158 3175 Χριστὸς
1184 3104 1244 3154 ἐν
1274 3104 1387 3165 τοῖς
1419 3101 1666 3169 Εὐάγγε-

43 3193 205 3255 liae;
232 3189 420 3262 δηλῶν
445 3188 594 3257 ἐλεγε
617 3207 630 3219 ·
665 3188 809 3253 Τοὺς
835 3187 905 3240 δὲ
927 3185 1013 3257 μὴ
1054 3183 1434 3251 θελήσαντάς
1452 3200 1530 3254 με
1559 3184 1669 3248 ,βα-

42 3277 373 3332 σιλεῦσαι
399 3275 489 3329 ἐπ’
511 3274 709 3328 αὐτῶν
735 3271 982 3343 ἀγάγετε
998 3265 1135 3333 ὧδε,
1162 3269 1260 3323 καὶ
1291 3267 1670 3337 κατασφάξα-

39 3379 119 3415 τε
140 3360 418 3424 αὐτούς.
450 3354 583 3412 Εἶτα
614 3356 800 3422 ἐπειδὴ
832 3355 930 3426 τὴν
965 3353 1179 3424 σφαγὴν
1201 3349 1354 3405 εἷπον
1372 3393 1387 3417 ,
1418 3351 1539 3404 οὐδὲ
1578 3350 1670 3403 τὸν

41 3445 289 3517 τρόπον
314 3443 413 3513 τῆς
436 3442 649 3513 σφαγῆς
690 3439 1153 3510 παρεσιώπησαν,
1192 3436 1329 3490 ἀλλά
1372 3435 1467 3489 καὶ
1501 3434 1670 3506 αὐτὴν

36 3528 478 3602 παρεδήλωσεν
507 3527 536 3578 6
556 3524 717 3579 Δαυῖδ
754 3523 927 3586 οὕτως
960 3521 1149 3584 εἰπὼν,
1183 3520 1444 3589 Ὠρυξαν
1471 3518 1672 3589 χεῖράς

30 3633 182 3683 μου
215 3610 338 3664 καὶ
361 3609 551 3674 πόδας
568 3626 689 3678 μου
708 3624 723 3639 ·
751 3606 1161 3674 ἐξωλίθμησαν
1191 3604 1387 3657 πάντα
1414 3603 1486 3657 τὰ
1523 3602 1673 3656 ὀστᾶ

24 3716 183 3769 μου
205 3714 222 3727 ·
256 3695 389 3750 οὐδὲ
408 3693 506 3765 τὴν
549 3692 687 3763 μετά
717 3691 809 3745 τὸν
834 3689 1065 3760 σταυρὸν
1088 3687 1432 3759 παρανομίαν
1452 3688 1673 3757 ἐσίγησε

33 3784 245 3837 πάλιν
271 3779 471 3840 εἰπὼν,
501 3776 919 3847 Διεμερίσαντο
955 3774 1025 3827 τὰ
1044 3772 1243 3842 ἱμάτιά
1271 3790 1391 3841 μου
1418 3771 1674 3837 ἑαυτοῖς,

32 3869 159 3922 καὶ
192 3865 321 3919 ἐπὶ
353 3863 459 3916 τὸν
482 3863 802 3931 ἱματισμόν
818 3878 939 3929 μου
967 3859 1187 3912 ἔϐαλον
1219 3856 1469 3925 κλῆρον.

116 3994 298 4053 Εἶτα
332 3996 427 4049 καὶ
453 3996 533 4048 ὅτι
570 3992 871 4048 Θάπτεσθαι
910 3991 1125 4062 ἔμελλε,
1163 3991 1258 4045 καὶ
1288 3989 1446 4043 τοῦτο
1475 3990 1679 4061 ἐδήλω-

30 4101 149 4137 σεν
184 4079 414 4143 εἰπὼν,
436 4079 678 4132 Ἕθεντό
695 4094 771 4147 με
792 4078 862 4131 ἐν
883 4076 1089 4143 λάκκῳ
1109 4073 1422 4139 κατωτάτω
1447 4075 1517 4128 ἐν
1535 4090 1681 4128 σκο-

24 4166 312 4230 τεινοῖς
375 4163 467 4216 καὶ
498 4162 567 4215 ἐν
599 4160 745 4227 σκιᾷ
768 4162 1047 4215 θανάτου.
1096 4160 1205 4212 Καὶ
1237 4160 1318 4211 ὅτι
1362 4159 1682 4213 ἀνίστασθαι

22 4250 351 4324 ἔμελλεν,
391 4247 490 4317 ὅρα
519 4244 639 4308 πῶς
676 4245 770 4298 καὶ
820 4243 978 4297 τοῦτο
1013 4241 1435 4314 προανεφώνησε
1475 4243 1647 4311 λέγων
1670 4258 1683 4271 ⁸

15 4341 65 4388 0
79 4339 180 4390 ὺκ
217 4330 705 4401 ἐγκαταλείψεις
734 4327 846 4396 τὴν
867 4325 1078 4395 ψυχήν
1093 4344 1212 4395 μου
1233 4329 1321 4392 εὶς
1341 4326 1510 4393 ᾅδου,
1545 4325 1687 4380 οὐδὲ

16 4420 313 4482 δώσεις
344 4416 451 4466 τὸν
477 4412 649 4467 ὅσιόν
672 4429 788 4466 σου
813 4410 958 4465 ἰδεῖν
979 4410 1327 4480 διαφθοράν.
1362 4411 1595 4481 Ἑτέρως
1630 4411 1687 4464 δὲ

15 4508 48 4555 r3
99 4500 403 4560 Ἠσαῖας
430 4497 490 4549 τὸ
521 4496 652 4550 αὐτὸ
682 4494 834 4547 τοῦτο
857 4494 1017 4548 πάλιν
1044 4495 1297 4565 ἐμφαίνει
1338 4495 1543 4563 λέγων·
1576 4494 1688 4548 Kal

16 4590 321 4656 Κύριος
337 4580 529 4635 αὑτὸν
538 4580 822 4643 βούλεται
837 4579 1153 4645 καθαρίσαι
1169 4577 1286 4632 ἀπὸ
1301 4578 1413 4645 τῆς
1424 4578 1685 4648 πληγῆς,

15 4673 283 4737 δεῖξαι
329 4663 496 4730 αὐτῷ
526 4662 673 4732 φῶς,
712 4662 1021 4716 δικαιῶσαι
1056 4663 1289 4718 δίκαιον
1335 4660 1402 4718 εὖ
1440 4663 1691 4718 δουλεύ-
1722 4702 1732 4715 .

15 4769 296 4814 σαντα
334 4747 615 4813 πολλοῖς.
640 4748 762 4800 Ὀτι
791 4747 897 4799 τῶν
919 4747 1333 4818 ἁμαρτημάτων
1360 4746 1467 4800 τῶν
1485 4746 1580 4802 ἀνθ
1590 4764 1693 4819 ρω-

15 4843 256 4895 πίνων
292 4831 464 4895 λύσις
495 4832 716 4898 γέγονεν
751 4829 914 4885 αὐτοῦ
937 4833 970 4901 ἡ
998 4831 1201 4902 σφαγὴ,
1235 4834 1329 4884 καὶ
1363 4829 1524 4884 τοῦτο
1554 4848 1695 4901 παρ-

15 4932 289 4996 έστησε
360 4916 442 4987 τῷ
477 4917 679 4969 εἰπεῖν·
721 4916 828 4968 Καὶ
878 4914 1059 4980 αὐτὸς
1109 4915 1396 4983 ἁμαρτίας
1446 4913 1696 4968 πολλῶν

16 5009 471 5074 ἀνήνεγκεν.
497 5000 618 5052 Ὅτι
640 4996 748 5050 τῶν
769 4997 1035 5067 δαιμόνων
1056 4997 1329 5067 ἀπήλλαξε
1350 4997 1475 5060 τοὺς
1490 4997 1698 5068 ἀνθρὼ-

15 5110 228 5157 ηους,
290 5082 412 5138 καὶ
441 5082 620 5143 τοῦτο,
654 5082 763 5135 Καὶ
800 5080 906 5134 τοῦ
936 5081 1212 5149 ἰσχυροῦ,
1243 5082 1397 5149 φησὶ,
1413 5081 1697 5148 μεριεῖται

15 5197 110 5235 γκ
124 5177 339 5231 ῦλα.
385 5167 509 5219 ’Ὅτι
540 5165 638 5218 -διά
674 5164 767 5217 τοῦ
797 5163 1027 5216 θανάτου
1061 5164 1216 5216 τοῦτο
1258 5164 1532 5235 ἐποίησεν,
1577 5166 1698 5218 οὐδὲ

15 5262 183 5319 ιάτὸ
220 5253 553 5320 ἐσίγησεν,
587 5248 723 5303 ἀλλά
751 5248 931 5316 λέγει·
982 5246 1128 5301 Ἀνθ’
1157 5239 1243 5299 ὧν
1270 5247 1570 5315 παρεδόθη
1612 5251 1701 5315 εὶς

16 5350 385 5405 φάνατον
414 5336 451 5401 ἡ
476 5332 646 5402 ψυχὴ
679 5332 884 5385 αὐτοῦ.
920 5330 1043 5383 ’Ὀτι
1075 5329 1479 5402 προστήσεσθαι
1508 5331 1701 5401 ἔμελλε

15 5439 134 5507 τῆς
184 5416 600 5488 οἰκουμένης,
634 5418 727 5470 καὶ
754 5416 912 5469 τοῦτο
942 5414 1276 5507 ἐδήλωσενδΰ
1302 5408 1377 5468 ὧν
1416 5414 1519 5487 ἔφη
1545 5434 1559 5447 ·
1592 5416 1702 5471 Καὶ

16 5495 265 5577 ιιῇξὸς
307 5501 778 5570 κληρονομήσει
808 5500 1099 5564 πολλούς.
1141 5495 1273 5552 Εἶτα
1312 5498 1433 5552 ἐπεὶ
1461 5499 1703 5564 καταϐάς

16 5609 103 5667 λς
163 5596 309 5649 τὸν
362 5586 502 5656 ᾅδην
533 5584 750 5637 ἅπαντα
779 5581 1083 5652 διετάραξε,
1111 5584 1206 5636 καὶ
1233 5583 1465 5656 θορύϐου
1488 5586 1579 5639 καὶ
1611 5603 1705 5639 τα-

15 5665 254 5757 θαξχῆς
317 5666 755 5757 ἐνέπλησε,Δ
784 5666 882 5757 την
915 5665 1227 5757 ἀκρόπολινΔ
1240 5666 1555 5732 κατέλυσεν,
1584 5670 1705 5723 οὐδὲ

15 5748 226 5825 τοιῇἶεὸ
282 5752 549 5823 σιγῶσιν
570 5793 586 5817 ,
625 5749 762 5803 άλλά
789 5748 883 5803 νῦν
916 5750 1014 5819 μέν
1045 5752 1073 5802 6
1103 5749 1265 5803 Δαυῒδ
1298 5750 1442 5804 οὕτω
1488 5751 1587 5824 βοᾷ
1616 5752 1706 5806 λέ-

244 5847 507 5911 Ἀρατε
528 5837 748 5905 πύλας,
776 5838 828 5891 οἱ
849 5834 1155 5903 ἄρχοντες,
1182 5834 1367 5903 ὑμῶν,
1397 5837 1493 5891 καὶ
1523 5837 1702 5908 ἐπάρ-

452 5940 717 6001 PATnoL.
772 5939 884 5999 Gn.
934 5932 1214 5995 XLVIII.

16 5874 153 5929 rw"
162 5897 187 5921 ν

582 396 864 454 CONTRA
902 392 1195 452 ιυυλῖοε
1234 396 1320 444 E‘l‘
1362 387 1637 445 GENTi‘Ll

1772 382 1955 453 QUOD
2000 380 2347 439 CHRISTUS
2384 377 2493 435 SIT
2535 377 2735 435 DEUS.

3196 374 3309 433 820

1746 518 1887 581 θητε
1919 513 2104 566 πύλαι
2127 510 2367 571 αἱὼνιοι,
2394 510 2493 563 καὶ
2524 510 2932 563 εἰσελεύσεται
2964 511 2997 562 ό
3011 508 3316 576 βασιλεὺς

1736 597 1849 666 τῆς
1868 596 2072 665 δόξης·
2103 594 2200 649 νῦν
2219 594 2278 647 δέ
2298 596 2500 666 ἑτέρως
2521 597 2550 647 6
2577 594 2827 658 Ἡσαΐας,
2856 596 3061 660 Πύλας
3082 594 3318 664 χαλκᾶς

1736 680 2075 742 συνθλάσω,
2113 678 2210 733 καὶ
2236 678 2510 748 μοχλοὺς
2540 677 2827 745 σιδηροῦς
2847 680 3179 747 συντρίψω,
3215 674 3318 730 καὶ

1737 765 1959 829 άνοίξω
1987 779 2087 819 σοι
2113 762 2460 831 θησαυροὺς
2487 762 2859 829 σκοτεινοὺς,
2892 763 3315 832 ἀποκρύφους,

1738 847 2033 917 ἀοράτουνς
2080 846 2377 912 άναδείξω
2440 862 2562 909 σοι,
2612 845 2707 899 τὸν
2750 843 2887 916 ᾅδην
2930 845 3071 899 οὕτω
3112 845 3318 900 καλῶν.

1740 933 1806 986 El
1830 934 1940 1003 γάρ
1971 931 2067 985 καὶ
2094 930 2230 1003 ᾅδης
2264 926 2354 1001 ἦν,
2392 929 2530 983 ἀλλὰ
2559 928 2740 999 ψυχάς
2780 929 2999 1000 ἐκράτει
3030 922 3205 997 ἁγίας
3223 929 3317 983 καὶ

1741 1016 1910 1087 σκεύη
1935 1015 2116 1086 τίμια,
2154 1015 2247 1068 τὸν
2288 1012 2560 1086 Ἀϐραὰμ,
2591 1012 2683 1065 τὸν
2728 1012 2936 1073 Ἰσαάκ,
2969 1012 3063 1065 τὸν
3104 1011 3318 1067 Ἰακώϐ.

1743 1100 1834 1153 Διὸ
1877 1100 1970 1154 καὶ
2021 1098 2332 1170 θησαυροὺς
2382 1098 2632 1162 ἐκάλεσε,
2672 1096 2983 1160 σκοτεινοὺς
3018 1096 3094 1149 δέ.
3132 1097 3321 1167 ἐπειδὴ

1743 1186 1957 1239 οὐδέπω
1989 1185 2020 1236 6
2052 1184 2151 1253 τῆς
2170 1182 2519 1245 δικαιοσύνης
2548 1182 2701 1252 ἥλιος
2735 1177 2805 1252 ἦν
2833 1180 3195 1251 καταλάμψας
3225 1182 3324 1234 αὐ·

1742 1269 1880 1333 τόθι,
1923 1268 2043 1322 οὐδὲ
2077 1269 2204 1333 τοὺς
2243 1268 2373 1340 περὶ
2414 1267 2770 1329 ἀναστάσεως
2817 1264 3061 1336 κηρύξας
3105 1264 3319 1332 λόγους.

1747 1353 1869 1406 Ὅτι
1893 1352 1950 1406 δέ
1976 1351 2214 1417 ἀναστὰς
2237 1350 2459 1422 ἔμελλεν
2475 1350 2535 1403 οὐ
2563 1350 2700 1420 μετὰ
2721 1349 2973 1418 ἀγγέλων
3002 1348 3322 1420 στήσεσθαι,

1745 1437 1869 1490 οὐδέ
1905 1436 2045 1507 μετὰ
2076 1436 2454 1509 ἀρχαγγέλων,
2495 1433 2616 1487 οὐδὲ
2654 1433 2796 1504 μετά
2819 1432 2994 1503 ἄλλης
3035 1432 3186 1495 τινὸς
3214 1432 3325 1485 λει-

1745 1522 2043 1593 τουργικῆς
2076 1521 2379 1590 δυνάμεως,
2412 1518 2529 1572 ἀλλ’
2558 1516 2652 1571 ἐπὶ
2680 1517 2773 1570 τὸν
2807 1516 2995 1587 θρόνον
3018 1515 3335 1569 καθιεῖσθαι·

1745 1608 1837 1661 τὸν
1867 1606 2163 1678 βασιλικὸν,
2186 1606 2417 1660 ἄκουσον
2439 1603 2492 1656 τί
2517 1619 2649 1674 φησι
2677 1602 2839 1655 πάλιν
2857 1602 2886 1653 6
2921 1600 3085 1653 Δαυῖδ
3104 1619 3116 1631 ·
3145 1595 3330 1654 Εἶπεν

1748 1694 1783 1745 ό
1814 1692 2029 1757 Κύριος
2062 1686 2142 1753 τῷ
2170 1688 2363 1755 Κυρίῳ
2393 1703 2513 1756 μου
2533 1726 2548 1749 ,
2582 1684 2781 1740 Κάθου
2818 1685 2887 1738 ἐκ
2928 1681 3145 1748 δεξιῶν
3169 1700 3288 1752 μου
3310 1722 3327 1747 ,

1748 1775 1860 1841 ἕως
1879 1774 1957 1829 ἂν
1974 1773 2057 1829 θῶ
2076 1773 2219 1839 τοὺς
2235 1772 2488 1842 ἐχθρούς
2506 1786 2624 1825 σου
2637 1768 2973 1825 ὑποπόδιον
2986 1767 3109 1821 τῶν
3129 1767 3334 1821 ποδῶν

1750 1875 1889 1914 σου.

1822 1974 1978 2028 Μετά
2022 1973 2194 2027 ταῦτα
2250 1971 2474 2044 ἔμελλεν
2523 1969 2854 2035 ἀποστόλους
2898 1970 3176 2043 πέμπειν·
3239 1973 3330 2026 καὶ

1752 2057 1911 2113 τοῦτο
1942 2055 2398 2128 προανεφὼνησεν
2435 2056 2663 2119 Ἡσαΐας
2698 2054 2890 2120 εἰπὼν,
2931 2054 3029 2121 Ὠς
3054 2056 3253 2124 ὡραῖοι
3278 2061 3330 2111 οἱ

1755 2140 1910 2214 [565]
1955 2140 2139 2207 πόδες
2170 2140 2290 2194 τῶν
2329 2137 2866 2207 εὐαγγελιζομένων
2914 2139 3184 2208 εἰρήνην,
3221 2137 3337 2192 τῶν

1754 2224 2292 2297 εὐαγγελιζομένων
2316 2223 2390 2277 τὰ
2418 2221 2626 2292 ἀγαθά.
2663 2223 2773 2276 Καὶ
2808 2223 2911 2295 δρα
2945 2226 3095 2277 ποῖον
3122 2224 3330 2277 ἐπαινεῖ

1753 2308 1848 2363 τοῦ
1877 2308 2130 2380 σώματος
2165 2307 2349 2379 μέρος,
2380 2307 2507 2371 τοὺς
2537 2306 2733 2371 πόδας,
2773 2309 2900 2371 τοὺς
2934 2307 3210 2379 πανταχοῦ
3242 2308 3340 2362 αδδ

1756 2393 1883 2456 τοὺς
1915 2389 2353 2462 διακομίζοντας.
2389 2386 2526 2445 Εἶτα
2563 2389 2781 2444 καὶτὸν
2827 2390 3029 2461 τρόπον
3060 2391 3159 2463 τῆς
3207 2407 3342 2462 κραρ

1756 2477 1969 2550 τήσεως
2002 2474 2181 2529 αὐτῶν
2210 2474 2491 2544 ἐμφαίνων
2520 2474 2548 2525 6
2576 2474 2738 2527 Δαυῒδ
2766 2473 2917 2542 λέγει
2937 2490 2950 2504 ·
2984 2472 3204 2543 Κύριος
3230 2473 3338 2527 δὼ-

1759 2576 1855 2615 σει
1886 2558 2053 2629 ῥῆμα
2081 2558 2203 2625 τοῖς
2248 2557 2792 2628 εὐαγγελιζομένοις
2828 2557 3079 2628 δυνάμει
3115 2556 3343 2627 πολλῇ.

1761 2646 1836 2703 Οὐ
1868 2645 1975 2714 γὰρ
2003 2642 2068 2714 δὴ
2091 2642 2232 2697 ὅπλα
2254 2643 2597 2714 κινήσαντες,
2622 2643 2684 2696 ού
2714 2646 2974 2716 χρήματα
3000 2644 3347 2715 δαπανήσαν-

1760 2749 1873 2794 τες,
1905 2729 2024 2782 ούδὲ
2053 2725 2211 2798 ῥώμῃ
2245 2725 2515 2797 σώματος,
2557 2726 2677 2779 οὐδὲ
2709 2726 3089 2798 στρατοπέδων
3126 2728 3344 2800 πλήθει,

1762 2814 1882 2869 οὐδὲ
1930 2812 2075 2883 ἄλλῳ
2118 2812 2226 2865 τινὶ
2267 2809 2491 2882 τοιούτῳ
2524 2811 2926 2882 περιεγένοντο,
2966 2812 3103 2868 ἀλλὰ
3139 2814 3347 2885 ῥήματι

1762 2896 1923 2969 ψιλῷ,
1961 2897 2167 2969 ῥήματι
2207 2894 2409 2966 πολλὴν
2451 2893 2630 2964 ἔχοντι
2667 2893 2922 2967 δύναμιν,
2956 2894 3055 2969 τὴν
3089 2896 3198 2951 τῶν
3246 2915 3347 2967 ση-

1768 2981 1935 3054 μείων
1959 2978 2238 3043 ἐπίδειξιν.
2262 2977 2366 3032 Τὸν
2386 2979 2496 3049 γὰρ
2519 2979 2937 3051 ἐσταυρωμένον
2959 2980 3346 3053 κηρύσσοντες,

1767 3064 1864 3119 καὶ
1886 3066 2085 3135 σημεῖα
2119 3060 2496 3134 ἐργαζόμενοι,
2525 3061 2670 3115 οὕτω
2700 3062 2803 3132 τῆς
2830 3064 3157 3137 οἰκουμένης
3184 3065 3352 3138 ἐκρά-

1766 3163 1960 3218 τησαν.
1998 3146 2096 3199 Διὰ
2133 3144 2292 3198 τοῦτό
2340 3162 2510 3216 φησι,
2547 3147 2763 3214 Κύριος
2803 3145 2983 3200 δώσει
3020 3136 3189 3218 ρἦα
3228 3136 3353 3217 τοῖς

1767 3230 2311 3302 εὐαγγελιζομένοις
2331 3228 2580 3298 δυνάμει
2605 3229 2828 3298 πολλῆ,
2852 3231 2921 3284 τὰ
2953 3236 3156 3303 σημεῖα
3178 3233 3354 3309 ταύτῃ

1770 3316 1971 3372 καλῶν.
1990 3314 2101 3368 Kal
2125 3312 2234 3385 γὰρ
2251 3314 2456 3383 ἀφατος
2478 3312 2708 3384 δύναμις
2732 3310 2820 3386 ἦν,
2846 3316 2938 3369 τὸν
2964 3317 3121 3371 ἁλιέα
3148 3321 3241 3373 καὶ
3263 3319 3356 3373 τὸν

1769 3400 2008 3469 τελώνην
2035 3398 2131 3451 καὶ
2166 3397 2258 3450 τὸν
2286 3397 2611 3469 σκηνοποιὸν
2645 3398 2753 3451 ἀπὸ
2776 3398 2947 3467 ψιλῶν
2967 3401 3356 3472 ἐπιταγμάτων

1772 3486 1999 3555 νεκροὺς
2024 3480 2283 3551 ἐγείρειν,
2323 3480 2583 3551 δαίμονας
2620 3481 2969 3547 ἀπελαύνειν,
3003 3485 3095 3538 τὸν
3126 3485 3358 3539 θάνατον

1774 3566 2034 3628 ἀπωθεῖν,
2070 3562 2378 3633 φιλοσόφων
2406 3564 2779 3633 ἐπιστομίζειν
2805 3565 3079 3633 γλῶσσαν,
3111 3568 3357 3640 ρητόρων

1775 3650 2151 3724 ἀπορράπτειν
2181 3648 2448 3717 στόματα,
2482 3648 2748 3718 βασιλέων
2778 3651 2872 3704 καὶ
2900 3651 3176 3723 ἀρχόντων
3201 3669 3359 3724 περι-

1775 3739 2043 3812 γίνεσθαι,
2082 3736 2393 3809 βαρϐάρων,
2440 3737 2731 3808 Ἑλλήνων,
2760 3739 2960 3803 παντὸς
2991 3740 3182 3809 γένους
3210 3760 3359 3813 κρα-

1776 3828 1910 3880 τεῖν.
1943 3823 2053 3876 Καὶ
2079 3821 2259 3885 καλῶς
2285 3822 2458 3886 οὕτως
2487 3819 2630 3876 εἶπε.
2661 3823 2852 3878 Πάντα
2875 3826 2987 3894 γὰρ
3005 3824 3175 3878 ταῦτα
3199 3828 3360 3897 ήνυον

1778 3908 1971 3979 ἐκείνῳ
1999 3905 2081 3977 τῷ
2114 3907 2342 3977 ῥήματι,
2376 3906 2473 3959 καὶ⁸
2500 3909 2566 3977 τῇ
2604 3906 2772 3978 πολλῇ
2813 3907 3042 3977 δυνάμει
3085 3909 3363 3978 μετετίθε-

1782 4011 1881 4048 σαν
1910 3991 2137 4063 νεκροὺς
2178 3991 2257 4054 εἰς
2296 3987 2536 4055 ζῶντας,
2577 3988 2936 4060 ἁμαρτωλοὺς
2985 3992 3065 4055 είς
3098 3992 3360 4060 δικαίους,

1782 4076 1991 4148 πηροὺς
2029 4077 2108 4139 είς
2136 4073 2453 4145 βλέποντας,
2490 4072 2558 4126 τὰ
2584 4074 2865 4145 νοσήματα
2891 4075 2991 4145 τῆς
3024 4074 3239 4144 φύσεως
3268 4078 3362 4131 καὶ

1782 4161 1881 4231 τὴν
1906 4159 2100 4244 κακίαν
2132 4159 2233 4227 τῆς
2257 4157 2435 4227 ψυχῆς
2460 4156 2876 4220 ἀπελαύνοντες.
2906 4154 3041 4212 Εἶτα
3067 4160 3101 4230 ή
3134 4158 3362 4232 δύναμις

1785 4243 1926 4313 αὕτη
1949 4240 2112 4296 πόθεν
2145 4242 2327 4303 αὐτοῖς
2362 4240 2726 4313 παρεγένετο;
2761 4241 2880 4294 Ὅτι
2906 4241 3014 4295 ἀπὸ
3048 4242 3365 4314 ΙΙνεύματος

1788 4328 1967 4396 ἁγίου,
2003 4327 2098 4381 καὶ
2124 4325 2281 4380 τοῦτο
2309 4324 2560 4391 ἐντεῦθεν
2585 4324 2860 4395 δηλοῦται·
2886 4328 3231 4395 Πνεύματος
3257 4327 3367 4400 γάρ

1786 4408 1953 4483 ἦσαν
1989 4409 2472 4477 πεπληρωμένοι,
2503 4409 2660 4480 φησὶ,
2699 4408 2796 4461 καὶ
2823 4408 3014 4480 ἄνδρες
3046 4411 3245 4480 ὁμοίως
3272 4411 3370 4466 καὶ

1789 4498 2045 4567 γυναῖκες
2078 4495 2482 4565 προεφήτευον·
2525 4493 2693 4563 πυρὸς
2719 4494 2778 4545 ἑν
2818 4493 2948 4545 εἴδει
2983 4493 3227 4563 γλῶσσαι
3261 4513 3369 4564 φα-

1791 4584 1964 4636 νεῖσαι
2005 4578 2268 4632 ἐκάθισαν
2302 4579 2386 4645 ἐφ’
2429 4577 2526 4629 ἕνα
2553 4577 2784 4630 ἕκαστον
2826 4576 3027 4631 αὐτῶν.
3064 4578 3175 4632 Καὶ
3210 4578 3372 4632 τοῦτο

1806 4664 1960 4734 ἰωὴλ
1987 4661 2193 4715 ἄνωθεν
2227 4658 2685 4731 προανεφώνησεν
2719 4658 2862 4713 οὕτω
2894 4660 3068 4730 λέγων
3092 4679 3105 4694 ·
3157 4662 3375 4733 Ἐκχεῶ

1793 4747 1910 4802 άπὸ
1946 4746 2054 4799 τοῦ
2092 4745 2438 4813 Πνεύματός
2473 4761 2594 4813 μου
2625 4743 2723 4795 ἐπὶ
2758 4743 2968 4799 πᾶσαν
3008 4744 3241 4814 σάρκα,
3270 4747 3373 4802 καὶ

1795 4830 2326 4899 προφητεύσουσιν
2359 4830 2414 4881 οἱ
2444 4827 2563 4881 υἱοὶ
2607 4825 2795 4896 ὑμῶν,
2830 4829 2928 4881 καὶ
2964 4831 3027 4882 αὶ
3055 4830 3370 4900 θυγατέρες

1796 4912 1963 4983 ὑμῶν
2002 4913 2243 4981 ὁράσεις
2284 4912 2538 4980 ὄψονται
2563 4955 2577 4977 ,
2628 4914 2729 4965 καὶ
2768 4915 2822 4965 οι
2855 4914 3166 4968 νεανίσκοι
3206 4915 3377 4984 ὑμῶν

1795 4997 2052 5051 ἐνύπνια
2079 4995 2689 5061 ἐνυπνιασθήσονται.
2711 4996 2822 5049 Καί
2849 5013 2915 5065 τε
2946 4997 3047 5049 ἐπὶ
3076 4996 3218 5062 τοὺς
3238 4997 3374 5051 δού-

1797 5088 1948 5149 λους
1972 5101 2122 5155 μου,
2152 5082 2249 5135 καὶ
2279 5080 2377 5134 ἐπὶ
2408 5079 2516 5144 τὰς
2536 5079 2768 5146 δούλας
2787 5098 2907 5149 μου
2929 5079 3137 5150 ἐκχεῶ,
3171 5080 3314 5149 πρὶν
3334 5081 3375 5150 ἢ

1798 5168 1999 5223 ἐλθεῖν
2031 5167 2146 5235 τὴν
2178 5164 2406 5235 ἡμέραν
2434 5164 2656 5233 Κυρίου
2685 5165 2801 5231 τὴν
2828 5165 3100 5235 μεγάλην
3120 5164 3221 5219 καὶ
3247 5165 3378 5219 ἐπι-

1801 5250 1999 5321 φανῆ·
2065 5251 2306 5321 μεγάλην
2352 5248 2567 5319 ἡμέραν
2605 5247 2700 5300 καὶ
2752 5248 2993 5319 ἐπιφανῆ
3042 5247 3139 5327 καὶ.
3174 5247 3380 5319 ταύτην

1801 5336 1943 5390 οὕτω
1981 5335 2159 5403 δηλῶν
2194 5335 2293 5404 τὴν
2329 5331 2424 5385 τοῦ
2464 5330 2779 5402 Πνεύματος
2808 5332 2905 5386 καὶ
2946 5332 3046 5403 τὴν
3082 5332 3380 5404 μέλλουσαν

1803 5421 1898 5475 ἐπὶ⁴
1928 5418 2204 5490 συντελείᾳ
2229 5415 2587 5487 φανήσεσθαι.
2626 5417 2682 5471 '0
2708 5416 2870 5481 αὐτὸς
2896 5415 2955 5471 δὲ
2985 5411 3140 5479 οὗτος
3167 5418 3382 5488 προφήε

1803 5521 1906 5575 της
1954 5503 2048 5557 καὶ
2098 5502 2195 5573 τὴν
2240 5502 2329 5555 διὰ
2369 5501 2605 5565 πίστεως
2648 5500 2925 5570 σωτηρίαν
2972 5500 3382 5573 προαναφωνῶν

1807 5587 1958 5657 (οὐδὲ
1989 5587 2098 5658 γάρ
2125 5586 2285 5639 τοῦτο
2308 5583 2571 5654 ἐσιγήθη)
2594 5624 2610 5649 ,
2640 5584 2751 5638 Kal
2779 5584 2970 5649 ἔσται,
2996 5585 3184 5656 φησὶν,
3210 5583 3280 5651 ὃς
3304 5583 3385 5640 ἂν

1805 5671 2233 5738 ἐπικαλέσηται
2266 5670 2330 5723 τὸ
2360 5668 2546 5739 ὄνομα
2568 5670 2808 5737 Κυρίου,
2847 5667 3205 5737 σωθήσεται.

1879 5761 1954 5819 ς’.
1985 5751 2269 5823 Πανταχοῦ
2307 5752 2408 5823 τῆς
2432 5752 2752 5824 οἰκουμένης
2790 5754 3037 5825 κήρυκας
3074 5748 3383 5814 ἀποστελεῖ,

1812 5840 1905 5894 καὶ
1927 5840 2102 5903 οὐδεὶς
2125 5840 2353 5911 ἀνήκοος
2382 5838 2535 5893 ἔσται
2569 5837 2660 5893 τοῦ
2691 5840 3048 5913 κηρύγματος
3066 5854 3080 5868 ·
3108 5826 3204 5891 καὶ
3229 5835 3386 5891 τοῦτο

2992 5930 3066 5991 19
