3832 6324
37 477 122 529 821
613 477 881 534 CONTRA
920 472 1198 530 JUDIEOS
1236 470 1321 526 ET
1359 465 1713 532 caurus,
1751 466 1933 535 ouou
1969 462 2300 530 CHRISTUS
2335 473 2442 530 srr
2480 473 2678 531 usus.

35 600 372 661 dicationem;
404 607 459 651 et
500 596 600 650 hoc
647 598 816 664 ipsum
859 593 1266 662 pra-nuntiatum
1301 582 1536 642 estaudi
1567 597 1583 634 :

39 698 129 747 hoc
158 691 458 762 prophetice
500 689 764 743 dicentem
813 684 1064 741 Davidem
1095 700 1108 736 :
1141 682 1208 736 In
1236 697 1434 735 omnem
1482 689 1584 732 ter-

42 802 144 837 ram
171 783 311 836 exivit
351 796 506 834 sonus
532 794 702 832 eorum
726 819 741 843 ,
770 785 815 829 et
856 777 909 828 in
933 775 1056 842 ﬁnes
1098 772 1231 826 orbis
1258 780 1406 824 terrte
1441 770 1589 822 verba

35 890 196 928 eorum
220 872 386 943 (Psal.
419 869 503 924 18.
531 870 565 924 5
593 869 632 937 ).
677 867 757 922 Ad
788 867 900 920 haec
920 906 935 932 ,
963 863 1101 934 quod
1130 877 1248 918 cum
1278 860 1592 916 auctoritate

37 964 360 1035 praedicarim
377 1003 392 1029 ,
413 973 467 1017 et
491 962 617 1030 ipsis
638 960 850 1029 regibus
877 957 1202 1027 potentiores
1230 955 1450 1020 fuerint,
1477 952 1591 1021 ipse

33 1054 150 1106 :ilibi
198 1052 350 1105 docet
390 1050 630 1119 inquiens
662 1065 676 1100 :
711 1047 989 1100 Constitues
1028 1060 1110 1096 eos
1163 1042 1412 1112 principes
1441 1055 1591 1109 super

31 1159 219 1196 onmem
244 1151 428 1194 terram
463 1139 631 1208 (Psal.
664 1138 751 1191 44.
788 1135 896 1202 l7).
926 1134 1074 1202 Quod
1107 1134 1316 1202 regibus
1359 1146 1421 1186 ac
1448 1132 1592 1201 prin-

32 1236 234 1303 cipibus
259 1234 487 1302 majores
516 1231 709 1286 fuerint
737 1230 922 1284 Petrus
952 1237 1008 1283 et
1031 1227 1255 1292 Paulus,
1302 1225 1592 1280 declaravit

31 1335 268 1380 eventus.
311 1324 442 1378 Nam
490 1337 674 1392 regum
727 1322 871 1390 leges
916 1319 1076 1373 etiam
1125 1317 1251 1386 ipsis
1294 1315 1592 1370 viventibus

27 1417 349 1485 abrogantur
379 1432 393 1469 :
419 1414 560 1482 leges
603 1427 732 1466 vero
777 1412 1096 1481 piscatorum
1148 1410 1390 1473 illorum,
1432 1407 1592 1462 etiam

28 1518 359 1560 mortuorum
390 1504 557 1558 firma:
594 1512 746 1567 sunt,
773 1513 827 1556 et
869 1502 1100 1555 immota:
1141 1507 1386 1563 manent;
1433 1498 1592 1566 idque

26 1599 147 1651 licet
177 1597 541 1659 daemonibus,
573 1595 819 1649 diuturna
849 1593 1265 1654 consuetudine,
1296 1592 1425 1646 vitio
1448 1631 1463 1655 ,
1501 1606 1594 1644 vo-

26 1690 230 1756 luptate
275 1687 666 1754 innumerisque
709 1685 828 1740 aliis
876 1686 989 1738 illas
1029 1684 1319 1752 refringere
1355 1683 1593 1737 conanti-

24 1781 141 1832 bus.
190 1777 256 1834 Ut
281 1778 524 1832 ostendat
544 1788 722 1830 autem
749 1793 842 1830 eos
869 1777 1010 1845 ipsos
1035 1776 1298 1845 principes
1333 1774 1593 1829 constitu-

24 1882 125 1933 tos,
145 1869 405 1925 amabiles
440 1869 682 1922 omnibus
711 1867 1191 1935 desiderabilesque
1208 1868 1353 1932 fore,
1376 1865 1591 1920 subdit:

21 1960 306 2028 Propterea
335 1959 506 2029 populi
534 1961 899 2026 confitebuntur
928 1959 1017 2010 tibi
1046 1958 1098 2011 in
1135 1957 1375 2012 steculum
1417 1955 1593 2028 (Ibid.

19 2069 64 2104 v.
108 2050 246 2122 18);
294 2051 344 2103 id
382 2061 493 2118 est,
550 2050 743 2120 gratias
787 2049 881 2103 tibi
924 2061 1080 2119 agent
1121 2051 1410 2119 plurimas,
1454 2050 1596 2119 quod

22 2145 159 2195 tales
186 2142 454 2211 principes
488 2141 717 2196 dederis.
747 2141 897 2208 Quod
929 2141 1229 2210 praedicatio
1259 2142 1449 2210 ubique
1475 2156 1597 2210 pro-

17 2233 268 2302 paganda
305 2233 412 2296 sit,
459 2232 511 2287 id
558 2248 768 2302 quoque
813 2232 1275 2302 prtesignilicatum
1316 2242 1399 2286 est
1432 2251 1445 2286 :
1474 2232 1596 2286 audi

21 2326 90 2377 Da
101 2324 284 2377 vident
315 2323 367 2378 id
394 2324 484 2378 tibi
500 2324 851 2378 declarantem
869 2324 950 2378 his
971 2324 1145 2379 verbis
1168 2340 1182 2376 :
1207 2323 1420 2378 Postula
1441 2341 1473 2377 a
1496 2342 1594 2392 me,

14 2426 55 2467 et
85 2414 228 2467 dabo
280 2415 366 2468 tibi
394 2425 564 2484 gentes
593 2414 921 2468 hereditatem
948 2425 1086 2467 tuam
1105 2454 1121 2480 ,
1148 2423 1195 2468 et
1236 2415 1597 2482 possessionem

14 2514 157 2556 tuam
186 2505 428 2558 terminos
454 2515 597 2559 teme
626 2506 644 2575 (
671 2504 815 2559 Psal.
845 2505 898 2559 2.
929 2505 1026 2574 8).
1055 2505 1282 2574 ldipsum
1314 2507 1439 2560 item
1459 2506 1598 2560 alius

14 2597 287 2666 propheta
315 2597 506 2652 alicubi
551 2599 628 2652 sic
657 2598 893 2652 enuntiat
921 2615 935 2650 :
967 2597 1265 2667 Implebitur
1290 2600 1451 2652 omnis
1494 2608 1596 2652 ter-

14 2705 66 2738 ra
95 2688 320 2740 scientia
350 2686 573 2754 Domini,
593 2697 639 2742 et
663 2689 790 2742 sicut
819 2706 950 2758 aqua
976 2690 1280 2758 multa,qua:
1305 2690 1465 2760 operit
1491 2707 1599 2742 ma-

14 2779 88 2830 ria
119 2776 340 2846 (Hesai.
367 2778 456 2832 ll.
485 2777 563 2848 9).
612 2778 678 2832 Et
714 2780 834 2833 vide
883 2779 1188 2834 facilitatem
1236 2779 1550 2834 obedientia:
1580 2797 1594 2834 :

14 2868 140 2921 Non
193 2868 428 2935 docebit,
477 2869 581 2936 ait,
629 2871 971 2941 unusquisque
1021 2872 1307 2940 proximum
1337 2888 1517 2936 suum,
1551 2882 1600 2926 et

14 2963 374 3030 unusquisque
420 2966 628 3031 fratrem
670 2979 853 3028 suum,
904 2963 1073 3017 dicens
1101 2963 1395 3035 :Cognosce
1423 2965 1600 3018 Domi-

14 3070 136 3106 mm
169 3069 192 3106 :
216 3053 342 3122 quia
362 3069 531 3107 omnes
554 3064 848 3125 cognoscent
871 3072 949 3109 me
973 3072 1003 3108 a
1029 3055 1232 3109 minimo
1256 3057 1456 3109 illorum
1479 3097 1491 3118 ,
1517 3073 1602 3109 ηδ-

14 3162 100 3197 me
121 3147 202 3197 ad
227 3147 506 3199 maximum
534 3146 733 3200 illorum
757 3145 886 3217 (Jer.
916 3149 1003 3202 51.
1024 3148 1136 3218 54).
1154 3147 1400 3202 Firmitas
1419 3148 1600 3202 Eccle—

14 3238 100 3288 είςυ
143 3236 241 3289 his
283 3235 579 3290 declaratur
605 3254 617 3290 :
645 3236 759 3290 Erit
784 3238 835 3291 in
867 3239 1147 3292 novissimis
1191 3239 1363 3293 diebus
1401 3241 1600 3309 conspi-

14 3343 135 3378 ruus
170 3342 332 3380 mons
360 3325 561 3380 Domini
587 3345 741 3396 supra
767 3329 994 3382 verticem
1033 3331 1274 3383 montium
1298 3330 1472 3383 domus
1498 3330 1602 3384 Do-

14 3419 133 3469 uini
156 3457 175 3482 ,
217 3428 271 3471 et
299 3417 565 3471 elevabitur
597 3435 748 3490 super
772 3420 924 3473 colles
945 3461 960 3485 ,
993 3430 1039 3473 et
1064 3421 1256 3474 venient
1284 3421 1352 3473 ad
1374 3438 1481 3476 eam
1512 3440 1603 3491 po-

14 3511 111 3562 mli
142 3509 315 3562 multi
358 3519 404 3562 et
445 3519 613 3579 gentes
655 3511 824 3564 multa:
855 3511 1054 3582 (llesai.
1096 3513 1151 3566 2.
1195 3512 1274 3580 2).
1299 3513 1450 3580 Quod
1479 3531 1604 3569 vero

14 3621 108 3654 ιυιι
145 3601 322 3655 ﬁrma
354 3610 583 3667 tantum,
606 3602 771 3656 solida
799 3612 852 3657 et
880 3602 1162 3658 immobilis
1182 3605 1354 3659 futura
1383 3605 1451 3658 sit
1471 3645 1485 3667 ,
1508 3605 1601 3659 sed

14 3697 173 3746 :tiam
206 3690 441 3745 multam
463 3692 577 3746 orbi
618 3707 800 3761 pacem
843 3695 912 3748 sit
938 3695 1314 3762 conciliatura,
1357 3696 1602 3766 quodque

14 3799 130 3838 nnc
182 3785 489 3838 multorum
531 3786 854 3855 principatus
880 3827 894 3852 ,
944 3796 1053 3842 tum
1098 3787 1420 3842 monarchiae
1458 3788 1605 3842 aufe-

14 3875 199 3931 «τηάεε
229 3876 349 3929 sint
373 3892 388 3928 :
414 3892 572 3930 unum
603 3888 780 3932 autem
808 3877 862 3931 in
888 3893 1073 3933 omnes
1099 3894 1318 3948 regnum
1345 3878 1601 3944 futurum,

19 3986 39 4024 ι
89 3971 501 4026 abundantiori
539 3986 668 4040 pace
705 3970 985 4026 fruiturum
1010 4011 1024 4036 ,
1064 3988 1169 4027 non
1216 3972 1352 4027 sicut
1409 3973 1555 4042 prius
1587 3992 1600 4028 :

21 4081 120 4119 am
182 4064 394 4134 priscis
418 4063 745 4133 temporibus
769 4065 998 4119 artifices
1036 4079 1223 4120 omnes
1270 4073 1325 4120 et
1362 4064 1605 4120 rhetores

14 4159 168 4212 rmis
196 4155 459 4209 instructi
487 4164 669 4218 erant,
695 4164 750 4210 et
775 4156 824 4210 in
855 4157 967 4210 acie
989 4155 1198 4210 stabant
1229 4174 1242 4210 :
1271 4165 1392 4227 post
1409 4156 1606 4212 adven-

19 4265 102 4301 im
139 4262 298 4302 vero
331 4244 524 4300 Christi
565 4245 678 4300 haec
705 4248 880 4300 omnia
906 4248 1074 4301 soluta
1109 4256 1269 4316 sunt,
1297 4259 1351 4303 et
1386 4249 1522 4304 bella
1552 4252 1604 4304 in

14 4340 378 4392 :mstitutam
421 4345 624 4406 partem
665 4338 886 4392 seorsim
916 4347 1328 4405 concesserunt;
1367 4339 1468 4395 hoc
1504 4340 1604 4395 do-

14 4446 120 4483 ens
155 4427 450 4497 propheta
475 4427 686 4496 quidam
713 4427 919 4482 dicebat
942 4445 954 4482 :
979 4425 1046 4480 Et
1072 4429 1387 4500 confringant
1406 4429 1606 4501 gladios

14 4541 103 4577 ros
136 4523 204 4574 in
245 4535 478 4574 vomeres
497 4560 513 4586 ,
544 4530 590 4572 et
611 4520 807 4574 lanceas
833 4537 950 4574 suas
979 4521 1030 4573 in
1059 4521 1213 4589 [alces
1241 4537 1261 4574 :
1289 4531 1337 4576 et
1373 4538 1474 4575 non
1515 4538 1605 4574 su-

14 4625 77 4668 ret
109 4630 272 4686 gens
305 4622 482 4666 contra
502 4623 696 4682 gentem
715 4613 974 4684 gladium,
994 4626 1041 4667 et
1068 4631 1166 4668 non
1185 4614 1372 4669 discent
1389 4616 1607 4683 amplius

14 4709 196 4762 ritum
237 4703 417 4775 (Ibid.
441 4721 491 4761 υ.
515 4704 591 4774 4).
623 4704 752 4758 Nam
779 4705 924 4772 prius
963 4706 1013 4759 in
1050 4705 1153 4760 illis
1172 4719 1358 4760 omnes
1385 4721 1604 4761 exerce-

14 4807 197 4851 mtur
243 4813 261 4848 :
297 4808 441 4848 nunc
467 4804 642 4849 autem
674 4796 800 4849 artis
838 4796 952 4864 ejus
974 4795 1120 4849 obliti
1157 4806 1312 4862 sunt;
1357 4797 1466 4851 imo
1494 4797 1607 4867 plu-

14 4911 56 4948 τε
91 4907 251 4949 ean)
294 4904 368 4943 nc
392 4888 475 4942 vel
511 4889 781 4942 minimum
809 4898 932 4943 sunt
960 4889 1162 4958 experti
1194 4908 1208 4944 :
1237 4890 1375 4959 quod
1400 4891 1445 4944 si
1487 4891 1606 4960 qui-

14 5001 101 5038 im
140 4983 323 5043 sint,
354 4977 431 5033 illi
452 4978 736 5034 admodum
764 4981 914 5049 pauci
940 4989 1096 5045 sunt;
1128 4989 1182 5034 at
1200 4981 1325 5035 olim
1357 4984 1408 5036 in
1435 4981 1610 5034 omni-

14 5093 71 5130 IS
96 5091 228 5146 gen
241 5071 407 5126 tibus
422 5080 685 5124 sescentae
701 5072 988 5126 seditiones
1006 5072 1390 5126 excitabantur.
1410 5073 1611 5128 Deinde

52 5167 237 5223 unde
277 5162 662 5218 constituenda
681 5163 747 5216 sit
771 5163 1003 5218 Ecclesia
1031 5162 1286 5232 praedicit.
1307 5164 1438 5229 Quia
1465 5165 1608 5218 enim

14 5279 77 5316 m
121 5254 446 5314 mansueti
478 5263 678 5307 tantum
699 5293 715 5318 ,
745 5255 902 5308 mites
925 5265 979 5308 et
1005 5252 1185 5306 urbani
1215 5251 1488 5317 homines;
1519 5253 1611 5307 sed

15 5357 146 5407 iam
206 5346 340 5404 feri
384 5354 438 5401 et
465 5346 778 5411 inhumani,
817 5347 1159 5416 moribusque
1198 5346 1400 5401 similes
1436 5345 1609 5414 lupis,

14 5446 258 5500 mnibus
295 5445 364 5492 et
407 5437 606 5502 tauris,
649 5452 768 5492 cum
815 5438 944 5506 ipsis
992 5438 1300 5492 conventuri
1341 5445 1530 5501 erant,
1561 5447 1617 5492 et

14 5551 189 5594 nnes
238 5545 428 5588 unam
460 5529 754 5584 Ecclesium
784 5531 1115 5585 constituturi
1137 5571 1152 5597 ,
1193 5530 1316 5585 audi
1351 5530 1617 5601 quomodo

14 5630 170 5702 ’θεῖε
211 5623 398 5681 illius
423 5620 730 5675 varietatem
757 5621 1010 5691 propheta
1039 5621 1387 5676 declaraverit
1414 5639 1427 5674 :
1455 5621 1612 5686 Tunc,

14 5724 159 5794 quit
188 5760 207 5783 ,
257 5719 554 5785 pascentur
577 5712 728 5765 simul
755 5713 902 5781 lupus
921 5729 1034 5765 cum
1054 5729 1184 5782 agno
1201 5711 1400 5782 (Hcsai.
1424 5713 1510 5767 11.
1532 5710 1614 5783 6),

14 5830 80 5870 ιο
119 5802 446 5878 frugalem
474 5817 654 5872 regum
683 5805 842 5858 vitam
880 5803 1091 5857 indicat.
1123 5803 1272 5871 Quod
1302 5814 1475 5859 autem
1503 5803 1618 5859 haec

14 5923 84 5961 3n
108 5904 198 5959 de
238 5895 402 5956 feris
427 5894 571 5951 dicta
590 5896 732 5963 sint,
757 5895 899 5951 dicat
923 5895 1137 5952 Iudaeus
1165 5896 1497 5966 quandonam
1517 5897 1617 5952 hoc

3159 476 3265 535 8‘21

1694 584 1890 641 factum
1933 589 2001 641 sit
2032 604 2047 644 :
2074 603 2362 658 numquam
2390 592 2530 645 enim
2570 593 2724 663 lupus
2763 601 2892 649 'enm
2941 612 3076 666 agno
3119 614 3263 654 com-

1695 694 1921 747 pascuus
1944 679 2044 733 fuit
2075 697 2089 733 :
2116 681 2257 750 quod
2306 681 2351 735 si
2383 683 2542 736 etiam
2589 683 2820 739 futurum
2851 699 3030 749 esset.
3064 697 3120 743 ut
3144 706 3264 744 cum

1693 768 1786 823 illo
1811 779 2115 839 pasceretur
2136 812 2150 836 ,
2181 771 2304 841 quid
2334 771 2436 827 hoc
2457 773 2688 829 humano
2727 780 2903 847 generi
2935 781 3264 848 profuturum

1693 862 1874 915 esset?
1898 859 2002 914 Sed
2031 860 2096 916 de
2123 862 2249 917 feris
2280 863 2581 920 hominibus
2611 866 2662 920 id
2689 867 2882 922 dictum
2913 881 3014 935 est,
3047 872 3112 926 de
3131 871 3266 944 Scy-

1695 950 1838 1012 this,
1883 950 2204 1031 _Thr:mibus,
2250 953 2478 1021 Mauris,
2531 955 2703 1022 Indis,
2735 957 3091 1026 Sauromatis,
3141 964 3267 1018 Per-

1694 1043 1788 1097 sis.
1821 1043 1968 1112 Quod
1998 1056 2173 1100 autem
2217 1062 2401 1102 omnes
2432 1049 2532 1103 illa:
2555 1061 2741 1118 gentes
2780 1052 2878 1105 sub
2905 1068 3009 1106 uno
3035 1054 3161 1124 jugo
3189 1056 3268 1109 fu-

1698 1143 1829 1189 tura:
1867 1146 2048 1190 essent
2073 1179 2087 1199 ,
2137 1138 2274 1193 alius
2300 1139 2558 1208 pr0phcta
2604 1141 2891 1196 declaravit
2936 1143 3016 1197 his
3045 1147 3265 1200 verbis:

1695 1226 1761 1279 Et
1790 1229 1999 1281 servient
2026 1230 2070 1283 ei
2095 1230 2182 1283 sub
2199 1232 2327 1301 jugo
2356 1249 2455 1285 uno
2476 1274 2488 1294 ,
2517 1242 2563 1286 et
2605 1235 2886 1288 adorabunt
2923 1236 3067 1289 illum
3107 1255 3268 1292 unus-

1695 1319 1898 1386 quisque
1924 1336 1950 1371 e
1978 1319 2086 1373 loco
2112 1338 2200 1374 suo
2234 1322 2486 1392 (Sophon.
2516 1325 2568 1377 5.
2603 1324 2678 1395 9).
2707 1326 2822 1380 Non
2851 1329 2984 1380 ultra
3004 1370 3019 1394 ,
3061 1329 3264 1398 inquit,

1694 1408 2038 1480 Jerosolymis
2092 1412 2303 1478 solum,
2349 1415 2442 1468 sed
2513 1417 2703 1485 ubique
2751 1428 3027 1474 terrarum.
3087 1421 3270 1491 Neqtte

1695 1498 1834 1553 enim
1867 1510 2046 1567 postea
2088 1500 2469 1573 Jerosolymam
2493 1505 2815 1574 jubebuntur
2842 1508 3083 1564 homines
3097 1511 3266 1575 adire,

1695 1591 1790 1645 sed
1819 1594 2042 1662 quisque
2069 1595 2211 1649 domi
2243 1612 2464 1652 manens
2491 1601 2631 1655 hunc
2649 1603 2846 1657 cultum
2877 1607 3169 1673 praestabit.

1769 1685 1820 1737 7.
1849 1684 2150 1740 Judieorum
2197 1689 2372 1756 ejectio
2399 1693 2659 1759 prtedicta.
2691 1724 2762 1733 —
2784 1695 2936 1760 Quod
2971 1695 3136 1751 Judmi
3167 1699 3266 1766 eji-

1697 1775 1869 1830 ciendi
1899 1786 2097 1844 essent,
2122 1794 2292 1849 neque
2318 1780 2417 1835 hoe
2443 1786 2856 1852 praetermissum
2888 1788 3102 1842 silentio
3133 1789 3265 1844 fuit:

1697 1869 1815 1923 vide
1858 1871 2125 1939 quomodo
2174 1882 2228 1926 et
2272 1874 2372 1927 hoc
2399 1874 2701 1943 praidixerit
2726 1878 2976 1946 propheta
3011 1897 3024 1933 :
3059 1879 3189 1934 Ecce
3216 1884 3270 1936 in

1697 1963 1833 2015 vobis
1862 1963 2221 2017 concludantur
2235 1966 2412 2033 janua!
2430 2007 2446 2029 ,
2479 1977 2523 2019 et
2544 1985 2643 2021 non
2671 1971 2948 2025 accendatis
2974 1973 3134 2026 altare
3161 1990 3266 2028 me-

1699 2071 1784 2107 um
1812 2057 1967 2125 gratis
1997 2056 2250 2123 (Malach.
2282 2059 2334 2113 1.
2361 2059 2469 2128 10).
2518 2059 2742 2126 Quinam
2786 2078 2944 2132 porro
2984 2067 3123 2119 hunc
3158 2068 3272 2126 cul-

1700 2154 1808 2199 tum
1836 2145 2114 2201 exhibituri
2141 2159 2319 2202 essent
2357 2152 2434 2204 sic
2461 2153 2866 2219 praznuntiatunt
2891 2166 3011 2210 est:
3045 2157 3118 2210 Ab
3168 2159 3273 2212 ori-

1698 2246 1810 2288 ente
1836 2237 1956 2288 solis
1984 2252 2140 2305 usque
2163 2237 2231 2289 ad
2255 2239 2578 2305 occidentem,
2611 2258 2789 2295 nomen
2819 2260 2980 2296 meum
3001 2245 3260 2314 gloriﬁca-

1700 2335 1806 2379 tum
1832 2335 1902 2379 est
1923 2327 1974 2379 in
2001 2326 2227 2396 gentibus
2249 2344 2268 2382 :
2292 2339 2339 2382 et
2367 2331 2419 2382 in
2448 2332 2583 2384 omni
2607 2331 2716 2386 loco
2743 2334 3005 2388 incensum
3042 2337 3166 2389 mihi
3189 2341 3270 2408 of-

1700 2418 1881 2485 fertur,
1909 2428 1958 2473 et
1988 2420 2158 2473 hostia
2181 2436 2313 2490 pura
2329 2421 2493 2488 (Ibid.
2510 2423 2532 2475 l
2547 2423 3082 2493 l).Videsquomodo
3096 2426 3270 2480 cultus

1701 2507 2024 2563 nobilitatem
2055 2509 2376 2564 declaravit?
2407 2512 2672 2579 quomodo
2686 2515 3051 2568 excellentiam
3075 2526 3126 2568 et
3149 2533 3267 2569 nnt-

1701 2601 1949 2653 tationem
1975 2601 2127 2668 ejus?
2157 2601 2304 2667 Quod
2356 2618 2460 2656 non
2488 2603 2538 2656 in
2570 2604 2716 2668 loco,
2757 2605 2850 2658 sed
2897 2605 2950 2659 in
2994 2607 3230 2661 moribus
3250 2648 3267 2672 ,

1702 2706 1874 2761 neque
1903 2691 1955 2745 in
1982 2693 2169 2747 nidore
2193 2702 2247 2747 et
2276 2693 2441 2757 fumo,
2469 2696 2562 2749 sed
2594 2696 2644 2749 in
2666 2695 2770 2750 alio
2793 2698 2934 2751 cultu
2961 2707 3142 2753 nostra
3182 2700 3263 2752 fu-

1703 2792 1816 2838 tura
1843 2784 1949 2839 sint
1977 2784 2286 2838 ministeria.
2329 2786 2394 2839 Et
2419 2788 2684 2856 quomodo
2720 2788 2837 2841 illos
2877 2803 3094 2853 omnes,
3127 2789 3269 2843 dicet

1701 2876 1958 2945 quispiam
1981 2917 1995 2938 ,
2041 2884 2368 2930 attraxerunt
2412 2878 2676 2945 apostoli?
2701 2877 2802 2945 Qui
2829 2894 2931 2932 non
2964 2879 3062 2932 nisi
3109 2896 3265 2933 unam

1702 2967 1932 3037 linguam
1962 2966 2223 3032 habebat,
2266 2982 2457 3035 nempe
2490 2966 2755 3036 judaicam
2781 3008 2796 3034 ,
2843 2967 3109 3036 quomodo
3133 2968 3267 3040 Scy-

1705 3056 1871 3121 tham,
1896 3055 2078 3110 Indum
2105 3066 2155 3110 et
2183 3054 2550 3111 Sauromatam
2578 3057 2771 3112 ducere
2800 3059 3010 3126 potuit?
3039 3060 3271 3128 Accepto

1705 3163 1894 3216 nempe
1934 3162 2029 3216 per
2065 3146 2315 3217 Spiritum
2363 3159 2604 3202 sanctum
2644 3148 2940 3217 linguarum
2987 3151 3271 3204 multarum

1703 3237 1863 3292 dono.
1893 3237 1958 3290 Et
1985 3236 2086 3292 hoc
2126 3237 2338 3307 quidem
2381 3237 2448 3292 de
2487 3238 2741 3294 Gentibus
2772 3255 2786 3292 :
2813 3239 2880 3292 de
2919 3238 3110 3294 lsraele
3148 3240 3273 3294 item

1703 3329 1901 3382 donum
1930 3329 2220 3397 linguarum
2255 3347 2267 3383 :
2299 3329 2438 3399 quod
2461 3339 2634 3383 autem
2667 3346 2839 3400 neque
2867 3331 2968 3386 hoc
3003 3334 3275 3386 attraxerit

1704 3420 1914 3476 Judreos
1937 3463 1951 3483 ,
1980 3419 2102 3474 audi
2123 3435 2230 3490 quo
2259 3429 2408 3489 pacto
2433 3421 2668 3476 declaret
2700 3422 2952 3491 propheta
2973 3422 3158 3478 dicens
3179 3441 3193 3477 :
3211 3422 3276 3476 In

1705 3513 1854 3563 variis
1881 3512 2064 3581 linguis
2094 3523 2140 3564 et
2168 3511 2282 3564 aliis
2312 3511 2454 3563 labiis
2481 3514 2658 3580 loquar
2682 3513 2868 3581 papula
2907 3513 3021 3565 huic
3045 3553 3060 3578 ,
3091 3524 3138 3566 et
3180 3531 3270 3567 ne-

1705 3619 1797 3671 que
1825 3603 1895 3654 sic.
1919 3603 2121 3654 audient
2150 3617 2226 3653 me
2244 3641 2260 3665 ,
2284 3601 2404 3654 dicit
2443 3601 2685 3655 Dominus
2710 3600 2860 3670 (Hes.
2887 3602 2977 3656 28.
3004 3603 3093 3673 Η)
3141 3603 3275 3670 Quid

1707 3691 1808 3745 hoc
1838 3691 2166 3744 manifestius
2196 3692 2363 3745 videri
2392 3692 2598 3760 possit?
2629 3691 2793 3746 Erant
2817 3692 2984 3746 Judaei
3015 3693 3274 3748 increduli

1707 3783 1901 3846 futuri,
1928 3792 1981 3836 et
2000 3784 2193 3838 Gentes
2213 3785 2277 3836 ad
2303 3785 2458 3838 fidem
2480 3784 2800 3838 advolaturue
2823 3801 2834 3836 :
2862 3795 2916 3840 et
2941 3785 3041 3840 hoc
3067 3802 3277 3856 quoque

1707 3875 2168 3947 praesignificatum
2208 3885 2291 3931 est
2322 3893 2335 3929 :
2368 3877 2489 3930 audi
2538 3876 2780 3932 Hesaiam
2831 3878 2928 3931 hoc
2977 3879 3045 3932 ita
3095 3879 3274 3932 decla-

1706 3976 1912 4024 rantem
1946 3985 1958 4021 :
1991 3967 2230 4021 Inventus
2250 3984 2363 4021 sum
2390 3967 2452 4019 ab
2494 3967 2556 4020 iis
2579 4007 2594 4034 ,
2621 3967 2708 4038 qui
2750 3984 2828 4020 me
2870 3984 2970 4021 non
3010 3979 3235 4036 quierunt
3257 3985 3277 4021 :

1707 4063 2055 4132 manifestatus
2082 4076 2194 4112 sum
2217 4060 2278 4112 iis
2299 4100 2314 4124 ,
2341 4058 2428 4128 qui
2448 4074 2528 4112 me
2554 4075 2655 4112 non
2678 4059 2952 4128 inquirunt.
2987 4058 3144 4126 Dixi,
3167 4075 3278 4113 ecce

1707 4168 1796 4222 ego
1825 4167 1934 4204 sum
1953 4191 1968 4216 ,
1995 4150 2062 4203 ad
2087 4161 2282 4220 gentem
2304 4189 2320 4214 ,
2355 4165 2467 4218 qua:
2493 4165 2594 4203 non
2638 4149 2877 4202 invocavit
2907 4166 3086 4202 nomen
3116 4167 3277 4203 meum

1707 4246 1910 4316 (Ilesai.
1939 4245 2027 4300 65.
2054 4245 2126 4312 l).
2155 4244 2232 4298 De
2259 4245 2448 4299 lsraele
2463 4253 2637 4298 autem
2660 4261 2672 4296 :
2695 4243 2820 4297 Tota
2831 4245 2912 4298 die
2937 4244 3154 4311 espandi
3173 4261 3279 4298 ma-

1707 4354 1804 4390 nus
1829 4353 1965 4390 meas
2000 4335 2068 4389 ad
2104 4346 2299 4405 gentem
2341 4351 2443 4388 non
2466 4334 2745 4387 credentem
2772 4343 2821 4388 et
2858 4336 3274 4388 contradicentem

1712 4427 1870 4499 (Ibid.
1883 4425 1938 4495 Ξ)
1954 4443 1967 4489 ;
1984 4442 2048 4481 ac
2069 4442 2283 4480 rursum
2303 4445 2316 4480 :
2335 4424 2779 4481 Annuntiavimus
2793 4426 2840 4479 ei
2856 4434 2911 4477 ut
2926 4443 3080 4494 puero
3109 4442 3126 4479 :
3150 4428 3277 4480 sicut

1708 4517 1860 4572 radix
1890 4517 1944 4570 in
1982 4527 2114 4570 terra
2154 4516 2341 4571 sitienti
2380 4515 2488 4584 (Id.
2517 4518 2604 4572 55.
2641 4517 2738 4586 2);
2776 4531 2838 4570 ac
2879 4531 3088 4570 rursum
3114 4558 3127 4580 ,
3171 4515 3278 4568 Do-

1709 4609 1843 4662 mine
1859 4647 1875 4672 ,
1904 4609 2020 4677 quis
2043 4606 2253 4660 credidit
2281 4607 2479 4659 auditui
2496 4617 2665 4660 nostro
2687 4607 2712 4659 ?
2737 4604 2801 4658 Et
2821 4606 3080 4659 brachium
3103 4605 3280 4659 Domi-

1712 4702 1764 4754 ni
1813 4701 1893 4754 cui
1939 4700 2212 4753 revelatum
2251 4707 2322 4753 est
2373 4698 2536 4767 (Ibid.
2569 4715 2620 4753 v.
2653 4696 2747 4768 l)?
2778 4697 2890 4751 Non
2928 4697 3061 4752 dixit
3084 4697 3281 4751 doctri—

1712 4807 1795 4847 nae
1821 4799 2018 4846 nostra:
2039 4831 2055 4856 ,
2082 4791 2171 4845 ubi
2201 4789 2431 4844 ostendit
2451 4805 2542 4844 eos
2566 4803 2670 4843 non
2696 4804 2762 4843 ex
2782 4804 2841 4844 se
2869 4789 3112 4859 loquutos
3138 4803 3277 4854 esse,

1711 4884 1804 4938 sed
1830 4898 1890 4938 ea
1911 4923 1927 4948 ,
1956 4897 2071 4952 quae
2097 4896 2128 4936 a
2153 4882 2262 4936 Deo
2287 4881 2561 4936 audierant
2606 4881 2964 4936 annuntiasse.
2995 4879 3144 4947 Quod
3189 4895 3283 4935 no-

1712 4983 1821 5030 stra
1850 4973 2083 5029 Judaicis
2111 4971 2436 5044 przeferenda
2463 4987 2526 5025 ac
2557 4971 2722 5024 multo
2743 4971 3105 5040 praestantiora
3134 4971 3240 5022 sint
3265 5009 3283 5035 ,

1715 5067 2003 5122 declaravit
2025 5065 2229 5135 Moyses
2260 5065 2340 5117 his
2366 5063 2542 5118 verbis
2573 5079 2585 5116 :
2618 5060 2683 5114 In
2724 5061 3092 5114 cumulationem
3126 5059 3285 5112 dedu-

1715 5177 1826 5212 cam
1850 5175 1933 5212 vos
1953 5162 2004 5211 in
2045 5175 2143 5210 non
2167 5166 2346 5227 gente;
2371 5157 2424 5208 in
2468 5163 2612 5225 gente
2654 5153 2920 5222 insipiente
2962 5151 3169 5204 irritabo
3202 5166 3287 5204 vos

1719 5251 1892 5321 (Deut.
1940 5249 2030 5303 52.
2081 5248 2172 5318 21)
2201 5266 2214 5300 :
2245 5247 2475 5316 priorem
2523 5246 2700 5314 populi
2735 5244 2993 5297 vilitatem
3042 5241 3285 5295 indicans

1717 5360 1836 5397 cum
1868 5343 1993 5397 dicit
2019 5382 2035 5407 ,
2067 5341 2134 5394 In
2177 5357 2278 5394 non
2301 5349 2443 5410 gente
2472 5355 2490 5392 :
2519 5355 2622 5391 non
2659 5336 2800 5390 enim
2846 5350 2977 5405 gens
3006 5334 3288 5404 putabatur

1719 5450 1837 5489 esse
1858 5435 1926 5489 ob
1951 5435 2204 5488 vilitatem
2234 5432 2448 5485 nimiam
2469 5471 2484 5497 ,
2513 5429 2582 5483 ob
2608 5427 2958 5497 insipientiam
2978 5466 2993 5489 ,
3019 5426 3090 5481 ob
3105 5439 3287 5479 amen-

1720 5530 1867 5581 tiam.
1895 5526 1997 5581 Sed
2031 5525 2252 5580 mutatio
2273 5533 2465 5605 tanta‘a
2493 5522 2596 5575 ﬁde
2621 5520 2756 5575 facta
2786 5527 2868 5573 est
2890 5559 2906 5583 ,
2948 5526 3007 5572 ut
3034 5517 3088 5572 hi
3117 5517 3288 5570 hesio-

1724 5622 2007 5677 rabiliores
2033 5624 2320 5689 appareant
2341 5615 2403 5669 iis
2422 5656 2438 5679 ,
2464 5614 2552 5682 qui
2579 5623 2703 5666 tunc
2741 5609 3152 5664 honorabantur.
3178 5608 3289 5661 Hoc

1724 5728 1864 5785 aegre
1908 5713 2108 5766 laturos
2155 5709 2369 5765 Judaaos
2395 5747 2409 5772 ,
2449 5714 2504 5759 et
2533 5704 2653 5758 inde
2682 5703 2928 5758 meliores
2957 5703 3189 5763 futuros,
3227 5713 3294 5754 ex

1726 5806 1808 5859 liis
1845 5805 2002 5858 etiam
2039 5802 2339 5857 declaratur
2373 5816 2387 5854 :
2433 5813 2538 5852 non
2581 5797 2721 5850 enim
2769 5793 3079 5862 simpliciter
3133 5792 3289 5857 dixit,

1727 5909 2076 5966 anteponam;
2107 5893 2201 5948 sed
2226 5891 2382 5946 simul
2410 5890 2509 5946 hoc
2535 5889 2708 5958 ipsum
2738 5885 3010 5941 declarans
3033 5921 3048 5946 ,
3087 5891 3321 5952 etqua-'
