3920 6250
497 4497 544 4509 ιο-

508 439 614 494 89.3

509 578 840 636 lentcumque
863 562 984 616 hinc
1007 556 1238 610 futuram
1265 541 1692 604 emendationem
1716 530 1978 588 indicans,
2007 520 2078 575 In

1540 630 1550 636 ‘
1813 629 1845 636 γι
1859 633 1872 636 -
1904 616 1919 636 Ι
1938 613 2060 636 Πυ..

510 613 898 723 αθτηιιιαιίἔηειη,
923 649 1090 718 inqttit
1105 687 1122 709 ,
1144 640 1393 696 deducam
1412 648 1496 686 vos
1532 630 1586 682 in
1605 641 1706 680 non
1732 629 1876 692 gente
1901 613 2081 684 (Deut.

511 715 714 824 lit)
743 769 758 817 ;
798 763 861 803 ac
885 745 930 799 si
961 715 1184 802 diceret,
1208 729 1380 784 Tanta
1397 723 1537 780 dabo
1563 717 1690 808 ipsis
1710 715 1848 770 bona
1869 750 1886 776 ,
1912 717 1973 762 ut
1991 717 2087 760 vos

515 797 602 816 υ-.
630 797 713 824 -.,
744 797 758 817 ,
799 797 857 803 _-
887 797 905 799 s
1172 797 1181 802 γ

515 845 852 905 ωηιυὶθιὶοιιο
871 824 1254 900 corripiamini,
1289 830 1342 876 et
1360 827 1420 873 ut
1446 800 1817 869 mordeamini.
1845 801 1958 857 Hoc
1984 797 2088 852 ita-

516 899 908 1014 quemeliores
936 914 1353 997 ipsosreddidit.
1382 909 1514 966 Nam
1541 904 1632 976 qui
1657 899 1886 957 divisum
1906 905 2084 957 mare,

516 997 708 1091 scissas
736 1036 944 1098 petras,
975 1028 1154 1071 aerem
1181 1013 1444 1064 mutatum
1467 1041 1484 1068 ,
1513 1007 1568 1053 et
1592 1002 1671 1049 tot
1695 997 1946 1058 tantaque
1964 997 2092 1053 pro-

517 1126 657 1195 digia
683 1079 951 1174 viderant;
977 1111 1083 1163 imo
1102 1117 1228 1160 vero
1251 1097 1341 1170 qui
1365 1094 1500 1148 filios
1520 1102 1646 1144 suos
1667 1079 2090 1139 immolaverant,

519 1176 738 1287 {prima
763 1204 1093 1276 Beelpbegor
1133 1191 1324 1250 initiati
1353 1188 1567 1242 fuerant
1587 1221 1602 1245 ,
1634 1176 1924 1244 multisque
1952 1182 2092 1238 prte-

640 1257 738 1282 .,.-.
765 1257 917 1276 ---τ
997 1257 1026 1271 υ

522 1257 696 1377 stigiis
748 1311 965 1369 cperam
989 1289 1276 1348 dederant;
1309 1279 1363 1335 hi
1403 1283 1680 1348 postquam
1725 1280 1825 1322 nos
1862 1257 2100 1318 accessi-

1268 1375 1276 1377 -
1516 1366 1527 1377 -
1659 1375 1670 1377 ς
1733 1353 2058 1377 -_|_2L--:.......

524 1353 673 1461 mnis,
704 1394 965 1460 longeque
1009 1375 1409 1451 praestantiores
1450 1366 1562 1422 suis
1589 1375 1678 1418 res
1724 1353 2096 1414 exhibuimus,

525 1453 861 1546 aemulatione
881 1453 1038 1533 iducti
1063 1513 1080 1541 ,
1111 1479 1166 1526 et
1191 1464 1438 1523 meliores
1461 1456 1632 1514 effecti
1663 1458 1826 1514 sunt,
1853 1455 2014 1514 atque
2041 1453 2104 1495 se

526 1581 936 1639 continuerunt;
962 1571 1033 1624 ita
1059 1575 1120 1620 ut
1145 1577 1209 1619 ea
1232 1573 1350 1630 qua:
1375 1567 1476 1609 nec
1504 1547 1884 1622 prephetarum
1925 1533 2102 1591 moni-

528 1678 634 1741 tis,
683 1685 784 1726 nee
811 1628 1170 1738 prodigiorum
1209 1628 1434 1707 ostentis
1463 1639 1633 1698 territi
1676 1635 1950 1694 fecerant,
1988 1628 2103 1695 jam

530 1719 866 1822 aemulatione
895 1719 1063 1810 nostri
1083 1753 1227 1803 recte
1256 1740 1470 1797 faciant.
1497 1732 1666 1788 Nemo
1691 1728 1869 1794 itaque
1893 1719 2108 1774 illorum

665 1808 1083 1907 filios—immolat,
1105 1850 1264 1894 nemo
1290 1831 1355 1886 ad
1379 1826 1520 1884 idola
1537 1818 1763 1882 accedit,
1783 1813 1868 1870 vel
1882 1808 2108 1867 vitulum

533 1913 737 2003 adorat.
787 1937 1114 2010 Virginitatis
1141 1929 1306 1984 decor
1349 1924 1400 1977 in
1432 1915 1609 1974 Veteri
1655 1913 1998 1967 Testamento
2039 1915 2112 1956 ne

538 2035 909 2096 nominabatur
953 2025 1209 2098 quidem;
1247 2033 1368 2073 cum
1398 2022 1575 2067 autem
1615 2008 1670 2061 in
1694 2003 1844 2059 Novo
1877 1993 2114 2067 splendi-

537 2135 638 2188 tlus
669 2130 872 2183 futurus
892 2085 1065 2183 esset,
1091 2085 1212 2170 vide
1237 2105 1503 2179 quomodo
1528 2100 1579 2156 id
1620 2095 1872 2168 praedicat
1898 2085 2065 2144 David
2095 2101 2112 2138 :

540 2225 824 2292 Alferentur
847 2213 956 2285 regi
977 2209 1194 2280 uirgines
1227 2210 1337 2273 post
1361 2212 1506 2261 eam,
1537 2191 1854 2246 adducentur
1891 2181 1945 2234 in
1986 2188 2113 2231 tem-

542 2275 834 2388 p'l'umregis
861 2275 1034 2377 (13ml.
1054 2275 1152 2354 14.
1178 2293 1290 2362 16).
1311 2288 1417 2345 Sed
1447 2297 1618 2355 neque
1644 2275 1980 2334 sacerdotum
2016 2281 2123 2322 no-

555 2359 678 2370 ”’””“
706 2359 827 2379 "U"
867 2359 882 2377 \
1249 2359 1256 2362 .

545 2359 664 2460 :nen
715 2397 915 2461 tacuit,
963 2392 1335 2463 episcoporum
1379 2378 1500 2433 dico
1546 2392 1560 2428 :
1612 2368 1926 2426 Constituant
1982 2359 2117 2415 enim

547 2494 796 2568 principes
842 2498 952 2542 tuos
988 2449 1043 2538 in
1075 2495 1228 2552 pace,
1280 2481 1328 2528 et
1375 2472 1635 2541 episcopos
1675 2471 1786 2515 tuos
1820 2457 1876 2511 in
1917 2449 2123 2524 justitia

549 2586 750 2661 tlIesai.
778 2577 1006 2649 60.17).

617 2678 670 2732 8.
700 2672 892 2729 Judicii
929 2643 1136 2723 estremi
1177 2647 1838 2730 praedicam—Ventum
1881 2643 1999 2694 erat
2037 2647 2125 2688 ra-

550 2774 754 2827 tionem
779 2771 1062 2820 exacturus
1087 2757 1155 2811 ab
1191 2750 1467 2808 hominum
1495 2753 1694 2813 genere
1713 2775 1730 2803 ,
1765 2744 1820 2790 et
1847 2727 2124 2802 speciatim

552 2963 640 3010 tur
663 2962 774 3006 tum
805 2914 987 3008 David,
1017 2914 1459 2996 tum—Malachias,
1487 2923 1675 2996 quisic
1697 2920 1810 2975 ait:
1839 2914 1905 2970 Et
1931 2914 2130 2982 ingres-

553 3063 638 3102 sus
683 3051 754 3096 est
795 3039 920 3094 sicut
965 3007 1346 3101 conﬂatorium,
1398 3021 1526 3075 sicut
1568 3013 1722 3070 herba
1769 3007 2051 3080 fullonum,
2085 3007 2133 3054 et

559 3090 1096 3208 purga'bithargentum
1133 3128 1180 3174 et
1219 3130 1399 3170 aurum
1429 3111 1447 3173 (
1468 3104 1697 3162 Malach.
1740 3102 1796 3155 5.
1837 3095 1913 3167 5)
1943 3115 1958 3149 :
1984 3090 2134 3148 Pauli

756 3183 936 3277 affinia
957 3216 1208 3286 loquitur,
1232 3208 1320 3280 qui
1341 3206 1417 3260 sic
1439 3201 1598 3256 habet
1621 3217 1633 3252 :
1665 3195 1787 3250 Dies
1812 3192 1943 3246 enim
1967 3183 2140 3240 decla.

559 3283 708 3384 rabit,
736 3317 854 3388 quia
879 3316 930 3366 in
955 3283 1070 3380 igne
1089 3305 1340 3360 reveletur
1355 3299 1432 3370 (t.
1455 3295 1574 3351 Cor.
1593 3294 1646 3346 δ.
1667 3290 1780 3358 ιδ).
1805 3283 1970 3340 David
1989 3295 2134 3344 vero,

728 3371 998 3476 "unum;
1021 3400 1178 3456 veniet
1215 3392 1404 3468 (Psal.
1447 3389 1537 3444 49.
1567 3384 1670 3455 5),
1702 3376 1992 3436 secundum
2023 3371 2141 3442 ejus

565 3506 848 3560 adventum
898 3492 1238 3567 praedicans:
1284 3499 1404 3540 nam
1455 3479 1655 3552 primus
1702 3472 1966 3526 adventus
2018 3478 2142 3523 cum

569 3599 729 3652 multa
758 3587 1195 3660 attemperatione
1223 3581 1357 3644 fuit,
1386 3571 1652 3631 secundus
1692 3582 1796 3621 non
1838 3563 2005 3626 item;
2046 3556 2143 3612 sed

570 3688 806 3746 horroris
836 3681 1161 3748 terrorisque
1189 3673 1382 3746 plenus
1412 3667 1513 3722 erit
1531 3707 1545 3730 ,
1575 3659 1780 3731 angelis
1805 3665 2142 3728 praecurren-

572 3785 735 3846 tibus,
761 3788 984 3846 eptsque
1002 3765 1280 3840 praesentia
1306 3777 1403 3816 ceu
1432 3757 1606 3826 fulgur
1631 3750 1810 3806 omnia
1831 3751 2144 3814 occupante.

571 3877 700 3932 Nam
723 3839 854 3928 sicut
891 3839 1084 3939 fulgur,
1126 3858 1328 3927 inquit,
1357 3851 1460 3906 exit
1489 3849 1550 3902 ab
1587 3845 1804 3904 oriente,
1853 3845 1901 3892 et
1939 3839 2151 3904 apparet

571 3981 725 4035 usque
766 3961 834 4015 ad
875 3923 1210 4014 occidentem,
1253 3946 1324 3998 ita
1373 3942 1462 3996 erit
1506 3936 1748 3991 adventus
1787 3927 1912 3982 Filii
1937 3923 2152 3979 hominis

1650 4026 1662 4035 .
1821 4022 1834 4035 .
1927 4018 2007 4035 ,Α
2070 4013 2149 4035 η,

575 4013 806 4130 (flanti.
835 4052 926 4107 ΞΔ.
953 4048 1022 4101 9.7
1045 4046 1064 4116 )
1093 4062 1106 4098 :
1134 4055 1241 4111 quo
1269 4035 1572 4091 declaratur
1615 4026 1731 4095 ejus
1757 4018 2032 4093 splendor,
2063 4013 2152 4083 qui

577 4107 920 4214 semetipsum
952 4107 1260 4192 annuneiat.
1297 4127 1410 4181 Hoc
1438 4119 1602 4178 David
1633 4116 1874 4170 indicans
1913 4107 2152 4170 dicebat,

739 4200 1001 4302 manifeste
1028 4224 1185 4279 ueniet
1215 4222 1234 4290 (
1259 4217 1404 4272 Psal.
1433 4213 1522 4269 49.
1554 4213 1588 4266 5
1608 4209 1652 4282 ).
1693 4203 1896 4260 Deinde
1922 4200 2156 4256 futurum

733 4289 988 4396 judicium
1031 4313 1334 4385 significans
1371 4307 1450 4362 sic
1495 4297 1879 4373 prosequitur:
1916 4291 2058 4362 Ignis
2105 4289 2160 4341 in

582 4391 849 4491 conspectu
873 4415 979 4485 ejus
1009 4407 1294 4465 exardescet
1317 4443 1332 4466 ,
1363 4409 1409 4454 et
1446 4399 1499 4451 in
1527 4394 1736 4449 circuitu
1764 4391 1872 4461 ejus
1898 4392 2162 4451 tempestas

586 4476 982 4579 1ναιὶάα(1ὺὶἇ.).
1014 4497 1284 4571 Supplicia
1311 4487 1660 4549 memoravit,
1692 4479 2029 4553 splendorem
2051 4476 2162 4544 jam

589 4609 805 4663 indicat.
835 4597 1106 4656 Advocabit
1144 4591 1322 4647 cazlum
1348 4587 1611 4641 desursum
1630 4622 1645 4647 ,
1673 4589 1717 4633 et
1756 4587 1941 4631 terram
1969 4571 2164 4625 discer-

591 4719 705 4759 nere
735 4697 978 4770 populum
1006 4706 1152 4746 suum
1173 4684 1343 4756 (Ib.v.
1363 4679 1414 4749 4)
1436 4697 1449 4733 :
1468 4677 1553 4733 hic
1579 4677 1774 4731 terram
1812 4677 1970 4726 vocat
1998 4678 2169 4737 genus

592 4798 881 4851 humanum
906 4830 920 4852 ,
951 4784 1052 4842 sub
1090 4782 1206 4836 lucc
1249 4789 1367 4832 cum
1399 4782 1510 4828 toto
1549 4766 1821 4845 hominum
1847 4773 2045 4833 genere
2072 4757 2169 4811 .In-

593 4891 740 4946 datos
786 4889 1142 4938 annumerans
1174 4891 1187 4926 :
1219 4885 1342 4926 nam
1389 4865 1456 4920 ad
1504 4861 1626 4917 illos
1665 4843 1875 4929 quoque
1921 4850 2170 4921 respicit;

737 4971 1008 5044 subiungit
1034 4985 1049 5022 :
1076 4965 1384 5035 Congregate
1403 4956 1481 5011 illi
1504 4962 1702 5010 sanctos
1725 4951 1835 5019 ejus
1856 4988 1870 5012 ,
1911 4945 1998 5014 qui
2036 4941 2177 4997 ordi-

598 5079 720 5126 nant
748 5033 1090 5122 testamentum
1118 5033 1225 5122 ejus
1245 5066 1396 5120 super
1419 5043 1672 5115 sacriﬁcia
1692 5057 1711 5096 :
1737 5049 1784 5094 et
1812 5033 2177 5092 annuntiabunt

600 5121 973 5232 justitiam
998 5147 1113 5217 ejus
1126 5161 1143 5198 :
1155 5139 1405 5212 quoniam
1420 5133 1556 5187 Deus
1562 5129 1730 5200 judea:
1741 5135 1816 5180 est
1830 5124 1962 5196 (ΠΜ)
1973 5121 2068 5192 .5.)
2082 5123 2188 5178 Ad.

605 5261 765 5307 ventu
793 5261 890 5303 suo
913 5239 1296 5299 sacrificiorum
1333 5231 1534 5287 cultum
1564 5226 1871 5281 sublaturus
1908 5227 1961 5273 et
1990 5228 2181 5285 repro-

606 5347 825 5400 baturus
853 5345 998 5399 erat,
1030 5341 1088 5388 ut
1114 5337 1356 5386 nostrum
1387 5325 1488 5378 hoc
1519 5315 1837 5375 sacrificium
1870 5309 2178 5364 induceret;

611 5435 732 5491 andi
760 5428 1027 5504 quomodo
1066 5433 1122 5480 et
1163 5422 1278 5476 hrec
1316 5414 1570 5488 praedicta
1615 5409 1720 5464 sint
1748 5423 1761 5458 :
1793 5399 2112 5470 Sacriﬁcium
2138 5403 2186 5448 et

614 5491 912 5582 r-blatienem
938 5516 1138 5573 noluisti
1171 5529 1189 5568 :
1215 5526 1398 5580 corpus
1423 5514 1587 5560 autem
1629 5497 1812 5571 aptasti
1839 5493 1963 5548 mihi
2001 5492 2019 5561 (
2040 5491 2182 5546 Psal.

612 5621 703 5679 '59.
734 5617 804 5688 7)
831 5633 848 5668 :
872 5611 1010 5683 quod
1041 5609 1198 5663 etiam
1228 5602 1350 5658 alibi
1378 5598 1586 5655 diccbat
1613 5611 1626 5648 :
1658 5589 1890 5660 Populus
1915 5597 2059 5656 quem
2085 5596 2186 5633 non

615 5671 819 5782 cognoui
865 5702 1058 5759 servivit
1103 5697 1255 5761 mihi,
1303 5694 1357 5746 in
1401 5689 1581 5743 auditu
1625 5682 1764 5738 auris
1811 5675 2022 5732 obedivit
2068 5671 2189 5726 mihi

622 5769 790 5876 (Ιῖαιι.
825 5798 909 5854 17.
933 5794 1023 5861 45)
1040 5833 1056 5858 ,
1080 5788 1131 5846 id
1153 5795 1255 5850 es’t,
1279 5799 1386 5839 non
1407 5777 1553 5835 mare
1577 5769 1804 5831 divisum
1821 5812 1836 5837 ,
1865 5784 1973 5824 non
2015 5774 2192 5834 petras

626 5855 668 5876 κη
700 5855 713 5857 -
1008 5855 1016 5861 ,
1044 5855 1051 5858 .

619 5891 815 5948 scissas
839 5889 1060 5949 videns,
1095 5880 1196 5938 sed
1238 5876 1460 5930 audiens
1498 5865 1768 5940 apostolos
1807 5874 1976 5917 meos.
2011 5857 2077 5912 Et
2104 5855 2190 5908 hic

1208 433 1277 488 Β..
1308 420 1584 484 JOANN'IS
1620 403 2087 474 CHRYSOSTOMI
2129 397 2446 458 ARCHIEP.
2483 387 3014 449 CONSTANTINUP.

3673 373 3776 427 ﬁt

2190 529 2400 571 rursum
2421 553 2439 581 ,
2471 510 2663 579 Corpus
2689 516 2854 560 autem
2893 511 3079 570 aptum
3114 493 3255 547 mihi.
3287 495 3413 550 Post
3451 492 3568 545 [nec
3593 491 3774 543 statim

2189 675 2261 752 ιιι
2284 697 2346 751 de
2368 711 2446 749 me
2470 692 2644 764 (Psal.
2669 689 2758 746 59.
2784 686 2893 754 10).
2927 685 3042 739 Duo
3073 689 3249 735 autem
3274 677 3359 731 hic
3379 675 3706 737 indicantur,
3725 680 3778 724 et

2192 799 2474 845 venturum
2501 799 2643 850 esse,
2668 793 2720 838 et
2751 792 2878 836 tunc
2897 787 3175 832 venturum
3202 785 3348 834 esse,
3372 783 3492 823 eum
3515 765 3778 821 sacrificia

2197 880 2391 949 reiecta
2423 876 2655 939 fuerint,
2687 871 2828 942 quod
2860 880 2984 923 tunc
3009 865 3262 934 contigit,
3299 875 3418 912 cum
3449 856 3781 925 principatus

2194 971 2444 1034 Judaicus
2473 967 2526 1020 in
2563 964 2865 1019 Romanum
2901 957 3127 1013 transiit.
3150 953 3454 1009 Invenimus
3477 947 3641 1000 etiam
3675 945 3778 998 Ba-

2197 1062 2324 1117 ruch
2364 1059 2433 1115 de
2469 1056 2696 1113 adventu
2743 1054 2859 1122 ejus
2905 1052 2976 1105 ita
3016 1049 3318 1119 loquentem
3348 1061 3364 1098 :
3390 1043 3456 1096 In
3485 1053 3622 1094 terra
3646 1039 3782 1092 visus

2199 1161 2292 1217 est,
2312 1159 2358 1204 et
2378 1164 2489 1202 cum
2511 1144 2788 1200 hominibus
2806 1149 3123 1195 conuersatus
3136 1149 3208 1190 est
3227 1133 3448 1207 (Bartsch
3483 1133 3539 1186 5.
3560 1130 3677 1200 58).
3697 1133 3783 1182 Ait

2201 1257 2413 1313 quoque
2435 1239 2642 1307 Moyses
2676 1253 2688 1292 :
2722 1234 3034 1304 Prophetam
3073 1227 3210 1283 vobis
3253 1224 3484 1280 excitabit
3534 1220 3782 1274 Dominus

2203 1333 2338 1388 Deus
2379 1346 2442 1387 ea:
2483 1325 2722 1398 fratribus
2763 1324 2938 1378 uestris
2975 1321 3104 1375 sicut
3133 1334 3211 1372 me
3233 1331 3254 1370 :
3276 1317 3440 1385 ipsum
3478 1312 3698 1365 audietis
3734 1311 3789 1360 in

2203 1423 2452 1479 omnibus.
2483 1419 2550 1472 Et
2579 1419 2691 1480 erit,
2721 1414 2885 1470 anatis
2913 1413 3080 1467 anima
3099 1449 3115 1475 ,
3145 1423 3261 1480 qua:
3285 1423 3385 1460 non
3411 1404 3632 1458 audierit
3669 1419 3791 1467 pro-

2206 1516 2409 1587 phetam
2427 1513 2589 1576 illum,
2621 1505 3030 1564 exterminabitur
3054 1502 3117 1557 de
3151 1501 3338 1572 populo
3360 1513 3450 1552 suo
3478 1497 3498 1566 (
3521 1495 3676 1549 Deut.
3702 1497 3787 1548 tit.

2209 1608 2320 1677 18).
2354 1604 2516 1660 Vides
2544 1602 2648 1658 hoc
2674 1603 2725 1656 in
2752 1599 2900 1654 nullo
2924 1597 3031 1652 alio
3058 1594 3332 1664 impletum
3353 1631 3368 1654 ,
3397 1606 3559 1661 quam
3595 1588 3654 1641 in
3691 1587 3790 1639 huc

2211 1708 2436 1756 tantum.
2458 1697 2592 1753 Nam
2621 1693 2773 1750 multi
2795 1689 3066 1763 prophetat
3087 1693 3449 1748 surrexerunt,
3470 1692 3524 1736 et
3543 1680 3792 1734 ominibus

2210 1793 2623 1862 inobsequentes
2648 1787 2884 1852 fuerunt,
2908 1781 3145 1852 nihilque
3165 1786 3444 1850 propterea
3474 1776 3614 1845 passi
3643 1782 3790 1826 sunt.

2213 1885 2352 1942 Huic
2376 1892 2554 1938 autem
2593 1879 2717 1950 quia
2754 1892 2861 1933 non
2891 1874 3208 1930 obedierunt
3233 1869 3398 1925 Judaei
3418 1909 3435 1935 ,
3466 1865 3752 1938 palabundi
3777 1903 3794 1928 ,

2214 1985 2493 2038 errantes,
2551 1970 2793 2042 fugitivi,
2844 1967 3055 2022 exsules
3099 1963 3294 2032 ubique
3341 1969 3616 2030 vagantur.
3668 1957 3798 2010 Vide

2217 2081 2446 2134 namque
2473 2061 2740 2134 quomodo
2763 2057 2965 2114 exclusi
3005 2057 3113 2109 sint
3136 2069 3165 2106 a
3191 2054 3437 2117 civitate,
3466 2063 3628 2118 atque
3651 2062 3684 2100 ι
3711 2063 3774 2116 pa

2220 2161 2383 2216 ternis
2412 2157 2616 2227 legibus
2644 2164 2698 2208 et
2737 2147 3210 2207 consuetudinibus
3234 2185 3250 2210 ,
3301 2159 3422 2198 cum
3467 2140 3795 2209 ignominia,

2219 2249 2576 2321 turpitudine,
2609 2257 2665 2301 et
2695 2242 2910 2298 ultionis
2943 2254 3118 2310 pinna.
3147 2237 3276 2304 ane
3317 2247 3444 2287 vero
3470 2232 3574 2288 sub
3605 2230 3801 2294 Vestia-

2222 2344 2374 2398 siano
2397 2351 2451 2396 et
2473 2340 2594 2394 Tito
2619 2337 2758 2407 passi
2787 2343 2928 2393 sunt,
2962 2347 3030 2386 ne
3053 2329 3288 2386 enarrari
3319 2326 3530 2396 quidem
3557 2334 3803 2394 possunt,

2223 2436 2295 2490 ita
2321 2445 2534 2488 omnem
2565 2428 2916 2484 calamitatem
2947 2421 3160 2480 excedit
3188 2421 3273 2475 illa
3306 2417 3589 2487 tragoedia.
3611 2415 3682 2470 Et
3707 2415 3801 2466 im-

2227 2525 2426 2596 pletum
2455 2530 2540 2578 est
2562 2517 2934 2590 propheticum
2963 2512 3092 2568 illud
3117 2530 3131 2566 :
3157 2509 3336 2564 Omnis
3355 2510 3442 2580 qui
3471 2524 3574 2560 non
3593 2506 3807 2559 audierit

2229 2619 2525 2692 prophetam
2542 2616 2706 2678 illum,
2731 2609 3159 2666 exterminabitur.
3187 2605 3312 2659 Ideo
3330 2599 3468 2672 apud
3492 2599 3613 2654 illos
3633 2601 3808 2652 omnia

2233 2712 2286 2766 in
2315 2707 2651 2764 solitudinem
2677 2718 2851 2767 versa,
2873 2702 2995 2772 quia
3033 2697 3346 2769 prophetam
3391 2691 3538 2746 illum
3581 2704 3690 2743 non
3715 2704 3806 2742 au-

2231 2803 2462 2857 dierunt.
2503 2795 2656 2864 Quod
2699 2793 3108 2850 resuscitaturus
3155 2789 3226 2842 sit
3269 2799 3454 2838 mimos
3478 2823 3494 2848 ,
3521 2780 3812 2836 declarat-it

2235 2895 2454 2952 Hessius
2483 2892 2566 2946 his
2593 2889 2769 2944 verbis
2798 2904 2811 2940 :
2844 2886 3119 2954 Resurgent
3144 2878 3327 2934 mortui
3350 2919 3365 2942 ,
3392 2885 3438 2930 et
3466 2871 3813 2927 excitabuntur

2234 2987 2322 3057 qui
2357 2987 2411 3039 in
2447 2981 2694 3052 sepulcris
2731 2988 2866 3034 sunt.
2897 2977 3002 3031 Ros
3027 2974 3159 3028 enim
3181 2973 3264 3041 qui
3292 2977 3395 3022 ate
3418 2966 3671 3021 medicina
3697 2965 3818 3034 ipsis

2239 3087 2309 3132 est
2338 3074 2542 3147 (Hesai.
2567 3072 2657 3127 26.
2682 3070 2792 3142 19).
2816 3069 3000 3137 Neque
3029 3067 3128 3119 hoc
3156 3074 3377 3125 tantum,
3409 3062 3502 3114 sed
3529 3057 3675 3128 quod
3704 3067 3816 3126 post

2240 3184 2452 3226 crucem
2477 3208 2494 3235 ,
2523 3175 2640 3236 post
2665 3164 2864 3218 cuidem
2890 3160 3142 3215 clariores
3172 3168 3256 3210 res
3290 3154 3406 3222 ejus
3447 3151 3642 3205 futurae
3681 3149 3779 3202 sint
3801 3190 3816 3207 ,

2241 3259 2490 3332 quodque
2526 3264 2648 3327 post
2691 3252 3136 3310 resurrectionem
3177 3246 3332 3300 latius
3376 3239 3714 3313 propaganda
3755 3241 3821 3290 sit

2247 3351 2550 3425 prmdicatio
2593 3346 2942 3422 (praedictum
2970 3340 3102 3411 est).
3130 3338 3262 3406 Quia
3299 3335 3438 3390 enim
3486 3333 3683 3402 ligatus
3711 3343 3782 3384 est
3804 3370 3819 3387 .

2245 3445 2486 3518 proditus
2529 3457 2561 3496 a
2597 3437 2858 3508 discipulo
2880 3477 2896 3502 ,
2927 3434 3097 3504 sputis
3123 3440 3177 3486 et
3204 3425 3538 3483 contumeliis
3573 3423 3821 3482 affectio,

2246 3538 2581 3597 verberatus,
2611 3529 2918 3592 crucifixus,
2951 3534 3006 3581 et
3032 3530 3289 3593 quantum
3318 3520 3370 3572 in
3401 3516 3504 3571 illis
3531 3514 3634 3569 fuit
3658 3529 3724 3567 ne
3754 3529 3827 3564 se-

2250 3632 2479 3702 pultura:
2502 3625 2716 3697 quidem
2742 3621 2966 3676 traditus
2985 3660 3000 3682 ,
3027 3629 3090 3671 ac
3117 3614 3427 3670 vestimenta
3468 3609 3590 3678 ejus
3633 3606 3827 3662 divise-

2251 3731 2376 3778 runt
2400 3719 2618 3781 milites,
2644 3714 2766 3785 quia
2794 3711 2846 3766 in
2875 3709 3231 3778 suspicionem
3263 3701 3558 3774 tyrannidis
3591 3707 3828 3758 vocatus,

2253 3823 2309 3870 et
2337 3811 2488 3882 quasi
2511 3806 2854 3877 blasphemus
2880 3801 3046 3865 obiit;
3075 3797 3256 3869 (quasi
3284 3805 3541 3865 tyrannus
3565 3789 3773 3844 scilicet
3796 3791 3832 3850 ),

2259 3905 2436 3960 Omnis
2477 3901 2608 3956 enim
2632 3940 2646 3963 ,
2683 3898 2767 3968 qui
2803 3912 2859 3950 se
2900 3909 3066 3963 regem
3101 3890 3223 3961 facit
3244 3928 3259 3954 ,
3308 3882 3612 3939 contradicit
3652 3880 3835 3934 Caesari

2257 3995 2440 4069 (Juan.
2465 3990 2702 4059 19.1%);
2725 3995 2936 4042 rursum
2961 3982 3135 4052 (quasi
3164 3972 3527 4045 hlaSphemus)
3554 3971 3696 4024 Ecce
3715 4012 3730 4035 ,
3757 3985 3836 4020 eos

2259 4061 2472 4142 audistis
2495 4079 2858 4153 blasphemiam
2884 4075 2996 4146 ejus
3021 4075 3040 4144 (
3065 4071 3248 4126 Matth.
3287 4067 3379 4120 26.
3408 4065 3477 4120 65
3505 4063 3556 4133 );
3582 4064 3732 4133 quia,
3757 4061 3833 4113 iu-

2261 4195 2457 4252 quam,
2500 4175 2618 4231 haec
2657 4170 2834 4227 omnia
2873 4175 3129 4223 eventura
3155 4171 3341 4222 erant,
3369 4156 3674 4211 auditorem
3707 4169 3839 4206 exm-

2264 4245 2404 4335 tans,
2432 4279 2488 4324 et
2508 4267 2574 4322 ad
2603 4263 2847 4319 fiduciam
2874 4268 3210 4330 praeparans;
3241 4267 3308 4306 ne
3334 4249 3574 4304 timueris
3593 4287 3611 4312 ,
3645 4245 3839 4315 inquit,

2268 4367 2457 4420 horum
2487 4373 2645 4416 causa
2673 4375 2687 4412 :
2718 4357 2861 4411 illius
2889 4351 3048 4414 enim,
3083 4347 3172 4419 qui
3194 4342 3498 4406 crucifixus,
3529 4339 3840 4409 flagellatns,

2267 4474 2296 4512 a
2329 4453 2626 4512 latronibus
2650 4445 2973 4506 contumelia
3013 4442 3233 4494 allectus
3255 4480 3270 4502 ,
3303 4437 3355 4491 in
3387 4432 3734 4502 blasphemia:
3759 4445 3840 4482 su.

2270 4549 2562 4622 spicionem
2583 4552 2803 4599 vocatus
2823 4537 3034 4594 occisus
3060 4543 3177 4600 est;
3206 4532 3368 4596 illius,
3392 4530 3630 4597 inquam,
3654 4537 3743 4578 res
3763 4521 3845 4576 tali

2271 4641 2576 4700 conditione
2599 4645 2720 4707 post
2743 4643 2969 4689 mortem
2991 4637 3046 4684 et
3064 4636 3182 4698 post
3206 4622 3658 4680 resurrectionem
3675 4625 3847 4677 erunt,

2276 4747 2334 4792 ut
2355 4745 2515 4789 nemo
2533 4727 2806 4801 negaverit
2833 4738 2956 4779 eum
2981 4721 3186 4776 honore
3215 4727 3408 4785 magno
3431 4711 3691 4780 repletum
3714 4723 3846 4762 esse.

2278 4827 2392 4883 lloc
2417 4823 2600 4893 utique
2630 4821 2707 4876 sic
2731 4816 2986 4886 contigit,
3017 4810 3159 4884 quod
3198 4808 3287 4864 diu
3326 4815 3451 4861 ante
3494 4802 3849 4874 pmnuntians

2281 4919 2536 4992 propheta
2565 4913 2775 4970 dicebat
2799 4929 2814 4965 :
2843 4909 2954 4963 Erit
2978 4907 3129 4962 radix
3149 4902 3341 4962 Jessce,
3371 4908 3415 4952 et
3434 4896 3521 4968 qui
3540 4903 3776 4964 exsurget
3804 4899 3849 4942 ut

2280 4985 2489 5084 imperet
2520 5008 2760 5064 Gentibus
2783 5019 2802 5059 :
2826 5005 2880 5057 in
2915 5003 3026 5071 ipso
3055 4997 3236 5052 Gentes
3261 4990 3561 5063 sperabunt,
3588 4995 3637 5038 et
3665 4985 3756 5038 erit
3781 4999 3853 5034 re-

2284 5074 2422 5175 quies
2447 5103 2556 5175 ejus
2585 5102 2745 5153 honor
2771 5096 2790 5165 (
2813 5092 2988 5147 Hesai.
3020 5090 3108 5144 11.
3138 5087 3204 5142 10
3225 5087 3278 5156 );
3306 5097 3369 5137 ac
3407 5081 3450 5134 si
3489 5079 3696 5133 diceret
3722 5093 3738 5128 :
3767 5074 3854 5128 hoc

2285 5208 2454 5266 genus
2482 5191 2670 5248 mortis
2697 5186 2999 5241 diademate
3043 5175 3406 5233 honorabilins
3433 5179 3535 5225 est.
3570 5168 3855 5238 lmperato»

2287 5304 2376 5346 res
2403 5287 2544 5343 enim
2575 5282 2747 5354 posito
2772 5278 3102 5338 diademate,
3133 5283 3343 5325 crucem
3375 5263 3695 5332 suscipiunt,
3727 5275 3854 5331 symo

2289 5383 2469 5438 bolum
2497 5376 2687 5434 mortis
2717 5373 2856 5428 illius
2880 5387 2894 5424 :
2923 5370 2976 5424 in
3009 5365 3238 5437 purpura
3267 5375 3394 5416 crux
3420 5399 3436 5424 ,
3478 5360 3532 5411 in
3569 5353 3854 5409 diademate

2291 5491 2442 5540 crux,
2475 5468 2806 5543 in.precibus
2826 5478 2977 5528 crux,
3001 5461 3053 5514 in
3075 5448 3245 5512 armis"
3261 5467 3412 5516 crux,
3437 5450 3488 5504 in
3511 5463 3664 5503 sacra
3694 5460 3855 5500 ineius

2293 5537 2442 5630 crux,
2467 5572 2522 5620 et
2545 5537 2739 5630 ubique
2765 5566 3025 5612 terrarum
3047 5563 3178 5605 crux
3205 5546 3321 5618 plus
3345 5557 3502 5614 quam
3526 5539 3601 5594 sol
3627 5537 3858 5605 refulget.

2297 5660 2364 5716 Et
2391 5660 2482 5714 erit
2509 5655 2696 5726 requies
2718 5652 2826 5718 ejus
2851 5649 3028 5702 honor.

2371 5754 2425 5807 9.
2457 5753 2524 5805 At
2553 5764 2658 5802 non
2686 5739 2988 5813 hujnsmodi
3016 5743 3141 5791 sunt
3165 5748 3253 5788 res
3275 5729 3542 5792 humanm,
3575 5729 3686 5781 imo
3711 5721 3764 5775 in
3791 5719 3863 5774 his

2307 5858 2491 5904 contra
2515 5854 2734 5916 prorsus
2755 5835 2965 5892 accidit.
2987 5829 3121 5886 Nam
3147 5823 3443 5882 viventibus
3464 5822 3530 5874 iis
3552 5861 3569 5885 ,
3595 5818 3687 5889 qui
3717 5814 3863 5883 gloria
