3920 6256
166 335 280 390 8ἳῖ

140 451 290 520 ὁμοῦ
334 449 427 502 καὶ
467 447 626 501 τοῦτο
661 447 857 514 δηλῶν.
907 447 999 499 καὶ
1054 447 1153 518 τὴν
1199 449 1263 499 ἐκ
1313 443 1755 515 παραζηλώσεως

141 531 530 602 γενησομένην
587 531 771 590 αὐτοῖς
822 528 1175 599 ὁπωσδήποτε
1224 527 1531 597 διόρθωσιν,
1566 529 1758 592 Παρα-

143 614 403 682 ζηλώσω
435 611 612 682 ὑμᾶς,
643 614 830 682 φησὶν,
873 611 968 664 ἐπ’
1007 612 1121 664 οὐκ
1163 611 1355 665 ἔθνει·
1400 609 1534 662 ὡσεὶ
1579 608 1753 677 ἔλεγε,

144 696 409 752 Τοσαῦτα
436 695 594 749 δώσω
615 695 800 758 αὐτοῖς
841 693 1042 762 ἀγαθά,
1072 693 1148 758 ῶς
1191 693 1337 764 ὑμᾶς
1363 691 1754 763 ζηλοτυπῆσαι,

144 781 227 844 ὡς
262 782 411 852 ὑμᾶς
449 779 736 850 δηχθῆναι.
779 778 950 832 Τοῦτο
985 777 1118 849 γοῦν
1146 777 1344 842 αὐτοὺς
1391 777 1487 830 καὶ
1515 774 1756 847 βελτίους

148 865 441 936 ἐποίησεν.
474 866 536 918 Οἱ
567 863 675 936 γὰρ
708 863 979 917 θάλατταν
1021 860 1369 934 σχιζομένην,
1411 860 1618 930 πέτρας
1657 860 1757 930 ρη-

147 951 453 1022 γνυμένας,
503 951 646 1019 ἀέρα
695 947 1188 1020 μεταϐαλλόμενον,
1243 948 1340 1000 καὶ
1376 944 1614 999 τοσαῦτα
1663 959 1755 996 τε·

147 1037 357 1106 ράστια
391 1033 723 1104 Θεωροῦντες
745 1071 760 1095 ,
807 1031 1006 1104 μᾶλλον
1038 1030 1097 1084 δέ
1133 1031 1184 1084 οί
1224 1029 1295 1084 τά
1331 1028 1539 1083 ἑαυτῶν
1588 1027 1754 1081 τέκνα

147 1119 398 1183 θύοντες,
436 1119 529 1172 καὶ
570 1117 650 1189 τῷ
693 1115 1015 1187 Βεελφεγὼρ
1046 1113 1384 1185 τελούμενοι,
1406 1113 1502 1167 καὶ
1537 1129 1753 1185 μαγγα-

146 1203 327 1266 νείαις
382 1202 604 1265 πολλαῖς
663 1201 1059 1272 προσσχόντες,
1110 1190 1278 1263 οῦτοι,
1326 1195 1514 1268 ἐπειδὴ
1583 1213 1752 1268 προσο

148 1287 393 1358 ήλθομεν
430 1289 610 1358 ἡμεῖς,
644 1286 740 1339 καὶ
775 1283 954 1355 πολλῷ
992 1283 1362 1355 προτιμότερα
1395 1280 1466 1334 τά
1507 1279 1752 1352 ήμέτερα

147 1373 381 1426 ἐκείνων
411 1371 656 1441 γέγονεν,
687 1369 860 1432 οὑτως
895 1368 1004 1422 ἀπὸ
1031 1369 1129 1438 τῆς
1165 1365 1497 1438 ζηλοτυπίας
1528 1364 1750 1436 ἐδήχθη-

149 1475 255 1511 σαν
291 1455 390 1510 καὶ
435 1454 678 1524 βελτίους
723 1454 974 1522 ἐγένοντο
1018 1453 1110 1505 καὶ
1155 1450 1578 1521 συνεστάλησαν,
1607 1448 1748 1502 ὥστε

145 1544 253 1595 ὅσα
309 1539 386 1611 μὴ
431 1537 802 1609 κατώρθωσαν
846 1535 1143 1608 προφητῶν
1193 1533 1482 1596 ἀκούοντες
1521 1534 1617 1586 καὶ⁹
1655 1549 1746 1585 τεο

149 1626 353 1694 ράστια
383 1621 536 1696 [568]
560 1621 870 1692 βλέποντες,
891 1619 1065 1672 ταῦτα
1093 1620 1158 1672 ἐκ
1185 1618 1284 1688 τῆς
1305 1616 1442 1688 πρὸς
1471 1617 1622 1686 ἡμᾶς
1650 1613 1747 1684 ζη-

146 1708 416 1772 λοτυπίας
449 1706 818 1776 κατορθῶσαι.
865 1704 1057 1766 Οὐδεὶς
1099 1701 1232 1771 γοῦν
1269 1700 1452 1756 αὐτῶν
1489 1700 1549 1754 ού
1584 1699 1748 1754 τέκνα

147 1791 355 1861 σφάζει
383 1789 502 1853 νῦν,
523 1790 624 1842 οὐκ
651 1787 890 1851 εἰδώλοις
912 1786 1261 1858 προστρέχει,
1283 1785 1345 1839 οὐ
1365 1784 1563 1856 μόσχον
1588 1798 1751 1854 προσ-

146 1878 328 1930 κυνεῖ.
361 1875 437 1928 Τὸ
460 1873 564 1944 τῆς
591 1871 889 1943 παρθενίας
913 1870 1110 1941 σεμνὸν
1133 1871 1227 1924 ἐπὶ
1251 1870 1349 1941 μέν
1375 1868 1474 1940 τῆς
1504 1868 1748 1933 Παλαιᾶς

141 1961 269 2014 οὐδὲ
303 1960 503 2032 μέχρις
539 1958 805 2028 ὀνόματος
856 1951 957 2026 ἦν·
999 1955 1092 2008 ἐπὶ
1131 1954 1191 2008 δὲ
1231 1954 1330 2025 τῆς
1374 1953 1580 2024 Καινῆς
1626 1954 1748 2006 ἐπεὶ

144 2044 348 2115 ἔμελλε
396 2042 745 2112 διαλάμπειν,
783 2041 886 2112 ὅρα
934 2039 1050 2103 πῶς
1089 2039 1183 2092 καὶ
1232 2037 1391 2091 τοῦτο
1423 2037 1680 2108 προλέγει
1718 2039 1747 2090 6

145 2127 316 2182 Δαυῖδ
353 2125 499 2181 οὑτω
534 2125 708 2194 λέγων
727 2141 740 2154 ·
787 2121 1332 2193 Ἀπενεχθὴσονται
1381 2121 1462 2187 τῷ
1495 2121 1753 2186 ,ϐασιλεῖ

146 2208 440 2280 παρθένοι
467 2210 664 2263 ὀπίσω
691 2206 905 2275 αὐτῆς,
932 2206 1305 2277 ἀχθήσονται
1335 2208 1424 2272 είς
1454 2207 1606 2259 ναὸν
1627 2206 1744 2270 ,βαι

145 2294 395 2362 σιλέως.
424 2293 564 2348 Ἀλλ’
589 2291 711 2346 οὐδὲ
731 2291 865 2345 αὐτὸ
892 2289 954 2343 τὸ
981 2289 1088 2342 τῶν
1119 2289 1303 2360 ἱερέων
1323 2290 1494 2359 ὄνομα
1518 2288 1747 2342 ἀπεσιώ-

147 2397 317 2450 πησε,
370 2378 435 2432 τὸ
485 2377 594 2431 τῶν
641 2375 956 2430 ἐπισκόπων
996 2373 1160 2442 λέγω.
1217 2371 1593 2439 Καταστήσω
1635 2376 1745 2442 γὰρ

148 2465 291 2530 τοὺς
324 2461 630 2532 ἄρχοντάς
662 2475 782 2513 σου
804 2459 874 2513 ἐν
893 2456 1125 2527 εἰρήνῃ,
1155 2459 1314 2529 φησι,
1334 2458 1435 2513 καὶ
1463 2459 1606 2526 τοὺς
1630 2460 1748 2513 ἐπι-

145 2551 438 2612 σκόπους
461 2562 580 2601 σου
601 2546 673 2599 ἐν
711 2543 1092 2611 δικαιοσύνῃ.

214 2639 542 2712 η’.·Ἐμελλε
555 2635 955 2709 παραγίνεσθαι
965 2634 1164 2689 καὶεύθ
1173 2634 1301 2698 ύνας
1311 2636 1560 2689 ἀπαιτεῖν
1570 2635 1630 2690 τὸ
1638 2636 1747 2691 τῶν

148 2725 461 2798 ἀνθρώπων
483 2723 660 2792 γένος,
691 2721 786 2775 καὶ
813 2721 951 2790 μετά
980 2720 1091 2773 τῶν
1113 2719 1288 2774 ἄλλων
1313 2721 1408 2774 κα)⁵
1435 2720 1742 2784 Ἰουδαίους.

153 2813 299 2882 Ὅρα
329 2808 451 2870 πῶς
477 2806 574 2860 καὶ
601 2805 736 2859 αὐτὸ
764 2804 1020 2875 προλέγει
1053 2803 1082 2856 6
1112 2819 1172 2856 τε
1207 2801 1391 2868 Δαυῒδ,
1414 2804 1444 2857 6
1470 2821 1528 2858 τε
1558 2805 1748 2858 Μαλα-

151 2895 278 2966 χίας
293 2911 308 2924 ·
336 2893 367 2944 6
400 2889 501 2961 μὲν
518 2887 662 2944 οὑτω
685 2887 860 2957 λέγων
880 2904 894 2918 ο
913 2887 1021 2940 Καὶ
1041 2885 1330 2954 εἰσῆλθεν
1347 2888 1428 2954 ὠς
1451 2888 1748 2958 χωνευτή-

147 2996 304 3048 ριον,
325 2977 409 3042 ὡς
428 2977 549 3028 πόα
567 2973 946 3036 πλυνόντων,
967 2971 1066 3024 καί
1096 2970 1464 3040 διακαθαριεῖ
1481 2971 1548 3026 τὸ
1570 2973 1748 3043 ἀργύ-

146 3079 285 3132 ριον
307 3060 420 3115 καὶ
431 3057 496 3112 τὸ
512 3056 790 3127 χρυσίον,
811 3055 1047 3126 συγγενῆ
1068 3056 1181 3118 τοῖς
1196 3053 1408 3108 Παύλου
1429 3053 1598 3109 είπὼν
1617 3055 1749 3128 γράο

155 3163 350 3215 90010;
369 3143 543 3206 οὓτως
561 3159 575 3173 ο
613 3141 682 3196 Ἠ
708 3142 818 3210 τὰρ
851 3139 1041 3210 ἡμέρα
1068 3139 1346 3207 δηλώσει,
1376 3139 1465 3194 ὅτι
1499 3140 1746 3208 ἐν⁹πυρί

153 3230 651 3286 ἀποκαλύπτεται
669 3244 682 3256 ·
712 3229 742 3280 ό
769 3225 825 3278 δὲ
843 3225 1027 3287 Δαυῒδ,
1053 3226 1105 3276 Ὁ
1129 3224 1274 3289 Θεὸς
1291 3223 1570 3294 ἐμφανῶς
1596 3225 1744 3294 ἣξει,

161 3316 323 3370 πάλιν
365 3313 464 3384 τὴν
490 3311 745 3382 δευτέραν
780 3309 946 3363 αὐτοῦ
995 3309 1295 3376 παρουσίαν
1330 3309 1742 3382 ἀνακηρύττων.

167 3403 232 3452 ἰι
271 3401 372 3470 μὲν
401 3396 512 3468 γάρ
545 3395 788 3468 προτέρα
818 3392 1018 3463 πολλὴν
1043 3388 1156 3463 εἶχε
1184 3393 1282 3464 τὴν
1306 3389 1743 3462 συγκατάϐασινο

156 3485 188 3552 ή
228 3483 287 3536 δὲ
330 3480 558 3550 δευτέρα
599 3478 696 3549 οὐχ
735 3476 929 3540 οὑτως,
969 3475 1105 3530 ἀλλά
1143 3475 1345 3547 φρίκης
1375 3476 1622 3548 γέμουσα
1647 3480 1747 3532 καὶ

157 3564 571 3635 καταπλήξεως,
623 3563 688 3615 ἐκ
737 3561 846 3612 τῶν
901 3559 1309 3630 προτρεχόντων
1349 3559 1618 3629 ἀγγέλων,
1647 3562 1749 3633 τῆς

157 3647 463 3719 παρουσίας
506 3642 668 3698 αὐτοῦ
712 3643 870 3713 δίκην
908 3643 1198 3714 ἀστραπῆς
1241 3643 1422 3698 πάντα
1475 3646 1749 3716 καταλαμ-

157 3732 452 3800 ϐανούσης.
482 3729 712 3795 Ὥσπερ
748 3728 858 3800 γάρ
893 3729 931 3795 η
963 3727 1265 3794 ἀστραπὴ,
1292 3730 1476 3797 φησὶν,
1507 3729 1746 3800 ἐξέρχε-

161 3835 248 3870 ται
270 3815 394 3872 ἀπὸ
427 3811 761 3876 ἀνατολῶν,
784 3811 884 3866 καὶ
914 3811 1186 3879 φαίνεται
1214 3810 1326 3875 ἕως
1349 3811 1619 3881 δυσμῶν,
1648 3814 1748 3866 οὔ·
1794 3833 1802 3838 -

161 3919 271 3967 τως
316 3899 492 3953 ἔσται
533 3897 572 3964 ἠ
603 3895 905 3965 παρουσία
945 3894 1052 3947 τού
1093 3893 1228 3948 Υίοῦ
1255 3894 1364 3948 τοῦ
1391 3895 1710 3964 ἀνθρώπου
1729 3915 1744 3928 ·

157 3987 218 4040 τὸ
248 3981 549 4055 περιφανὲς
576 3980 751 4052 ταύτῃ
779 3978 976 4048 δηλῶν,
999 3976 1061 4031 τὸ
1100 3978 1497 4048 αύτοάγγελτον
1513 3997 1526 4011 ·
1550 3981 1612 4034 ού
1638 3981 1748 4055 γὰρ

156 4069 334 4124 δεῖται
369 4063 466 4119 τοῦ
509 4062 860 4139 κηρύξοντος,
911 4062 1027 4117 ἀλλ’
1067 4062 1207 4133 αὑτὴ
1243 4062 1442 4136 ἑαυτὴν
1482 4063 1746 4122 δείκνυσι.

160 4150 333 4206 Τδῦτο
361 4149 540 4204 τοίνυν
565 4147 660 4200 καὶ
690 4146 719 4199 6
749 4146 911 4199 Δαυῖδ
947 4146 1226 4218 ἐμφαίνων
1257 4145 1474 4217 ἔλεγεν·
1519 4149 1575 4202 Ὁ
1605 4152 1750 4219 Θεὸς

157 4231 443 4306 ἐμφανῶς
496 4230 651 4297 ἣξει.
701 4225 834 4283 Εἶτα
885 4232 981 4284 καὶ
1019 4229 1082 4283 τὸ
1112 4229 1462 4303 δικαστήριον
1507 4231 1751 4307 ὑπογρά-

159 4340 276 4392 φων
300 4320 366 4372 τὸ
397 4315 610 4389 μέλλον,
645 4313 842 4382 ἐπάγει
873 4317 966 4395 καὶ
1001 4313 1177 4382 λέγει’
1207 4314 1335 4384 Πῦρ
1361 4317 1620 4374 ἐνώπιον
1645 4323 1752 4375 αὐ-

159 4404 266 4461 τοῦ
287 4399 683 4466 καυθήσεται,
713 4397 812 4451 καί
845 4398 1047 4463 κύκλῳ
1077 4399 1265 4452 αὑτοῦ
1300 4400 1569 4472 καταιτὶς
1595 4417 1750 4474 σφο-

157 4489 293 4560 δρά.
339 4481 476 4540 Εἷπε
521 4485 622 4547 τὰς
660 4482 965 4554 τιμωρίας,
1007 4481 1156 4550 λέγει
1209 4485 1304 4538 καὶ
1346 4485 1408 4538 τὸ
1461 4485 1747 4560 λαμπρόνο

157 4568 654 4640 Προσκαλέσειαι
693 4566 800 4620 τὸν
840 4565 1102 4634 οὐρανὸν
1143 4567 1285 4633 ἀνω,
1331 4567 1431 4622 καὶ
1471 4570 1591 4638 τὴν
1630 4571 1751 4640 γῆν

155 4656 267 4710 τοῦ
295 4651 597 4718 διακρῖναι
625 4649 733 4703 τὸν
760 4648 918 4703 λαὸν
939 4649 1146 4715 αὐτοῦ,
1170 4651 1272 4722 γῆν
1302 4651 1534 4707 ἐνταῦθα
1569 4655 1631 4708 τὸ
1652 4656 1748 4724 γέ-

156 4759 248 4804 νος
298 4738 412 4792 τῶν
458 4734 763 4806 ἀνθρώπιον
795 4733 990 4802 λέγων.
1036 4731 1167 4787 Εἶτα
1215 4736 1354 4806 μετά
1405 4737 1500 4792 τοῦ
1549 4741 1750 4805 παντὸς

155 4826 355 4894 γένους
394 4820 492 4875 καὶ
529 4819 593 4873 τὸ
624 4817 911 4872 Ἰουδαϊκὸν
937 4817 1185 4890 ἀριθμῶν
1220 4821 1380 4892 (πρὸς
1410 4821 1519 4893 γὰρ
1551 4823 1749 4889 αὐτοὺς

156 4909 254 4962 καὶ
282 4902 674 4973 ἀποτείνεται),
703 4901 866 4956 πάλιν
903 4902 1097 4972 ἐπάγει
1141 4902 1341 4972 λέγων·
1374 4906 1750 4976 Συναγάγετε

153 4989 322 5056 αὑτῷ
349 4988 493 5055 τοὺς
520 4989 731 5053 ὁσίους
749 4987 956 5052 αὑτοῦ,
995 4986 1138 5052 τοὺς
1169 4985 1610 5057 διατιθεμένους
1633 4990 1750 5058 τὴν

155 5073 460 5140 διαθήκην
489 5069 679 5125 αὑτοῦ
717 5069 817 5123 ἐπὶ
859 5071 1128 5135 θυσίαις·
1168 5070 1266 5124 καὶ
1306 5070 1750 5141 ἀνατγελοῦσιν

154 5164 212 5215 οι
235 5156 485 5227 οὐρανοί
505 5155 621 5223 τὴν
648 5154 1047 5222 δικαιοσύνην
1065 5153 1272 5219 αὐτοῦ,
1296 5155 1384 5209 ὅτι
1403 5159 1442 5212 ό
1467 5157 1612 5224 Θεὸς
1636 5175 1749 5228 κρι.

154 5245 269 5312 τής
297 5245 492 5298 ἐστιν.
527 5239 761 5312 Ἔμελλε
807 5240 1246 5311 παραγενόμενος
1288 5240 1386 5312 τήν
1423 5240 1511 5295 διά
1549 5241 1748 5299 θυσιῶν

152 5329 418 5400 λατρείαν
466 5325 779 5390 ἐκϐάλλειν,
822 5325 916 5380 καὶ
963 5323 1039 5395 μὴ
1085 5324 1402 5396 προσίεσθαι
1453 5337 1502 5388 ι,
1544 5327 1748 5401 ταύτην

155 5419 214 5472 δὲ
254 5414 359 5484 τὴν
399 5411 678 5482 ἡμετέραν
711 5409 979 5480 δέχεσθαι.
1017 5409 1283 5464 Ἀκουσον
1323 5409 1444 5475 πῶς
1483 5413 1578 5466 καὶ
1620 5415 1748 5485 περὶ

151 5498 367 5551 τούτων
421 5495 888 5568 προανεφωνήθη·
953 5496 1185 5549 Θυσίαν
1231 5497 1333 5551 καί
1394 5501 1749 5568 προσφορὰν

151 5585 270 5638 οὐκ
309 5581 641 5649 ἠθέλησας,
690 5578 861 5649 σῶμα
906 5579 974 5634 δὲ
1021 5583 1356 5650 κατηρτίσω
1394 5603 1516 5654 μοι.
1547 5589 1612 5639 "U
1655 5588 1748 5641 καὶ

149 5666 396 5739 ἀλλαχοῦ
431 5666 607 5736 δηλῶν
638 5664 791 5734 ἔλεγε
815 5681 830 5696 ο
872 5664 1050 5731 Λαὸς,
1080 5665 1154 5719 ὸν
1189 5669 1300 5720 οὐκ
1341 5667 1553 5737 ἔγνων,
1579 5669 1748 5725 ἐδού-

149 5753 348 5808 λευσέ
366 5769 493 5822 μοι,
519 5752 606 5816 είς
637 5749 832 5819 ἀκοὴν
863 5749 1040 5805 ὠτίου
1071 5748 1386 5817 ὑπήκουσέ
1409 5771 1562 5822 μου·
1591 5773 1746 5812 τουτ-

123 5867 134 5879 ’
212 5866 232 5892 ⁸
251 5862 492 5920 Cain-:01
517 5866 582 5927 μή
608 5863 900 5928 προσίεσθαι.
926 5863 1077 5914 Savil.
1101 5865 1181 5912 καὶ
1203 5866 1467 5929 προίεσθαι.

750 330 1035 386 comm
1071 289 1372 385 ιυοάῖοε
1413 327 1500 384 ετ
1535 327 1746 384 eam:

1852 327 1903 390 5,
1941 327 2134 392 QUOD
2173 327 2520 385 CHRISTUS
2563 329 2670 386 Sl'l‘
2706 331 2908 389 DEUS.

3333 338 3438 394 824

1866 441 2034 508 ἐστιν,
2064 443 2125 496 οὐ
2171 442 2436 507 θάλατταν
2457 446 2600 516 ὁρῶν
2640 446 2984 521 σχιζομένην,
3014 451 3074 504 οὐ
3106 449 3311 524 πέτρας
3341 456 3433 526 ῥη.

1859 528 2156 596 γνυμένας,
2190 528 2304 582 ἀλλ’
2339 529 2574 593 ἀκούσας
2618 532 2725 586 τῶν
2764 533 3077 589 ἀποστόλων
3116 535 3224 590 τῶν
3267 538 3438 609 ἐμῶν.

1859 611 1970 664 Καὶ
1999 610 2232 666 ἐνταῦθα
2259 611 2440 677 πάλιν,
2466 612 2640 683 Σῶμα
2659 614 2728 668 δὲ
2753 619 3086 685 κατηρτίσω
3109 638 3231 688 μοι.
3256 622 3442 676 Εἰπὼν

1856 691 1913 745 δὲ
1937 693 2114 758 τοῦτο,
2135 694 2215 748 ἔτι
2245 696 2567 768 προστίθησι
2584 698 2677 750 καὶ
2692 698 2840 768 λέγει
2855 718 2868 731 ο
2901 700 3041 756 Τότε
3063 699 3256 768 εἷπον,
3297 699 3442 759 Ἰδοὺ

1858 775 1983 842 ἥκω
2003 793 2017 807 ο
2049 779 2121 831 ὲν
2151 779 2427 848 κεφαλίδι
2456 781 2700 844 βιϐλίου
2744 785 3059 854 γέγραπται
3104 787 3236 855 περὶ
3272 789 3439 857 ἐμοῦ.

1855 858 1960 943 ᾼύο
1989 858 2100 932 γὰρ
2127 860 2191 933 δὴ
2219 861 2390 916 ταῦτα
2432 865 2678 918 ἐντεῦθεν
2724 865 2998 937 δηλοῦται,
3041 870 3136 923 καὶ
3173 871 3254 922 ὅτι
3301 889 3413 943 παρ

1855 940 2027 1007 ἐσται,
2079 945 2173 998 καὶ
2211 945 2293 998 ὅτι
2341 955 2483 1008 τότε,
2517 949 2647 1002 ὅταν
2698 949 3033 1021 ἐκϐληθῶσιν
3071 955 3124 1006 αἱ
3165 940 3440 1011 θυσίαιοὸ

1855 1026 1948 1110 καί
1975 1026 2168 1096 γέγονε
2207 1029 2303 1100 τῆς
2342 1030 2515 1102 ἀρχῆς
2547 1034 2965 1106 μεταπεσούσης
3011 1035 3111 1106 τῆς
3144 1037 3438 1110 Ἰουδαϊκῆς

1854 1109 1948 1163 ἐπὶ
1980 1111 2078 1182 τὴν
2111 1113 2444 1185 Ῥωμαϊκήν.
2473 1113 2723 1187 Εῦρομεν
2747 1118 2804 1170 δὲ
2834 1119 3042 1172 καὶτὸν
3073 1120 3285 1192 Βαροὺχ
3313 1109 3440 1193 περὶ
3539 1169 3543 1173 .

1850 1195 1952 1264 της
1977 1196 2278 1266 παρουσίας
2306 1195 2470 1250 αὑτοῦ
2503 1197 2729 1266 λέγοντα
2755 1201 2956 1266 οὕτως’
3007 1204 3138 1257 Ἐπὶ
3184 1203 3288 1272 τῆς
3331 1204 3439 1274 γῆς

1851 1277 2039 1347 ὤφθη,
2076 1279 2175 1332 καί
2223 1280 2348 1347 τοῖς
2375 1281 2708 1350 ἀνθρώποις
2748 1286 3239 1357 συνανεστρὰφη.
3277 1288 3438 1356 Λέγει

1849 1361 1907 1413 δὲ
1932 1362 2027 1415 καὶ
2053 1364 2082 1416 6
2109 1364 2369 1434 Μωΰσῆς,
2401 1366 2724 1434 Προφήτην
2747 1367 2892 1435 ὑμῖν
2918 1367 3067 1440 [569]
3103 1370 3437 1436 ἀναστήσει

1849 1445 2066 1512 Κύριος
2095 1449 2128 1500 ό
2161 1447 2302 1513 Θεὸς
2326 1449 2395 1501 ἐκ
2423 1449 2542 1502 τῶν
2560 1450 2836 1519 ἀδελφῶν
2865 1455 3032 1521 ὺμων
3055 1454 3131 1520 ὡς
3159 1453 3262 1523 ἐμέ
3284 1470 3297 1483 ⁸
3329 1458 3430 1508 αὺ-

1851 1529 1960 1584 τοῦ
2009 1531 2348 1587 ἀκούσεσθε
2393 1533 2546 1588 κατὰ
2601 1533 2820 1589 πάντα.
2871 1536 2982 1590 Καὶ
3027 1537 3219 1600 ἔσται,
3271 1539 3439 1592 πᾶσα

1851 1613 2048 1682 ψυχὴ,
2091 1614 2222 1682 ἥτις
2254 1619 2366 1671 οὐκ
2412 1616 2617 1672 ἀκούει
2670 1619 2777 1674 τοῦ
2821 1619 3134 1689 προφήτου
3179 1621 3436 1681 ἐκείνου,

1850 1696 2425 1767 ἐξολοθρευθήσεται
2452 1702 2521 1755 ἐκ
2553 1701 2660 1756 τοῦ
2677 1701 2832 1758 λαοῦ
2853 1703 3064 1772 αὐτῆς.
3097 1705 3257 1776 Ὁρᾷς
3281 1705 3439 1760 τοῦτο

1850 1781 1936 1833 ἐπ’
1965 1781 2179 1846 οὐδενὸς
2204 1784 2489 1856 συμϐἀν,ἢ
2521 1786 2606 1838 ἐπ’
2626 1785 2788 1839 αὐτοῦ
2815 1786 3010 1856 μόνους
3036 1787 3144 1842 Καὶ
3173 1789 3281 1861 γὰρ
3311 1790 3438 1842 πολ-

1850 1862 1931 1915 λοὶ
1963 1865 2241 1936 προφῆται
2291 1868 2613 1940 ἀνέστησαν,
2670 1870 2765 1924 καὶ
2800 1871 3018 1924 πάντων
3060 1873 3432 1944 παρήκουσαν,

1850 1948 1964 2002 ἀλλ’
2009 1951 2160 2003 οὐδὲν
2223 1951 2456 2005 ἔπαθον⁸
2522 1952 2714 2007 τούτου
2769 1954 2826 2008 δὲ
2885 1955 3334 2026 παρακούσαντες
3389 1960 3437 2010 οί

1865 2030 2134 2097 Ἰουδαῖοι,
2175 2034 2370 2105 ἀλῆται
2419 2039 2513 2090 καὶ
2547 2037 2849 2107 πλάνητες,
2892 2039 3127 2108 φυγάδες
3169 2041 3265 2094 καὶ
3311 2057 3437 2112 μετ-

1851 2117 2078 2171 ανάσται
2096 2119 2475 2190 περιέρχονται
2505 2120 2802 2190 πανταχοῦ.
2840 2122 2980 2194 Ὅρα
3004 2123 3132 2195 γάρ’
3165 2123 3438 2188 πολιτείας

1849 2199 2306 2272 ήλλοτριώθησαν,
2331 2202 2468 2256 ἐθῶν
2498 2205 2768 2276 πατρῴων
2801 2207 2892 2258 καὶ
2924 2206 3128 2276 νόμων,
3160 2209 3217 2260 ἐν
3247 2209 3439 2278 ἀτιμία

1851 2285 1946 2336 καὶ
1991 2283 2221 2356 αἰσχύνῃ
2270 2286 2362 2339 καὶ
2412 2287 2631 2341 κολάσει
2679 2289 2774 2342 καὶ
2822 2291 3085 2362 τιμωρίᾳ.
3127 2294 3194 2345 Ἀ
3239 2291 3296 2346 δὲ
3347 2294 3438 2345 ἐπὶ

1851 2367 2263 2422 Οὐεσπασιανοῦ
2312 2370 2407 2424 καὶ
2454 2371 2614 2424 Τίτου
2665 2372 3035 2438 πεπόνθασιν,
3091 2375 3211 2428 οὐδὲ
3267 2379 3437 2429 εἰπεῖν

1849 2448 1964 2502 ἔνι’
2015 2450 2159 2504 οῦτω
2219 2455 2396 2507 πᾶσαν
2449 2454 2735 2527 συμφορὰν
2787 2457 3032 2528 ὑπερέϐη
3082 2462 3114 2530 ή
3166 2462 3439 2532 τραγῳδία

1849 2532 2057 2606 ἐκείνη,
2089 2534 2182 2589 καὶ
2215 2537 2277 2590 τὸ
2311 2538 2645 2608 προφητικὸν
2687 2538 3019 2610 ἐπληροῦτο·
3064 2542 3145 2595 δτι
3192 2543 3336 2608 Πᾶς,
3372 2545 3438 2610 ὃς

1850 2615 1928 2670 ἂν
1941 2617 2029 2686 μὴ
2060 2619 2294 2688 ἀκούσῃ
2327 2620 2433 2674 τοῦ
2471 2620 2782 2690 προφήτου
2807 2623 3064 2688 ἐκείνου,
3093 2626 3438 2694 ἐξολοθρευ-

1850 2701 2121 2768 θήσεται.
2154 2702 2256 2756 Διά
2282 2719 2362 2755 τοι
2392 2702 2550 2757 τοῦτο
2568 2703 2637 2758 τὰ
2667 2705 2892 2761 ἐκείνων
2916 2709 3226 2779 ἠρήμωται,
3252 2710 3437 2782 ἐπειδὴ

1850 2783 1943 2836 τοῦ
1987 2786 2269 2856 προφήτου
2309 2788 2663 2858 παρήκουσαν
2696 2789 2927 2844 ἐκείνου.
2971 2792 3094 2844 ’Ότι
3145 2793 3436 2863 ἀναστήσει

1850 2869 2080 2936 πάντας,
2123 2871 2217 2923 καὶ
2257 2872 2414 2924 τοῦτο
2454 2872 2722 2944 ἐδήλωσεν
2761 2874 2988 2940 Ἡσαΐας
3026 2875 3225 2930 εἰπών’
3273 2879 3440 2932 Ἀνα-

1851 2953 2259 3022 στήσονταιοὶ
2302 2957 2501 3024 νεκροί
2535 2957 2632 3010 καί
2662 2958 3085 3027 ἐγερθήσονται
3120 2963 3173 3014 οί
3203 2961 3272 3014 ἐν
3314 2963 3439 3030 τοῖς

1844 3037 2176 3106 μνημείοις.
2209 3038 2269 3092 Ἡ
2296 3037 2404 3108 γὰρ
2434 3040 2656 3109 δρόσος
2681 3043 2718 3110 ἠ
2748 3042 2908 3109 παρὰ
2933 3043 3050 3098 σοῦ
3077 3044 3219 3112 ἴαμα
3235 3046 3439 3112 αὐτοῖς

1848 3119 2038 3176 ἐστιν.
2081 3122 2156 3174 Οὐ
2189 3121 2350 3191 μόνον
2386 3121 2442 3176 δὲ
2494 3123 2690 3188 ταῦτα,
2731 3125 2846 3179 ἀλλ’
2895 3127 2977 3180 ὅτι
3019 3127 3113 3181 καὶ
3164 3129 3301 3199 μετά
3347 3131 3438 3183 τὸν

1851 3204 2104 3274 σταυρὸν,
2158 3207 2296 3276 μετά
2357 3206 2455 3279 τὴν
2506 3209 2722 3280 σφαγὴν
2767 3209 3125 3284 λαμπρότερα
3170 3214 3321 3268 ἔσται
3374 3215 3439 3274 τὰ

1849 3287 1971 3341 κατ’
1997 3289 2184 3354 αὑτὸν,
2209 3289 2291 3342 ὅτι
2331 3291 2468 3360 μετά
2493 3293 2594 3362 τὴν
2631 3293 2925 3347 ἀνάστασιν
2957 3295 3156 3366 μᾶλλον
3185 3297 3438 3352 ἐπιδώσει

1848 3371 1910 3425 τὸ
1935 3373 2216 3444 κήρυγμα.
2251 3375 2468 3447 Ἐπειδὴ
2499 3376 2609 3448 γὰρ
2632 3377 2809 3449 ἐδέθη,
2838 3379 3100 3451 προεδόθη
3132 3381 3236 3434 ὑπὸ
3266 3383 3440 3454 μαθη-

1848 3455 1965 3519 τοῦ,
2005 3457 2348 3529 ἐνεπτύσθη,
2395 3459 2732 3532 ἐλοιδορήθη,
2785 3461 3162 3534 ἐμαστιγώθη,
3215 3467 3439 3520 ἀνεσκο-

1849 3538 2102 3612 λοπίσθη,
2145 3541 2253 3593 οὐδ’
2304 3543 2384 3605 εἰς
2422 3542 2613 3611 τάφον,
2656 3544 2716 3596 τό
2764 3561 2828 3612 γε
2867 3547 2947 3609 είς
2991 3549 3231 3613 ἐκείνους
3278 3547 3433 3620 ἦκον,

1850 3623 2056 3695 ήξιώθη
2097 3625 2342 3696 τεθῆναι.
2388 3626 2455 3679 τά
2513 3628 2703 3698 ἱμάτια
2749 3629 2914 3683 αὐτοῦ
2965 3630 3340 3704 διεμερίσαντο
3388 3637 3438 3690 οι

1852 3708 2206 3780 στρατιῶται,
2253 3711 2348 3763 ἐπὶ⁵
2387 3712 2592 3784 ὑποψίᾳ
2624 3714 2936 3785 τυραννίδος
2962 3714 3050 3769 τὸν
3079 3715 3190 3786 βίον
3219 3720 3440 3772 κατέλυ-

1853 3811 1966 3858 σεν,
1999 3793 2075 3857 ὡς
2105 3793 2444 3866 βλάσφημος,
2473 3796 2549 3859 ὼς
2571 3797 2834 3869 τύραννος
2854 3810 2867 3828 ⁸
2895 3799 3020 3866 Πᾶς
3046 3799 3159 3870 γὰρ
3189 3805 3222 3857 ό
3252 3803 3438 3858 ποιῶν

1851 3879 2092 3944 ἑαυτὸν,
2140 3881 2296 3951 φησὶ,
2334 3880 2632 3946 βασιλέα,
2687 3881 2981 3953 ἀντιλέγει
3028 3883 3109 3950 τῷ
3149 3886 3436 3958 Καίσαριο

1851 3964 1946 4018 x01
1980 3962 2163 4030 πάλιν,
2198 3965 2331 4025 Ἴδε.
2357 3963 2528 4033 ὑμεῖς
2559 3966 2865 4033 ἠκούσατε
2899 3967 3014 4038 τὴν
3034 3970 3439 4042 βλασφημίαν

1851 4047 2041 4102 αὑτοῦ
2059 4065 2073 4079 ο
2115 4047 2239 4101 ἐπεὶ
2265 4047 2442 4102 τοίνυν
2467 4049 2641 4103 ταῦτα
2675 4050 2852 4105 πάντα
2880 4052 3071 4124 ἔμελλε
3096 4055 3436 4127 συμϐαίνειν,

1851 4129 2133 4201 διεγείρων
2156 4130 2247 4184 τὸν
2275 4129 2552 4204 ἀκροατήν
2585 4135 2679 4187 καὶ
2712 4134 2936 4207 θαρρεῖν
2978 4140 3435 4209 παρασκευάζων,

1857 4214 1932 4287 μὴ
1962 4215 2227 4288 φοϐηθῇς,
2262 4216 2414 4288 φησὶ,
2447 4216 2653 4272 τούτων
2692 4218 2885 4274 ἕνεκα·
2925 4220 3020 4274 τοῦ
3053 4221 3164 4294 γάρ
3195 4240 3438 4297 σταυρω-

1855 4299 2059 4366 θέντος,
2087 4301 2180 4354 τοῦ
2213 4301 2668 4372 μαστιγωθέντος,
2700 4303 2796 4357 τοῦ
2825 4305 2929 4358 ὑπὸ
2964 4305 3176 4380 λῃστῶν
3205 4307 3438 4382 λοιδορηο

1852 4383 2058 4449 θέντος,
2087 4384 2183 4437 τοῦ
2221 4386 2314 4438 ἐπὶ
2351 4384 2620 4457 ὑπολήψει
2673 4387 3025 4460 βλασφημίας
3059 4390 3436 4461 ἀναιρεθέντος

1849 4467 2076 4522 τοιαῦτα
2105 4467 2258 4521 ἔσται
2281 4467 2350 4521 τὰ
2377 4469 2679 4540 πράγματα
2711 4473 2848 4543 μετά
2872 4472 2970 4545 τήν
2996 4473 3271 4547 τελευτὴν,
3299 4477 3434 4546 μετά

1850 4552 1948 4623 τὴν
1972 4553 2290 4616 ἀνάστασιν,
2318 4553 2395 4617 ὡς
2435 4555 2639 4625 μηδένα
2681 4558 2976 4623 ἀντειπεῖν,
3022 4559 3102 4613 ὅτι
3142 4561 3202 4613 οὐ
3236 4561 3433 4633 πολλῆς

1852 4637 2233 4707 ἐμπέπλησται
2271 4638 2369 4709 τῆς
2415 4641 2600 4710 τιμῆς.
2647 4642 2820 4697 Τοῦτο
2877 4645 3010 4714 γοῦν
3057 4647 3151 4700 καὶ
3196 4648 3430 4716 ἐγένετο.

1853 4721 2031 4792 Ὅπερ
2077 4721 2140 4792 δή
2184 4721 2280 4784 καὶ
2324 4722 2606 4794 πόρρωθεν
2647 4730 3053 4798 προαναφωνῶν
3091 4733 3119 4784 6
3151 4734 3434 4802 προφήτης

1852 4803 2063 4872 ἔλεγεν·
2098 4806 2310 4859 Ἔσται
2353 4807 2393 4873 ὴ
2417 4804 2549 4873 ,οι-’ζα
2572 4807 2680 4862 τοῦ
2707 4811 2949 4875 Ἰεσσαί,
2989 4813 3086 4866 καὶ
3117 4816 3151 4867 ό
3187 4814 3428 4867 ἀνιστά-

1847 4905 2032 4957 μενος
2053 4889 2260 4958 ἇρχειν
2278 4889 2471 4946 ἐθνῶν
2489 4909 2503 4924 ο
2535 4893 2628 4946 ἐπ’
2655 4893 2817 4960 αὐτῷ
2839 4895 2983 4965 ἔθνη
3012 4897 3306 4962 ἐλπιοῦοι,
3336 4900 3428 4951 καί

1850 4972 2022 5026 ἔσται
2044 4973 2082 5040 ἠ
2109 4971 2454 5039 ἀνάπαυσις
2479 4976 2668 5030 αὐτοῦ
2697 4977 2854 5046 τιμή.
2883 4979 3028 5033 Ὠσεὶ
3045 4979 3261 5046 ,ἔλεγεν-
3292 4979 3433 5035 Αὐτὸ

1849 5056 1912 5108 τὸ
1950 5051 2088 5120 είδος
2127 5057 2226 5127 τῆς
2258 5058 2514 5131 τελευτῆς
2557 5060 2888 5133 διαδήματός
2928 5063 3044 5116 ἐστι
3090 5061 3427 5134 τιμιώτερον.

1851 5140 1914 5193 Οί
1948 5139 2078 5208 γοῦν
2109 5139 2346 5210 βασιλεῖς
2381 5141 2687 5214 διαδήματα
2724 5145 3127 5216 ἀποτιθέμενοι,
3162 5144 3253 5198 τὸν
3280 5162 3431 5200 σταυ-

1853 5222 1946 5293 ρὸν
1967 5223 2426 5291 ἀναλαμϐάνουσι,
2455 5227 2516 5280 τὸ
2543 5227 2810 5299 σύμϐολον
2840 5228 3006 5283 αὐτοῦ
3032 5230 3133 5301 τῆς
3153 5229 3424 5301 τελευτῆςι

1848 5309 1908 5360 ἐν
1953 5309 2252 5382 πορφυρίσι
2293 5311 2540 5382 σταυρὸς.
2586 5313 2646 5365 ἐν
2688 5311 2982 5384 διαδήμασι
3043 5312 3294 5385 σταυρὸς,
3338 5317 3432 5372 ἐπὶ

1849 5392 2024 5476 εὐχῶν
2054 5395 2307 5466 σταυρὸς,
2340 5396 2432 5448 ἐπὶ
2470 5396 2649 5450 ὃπλων
2677 5401 2925 5470 σταυρὸς,
2966 5400 3061 5453 ἐπὶ
3100 5399 3198 5470 τῆς
3229 5408 3433 5476 τραπέ-

1849 5475 1950 5548 ζης
1975 5478 2073 5547 τῆς
2100 5481 2251 5549 ίερᾶς
2276 5480 2526 5551 σταυρὸς,
2551 5481 2645 5534 καὶ
2678 5482 2954 5553 πανταχοῦ
2979 5484 3080 5554 τῆς
3108 5475 3432 5554 οδιουμέντς

1848 5562 1877 5614 6
1909 5561 2136 5632 σταυρὸς
2172 5563 2309 5633 ὑπὲρ
2351 5564 2441 5616 τὸν
2476 5563 2627 5634 ήλιον
2658 5565 2973 5638 διαλάμπει.
3026 5568 3136 5622 Καὶ
3184 5569 3355 5623 ἔσται
3391 5570 3428 5635 ἡ

1847 5643 2193 5712 ἀνάπαυσις
2220 5647 2408 5700 αὑτοῦ
2447 5648 2606 5718 τιμή.

1921 5781 1990 5837 θ’.
2007 5781 2146 5834 Ἀλλ’
2177 5781 2240 5834 ού
2269 5781 2338 5834 τὰ
2365 5783 2680 5854 ἀνθρώπινα
2700 5785 2942 5851 τοιαῦτα,
2965 5788 3081 5842 ἀλλ’
3103 5789 3427 5851 ἀπεναντίας

1854 5866 2008 5922 εἴωθε
2033 5865 2298 5934 γίνεσθαι.
2332 5866 2558 5923 Ζώντων
2594 5872 2692 5942 μὲν
2715 5871 2820 5942 γὰρ
2851 5874 2956 5926 τῶν
2983 5873 3425 5945 εὐδοκιμούντων,
