3832 6300
65 462 154 518 8°25
599 455 868 511 CONTRA
903 452 1183 510 ΗΠ)Δίυὸ
1220 450 1306 508 ΕΤ
1345 448 1703 510 GENTILES.
1744 449 1927 516 QUOD
1964 452 2298 512 CHRISTUS
2336 455 2442 511 SIT
2479 457 2674 515 DBUS.

66 584 300 637 l‘runutur,
326 587 410 626 res
431 586 612 625 eorum
636 571 860 636 ﬁerent;
886 570 948 624 iis
969 584 1097 624 vero
1120 567 1363 632 mortuis,
1388 578 1610 637 pereunt

66 684 110 726 et
135 669 312 721 omnia.
336 665 487 732 Quod
510 681 616 718 non
646 664 699 719 in
723 663 885 718 divite
905 703 919 728 ,
951 678 1125 733 neque
1150 663 1202 718 in
1230 662 1470 732 principe
1498 670 1613 716 tan-

67 777 180 826 tum,
201 760 286 815 sed
316 760 370 813 in
400 762 513 828 ipso
541 757 865 827 lmperatore
887 756 1296 812 animadvertas.
1323 756 1530 811 Etenim
1559 764 1613 811 et

66 858 188 924 leges
226 866 407 906 eorum
450 851 794 920 abrogantur,
834 858 889 904 et
929 849 1182 919 imagines
1223 849 1610 918 obscurantur,

65 941 295 997 memoria
335 955 520 995 eorum
549 939 929 1009 exstinguitur,
957 955 1149 994 nomen
1196 940 1250 994 in
1289 939 1610 996 oblivionem

63 1037 206 1098 venit,
233 1034 451 1088 clientes
472 1034 834 1103 despiciuntur
858 1051 870 1086 :
898 1034 1108 1088 illorum
1128 1034 1332 1089 scilicet
1355 1034 1442 1104 qui
1469 1035 1614 1104 prius

62 1143 190 1182 arma
219 1135 511 1192 moverant,
539 1125 626 1195 qui
658 1135 785 1179 nutu
813 1125 930 1179 solo
955 1125 1177 1194 pepulos
1197 1167 1210 1188 ,
1240 1125 1400 1180 urbes
1424 1140 1614 1194 reSque

62 1219 278 1289 publicas
299 1225 649 1283 mutaverant,
675 1217 863 1286 quibus
885 1215 1074 1271 licebat
1097 1225 1150 1271 et
1173 1217 1438 1283 occidere,
1469 1225 1523 1271 et
1547 1217 1612 1271 ad

60 1311 352 1381 supplicium
390 1310 576 1363 ductos
620 1324 651 1363 a
699 1317 868 1362 morte
915 1308 1160 1364 liberare.
1206 1310 1456 1364 Attamen
1502 1308 1616 1364 hinc

57 1406 218 1459 onniia
264 1411 517 1473 pereunt,
558 1402 678 1457 licet
723 1412 879 1457 antea
922 1402 1218 1456 ﬂoruerint.
1255 1403 1324 1457 At
1366 1417 1522 1457 secus
1560 1403 1615 1457 in

57 1497 254 1551 Christo
282 1510 296 1547 :
327 1510 448 1548 nam
474 1503 598 1549 ante
619 1508 830 1549 crucem
860 1494 912 1548 in
945 1494 1087 1548 luctu
1115 1508 1200 1548 res
1237 1502 1424 1558 erant,
1451 1493 1616 1550 ludas

58 1585 306 1656 prodidit,
341 1585 526 1639 Petrus
557 1585 795 1655 negavit,
826 1585 1015 1654 reliqui
1044 1583 1320 1654 fugerunt,
1351 1586 1496 1640 solus
1525 1585 1615 1640 ille

57 1680 183 1732 inter
207 1677 449 1731 inimicos
474 1676 890 1746 comprehensus
931 1685 1048 1741 est,
1090 1676 1240 1731 multi
1287 1693 1351 1730 ex
1397 1677 1494 1742 iis,
1526 1676 1623 1746 qui

53 1769 412 1836 crediderant,
463 1780 754 1825 retrorsum
804 1770 1064 1824 abierunt.
1107 1771 1392 1841 Postquam
1439 1781 1615 1826 autem

54 1864 247 1917 occisus
276 1863 436 1916 vitam
465 1863 673 1928 clausit,
705 1873 760 1916 ut
789 1863 961 1918 discas
1003 1879 1157 1930 eum,
1198 1864 1287 1934 qui
1327 1865 1617 1922 cruciﬁxus

51 1965 145 2018 est,
178 1967 281 2006 non
315 1968 501 2022 purum
530 1951 798 2006 hominem
831 1951 1032 2018 fuisse,
1063 1967 1150 2008 res
1183 1954 1297 2023 ejus
1323 1954 1614 2023 clariores,

52 2047 357 2101 illustriores
397 2060 460 2100 ac
503 2045 837 2100 sublimiores
879 2053 1184 2100 evaserunt.
1224 2039 1361 2100 Ante
1403 2059 1617 2101 crucem

53 2141 288 2208 princeps
307 2138 692 2209 apostolorum,
718 2153 784 2192 ne
804 2138 1032 2193 ostiarize
1052 2138 1262 2209 quidem
1286 2140 1458 2194 minas
1478 2139 1615 2204 tulit,

50 2232 136 2288 scd
158 2241 280 2301 post
313 2240 510 2285 tantam
541 2230 892 2286 initiationem
914 2273 929 2298 ,
957 2231 1131 2286 aiebat
1166 2247 1225 2287 se
1261 2234 1470 2286 nescire
1498 2233 1618 2302 quis

47 2333 182 2376 esset
208 2340 224 2376 :
254 2330 375 2391 post
394 2336 606 2377 crucem
629 2337 757 2377 vero
783 2322 967 2378 orbem
998 2332 1257 2377 terrarum
1284 2323 1615 2393 peragravit:

47 2416 162 2470 hinc
194 2415 462 2469 innumeri
487 2415 986 2486 populi'martyruin
1025 2416 1251 2486 jugulati
1291 2427 1435 2483 sunt,
1483 2431 1621 2486 prae-

44 2515 286 2572 0ptuntes
310 2504 514 2570 occidi,
545 2520 701 2575 quam
728 2520 789 2560 ea
817 2505 962 2575 loqui
986 2547 1002 2574 ,
1031 2521 1148 2576 quae
1179 2507 1426 2576 loquutus
1451 2507 1623 2563 fuerat

48 2600 289 2665 princeps
315 2597 698 2665 apostolorum,
731 2597 887 2652 unius
911 2597 1141 2652 ostiaria;
1164 2607 1367 2654 terrore
1404 2614 1623 2668 supera-

45 2702 141 2743 tus.
176 2690 312 2743 lliiic
343 2703 529 2743 omnes
553 2689 817 2758 regiones,
845 2697 899 2744 et
926 2703 1112 2744 omnes
1140 2689 1404 2756 civitates,
1428 2690 1616 2745 deser-

43 2793 176 2843 tum,
209 2779 447 2835 habitata
479 2790 531 2836 et
555 2780 845 2836 inhabitata
874 2788 1049 2844 terra,
1078 2780 1391 2835 cruciﬁxum
1430 2782 1623 2850 priedi-

41 2887 244 2927 caiiius.
290 2873 504 2943 Reges,
550 2872 740 2938 duces,
791 2873 1084 2942 principes,
1113 2873 1359 2927 consules
1380 2912 1395 2940 ,
1429 2873 1619 2941 liberi,

40 2978 197 3030 ειη-γι,
224 2962 430 3030 idiotas,
454 2964 738 3032 sapientes,
764 2963 1094 3032 insipientes,
1120 2961 1350 3030 barbari,
1374 2964 1623 3033 variaque

40 3054 317 3107 hominum
342 3070 557 3124 genera,
583 3055 794 3109 demum
823 3055 1087 3121 uiiiverSa,
1108 3071 1260 3123 quam
1284 3056 1363 3108 sol
1389 3057 1620 3124 respicit,

40 3156 175 3200 terra
225 3159 337 3200 taiii
373 3149 544 3218 ampla
574 3149 676 3203 hoc
706 3150 921 3203 nomine
947 3158 1000 3204 et
1029 3149 1144 3218 ejus
1171 3150 1481 3205 adoratione
1521 3151 1623 3205 fre-

40 3249 351 3303 quentatur,
378 3249 433 3292 ut
462 3239 634 3295 discas
663 3239 787 3309 quid
819 3241 889 3293 sit
911 3280 924 3302 ,
957 3235 1066 3292 Erit
1094 3241 1285 3312 requies
1308 3244 1415 3311 ejus
1441 3244 1620 3295 honor.

40 3329 206 3382 LnCtlS
235 3341 448 3393 autem,
477 3330 568 3399 qui
594 3343 787 3399 corpus
814 3331 939 3383 illud
969 3332 1205 3384 occisum
1232 3333 1430 3402 recepit
1454 3373 1468 3399 ,
1504 3332 1625 3387 licet

40 3421 332 3475 admodum
365 3435 556 3488 parvus
581 3429 635 3475 et
660 3429 932 3491 angustus,
966 3423 1259 3478 innumeris
1284 3439 1466 3494 regum
1489 3425 1625 3481 aulis

40 3512 421 3576 venerabilior,
452 3511 683 3582 ipsisque
721 3513 932 3584 regibus
958 3516 1238 3584 pretiosior
1267 3531 1282 3570 :
1312 3514 1383 3569 Et
1422 3518 1514 3572 erit
1540 3533 1625 3572 re-

40 3605 166 3671 pii’es
193 3605 314 3674 ejus
343 3604 526 3657 honor.
553 3603 811 3675 Quodque
841 3606 1081 3661 mirabile
1111 3607 1254 3662 dictu
1283 3616 1366 3663 est
1393 3627 1406 3662 :
1439 3608 1490 3664 id
1518 3624 1622 3664 non

42 3695 121 3763 psi
155 3703 402 3760 tantum,
435 3694 528 3749 sed
555 3695 714 3750 etiam
741 3696 1017 3766 discipulis
1047 3696 1163 3767 ejus
1202 3699 1424 3768 contigit
1455 3717 1467 3753 :
1502 3714 1624 3754 nam

41 3785 111 3852 pii
131 3785 545 3842 viducebantur
558 3795 612 3840 et
636 3787 1150 3858 circumagebantur,
1174 3792 1487 3860 contempti,
1511 3793 1628 3845 vin-

40 3881 112 3941 -ti,
149 3879 474 3934 innumeris
499 3879 652 3934 malis
680 3880 856 3936 aiiecti
881 3922 894 3944 ,
927 3893 1047 3950 post
1074 3894 1297 3937 mortem
1330 3884 1458 3953 ipsis
1484 3885 1625 3955 regi-

42 3989 120 4023 HIS
152 3971 600 4027 honorabiliores
626 3981 768 4026 sunt.
797 3972 852 4027 id
879 3973 1148 4043 quomodo
1185 3974 1274 4030 ﬁat
1313 3975 1581 4044 perpende
1609 3994 1622 4031 :

40 4080 66 4115 n
101 4065 253 4133 regia
291 4063 436 4117 urbe
460 4063 646 4128 Roma,
679 4047 856 4118 missis
883 4065 1002 4118 aliis
1030 4065 1279 4119 omnibus
1299 4106 1314 4132 ,
1346 4066 1412 4120 ad
1450 4068 1628 4136 sepul-

40 4172 106 4208 -ra
142 4155 450 4224 piscatoris
480 4163 533 4210 ct
574 4155 922 4210 tentoriorum
960 4157 1164 4226 opiﬁcis
1193 4169 1480 4214 accurrunt
1524 4160 1627 4215 lm-

40 4259 331 4314 ieratores,
366 4249 638 4314 consules,
670 4250 998 4304 exercituum
1028 4251 1227 4306 duces:
1251 4252 1626 4308 Constantino-

40 4341 120 4393 mli
169 4355 319 4395 vero
357 4341 377 4372 ί
422 4355 526 4394 non
574 4355 738 4408 prope
782 4344 1090 4410 apostolos,
1137 4345 1230 4400 sed
1260 4346 1391 4400 foris
1420 4346 1485 4400 ad
1515 4347 1624 4417 ipsa

40 4432 202 4487 iiiiina
259 4443 598 4502 optaverunt
641 4434 706 4498 ii,
753 4434 842 4503 qui
887 4435 1184 4491 diademate
1229 4437 1622 4504 redimiuntur,

41 4541 251 4595 orpora
285 4540 398 4580 sua
426 4526 644 4596 sepeliri
670 4545 683 4581 :
707 4536 866 4598 atque
901 4529 972 4582 ita
1023 4528 1371 4598 Imperatores
1396 4531 1628 4600 piscato-

40 4632 128 4670 um
152 4617 388 4673 ostiarii
418 4616 542 4671 facti
571 4626 695 4672 sunt
715 4635 728 4670 :
752 4619 829 4673 sic
857 4618 908 4674 in
930 4620 1076 4674 obitu
1101 4619 1202 4675 hoc
1225 4635 1334 4676 non
1353 4620 1624 4689 dedecori,

40 4710 100 4762 ed
135 4709 355 4764 honori
391 4708 496 4764 sibi
521 4723 641 4764 esse
666 4717 854 4778 putant
882 4724 986 4765 non
1010 4711 1180 4766 solum
1204 4711 1327 4781 ipsi,
1350 4711 1443 4767 sed
1465 4711 1626 4768 etiam

40 4818 203 4857 orum
226 4812 498 4871 nepotes.
520 4801 584 4855 Et
599 4802 712 4866 erit,
734 4801 920 4872 inquit,
944 4805 1136 4873 requies
1151 4806 1260 4876 ejus
1276 4804 1456 4858 honor.
1479 4803 1628 4859 Tunc

40 4897 239 4950 onoris
255 4894 697 4963 magnitudinem
715 4895 936 4961 videbis,
956 4911 1074 4951 cum
1093 4897 1280 4952 mortis
1293 4898 1406 4966 ejus
1421 4897 1628 4968 symbo-

40 5005 111 5042 im
163 4987 496 5043 didiceris:
523 4986 743 5054 mortis,
788 4986 1000 5058 inquam
1026 5029 1041 5054 ,
1082 4988 1412 5055 maledictas,
1441 4990 1628 5044 mortis

40 5083 257 5136 mnium
294 5078 854 5150 ignominiosissimae.
885 5079 995 5132 iloc
1019 5079 1214 5148 quippe
1239 5079 1412 5134 solum
1442 5080 1628 5136 mortis

40 5190 176 5230 enus
224 5171 547 5229 maledicto
574 5171 863 5226 obnoxium
894 5181 1026 5226 erat.
1057 5171 1299 5240 Exempli
1327 5187 1485 5226 causa
1506 5213 1521 5238 ,
1553 5175 1628 5226 fa-

49 5279 418 5321 norosorum
442 5263 566 5316 olim
593 5263 680 5317 alii
709 5261 1176 5326 comburebantur,
1203 5261 1293 5316 alii
1318 5263 1626 5331 lapidaban-

40 5373 106 5426 ir,
153 5357 261 5412 alii
323 5355 453 5411 alio
499 5353 740 5424 supplicii
794 5368 988 5422 genere
1039 5354 1200 5408 vitam
1255 5354 1624 5409 ciaudebant:

41 5451 318 5506 -uciﬁxiis
372 5454 586 5510 autem,
631 5445 684 5500 in
731 5445 874 5514 ligno
921 5446 1178 5516 pendens,
1211 5463 1316 5502 non
1357 5447 1409 5502 id
1454 5449 1626 5504 solum

40 5543 124 5595 πτιΙί
157 5539 530 5612 patiebatur,
558 5536 701 5606 quod
727 5552 844 5592 eam
871 5538 1512 5606 subiret‘damnationem,
1534 5543 1626 5596 sed

57 5707 70 5736 ¹
111 5713 188 5754 ne
225 5697 476 5751 Ecclesia
509 5703 579 5743 ss.
609 5695 952 5760 Apostolorum,
991 5698 1038 5745 in
1064 5699 1199 5760 cujus
1236 5699 1418 5760 porticu
1455 5697 1631 5760 sepulti

40 5777 134 5816 ῃηι
179 5778 230 5814 ιη
240 5785 250 5813 ι
259 5797 269 5825 ,
299 5770 563 5811 oraturos,
583 5772 842 5825 _quaiiiq_ti_e
866 5759 943 5807 alii
960 5772 986 5807 a
1009 5759 1329 5819 Constantino,
1353 5773 1380 5808 a
1403 5759 1630 5825 Constan-

40 5844 62 5876 ο
86 5831 171 5879 an;
215 5818 490 5878 δίιουυιίιιυ
523 5818 701 5883 volunt,
742 5821 850 5871 vide
883 5827 1108 5885 (Laiig'iuin
1148 5826 1195 5872 in
1233 5823 1631 5917 mnstaiitiuppoli

40 5906 109 5938 ia.
1487 5906 1528 5950 ς.

3190 457 3295 510 826

1717 567 1854 634 quod
1881 569 2192 623 maledictus
2212 581 2386 644 esset:
2409 571 2708 626 Malrdit‘ltts
2733 575 2896 638 enim,
2917 574 3102 645 inquit,
3126 579 3288 631 omnis

1714 661 1798 727 qui
1824 664 2004 728 pendet
2031 662 2081 713 in
2110 663 2266 731 ligno.
2299 651 2474 730 (Deut.
2507 665 2594 717 ει.
2620 666 2731 735 25).
2774 669 3019 721 Attamen
3070 668 3286 722 malcili-

1713 759 1854 803 ctum
1888 750 2014 805 illud
2038 753 2392 817 exsecrabile,
2421 757 2647 809 extremi
2677 759 2921 826 supplicii
2953 761 3280 831 symbolum,

1715 857 1854 895 nunc
1879 843 2230 907 desiderabile
2253 844 2588 916 amabileque
2615 848 2808 902 factum
2833 861 2935 904 est.

1784 932 1960 988 Cruci:
2003 936 2133 1006 signi
2161 952 2281 990 usus
2327 937 2505 1007 ubique
2550 939 2995 1008 frequentissimus.
3032 973 3105 986 -ο
3147 945 3287 1000 Nihil

1715 1025 1856 1079 enim
1901 1027 2290 1095 imperatoriam
2335 1044 2584 1084 coronam
2635 1033 2712 1086 sic
2757 1043 3010 1101 exornat,
3068 1046 3124 1091 ut
3161 1053 3289 1093 crux

1717 1117 1964 1170 universo
2011 1118 2208 1173 mundo
2258 1120 2542 1189 pretiosior
2582 1140 2594 1175 :
2639 1132 2692 1177 et
2736 1125 2877 1193 quod
2923 1141 3110 1186 omnes
3161 1130 3289 1184 olim

1716 1207 2160 1262 exhorrescebant
2180 1248 2195 1273 ,
2223 1209 2336 1279 ejus
2365 1226 2506 1265 nunc
2544 1212 2707 1283 ﬁgura
2732 1215 2802 1268 ita
2832 1219 3073 1271 certatim
3101 1221 3290 1288 exqui-

1716 1299 1848 1352 ritur
1877 1300 1944 1353 ab
1974 1300 2238 1367 omnibus,
2279 1310 2336 1356 ut
2365 1302 2557 1372 ubique
2584 1306 2894 1374 reperiatur,
2921 1309 3058 1377 apud
3093 1310 3289 1378 princi-

1718 1406 1810 1460 pes
1836 1401 1888 1445 et
1923 1392 2161 1448 subditos
2180 1435 2196 1461 ,
2226 1395 2366 1464 apud
2397 1396 2642 1452 mulieres
2664 1407 2718 1452 et
2746 1398 2887 1454 viros
2905 1441 2922 1466 ,
2966 1401 3105 1470 apud
3129 1404 3292 1472 virgi-

1716 1501 1809 1540 nes
1826 1496 1878 1541 et
1905 1498 2115 1557 nuptas,
2138 1489 2276 1558 apud
2301 1505 2482 1544 servos
2499 1499 2549 1545 et
2567 1491 2763 1547 liberos
2788 1510 2801 1545 :
2827 1509 2946 1548 nam
2965 1494 3089 1549 illud
3107 1511 3295 1550 omnes

1716 1580 1921 1649 signum
1949 1578 2253 1649 frequenter
2269 1581 2574 1649 imprimunt
2597 1583 2645 1636 in
2665 1585 3026 1639 membrorum
3046 1585 3291 1642 nobiliori

1717 1679 1903 1740 parte;
1932 1679 1984 1725 et
2012 1671 2062 1725 iii
2096 1670 2267 1724 fronte
2287 1687 2382 1726 ceu
2403 1673 2453 1725 in
2480 1673 2723 1727 columna
2749 1675 3027 1744 ﬁguratum
3052 1676 3294 1744 quotidie

1717 1761 2117 1816 circumferunt.
2169 1762 2280 1816 Hoc
2311 1763 2362 1815 in
2393 1778 2542 1818 sacra
2572 1780 2754 1818 mensa
2779 1805 2793 1830 ,
2831 1765 2931 1820 lioc
2965 1768 3015 1818 in
3045 1767 3293 1822 sacerdo-

1720 1861 1828 1906 tum
1857 1853 2296 1917 ordinationibus,
2329 1853 2428 1908 lioc
2459 1870 2670 1909 rursum
2700 1871 2819 1910 cum
2847 1872 3070 1926 corpore
3099 1858 3294 1913 Christi

1720 1943 1771 1998 in
1817 1946 2036 2015 mystica
2079 1959 2230 2000 coena
2269 1946 2510 2016 refulget.
2566 1947 2677 2002 Hoc
2729 1931 2922 2018 ubiqiie
2969 1951 3292 2006 celebratum

1719 2035 1897 2089 videre
1937 2044 2052 2102 est,
2085 2036 2138 2091 in
2163 2035 2439 2102 domibus,
2484 2037 2536 2092 in
2559 2038 2705 2104 foro,
2732 2039 2785 2094 in
2816 2040 3060 2106 desertis,
3092 2042 3143 2096 in
3170 2043 3291 2109 viis,

1720 2124 1774 2178 in
1822 2126 2123 2193 montibus,
2177 2127 2228 2180 in
2272 2127 2527 2194 saltibus,
2572 2130 2623 2182 in
2666 2130 2924 2196 collibus,
2955 2132 3006 2185 in
3037 2132 3167 2185 mari
3193 2173 3209 2198 ,
3241 2133 3295 2187 in

1721 2217 1962 2282 navibus,
1994 2218 2046 2273 in
2076 2219 2280 2285 insulis,
2301 2220 2354 2274 in
2378 2220 2549 2289 lectis,
2573 2221 2626 2276 in
2651 2223 2998 2289 vestimentis,
3031 2224 3084 2279 in
3106 2226 3294 2292 armis,

1722 2307 1773 2361 iu
1804 2308 2066 2375 thalamis,
2098 2309 2151 2364 in
2176 2311 2450 2379 conviviis,
2480 2311 2532 2366 in
2563 2314 2701 2368 vasis
2720 2315 2985 2384 argenteis
3013 2325 3068 2369 et
3094 2317 3294 2382 aureis,

1722 2400 1774 2454 iii
1794 2401 2116 2473 margaritis,
2131 2401 2185 2454 in
2197 2401 2464 2471 parietum
2477 2403 2727 2475 picturis,
2752 2405 2803 2459 in
2827 2407 3140 2476 corporibus
3162 2408 3296 2462 bru-

1723 2500 1895 2545 turum
1914 2491 2050 2547 male
2072 2491 2295 2561 affectis,
2323 2494 2373 2548 in
2396 2498 2705 2564 corporibus
2724 2510 2752 2548 a
2775 2496 3016 2553 daemone
3041 2497 3296 2564 obsessis,

1724 2579 1775 2634 iii
1803 2579 1983 2647 bellis,
2015 2582 2069 2635 in
2101 2597 2263 2652 pace,
2288 2583 2341 2636 in
2371 2582 2587 2650 diebus,
2617 2585 2669 2638 in
2697 2586 2959 2651 noctibus,
3007 2586 3058 2640 in
3087 2586 3297 2642 choreis

1723 2671 2116 2741 tripudiautium
2141 2713 2156 2737 ,
2200 2673 2251 2727 in
2279 2673 2536 2728 sodalitiis
2562 2689 2680 2728 sese
2705 2677 3084 2730 macerantium
3111 2693 3125 2740 ;
3165 2678 3301 2732 adeo

1724 2764 1965 2819 certatim
2014 2764 2211 2818 donum
2254 2764 2355 2818 hoc
2397 2765 2675 2831 mirabile,
2719 2765 2940 2836 ejusque
2978 2756 3296 2824 incii'abilein

1723 2856 1945 2926 gratiam
1988 2871 2174 2910 omnes
2216 2854 2544 2926 perquirunt.
2589 2857 2758 2912 Nemo
2803 2859 3003 2927 pudore
3045 2859 3296 2927 afﬁcitur,

1725 2947 1806 3002 vel
1833 2947 2100 3002 erubescit
2128 2947 2252 3001 dum
2281 2949 2475 3018 cogitat
2501 2946 2602 3002 hoc
2628 2949 2922 3004 maledicta:
2947 2951 3134 3006 mortis
3158 2966 3301 3022 sym-

1727 3037 1904 3092 bolum
1934 3052 2083 3105 esse;
2112 3038 2205 3092 sed
2237 3038 2325 3092 illo
2353 3053 2540 3094 omnes
2567 3040 2734 3110 magis
2761 3055 3081 3095 exornamur
3099 3081 3114 3108 ,
3144 3058 3300 3110 quam

1725 3119 1937 3186 c'i‘i'ronis
1956 3171 1970 3195 ,
2011 3132 2415 3200 diadematibus,
2445 3142 2499 3188 et
2523 3134 2668 3188 mille
2695 3134 3096 3204 margaritarum
3125 3135 3296 3190 moni-

1728 3223 1906 3277 libus:
1938 3223 2010 3277 ita
2053 3237 2157 3277 non
2200 3223 2359 3279 modo
2409 3239 2515 3279 non
2559 3240 2866 3280 aversamur
2909 3241 3159 3293 crucem,
3208 3229 3302 3282 sed

1727 3316 1885 3369 etiam
1929 3314 2171 3369 amabilis
2216 3315 2301 3369 illa
2352 3314 2826 3386 desiderabilisque
2875 3317 3120 3372 omnibus
3172 3327 3300 3373 est:

1728 3404 1921 3473 ubique
1951 3404 2038 3459 illa
2064 3403 2264 3475 fulget,
2292 3405 2343 3459 in
2371 3406 2661 3474 parietibus
2685 3407 3000 3473 domorum,
3041 3407 3095 3462 in
3126 3409 3302 3474 tectis,

1727 3498 1780 3552 in
1815 3498 1962 3552 libris
1983 3539 1996 3563 ,
2042 3498 2095 3553 in
2121 3499 2339 3554 urbibus
2361 3541 2376 3566 ,
2419 3499 2472 3553 in
2499 3500 2629 3553 vicis
2649 3541 2664 3566 ,
2707 3501 2758 3554 in
2789 3500 3000 3556 incultis
3023 3542 3038 3566 ,
3071 3501 3123 3554 in
3150 3502 3306 3556 cultis

1729 3589 1880 3643 locis.
1913 3589 2008 3644 Hic
2048 3589 2273 3644 libenter
2297 3589 2558 3645 Gentilem
2585 3591 2963 3661 interrogarem
2990 3633 3005 3659 ,
3037 3591 3304 3647 uiidenam

1731 3679 1788 3732 ﬁt
1811 3721 1826 3744 ,
1855 3689 1911 3732 ut
1936 3680 2290 3734 damnationis
2325 3681 2721 3749 maledictaeque
2759 3682 2943 3736 mortis
2980 3683 3302 3753 symbolum,

1729 3770 1973 3823 omnibus
1998 3769 2068 3824 ita
2095 3770 2320 3824 amabile
2349 3771 2682 3840 optabileque
2712 3772 2818 3825 sit?

1802 3861 1890 3915 10.
1933 3860 2086 3928 Quod
2119 3861 2164 3915 si
2213 3861 2342 3915 nihil
2371 3862 2470 3916 hoc
2498 3876 2615 3916 esse
2642 3873 2795 3931 putas
2818 3903 2835 3928 ,
2865 3861 2910 3917 si
2934 3863 3109 3920 adhuc
3137 3865 3309 3934 impué

1730 3952 1860 4008 dens
1891 3967 2104 4019 manes,
2132 3954 2512 4023 veritatemque
2540 3955 2823 4022 aversaris,
2853 3965 3009 4026 atque
3033 3957 3097 4010 ad
3127 3958 3302 4012 lumen

1730 4045 1943 4099 ca'cutis
1979 4062 1992 4099 :
2024 4059 2121 4114 age
2166 4043 2261 4098 tibi
2303 4044 2408 4099 alio
2445 4055 2756 4115 argumento
2804 4058 3303 4116 cominonstramus,

1730 4145 1983 4205 quantum
2028 4137 2096 4190 sit
2135 4135 2281 4190 illud.
2338 4137 2502 4204 Quale
2549 4138 2677 4192 illud
2722 4141 3129 4209 argumentum?
3173 4141 3306 4196 Sunt

1727 4225 1993 4294 juilicibus
2020 4227 2187 4280 multa
2228 4227 2604 4297 suppliciorum
2640 4243 2836 4297 genera
2856 4270 2870 4293 ,
2902 4230 3097 4298 lignum
3125 4272 3139 4295 ,
3169 4231 3300 4292 lora,

1733 4332 1954 4385 ungues,
1986 4317 2272 4386 plumbata,
2301 4318 2493 4388 quibus
2518 4333 2744 4389 corpora
2771 4318 3038 4383 lacerant,
3069 4321 3305 4376 membra

1733 4409 2038 4476 discerpunt
2081 4420 2236 4476 atque
2264 4408 2592 4478 suspendunt
2619 4426 2633 4462 :
2663 4410 2903 4481 quisnam
2930 4410 3088 4466 vellet
3113 4413 3226 4468 hinc
3255 4415 3306 4468 in

1731 4501 1947 4553 domum
1967 4514 2114 4554 suam
2147 4501 2342 4555 inferre
2362 4500 2385 4553 ?
2410 4500 2541 4568 Quis
2556 4501 2713 4556 vellet
2738 4501 3000 4556 carniﬁcis
3017 4502 3132 4558 haec
3148 4519 3309 4573 agen-

1735 4591 1800 4643 tis
1841 4605 2054 4644 niaiium
2093 4591 2438 4660 contingere,
2491 4591 2576 4646 vel
2619 4599 2678 4645 ut
2723 4591 2774 4645 id
2812 4591 3046 4657 videret,
3092 4595 3310 4663 propius

1733 4680 2021 4734 accedere?
2063 4681 2253 4734 Annon
2295 4681 2534 4751 plerique
2561 4681 2674 4736 lucc
2699 4692 3044 4738 exsecrantur
3066 4724 3082 4750 ,
3114 4685 3311 4754 aliique

1733 4769 1855 4824 liinc
1881 4769 2020 4824 male
2047 4772 2348 4826 omiiiantnr
2367 4813 2380 4837 ,
2413 4787 2475 4826 ac
2502 4787 2672 4842 neque
2695 4782 2889 4829 tactum
2908 4816 2923 4840 ,
2955 4791 3126 4845 neque
3152 4790 3309 4845 aspe-

1732 4871 1876 4915 ctum
1903 4859 2116 4916 ferunt?
2155 4866 2344 4918 Annon
2371 4862 2528 4918 etiam
2565 4864 2749 4932 procul
2778 4863 3012 4934 fugiunt,
3042 4875 3094 4919 et
3122 4866 3314 4919 oculos

1733 4954 2011 5009 avertunt?
2038 4954 2181 5008 Talis
2196 4956 2322 5009 olim
2349 4970 2478 5010 crux
2495 4965 2631 5020 erat,
2657 4955 2766 5009 imo
2778 4956 2881 5010 illis
2896 4956 3060 5010 multo
3073 4956 3308 5025 gravior.

1735 5044 1895 5110 Nam,
1927 5054 1986 5100 ut
2021 5055 2142 5100 ante
2183 5047 2329 5109 dixi,
2379 5062 2483 5100 non
2515 5055 2716 5101 tantum
2746 5047 2930 5101 mortis
2954 5087 2972 5112 ,
3012 5047 3104 5100 sed
3147 5048 3312 5102 etiam

1736 5134 2032 5190 maledicta:
2076 5137 2261 5190 mortis
2299 5136 2596 5205 symbolum
2637 5143 2771 5190 erat.
2827 5135 2977 5190 Unde
3016 5151 3143 5205 ergo
3166 5177 3191 5202 ,
3224 5136 3313 5192 dic

1737 5227 1904 5294 milii,
1949 5228 2057 5297 jam
2105 5229 2174 5283 ita
2225 5227 2594 5283 desiderabilis
2629 5226 2978 5298 optabilisque
3020 5226 3153 5282 facta
3198 5237 3305 5295 est,

1737 5321 2089 5391 omnibusque
2117 5320 2446 5377 antefertur?

1817 5413 1958 5468 γετω
1978 5415 2138 5468 crucis
2169 5415 2427 5482 particula:
2452 5412 2515 5467 ab
2539 5412 2764 5466 omnibus
2784 5409 3057 5479 exquisitis.
3072 5438 3144 5449 —-
3171 5409 3304 5466 Illud

1739 5520 1866 5561 vero
1902 5506 2076 5576 ipsum
2117 5506 2313 5575 lignum
2334 5546 2357 5573 ,1
2393 5507 2441 5558 in
2481 5519 2586 5574 quo
2625 5518 2831 5557 sacrum
2872 5515 3067 5569 corpus
3095 5515 3312 5573 passum

1741 5607 1795 5652 et
1821 5595 2131 5651 cruciﬁxum
2170 5605 2285 5660 est,
2329 5611 2424 5649 cur
2448 5595 2685 5648 certatim
2717 5607 2903 5647 omnes
2940 5592 3178 5647 adeunt?
3211 5590 3317 5646 Cur

1743 5688 2054 5757 particulam
2088 5687 2203 5753 ejus
2242 5685 2390 5739 multi
2421 5693 2691 5738 sumentes
2717 5698 2845 5737 auro
2872 5683 3128 5738 inclusam
3152 5723 3167 5746 ,
3200 5691 3311 5736 tum

1741 5784 1838 5836 viri
1869 5790 1979 5836 tuin
2026 5779 2274 5834 mulieres
2307 5795 2335 5831 a
2372 5777 2510 5831 collo
2544 5777 2874 5845 suspendunt
2911 5776 2976 5831 ad
3017 5787 3259 5831 ornatum
3293 5791 3309 5828 :

1744 5873 1844 5932 etsi
1877 5870 2229 5928 damnationis
2270 5880 2324 5926 et
2368 5869 2584 5924 ultionis
2632 5870 2929 5942 symbolum
2973 5868 3073 5924 hoc
3113 5869 3309 5938 lignum
