3920 6274
531 397 635 453 89.7

527 521 726 576 fuerit?
753 524 819 576 At
844 521 928 591 qui
958 520 1132 573 uumia
1158 521 1299 581 facit.
1328 531 1383 574 et
1408 518 1647 574 immutat
1669 535 1766 585 ea,
1797 520 1886 590 qui
1914 521 2098 576 orbem

528 630 595 670 ex
624 622 765 669 tanta
793 612 1024 681 nequitia
1054 610 1322 665 transtulit
1340 650 1355 673 ,
1385 618 1441 664 et
1466 618 1661 664 terram
1682 611 1873 665 'caalum
1900 611 2099 677 ell‘ecit,

526 708 686 761 etiam
708 719 819 759 rem
842 702 976 758 hanc
995 702 1252 771 \‘itupcrio
1278 702 1510 772 plenam,
1537 710 1591 756 et
1614 711 1840 758 mortem
1867 703 2101 757 omnium

526 795 1084 868 ignominiosissimam
1115 808 1272 863 supra
1310 794 1469 848 caelos
1498 794 1733 848 adduxit.
1784 795 1909 850 llaec
1945 795 2105 865 igitur

522 890 703 946 omnia
745 887 1044 959 pr.cvidens
1086 889 1341 958 pr0plieta
1382 887 1634 942 dicebat:
1661 886 1731 941 Et
1778 887 1871 943 erit
1907 887 2101 957 requies

522 982 633 1050 ejus
656 980 835 1034 honor.
864 979 975 1034 Hoc
999 978 1191 1048 quippe
1217 978 1400 1033 mortis
1422 979 1741 1048 symbolum.
1765 994 1936 1049 neque
1960 978 2103 1034 enim

525 1072 686 1125 linem
716 1069 903 1123 iaciam
927 1068 996 1121 ita
1020 1067 1290 1137 loquendi,
1329 1067 1510 1123 multis
1538 1067 1920 1123 benedictionis
1943 1083 2104 1137 argu-

524 1171 762 1215 mentum
784 1158 1027 1213 ell‘ectum
1057 1166 1158 1223 est,
1187 1165 1242 1212 et
1263 1157 1583 1213 omnimodae
1609 1157 1873 1213 firmitatis
1899 1173 2103 1223 murus,

524 1248 722 1309 diaboli
770 1246 1013 1304 letbifera
1064 1247 1238 1317 plaga,
1286 1247 1590 1303 dzemonum
1629 1248 1871 1313 frenum,
1921 1263 2107 1304 camus

526 1342 950 1395 adversariarum
994 1340 1267 1399 virtutum.
1310 1339 1423 1395 Hoc
1460 1348 1687 1396 mortem
1729 1341 1963 1407 sustulit,
2000 1340 2105 1396 hoc

528 1432 719 1489 inferni
772 1442 949 1503 portas
991 1447 1159 1487 azreas
1186 1431 1482 1502 confregit,
1526 1444 1705 1488 vectes
1747 1432 1950 1489 ferreos
1976 1447 2107 1487 con-

530 1522 707 1591 trivit,
736 1522 931 1578 diaboli
960 1538 1137 1578 arcem
1164 1522 1424 1577 destruxit
1448 1564 1464 1585 .
1501 1523 1701 1592 peccati
1736 1537 1930 1578 nervos
1957 1524 2108 1578 exci-

528 1613 647 1681 dit,
696 1623 861 1668 tatum
917 1614 1102 1668 orbem
1156 1612 1483 1667 damnationi
1534 1612 1831 1683 subjectum
1888 1614 2102 1683 eripuit,

529 1705 819 1760 immissum
863 1705 1115 1759 divinitus
1163 1713 1365 1759 natura!
1411 1715 1606 1759 nostra;
1636 1706 1839 1776 plagam
1882 1706 2106 1761 curavit.

530 1796 664 1863 Quid
702 1795 858 1850 dico?
888 1794 1041 1862 Quod
1080 1811 1186 1849 non
1228 1804 1452 1865 potuere
1476 1810 1624 1849 mare
1650 1794 1878 1850 divisum
1900 1835 1915 1861 ,
1944 1805 2109 1865 petra:

529 1888 745 1951 scissae,
786 1902 879 1940 aer
921 1895 1192 1953 mutatus,
1235 1899 1429 1939 manna
1469 1884 1813 1955 quadraginta
1850 1887 2002 1939 annis
2035 1895 2113 1939 tot

533 1980 805 2035 hominum
835 1979 1066 2032 millibus
1093 1986 1365 2046 erogatum
1383 2018 1399 2042 ,
1427 1976 1509 2030 lex
1534 1986 1591 2031 et
1613 1977 1716 2032 alia
1740 1978 1887 2048 signa
1909 1992 2029 2032 cum
2058 1978 2109 2031 in

531 2069 744 2124 deserto
769 2111 783 2131 ,
826 2078 935 2121 tum
973 2069 1022 2120 in
1056 2067 1336 2120 Palaestina
1381 2067 1550 2132 facta,
1599 2065 1714 2121 haec
1755 2068 1924 2136 potuit
1958 2082 2110 2134 crux,

534 2176 639 2214 non
668 2160 720 2213 in
756 2173 859 2212 una
888 2167 1046 2228 gente
1065 2198 1080 2223 ,
1126 2156 1221 2211 sed
1260 2156 1312 2211 in
1339 2166 1450 2212 toto
1476 2157 1636 2223 orbe;
1667 2171 1795 2211 crux
1818 2199 1835 2222 ,
1877 2158 2110 2227 inquam,

536 2251 870 2306 maledictum
903 2250 1233 2321 symbolum,
1278 2249 1521 2304 omnibus
1549 2248 1893 2314 horrendum,
1940 2249 2114 2304 omni-

534 2342 634 2397 bus
657 2341 1058 2405 exsecrandum,
1088 2349 1205 2409 post
1233 2339 1472 2395 cruciﬁxi
1499 2348 1723 2395 mortem
1747 2341 1914 2409 potuit
1934 2341 2113 2395 omnia

537 2435 680 2488 nullo
710 2434 922 2504 negotio
955 2434 1228 2502 perlicere.
1267 2430 1450 2502 Neque
1478 2432 1592 2487 haec
1615 2431 1947 2486 solummodo
1972 2472 1989 2497 ,
2019 2431 2113 2487 sed

535 2541 621 2591 ea,
643 2541 760 2594 qua:
791 2533 969 2593 pOStea
995 2533 1213 2592 sequuta
1234 2533 1378 2590 sunt,
1400 2524 1515 2593 ejus
1543 2524 1788 2577 virtutem
1811 2523 2111 2579 declarant.

536 2616 730 2671 Orbem
759 2617 899 2670 enim
949 2624 1206 2670 terrarum
1230 2656 1247 2681 ,
1293 2615 1383 2685 qui
1422 2614 1596 2685 quoad
1638 2614 1886 2670 virtutem
1918 2615 2114 2670 sterilis

536 2715 684 2771 erat,
730 2722 828 2760 nec
872 2706 1058 2760 melius
1087 2721 1146 2760 se
1170 2704 1436 2772 habebat,
1472 2721 1628 2774 quam
1658 2704 1924 2762 desertum
1948 2746 1966 2772 ,
1993 2720 2113 2760 cum

538 2812 644 2851 non
670 2807 849 2864 posset
888 2794 1156 2864 quidpiam
1189 2795 1314 2850 boni
1345 2810 1533 2866 parere
1554 2837 1572 2863 ,
1603 2798 1782 2851 statim
1812 2796 2114 2866 paradisum

536 2898 591 2943 et
633 2896 858 2942 matrem
900 2886 1330 2942 fecundissimam
1364 2887 1558 2943 effecit.
1608 2888 1674 2942 Et
1718 2887 1820 2943 hoc
1860 2887 1952 2942 diu
1990 2898 2114 2943 ante

537 2977 908 3048 pramuntiavit
960 2975 1216 3046 propheta
1262 2976 1347 3032 his
1392 2976 1571 3033 verbis
1611 2994 1625 3032 :
1661 2976 1888 3044 Laetare,
1909 2978 2113 3042 sterilis,

535 3085 650 3138 qua:
688 3086 789 3122 non
820 3067 998 3137 paris:
1027 3086 1233 3137 erumpe
1258 3078 1305 3122 et
1333 3069 1517 3136 clama,
1573 3085 1687 3140 qua:
1728 3086 1830 3123 non
1868 3071 2112 3141 partui-is,

537 3160 658 3225 quia
684 3159 826 3210 multi
867 3157 958 3226 ﬁlii
995 3158 1202 3210 deserta:
1241 3159 1400 3228 magis
1423 3199 1438 3225 ,
1478 3175 1630 3229 quam
1670 3158 1780 3228 ejus
1816 3173 1930 3227 qua:
1970 3158 2115 3212 habet

538 3251 699 3302 uirum
716 3247 915 3321 (Iiesai.
933 3248 1019 3301 54.
1038 3249 1111 3317 1).
1127 3247 1276 3313 Quod
1296 3264 1421 3302 vero
1436 3263 1555 3303 cum
1575 3248 1730 3302 talem
1750 3263 1866 3303 eam
1883 3247 2113 3311 fecisset,

539 3340 707 3407 legem
750 3337 846 3406 ipsi
892 3335 1097 3391 dederit
1141 3338 1308 3391 multo
1346 3337 1766 3406 priestautiorem
1816 3337 2014 3406 priori,
2061 3336 2113 3391 id

542 3417 761 3482 minime
798 3436 1072 3482 tacuerunt
1099 3427 1368 3496 prophetae
1399 3445 1413 3481 :
1441 3442 1505 3481 ac
1533 3428 1653 3482 vide
1679 3427 1803 3498 quid
1835 3428 2111 3497 praesigni-

542 3520 812 3575 licaveriut
846 3536 859 3573 :
892 3518 1171 3589 Disponam
1197 3520 1268 3573 eis
1297 3527 1642 3572 testamentum
1673 3535 1854 3571 novum
1872 3558 1888 3584 ,
1916 3535 2015 3572 non
2039 3535 2119 3572 se-

539 3611 758 3663 cundum
784 3618 1130 3664 testamentum
1153 3649 1169 3673 ,
1200 3607 1333 3678 quod
1365 3608 1592 3679 disposui
1616 3608 1846 3680 patribus
1866 3625 2037 3663 eorum
2063 3609 2117 3662 in

540 3702 621 3755 die
768 3716 977 3754 manuni
1004 3716 1175 3754 eorum
1210 3699 1552 3770 apprehendi,
1583 3709 1637 3752 ut
1666 3699 1923 3753 educerem
1945 3716 2026 3754 eos
2056 3699 2120 3753 de

540 3802 671 3845 terra
697 3789 915 3862 [Egypti
937 3805 956 3844 :
976 3790 1094 3858 quia
1134 3790 1234 3858 ipsi
1274 3806 1375 3843 non
1409 3799 1702 3843 manserunt
1735 3790 1790 3843 in
1828 3799 2118 3845 testamento

541 3903 649 3940 nico
672 3925 688 3950 ,
732 3893 777 3937 et
806 3900 897 3955 ego
936 3883 1129 3954 neglexi
1164 3900 1249 3936 eos
1268 3922 1284 3949 ,
1324 3882 1446 3935 dicit
1474 3881 1744 3936 Dominus.
1780 3882 1910 3949 Quia
1934 3882 2029 3935 hoc
2049 3889 2121 3936 est

541 3988 887 4034 testamentum
901 3977 1033 4048 quod
1057 3976 1323 4045 disponam
1342 3976 1433 4040 eis,
1452 3975 1579 4028 dans
1600 3975 1729 4046 leges
1750 3991 1883 4028 meas
1898 3975 1949 4027 in
1962 3983 2122 4027 mente

540 4085 743 4133 eorum,
782 4079 827 4122 et
855 4068 908 4121 in
935 4067 1086 4121 corde
1119 4083 1289 4120 eorum
1323 4065 1591 4119 inscribam
1622 4081 1704 4118 eas
1728 4063 1858 4135 (Jer.
1887 4065 1975 4119 31.
2005 4062 2118 4135 32).

547 4159 744 4214 Deinde
770 4157 994 4213 subitam
1021 4156 1367 4210 mutationem
1396 4164 1450 4209 et
1474 4154 1768 4209 doctrinam
1796 4154 2002 4209 facilem
2024 4155 2115 4209 de-

541 4250 750 4303 clarans
775 4250 889 4302 ait:
922 4246 991 4301 Et
1029 4264 1131 4301 non
1170 4247 1414 4301 docebunt
1452 4248 1788 4317 unusquisque
1834 4248 2119 4316 proximum

541 4355 709 4403 suum,
748 4347 794 4392 et
827 4337 1165 4407 unusquisque
1206 4336 1415 4405 fratrem
1438 4353 1585 4390 suum
1604 4378 1618 4400 ,
1648 4337 1815 4391 dicens
1837 4379 1851 4403 ,
1880 4353 2121 4407 cognosce

546 4430 820 4484 Dominum
839 4470 854 4493 ,
881 4429 1000 4498 quia
1024 4444 1195 4481 omnes
1214 4429 1367 4482 scient
1396 4444 1474 4481 me
1493 4443 1524 4479 a
1544 4443 1698 4498 paruo
1716 4426 1941 4498 ipsorum
1966 4443 2121 4498 usque

542 4522 612 4573 ad
638 4536 875 4592 magnum
896 4520 1134 4589 ipsorum.
1157 4517 1310 4586 Quod
1336 4518 1389 4572 in
1409 4518 1636 4573 adventu
1656 4531 1753 4573 suo
1777 4525 2118 4588 peccatorum

544 4610 751 4666 veniam
775 4609 992 4665 daturus
1020 4620 1180 4674 esset,
1206 4608 1305 4664 hoc
1333 4607 1459 4664 item
1485 4609 1563 4663 sic
1587 4608 1965 4679 przenunciavit
1990 4625 2117 4679 pro-

547 4702 706 4773 pheta
732 4719 745 4755 :
780 4701 892 4755 Hoc
917 4701 1009 4755 erit
1042 4701 1165 4772 ipsis
1184 4718 1216 4753 a
1238 4717 1317 4754 me
1341 4710 1684 4755 testamentum
1703 4742 1719 4768 ,
1750 4718 1865 4755 cum
1889 4706 2121 4775 auferam

544 4794 830 4862 iniquitates
862 4793 1086 4862 ipsorum
1107 4830 1122 4855 ,
1162 4801 1207 4845 et
1243 4801 1558 4861 peccatorum
1595 4808 1767 4845 eorum
1810 4809 1911 4847 non
1948 4809 2118 4846 recor-

547 4884 706 4938 dabor
728 4883 945 4953 amplius
977 4880 1111 4955 (Jer.
1140 4881 1229 4936 3i.
1256 4880 1368 4950 34).
1415 4878 1551 4945 Quid
1581 4878 1679 4934 hac
1707 4896 1766 4936 re
1789 4881 2119 4937 manifestius

544 4991 665 5031 esse
691 4973 897 5045 possit?
925 4972 1268 5029 Vocationem
1295 4971 1488 5043 quippe
1517 4971 1747 5041 gentium
1768 5013 1783 5039 ,
1814 4989 1965 5028 novae
1992 4975 2121 5045 legis

545 5082 704 5137 supra
720 5074 952 5120 veterem
974 5063 1360 5128 excellentiam,
1388 5060 1689 5117 facilitatem
1708 5077 1974 5132 accessus,
2002 5079 2120 5120 cre-

546 5157 784 5212 dentium
826 5156 1047 5226 gratiam
1067 5196 1084 5222 ,
1126 5163 1180 5213 et
1211 5153 1412 5210 donum
1446 5153 1500 5209 in
1524 5152 1790 5224 baptismo
1815 5154 2009 5210 factum
2040 5156 2121 5213 his

546 5249 811 5303 vaticiniis
838 5246 1175 5318 significavit.

622 5341 707 5396 ll.
747 5339 896 5407 Quod
926 5354 1054 5394 vero
1080 5337 1169 5409 qui
1197 5336 1313 5393 haec
1348 5335 1473 5391 fecit
1494 5376 1510 5405 ,
1542 5335 1588 5391 is
1612 5335 1725 5406 ipse
1754 5345 1934 5405 postea
1959 5334 2120 5405 judex

546 5431 825 5485 adfuturus
849 5431 950 5496 sit,
984 5429 1251 5499 perpende
1272 5428 1538 5499 quomodo
1561 5428 1736 5483 ethoc
1759 5429 2122 5498 praenuncient

550 5520 829 5591 Propheta:
853 5560 869 5585 ,
908 5536 1081 5590 neque
1121 5520 1263 5575 enim
1306 5518 1358 5573 id
1394 5519 1605 5573 silentio
1648 5520 2117 5590 praetermiserunt,

551 5611 640 5666 alii
666 5610 878 5680 quidem
906 5611 1145 5665 videntes
1166 5626 1287 5666 eum
1312 5610 1365 5663 in
1386 5625 1452 5664 eo
1475 5608 1592 5681 ipso
1620 5610 1831 5677 habitu,
1858 5626 1963 5679 quo
1989 5628 2119 5665 ven-

552 5712 700 5760 turus
739 5710 893 5766 erat;
938 5702 1029 5756 alii
1074 5702 1251 5757 verbis
1286 5716 1406 5756 eum
1449 5702 1938 5772 pra‘signiﬁcantes.
1990 5704 2120 5759 Nam

551 5792 732 5851 Daniel
760 5792 919 5849 etiam
948 5791 1000 5847 iu
1036 5790 1211 5847 medio
1240 5791 1582 5847 barbarorum
1610 5792 2015 5865 Babyloniorum
2044 5800 2119 5850 vi-

1232 406 1291 460 S.
1326 403 1601 460 JOANNIS
1637 404 2107 465 CHRYSOSTOMI
2146 406 2463 463 ARCIIIEP.
2502 409 3036 471 CONSTANTINOP.
3681 422 3775 477 ευ

2207 517 2296 572 det
2321 519 2489 589 ipsum
2512 522 2567 576 in
2589 524 2816 581 nubibus
2838 527 3133 582 venientem
3159 528 3315 584 :audi
3343 529 3485 585 illius
3505 532 3775 602 Pmplietns

2209 611 2369 665 verba
2394 627 2410 665 :
2440 613 2754 681 Aspiciebam
2770 657 2786 683 ,
2813 618 3013 687 inquit,
3041 627 3091 673 et
3109 636 3220 674 ecce
3241 623 3383 691 quasi
3411 624 3549 692 [ilius
3570 628 3777 679 hominis

2210 700 2408 756 ueniens
2436 703 2487 755 in
2522 704 2737 759 nubibus
2755 747 2770 771 ,
2796 716 2846 760 et
2868 710 3089 777 pervenit
3114 725 3268 781 usque
3291 712 3359 764 ad
3376 715 3642 782 antiquum
3668 717 3771 768 die-

2208 807 2322 844 rum
2339 832 2354 854 ,
2380 802 2427 846 et
2453 802 2573 848 ante
2600 811 2713 849 eum
2741 796 2938 853 oblatus
2964 810 3055 854 est.
3087 800 3155 854 Et
3178 803 3325 855 datus
3351 814 3424 857 est
3449 806 3493 858 ei
3522 809 3775 875 principa-

2209 889 2287 934 tus
2316 890 2363 935 et
2386 899 2593 952 regnum
2616 895 2663 937 et
2699 903 2870 942 omnes
2912 890 3112 958 populi,
3141 892 3316 958 tribus,
3349 894 3535 965 lingula
3556 898 3659 965 ipsi
3680 915 3776 950 ser-

2210 970 2339 1024 vient
2364 970 2523 1041 (Dan.
2547 973 2599 1026 7.
2635 971 2745 1041 l3).
2781 972 2846 1028 Et
2868 974 3131 1043 judicium
3166 981 3281 1050 ejus
3323 983 3392 1035 ita
3439 985 3735 1039 subindicat
3764 1004 3777 1038 :

2208 1061 2522 1131 Aspiciebam
2549 1065 2705 1119 donec
2728 1068 2893 1121 throni
2915 1071 3063 1137 positi
3081 1082 3219 1137 sunt,
3250 1083 3296 1127 et
3321 1074 3433 1128 libri
3452 1078 3620 1144 aperti
3642 1090 3781 1131 sunt:

2211 1161 2259 1205 et
2305 1154 2487 1221 ﬂuvius
2532 1156 2709 1226 igneus
2758 1161 2993 1214 manabat
3040 1163 3093 1216 in
3139 1176 3404 1233 conspectu
3450 1169 3558 1237 ejus
3588 1183 3608 1221 :
3649 1170 3782 1222 mille

2211 1243 2371 1296 millia
2414 1246 2763 1302 ministrabant
2804 1251 2849 1303 ei
2872 1290 2887 1313 ,
2937 1261 2984 1304 et
3030 1251 3191 1306 decies
3236 1256 3416 1309 millies
3450 1258 3586 1311 dena
3626 1260 3783 1312 millia

2211 1333 2502 1388 assistebant
2539 1336 2603 1389 ei.
2650 1336 2832 1408 Neque
2869 1342 2970 1395 hoc
2997 1351 3199 1397 tantum
3235 1356 3452 1413 narrat,
3495 1348 3590 1402 sed
3631 1365 3785 1418 quem

2209 1421 2336 1488 justi
2365 1423 2591 1480 habituri
2615 1437 2738 1482 sunt
2762 1428 3019 1486 honorem
3041 1431 3118 1487 sic
3146 1432 3397 1489 describit
3417 1454 3432 1488 :
3452 1435 3516 1490 Et
3535 1438 3785 1508 judicium

2214 1513 2349 1566 dedit
2377 1516 2559 1569 sanctis
2583 1516 2826 1573 Altissimi
2850 1560 2866 1587 ,
2909 1530 2958 1575 et
2998 1538 3209 1593 regnum
3250 1526 3567 1581 obtinuerunt
3603 1533 3783 1584 sancti.

2214 1600 2498 1659 Malachias
2528 1620 2655 1661 vero
2684 1606 2787 1662 hoc
2808 1608 3062 1677 judicium
3090 1626 3183 1680 per
3208 1613 3380 1683 ignem
3407 1614 3644 1671 futurum
3672 1634 3786 1673 esse

2216 1689 2449 1747 declarat
2487 1694 2571 1749 his
2613 1697 2787 1751 verbis
2820 1716 2832 1751 :
2861 1698 2992 1754 Ecce
3028 1703 3135 1772 ipse
3174 1702 3451 1773 ingreditur
3490 1707 3620 1760 sicut
3662 1709 3788 1777 ignis

2216 1782 2521 1851 con/latorii,
2555 1794 2601 1838 et
2621 1787 2749 1839 sicut
2775 1786 2926 1841 herba
2944 1789 3198 1857 fullonum
3232 1792 3481 1864 (Malae/2.
3508 1796 3563 1850 3.
3594 1796 3676 1869 2).
3707 1798 3790 1851 V’i-

2217 1870 2395 1926 distin’
2433 1874 2807 1944 prophetarum
2844 1881 3265 1947 accurationem,
3295 1884 3563 1953 quomodo
3590 1889 3787 1953 omnia,

2217 1978 2335 2032 quae
2372 1963 2548 2019 futura
2592 1976 2748 2035 sunt,
2796 1970 3108 2025 annuntiare
3148 1974 3605 2043 prmoccuparint?
3652 1977 3789 2043 Quo-

2217 2053 2378 2109 modo
2397 2070 2525 2127 ergo
2556 2056 2730 2112 adhuc
2756 2058 3057 2117 incredulus
3095 2078 3308 2118 manere
3353 2066 3557 2133 audes,
3604 2068 3791 2121 talibus

2218 2145 2451 2216 acceptis
2490 2147 2605 2216 ejus
2643 2148 2854 2204 virtutis
2881 2152 3420 2209 demoustrationibus
3440 2197 3455 2221 ,
3481 2172 3604 2211 cum
3633 2160 3791 2212 verbo

2219 2234 2401 2290 videas
2429 2236 2626 2291 tamdiu
2653 2247 2776 2292 ante
2798 2241 3147 2310 przenuntiata
3170 2283 3187 2309 ,
3228 2258 3415 2314 resque
3442 2245 3622 2300 videas
3654 2251 3791 2301 acci-

2220 2326 2347 2381 dere
2390 2328 2567 2382 verbis
2610 2343 2871 2384 consonas
2895 2372 2911 2397 ,
2956 2332 3025 2386 ita
3053 2343 3110 2387 ut
3138 2334 3268 2388 nihil
3308 2337 3525 2389 omnino
3552 2339 3793 2392 excidat?

2220 2417 2474 2488 Quodque
2492 2419 2605 2475 haec
2629 2436 2732 2475 non
2751 2422 2998 2492 figmenta
3020 2433 3199 2478 nostra
3220 2426 3344 2490 sint,
3371 2427 3719 2483 testificantur
3740 2432 3791 2493 ii,

2220 2511 2307 2579 qui
2336 2511 2490 2580 primi
2514 2511 2677 2567 libros
2701 2522 3039 2583 acceperunt,
3065 2523 3120 2570 et
3146 2520 3432 2570 etiamnum
3454 2531 3791 2582 conservant,

2221 2600 2419 2656 inimici
2467 2603 2673 2670 nostri,
2720 2603 3117 2675 abnepotesque
3160 2621 3343 2661 eorum
3376 2608 3463 2678 qui
3514 2609 3793 2665 Dominqu

2220 2695 2593 2749 erucilixeruut
2629 2711 2642 2749 :
2673 2696 2763 2767 qui
2803 2696 2967 2751 libros
2989 2738 3005 2764 ,
3042 2697 3287 2767 inquam,
3315 2698 3453 2769 apud
3482 2713 3541 2754 se
3570 2702 3795 2755 retinent

2220 2792 2277 2837 et
2318 2793 2655 2839 conservant.
2711 2786 2778 2840 Et
2814 2787 2902 2856 qui
2942 2787 3055 2841 fieri
3100 2789 3294 2857 possit,
3345 2789 3484 2843 dicet
3511 2790 3793 2860 quispiam,

2224 2885 2282 2929 ut
2310 2876 2473 2930 libros
2494 2875 2751 2932 habentes
2770 2894 2873 2932 non
2899 2878 3151 2933 credant?
3181 2879 3310 2946 Quia
3330 2891 3451 2934 tunc
3473 2884 3657 2947 etiam,
3679 2898 3796 2937 etim

2222 2982 2342 3021 eum
2361 2968 2617 3023 mirabilia
2641 2980 2951 3038 Operantem
2982 2971 3240 3037 viderent,
3273 2987 3377 3026 non
3406 2973 3749 3029 crediderunt
3776 2994 3787 3028 :

2223 3058 2317 3113 sed
2348 3058 2448 3113 hoc
2486 3074 2593 3113 non
2631 3068 2712 3114 est
2739 3061 2939 3115 crimen
2987 3062 3100 3131 ejus
3125 3062 3347 3117 cuinon
3385 3064 3654 3132 creditur,
3703 3068 3795 3119 sed

2224 3164 2405 3202 eorum
2428 3150 2615 3219 magis,
2639 3151 2726 3219 qui
2754 3151 2807 3205 in
2830 3151 3052 3207 meridie
3077 3154 3381 3209 caecutiunt.
3412 3154 3545 3208 Nam
3571 3166 3626 3211 et
3657 3157 3797 3213 hunc

2224 3240 2476 3293 mundum
2527 3241 2580 3293 in
2626 3239 2803 3295 medio
2847 3241 3156 3311 prOposuit,
3203 3244 3611 3299 instrumentum
3655 3248 3799 3301 omni

2224 3331 2581 3385 concinnitate
2605 3330 2958 3396 elaboratum,
2987 3348 3169 3387 vocem
3198 3333 3428 3405 undique
3454 3334 3728 3403 emitteus,
3746 3348 3799 3391 et

2226 3432 2521 3477 creatorem
2568 3422 2862 3491 [medicans
2903 3441 2917 3477 :
2957 3434 3011 3478 et
3064 3435 3237 3479 tamen
3286 3426 3499 3495 quidam
3555 3427 3801 3482 homines

2224 3522 2366 3578 sunt,
2398 3512 2487 3584 qui
2516 3514 2599 3567 vel
2629 3522 2898 3568 automata
2935 3529 3053 3569 esse
3077 3515 3289 3579 dicunt,
3322 3516 3403 3571 vel
3431 3516 3621 3572 horum
3650 3534 3801 3573 crea-

2226 3605 2423 3658 tionem
2465 3614 2622 3674 atque
2673 3604 3057 3675 providentiam
3107 3605 3409 3661 hominibus
3455 3609 3799 3676 adscribunt;

2225 3696 2313 3751 alii
2342 3710 2468 3753 vero
2494 3696 2717 3753 fortuna:
2736 3739 2753 3766 ,
2784 3697 2911 3763 fato,
2938 3700 3138 3768 genesi,
3167 3700 3249 3753 vel
3273 3700 3544 3755 stellarum
3573 3717 3799 3757 conver-

2226 3789 2482 3845 sionibus.
2526 3788 2723 3844 Verum
2769 3788 2870 3845 hoc
2898 3790 3100 3845 crimen
3142 3806 3248 3846 non
3279 3791 3330 3845 in
3357 3794 3606 3862 opiticem
3636 3794 3799 3859 cadit,

2226 3880 2320 3936 sed
2351 3881 2400 3935 in
2432 3895 2558 3948 eos,
2586 3881 2675 3951 qui
2701 3881 2838 3936 inter
2876 3890 2955 3937 tot
2992 3881 3225 3937 remedia
3251 3882 3423 3939 adhuc
3445 3887 3705 3940 extremis
3733 3887 3803 3940 la-

2226 3971 2417 4026 borant
2457 3972 2672 4027 morbis.
2722 3972 3174 4040 Quemadmodum
3219 3974 3358 4029 enim
3407 3976 3542 4030 bene
3583 3976 3804 4032 affectus

2225 4064 2435 4118 animus
2478 4063 2601 4134 quid
2632 4063 2770 4120 facto
2790 4080 2925 4135 opus
2950 4066 3018 4119 sit
3058 4065 3237 4133 videt,
3266 4082 3366 4122 nec
3394 4069 3577 4123 multis
3605 4070 3674 4123 ad
3705 4075 3802 4123 hoc

2222 4164 2347 4225 eget
2372 4154 2729 4225 adjumentis;
2761 4155 2839 4211 sic
2881 4155 3188 4226 imprudens
3212 4172 3273 4211 ac
3298 4158 3564 4227 stupidus,
3595 4160 3799 4213 etiamsi

2226 4247 2534 4301 innumeros
2580 4246 2770 4301 habeat
2807 4248 3118 4317 magistros,
3162 4248 3430 4303 affectibus
3462 4266 3799 4321 przeoccupa~

2228 4346 2333 4403 tus,
2365 4340 2418 4393 in
2447 4340 2684 4393 ctecitate
2703 4346 3023 4409 perseverat.
3057 4339 3167 4394 Hoc
3192 4340 3349 4409 igitur
3364 4355 3579 4409 semper
3598 4341 3801 4407 videas,

2227 4445 2333 4484 non
2364 4430 2416 4485 in
2446 4429 2545 4484 hac
2570 4445 2628 4485 re
2657 4430 2848 4494 solum,
2871 4430 2965 4484 sed
2993 4430 3046 4483 in
3073 4430 3193 4484 aliis
3222 4446 3450 4500 quoque.
3492 4431 3639 4498 Quot
3662 4434 3799 4488 enim

2226 4529 2383 4587 sunt,
2414 4522 2648 4591 quicum
2691 4521 2886 4575 nullam
2924 4520 3193 4577 audissent
3227 4522 3433 4592 legem,
3479 4524 3709 4580 honeste
3744 4540 3803 4578 ac

2226 4612 2458 4683 legitime
2498 4611 2784 4667 vixerunt?
2826 4611 2928 4666 Alii
2956 4626 3083 4668 vero
3109 4627 3149 4669 at
3167 4612 3387 4683 pueritia
3415 4612 3482 4667 ad
3506 4624 3801 4669 extremam

2226 4717 2397 4772 usque
2435 4711 2761 4757 senectutem
2810 4702 2863 4757 in
2909 4702 3113 4773 legibus
3141 4703 3345 4758 educati
3370 4744 3385 4770 ,
3424 4718 3515 4759 eas
3566 4704 3801 4759 violandi

2227 4808 2511 4863 numquam
2540 4795 2698 4848 finem
2726 4793 2981 4848 fecerunt.
3033 4793 3159 4849 Haec
3186 4803 3240 4848 et
3274 4794 3411 4864 apud
3440 4802 3655 4850 veteres
3677 4811 3807 4852 con-

2229 4885 2502 4955 tigerunt:
2531 4899 2651 4939 nam
2686 4883 2855 4939 Judaei
2900 4884 3192 4938 innumeris
3232 4884 3393 4953 signis
3430 4893 3487 4939 et
3531 4885 3811 4941 miraculis

2228 4992 2335 5031 non
2379 4977 2628 5031 meliores
2653 4976 2827 5032 elfecti
2868 4985 3029 5040 sunt;
3077 4975 3317 5031 Ninivita:
3340 4991 3470 5031 vero
3498 4992 3605 5032 una
3635 4977 3811 5032 solum

2229 5070 2402 5124 audita
2433 5086 2562 5125 voce
2589 5070 2958 5141 resipuerunt,
3003 5079 3056 5125 et
3083 5085 3113 5123 a
3139 5070 3367 5139 peccatis
3410 5070 3621 5125 liberati
3662 5084 3808 5126 sunt.

2233 5160 2344 5214 Hoc
2371 5160 2529 5215 etiam
2556 5160 2738 5216 videre
2779 5168 2859 5215 est
2898 5176 3005 5215 non
3044 5160 3097 5214 in
3125 5160 3391 5214 nobilibus
3415 5169 3623 5215 tantum
3652 5163 3806 5226 vins,

2230 5250 2324 5305 sed
2364 5252 2524 5305 etiam
2571 5251 2624 5304 in
2673 5251 2899 5305 obscuro
2934 5251 3055 5307 loco
3104 5252 3261 5307 natis.
3308 5251 3511 5318 Quanta
3560 5252 3808 5308 doctrina

2230 5354 2337 5394 non
2366 5341 2596 5395 imbutus
2619 5350 2701 5395 est
2723 5340 2928 5395 ludas?
2955 5350 3008 5395 et
3037 5350 3212 5396 tamen
3240 5341 3478 5411 proditor
3507 5341 3682 5398 factus
3702 5354 3808 5399 est.

2228 5434 2395 5499 Quam
2434 5433 2848 5489 admonitionem
2880 5435 3061 5490 habuit
3100 5435 3276 5490 latro?
3311 5444 3542 5491 attamen
3571 5437 3627 5491 in
3652 5453 3811 5492 cruce

2228 5521 2495 5578 Christum
2520 5526 2792 5580 confessus
2815 5535 2932 5593 est,
2977 5535 3032 5581 et
3070 5542 3291 5597 regnum
3328 5527 3442 5597 ejus
3473 5527 3807 5597 prredicavit.

2227 5614 2305 5670 Ne
2332 5615 2490 5685 igitur
2516 5632 2545 5668 a
2572 5626 2939 5687 corruptorum
2971 5616 3244 5672 hominum
3282 5628 3458 5674 mente
3501 5634 3683 5672 rerum
3724 5620 3813 5686 jn-

2229 5704 2426 5761 dicium
2465 5706 2624 5762 facias
2649 5723 2665 5772 ;
2707 5707 2802 5763 sed
2830 5708 2897 5763 ab
2923 5708 3035 5777 ipsa
3062 5725 3239 5763 rerum
3266 5710 3485 5763 veritate
3508 5722 3819 5777 congruen-

2233 5809 2338 5854 tem
2381 5798 2640 5854 calculum
2689 5800 2943 5870 ponasde
2985 5800 3087 5867 iis,
3135 5802 3223 5872 qui
3253 5809 3393 5855 recta
3420 5800 3641 5855 consilia
3683 5806 3821 5854 sunt
