3832 6262
1148 150 1169 177 Δ

34 488 35 491 ‘
123 471 353 541 amplexi.
382 469 497 525 Non
532 470 871 526 crediderunt
897 469 1065 527 ιιιᾱωὶ
1083 512 1101 539 ,
1131 470 1471 528 crediderunt
1497 471 1680 527 Genti-

34 572 35 595 λ
123 569 207 621 les.
230 563 376 631 Quod
407 562 577 631 ipsum
605 577 711 617 non
740 562 953 618 silentio
983 565 1399 633 praetermissum
1425 574 1507 619 est
1540 581 1553 617 :
1585 564 1680 618 sed

124 653 267 710 David
293 652 502 723 quidem
531 652 660 707 dicit
689 670 702 707 :
728 651 852 707 Filii
876 655 1027 708 alieni
1056 655 1248 708 mentiti
1271 665 1385 709 sunt
1408 655 1552 720 ntihi,
1585 654 1682 723 ﬁlii

120 745 259 799 alieni
285 744 542 796 inveterati
584 752 699 798 sunt
719 786 734 811 ,
780 753 827 799 et
850 745 1255 799 claudicaverunt
1286 762 1318 798 a
1351 747 1538 799 semitis
1574 747 1679 798 suis

121 834 275 905 (Psal.
310 834 396 887 17.
427 833 521 905 46)
552 850 566 887 :
597 833 816 890 Hesaias
843 850 971 893 vero
1004 852 1019 890 :
1048 833 1286 901 Domine,
1317 836 1429 905 quis
1467 836 1679 889 credidit

100 925 297 977 auditui
327 934 529 987 nostra,
577 933 624 978 et
661 925 919 979 brachium
946 924 1150 980 Domini
1194 927 1277 980 cui
1304 926 1578 980 revelatum
1604 937 1677 982 est

106 1007 301 1077 (ﬂesai.
324 1006 413 1062 53.
429 1008 482 1078 1)
499 1008 524 1062 ?
540 1006 605 1063 Et
622 1024 841 1065 rursum
868 1027 883 1066 :
908 1008 1155 1067 Inventus
1172 1028 1288 1067 sum
1309 1014 1375 1068 ab
1397 1015 1464 1071 iis
1481 1006 1572 1087 qni
1586 1036 1666 1074 me

104 1118 197 1155 non
223 1097 525 1171 qurerebant
552 1115 571 1154 :
591 1099 899 1169 conspicuus
924 1101 1099 1171 factus
1113 1120 1227 1159 sum
1257 1105 1322 1160 iis
1338 1108 1429 1177 qui
1452 1125 1533 1165 me
1558 1128 1662 1168 non

86 1194 483 1263 interrogabant
511 1194 719 1265 (Hesai.
750 1196 838 1251 65.
868 1198 941 1261 1).
974 1199 1153 1269 Atque
1182 1203 1234 1255 in
1261 1201 1381 1271 ipso
1405 1204 1525 1273 ejus
1561 1208 1661 1263 ad-

115 1294 261 1339 ventu
285 1283 583 1341 Chananrea
611 1294 668 1342 et
690 1285 1018 1343 Samaritana
1059 1290 1251 1346 mulier
1292 1291 1671 1347 crediderunt:

110 1373 402 1429 sacerdotes
449 1382 629 1429 autem
673 1385 727 1431 et
773 1378 1040 1448 principes
1096 1380 1295 1434 bellum
1349 1380 1674 1452 insidiasque

110 1464 390 1534 parabant,
433 1464 671 1535 aliosque
694 1468 972 1538 abigebant
993 1510 1009 1535 ,
1035 1478 1089 1524 et
1124 1484 1190 1525 ex
1218 1486 1483 1542 synagoga
1512 1472 1673 1542 pelle.

108 1557 226 1610 ham
247 1571 378 1622 eos,
416 1557 506 1627 qui
548 1557 600 1613 in
650 1559 820 1629 ipsum
862 1560 1159 1617 crederent.
1205 1562 1283 1618 Ne
1311 1563 1470 1634 igitur
1496 1574 1547 1620 te
1572 1566 1671 1621 ista

106 1648 457 1702 conturbent:
488 1649 671 1705 multis
715 1651 1017 1721 hujusmodi
1062 1655 1321 1724 exemplis
1366 1659 1518 1727 plena
1564 1657 1673 1712 vita

105 1749 277 1793 nostra
299 1749 418 1806 est,
448 1750 556 1795 tum
584 1752 767 1798 nostro
794 1754 902 1798 tum
932 1747 1199 1815 prteterito
1226 1756 1483 1817 tempore.
1522 1750 1670 1805 Alio-

101 1831 220 1898 quin
261 1846 389 1885 vero
409 1873 425 1896 ,
460 1831 507 1885 si
546 1847 651 1887 non
689 1849 909 1901 omnes,
954 1837 1102 1891 multi
1132 1846 1279 1893 certe
1305 1855 1369 1893 ex
1397 1839 1594 1895 ludatis
1617 1850 1671 1897 et

100 1933 219 1977 tunc
262 1934 317 1977 et
358 1935 542 1979 nostro
586 1936 822 1997 tempore
860 1929 1220 1986 crediderunt.
1272 1931 1422 2000 Quod
1464 1933 1508 1987 si
1563 1949 1668 1988 non

97 2029 278 2068 omnes
324 2016 452 2070 nihil
486 2032 614 2073 sane
654 2033 850 2073 novum
880 2030 971 2075 aut
997 2022 1239 2078 mirabile
1270 2041 1284 2077 :
1314 2024 1435 2079 talis
1473 2024 1668 2095 quippe

93 2116 170 2160 cst
199 2107 434 2177 ingratus
461 2110 667 2164 animus
685 2152 701 2179 ,
742 2112 859 2166 talis
886 2128 1037 2169 mens
1075 2114 1280 2171 ratione
1307 2131 1469 2171 vacua
1490 2158 1507 2186 ,
1550 2119 1668 2174 talis

90 2198 261 2251 anima
293 2198 446 2253 malis
472 2200 747 2256 affectibus
775 2212 1050 2271 occupata.

161 2286 519 2345 Praedictiones
544 2309 577 2345 a
598 2292 797 2347 Christo
821 2296 1035 2364 prolata:
1057 2298 1165 2368 ejus
1197 2299 1472 2368 potentiam
1499 2311 1668 2356 osten-

89 2379 230 2434 dunt.
255 2409 329 2421 —
365 2382 629 2438 Caeterum
654 2387 776 2455 quia
806 2387 1111 2457 pr0phetias
1139 2390 1208 2445 de
1250 2390 1461 2447 Christo
1506 2395 1666 2449 tantis

84 2481 237 2524 antea
269 2474 595 2542 temporibus
613 2490 643 2530 a
670 2477 941 2546 prophetis
967 2478 1269 2537 enuntiatas
1297 2483 1616 2553 protulimus
1646 2503 1660 2540 :

84 2579 179 2632 age
201 2565 255 2619 in
277 2567 510 2623 medium
535 2569 820 2627 afferamus
838 2587 951 2640 eas,
973 2589 1092 2644 quae
1120 2575 1186 2631 de
1207 2576 1297 2631 illo
1320 2592 1441 2633 cum
1470 2589 1664 2638 terram

80 2656 352 2723 circuiret,
373 2668 562 2715 etcum
580 2660 883 2717 hominibus
905 2677 1311 2723 conversaretur
1328 2669 1483 2725 edita:
1500 2682 1624 2728 sunt
1645 2691 1662 2729 :

82 2755 139 2799 ut
170 2746 297 2802 hinc
327 2750 485 2804 etiam
508 2751 625 2821 ejus
670 2756 957 2824 potentiam
981 2757 1204 2814 ediscas.
1255 2760 1385 2815 Cum
1412 2763 1662 2820 advenis-

76 2848 160 2892 set
183 2840 381 2909 igitur,
412 2851 467 2897 et
494 2844 680 2901 salutis
709 2845 982 2903 hominum
1004 2851 1271 2920 negotium
1299 2867 1477 2923 ageret
1501 2897 1516 2923 ,
1548 2864 1659 2911 tum

76 2944 263 2985 eorum
286 2973 302 2995 ,
337 2933 424 3001 qui
456 2943 579 2991 tunc
607 2936 659 2990 in
681 2937 843 3003 vivis,
871 2948 980 2993 tum
1007 2941 1166 2996 etiam
1191 2958 1397 3007 eorum,
1430 2948 1518 3016 qui
1540 2956 1661 3017 post

73 3022 239 3077 futuri
288 3033 466 3092 erant,
519 3027 681 3083 variis
723 3029 864 3084 illam
906 3032 1078 3088 modis
1118 3038 1452 3104 procurabat.
1505 3039 1655 3107 Vide,

73 3128 301 3183 quaeso,
367 3117 492 3187 quid
550 3118 723 3175 faciat.
801 3123 1048 3180 Miracula
1095 3126 1245 3195 edit,
1305 3139 1358 3184 et
1409 3131 1653 3198 quaedam

68 3206 319 3274 praedicit
358 3208 527 3280 longis
568 3224 751 3282 postea
794 3218 1121 3287 temporibus
1146 3230 1398 3277 eventura
1420 3265 1435 3289 ,
1466 3239 1529 3279 ac
1562 3241 1657 3294 per

71 3315 135 3351 ea
164 3315 292 3369 quze
322 3310 445 3357 tunc
473 3305 669 3360 fiebant
689 3347 705 3369 .
736 3310 800 3363 iis
822 3327 941 3379 qua:
971 3312 1060 3367 diu
1088 3322 1268 3383 postea
1306 3315 1477 3370 futura
1506 3329 1659 3373 erant

64 3390 411 3449 auditoribus
458 3400 806 3465 praesentibus
846 3402 1001 3459 fidem
1042 3404 1243 3461 faciens
1272 3425 1287 3463 :
1315 3407 1504 3463 futuris
1527 3426 1660 3480 quo-

59 3498 166 3549 que
204 3500 279 3537 ex
314 3497 507 3542 eventu
537 3491 1239 3565 pratdictionumﬁredibilia
1285 3500 1514 3556 reddens
1552 3503 1655 3557 mi-

60 3576 243 3630 racula
304 3579 397 3634 illo
448 3589 690 3652 tempore
735 3586 874 3642 edita
924 3607 939 3643 :
984 3598 1145 3660 atque
1192 3608 1257 3647 ex
1305 3591 1405 3649 hac
1456 3595 1657 3665 duplici

54 3668 528 3732 demonstratione
569 3677 726 3735 fidem
766 3680 967 3739 faciens
1010 3683 1111 3751 iis,
1157 3701 1274 3757 qua:
1323 3687 1389 3742 ad
1433 3704 1654 3761 regnum

54 3763 434 3829 pertinebant.

125 3854 220 3908 l2.
254 3855 396 3912 Nam
424 3859 663 3929 duplices
699 3875 851 3920 erant
881 3866 997 3935 ejus
1022 3868 1422 3937 praedictiones,
1473 3882 1528 3928 et
1572 3872 1655 3930 hze

48 3944 281 4012 quidem
327 3948 380 4002 in
419 3953 666 4020 praesenti
704 3955 811 4010 vita
856 3966 1125 4013 eventum
1164 3971 1350 4026 erant,
1398 3963 1500 4017 illa:
1528 3980 1654 4020 vero

46 4045 174 4103 post
224 4038 406 4109 ipsam
453 4047 964 4102 consummationem
999 4050 1222 4121 aliasque
1261 4052 1486 4108 aliarum
1514 4056 1653 4110 veri-

45 4136 218 4183 talem
274 4129 581 4189 luculenter
622 4140 1131 4195 commonstrahaut.
1185 4142 1425 4215 Exempli
1468 4136 1647 4214 causa,

40 4234 171 4274 nam
200 4219 503 4278 obscurum
534 4225 729 4281 dictum
770 4228 982 4297 planum
1012 4230 1185 4287 facere
1208 4241 1446 4303 satagam
1470 4252 1485 4301 ;
1515 4236 1651 4292 duo-

36 4310 225 4367 tlccim
262 4314 442 4382 ipsum
471 4315 713 4388 discipuli
759 4321 1157 4391 sequebantur:
1187 4324 1479 4381 Ecclesiam
1523 4343 1650 4384 vero

34 4420 210 4459 nemo
241 4407 340 4461 vel
369 4423 426 4461 re
455 4409 535 4464 vel
565 4412 777 4466 nomine
816 4422 1016 4468 tantum
1045 4426 1302 4472 noverat:
1333 4433 1454 4472 nam
1481 4418 1651 4492 Syna-

33 4512 173 4567 guga
210 4499 451 4555 florebat
481 4502 673 4559 adhuc.
730 4504 863 4573 Quid
896 4507 1053 4577 igitur
1094 4510 1256 4575 dixit,
1288 4522 1342 4567 et
1370 4513 1499 4569 orbe
1540 4516 1652 4571 fere

33 4599 151 4642 toto
177 4592 235 4645 in
271 4592 548 4660 impietate
569 4595 784 4651 detento
812 4602 1089 4667 praedixit?
1116 4603 1285 4672 Super
1305 4606 1436 4659 hanc
1456 4600 1651 4677 petram

33 4682 325 4750 redi/icabo
358 4683 631 4739 Ecclesium
662 4705 820 4741 meant
841 4733 854 4755 ,
886 4701 932 4744 et
961 4705 1121 4760 porta
1152 4695 1301 4767 inferi
1329 4713 1429 4751 non
1455 4713 1650 4767 prazva-

33 4774 215 4829 'ebunt
258 4777 513 4830 adversus
554 4795 665 4831 eam
712 4779 922 4848 (Matth.
958 4784 1042 4837 16.
1073 4784 1186 4854 18).
1244 4786 1496 4841 Examina
1546 4788 1650 4845 hoc

34 4867 247 4922 lictum
279 4867 511 4933 utlibet,
535 4876 588 4923 et
605 4872 880 4926 veritatem
908 4874 1022 4943 ejus
1044 4876 1390 4946 rel‘nlgcntem
1420 4878 1645 4933 videbis.

33 4958 145 5015 Non
175 4960 352 5015 enim
380 4960 505 5016 illud
554 4962 726 5018 solum
773 4965 1047 5032 mirabile,
1092 4968 1231 5037 quod
1270 4984 1387 5023 cam
1434 4970 1485 5024 in
1532 4972 1649 5024 uni-

33 5067 195 5107 terso
230 5052 384 5107 orbe
422 5054 795 5119 aedificaverit,
843 5056 939 5111 sed
982 5057 1123 5127 quod
1163 5059 1408 5114 invictam
1440 5060 1646 5126 fecerit,

33 5155 71 5196 et
104 5153 193 5199 tot
216 5144 492 5214 agitatam
522 5144 674 5201 bellis
700 5147 967 5202 invictam.
998 5148 1131 5203 Illud
1155 5149 1295 5204 enim
1327 5169 1340 5205 :
1375 5150 1545 5207 Porta:
1568 5156 1650 5207 in-

34 5238 122 5289 'eri
150 5253 270 5289 non
303 5237 658 5307 prtevalebunt
679 5238 917 5294 adversus
945 5257 1084 5307 eam,
1117 5242 1351 5311 pericula
1379 5251 1503 5297 sunt
1529 5261 1649 5313 qua:

34 5345 68 5380 ιι
116 5326 427 5382 infernum
457 5326 745 5383 deducunt.
800 5328 1042 5384 Vidistiu‘
1068 5331 1427 5402 prtedictionis
1452 5337 1648 5388 verita-

34 5435 129 5472 em
153 5418 183 5471 ?
258 5415 522 5471 Vidistiu’
547 5429 769 5475 eventus
810 5420 1010 5476 robur?
1041 5422 1277 5478 Vidistin’
1304 5425 1463 5479 verba
1490 5425 1649 5480 rebus

33 5510 154 5581 psis
196 5509 462 5565 lucentia
488 5548 502 5574 ,
527 5519 584 5565 et
606 5510 712 5564 vim
738 5511 1145 5581 insuperabilem
1174 5514 1352 5569 omnia
1382 5516 1524 5570 nullo
1551 5531 1647 5571 ne—

34 5605 173 5662 ,otio
228 5599 579 5656 facientem?
628 5602 739 5658 Etsi
766 5604 908 5659 enim
955 5604 1115 5660 breve
1142 5604 1339 5661 dictum
1382 5608 1452 5661 sit
1498 5608 1645 5675 illud,

33 5695 365 5765 Ediﬁcabo
394 5693 670 5749 Ecclesium
691 5714 883 5765 meam,
912 5714 978 5753 ne
1007 5699 1315 5770 simpliciter
1343 5712 1647 5770 prmtereas,

34 5792 110 5847 ed
143 5789 213 5846 in
263 5798 465 5843 mente
496 5787 710 5846 revolve
734 5829 755 5862 ,
799 5800 855 5846 et
888 5792 1061 5863 cogita
1102 5806 1358 5865 quantum
1383 5793 1453 5852 sit
1484 5805 1649 5852 totum

635 347 906 403 CONTRA
946 346 1224 405 JUDEOS
1262 349 1351 405 ET
1388 348 1752 419 GEN’I'ILES,
1789 348 1976 419 QUOD
2010 352 2346 412 CHRISTUS
2383 355 2489 412 SIT
2528 357 2729 413 DbUS.

3262 354 3366 411 830

1789 468 1975 525 orbem
2021 481 2130 527 tam
2156 473 2301 528 brevi
2333 482 2571 544 tempore
2601 472 2852 531 Ecclesiis
2880 470 3199 545 replevisse,
3242 482 3363 528 tan-

1787 569 1867 615 tas
1882 563 2207 618 convertisse
2232 574 2437 633 gentes,
2456 566 2662 635 populis
2677 566 3027 634 persuasisse,
3051 574 3107 619 ut
3130 567 3365 633 paternis

1785 652 1971 705 solutis
2000 653 2202 722 legibus
2247 654 2533 709 radicatam
2573 655 3009 710 consuetudinem
3044 655 3359 722 evellereut,

1785 742 2070 812 voluptatis
2115 745 2485 815 tyrannidem,
2531 745 2779 815 nequitiae
2821 747 2925 801 vim
2952 761 3050 801 ceu
3092 747 3361 816 pulverem

1784 832 2070 904 ejicerent,
2104 850 2223 890 aras
2245 877 2261 903 ,
2301 836 2498 907 templa
2523 877 2539 902 ,
2572 830 2710 890 idola
2735 877 2750 901 ,
2781 837 3030 907 mysteria
3057 879 3071 901 ,
3110 837 3357 907 profanas

1783 924 2187 993 solemnitates,
2238 926 2612 996 impurumque
2655 926 2920 992 nidorem,
2960 927 3111 996 quasi
3156 926 3359 981 fumum

1784 1017 2061 1086 quemdam
2091 1018 2367 1084 delerent;
2399 1018 2592 1088 ubique
2629 1017 2815 1072 altaria
2842 1018 3164 1082 excitarent,
3192 1019 3244 1073 in
3271 1034 3358 1073 re-

1780 1108 1938 1179 gione
1958 1107 2338 1175 Romanorum,
2360 1110 2656 1172 Persarum,
2671 1108 3007 1179 Scytharum,
3033 1109 3356 1174 Maurorum,

1782 1200 2027 1254 Indorum
2054 1217 2069 1254 :
2097 1199 2223 1270 quid
2248 1200 2407 1255 dico?
2430 1200 2510 1255 vel
2536 1210 2685 1254 extra
2714 1199 2898 1254 orbem
2935 1208 3193 1253 nostrum.
3225 1198 3356 1252 Nam

1780 1300 1835 1346 et
1860 1290 2172 1345 Britannicas
2203 1290 2419 1358 insulae,
2461 1306 2580 1360 quae
2615 1300 2764 1345 extra
2796 1290 2896 1344 hoc
2923 1304 3070 1344 mare
3094 1290 3210 1343 sita:
3233 1301 3358 1343 sunt

1779 1388 1835 1436 ct
1875 1381 1927 1435 in
1974 1382 2091 1451 ipso
2118 1380 2365 1445 Oceano,
2403 1380 2509 1435 vim
2552 1380 2701 1435 verbi
2729 1390 3008 1436 senserunt
3037 1398 3052 1433 :
3080 1379 3187 1437 illic
3212 1380 3356 1435 enim

1779 1471 2033 1527 Ecclesiae
2056 1481 2111 1528 et
2136 1473 2319 1527 altaria
2340 1482 2519 1527 erecta
2548 1471 2723 1527 fuere.
2756 1471 2986 1527 Verbum
3025 1471 3151 1525 illud
3172 1511 3187 1535 ,
3214 1470 3356 1540 quod

1780 1570 1903 1617 tunc
1928 1563 2018 1617 ille
2043 1564 2293 1633 protulit,
2325 1563 2377 1617 in
2418 1562 2655 1617 omnium
2699 1561 2890 1616 animis
2933 1562 3223 1631 plantatqu
3249 1568 3352 1623 est,

1779 1669 1873 1724 per
1896 1656 2132 1710 omnium
2163 1670 2255 1709 ora
2284 1654 2451 1709 fertur
2482 1671 2496 1707 :
2534 1663 2587 1708 et
2615 1664 2752 1708 terra
2773 1694 2789 1718 ,
2818 1666 2874 1708 ut
2902 1654 2970 1707 ita
2999 1653 3171 1707 dicam
3197 1692 3211 1714 ,
3238 1652 3356 1706 uui-

1777 1759 1949 1811 versa,
1976 1747 2141 1814 spinis
2161 1746 2361 1815 repleta
2378 1744 2660 1800 emundata
2687 1754 2787 1809 est,
2810 1759 2936 1813 ager
2957 1758 3118 1813 purus
3138 1742 3354 1797 eﬂ‘ecns

1776 1846 1878 1902 est,
1902 1837 2217 1906 pietatisque
2240 1835 2443 1891 semina
2473 1835 2722 1907 suscepit.
2772 1834 2956 1904 Magna
2986 1848 3114 1888 sane
3135 1849 3221 1887 res
3248 1844 3353 1897 est,

1776 1941 1988 1994 magna,
2019 1926 2230 1997 inquam
2251 1968 2265 1992 ,
2298 1928 2405 1981 imo
2430 1941 2653 1981 summa:
2682 1925 3059 1995 magnitudinis
3079 1933 3133 1979 et
3159 1924 3353 1979 divina:

1775 2017 1984 2071 virtutis
2010 2026 2375 2087 argumentum
2409 2034 2425 2072 :
2448 2018 2660 2072 nemine
2688 2018 2870 2072 turbas
2894 2027 3142 2071 movente
3160 2056 3175 2081 ,
3222 2030 3354 2083 pare

1775 2121 1981 2161 summa
2000 2147 2017 2173 ,
2049 2107 2174 2162 licet
2213 2109 2367 2162 tnulti
2393 2107 2775 2163 conturbarcnt
2798 2116 2852 2162 et
2879 2122 3036 2160 nemo
3062 2105 3353 2160 reluctare-

1774 2206 1896 2265 tur,
1944 2198 2174 2268 potuisse
2218 2207 2421 2253 tantum
2449 2198 2633 2253 orbem
2671 2198 2950 2253 confestim
2976 2213 3005 2250 a
3035 2212 3193 2266 prava
3223 2197 3351 2250 tanti

1776 2289 2029 2357 temporis
2071 2290 2456 2344 consuetudine
2504 2289 2716 2343 liberari
2737 2328 2753 2354 ,
2800 2288 2852 2341 in
2881 2287 3040 2341 aliam
3067 2302 3193 2359 vero
3218 2301 3350 2341 con-

1769 2380 2103 2436 suetudinem
2138 2381 2295 2451 longe
2312 2381 2661 2437 difﬁciliorem
2685 2380 2905 2435 traduci.
2945 2379 3124 2450 Neque
3148 2388 3350 2434 tantum

1769 2476 2101 2534 consuetudo
2124 2475 2531 2541 adversabatur,
2562 2474 2657 2531 sed
2684 2475 2845 2529 etiam
2874 2472 3116 2543 voluptas
3140 2471 3352 2528 detine-

1768 2568 1893 2636 bat,
1939 2568 2048 2624 duo
2095 2568 2356 2640 tyrannici
2399 2568 2583 2624 obices
2611 2584 2625 2619 :
2658 2582 2780 2622 nam
2823 2582 2943 2638 qme
2986 2581 3018 2620 a
3063 2567 3350 2621 ruultorum

1767 2676 2029 2718 annorum
2066 2660 2331 2717 curriculo
2353 2675 2385 2717 a
2410 2660 2644 2731 patribus
2666 2701 2680 2724 ,
2708 2659 2821 2714 avis
2844 2699 2859 2725 ,
2886 2658 3068 2714 abavis
3086 2700 3102 2724 ,
3131 2658 3349 2727 majori-

1768 2754 1868 2810 bus
1889 2794 1906 2821 ,
1938 2753 2269 2826 philosophis
2287 2762 2344 2810 et
2362 2753 2663 2809 rhetoribus
2690 2762 3040 2823 acceperant,
3070 2767 3134 2807 ea
3162 2766 3349 2822 respu-

1767 2859 1880 2910 ere,
1911 2859 2029 2915 qute
2055 2859 2143 2900 res
2170 2842 2453 2899 admodum
2485 2841 2714 2897 difficilis
2737 2851 2854 2897 erat
2876 2881 2890 2905 ,
2919 2840 3266 2908 docebantur,
3294 2848 3350 2896 ct

1766 2950 1957 2989 novam
1980 2936 2221 3005 accipere
2250 2933 2689 2989 consuetudinem
2713 2974 2727 2998 ,
2770 2947 2994 3003 eamque
3018 2973 3032 2997 ,
3061 2931 3202 3002 quod
3226 2946 3349 3002 gra-

1766 3028 1884 3082 vius
1917 3038 2072 3095 erat,
2104 3027 2259 3083 valde
2285 3027 2475 3082 duram
2501 3035 2556 3081 et
2580 3026 2882 3081 molestam.
2929 3025 3165 3080 Abduxit
3193 3041 3223 3079 a
3251 3040 3346 3079 vo-

1767 3122 2003 3192 luptate,
2048 3130 2103 3177 et
2131 3120 2336 3175 induxit
2379 3119 2434 3174 in
2479 3119 2739 3191 jejunium
2769 3135 2781 3171 :
2814 3118 3035 3174 abduxit
3071 3118 3140 3172 ab
3163 3133 3347 3172 amore

1765 3215 2142 3286 pecuniarum,
2190 3225 2245 3269 et
2281 3214 2486 3269 induxit
2522 3215 2574 3268 in
2624 3221 3019 3284 paupertatem;
3069 3211 3287 3267 abduxit
3313 3232 3344 3267 a

1764 3305 1978 3359 lascivia
1998 3346 2014 3373 ,
2053 3314 2108 3359 et
2133 3304 2336 3359 induxit
2363 3303 2414 3357 in
2444 3304 2845 3373 temperantiam
2870 3319 2884 3356 :
2907 3301 3124 3357 abduxit
3144 3302 3212 3356 ab
3240 3303 3338 3363 ira,

1761 3405 1817 3451 et
1843 3395 2048 3450 induxit
2074 3396 2127 3450 in
2154 3395 2614 3450 mansuetudinem
2646 3411 2659 3445 :
2692 3393 2911 3448 abduxit
2944 3392 3012 3447 ab
3035 3392 3249 3457 invidia,
3283 3402 3341 3447 et

1763 3488 1969 3543 induxit
2009 3488 2061 3542 in
2109 3488 2485 3558 benignitatem
2517 3504 2531 3540 :
2560 3485 2778 3541 abduxit
2805 3501 2834 3539 a
2868 3486 2951 3541 via
2982 3485 3086 3540 lata
3121 3494 3177 3541 et
3219 3500 3341 3555 spa-

1763 3583 1917 3646 tiosa,
1950 3590 2001 3636 et
2027 3580 2232 3635 induxit
2258 3583 2309 3635 in
2338 3590 2613 3651 angustam
2635 3621 2651 3645 ,
2691 3588 2890 3633 arctam
2917 3587 2971 3633 et
3000 3587 3341 3649 praeruptam,

1760 3670 1987 3738 induxit,
2038 3672 2249 3741 inquam
2275 3713 2290 3737 ,
2317 3680 2559 3727 assuetos
2587 3671 2685 3725 vite
2709 3669 2852 3725 latae.
2902 3669 3016 3724 Non
3046 3670 3187 3726 enim
3210 3670 3344 3726 alios

1758 3763 2044 3831 assumpsit
2078 3762 2321 3818 homines
2348 3774 2495 3818 extra
2525 3760 2780 3817 mundum
2808 3771 2863 3817 et
2899 3761 3035 3816 hanc
3056 3771 3341 3816 consuetu-

1758 3855 1935 3910 dinem
1962 3856 2227 3920 viventes;
2259 3854 2353 3910 sed
2380 3868 2474 3909 eos
2504 3855 2645 3924 ipsos
2668 3852 2759 3923 qui
2797 3852 2907 3923 jam
2936 3853 2989 3907 in
3030 3867 3092 3907 ea
3117 3867 3340 3922 compu-

1759 3956 2016 4011 truerant,
2035 3957 2087 4003 ct
2113 3948 2223 4002 luto
2244 3947 2512 4001 molliores
2525 3954 2698 4012 erant,
2721 3946 2820 4000 bos
2835 3946 2995 4015 jussit
3021 3945 3074 4000 in
3093 3957 3336 4014 angusta,

1757 4054 1945 4109 aspera
1993 4049 2047 4095 et
2093 4049 2239 4094 arcta
2287 4038 2536 4093 incedere
2578 4037 2697 4104 via,
2754 4048 2810 4092 et
2858 4036 2910 4092 id
2948 4036 3210 4108 persuasit
3236 4038 3335 4091 eis.

1757 4131 1898 4200 Quot
1924 4130 2227 4187 hominibus
2271 4129 2322 4185 id
2366 4129 2672 4200 persuasit?
2722 4128 2837 4184 Non
2876 4128 3000 4193 uni,
3028 4127 3109 4182 vel
3130 4127 3335 4193 decem,

1755 4226 1839 4282 vel
1865 4226 2074 4297 viginti,
2101 4225 2181 4280 vel
2208 4232 2417 4279 centum
2442 4221 2767 4288 hominibus,
2789 4221 2883 4277 sed
2908 4220 3156 4277 omnibus
3170 4220 3339 4275 ferme

1755 4318 1856 4373 sub
1883 4317 1999 4372 Sole
2039 4315 2418 4371 habitantibus.
2472 4314 2709 4382 Quorum
2738 4328 2900 4384 opera
2937 4312 2991 4367 id
3032 4312 3337 4383 persuasit?

1756 4410 2012 4468 Undecim
2059 4424 2221 4478 opera
2248 4409 2559 4477 hominum,
2590 4408 2957 4463 illiteratorum
2979 4449 2996 4473 ,
3029 4407 3337 4470 idiotarum,

1755 4502 2172 4575 ineloquentium
2193 4544 2209 4568 ,
2240 4501 2547 4572 ignobilium
2566 4542 2582 4567 ,
2613 4515 2922 4571 pauperum,
2954 4499 3143 4569 patria,
3174 4514 3335 4569 Opum

1755 4593 2129 4660 facultatibus,
2180 4595 2373 4648 robore
2409 4592 2649 4661 corporis
2676 4630 2692 4657 ,
2735 4591 2918 4661 gloria:
2955 4590 3332 4661 prtecellentia,

1754 4690 1965 4758 generis
1988 4684 2292 4756 splendore,
2319 4685 2371 4740 vi
2397 4685 2705 4752 verborum,
2738 4685 3029 4740 rhetorices
3052 4685 3331 4755 gravitate,

1753 4780 1988 4835 scientia:
2014 4778 2475 4834 commendatione
2510 4779 2831 4843 carentium;
2873 4777 2967 4832 sed
2994 4776 3333 4846 piscatorum,

1760 4872 2221 4927 tabernaculorum
2248 4871 2495 4942 opificum
2514 4913 2528 4938 ,
2571 4870 2661 4942 qui
2691 4870 2912 4925 diversa:
2940 4870 3131 4948 lingua:
3159 4879 3336 4927 erant.

1757 4963 1942 5031 Neque
1968 4963 2153 5019 eadem
2180 4964 2251 5017 illi
2271 4978 2373 5034 qua
2398 4962 2668 5017 auditores
2688 4962 2861 5031 lingua
2892 4959 3131 5015 instructi
3160 4970 3331 5026 erant,

1758 5055 1857 5110 sed
1871 5056 2145 5126 peregrina
2167 5064 2323 5125 atque
2339 5055 2406 5109 ab
2416 5054 2533 5108 aliis
2547 5052 2790 5107 omnibus
2806 5051 3019 5107 diversa
3034 5053 3206 5122 lingua
3221 5061 3334 5108 ute-

1756 5147 1969 5213 bantur,
1986 5147 2232 5201 nimirum
2250 5146 2523 5201 Hebraica.
2538 5145 2639 5200 Per
2652 5143 2749 5198 bos
2761 5142 2897 5198 banc
2911 5142 3203 5198 Ecclesiam
3213 5145 3334 5198 tedi-

1758 5238 1955 5301 licavit,
1981 5255 2100 5307 quae
2128 5253 2158 5292 a
2187 5238 2378 5291 tinibus
2398 5250 2563 5306 usque
2589 5234 2655 5289 ad
2677 5233 2811 5289 lines
2837 5242 2992 5289 terra:
3010 5235 3333 5290 extenditur.

1826 5331 1916 5385 15.
1980 5328 2118 5383 Mira
2180 5327 2446 5399 Evangelii
2500 5328 2817 5399 prapagatio.
2866 5354 2939 5367 --
2994 5325 3177 5397 Neque
3236 5327 3338 5383 hoc

1757 5419 1929 5475 solum
1976 5419 2220 5475 mirabile
2268 5431 2385 5481 est;
2436 5418 2530 5474 sed
2577 5417 2718 5489 quod
2761 5416 2979 5483 idiotze,
3031 5432 3334 5487 pauperes,

1757 5512 1945 5581 pauci,
2005 5511 2304 5582 ignobiles,
2360 5511 2592 5566 illiterati
2639 5524 2703 5566 ac
2753 5510 2915 5575 viles,
2971 5510 3188 5564 alterius
3228 5511 3334 5567 lin-

1760 5626 1909 5680 guae,
1950 5608 2409 5679 despicabilesque
2449 5607 2722 5673 homines,
2765 5604 2957 5676 quibus
2991 5605 3158 5660 totius
3189 5607 3337 5661 orbis

1757 5703 2063 5759 emendatio
2085 5702 2367 5757 commissa
2395 5701 2583 5767 fuerat,
2620 5700 2931 5769 jnssumque
2947 5698 3119 5753 fuerat
3144 5698 3210 5751 ad
3234 5697 3336 5751 dif-

1767 5798 1988 5856 ﬁciliora
2009 5796 2180 5869 ipsum
2209 5796 2483 5853 traducere
2501 5835 2518 5865 ,
2552 5809 2661 5854 non
2681 5793 2808 5853 illud
2829 5794 2882 5851 in
2904 5807 3043 5869 pace
3078 5790 3297 5849 fecerint
3315 5830 3337 5860 ,

3150 5953 3179 5965 κ.
