  <div class='ocr_page' id='page_1' title='image "/cluster/home/n/w/nwhite01/storage/ocr_20150623/48/hvd.32044014784250/313.png"; bbox 0 0 3920 6246; ppageno 0'>
   <div class='ocr_carea' id='block_1_1' title="bbox 487 276 3034 365">
    <p class='ocr_par' dir='ltr' id='par_1_1' title="bbox 487 276 3034 365">
     <span class='ocr_line' id='line_1_1' title="bbox 487 276 3034 365; baseline 0.002 -8"><span class='ocrx_word' id='word_1_1' title='bbox 487 299 582 359; x_wconf 77' lang='grc'><strong>851</strong></span> <span class='ocrx_word' id='word_1_2' title='bbox 1228 302 1288 364; x_wconf 85' lang='lat' dir='ltr'><strong>S.</strong></span> <span class='ocrx_word' id='word_1_3' title='bbox 1327 301 1603 359; x_wconf 79' lang='lat' dir='ltr'><strong>JOANNIS</strong></span> <span class='ocrx_word' id='word_1_4' title='bbox 1637 276 2109 358; x_wconf 42' lang='lat' dir='ltr'><strong>CIIRY‘SOSTOMI</strong></span> <span class='ocrx_word' id='word_1_5' title='bbox 2139 298 2456 356; x_wconf 77' lang='lat' dir='ltr'><strong>ABCBIEP.</strong></span> <span class='ocrx_word' id='word_1_6' title='bbox 2495 302 3034 365; x_wconf 74' lang='lat' dir='ltr'><strong>CONSTANTINOP.</strong></span> 
     </span>
    </p>
   </div>
   <div class='ocr_carea' id='block_1_2' title="bbox 496 417 2082 491">
    <p class='ocr_par' dir='ltr' id='par_1_2' title="bbox 496 417 2082 491">
     <span class='ocr_line' id='line_1_2' title="bbox 496 417 2082 491; baseline -0.004 -11"><span class='ocrx_word' id='word_1_7' title='bbox 496 424 593 480; x_wconf 87' lang='lat' dir='ltr'><strong>sed</strong></span> <span class='ocrx_word' id='word_1_8' title='bbox 638 421 934 479; x_wconf 89' lang='lat' dir='ltr'><strong>innumeris</strong></span> <span class='ocrx_word' id='word_1_9' title='bbox 960 419 1193 491; x_wconf 83' lang='lat' dir='ltr'><strong>undique</strong></span> <span class='ocrx_word' id='word_1_10' title='bbox 1219 419 1373 475; x_wconf 83' lang='lat' dir='ltr'><strong>bellis</strong></span> <span class='ocrx_word' id='word_1_11' title='bbox 1396 418 1667 489; x_wconf 76' lang='lat' dir='ltr'><strong>exagitati.</strong></span> <span class='ocrx_word' id='word_1_12' title='bbox 1699 418 1802 474; x_wconf 87' lang='lat' dir='ltr'><strong>Per</strong></span> <span class='ocrx_word' id='word_1_13' title='bbox 1844 417 2082 488; x_wconf 88' lang='lat' dir='ltr'><strong>singulas</strong></span> 
     </span>
    </p>
   </div>
   <div class='ocr_carea' id='block_1_3' title="bbox 495 511 2083 587">
    <p class='ocr_par' dir='ltr' id='par_1_3' title="bbox 495 511 2083 587">
     <span class='ocr_line' id='line_1_3' title="bbox 495 511 2083 587; baseline -0.003 -17"><span class='ocrx_word' id='word_1_14' title='bbox 495 517 694 587; x_wconf 77' lang='lat' dir='ltr'><strong>quippe</strong></span> <span class='ocrx_word' id='word_1_15' title='bbox 729 525 912 587; x_wconf 88' lang='lat' dir='ltr'><strong>gentes</strong></span> <span class='ocrx_word' id='word_1_16' title='bbox 951 523 1006 570; x_wconf 90' lang='lat' dir='ltr'><strong>et</strong></span> <span class='ocrx_word' id='word_1_17' title='bbox 1044 514 1238 579; x_wconf 86' lang='lat' dir='ltr'><strong>urbes,</strong></span> <span class='ocrx_word' id='word_1_18' title='bbox 1276 521 1332 568; x_wconf 90' lang='lat' dir='ltr'><strong>et</strong></span> <span class='ocrx_word' id='word_1_19' title='bbox 1367 512 1492 583; x_wconf 92' lang='lat' dir='ltr'><strong>qttid</strong></span> <span class='ocrx_word' id='word_1_20' title='bbox 1533 512 1654 568; x_wconf 87' lang='lat' dir='ltr'><strong>dico</strong></span> <span class='ocrx_word' id='word_1_21' title='bbox 1706 528 1799 582; x_wconf 89' lang='lat' dir='ltr'><strong>per</strong></span> <span class='ocrx_word' id='word_1_22' title='bbox 1845 511 2083 581; x_wconf 86' lang='lat' dir='ltr'><strong>singulas</strong></span> 
     </span>
    </p>
   </div>
   <div class='ocr_carea' id='block_1_4' title="bbox 500 601 2083 677">
    <p class='ocr_par' dir='ltr' id='par_1_4' title="bbox 500 601 2083 677">
     <span class='ocr_line' id='line_1_4' title="bbox 500 601 2083 677; baseline -0.003 -15"><span class='ocrx_word' id='word_1_23' title='bbox 500 616 687 677; x_wconf 85' lang='lat' dir='ltr'><strong>gentes</strong></span> <span class='ocrx_word' id='word_1_24' title='bbox 717 615 773 661; x_wconf 94' lang='lat' dir='ltr'><strong>et</strong></span> <span class='ocrx_word' id='word_1_25' title='bbox 800 605 993 660; x_wconf 82' lang='lat' dir='ltr'><strong>urbes?</strong></span> <span class='ocrx_word' id='word_1_26' title='bbox 1022 620 1118 675; x_wconf 90' lang='lat' dir='ltr'><strong>per</strong></span> <span class='ocrx_word' id='word_1_27' title='bbox 1142 603 1379 673; x_wconf 90' lang='lat' dir='ltr'><strong>singulas</strong></span> <span class='ocrx_word' id='word_1_28' title='bbox 1402 603 1563 659; x_wconf 90' lang='lat' dir='ltr'><strong>etiam</strong></span> <span class='ocrx_word' id='word_1_29' title='bbox 1583 602 1771 657; x_wconf 90' lang='lat' dir='ltr'><strong>domos</strong></span> <span class='ocrx_word' id='word_1_30' title='bbox 1792 601 1927 657; x_wconf 87' lang='lat' dir='ltr'><strong>bella</strong></span> <span class='ocrx_word' id='word_1_31' title='bbox 1954 617 2083 657; x_wconf 90' lang='lat' dir='ltr'><strong>con-</strong></span> 
     </span>
    </p>
   </div>
   <div class='ocr_carea' id='block_1_5' title="bbox 500 693 2082 769">
    <p class='ocr_par' dir='ltr' id='par_1_5' title="bbox 500 693 2082 769">
     <span class='ocr_line' id='line_1_5' title="bbox 500 693 2082 769; baseline -0.003 -17"><span class='ocrx_word' id='word_1_32' title='bbox 500 709 579 753; x_wconf 86' lang='lat' dir='ltr'><strong>tra</strong></span> <span class='ocrx_word' id='word_1_33' title='bbox 606 699 749 769; x_wconf 90' lang='lat' dir='ltr'><strong>ipsos</strong></span> <span class='ocrx_word' id='word_1_34' title='bbox 775 697 1147 754; x_wconf 89' lang='lat' dir='ltr'><strong>movebantur.</strong></span> <span class='ocrx_word' id='word_1_35' title='bbox 1194 696 1437 767; x_wconf 75' lang='lat' dir='ltr'><strong>IngreSSa</strong></span> <span class='ocrx_word' id='word_1_36' title='bbox 1470 711 1698 766; x_wconf 84' lang='lat' dir='ltr'><strong>namque</strong></span> <span class='ocrx_word' id='word_1_37' title='bbox 1727 694 1989 759; x_wconf 74' lang='lat' dir='ltr'><strong>doctrina,</strong></span> <span class='ocrx_word' id='word_1_38' title='bbox 2021 693 2082 748; x_wconf 86' lang='lat' dir='ltr'><strong>ﬁ-</strong></span> 
     </span>
    </p>
   </div>
   <div class='ocr_carea' id='block_1_6' title="bbox 501 785 2080 857">
    <p class='ocr_par' dir='ltr' id='par_1_6' title="bbox 501 785 2080 857">
     <span class='ocr_line' id='line_1_6' title="bbox 501 785 2080 857; baseline -0.001 -16"><span class='ocrx_word' id='word_1_39' title='bbox 501 788 735 857; x_wconf 84' lang='lat' dir='ltr'><strong>liumque</strong></span> <span class='ocrx_word' id='word_1_40' title='bbox 759 803 789 841; x_wconf 93' lang='lat' dir='ltr'><strong>a</strong></span> <span class='ocrx_word' id='word_1_41' title='bbox 817 797 967 856; x_wconf 81' lang='lat' dir='ltr'><strong>patre</strong></span> <span class='ocrx_word' id='word_1_42' title='bbox 993 802 1137 857; x_wconf 73' lang='lat' dir='ltr'><strong>smpe</strong></span> <span class='ocrx_word' id='word_1_43' title='bbox 1164 786 1427 850; x_wconf 85' lang='lat' dir='ltr'><strong>dividens,</strong></span> <span class='ocrx_word' id='word_1_44' title='bbox 1458 802 1647 841; x_wconf 88' lang='lat' dir='ltr'><strong>nurum</strong></span> <span class='ocrx_word' id='word_1_45' title='bbox 1671 802 1702 841; x_wconf 91' lang='lat' dir='ltr'><strong>a</strong></span> <span class='ocrx_word' id='word_1_46' title='bbox 1728 802 1917 851; x_wconf 92' lang='lat' dir='ltr'><strong>socru,</strong></span> <span class='ocrx_word' id='word_1_47' title='bbox 1972 785 2080 840; x_wconf 88' lang='lat' dir='ltr'><strong>fra-</strong></span> 
     </span>
    </p>
   </div>
   <div class='ocr_carea' id='block_1_7' title="bbox 500 879 2077 950">
    <p class='ocr_par' dir='ltr' id='par_1_7' title="bbox 500 879 2077 950">
     <span class='ocr_line' id='line_1_7' title="bbox 500 879 2077 950; baseline -0.001 -16"><span class='ocrx_word' id='word_1_48' title='bbox 500 890 637 934; x_wconf 85' lang='lat' dir='ltr'><strong>trem</strong></span> <span class='ocrx_word' id='word_1_49' title='bbox 666 895 698 934; x_wconf 91' lang='lat' dir='ltr'><strong>a</strong></span> <span class='ocrx_word' id='word_1_50' title='bbox 724 879 911 945; x_wconf 80' lang='lat' dir='ltr'><strong>fratre,</strong></span> <span class='ocrx_word' id='word_1_51' title='bbox 940 896 1156 935; x_wconf 80' lang='lat' dir='ltr'><strong>servum</strong></span> <span class='ocrx_word' id='word_1_52' title='bbox 1172 879 1453 947; x_wconf 89' lang='lat' dir='ltr'><strong>adomino,</strong></span> <span class='ocrx_word' id='word_1_53' title='bbox 1477 879 1743 934; x_wconf 91' lang='lat' dir='ltr'><strong>subditum</strong></span> <span class='ocrx_word' id='word_1_54' title='bbox 1765 895 1796 933; x_wconf 92' lang='lat' dir='ltr'><strong>a</strong></span> <span class='ocrx_word' id='word_1_55' title='bbox 1819 879 2077 950; x_wconf 90' lang='lat' dir='ltr'><strong>principe,</strong></span> 
     </span>
    </p>
   </div>
   <div class='ocr_carea' id='block_1_8' title="bbox 499 970 2078 1040">
    <p class='ocr_par' dir='ltr' id='par_1_8' title="bbox 499 970 2078 1040">
     <span class='ocr_line' id='line_1_8' title="bbox 499 970 2078 1040; baseline 0.003 -19"><span class='ocrx_word' id='word_1_56' title='bbox 499 971 672 1025; x_wconf 90' lang='lat' dir='ltr'><strong>virum</strong></span> <span class='ocrx_word' id='word_1_57' title='bbox 698 970 765 1025; x_wconf 90' lang='lat' dir='ltr'><strong>ab</strong></span> <span class='ocrx_word' id='word_1_58' title='bbox 792 985 980 1037; x_wconf 80' lang='lat' dir='ltr'><strong>uxore,</strong></span> <span class='ocrx_word' id='word_1_59' title='bbox 1009 986 1227 1024; x_wconf 81' lang='lat' dir='ltr'><strong>uxorem</strong></span> <span class='ocrx_word' id='word_1_60' title='bbox 1257 986 1287 1024; x_wconf 92' lang='lat' dir='ltr'><strong>a</strong></span> <span class='ocrx_word' id='word_1_61' title='bbox 1315 970 1446 1035; x_wconf 89' lang='lat' dir='ltr'><strong>viro,</strong></span> <span class='ocrx_word' id='word_1_62' title='bbox 1477 980 1680 1040; x_wconf 84' lang='lat' dir='ltr'><strong>patrem</strong></span> <span class='ocrx_word' id='word_1_63' title='bbox 1719 986 1750 1023; x_wconf 93' lang='lat' dir='ltr'><strong>a</strong></span> <span class='ocrx_word' id='word_1_64' title='bbox 1778 970 1939 1035; x_wconf 89' lang='lat' dir='ltr'><strong>ﬁliis;</strong></span> <span class='ocrx_word' id='word_1_65' title='bbox 1972 986 2078 1025; x_wconf 93' lang='lat' dir='ltr'><strong>non</strong></span> 
     </span>
    </p>
   </div>
   <div class='ocr_carea' id='block_1_9' title="bbox 496 1062 2078 1133">
    <p class='ocr_par' dir='ltr' id='par_1_9' title="bbox 496 1062 2078 1133">
     <span class='ocr_line' id='line_1_9' title="bbox 496 1062 2078 1133; baseline 0.001 -15"><span class='ocrx_word' id='word_1_66' title='bbox 496 1062 641 1118; x_wconf 90' lang='lat' dir='ltr'><strong>enim</strong></span> <span class='ocrx_word' id='word_1_67' title='bbox 667 1062 826 1118; x_wconf 87' lang='lat' dir='ltr'><strong>simul</strong></span> <span class='ocrx_word' id='word_1_68' title='bbox 850 1078 1037 1118; x_wconf 90' lang='lat' dir='ltr'><strong>omnes</strong></span> <span class='ocrx_word' id='word_1_69' title='bbox 1053 1063 1374 1131; x_wconf 83' lang='lat' dir='ltr'><strong>credebant;</strong></span> <span class='ocrx_word' id='word_1_70' title='bbox 1404 1063 1739 1133; x_wconf 89' lang='lat' dir='ltr'><strong>quotidianas</strong></span> <span class='ocrx_word' id='word_1_71' title='bbox 1757 1063 2078 1130; x_wconf 82' lang='lat' dir='ltr'><strong>inimicitias,</strong></span> 
     </span>
    </p>
   </div>
   <div class='ocr_carea' id='block_1_10' title="bbox 503 1155 2081 1227">
    <p class='ocr_par' dir='ltr' id='par_1_10' title="bbox 503 1155 2081 1227">
     <span class='ocr_line' id='line_1_10' title="bbox 503 1155 2081 1227; baseline 0 -17"><span class='ocrx_word' id='word_1_72' title='bbox 503 1157 637 1211; x_wconf 87' lang='lat' dir='ltr'><strong>bella</strong></span> <span class='ocrx_word' id='word_1_73' title='bbox 667 1155 985 1227; x_wconf 86' lang='lat' dir='ltr'><strong>frequentia,</strong></span> <span class='ocrx_word' id='word_1_74' title='bbox 1027 1157 1172 1211; x_wconf 90' lang='lat' dir='ltr'><strong>mille</strong></span> <span class='ocrx_word' id='word_1_75' title='bbox 1198 1167 1397 1211; x_wconf 85' lang='lat' dir='ltr'><strong>mortes</strong></span> <span class='ocrx_word' id='word_1_76' title='bbox 1424 1157 1553 1225; x_wconf 86' lang='lat' dir='ltr'><strong>ipsis</strong></span> <span class='ocrx_word' id='word_1_77' title='bbox 1600 1157 1918 1222; x_wconf 78' lang='lat' dir='ltr'><strong>inducebat,</strong></span> <span class='ocrx_word' id='word_1_78' title='bbox 1964 1157 2081 1211; x_wconf 80' lang='lat' dir='ltr'><strong>efﬁ-</strong></span> 
     </span>
    </p>
   </div>
   <div class='ocr_carea' id='block_1_11' title="bbox 501 1248 2081 1318">
    <p class='ocr_par' dir='ltr' id='par_1_11' title="bbox 501 1248 2081 1318">
     <span class='ocr_line' id='line_1_11' title="bbox 501 1248 2081 1318; baseline 0.001 -15"><span class='ocrx_word' id='word_1_79' title='bbox 501 1248 781 1318; x_wconf 88' lang='lat' dir='ltr'><strong>ciebatque</strong></span> <span class='ocrx_word' id='word_1_80' title='bbox 836 1257 893 1302; x_wconf 91' lang='lat' dir='ltr'><strong>ut</strong></span> <span class='ocrx_word' id='word_1_81' title='bbox 948 1262 1070 1304; x_wconf 84' lang='lat' dir='ltr'><strong>sese</strong></span> <span class='ocrx_word' id='word_1_82' title='bbox 1111 1259 1295 1303; x_wconf 92' lang='lat' dir='ltr'><strong>mutuo</strong></span> <span class='ocrx_word' id='word_1_83' title='bbox 1337 1248 1487 1317; x_wconf 87' lang='lat' dir='ltr'><strong>quasi</strong></span> <span class='ocrx_word' id='word_1_84' title='bbox 1533 1263 1847 1303; x_wconf 82' lang='lat' dir='ltr'><strong>communes</strong></span> <span class='ocrx_word' id='word_1_85' title='bbox 1901 1248 2081 1304; x_wconf 81' lang='lat' dir='ltr'><strong>hostes</strong></span> 
     </span>
    </p>
   </div>
   <div class='ocr_carea' id='block_1_12' title="bbox 500 1338 2077 1410">
    <p class='ocr_par' dir='ltr' id='par_1_12' title="bbox 500 1338 2077 1410">
     <span class='ocr_line' id='line_1_12' title="bbox 500 1338 2077 1410; baseline 0.001 -18"><span class='ocrx_word' id='word_1_86' title='bbox 500 1347 891 1394; x_wconf 82' lang='lat' dir='ltr'><strong>aversarentur.</strong></span> <span class='ocrx_word' id='word_1_87' title='bbox 916 1339 1130 1395; x_wconf 91' lang='lat' dir='ltr'><strong>Etenim</strong></span> <span class='ocrx_word' id='word_1_88' title='bbox 1157 1354 1250 1394; x_wconf 90' lang='lat' dir='ltr'><strong>eos</strong></span> <span class='ocrx_word' id='word_1_89' title='bbox 1288 1338 1555 1409; x_wconf 88' lang='lat' dir='ltr'><strong>pellebant</strong></span> <span class='ocrx_word' id='word_1_90' title='bbox 1586 1338 1861 1406; x_wconf 83' lang='lat' dir='ltr'><strong>universi,</strong></span> <span class='ocrx_word' id='word_1_91' title='bbox 1892 1354 2077 1410; x_wconf 85' lang='lat' dir='ltr'><strong>reges,</strong></span> 
     </span>
    </p>
   </div>
   <div class='ocr_carea' id='block_1_13' title="bbox 500 1431 2083 1503">
    <p class='ocr_par' dir='ltr' id='par_1_13' title="bbox 500 1431 2083 1503">
     <span class='ocr_line' id='line_1_13' title="bbox 500 1431 2083 1503; baseline 0.001 -18"><span class='ocrx_word' id='word_1_92' title='bbox 500 1433 787 1503; x_wconf 73' lang='lat' dir='ltr'><strong>principes,</strong></span> <span class='ocrx_word' id='word_1_93' title='bbox 816 1432 1015 1499; x_wconf 57' lang='lat' dir='ltr'><strong>idiotas,</strong></span> <span class='ocrx_word' id='word_1_94' title='bbox 1047 1432 1221 1499; x_wconf 91' lang='lat' dir='ltr'><strong>liberi,</strong></span> <span class='ocrx_word' id='word_1_95' title='bbox 1249 1432 1411 1497; x_wconf 88' lang='lat' dir='ltr'><strong>servi,</strong></span> <span class='ocrx_word' id='word_1_96' title='bbox 1450 1431 1650 1501; x_wconf 86' lang='lat' dir='ltr'><strong>populi.</strong></span> <span class='ocrx_word' id='word_1_97' title='bbox 1676 1433 1956 1487; x_wconf 87' lang='lat' dir='ltr'><strong>civitates:</strong></span> <span class='ocrx_word' id='word_1_98' title='bbox 1989 1447 2083 1487; x_wconf 89' lang='lat' dir='ltr'><strong>ne-</strong></span> 
     </span>
    </p>
   </div>
   <div class='ocr_carea' id='block_1_14' title="bbox 500 1524 2082 1596">
    <p class='ocr_par' dir='ltr' id='par_1_14' title="bbox 500 1524 2082 1596">
     <span class='ocr_line' id='line_1_14' title="bbox 500 1524 2082 1596; baseline 0.003 -20"><span class='ocrx_word' id='word_1_99' title='bbox 500 1540 604 1593; x_wconf 90' lang='lat' dir='ltr'><strong>que</strong></span> <span class='ocrx_word' id='word_1_100' title='bbox 633 1524 750 1579; x_wconf 91' lang='lat' dir='ltr'><strong>illos</strong></span> <span class='ocrx_word' id='word_1_101' title='bbox 782 1533 1007 1591; x_wconf 85' lang='lat' dir='ltr'><strong>tantum,</strong></span> <span class='ocrx_word' id='word_1_102' title='bbox 1038 1524 1133 1579; x_wconf 89' lang='lat' dir='ltr'><strong>sed</strong></span> <span class='ocrx_word' id='word_1_103' title='bbox 1169 1524 1311 1594; x_wconf 88' lang='lat' dir='ltr'><strong>quod</strong></span> <span class='ocrx_word' id='word_1_104' title='bbox 1334 1524 1550 1595; x_wconf 77' lang='lat' dir='ltr'><strong>gravius</strong></span> <span class='ocrx_word' id='word_1_105' title='bbox 1589 1534 1740 1591; x_wconf 90' lang='lat' dir='ltr'><strong>erat,</strong></span> <span class='ocrx_word' id='word_1_106' title='bbox 1784 1525 2082 1596; x_wconf 83' lang='lat' dir='ltr'><strong>neophytos</strong></span> 
     </span>
    </p>
   </div>
   <div class='ocr_carea' id='block_1_15' title="bbox 501 1617 2083 1688">
    <p class='ocr_par' dir='ltr' id='par_1_15' title="bbox 501 1617 2083 1688">
     <span class='ocr_line' id='line_1_15' title="bbox 501 1617 2083 1688; baseline 0.003 -18"><span class='ocrx_word' id='word_1_107' title='bbox 501 1617 555 1671; x_wconf 93' lang='lat' dir='ltr'><strong>in</strong></span> <span class='ocrx_word' id='word_1_108' title='bbox 607 1617 743 1682; x_wconf 88' lang='lat' dir='ltr'><strong>ﬁde,</strong></span> <span class='ocrx_word' id='word_1_109' title='bbox 792 1631 927 1686; x_wconf 86' lang='lat' dir='ltr'><strong>quos</strong></span> <span class='ocrx_word' id='word_1_110' title='bbox 975 1617 1048 1671; x_wconf 93' lang='lat' dir='ltr'><strong>illi</strong></span> <span class='ocrx_word' id='word_1_111' title='bbox 1092 1617 1456 1672; x_wconf 86' lang='lat' dir='ltr'><strong>instituebant.</strong></span> <span class='ocrx_word' id='word_1_112' title='bbox 1502 1617 1800 1673; x_wconf 83' lang='lat' dir='ltr'><strong>Commune</strong></span> <span class='ocrx_word' id='word_1_113' title='bbox 1852 1633 2083 1688; x_wconf 83' lang='lat' dir='ltr'><strong>namque</strong></span> 
     </span>
    </p>
   </div>
   <div class='ocr_carea' id='block_1_16' title="bbox 503 1708 2084 1779">
    <p class='ocr_par' dir='ltr' id='par_1_16' title="bbox 503 1708 2084 1779">
     <span class='ocr_line' id='line_1_16' title="bbox 503 1708 2084 1779; baseline 0.001 -17"><span class='ocrx_word' id='word_1_114' title='bbox 503 1710 697 1763; x_wconf 89' lang='lat' dir='ltr'><strong>bellum</strong></span> <span class='ocrx_word' id='word_1_115' title='bbox 723 1718 778 1764; x_wconf 89' lang='lat' dir='ltr'><strong>et</strong></span> <span class='ocrx_word' id='word_1_116' title='bbox 800 1709 1111 1765; x_wconf 87' lang='lat' dir='ltr'><strong>doctoribus</strong></span> <span class='ocrx_word' id='word_1_117' title='bbox 1139 1718 1195 1765; x_wconf 91' lang='lat' dir='ltr'><strong>et</strong></span> <span class='ocrx_word' id='word_1_118' title='bbox 1218 1708 1493 1778; x_wconf 80' lang='lat' dir='ltr'><strong>discipulis</strong></span> <span class='ocrx_word' id='word_1_119' title='bbox 1509 1708 1860 1772; x_wconf 82' lang='lat' dir='ltr'><strong>excitabatur,</strong></span> <span class='ocrx_word' id='word_1_120' title='bbox 1888 1710 2084 1779; x_wconf 88' lang='lat' dir='ltr'><strong>quippe</strong></span> 
     </span>
    </p>
   </div>
   <div class='ocr_carea' id='block_1_17' title="bbox 498 1801 2083 1871">
    <p class='ocr_par' dir='ltr' id='par_1_17' title="bbox 498 1801 2083 1871">
     <span class='ocr_line' id='line_1_17' title="bbox 498 1801 2083 1871; baseline 0 -16"><span class='ocrx_word' id='word_1_121' title='bbox 498 1816 621 1855; x_wconf 90' lang='lat' dir='ltr'><strong>cum</strong></span> <span class='ocrx_word' id='word_1_122' title='bbox 646 1802 886 1855; x_wconf 79' lang='lat' dir='ltr'><strong>doctrina</strong></span> <span class='ocrx_word' id='word_1_123' title='bbox 920 1801 1006 1856; x_wconf 90' lang='lat' dir='ltr'><strong>illa</strong></span> <span class='ocrx_word' id='word_1_124' title='bbox 1036 1811 1091 1856; x_wconf 93' lang='lat' dir='ltr'><strong>et</strong></span> <span class='ocrx_word' id='word_1_125' title='bbox 1118 1801 1278 1871; x_wconf 88' lang='lat' dir='ltr'><strong>regiis</strong></span> <span class='ocrx_word' id='word_1_126' title='bbox 1301 1802 1664 1856; x_wconf 88' lang='lat' dir='ltr'><strong>sanctionibus</strong></span> <span class='ocrx_word' id='word_1_127' title='bbox 1701 1810 1757 1857; x_wconf 91' lang='lat' dir='ltr'><strong>et</strong></span> <span class='ocrx_word' id='word_1_128' title='bbox 1795 1810 2083 1856; x_wconf 83' lang='lat' dir='ltr'><strong>consuetu-</strong></span> 
     </span>
    </p>
   </div>
   <div class='ocr_carea' id='block_1_18' title="bbox 500 1891 2084 1961">
    <p class='ocr_par' dir='ltr' id='par_1_18' title="bbox 500 1891 2084 1961">
     <span class='ocr_line' id='line_1_18' title="bbox 500 1891 2084 1961; baseline 0 -15"><span class='ocrx_word' id='word_1_129' title='bbox 500 1891 634 1955; x_wconf 89' lang='lat' dir='ltr'><strong>dini,</strong></span> <span class='ocrx_word' id='word_1_130' title='bbox 677 1901 733 1947; x_wconf 93' lang='lat' dir='ltr'><strong>et</strong></span> <span class='ocrx_word' id='word_1_131' title='bbox 754 1892 987 1961; x_wconf 73' lang='lat' dir='ltr'><strong>paternis</strong></span> <span class='ocrx_word' id='word_1_132' title='bbox 1018 1892 1260 1947; x_wconf 90' lang='lat' dir='ltr'><strong>moribus</strong></span> <span class='ocrx_word' id='word_1_133' title='bbox 1286 1892 1559 1947; x_wconf 88' lang='lat' dir='ltr'><strong>adversari</strong></span> <span class='ocrx_word' id='word_1_134' title='bbox 1581 1891 1870 1947; x_wconf 87' lang='lat' dir='ltr'><strong>videretur.</strong></span> <span class='ocrx_word' id='word_1_135' title='bbox 1902 1892 2084 1961; x_wconf 89' lang='lat' dir='ltr'><strong>Siqui-</strong></span> 
     </span>
    </p>
   </div>
   <div class='ocr_carea' id='block_1_19' title="bbox 498 1984 2085 2056">
    <p class='ocr_par' dir='ltr' id='par_1_19' title="bbox 498 1984 2085 2056">
     <span class='ocr_line' id='line_1_19' title="bbox 498 1984 2085 2056; baseline 0.001 -17"><span class='ocrx_word' id='word_1_136' title='bbox 498 1985 622 2040; x_wconf 89' lang='lat' dir='ltr'><strong>dem</strong></span> <span class='ocrx_word' id='word_1_137' title='bbox 652 1986 1001 2040; x_wconf 84' lang='lat' dir='ltr'><strong>hortabantur</strong></span> <span class='ocrx_word' id='word_1_138' title='bbox 1030 1994 1087 2040; x_wconf 92' lang='lat' dir='ltr'><strong>ut</strong></span> <span class='ocrx_word' id='word_1_139' title='bbox 1105 1986 1172 2040; x_wconf 90' lang='lat' dir='ltr'><strong>ab</strong></span> <span class='ocrx_word' id='word_1_140' title='bbox 1200 1984 1355 2040; x_wconf 85' lang='lat' dir='ltr'><strong>idolis</strong></span> <span class='ocrx_word' id='word_1_141' title='bbox 1381 1985 1721 2053; x_wconf 88' lang='lat' dir='ltr'><strong>absisterent,</strong></span> <span class='ocrx_word' id='word_1_142' title='bbox 1749 2000 1871 2041; x_wconf 88' lang='lat' dir='ltr'><strong>aras</strong></span> <span class='ocrx_word' id='word_1_143' title='bbox 1902 1985 2085 2056; x_wconf 88' lang='lat' dir='ltr'><strong>despi-</strong></span> 
     </span>
    </p>
   </div>
   <div class='ocr_carea' id='block_1_20' title="bbox 498 2079 2082 2149">
    <p class='ocr_par' dir='ltr' id='par_1_20' title="bbox 498 2079 2082 2149">
     <span class='ocr_line' id='line_1_20' title="bbox 498 2079 2082 2149; baseline 0.001 -16"><span class='ocrx_word' id='word_1_144' title='bbox 498 2089 704 2141; x_wconf 87' lang='lat' dir='ltr'><strong>cerent,</strong></span> <span class='ocrx_word' id='word_1_145' title='bbox 727 2094 860 2148; x_wconf 87' lang='lat' dir='ltr'><strong>quas</strong></span> <span class='ocrx_word' id='word_1_146' title='bbox 895 2088 951 2132; x_wconf 91' lang='lat' dir='ltr'><strong>et</strong></span> <span class='ocrx_word' id='word_1_147' title='bbox 988 2088 1167 2148; x_wconf 80' lang='lat' dir='ltr'><strong>patres</strong></span> <span class='ocrx_word' id='word_1_148' title='bbox 1194 2087 1249 2133; x_wconf 93' lang='lat' dir='ltr'><strong>et</strong></span> <span class='ocrx_word' id='word_1_149' title='bbox 1276 2079 1507 2149; x_wconf 86' lang='lat' dir='ltr'><strong>majores</strong></span> <span class='ocrx_word' id='word_1_150' title='bbox 1550 2094 1738 2135; x_wconf 90' lang='lat' dir='ltr'><strong>eorum</strong></span> <span class='ocrx_word' id='word_1_151' title='bbox 1787 2080 2082 2149; x_wconf 86' lang='lat' dir='ltr'><strong>coluerant,</strong></span> 
     </span>
    </p>
   </div>
   <div class='ocr_carea' id='block_1_21' title="bbox 501 2170 2087 2240">
    <p class='ocr_par' dir='ltr' id='par_1_21' title="bbox 501 2170 2087 2240">
     <span class='ocr_line' id='line_1_21' title="bbox 501 2170 2087 2240; baseline 0.002 -16"><span class='ocrx_word' id='word_1_152' title='bbox 501 2170 570 2224; x_wconf 85' lang='lat' dir='ltr'><strong>ab</strong></span> <span class='ocrx_word' id='word_1_153' title='bbox 602 2170 821 2239; x_wconf 89' lang='lat' dir='ltr'><strong>impuris</strong></span> <span class='ocrx_word' id='word_1_154' title='bbox 849 2170 1187 2240; x_wconf 80' lang='lat' dir='ltr'><strong>dogmatibus</strong></span> <span class='ocrx_word' id='word_1_155' title='bbox 1222 2171 1513 2235; x_wconf 88' lang='lat' dir='ltr'><strong>resilirent,</strong></span> <span class='ocrx_word' id='word_1_156' title='bbox 1554 2171 1790 2239; x_wconf 89' lang='lat' dir='ltr'><strong>riderent</strong></span> <span class='ocrx_word' id='word_1_157' title='bbox 1833 2173 2087 2227; x_wconf 92' lang='lat' dir='ltr'><strong>solemni-</strong></span> 
     </span>
    </p>
   </div>
   <div class='ocr_carea' id='block_1_22' title="bbox 504 2261 2088 2335">
    <p class='ocr_par' dir='ltr' id='par_1_22' title="bbox 504 2261 2088 2335">
     <span class='ocr_line' id='line_1_22' title="bbox 504 2261 2088 2335; baseline 0.004 -22"><span class='ocrx_word' id='word_1_158' title='bbox 504 2270 662 2331; x_wconf 84' lang='lat' dir='ltr'><strong>tates,</strong></span> <span class='ocrx_word' id='word_1_159' title='bbox 696 2261 1019 2317; x_wconf 82' lang='lat' dir='ltr'><strong>initiationes</strong></span> <span class='ocrx_word' id='word_1_160' title='bbox 1041 2273 1375 2331; x_wconf 79' lang='lat' dir='ltr'><strong>reSpuerent,</strong></span> <span class='ocrx_word' id='word_1_161' title='bbox 1406 2278 1526 2334; x_wconf 66' lang='lat' dir='ltr'><strong>qua:</strong></span> <span class='ocrx_word' id='word_1_162' title='bbox 1567 2262 1699 2335; x_wconf 89' lang='lat' dir='ltr'><strong>ipsis</strong></span> <span class='ocrx_word' id='word_1_163' title='bbox 1720 2265 1950 2320; x_wconf 83' lang='lat' dir='ltr'><strong>maxime</strong></span> <span class='ocrx_word' id='word_1_164' title='bbox 1978 2273 2088 2320; x_wconf 88' lang='lat' dir='ltr'><strong>tre-</strong></span> 
     </span>
    </p>
   </div>
   <div class='ocr_carea' id='block_1_23' title="bbox 502 2351 2087 2426">
    <p class='ocr_par' dir='ltr' id='par_1_23' title="bbox 502 2351 2087 2426">
     <span class='ocr_line' id='line_1_23' title="bbox 502 2351 2087 2426; baseline 0.004 -21"><span class='ocrx_word' id='word_1_165' title='bbox 502 2351 694 2405; x_wconf 87' lang='lat' dir='ltr'><strong>menda</strong></span> <span class='ocrx_word' id='word_1_166' title='bbox 724 2362 777 2407; x_wconf 92' lang='lat' dir='ltr'><strong>et</strong></span> <span class='ocrx_word' id='word_1_167' title='bbox 801 2351 1156 2408; x_wconf 88' lang='lat' dir='ltr'><strong>formidabilia</strong></span> <span class='ocrx_word' id='word_1_168' title='bbox 1184 2354 1540 2410; x_wconf 87' lang='lat' dir='ltr'><strong>videbantur:</strong></span> <span class='ocrx_word' id='word_1_169' title='bbox 1595 2370 1695 2426; x_wconf 93' lang='lat' dir='ltr'><strong>pro</strong></span> <span class='ocrx_word' id='word_1_170' title='bbox 1730 2357 1923 2426; x_wconf 85' lang='lat' dir='ltr'><strong>quibus</strong></span> <span class='ocrx_word' id='word_1_171' title='bbox 1969 2357 2087 2412; x_wconf 88' lang='lat' dir='ltr'><strong>ani-</strong></span> 
     </span>
    </p>
   </div>
   <div class='ocr_carea' id='block_1_24' title="bbox 507 2443 2083 2517">
    <p class='ocr_par' dir='ltr' id='par_1_24' title="bbox 507 2443 2083 2517">
     <span class='ocr_line' id='line_1_24' title="bbox 507 2443 2083 2517; baseline 0.006 -22"><span class='ocrx_word' id='word_1_172' title='bbox 507 2459 647 2496; x_wconf 90' lang='lat' dir='ltr'><strong>mam</strong></span> <span class='ocrx_word' id='word_1_173' title='bbox 675 2443 805 2499; x_wconf 86' lang='lat' dir='ltr'><strong>dare</strong></span> <span class='ocrx_word' id='word_1_174' title='bbox 834 2446 1164 2511; x_wconf 83' lang='lat' dir='ltr'><strong>maluissent,</strong></span> <span class='ocrx_word' id='word_1_175' title='bbox 1192 2462 1351 2515; x_wconf 89' lang='lat' dir='ltr'><strong>quam</strong></span> <span class='ocrx_word' id='word_1_176' title='bbox 1377 2462 1562 2502; x_wconf 90' lang='lat' dir='ltr'><strong>eorum</strong></span> <span class='ocrx_word' id='word_1_177' title='bbox 1593 2447 1736 2502; x_wconf 92' lang='lat' dir='ltr'><strong>dicta</strong></span> <span class='ocrx_word' id='word_1_178' title='bbox 1777 2448 2083 2517; x_wconf 88' lang='lat' dir='ltr'><strong>admittere,</strong></span> 
     </span>
    </p>
   </div>
   <div class='ocr_carea' id='block_1_25' title="bbox 505 2536 2083 2611">
    <p class='ocr_par' dir='ltr' id='par_1_25' title="bbox 505 2536 2083 2611">
     <span class='ocr_line' id='line_1_25' title="bbox 505 2536 2083 2611; baseline 0.007 -24"><span class='ocrx_word' id='word_1_179' title='bbox 505 2544 560 2588; x_wconf 93' lang='lat' dir='ltr'><strong>et</strong></span> <span class='ocrx_word' id='word_1_180' title='bbox 591 2536 643 2589; x_wconf 90' lang='lat' dir='ltr'><strong>in</strong></span> <span class='ocrx_word' id='word_1_181' title='bbox 667 2545 849 2590; x_wconf 91' lang='lat' dir='ltr'><strong>natum</strong></span> <span class='ocrx_word' id='word_1_182' title='bbox 878 2552 941 2591; x_wconf 86' lang='lat' dir='ltr'><strong>ex</strong></span> <span class='ocrx_word' id='word_1_183' title='bbox 966 2537 1128 2592; x_wconf 76' lang='lat' dir='ltr'><strong>Maria</strong></span> <span class='ocrx_word' id='word_1_184' title='bbox 1154 2540 1399 2605; x_wconf 90' lang='lat' dir='ltr'><strong>credere,</strong></span> <span class='ocrx_word' id='word_1_185' title='bbox 1427 2541 1518 2609; x_wconf 85' lang='lat' dir='ltr'><strong>qui</strong></span> <span class='ocrx_word' id='word_1_186' title='bbox 1547 2540 1614 2595; x_wconf 92' lang='lat' dir='ltr'><strong>ad</strong></span> <span class='ocrx_word' id='word_1_187' title='bbox 1640 2542 1885 2611; x_wconf 68' lang='lat' dir='ltr'><strong>prmsidis</strong></span> <span class='ocrx_word' id='word_1_188' title='bbox 1912 2544 2083 2598; x_wconf 86' lang='lat' dir='ltr'><strong>tribu-</strong></span> 
     </span>
    </p>
   </div>
   <div class='ocr_carea' id='block_1_26' title="bbox 430 2626 2083 2704">
    <p class='ocr_par' dir='ltr' id='par_1_26' title="bbox 430 2626 2083 2704">
     <span class='ocr_line' id='line_1_26' title="bbox 430 2626 2083 2704; baseline 0.007 -26"><span class='ocrx_word' id='word_1_189' title='bbox 430 2665 434 2669; x_wconf 77' lang='lat'><strong>.</strong></span> <span class='ocrx_word' id='word_1_190' title='bbox 505 2627 587 2679; x_wconf 85' lang='lat' dir='ltr'><strong>ual</strong></span> <span class='ocrx_word' id='word_1_191' title='bbox 610 2626 823 2690; x_wconf 89' lang='lat' dir='ltr'><strong>ductus,</strong></span> <span class='ocrx_word' id='word_1_192' title='bbox 849 2628 1019 2696; x_wconf 82' lang='lat' dir='ltr'><strong>sputis</strong></span> <span class='ocrx_word' id='word_1_193' title='bbox 1035 2627 1441 2694; x_wconf 90' lang='lat' dir='ltr'><strong>dehonestatus,</strong></span> <span class='ocrx_word' id='word_1_194' title='bbox 1466 2630 1853 2702; x_wconf 88' lang='lat' dir='ltr'><strong>innumeraque</strong></span> <span class='ocrx_word' id='word_1_195' title='bbox 1874 2649 2083 2704; x_wconf 85' lang='lat' dir='ltr'><strong>passus,</strong></span> 
     </span>
    </p>
   </div>
   <div class='ocr_carea' id='block_1_27' title="bbox 504 2719 2083 2794">
    <p class='ocr_par' dir='ltr' id='par_1_27' title="bbox 504 2719 2083 2794">
     <span class='ocr_line' id='line_1_27' title="bbox 504 2719 2083 2794; baseline 0.006 -23"><span class='ocrx_word' id='word_1_196' title='bbox 504 2719 830 2773; x_wconf 86' lang='lat' dir='ltr'><strong>exsecranda</strong></span> <span class='ocrx_word' id='word_1_197' title='bbox 853 2730 1024 2775; x_wconf 91' lang='lat' dir='ltr'><strong>morte</strong></span> <span class='ocrx_word' id='word_1_198' title='bbox 1046 2722 1288 2787; x_wconf 80' lang='lat' dir='ltr'><strong>aﬁ‘ectus,</strong></span> <span class='ocrx_word' id='word_1_199' title='bbox 1314 2723 1660 2794; x_wconf 84' lang='lat' dir='ltr'><strong>sepultusque</strong></span> <span class='ocrx_word' id='word_1_200' title='bbox 1684 2725 2083 2781; x_wconf 85' lang='lat' dir='ltr'><strong>resurrexisset.</strong></span> 
     </span>
    </p>
   </div>
   <div class='ocr_carea' id='block_1_28' title="bbox 502 2810 2086 2881">
    <p class='ocr_par' dir='ltr' id='par_1_28' title="bbox 502 2810 2086 2881">
     <span class='ocr_line' id='line_1_28' title="bbox 502 2810 2086 2881; baseline 0.005 -17"><span class='ocrx_word' id='word_1_201' title='bbox 502 2810 762 2880; x_wconf 82' lang='lat' dir='ltr'><strong>Quodque</strong></span> <span class='ocrx_word' id='word_1_202' title='bbox 804 2812 1126 2881; x_wconf 88' lang='lat' dir='ltr'><strong>stupendum</strong></span> <span class='ocrx_word' id='word_1_203' title='bbox 1170 2822 1326 2879; x_wconf 87' lang='lat' dir='ltr'><strong>erat,</strong></span> <span class='ocrx_word' id='word_1_204' title='bbox 1370 2814 1639 2869; x_wconf 88' lang='lat' dir='ltr'><strong>cruciatus</strong></span> <span class='ocrx_word' id='word_1_205' title='bbox 1680 2815 1932 2871; x_wconf 79' lang='lat' dir='ltr'><strong>omnibus</strong></span> <span class='ocrx_word' id='word_1_206' title='bbox 1974 2817 2086 2871; x_wconf 88' lang='lat' dir='ltr'><strong>noti</strong></span> 
     </span>
    </p>
   </div>
   <div class='ocr_carea' id='block_1_29' title="bbox 504 2903 2088 2981">
    <p class='ocr_par' dir='ltr' id='par_1_29' title="bbox 504 2903 2088 2981">
     <span class='ocr_line' id='line_1_29' title="bbox 504 2903 2088 2981; baseline 0.005 -24"><span class='ocrx_word' id='word_1_207' title='bbox 504 2912 676 2967; x_wconf 86' lang='lat' dir='ltr'><strong>erant,</strong></span> <span class='ocrx_word' id='word_1_208' title='bbox 705 2903 910 2974; x_wconf 83' lang='lat' dir='ltr'><strong>ﬂagella</strong></span> <span class='ocrx_word' id='word_1_209' title='bbox 938 2920 1129 2977; x_wconf 91' lang='lat' dir='ltr'><strong>nempe</strong></span> <span class='ocrx_word' id='word_1_210' title='bbox 1149 2948 1163 2971; x_wconf 96' lang='lat'><strong>,</strong></span> <span class='ocrx_word' id='word_1_211' title='bbox 1192 2905 1425 2976; x_wconf 85' lang='lat' dir='ltr'><strong>colaphi,</strong></span> <span class='ocrx_word' id='word_1_212' title='bbox 1446 2908 1789 2965; x_wconf 63' lang='lat' dir='ltr'><strong>contumelia</strong></span> <span class='ocrx_word' id='word_1_213' title='bbox 1802 2910 1915 2965; x_wconf 90' lang='lat' dir='ltr'><strong>oris</strong></span> <span class='ocrx_word' id='word_1_214' title='bbox 1930 2920 2088 2981; x_wconf 88' lang='lat' dir='ltr'><strong>sputo</strong></span> 
     </span>
    </p>
   </div>
   <div class='ocr_carea' id='block_1_30' title="bbox 507 2996 2086 3070">
    <p class='ocr_par' dir='ltr' id='par_1_30' title="bbox 507 2996 2086 3070">
     <span class='ocr_line' id='line_1_30' title="bbox 507 2996 2086 3070; baseline 0.006 -19"><span class='ocrx_word' id='word_1_215' title='bbox 507 2996 864 3064; x_wconf 85' lang='lat' dir='ltr'><strong>:lehonestati,</strong></span> <span class='ocrx_word' id='word_1_216' title='bbox 899 2999 1085 3069; x_wconf 77' lang='lat' dir='ltr'><strong>plagte,</strong></span> <span class='ocrx_word' id='word_1_217' title='bbox 1114 3014 1243 3055; x_wconf 84' lang='lat' dir='ltr'><strong>crux</strong></span> <span class='ocrx_word' id='word_1_218' title='bbox 1263 3041 1281 3067; x_wconf 96' lang='lat'><strong>,</strong></span> <span class='ocrx_word' id='word_1_219' title='bbox 1327 3000 1572 3056; x_wconf 82' lang='lat' dir='ltr'><strong>cachinni</strong></span> <span class='ocrx_word' id='word_1_220' title='bbox 1600 3003 1784 3070; x_wconf 91' lang='lat' dir='ltr'><strong>ntulti,</strong></span> <span class='ocrx_word' id='word_1_221' title='bbox 1822 3005 2086 3060; x_wconf 67' lang='lat' dir='ltr'><strong>comoedia</strong></span> 
     </span>
    </p>
   </div>
   <div class='ocr_carea' id='block_1_31' title="bbox 505 3091 2091 3168">
    <p class='ocr_par' dir='ltr' id='par_1_31' title="bbox 505 3091 2091 3168">
     <span class='ocr_line' id='line_1_31' title="bbox 505 3091 2091 3168; baseline 0.006 -26"><span class='ocrx_word' id='word_1_222' title='bbox 505 3091 753 3145; x_wconf 86' lang='lat' dir='ltr'><strong>omnibus</strong></span> <span class='ocrx_word' id='word_1_223' title='bbox 775 3091 974 3158; x_wconf 87' lang='lat' dir='ltr'><strong>oblata,</strong></span> <span class='ocrx_word' id='word_1_224' title='bbox 1004 3093 1276 3162; x_wconf 86' lang='lat' dir='ltr'><strong>sepultura</strong></span> <span class='ocrx_word' id='word_1_225' title='bbox 1298 3093 1449 3163; x_wconf 88' lang='lat' dir='ltr'><strong>quasi</strong></span> <span class='ocrx_word' id='word_1_226' title='bbox 1479 3094 1663 3165; x_wconf 63' lang='lat' dir='ltr'><strong>gratia:</strong></span> <span class='ocrx_word' id='word_1_227' title='bbox 1684 3095 1900 3152; x_wconf 84' lang='lat' dir='ltr'><strong>nomine</strong></span> <span class='ocrx_word' id='word_1_228' title='bbox 1928 3097 2091 3168; x_wconf 83' lang='lat' dir='ltr'><strong>impe-</strong></span> 
     </span>
    </p>
   </div>
   <div class='ocr_carea' id='block_1_32' title="bbox 506 3183 2085 3258">
    <p class='ocr_par' dir='ltr' id='par_1_32' title="bbox 506 3183 2085 3258">
     <span class='ocr_line' id='line_1_32' title="bbox 506 3183 2085 3258; baseline 0.006 -22"><span class='ocrx_word' id='word_1_229' title='bbox 506 3194 680 3246; x_wconf 86' lang='lat' dir='ltr'><strong>trata;</strong></span> <span class='ocrx_word' id='word_1_230' title='bbox 727 3183 819 3239; x_wconf 85' lang='lat' dir='ltr'><strong>sed</strong></span> <span class='ocrx_word' id='word_1_231' title='bbox 845 3201 966 3255; x_wconf 75' lang='lat' dir='ltr'><strong>quae</strong></span> <span class='ocrx_word' id='word_1_232' title='bbox 1015 3185 1081 3239; x_wconf 90' lang='lat' dir='ltr'><strong>ad</strong></span> <span class='ocrx_word' id='word_1_233' title='bbox 1126 3186 1573 3242; x_wconf 89' lang='lat' dir='ltr'><strong>resurrectionem</strong></span> <span class='ocrx_word' id='word_1_234' title='bbox 1623 3189 1936 3258; x_wconf 87' lang='lat' dir='ltr'><strong>spectabant</strong></span> <span class='ocrx_word' id='word_1_235' title='bbox 1978 3205 2085 3246; x_wconf 92' lang='lat' dir='ltr'><strong>non</strong></span> 
     </span>
    </p>
   </div>
   <div class='ocr_carea' id='block_1_33' title="bbox 506 3274 2084 3351">
    <p class='ocr_par' dir='ltr' id='par_1_33' title="bbox 506 3274 2084 3351">
     <span class='ocr_line' id='line_1_33' title="bbox 506 3274 2084 3351; baseline 0.008 -26"><span class='ocrx_word' id='word_1_236' title='bbox 506 3274 669 3327; x_wconf 89' lang='lat' dir='ltr'><strong>item:</strong></span> <span class='ocrx_word' id='word_1_237' title='bbox 703 3275 805 3328; x_wconf 89' lang='lat' dir='ltr'><strong>illis</strong></span> <span class='ocrx_word' id='word_1_238' title='bbox 829 3276 973 3329; x_wconf 90' lang='lat' dir='ltr'><strong>enim</strong></span> <span class='ocrx_word' id='word_1_239' title='bbox 1017 3275 1147 3331; x_wconf 91' lang='lat' dir='ltr'><strong>solis</strong></span> <span class='ocrx_word' id='word_1_240' title='bbox 1181 3286 1298 3345; x_wconf 90' lang='lat' dir='ltr'><strong>post</strong></span> <span class='ocrx_word' id='word_1_241' title='bbox 1337 3279 1783 3334; x_wconf 87' lang='lat' dir='ltr'><strong>resurrectionem</strong></span> <span class='ocrx_word' id='word_1_242' title='bbox 1818 3282 2084 3351; x_wconf 85' lang='lat' dir='ltr'><strong>apparuit.</strong></span> 
     </span>
    </p>
   </div>
   <div class='ocr_carea' id='block_1_34' title="bbox 509 3364 2086 3436">
    <p class='ocr_par' dir='ltr' id='par_1_34' title="bbox 509 3364 2086 3436">
     <span class='ocr_line' id='line_1_34' title="bbox 509 3364 2086 3436; baseline 0.006 -19"><span class='ocrx_word' id='word_1_243' title='bbox 509 3368 759 3418; x_wconf 82' lang='lat' dir='ltr'><strong>Attamen</strong></span> <span class='ocrx_word' id='word_1_244' title='bbox 785 3364 901 3420; x_wconf 76' lang='lat' dir='ltr'><strong>inec</strong></span> <span class='ocrx_word' id='word_1_245' title='bbox 923 3366 1152 3421; x_wconf 90' lang='lat' dir='ltr'><strong>dicendo</strong></span> <span class='ocrx_word' id='word_1_246' title='bbox 1173 3366 1584 3436; x_wconf 89' lang='lat' dir='ltr'><strong>persuadebant,</strong></span> <span class='ocrx_word' id='word_1_247' title='bbox 1611 3377 1667 3424; x_wconf 92' lang='lat' dir='ltr'><strong>et</strong></span> <span class='ocrx_word' id='word_1_248' title='bbox 1691 3371 1768 3425; x_wconf 88' lang='lat' dir='ltr'><strong>sic</strong></span> <span class='ocrx_word' id='word_1_249' title='bbox 1795 3371 2086 3427; x_wconf 86' lang='lat' dir='ltr'><strong>Ecclesiam</strong></span> 
     </span>
    </p>
   </div>
   <div class='ocr_carea' id='block_1_35' title="bbox 506 3457 2085 3532">
    <p class='ocr_par' dir='ltr' id='par_1_35' title="bbox 506 3457 2085 3532">
     <span class='ocr_line' id='line_1_35' title="bbox 506 3457 2085 3532; baseline 0.005 -23"><span class='ocrx_word' id='word_1_250' title='bbox 506 3457 860 3512; x_wconf 65' lang='lat' dir='ltr'><strong>aedificabant.</strong></span> <span class='ocrx_word' id='word_1_251' title='bbox 898 3458 1016 3527; x_wconf 85' lang='lat' dir='ltr'><strong>Quo</strong></span> <span class='ocrx_word' id='word_1_252' title='bbox 1043 3468 1198 3529; x_wconf 90' lang='lat' dir='ltr'><strong>pacto</strong></span> <span class='ocrx_word' id='word_1_253' title='bbox 1225 3469 1279 3514; x_wconf 89' lang='lat' dir='ltr'><strong>et</strong></span> <span class='ocrx_word' id='word_1_254' title='bbox 1305 3475 1410 3530; x_wconf 89' lang='lat' dir='ltr'><strong>qua</strong></span> <span class='ocrx_word' id='word_1_255' title='bbox 1452 3462 1704 3517; x_wconf 80' lang='lat' dir='ltr'><strong>ratione?</strong></span> <span class='ocrx_word' id='word_1_256' title='bbox 1754 3461 1959 3518; x_wconf 85' lang='lat' dir='ltr'><strong>Virtute</strong></span> <span class='ocrx_word' id='word_1_257' title='bbox 1998 3464 2085 3532; x_wconf 87' lang='lat' dir='ltr'><strong>ju-</strong></span> 
     </span>
    </p>
   </div>
   <div class='ocr_carea' id='block_1_36' title="bbox 508 3552 2090 3626">
    <p class='ocr_par' dir='ltr' id='par_1_36' title="bbox 508 3552 2090 3626">
     <span class='ocr_line' id='line_1_36' title="bbox 508 3552 2090 3626; baseline 0.004 -21"><span class='ocrx_word' id='word_1_258' title='bbox 508 3552 720 3607; x_wconf 86' lang='lat' dir='ltr'><strong>bentis:</strong></span> <span class='ocrx_word' id='word_1_259' title='bbox 753 3552 866 3622; x_wconf 90' lang='lat' dir='ltr'><strong>ipse</strong></span> <span class='ocrx_word' id='word_1_260' title='bbox 887 3569 1117 3622; x_wconf 87' lang='lat' dir='ltr'><strong>namque</strong></span> <span class='ocrx_word' id='word_1_261' title='bbox 1144 3554 1282 3608; x_wconf 90' lang='lat' dir='ltr'><strong>viam</strong></span> <span class='ocrx_word' id='word_1_262' title='bbox 1311 3556 1565 3624; x_wconf 88' lang='lat' dir='ltr'><strong>parabat,</strong></span> <span class='ocrx_word' id='word_1_263' title='bbox 1597 3555 1711 3626; x_wconf 85' lang='lat' dir='ltr'><strong>ipse</strong></span> <span class='ocrx_word' id='word_1_264' title='bbox 1745 3558 1921 3611; x_wconf 86' lang='lat' dir='ltr'><strong>omnia</strong></span> <span class='ocrx_word' id='word_1_265' title='bbox 1947 3557 2090 3611; x_wconf 88' lang='lat' dir='ltr'><strong>difﬁ-</strong></span> 
     </span>
    </p>
   </div>
   <div class='ocr_carea' id='block_1_37' title="bbox 504 3640 2088 3715">
    <p class='ocr_par' dir='ltr' id='par_1_37' title="bbox 504 3640 2088 3715">
     <span class='ocr_line' id='line_1_37' title="bbox 504 3640 2088 3715; baseline 0.006 -21"><span class='ocrx_word' id='word_1_266' title='bbox 504 3640 626 3695; x_wconf 81' lang='lat' dir='ltr'><strong>cilia</strong></span> <span class='ocrx_word' id='word_1_267' title='bbox 644 3640 815 3696; x_wconf 77' lang='lat' dir='ltr'><strong>facilia</strong></span> <span class='ocrx_word' id='word_1_268' title='bbox 830 3642 1108 3698; x_wconf 87' lang='lat' dir='ltr'><strong>reddebat.</strong></span> <span class='ocrx_word' id='word_1_269' title='bbox 1133 3642 1245 3698; x_wconf 84' lang='lat' dir='ltr'><strong>Nisi</strong></span> <span class='ocrx_word' id='word_1_270' title='bbox 1275 3644 1419 3700; x_wconf 91' lang='lat' dir='ltr'><strong>enim</strong></span> <span class='ocrx_word' id='word_1_271' title='bbox 1443 3646 1621 3699; x_wconf 87' lang='lat' dir='ltr'><strong>divina</strong></span> <span class='ocrx_word' id='word_1_272' title='bbox 1653 3647 1898 3715; x_wconf 60' lang='lat' dir='ltr'><strong>quadarn</strong></span> <span class='ocrx_word' id='word_1_273' title='bbox 1916 3648 2088 3703; x_wconf 88' lang='lat' dir='ltr'><strong>virtus</strong></span> 
     </span>
    </p>
   </div>
   <div class='ocr_carea' id='block_1_38' title="bbox 507 3731 2091 3808">
    <p class='ocr_par' dir='ltr' id='par_1_38' title="bbox 507 3731 2091 3808">
     <span class='ocr_line' id='line_1_38' title="bbox 507 3731 2091 3808; baseline 0.006 -24"><span class='ocrx_word' id='word_1_274' title='bbox 507 3731 622 3786; x_wconf 68' lang='lat' dir='ltr'><strong>haec</strong></span> <span class='ocrx_word' id='word_1_275' title='bbox 640 3742 1015 3801; x_wconf 83' lang='lat' dir='ltr'><strong>perpetrasset,</strong></span> <span class='ocrx_word' id='word_1_276' title='bbox 1044 3750 1112 3791; x_wconf 90' lang='lat' dir='ltr'><strong>ne</strong></span> <span class='ocrx_word' id='word_1_277' title='bbox 1134 3736 1217 3791; x_wconf 85' lang='lat' dir='ltr'><strong>vel</strong></span> <span class='ocrx_word' id='word_1_278' title='bbox 1241 3736 1556 3807; x_wconf 90' lang='lat' dir='ltr'><strong>principium</strong></span> <span class='ocrx_word' id='word_1_279' title='bbox 1582 3736 1799 3808; x_wconf 90' lang='lat' dir='ltr'><strong>quidem</strong></span> <span class='ocrx_word' id='word_1_280' title='bbox 1825 3749 2091 3794; x_wconf 75' lang='lat' dir='ltr'><strong>autexor-</strong></span> 
     </span>
    </p>
   </div>
   <div class='ocr_carea' id='block_1_39' title="bbox 501 3822 2090 3900">
    <p class='ocr_par' dir='ltr' id='par_1_39' title="bbox 501 3822 2090 3900">
     <span class='ocr_line' id='line_1_39' title="bbox 501 3822 2090 3900; baseline 0.007 -26"><span class='ocrx_word' id='word_1_281' title='bbox 501 3822 652 3876; x_wconf 83' lang='lat' dir='ltr'><strong>dium</strong></span> <span class='ocrx_word' id='word_1_282' title='bbox 685 3824 797 3877; x_wconf 63' lang='lat' dir='ltr'><strong>haec</strong></span> <span class='ocrx_word' id='word_1_283' title='bbox 830 3824 1160 3881; x_wconf 73' lang='lat' dir='ltr'><strong>habuissent.</strong></span> <span class='ocrx_word' id='word_1_284' title='bbox 1178 3826 1298 3894; x_wconf 87' lang='lat' dir='ltr'><strong>Quo</strong></span> <span class='ocrx_word' id='word_1_285' title='bbox 1324 3828 1466 3883; x_wconf 92' lang='lat' dir='ltr'><strong>enim</strong></span> <span class='ocrx_word' id='word_1_286' title='bbox 1486 3828 1538 3882; x_wconf 94' lang='lat' dir='ltr'><strong>id</strong></span> <span class='ocrx_word' id='word_1_287' title='bbox 1568 3828 1728 3884; x_wconf 88' lang='lat' dir='ltr'><strong>modo</strong></span> <span class='ocrx_word' id='word_1_288' title='bbox 1746 3830 1862 3885; x_wconf 90' lang='lat' dir='ltr'><strong>ﬁeri</strong></span> <span class='ocrx_word' id='word_1_289' title='bbox 1886 3832 2090 3900; x_wconf 90' lang='lat' dir='ltr'><strong>potuis-</strong></span> 
     </span>
    </p>
   </div>
   <div class='ocr_carea' id='block_1_40' title="bbox 500 3913 2089 3990">
    <p class='ocr_par' dir='ltr' id='par_1_40' title="bbox 500 3913 2089 3990">
     <span class='ocr_line' id='line_1_40' title="bbox 500 3913 2089 3990; baseline 0.006 -23"><span class='ocrx_word' id='word_1_290' title='bbox 500 3914 624 3968; x_wconf 74' lang='lat' dir='ltr'><strong>set?</strong></span> <span class='ocrx_word' id='word_1_291' title='bbox 652 3913 846 3968; x_wconf 81' lang='lat' dir='ltr'><strong>Verum</strong></span> <span class='ocrx_word' id='word_1_292' title='bbox 871 3916 916 3969; x_wconf 90' lang='lat' dir='ltr'><strong>is</strong></span> <span class='ocrx_word' id='word_1_293' title='bbox 943 3916 1282 3985; x_wconf 82' lang='lat' dir='ltr'><strong>quidixerat,</strong></span> <span class='ocrx_word' id='word_1_294' title='bbox 1322 3917 1441 3974; x_wconf 85' lang='lat' dir='ltr'><strong>Fiat</strong></span> <span class='ocrx_word' id='word_1_295' title='bbox 1463 3920 1664 3985; x_wconf 68' lang='lat' dir='ltr'><strong>caelum,</strong></span> <span class='ocrx_word' id='word_1_296' title='bbox 1700 3928 1906 3990; x_wconf 88' lang='lat' dir='ltr'><strong>etopus</strong></span> <span class='ocrx_word' id='word_1_297' title='bbox 1930 3921 2089 3977; x_wconf 82' lang='lat' dir='ltr'><strong>exhi-</strong></span> 
     </span>
    </p>
   </div>
   <div class='ocr_carea' id='block_1_41' title="bbox 505 4005 2085 4081">
    <p class='ocr_par' dir='ltr' id='par_1_41' title="bbox 505 4005 2085 4081">
     <span class='ocr_line' id='line_1_41' title="bbox 505 4005 2085 4081; baseline 0.005 -22"><span class='ocrx_word' id='word_1_298' title='bbox 505 4005 645 4060; x_wconf 91' lang='lat' dir='ltr'><strong>buit:</strong></span> <span class='ocrx_word' id='word_1_299' title='bbox 678 4019 752 4069; x_wconf 91' lang='lat' dir='ltr'><strong>et,</strong></span> <span class='ocrx_word' id='word_1_300' title='bbox 771 4007 1021 4063; x_wconf 86' lang='lat' dir='ltr'><strong>fuudetur</strong></span> <span class='ocrx_word' id='word_1_301' title='bbox 1043 4016 1209 4077; x_wconf 84' lang='lat' dir='ltr'><strong>terra,</strong></span> <span class='ocrx_word' id='word_1_302' title='bbox 1231 4009 1347 4080; x_wconf 86' lang='lat' dir='ltr'><strong>ejus</strong></span> <span class='ocrx_word' id='word_1_303' title='bbox 1359 4010 1707 4065; x_wconf 87' lang='lat' dir='ltr'><strong>substantiam</strong></span> <span class='ocrx_word' id='word_1_304' title='bbox 1722 4012 1991 4081; x_wconf 87' lang='lat' dir='ltr'><strong>produxit;</strong></span> <span class='ocrx_word' id='word_1_305' title='bbox 2011 4022 2085 4077; x_wconf 90' lang='lat' dir='ltr'><strong>et,</strong></span> 
     </span>
    </p>
   </div>
   <div class='ocr_carea' id='block_1_42' title="bbox 507 4099 2088 4171">
    <p class='ocr_par' dir='ltr' id='par_1_42' title="bbox 507 4099 2088 4171">
     <span class='ocr_line' id='line_1_42' title="bbox 507 4099 2088 4171; baseline 0.003 -19"><span class='ocrx_word' id='word_1_306' title='bbox 507 4099 681 4154; x_wconf 90' lang='lat' dir='ltr'><strong>luceat</strong></span> <span class='ocrx_word' id='word_1_307' title='bbox 714 4100 816 4163; x_wconf 91' lang='lat' dir='ltr'><strong>sol,</strong></span> <span class='ocrx_word' id='word_1_308' title='bbox 853 4110 907 4153; x_wconf 92' lang='lat' dir='ltr'><strong>et</strong></span> <span class='ocrx_word' id='word_1_309' title='bbox 931 4110 1134 4154; x_wconf 91' lang='lat' dir='ltr'><strong>astrum</strong></span> <span class='ocrx_word' id='word_1_310' title='bbox 1173 4100 1446 4165; x_wconf 88' lang='lat' dir='ltr'><strong>ostendit;</strong></span> <span class='ocrx_word' id='word_1_311' title='bbox 1488 4104 1687 4171; x_wconf 91' lang='lat' dir='ltr'><strong>quique</strong></span> <span class='ocrx_word' id='word_1_312' title='bbox 1711 4102 1890 4157; x_wconf 91' lang='lat' dir='ltr'><strong>omnia</strong></span> <span class='ocrx_word' id='word_1_313' title='bbox 1924 4104 2088 4157; x_wconf 92' lang='lat' dir='ltr'><strong>verbo</strong></span> 
     </span>
    </p>
   </div>
   <div class='ocr_carea' id='block_1_43' title="bbox 504 4192 2088 4267">
    <p class='ocr_par' dir='ltr' id='par_1_43' title="bbox 504 4192 2088 4267">
     <span class='ocr_line' id='line_1_43' title="bbox 504 4192 2088 4267; baseline 0.004 -23"><span class='ocrx_word' id='word_1_314' title='bbox 504 4202 757 4259; x_wconf 84' lang='lat' dir='ltr'><strong>operatus</strong></span> <span class='ocrx_word' id='word_1_315' title='bbox 787 4201 890 4254; x_wconf 90' lang='lat' dir='ltr'><strong>est,</strong></span> <span class='ocrx_word' id='word_1_316' title='bbox 923 4192 1013 4248; x_wconf 90' lang='lat' dir='ltr'><strong>ille</strong></span> <span class='ocrx_word' id='word_1_317' title='bbox 1060 4192 1222 4247; x_wconf 87' lang='lat' dir='ltr'><strong>etiam</strong></span> <span class='ocrx_word' id='word_1_318' title='bbox 1260 4192 1356 4247; x_wconf 87' lang='lat' dir='ltr'><strong>has</strong></span> <span class='ocrx_word' id='word_1_319' title='bbox 1380 4193 1656 4260; x_wconf 27' lang='lat' dir='ltr'><strong>‘Ecelesias</strong></span> <span class='ocrx_word' id='word_1_320' title='bbox 1696 4196 1973 4267; x_wconf 89' lang='lat' dir='ltr'><strong>plantavit.</strong></span> <span class='ocrx_word' id='word_1_321' title='bbox 2022 4196 2088 4251; x_wconf 88' lang='lat' dir='ltr'><strong>Et</strong></span> 
     </span>
    </p>
   </div>
   <div class='ocr_carea' id='block_1_44' title="bbox 506 4282 2086 4351">
    <p class='ocr_par' dir='ltr' id='par_1_44' title="bbox 506 4282 2086 4351">
     <span class='ocr_line' id='line_1_44' title="bbox 506 4282 2086 4351; baseline 0.006 -17"><span class='ocrx_word' id='word_1_322' title='bbox 506 4282 728 4335; x_wconf 77' lang='lat' dir='ltr'><strong>verbum</strong></span> <span class='ocrx_word' id='word_1_323' title='bbox 753 4282 902 4347; x_wconf 92' lang='lat' dir='ltr'><strong>illud,</strong></span> <span class='ocrx_word' id='word_1_324' title='bbox 928 4282 1227 4351; x_wconf 53' lang='lat' dir='ltr'><strong>.Ediﬁcabo</strong></span> <span class='ocrx_word' id='word_1_325' title='bbox 1248 4283 1531 4339; x_wconf 80' lang='lat' dir='ltr'><strong>Ecclesiam</strong></span> <span class='ocrx_word' id='word_1_326' title='bbox 1560 4302 1744 4351; x_wconf 80' lang='lat' dir='ltr'><strong>meum,</strong></span> <span class='ocrx_word' id='word_1_327' title='bbox 1773 4287 1889 4344; x_wconf 45' lang='lat' dir='ltr'><strong>hare</strong></span> <span class='ocrx_word' id='word_1_328' title='bbox 1908 4289 2086 4343; x_wconf 89' lang='lat' dir='ltr'><strong>omnia</strong></span> 
     </span>
    </p>
   </div>
   <div class='ocr_carea' id='block_1_45' title="bbox 500 4373 2086 4450">
    <p class='ocr_par' dir='ltr' id='par_1_45' title="bbox 500 4373 2086 4450">
     <span class='ocr_line' id='line_1_45' title="bbox 500 4373 2086 4450; baseline 0.008 -27"><span class='ocrx_word' id='word_1_329' title='bbox 500 4382 783 4443; x_wconf 81' lang='lat' dir='ltr'><strong>operatum</strong></span> <span class='ocrx_word' id='word_1_330' title='bbox 812 4383 914 4428; x_wconf 88' lang='lat' dir='ltr'><strong>est.</strong></span> <span class='ocrx_word' id='word_1_331' title='bbox 962 4373 1111 4429; x_wconf 89' lang='lat' dir='ltr'><strong>Talia</strong></span> <span class='ocrx_word' id='word_1_332' title='bbox 1155 4375 1355 4445; x_wconf 86' lang='lat' dir='ltr'><strong>quippe</strong></span> <span class='ocrx_word' id='word_1_333' title='bbox 1396 4385 1522 4430; x_wconf 91' lang='lat' dir='ltr'><strong>sunt</strong></span> <span class='ocrx_word' id='word_1_334' title='bbox 1557 4378 1718 4432; x_wconf 89' lang='lat' dir='ltr'><strong>verba</strong></span> <span class='ocrx_word' id='word_1_335' title='bbox 1761 4378 1891 4443; x_wconf 89' lang='lat' dir='ltr'><strong>Dei,</strong></span> <span class='ocrx_word' id='word_1_336' title='bbox 1922 4396 2086 4450; x_wconf 90' lang='lat' dir='ltr'><strong>opera</strong></span> 
     </span>
    </p>
   </div>
   <div class='ocr_carea' id='block_1_46' title="bbox 498 4464 2089 4542">
    <p class='ocr_par' dir='ltr' id='par_1_46' title="bbox 498 4464 2089 4542">
     <span class='ocr_line' id='line_1_46' title="bbox 498 4464 2089 4542; baseline 0.004 -21"><span class='ocrx_word' id='word_1_337' title='bbox 498 4464 783 4530; x_wconf 75' lang='lat' dir='ltr'><strong>exhibent,</strong></span> <span class='ocrx_word' id='word_1_338' title='bbox 802 4480 962 4535; x_wconf 87' lang='lat' dir='ltr'><strong>opera</strong></span> <span class='ocrx_word' id='word_1_339' title='bbox 980 4466 1243 4521; x_wconf 87' lang='lat' dir='ltr'><strong>mirabilia</strong></span> <span class='ocrx_word' id='word_1_340' title='bbox 1258 4478 1418 4537; x_wconf 89' lang='lat' dir='ltr'><strong>atque</strong></span> <span class='ocrx_word' id='word_1_341' title='bbox 1440 4470 1721 4537; x_wconf 89' lang='lat' dir='ltr'><strong>stupenda.</strong></span> <span class='ocrx_word' id='word_1_342' title='bbox 1744 4468 1876 4525; x_wconf 86' lang='lat' dir='ltr'><strong>Nam</strong></span> <span class='ocrx_word' id='word_1_343' title='bbox 1901 4487 2089 4542; x_wconf 90' lang='lat' dir='ltr'><strong>quem-</strong></span> 
     </span>
    </p>
   </div>
   <div class='ocr_carea' id='block_1_47' title="bbox 500 4557 2081 4633">
    <p class='ocr_par' dir='ltr' id='par_1_47' title="bbox 500 4557 2081 4633">
     <span class='ocr_line' id='line_1_47' title="bbox 500 4557 2081 4633; baseline 0.003 -20"><span class='ocrx_word' id='word_1_344' title='bbox 500 4558 794 4613; x_wconf 75' lang='lat' dir='ltr'><strong>admodum</strong></span> <span class='ocrx_word' id='word_1_345' title='bbox 826 4558 996 4611; x_wconf 84' lang='lat' dir='ltr'><strong>dixit:</strong></span> <span class='ocrx_word' id='word_1_346' title='bbox 1027 4557 1281 4612; x_wconf 81' lang='lat' dir='ltr'><strong>Germinet</strong></span> <span class='ocrx_word' id='word_1_347' title='bbox 1300 4568 1435 4612; x_wconf 80' lang='lat' dir='ltr'><strong>terra</strong></span> <span class='ocrx_word' id='word_1_348' title='bbox 1470 4558 1674 4614; x_wconf 83' lang='lat' dir='ltr'><strong>herbam</strong></span> <span class='ocrx_word' id='word_1_349' title='bbox 1698 4562 1822 4633; x_wconf 73' lang='lat' dir='ltr'><strong>[mni</strong></span> <span class='ocrx_word' id='word_1_350' title='bbox 1844 4560 2005 4633; x_wconf 82' lang='lat' dir='ltr'><strong>(Gen.</strong></span> <span class='ocrx_word' id='word_1_351' title='bbox 2030 4565 2081 4618; x_wconf 96' lang='grc'><strong>1.</strong></span> 
     </span>
    </p>
   </div>
   <div class='ocr_carea' id='block_1_48' title="bbox 504 4650 2083 4725">
    <p class='ocr_par' dir='ltr' id='par_1_48' title="bbox 504 4650 2083 4725">
     <span class='ocr_line' id='line_1_48' title="bbox 504 4650 2083 4725; baseline 0.004 -21"><span class='ocrx_word' id='word_1_352' title='bbox 504 4651 618 4719; x_wconf 71' lang='lat' dir='ltr'><strong>il),</strong></span> <span class='ocrx_word' id='word_1_353' title='bbox 670 4660 725 4704; x_wconf 92' lang='lat' dir='ltr'><strong>et</strong></span> <span class='ocrx_word' id='word_1_354' title='bbox 769 4650 947 4705; x_wconf 89' lang='lat' dir='ltr'><strong>omnia</strong></span> <span class='ocrx_word' id='word_1_355' title='bbox 995 4666 1122 4705; x_wconf 78' lang='lat' dir='ltr'><strong>mox</strong></span> <span class='ocrx_word' id='word_1_356' title='bbox 1169 4650 1356 4705; x_wconf 89' lang='lat' dir='ltr'><strong>hortus</strong></span> <span class='ocrx_word' id='word_1_357' title='bbox 1401 4652 1584 4720; x_wconf 86' lang='lat' dir='ltr'><strong>fuere,</strong></span> <span class='ocrx_word' id='word_1_358' title='bbox 1626 4654 1801 4709; x_wconf 90' lang='lat' dir='ltr'><strong>omnia</strong></span> <span class='ocrx_word' id='word_1_359' title='bbox 1840 4667 2083 4725; x_wconf 89' lang='lat' dir='ltr'><strong>pratum,</strong></span> 
     </span>
    </p>
   </div>
   <div class='ocr_carea' id='block_1_49' title="bbox 504 4743 2088 4813">
    <p class='ocr_par' dir='ltr' id='par_1_49' title="bbox 504 4743 2088 4813">
     <span class='ocr_line' id='line_1_49' title="bbox 504 4743 2088 4813; baseline 0.005 -17"><span class='ocrx_word' id='word_1_360' title='bbox 504 4752 759 4813; x_wconf 82' lang='lat' dir='ltr'><strong>terraque</strong></span> <span class='ocrx_word' id='word_1_361' title='bbox 813 4743 1118 4798; x_wconf 91' lang='lat' dir='ltr'><strong>mandatum</strong></span> <span class='ocrx_word' id='word_1_362' title='bbox 1186 4744 1459 4813; x_wconf 84' lang='lat' dir='ltr'><strong>excipiens</strong></span> <span class='ocrx_word' id='word_1_363' title='bbox 1517 4745 1737 4802; x_wconf 88' lang='lat' dir='ltr'><strong>inﬁnitis</strong></span> <span class='ocrx_word' id='word_1_364' title='bbox 1797 4749 2088 4804; x_wconf 90' lang='lat' dir='ltr'><strong>ornabatur</strong></span> 
     </span>
    </p>
   </div>
   <div class='ocr_carea' id='block_1_50' title="bbox 507 4835 2086 4905">
    <p class='ocr_par' dir='ltr' id='par_1_50' title="bbox 507 4835 2086 4905">
     <span class='ocr_line' id='line_1_50' title="bbox 507 4835 2086 4905; baseline 0.004 -18"><span class='ocrx_word' id='word_1_365' title='bbox 507 4836 733 4904; x_wconf 81' lang='lat' dir='ltr'><strong>plantis;</strong></span> <span class='ocrx_word' id='word_1_366' title='bbox 772 4835 850 4889; x_wconf 93' lang='lat' dir='ltr'><strong>sic</strong></span> <span class='ocrx_word' id='word_1_367' title='bbox 890 4844 944 4889; x_wconf 88' lang='lat' dir='ltr'><strong>et</strong></span> <span class='ocrx_word' id='word_1_368' title='bbox 977 4850 1120 4890; x_wconf 89' lang='lat' dir='ltr'><strong>nunc</strong></span> <span class='ocrx_word' id='word_1_369' title='bbox 1157 4835 1245 4890; x_wconf 90' lang='lat' dir='ltr'><strong>ubi</strong></span> <span class='ocrx_word' id='word_1_370' title='bbox 1286 4836 1437 4902; x_wconf 84' lang='lat' dir='ltr'><strong>dixit,</strong></span> <span class='ocrx_word' id='word_1_371' title='bbox 1476 4836 1769 4905; x_wconf 67' lang='lat' dir='ltr'><strong>.Ediﬁcabo</strong></span> <span class='ocrx_word' id='word_1_372' title='bbox 1803 4838 2086 4895; x_wconf 78' lang='lat' dir='ltr'><strong>Ecclesium</strong></span> 
     </span>
    </p>
   </div>
   <div class='ocr_carea' id='block_1_51' title="bbox 509 4927 2085 5002">
    <p class='ocr_par' dir='ltr' id='par_1_51' title="bbox 509 4927 2085 5002">
     <span class='ocr_line' id='line_1_51' title="bbox 509 4927 2085 5002; baseline 0.004 -21"><span class='ocrx_word' id='word_1_373' title='bbox 509 4945 710 4991; x_wconf 84' lang='lat' dir='ltr'><strong>meam,</strong></span> <span class='ocrx_word' id='word_1_374' title='bbox 747 4927 797 4982; x_wconf 91' lang='lat' dir='ltr'><strong>id</strong></span> <span class='ocrx_word' id='word_1_375' title='bbox 843 4927 992 4983; x_wconf 86' lang='lat' dir='ltr'><strong>nullo</strong></span> <span class='ocrx_word' id='word_1_376' title='bbox 1035 4930 1248 4999; x_wconf 82' lang='lat' dir='ltr'><strong>negotio</strong></span> <span class='ocrx_word' id='word_1_377' title='bbox 1277 4927 1471 4983; x_wconf 77' lang='lat' dir='ltr'><strong>factum</strong></span> <span class='ocrx_word' id='word_1_378' title='bbox 1502 4937 1621 4985; x_wconf 88' lang='lat' dir='ltr'><strong>est:</strong></span> <span class='ocrx_word' id='word_1_379' title='bbox 1654 4938 1813 5000; x_wconf 87' lang='lat' dir='ltr'><strong>atque</strong></span> <span class='ocrx_word' id='word_1_380' title='bbox 1846 4934 2085 5002; x_wconf 85' lang='lat' dir='ltr'><strong>tyrannis</strong></span> 
     </span>
    </p>
   </div>
   <div class='ocr_carea' id='block_1_52' title="bbox 507 5020 2085 5084">
    <p class='ocr_par' dir='ltr' id='par_1_52' title="bbox 507 5020 2085 5084">
     <span class='ocr_line' id='line_1_52' title="bbox 507 5020 2085 5084; baseline 0.004 -11"><span class='ocrx_word' id='word_1_381' title='bbox 507 5022 762 5075; x_wconf 71' lang='lat' dir='ltr'><strong>adversus</strong></span> <span class='ocrx_word' id='word_1_382' title='bbox 803 5037 923 5076; x_wconf 88' lang='lat' dir='ltr'><strong>eam</strong></span> <span class='ocrx_word' id='word_1_383' title='bbox 970 5020 1166 5076; x_wconf 88' lang='lat' dir='ltr'><strong>bellum</strong></span> <span class='ocrx_word' id='word_1_384' title='bbox 1209 5021 1587 5084; x_wconf 85' lang='lat' dir='ltr'><strong>excitantibus,</strong></span> <span class='ocrx_word' id='word_1_385' title='bbox 1634 5022 1891 5078; x_wconf 90' lang='lat' dir='ltr'><strong>militibus</strong></span> <span class='ocrx_word' id='word_1_386' title='bbox 1936 5039 2085 5080; x_wconf 89' lang='lat' dir='ltr'><strong>arma</strong></span> 
     </span>
    </p>
   </div>
   <div class='ocr_carea' id='block_1_53' title="bbox 508 5112 2085 5185">
    <p class='ocr_par' dir='ltr' id='par_1_53' title="bbox 508 5112 2085 5185">
     <span class='ocr_line' id='line_1_53' title="bbox 508 5112 2085 5185; baseline -0.001 -14"><span class='ocrx_word' id='word_1_387' title='bbox 508 5115 861 5177; x_wconf 88' lang='lat' dir='ltr'><strong>moventibus,</strong></span> <span class='ocrx_word' id='word_1_388' title='bbox 882 5114 1091 5185; x_wconf 89' lang='lat' dir='ltr'><strong>populis</strong></span> <span class='ocrx_word' id='word_1_389' title='bbox 1103 5115 1271 5168; x_wconf 91' lang='lat' dir='ltr'><strong>instar</strong></span> <span class='ocrx_word' id='word_1_390' title='bbox 1288 5112 1423 5183; x_wconf 89' lang='lat' dir='ltr'><strong>ignis</strong></span> <span class='ocrx_word' id='word_1_391' title='bbox 1437 5113 1749 5179; x_wconf 73' lang='lat' dir='ltr'><strong>furentibus,</strong></span> <span class='ocrx_word' id='word_1_392' title='bbox 1764 5113 2085 5170; x_wconf 82' lang='lat' dir='ltr'><strong>adversante</strong></span> 
     </span>
    </p>
   </div>
   <div class='ocr_carea' id='block_1_54' title="bbox 516 5204 2085 5275">
    <p class='ocr_par' dir='ltr' id='par_1_54' title="bbox 516 5204 2085 5275">
     <span class='ocr_line' id='line_1_54' title="bbox 516 5204 2085 5275; baseline 0.001 -16"><span class='ocrx_word' id='word_1_393' title='bbox 516 5206 916 5272; x_wconf 64' lang='lat' dir='ltr'><strong>eousuctudine,</strong></span> <span class='ocrx_word' id='word_1_394' title='bbox 946 5207 1217 5274; x_wconf 90' lang='lat' dir='ltr'><strong>etiamque</strong></span> <span class='ocrx_word' id='word_1_395' title='bbox 1248 5204 1571 5271; x_wconf 82' lang='lat' dir='ltr'><strong>rhetoribus,</strong></span> <span class='ocrx_word' id='word_1_396' title='bbox 1596 5206 1873 5275; x_wconf 80' lang='lat' dir='ltr'><strong>sophistis,</strong></span> <span class='ocrx_word' id='word_1_397' title='bbox 1917 5205 2085 5260; x_wconf 83' lang='lat' dir='ltr'><strong>diviti-</strong></span> 
     </span>
    </p>
   </div>
   <div class='ocr_carea' id='block_1_55' title="bbox 512 5297 2084 5368">
    <p class='ocr_par' dir='ltr' id='par_1_55' title="bbox 512 5297 2084 5368">
     <span class='ocr_line' id='line_1_55' title="bbox 512 5297 2084 5368; baseline 0.001 -16"><span class='ocrx_word' id='word_1_398' title='bbox 512 5300 635 5360; x_wconf 83' lang='lat' dir='ltr'><strong>bus,</strong></span> <span class='ocrx_word' id='word_1_399' title='bbox 680 5299 880 5360; x_wconf 87' lang='lat' dir='ltr'><strong>idiotis,</strong></span> <span class='ocrx_word' id='word_1_400' title='bbox 930 5298 1295 5368; x_wconf 87' lang='lat' dir='ltr'><strong>principibus,</strong></span> <span class='ocrx_word' id='word_1_401' title='bbox 1334 5297 1456 5367; x_wconf 84' lang='lat' dir='ltr'><strong>igne</strong></span> <span class='ocrx_word' id='word_1_402' title='bbox 1500 5305 1679 5352; x_wconf 91' lang='lat' dir='ltr'><strong>tamen</strong></span> <span class='ocrx_word' id='word_1_403' title='bbox 1714 5300 2084 5353; x_wconf 88' lang='lat' dir='ltr'><strong>vehementius</strong></span> 
     </span>
    </p>
   </div>
   <div class='ocr_carea' id='block_1_56' title="bbox 509 5388 2086 5460">
    <p class='ocr_par' dir='ltr' id='par_1_56' title="bbox 509 5388 2086 5460">
     <span class='ocr_line' id='line_1_56' title="bbox 509 5388 2086 5460; baseline 0.008 -25"><span class='ocrx_word' id='word_1_404' title='bbox 509 5402 589 5439; x_wconf 79' lang='lat' dir='ltr'><strong>vei</strong></span> <span class='ocrx_word' id='word_1_405' title='bbox 607 5388 727 5439; x_wconf 81' lang='lat' dir='ltr'><strong>Itum</strong></span> <span class='ocrx_word' id='word_1_406' title='bbox 751 5391 933 5457; x_wconf 75' lang='lat' dir='ltr'><strong>SpanS</strong></span> <span class='ocrx_word' id='word_1_407' title='bbox 963 5390 1318 5457; x_wconf 83' lang='lat' dir='ltr'><strong>consumpsit,</strong></span> <span class='ocrx_word' id='word_1_408' title='bbox 1342 5403 1500 5458; x_wconf 89' lang='lat' dir='ltr'><strong>agros</strong></span> <span class='ocrx_word' id='word_1_409' title='bbox 1528 5390 1803 5459; x_wconf 77' lang='lat' dir='ltr'><strong>purgavit,</strong></span> <span class='ocrx_word' id='word_1_410' title='bbox 1835 5390 2086 5460; x_wconf 56' lang='lat' dir='ltr'><strong>praedica-</strong></span> 
     </span>
    </p>
   </div>
   <div class='ocr_carea' id='block_1_57' title="bbox 514 5480 2085 5552">
    <p class='ocr_par' dir='ltr' id='par_1_57' title="bbox 514 5480 2085 5552">
     <span class='ocr_line' id='line_1_57' title="bbox 514 5480 2085 5552; baseline 0.003 -18"><span class='ocrx_word' id='word_1_411' title='bbox 514 5480 671 5534; x_wconf 88' lang='lat' dir='ltr'><strong>tionis</strong></span> <span class='ocrx_word' id='word_1_412' title='bbox 689 5480 985 5534; x_wconf 88' lang='lat' dir='ltr'><strong>doctrinam</strong></span> <span class='ocrx_word' id='word_1_413' title='bbox 1015 5482 1336 5536; x_wconf 88' lang='lat' dir='ltr'><strong>seminavit:</strong></span> <span class='ocrx_word' id='word_1_414' title='bbox 1361 5496 1424 5535; x_wconf 92' lang='lat' dir='ltr'><strong>ac</strong></span> <span class='ocrx_word' id='word_1_415' title='bbox 1453 5481 1578 5535; x_wconf 91' lang='lat' dir='ltr'><strong>dum</strong></span> <span class='ocrx_word' id='word_1_416' title='bbox 1603 5498 1669 5537; x_wconf 82' lang='lat' dir='ltr'><strong>ex</strong></span> <span class='ocrx_word' id='word_1_417' title='bbox 1697 5482 1761 5537; x_wconf 89' lang='lat' dir='ltr'><strong>iis</strong></span> <span class='ocrx_word' id='word_1_418' title='bbox 1794 5484 1883 5552; x_wconf 91' lang='lat' dir='ltr'><strong>qui</strong></span> <span class='ocrx_word' id='word_1_419' title='bbox 1917 5483 2085 5539; x_wconf 87' lang='lat' dir='ltr'><strong>credi-</strong></span> 
     </span>
    </p>
   </div>
   <div class='ocr_carea' id='block_1_58' title="bbox 510 5571 2085 5639">
    <p class='ocr_par' dir='ltr' id='par_1_58' title="bbox 510 5571 2085 5639">
     <span class='ocr_line' id='line_1_58' title="bbox 510 5571 2085 5639; baseline 0.003 -12"><span class='ocrx_word' id='word_1_420' title='bbox 510 5573 701 5628; x_wconf 89' lang='lat' dir='ltr'><strong>derant</strong></span> <span class='ocrx_word' id='word_1_421' title='bbox 729 5571 819 5626; x_wconf 89' lang='lat' dir='ltr'><strong>alii</strong></span> <span class='ocrx_word' id='word_1_422' title='bbox 844 5572 898 5624; x_wconf 90' lang='lat' dir='ltr'><strong>in</strong></span> <span class='ocrx_word' id='word_1_423' title='bbox 924 5586 1141 5627; x_wconf 84' lang='lat' dir='ltr'><strong>carcere</strong></span> <span class='ocrx_word' id='word_1_424' title='bbox 1166 5572 1487 5639; x_wconf 87' lang='lat' dir='ltr'><strong>habitarent,</strong></span> <span class='ocrx_word' id='word_1_425' title='bbox 1524 5573 1615 5627; x_wconf 90' lang='lat' dir='ltr'><strong>alii</strong></span> <span class='ocrx_word' id='word_1_426' title='bbox 1647 5574 1700 5627; x_wconf 92' lang='lat' dir='ltr'><strong>in</strong></span> <span class='ocrx_word' id='word_1_427' title='bbox 1722 5573 1969 5629; x_wconf 88' lang='lat' dir='ltr'><strong>exsilium</strong></span> <span class='ocrx_word' id='word_1_428' title='bbox 1995 5577 2085 5632; x_wconf 90' lang='lat' dir='ltr'><strong>ab-</strong></span> 
     </span>
    </p>
   </div>
   <div class='ocr_carea' id='block_1_59' title="bbox 512 5663 2082 5735">
    <p class='ocr_par' dir='ltr' id='par_1_59' title="bbox 512 5663 2082 5735">
     <span class='ocr_line' id='line_1_59' title="bbox 512 5663 2082 5735; baseline 0.004 -16"><span class='ocrx_word' id='word_1_429' title='bbox 512 5666 654 5719; x_wconf 81' lang='lat' dir='ltr'><strong>ducti</strong></span> <span class='ocrx_word' id='word_1_430' title='bbox 681 5672 881 5725; x_wconf 85' lang='lat' dir='ltr'><strong>essent.</strong></span> <span class='ocrx_word' id='word_1_431' title='bbox 905 5663 992 5719; x_wconf 88' lang='lat' dir='ltr'><strong>alii</strong></span> <span class='ocrx_word' id='word_1_432' title='bbox 1016 5665 1257 5733; x_wconf 87' lang='lat' dir='ltr'><strong>pecuniis</strong></span> <span class='ocrx_word' id='word_1_433' title='bbox 1279 5666 1537 5731; x_wconf 76' lang='lat' dir='ltr'><strong>mulctati,</strong></span> <span class='ocrx_word' id='word_1_434' title='bbox 1565 5665 1658 5721; x_wconf 86' lang='lat' dir='ltr'><strong>alii</strong></span> <span class='ocrx_word' id='word_1_435' title='bbox 1701 5668 1895 5735; x_wconf 89' lang='lat' dir='ltr'><strong>occisi,</strong></span> <span class='ocrx_word' id='word_1_436' title='bbox 1934 5677 1989 5723; x_wconf 92' lang='lat' dir='ltr'><strong>et</strong></span> <span class='ocrx_word' id='word_1_437' title='bbox 2028 5669 2082 5725; x_wconf 88' lang='lat' dir='ltr'><strong>in</strong></span> 
     </span>
    </p>
   </div>
   <div class='ocr_carea' id='block_1_60' title="bbox 423 5752 2077 5833">
    <p class='ocr_par' dir='ltr' id='par_1_60' title="bbox 423 5752 2077 5833">
     <span class='ocr_line' id='line_1_60' title="bbox 423 5752 2077 5833; baseline 0.002 -19"><span class='ocrx_word' id='word_1_438' title='bbox 423 5752 431 5756; x_wconf 77' lang='grc'><em>’</em></span> <span class='ocrx_word' id='word_1_439' title='bbox 511 5762 679 5817; x_wconf 63' lang='grc' dir='ltr'>ιυωω</span> <span class='ocrx_word' id='word_1_440' title='bbox 696 5758 914 5831; x_wconf 77' lang='lat' dir='ltr'><strong>concisi,</strong></span> <span class='ocrx_word' id='word_1_441' title='bbox 938 5757 1027 5813; x_wconf 87' lang='lat' dir='ltr'><strong>alii</strong></span> <span class='ocrx_word' id='word_1_442' title='bbox 1044 5758 1165 5830; x_wconf 73' lang='lat' dir='ltr'><strong>igne</strong></span> <span class='ocrx_word' id='word_1_443' title='bbox 1178 5759 1499 5830; x_wconf 83' lang='lat' dir='ltr'><strong>consumpti,</strong></span> <span class='ocrx_word' id='word_1_444' title='bbox 1517 5760 1606 5818; x_wconf 85' lang='lat' dir='ltr'><strong>alii</strong></span> <span class='ocrx_word' id='word_1_445' title='bbox 1624 5759 1855 5818; x_wconf 85' lang='lat' dir='ltr'><strong>demersi</strong></span> <span class='ocrx_word' id='word_1_446' title='bbox 1874 5771 2077 5833; x_wconf 85' lang='lat' dir='ltr'><strong>essent,</strong></span> 
     </span>
    </p>
   </div>
   <div class='ocr_carea' id='block_1_61' title="bbox 3668 312 3768 367">
    <p class='ocr_par' dir='ltr' id='par_1_61' title="bbox 3668 312 3768 367">
     <span class='ocr_line' id='line_1_61' title="bbox 3668 312 3768 367; baseline 0 -1"><span class='ocrx_word' id='word_1_447' title='bbox 3668 312 3768 367; x_wconf 73' lang='lat'><strong>859.</strong></span> 
     </span>
    </p>
   </div>
   <div class='ocr_carea' id='block_1_62' title="bbox 2191 414 3769 497">
    <p class='ocr_par' dir='ltr' id='par_1_62' title="bbox 2191 414 3769 497">
     <span class='ocr_line' id='line_1_62' title="bbox 2191 414 3769 497; baseline 0.012 -31"><span class='ocrx_word' id='word_1_448' title='bbox 2191 414 2281 467; x_wconf 88' lang='lat' dir='ltr'><strong>alii</strong></span> <span class='ocrx_word' id='word_1_449' title='bbox 2308 432 2467 469; x_wconf 89' lang='lat' dir='ltr'><strong>omne</strong></span> <span class='ocrx_word' id='word_1_450' title='bbox 2488 432 2655 483; x_wconf 78' lang='lat' dir='ltr'><strong>genus</strong></span> <span class='ocrx_word' id='word_1_451' title='bbox 2682 420 2923 490; x_wconf 85' lang='lat' dir='ltr'><strong>supplicii</strong></span> <span class='ocrx_word' id='word_1_452' title='bbox 2951 422 3215 488; x_wconf 90' lang='lat' dir='ltr'><strong>subirent,</strong></span> <span class='ocrx_word' id='word_1_453' title='bbox 3261 425 3550 497; x_wconf 80' lang='lat' dir='ltr'><strong>ignominia</strong></span> <span class='ocrx_word' id='word_1_454' title='bbox 3577 431 3769 494; x_wconf 81' lang='lat' dir='ltr'><strong>allecti,</strong></span> 
     </span>
    </p>
   </div>
   <div class='ocr_carea' id='block_1_63' title="bbox 2189 507 3766 591">
    <p class='ocr_par' dir='ltr' id='par_1_63' title="bbox 2189 507 3766 591">
     <span class='ocr_line' id='line_1_63' title="bbox 2189 507 3766 591; baseline 0.012 -32"><span class='ocrx_word' id='word_1_455' title='bbox 2189 507 2357 575; x_wconf 83' lang='lat' dir='ltr'><strong>pulsi,</strong></span> <span class='ocrx_word' id='word_1_456' title='bbox 2399 510 2551 578; x_wconf 90' lang='lat' dir='ltr'><strong>quasi</strong></span> <span class='ocrx_word' id='word_1_457' title='bbox 2595 524 2909 568; x_wconf 89' lang='lat' dir='ltr'><strong>communes</strong></span> <span class='ocrx_word' id='word_1_458' title='bbox 2949 514 3132 569; x_wconf 83' lang='lat' dir='ltr'><strong>hostes</strong></span> <span class='ocrx_word' id='word_1_459' title='bbox 3174 518 3403 590; x_wconf 87' lang='lat' dir='ltr'><strong>undique</strong></span> <span class='ocrx_word' id='word_1_460' title='bbox 3432 521 3632 591; x_wconf 71' lang='lat' dir='ltr'><strong>eject.;</strong></span> <span class='ocrx_word' id='word_1_461' title='bbox 3680 527 3766 578; x_wconf 81' lang='lat' dir='ltr'><strong>alii</strong></span> 
     </span>
    </p>
   </div>
   <div class='ocr_carea' id='block_1_64' title="bbox 2189 601 3771 675">
    <p class='ocr_par' dir='ltr' id='par_1_64' title="bbox 2189 601 3771 675">
     <span class='ocr_line' id='line_1_64' title="bbox 2189 601 3771 675; baseline 0.013 -23"><span class='ocrx_word' id='word_1_462' title='bbox 2189 614 2414 654; x_wconf 91' lang='lat' dir='ltr'><strong>numero</strong></span> <span class='ocrx_word' id='word_1_463' title='bbox 2463 601 2642 671; x_wconf 88' lang='lat' dir='ltr'><strong>plures</strong></span> <span class='ocrx_word' id='word_1_464' title='bbox 2686 617 3066 675; x_wconf 90' lang='lat' dir='ltr'><strong>accesserunt,</strong></span> <span class='ocrx_word' id='word_1_465' title='bbox 3108 626 3208 667; x_wconf 90' lang='lat' dir='ltr'><strong>nec</strong></span> <span class='ocrx_word' id='word_1_466' title='bbox 3246 613 3406 668; x_wconf 87' lang='lat' dir='ltr'><strong>modo</strong></span> <span class='ocrx_word' id='word_1_467' title='bbox 3445 632 3512 670; x_wconf 80' lang='lat' dir='ltr'><strong>es</strong></span> <span class='ocrx_word' id='word_1_468' title='bbox 3547 618 3771 673; x_wconf 89' lang='lat' dir='ltr'><strong>aliorum</strong></span> 
     </span>
    </p>
   </div>
   <div class='ocr_carea' id='block_1_65' title="bbox 2189 691 3774 767">
    <p class='ocr_par' dir='ltr' id='par_1_65' title="bbox 2189 691 3774 767">
     <span class='ocr_line' id='line_1_65' title="bbox 2189 691 3774 767; baseline 0.013 -24"><span class='ocrx_word' id='word_1_469' title='bbox 2189 691 2513 747; x_wconf 88' lang='lat' dir='ltr'><strong>cruciatibus</strong></span> <span class='ocrx_word' id='word_1_470' title='bbox 2541 693 2707 749; x_wconf 92' lang='lat' dir='ltr'><strong>nihilo</strong></span> <span class='ocrx_word' id='word_1_471' title='bbox 2729 697 3005 767; x_wconf 89' lang='lat' dir='ltr'><strong>segniores</strong></span> <span class='ocrx_word' id='word_1_472' title='bbox 3032 713 3322 758; x_wconf 89' lang='lat' dir='ltr'><strong>evaserunt</strong></span> <span class='ocrx_word' id='word_1_473' title='bbox 3344 704 3412 759; x_wconf 87' lang='lat' dir='ltr'><strong>ad</strong></span> <span class='ocrx_word' id='word_1_474' title='bbox 3459 708 3626 762; x_wconf 89' lang='lat' dir='ltr'><strong>tidem</strong></span> <span class='ocrx_word' id='word_1_475' title='bbox 3667 726 3774 762; x_wconf 84' lang='lat' dir='ltr'><strong>atu-</strong></span> 
     </span>
    </p>
   </div>
   <div class='ocr_carea' id='block_1_66' title="bbox 2194 784 3773 872">
    <p class='ocr_par' dir='ltr' id='par_1_66' title="bbox 2194 784 3773 872">
     <span class='ocr_line' id='line_1_66' title="bbox 2194 784 3773 872; baseline 0.011 -35"><span class='ocrx_word' id='word_1_476' title='bbox 2194 784 2552 853; x_wconf 89' lang='lat' dir='ltr'><strong>plecteudam,</strong></span> <span class='ocrx_word' id='word_1_477' title='bbox 2582 787 2675 842; x_wconf 89' lang='lat' dir='ltr'><strong>sed</strong></span> <span class='ocrx_word' id='word_1_478' title='bbox 2698 789 2869 844; x_wconf 90' lang='lat' dir='ltr'><strong>multo</strong></span> <span class='ocrx_word' id='word_1_479' title='bbox 2896 790 3183 850; x_wconf 85' lang='lat' dir='ltr'><strong>alacriores</strong></span> <span class='ocrx_word' id='word_1_480' title='bbox 3213 796 3443 861; x_wconf 88' lang='lat' dir='ltr'><strong>fuerunt.</strong></span> <span class='ocrx_word' id='word_1_481' title='bbox 3472 808 3530 854; x_wconf 88' lang='lat' dir='ltr'><strong>et</strong></span> <span class='ocrx_word' id='word_1_482' title='bbox 3557 801 3613 855; x_wconf 90' lang='lat' dir='ltr'><strong>in</strong></span> <span class='ocrx_word' id='word_1_483' title='bbox 3659 805 3773 872; x_wconf 79' lang='lat' dir='ltr'><strong>pol-</strong></span> 
     </span>
    </p>
   </div>
   <div class='ocr_carea' id='block_1_67' title="bbox 2188 874 3757 961">
    <p class='ocr_par' dir='ltr' id='par_1_67' title="bbox 2188 874 3757 961">
     <span class='ocr_line' id='line_1_67' title="bbox 2188 874 3757 961; baseline 0.011 -33"><span class='ocrx_word' id='word_1_484' title='bbox 2188 875 2372 929; x_wconf 89' lang='lat' dir='ltr'><strong>chram</strong></span> <span class='ocrx_word' id='word_1_485' title='bbox 2401 874 2539 932; x_wconf 88' lang='lat' dir='ltr'><strong>hanc</strong></span> <span class='ocrx_word' id='word_1_486' title='bbox 2560 886 2836 949; x_wconf 90' lang='lat' dir='ltr'><strong>capturam</strong></span> <span class='ocrx_word' id='word_1_487' title='bbox 2876 880 3214 951; x_wconf 88' lang='lat' dir='ltr'><strong>insilieruut;</strong></span> <span class='ocrx_word' id='word_1_488' title='bbox 3258 887 3442 959; x_wconf 90' lang='lat' dir='ltr'><strong>sicque</strong></span> <span class='ocrx_word' id='word_1_489' title='bbox 3476 904 3510 944; x_wconf 90' lang='lat' dir='ltr'><strong>a</strong></span> <span class='ocrx_word' id='word_1_490' title='bbox 3547 893 3757 961; x_wconf 88' lang='lat' dir='ltr'><strong>piscato</strong></span> 
     </span>
    </p>
   </div>
   <div class='ocr_carea' id='block_1_68' title="bbox 2180 966 3765 1053">
    <p class='ocr_par' dir='ltr' id='par_1_68' title="bbox 2180 966 3765 1053">
     <span class='ocr_line' id='line_1_68' title="bbox 2180 966 3765 1053; baseline 0.011 -34"><span class='ocrx_word' id='word_1_491' title='bbox 2180 966 2335 1031; x_wconf 75' lang='lat' dir='ltr'><strong>ribus</strong></span> <span class='ocrx_word' id='word_1_492' title='bbox 2383 968 2748 1037; x_wconf 85' lang='lat' dir='ltr'><strong>capiebantur,</strong></span> <span class='ocrx_word' id='word_1_493' title='bbox 2777 987 2885 1028; x_wconf 90' lang='lat' dir='ltr'><strong>non</strong></span> <span class='ocrx_word' id='word_1_494' title='bbox 2912 975 3084 1030; x_wconf 89' lang='lat' dir='ltr'><strong>coacti</strong></span> <span class='ocrx_word' id='word_1_495' title='bbox 3109 976 3203 1033; x_wconf 89' lang='lat' dir='ltr'><strong>sed</strong></span> <span class='ocrx_word' id='word_1_496' title='bbox 3229 989 3571 1036; x_wconf 87' lang='lat' dir='ltr'><strong>accurrentes</strong></span> <span class='ocrx_word' id='word_1_497' title='bbox 3590 1023 3609 1048; x_wconf 97' lang='lat'><strong>,</strong></span> <span class='ocrx_word' id='word_1_498' title='bbox 3658 1000 3765 1053; x_wconf 74' lang='lat' dir='ltr'><strong>gra-</strong></span> 
     </span>
    </p>
   </div>
   <div class='ocr_carea' id='block_1_69' title="bbox 2189 1058 3767 1142">
    <p class='ocr_par' dir='ltr' id='par_1_69' title="bbox 2189 1058 3767 1142">
     <span class='ocr_line' id='line_1_69' title="bbox 2189 1058 3767 1142; baseline 0.012 -31"><span class='ocrx_word' id='word_1_499' title='bbox 2189 1058 2423 1130; x_wconf 90' lang='lat' dir='ltr'><strong>tiamque</strong></span> <span class='ocrx_word' id='word_1_500' title='bbox 2444 1060 2697 1118; x_wconf 90' lang='lat' dir='ltr'><strong>habentes</strong></span> <span class='ocrx_word' id='word_1_501' title='bbox 2721 1064 2807 1132; x_wconf 92' lang='lat' dir='ltr'><strong>iis,</strong></span> <span class='ocrx_word' id='word_1_502' title='bbox 2828 1066 2917 1135; x_wconf 91' lang='lat' dir='ltr'><strong>qui</strong></span> <span class='ocrx_word' id='word_1_503' title='bbox 2942 1080 3002 1122; x_wconf 91' lang='lat' dir='ltr'><strong>se</strong></span> <span class='ocrx_word' id='word_1_504' title='bbox 3031 1066 3084 1122; x_wconf 92' lang='lat' dir='ltr'><strong>in</strong></span> <span class='ocrx_word' id='word_1_505' title='bbox 3113 1068 3248 1126; x_wconf 83' lang='lat' dir='ltr'><strong>hanc</strong></span> <span class='ocrx_word' id='word_1_506' title='bbox 3274 1087 3388 1127; x_wconf 88' lang='lat' dir='ltr'><strong>rem</strong></span> <span class='ocrx_word' id='word_1_507' title='bbox 3405 1073 3767 1142; x_wconf 66' lang='lat' dir='ltr'><strong>deducerent,</strong></span> 
     </span>
    </p>
   </div>
   <div class='ocr_carea' id='block_1_70' title="bbox 2188 1155 3774 1233">
    <p class='ocr_par' dir='ltr' id='par_1_70' title="bbox 2188 1155 3774 1233">
     <span class='ocr_line' id='line_1_70' title="bbox 2188 1155 3774 1233; baseline 0.013 -29"><span class='ocrx_word' id='word_1_508' title='bbox 2188 1166 2250 1205; x_wconf 91' lang='lat' dir='ltr'><strong>ac</strong></span> <span class='ocrx_word' id='word_1_509' title='bbox 2262 1167 2382 1206; x_wconf 90' lang='lat' dir='ltr'><strong>cum</strong></span> <span class='ocrx_word' id='word_1_510' title='bbox 2405 1155 2719 1225; x_wconf 81' lang='lat' dir='ltr'><strong>sanguinum</strong></span> <span class='ocrx_word' id='word_1_511' title='bbox 2740 1166 3003 1215; x_wconf 89' lang='lat' dir='ltr'><strong>torrentes</strong></span> <span class='ocrx_word' id='word_1_512' title='bbox 3025 1176 3090 1216; x_wconf 87' lang='lat' dir='ltr'><strong>ex</strong></span> <span class='ocrx_word' id='word_1_513' title='bbox 3106 1161 3214 1233; x_wconf 88' lang='lat' dir='ltr'><strong>jam</strong></span> <span class='ocrx_word' id='word_1_514' title='bbox 3233 1165 3577 1224; x_wconf 90' lang='lat' dir='ltr'><strong>credentibus</strong></span> <span class='ocrx_word' id='word_1_515' title='bbox 3592 1186 3708 1224; x_wconf 87' lang='lat' dir='ltr'><strong>erm</strong></span> <span class='ocrx_word' id='word_1_516' title='bbox 3747 1203 3774 1218; x_wconf 85' lang='grc'><strong><em>-</em></strong></span> 
     </span>
    </p>
   </div>
   <div class='ocr_carea' id='block_1_71' title="bbox 2191 1251 3771 1331">
    <p class='ocr_par' dir='ltr' id='par_1_71' title="bbox 2191 1251 3771 1331">
     <span class='ocr_line' id='line_1_71' title="bbox 2191 1251 3771 1331; baseline 0.013 -33"><span class='ocrx_word' id='word_1_517' title='bbox 2191 1252 2377 1312; x_wconf 85' lang='lat' dir='ltr'><strong>pentes</strong></span> <span class='ocrx_word' id='word_1_518' title='bbox 2420 1258 2738 1316; x_wconf 86' lang='lat' dir='ltr'><strong>cernerent,</strong></span> <span class='ocrx_word' id='word_1_519' title='bbox 2787 1251 3137 1309; x_wconf 86' lang='lat' dir='ltr'><strong>ferventiores</strong></span> <span class='ocrx_word' id='word_1_520' title='bbox 3179 1256 3590 1331; x_wconf 85' lang='lat' dir='ltr'><strong>fidentioresque</strong></span> <span class='ocrx_word' id='word_1_521' title='bbox 3633 1262 3771 1320; x_wconf 78' lang='lat' dir='ltr'><strong>circa</strong></span> 
     </span>
    </p>
   </div>
   <div class='ocr_carea' id='block_1_72' title="bbox 2190 1334 3773 1420">
    <p class='ocr_par' dir='ltr' id='par_1_72' title="bbox 2190 1334 3773 1420">
     <span class='ocr_line' id='line_1_72' title="bbox 2190 1334 3773 1420; baseline 0.014 -31"><span class='ocrx_word' id='word_1_522' title='bbox 2190 1334 2347 1391; x_wconf 91' lang='lat' dir='ltr'><strong>ﬁdem</strong></span> <span class='ocrx_word' id='word_1_523' title='bbox 2379 1349 2549 1393; x_wconf 90' lang='lat' dir='ltr'><strong>erant.</strong></span> <span class='ocrx_word' id='word_1_524' title='bbox 2575 1341 2816 1411; x_wconf 89' lang='lat' dir='ltr'><strong>Cumque</strong></span> <span class='ocrx_word' id='word_1_525' title='bbox 2834 1360 2939 1398; x_wconf 90' lang='lat' dir='ltr'><strong>non</strong></span> <span class='ocrx_word' id='word_1_526' title='bbox 2963 1353 3165 1400; x_wconf 87' lang='lat' dir='ltr'><strong>tantum</strong></span> <span class='ocrx_word' id='word_1_527' title='bbox 3192 1347 3460 1420; x_wconf 90' lang='lat' dir='ltr'><strong>discipuli,</strong></span> <span class='ocrx_word' id='word_1_528' title='bbox 3491 1354 3587 1407; x_wconf 87' lang='lat' dir='ltr'><strong>sed</strong></span> <span class='ocrx_word' id='word_1_529' title='bbox 3614 1356 3773 1411; x_wconf 80' lang='lat' dir='ltr'><strong>etiam</strong></span> 
     </span>
    </p>
   </div>
   <div class='ocr_carea' id='block_1_73' title="bbox 2188 1430 3770 1508">
    <p class='ocr_par' dir='ltr' id='par_1_73' title="bbox 2188 1430 3770 1508">
     <span class='ocr_line' id='line_1_73' title="bbox 2188 1430 3770 1508; baseline 0.011 -25"><span class='ocrx_word' id='word_1_530' title='bbox 2188 1430 2448 1499; x_wconf 88' lang='lat' dir='ltr'><strong>magistri,</strong></span> <span class='ocrx_word' id='word_1_531' title='bbox 2477 1431 2566 1485; x_wconf 92' lang='lat' dir='ltr'><strong>alii</strong></span> <span class='ocrx_word' id='word_1_532' title='bbox 2596 1435 2777 1498; x_wconf 89' lang='lat' dir='ltr'><strong>vincti,</strong></span> <span class='ocrx_word' id='word_1_533' title='bbox 2802 1435 2891 1490; x_wconf 89' lang='lat' dir='ltr'><strong>alii</strong></span> <span class='ocrx_word' id='word_1_534' title='bbox 2925 1438 3095 1506; x_wconf 87' lang='lat' dir='ltr'><strong>pulsi,</strong></span> <span class='ocrx_word' id='word_1_535' title='bbox 3133 1440 3222 1495; x_wconf 90' lang='lat' dir='ltr'><strong>alii</strong></span> <span class='ocrx_word' id='word_1_536' title='bbox 3261 1443 3526 1498; x_wconf 86' lang='lat' dir='ltr'><strong>verberati</strong></span> <span class='ocrx_word' id='word_1_537' title='bbox 3553 1458 3770 1508; x_wconf 79' lang='lat' dir='ltr'><strong>essent.</strong></span> 
     </span>
    </p>
   </div>
   <div class='ocr_carea' id='block_1_74' title="bbox 2187 1521 3773 1606">
    <p class='ocr_par' dir='ltr' id='par_1_74' title="bbox 2187 1521 3773 1606">
     <span class='ocr_line' id='line_1_74' title="bbox 2187 1521 3773 1606; baseline 0.012 -33"><span class='ocrx_word' id='word_1_538' title='bbox 2187 1521 2279 1574; x_wconf 90' lang='lat' dir='ltr'><strong>alii</strong></span> <span class='ocrx_word' id='word_1_539' title='bbox 2305 1521 2519 1575; x_wconf 89' lang='lat' dir='ltr'><strong>demum</strong></span> <span class='ocrx_word' id='word_1_540' title='bbox 2544 1524 2820 1581; x_wconf 88' lang='lat' dir='ltr'><strong>innumera</strong></span> <span class='ocrx_word' id='word_1_541' title='bbox 2850 1536 3160 1597; x_wconf 88' lang='lat' dir='ltr'><strong>paterentur</strong></span> <span class='ocrx_word' id='word_1_542' title='bbox 3190 1533 3324 1587; x_wconf 91' lang='lat' dir='ltr'><strong>mala</strong></span> <span class='ocrx_word' id='word_1_543' title='bbox 3349 1576 3364 1601; x_wconf 97' lang='lat'><strong>,</strong></span> <span class='ocrx_word' id='word_1_544' title='bbox 3393 1535 3644 1606; x_wconf 90' lang='lat' dir='ltr'><strong>discipuli</strong></span> <span class='ocrx_word' id='word_1_545' title='bbox 3694 1550 3773 1592; x_wconf 85' lang='lat' dir='ltr'><strong>ta-</strong></span> 
     </span>
    </p>
   </div>
   <div class='ocr_carea' id='block_1_75' title="bbox 2190 1616 3773 1686">
    <p class='ocr_par' dir='ltr' id='par_1_75' title="bbox 2190 1616 3773 1686">
     <span class='ocr_line' id='line_1_75' title="bbox 2190 1616 3773 1686; baseline 0.011 -19"><span class='ocrx_word' id='word_1_546' title='bbox 2190 1628 2313 1668; x_wconf 89' lang='lat' dir='ltr'><strong>men</strong></span> <span class='ocrx_word' id='word_1_547' title='bbox 2338 1626 2393 1669; x_wconf 92' lang='lat' dir='ltr'><strong>et</strong></span> <span class='ocrx_word' id='word_1_548' title='bbox 2421 1616 2601 1686; x_wconf 89' lang='lat' dir='ltr'><strong>plures</strong></span> <span class='ocrx_word' id='word_1_549' title='bbox 2635 1628 2691 1673; x_wconf 90' lang='lat' dir='ltr'><strong>et</strong></span> <span class='ocrx_word' id='word_1_550' title='bbox 2733 1618 3086 1677; x_wconf 81' lang='lat' dir='ltr'><strong>ferventiores</strong></span> <span class='ocrx_word' id='word_1_551' title='bbox 3127 1622 3342 1680; x_wconf 91' lang='lat' dir='ltr'><strong>ﬁebant.</strong></span> <span class='ocrx_word' id='word_1_552' title='bbox 3383 1627 3542 1683; x_wconf 81' lang='lat' dir='ltr'><strong>Certe</strong></span> <span class='ocrx_word' id='word_1_553' title='bbox 3579 1629 3773 1684; x_wconf 72' lang='lat' dir='ltr'><strong>l‘auhis</strong></span> 
     </span>
    </p>
   </div>
   <div class='ocr_carea' id='block_1_76' title="bbox 2189 1706 3772 1788">
    <p class='ocr_par' dir='ltr' id='par_1_76' title="bbox 2189 1706 3772 1788">
     <span class='ocr_line' id='line_1_76' title="bbox 2189 1706 3772 1788; baseline 0.009 -28"><span class='ocrx_word' id='word_1_554' title='bbox 2189 1706 2414 1761; x_wconf 87' lang='lat' dir='ltr'><strong>clamat:</strong></span> <span class='ocrx_word' id='word_1_555' title='bbox 2448 1707 2533 1763; x_wconf 88' lang='lat' dir='ltr'><strong>Ita</strong></span> <span class='ocrx_word' id='word_1_556' title='bbox 2559 1721 2613 1762; x_wconf 91' lang='lat' dir='ltr'><strong>ut</strong></span> <span class='ocrx_word' id='word_1_557' title='bbox 2634 1710 2807 1779; x_wconf 86' lang='lat' dir='ltr'><strong>plures</strong></span> <span class='ocrx_word' id='word_1_558' title='bbox 2837 1716 3056 1784; x_wconf 80' lang='lat' dir='ltr'><strong>fratrum</strong></span> <span class='ocrx_word' id='word_1_559' title='bbox 3076 1715 3130 1768; x_wconf 89' lang='lat' dir='ltr'><strong>in</strong></span> <span class='ocrx_word' id='word_1_560' title='bbox 3156 1714 3376 1772; x_wconf 88' lang='lat' dir='ltr'><strong>Domino</strong></span> <span class='ocrx_word' id='word_1_561' title='bbox 3397 1759 3414 1781; x_wconf 94' lang='lat'><strong>,</strong></span> <span class='ocrx_word' id='word_1_562' title='bbox 3464 1722 3772 1788; x_wconf 80' lang='lat' dir='ltr'><strong>conﬁdentes</strong></span> 
     </span>
    </p>
   </div>
   <div class='ocr_carea' id='block_1_77' title="bbox 2190 1798 3773 1867">
    <p class='ocr_par' dir='ltr' id='par_1_77' title="bbox 2190 1798 3773 1867">
     <span class='ocr_line' id='line_1_77' title="bbox 2190 1798 3773 1867; baseline 0.01 -17"><span class='ocrx_word' id='word_1_563' title='bbox 2190 1798 2401 1853; x_wconf 81' lang='lat' dir='ltr'><strong>vinculis</strong></span> <span class='ocrx_word' id='word_1_564' title='bbox 2425 1801 2570 1867; x_wconf 85' lang='lat' dir='ltr'><strong>meis,</strong></span> <span class='ocrx_word' id='word_1_565' title='bbox 2602 1802 2941 1860; x_wconf 74' lang='lat' dir='ltr'><strong>abundantius</strong></span> <span class='ocrx_word' id='word_1_566' title='bbox 2958 1806 3202 1862; x_wconf 78' lang='lat' dir='ltr'><strong>auderent</strong></span> <span class='ocrx_word' id='word_1_567' title='bbox 3230 1811 3340 1864; x_wconf 87' lang='lat' dir='ltr'><strong>sine</strong></span> <span class='ocrx_word' id='word_1_568' title='bbox 3364 1813 3542 1867; x_wconf 80' lang='lat' dir='ltr'><strong>timore</strong></span> <span class='ocrx_word' id='word_1_569' title='bbox 3570 1815 3773 1867; x_wconf 77' lang='lat' dir='ltr'><strong>uerbum</strong></span> 
     </span>
    </p>
   </div>
   <div class='ocr_carea' id='block_1_78' title="bbox 2190 1890 3772 1964">
    <p class='ocr_par' dir='ltr' id='par_1_78' title="bbox 2190 1890 3772 1964">
     <span class='ocr_line' id='line_1_78' title="bbox 2190 1890 3772 1964; baseline 0.01 -22"><span class='ocrx_word' id='word_1_570' title='bbox 2190 1891 2326 1961; x_wconf 84' lang='lat' dir='ltr'><strong>loqui</strong></span> <span class='ocrx_word' id='word_1_571' title='bbox 2356 1890 2690 1963; x_wconf 77' lang='lat' dir='ltr'><strong>(Philipp.i.</strong></span> <span class='ocrx_word' id='word_1_572' title='bbox 2723 1896 2859 1964; x_wconf 76' lang='lat' dir='ltr'><strong>M):</strong></span> <span class='ocrx_word' id='word_1_573' title='bbox 2908 1906 2964 1952; x_wconf 88' lang='lat' dir='ltr'><strong>et</strong></span> <span class='ocrx_word' id='word_1_574' title='bbox 3012 1898 3137 1953; x_wconf 91' lang='lat' dir='ltr'><strong>alibi</strong></span> <span class='ocrx_word' id='word_1_575' title='bbox 3189 1916 3441 1955; x_wconf 90' lang='lat' dir='ltr'><strong>rursum:</strong></span> <span class='ocrx_word' id='word_1_576' title='bbox 3482 1902 3581 1958; x_wconf 84' lang='lat' dir='ltr'><strong>Vos</strong></span> <span class='ocrx_word' id='word_1_577' title='bbox 3640 1906 3772 1958; x_wconf 84' lang='lat' dir='ltr'><strong>enim</strong></span> 
     </span>
    </p>
   </div>
   <div class='ocr_carea' id='block_1_79' title="bbox 2191 1982 3771 2061">
    <p class='ocr_par' dir='ltr' id='par_1_79' title="bbox 2191 1982 3771 2061">
     <span class='ocr_line' id='line_1_79' title="bbox 2191 1982 3771 2061; baseline 0.008 -26"><span class='ocrx_word' id='word_1_578' title='bbox 2191 1982 2468 2037; x_wconf 86' lang='lat' dir='ltr'><strong>imitatores</strong></span> <span class='ocrx_word' id='word_1_579' title='bbox 2486 1986 2606 2055; x_wconf 79' lang='lat' dir='ltr'><strong>facti</strong></span> <span class='ocrx_word' id='word_1_580' title='bbox 2627 1986 2747 2040; x_wconf 86' lang='lat' dir='ltr'><strong>estis</strong></span> <span class='ocrx_word' id='word_1_581' title='bbox 2777 1985 3124 2043; x_wconf 85' lang='lat' dir='ltr'><strong>Ecclesiarum</strong></span> <span class='ocrx_word' id='word_1_582' title='bbox 3151 1988 3267 2057; x_wconf 88' lang='lat' dir='ltr'><strong>Dei,</strong></span> <span class='ocrx_word' id='word_1_583' title='bbox 3293 2008 3407 2061; x_wconf 79' lang='lat' dir='ltr'><strong>qua:</strong></span> <span class='ocrx_word' id='word_1_584' title='bbox 3444 2004 3561 2046; x_wconf 82' lang='lat' dir='ltr'><strong>sunt</strong></span> <span class='ocrx_word' id='word_1_585' title='bbox 3590 1996 3644 2048; x_wconf 84' lang='lat' dir='ltr'><strong>in</strong></span> <span class='ocrx_word' id='word_1_586' title='bbox 3672 1995 3771 2048; x_wconf 83' lang='lat' dir='ltr'><strong>Ju-</strong></span> 
     </span>
    </p>
   </div>
   <div class='ocr_carea' id='block_1_80' title="bbox 2192 2076 3773 2149">
    <p class='ocr_par' dir='ltr' id='par_1_80' title="bbox 2192 2076 3773 2149">
     <span class='ocr_line' id='line_1_80' title="bbox 2192 2076 3773 2149; baseline 0.009 -22"><span class='ocrx_word' id='word_1_587' title='bbox 2192 2076 2327 2140; x_wconf 78' lang='lat' dir='ltr'><strong>dwa,</strong></span> <span class='ocrx_word' id='word_1_588' title='bbox 2353 2076 2474 2147; x_wconf 84' lang='lat' dir='ltr'><strong>quia</strong></span> <span class='ocrx_word' id='word_1_589' title='bbox 2520 2077 2696 2131; x_wconf 88' lang='lat' dir='ltr'><strong>eadem</strong></span> <span class='ocrx_word' id='word_1_590' title='bbox 2734 2081 2873 2149; x_wconf 81' lang='lat' dir='ltr'><strong>passi</strong></span> <span class='ocrx_word' id='word_1_591' title='bbox 2901 2082 3020 2135; x_wconf 82' lang='lat' dir='ltr'><strong>estis</strong></span> <span class='ocrx_word' id='word_1_592' title='bbox 3048 2092 3097 2136; x_wconf 89' lang='lat' dir='ltr'><strong>et</strong></span> <span class='ocrx_word' id='word_1_593' title='bbox 3122 2099 3207 2137; x_wconf 88' lang='lat' dir='ltr'><strong>vos</strong></span> <span class='ocrx_word' id='word_1_594' title='bbox 3240 2100 3272 2137; x_wconf 91' lang='lat' dir='ltr'><strong>a</strong></span> <span class='ocrx_word' id='word_1_595' title='bbox 3298 2086 3666 2140; x_wconf 84' lang='lat' dir='ltr'><strong>contribulibus</strong></span> <span class='ocrx_word' id='word_1_596' title='bbox 3695 2105 3773 2142; x_wconf 70' lang='lat' dir='ltr'><strong>se-</strong></span> 
     </span>
    </p>
   </div>
   <div class='ocr_carea' id='block_1_81' title="bbox 2191 2167 3773 2246">
    <p class='ocr_par' dir='ltr' id='par_1_81' title="bbox 2191 2167 3773 2246">
     <span class='ocr_line' id='line_1_81' title="bbox 2191 2167 3773 2246; baseline 0.009 -26"><span class='ocrx_word' id='word_1_597' title='bbox 2191 2167 2327 2231; x_wconf 90' lang='lat' dir='ltr'><strong>stris,</strong></span> <span class='ocrx_word' id='word_1_598' title='bbox 2351 2170 2773 2239; x_wconf 85' lang='lat' dir='ltr'><strong>quemadmodum</strong></span> <span class='ocrx_word' id='word_1_599' title='bbox 2796 2182 2842 2227; x_wconf 90' lang='lat' dir='ltr'><strong>et</strong></span> <span class='ocrx_word' id='word_1_600' title='bbox 2860 2173 2958 2241; x_wconf 89' lang='lat' dir='ltr'><strong>ipsi</strong></span> <span class='ocrx_word' id='word_1_601' title='bbox 2974 2173 3235 2242; x_wconf 69' lang='lat' dir='ltr'><strong>aludazis,</strong></span> <span class='ocrx_word' id='word_1_602' title='bbox 3261 2178 3344 2246; x_wconf 86' lang='lat' dir='ltr'><strong>qui</strong></span> <span class='ocrx_word' id='word_1_603' title='bbox 3364 2177 3642 2232; x_wconf 85' lang='lat' dir='ltr'><strong>Dominum</strong></span> <span class='ocrx_word' id='word_1_604' title='bbox 3662 2198 3773 2234; x_wconf 82' lang='lat' dir='ltr'><strong>cru-</strong></span> 
     </span>
    </p>
   </div>
   <div class='ocr_carea' id='block_1_82' title="bbox 2192 2258 3767 2335">
    <p class='ocr_par' dir='ltr' id='par_1_82' title="bbox 2192 2258 3767 2335">
     <span class='ocr_line' id='line_1_82' title="bbox 2192 2258 3767 2335; baseline 0.01 -25"><span class='ocrx_word' id='word_1_605' title='bbox 2192 2258 2480 2327; x_wconf 75' lang='lat' dir='ltr'><strong>riﬁxerunt,</strong></span> <span class='ocrx_word' id='word_1_606' title='bbox 2510 2271 2556 2314; x_wconf 91' lang='lat' dir='ltr'><strong>et</strong></span> <span class='ocrx_word' id='word_1_607' title='bbox 2582 2278 2671 2316; x_wconf 88' lang='lat' dir='ltr'><strong>nos</strong></span> <span class='ocrx_word' id='word_1_608' title='bbox 2696 2263 2975 2333; x_wconf 78' lang='lat' dir='ltr'><strong>impediunt</strong></span> <span class='ocrx_word' id='word_1_609' title='bbox 3004 2266 3141 2329; x_wconf 87' lang='lat' dir='ltr'><strong>loqui</strong></span> <span class='ocrx_word' id='word_1_610' title='bbox 3165 2268 3391 2335; x_wconf 82' lang='lat' dir='ltr'><strong>gentibus</strong></span> <span class='ocrx_word' id='word_1_611' title='bbox 3417 2310 3433 2334; x_wconf 94' lang='lat'><strong>,</strong></span> <span class='ocrx_word' id='word_1_612' title='bbox 3482 2279 3535 2322; x_wconf 89' lang='lat' dir='ltr'><strong>ut</strong></span> <span class='ocrx_word' id='word_1_613' title='bbox 3563 2272 3767 2325; x_wconf 72' lang='lat' dir='ltr'><strong>salven-</strong></span> 
     </span>
    </p>
   </div>
   <div class='ocr_carea' id='block_1_83' title="bbox 2194 2349 3771 2424">
    <p class='ocr_par' dir='ltr' id='par_1_83' title="bbox 2194 2349 3771 2424">
     <span class='ocr_line' id='line_1_83' title="bbox 2194 2349 3771 2424; baseline 0.01 -23"><span class='ocrx_word' id='word_1_614' title='bbox 2194 2358 2277 2401; x_wconf 88' lang='lat' dir='ltr'><strong>tar</strong></span> <span class='ocrx_word' id='word_1_615' title='bbox 2307 2350 2381 2419; x_wconf 87' lang='grc'><strong>(1.</strong></span> <span class='ocrx_word' id='word_1_616' title='bbox 2407 2349 2585 2405; x_wconf 81' lang='lat' dir='ltr'><strong>Thess.</strong></span> <span class='ocrx_word' id='word_1_617' title='bbox 2607 2352 2662 2405; x_wconf 66' lang='grc' dir='ltr'><strong>Ξ.</strong></span> <span class='ocrx_word' id='word_1_618' title='bbox 2695 2354 2783 2408; x_wconf 70' lang='grc'><strong>14.</strong></span> <span class='ocrx_word' id='word_1_619' title='bbox 2830 2354 2944 2424; x_wconf 78' lang='grc'><strong>15).</strong></span> <span class='ocrx_word' id='word_1_620' title='bbox 2979 2354 3115 2409; x_wconf 83' lang='lat' dir='ltr'><strong>Aliis</strong></span> <span class='ocrx_word' id='word_1_621' title='bbox 3142 2371 3358 2412; x_wconf 86' lang='lat' dir='ltr'><strong>rursum</strong></span> <span class='ocrx_word' id='word_1_622' title='bbox 3398 2360 3644 2415; x_wconf 85' lang='lat' dir='ltr'><strong>scribens</strong></span> <span class='ocrx_word' id='word_1_623' title='bbox 3699 2366 3771 2417; x_wconf 80' lang='lat' dir='ltr'><strong>sic</strong></span> 
     </span>
    </p>
   </div>
   <div class='ocr_carea' id='block_1_84' title="bbox 2193 2439 3773 2520">
    <p class='ocr_par' dir='ltr' id='par_1_84' title="bbox 2193 2439 3773 2520">
     <span class='ocr_line' id='line_1_84' title="bbox 2193 2439 3773 2520; baseline 0.008 -27"><span class='ocrx_word' id='word_1_624' title='bbox 2193 2439 2465 2511; x_wconf 90' lang='lat' dir='ltr'><strong>loquitur:</strong></span> <span class='ocrx_word' id='word_1_625' title='bbox 2497 2441 2921 2500; x_wconf 86' lang='lat' dir='ltr'><strong>Rememoramini</strong></span> <span class='ocrx_word' id='word_1_626' title='bbox 2947 2448 3184 2519; x_wconf 76' lang='lat' dir='ltr'><strong>pristinos</strong></span> <span class='ocrx_word' id='word_1_627' title='bbox 3215 2448 3352 2514; x_wconf 88' lang='lat' dir='ltr'><strong>dies,</strong></span> <span class='ocrx_word' id='word_1_628' title='bbox 3383 2450 3437 2503; x_wconf 90' lang='lat' dir='ltr'><strong>in</strong></span> <span class='ocrx_word' id='word_1_629' title='bbox 3452 2452 3631 2520; x_wconf 81' lang='lat' dir='ltr'><strong>quibus</strong></span> <span class='ocrx_word' id='word_1_630' title='bbox 3657 2455 3773 2506; x_wconf 81' lang='lat' dir='ltr'><strong>illu-</strong></span> 
     </span>
    </p>
   </div>
   <div class='ocr_carea' id='block_1_85' title="bbox 2193 2532 3773 2607">
    <p class='ocr_par' dir='ltr' id='par_1_85' title="bbox 2193 2532 3773 2607">
     <span class='ocr_line' id='line_1_85' title="bbox 2193 2532 3773 2607; baseline 0.008 -22"><span class='ocrx_word' id='word_1_631' title='bbox 2193 2532 2371 2586; x_wconf 87' lang='lat' dir='ltr'><strong>minati</strong></span> <span class='ocrx_word' id='word_1_632' title='bbox 2392 2533 2604 2588; x_wconf 88' lang='lat' dir='ltr'><strong>multum</strong></span> <span class='ocrx_word' id='word_1_633' title='bbox 2630 2546 2879 2589; x_wconf 85' lang='lat' dir='ltr'><strong>certamen</strong></span> <span class='ocrx_word' id='word_1_634' title='bbox 2899 2538 3209 2592; x_wconf 85' lang='lat' dir='ltr'><strong>sustinuistis</strong></span> <span class='ocrx_word' id='word_1_635' title='bbox 3236 2541 3546 2607; x_wconf 83' lang='lat' dir='ltr'><strong>passionum,</strong></span> <span class='ocrx_word' id='word_1_636' title='bbox 3564 2543 3773 2597; x_wconf 74' lang='lat' dir='ltr'><strong>scientes</strong></span> 
     </span>
    </p>
   </div>
   <div class='ocr_carea' id='block_1_86' title="bbox 2192 2624 3775 2705">
    <p class='ocr_par' dir='ltr' id='par_1_86' title="bbox 2192 2624 3775 2705">
     <span class='ocr_line' id='line_1_86' title="bbox 2192 2624 3775 2705; baseline 0.008 -30"><span class='ocrx_word' id='word_1_637' title='bbox 2192 2624 2328 2677; x_wconf 85' lang='lat' dir='ltr'><strong>vobis</strong></span> <span class='ocrx_word' id='word_1_638' title='bbox 2345 2624 2600 2677; x_wconf 87' lang='lat' dir='ltr'><strong>meliorem</strong></span> <span class='ocrx_word' id='word_1_639' title='bbox 2618 2627 2949 2680; x_wconf 83' lang='lat' dir='ltr'><strong>substantiam</strong></span> <span class='ocrx_word' id='word_1_640' title='bbox 2965 2628 3016 2681; x_wconf 89' lang='lat' dir='ltr'><strong>in</strong></span> <span class='ocrx_word' id='word_1_641' title='bbox 3038 2631 3193 2693; x_wconf 80' lang='lat' dir='ltr'><strong>cwlis,</strong></span> <span class='ocrx_word' id='word_1_642' title='bbox 3208 2641 3255 2684; x_wconf 90' lang='lat' dir='ltr'><strong>et</strong></span> <span class='ocrx_word' id='word_1_643' title='bbox 3277 2644 3559 2685; x_wconf 73' lang='lat' dir='ltr'><strong>innuentem</strong></span> <span class='ocrx_word' id='word_1_644' title='bbox 3586 2632 3775 2705; x_wconf 84' lang='lat' dir='ltr'><strong>(Hebr.</strong></span> 
     </span>
    </p>
   </div>
   <div class='ocr_carea' id='block_1_87' title="bbox 2194 2714 3775 2793">
    <p class='ocr_par' dir='ltr' id='par_1_87' title="bbox 2194 2714 3775 2793">
     <span class='ocr_line' id='line_1_87' title="bbox 2194 2714 3775 2793; baseline 0.006 -23"><span class='ocrx_word' id='word_1_645' title='bbox 2194 2714 2281 2770; x_wconf 86' lang='grc'><strong>10.</strong></span> <span class='ocrx_word' id='word_1_646' title='bbox 2308 2714 2399 2773; x_wconf 79' lang='grc'><strong>52.</strong></span> <span class='ocrx_word' id='word_1_647' title='bbox 2420 2716 2532 2786; x_wconf 73' lang='grc'><strong>54).</strong></span> <span class='ocrx_word' id='word_1_648' title='bbox 2568 2716 2753 2772; x_wconf 82' lang='lat' dir='ltr'><strong>Viden’</strong></span> <span class='ocrx_word' id='word_1_649' title='bbox 2784 2721 3146 2788; x_wconf 69' lang='lat' dir='ltr'><strong>praestantiam</strong></span> <span class='ocrx_word' id='word_1_650' title='bbox 3175 2723 3381 2775; x_wconf 91' lang='lat' dir='ltr'><strong>virtutis</strong></span> <span class='ocrx_word' id='word_1_651' title='bbox 3422 2722 3536 2793; x_wconf 83' lang='lat' dir='ltr'><strong>ejus</strong></span> <span class='ocrx_word' id='word_1_652' title='bbox 3580 2726 3673 2793; x_wconf 89' lang='lat' dir='ltr'><strong>qtti</strong></span> <span class='ocrx_word' id='word_1_653' title='bbox 3701 2736 3775 2779; x_wconf 55' lang='lat' dir='ltr'><strong>ta.</strong></span> 
     </span>
    </p>
   </div>
   <div class='ocr_carea' id='block_1_88' title="bbox 2193 2806 3775 2884">
    <p class='ocr_par' dir='ltr' id='par_1_88' title="bbox 2193 2806 3775 2884">
     <span class='ocr_line' id='line_1_88' title="bbox 2193 2806 3775 2884; baseline 0.008 -24"><span class='ocrx_word' id='word_1_654' title='bbox 2193 2806 2263 2860; x_wconf 92' lang='lat' dir='ltr'><strong>lia</strong></span> <span class='ocrx_word' id='word_1_655' title='bbox 2292 2817 2545 2877; x_wconf 83' lang='lat' dir='ltr'><strong>cperatus</strong></span> <span class='ocrx_word' id='word_1_656' title='bbox 2568 2811 2685 2866; x_wconf 83' lang='lat' dir='ltr'><strong>est?</strong></span> <span class='ocrx_word' id='word_1_657' title='bbox 2714 2811 2847 2867; x_wconf 83' lang='lat' dir='ltr'><strong>Nam</strong></span> <span class='ocrx_word' id='word_1_658' title='bbox 2872 2814 2962 2882; x_wconf 89' lang='lat' dir='ltr'><strong>qui</strong></span> <span class='ocrx_word' id='word_1_659' title='bbox 2987 2823 3131 2869; x_wconf 89' lang='lat' dir='ltr'><strong>tanta</strong></span> <span class='ocrx_word' id='word_1_660' title='bbox 3168 2816 3521 2884; x_wconf 88' lang='lat' dir='ltr'><strong>patiebantur,</strong></span> <span class='ocrx_word' id='word_1_661' title='bbox 3553 2833 3661 2871; x_wconf 86' lang='lat' dir='ltr'><strong>non</strong></span> <span class='ocrx_word' id='word_1_662' title='bbox 3690 2834 3775 2873; x_wconf 80' lang='lat' dir='ltr'><strong>so-</strong></span> 
     </span>
    </p>
   </div>
   <div class='ocr_carea' id='block_1_89' title="bbox 2194 2899 3775 2980">
    <p class='ocr_par' dir='ltr' id='par_1_89' title="bbox 2194 2899 3775 2980">
     <span class='ocr_line' id='line_1_89' title="bbox 2194 2899 3775 2980; baseline 0.008 -27"><span class='ocrx_word' id='word_1_663' title='bbox 2194 2899 2304 2954; x_wconf 90' lang='lat' dir='ltr'><strong>lum</strong></span> <span class='ocrx_word' id='word_1_664' title='bbox 2333 2917 2441 2955; x_wconf 91' lang='lat' dir='ltr'><strong>non</strong></span> <span class='ocrx_word' id='word_1_665' title='bbox 2465 2916 2609 2972; x_wconf 67' lang='lat' dir='ltr'><strong>aegre</strong></span> <span class='ocrx_word' id='word_1_666' title='bbox 2631 2904 2874 2959; x_wconf 89' lang='lat' dir='ltr'><strong>ferebant</strong></span> <span class='ocrx_word' id='word_1_667' title='bbox 2897 2907 2981 2961; x_wconf 89' lang='lat' dir='ltr'><strong>vel</strong></span> <span class='ocrx_word' id='word_1_668' title='bbox 3005 2905 3345 2973; x_wconf 89' lang='lat' dir='ltr'><strong>deﬁciebant,</strong></span> <span class='ocrx_word' id='word_1_669' title='bbox 3372 2909 3466 2963; x_wconf 89' lang='lat' dir='ltr'><strong>sed</strong></span> <span class='ocrx_word' id='word_1_670' title='bbox 3490 2918 3546 2963; x_wconf 89' lang='lat' dir='ltr'><strong>et</strong></span> <span class='ocrx_word' id='word_1_671' title='bbox 3570 2911 3775 2980; x_wconf 71' lang='lat' dir='ltr'><strong>gaude-</strong></span> 
     </span>
    </p>
   </div>
   <div class='ocr_carea' id='block_1_90' title="bbox 2193 2989 3774 3071">
    <p class='ocr_par' dir='ltr' id='par_1_90' title="bbox 2193 2989 3774 3071">
     <span class='ocr_line' id='line_1_90' title="bbox 2193 2989 3774 3071; baseline 0.006 -26"><span class='ocrx_word' id='word_1_672' title='bbox 2193 2989 2340 3058; x_wconf 90' lang='lat' dir='ltr'><strong>bant,</strong></span> <span class='ocrx_word' id='word_1_673' title='bbox 2372 2993 2688 3062; x_wconf 89' lang='lat' dir='ltr'><strong>gestiebant,</strong></span> <span class='ocrx_word' id='word_1_674' title='bbox 2714 2996 3070 3052; x_wconf 85' lang='lat' dir='ltr'><strong>exsultabant.</strong></span> <span class='ocrx_word' id='word_1_675' title='bbox 3090 2998 3159 3053; x_wconf 85' lang='lat' dir='ltr'><strong>Et</strong></span> <span class='ocrx_word' id='word_1_676' title='bbox 3176 2999 3244 3055; x_wconf 92' lang='lat' dir='ltr'><strong>de</strong></span> <span class='ocrx_word' id='word_1_677' title='bbox 3265 3000 3542 3071; x_wconf 91' lang='lat' dir='ltr'><strong>discipulis</strong></span> <span class='ocrx_word' id='word_1_678' title='bbox 3559 3003 3774 3071; x_wconf 86' lang='lat' dir='ltr'><strong>quidem</strong></span> 
     </span>
    </p>
   </div>
   <div class='ocr_carea' id='block_1_91' title="bbox 2192 3083 3776 3162">
    <p class='ocr_par' dir='ltr' id='par_1_91' title="bbox 2192 3083 3776 3162">
     <span class='ocr_line' id='line_1_91' title="bbox 2192 3083 3776 3162; baseline 0.008 -24"><span class='ocrx_word' id='word_1_679' title='bbox 2192 3083 2322 3139; x_wconf 92' lang='lat' dir='ltr'><strong>dicit</strong></span> <span class='ocrx_word' id='word_1_680' title='bbox 2356 3084 2467 3152; x_wconf 91' lang='lat' dir='ltr'><strong>ille,</strong></span> <span class='ocrx_word' id='word_1_681' title='bbox 2498 3086 2638 3157; x_wconf 90' lang='lat' dir='ltr'><strong>quod</strong></span> <span class='ocrx_word' id='word_1_682' title='bbox 2663 3088 2970 3144; x_wconf 78' lang='lat' dir='ltr'><strong>facultatum</strong></span> <span class='ocrx_word' id='word_1_683' title='bbox 3005 3091 3417 3162; x_wconf 90' lang='lat' dir='ltr'><strong>publicationem</strong></span> <span class='ocrx_word' id='word_1_684' title='bbox 3462 3110 3588 3149; x_wconf 88' lang='lat' dir='ltr'><strong>cum</strong></span> <span class='ocrx_word' id='word_1_685' title='bbox 3618 3098 3776 3150; x_wconf 85' lang='lat' dir='ltr'><strong>volu-</strong></span> 
     </span>
    </p>
   </div>
   <div class='ocr_carea' id='block_1_92' title="bbox 2194 3179 3776 3251">
    <p class='ocr_par' dir='ltr' id='par_1_92' title="bbox 2194 3179 3776 3251">
     <span class='ocr_line' id='line_1_92' title="bbox 2194 3179 3776 3251; baseline 0.01 -23"><span class='ocrx_word' id='word_1_686' title='bbox 2194 3184 2340 3246; x_wconf 89' lang='lat' dir='ltr'><strong>ptate</strong></span> <span class='ocrx_word' id='word_1_687' title='bbox 2374 3179 2805 3248; x_wconf 82' lang='lat' dir='ltr'><strong>acceperintzde</strong></span> <span class='ocrx_word' id='word_1_688' title='bbox 2836 3183 3101 3251; x_wconf 88' lang='lat' dir='ltr'><strong>magistris</strong></span> <span class='ocrx_word' id='word_1_689' title='bbox 3144 3200 3271 3238; x_wconf 89' lang='lat' dir='ltr'><strong>vero</strong></span> <span class='ocrx_word' id='word_1_690' title='bbox 3319 3186 3489 3241; x_wconf 87' lang='lat' dir='ltr'><strong>Lucas</strong></span> <span class='ocrx_word' id='word_1_691' title='bbox 3538 3188 3593 3242; x_wconf 90' lang='lat' dir='ltr'><strong>in</strong></span> <span class='ocrx_word' id='word_1_692' title='bbox 3643 3190 3776 3244; x_wconf 84' lang='lat' dir='ltr'><strong>libro</strong></span> 
     </span>
    </p>
   </div>
   <div class='ocr_carea' id='block_1_93' title="bbox 2194 3270 3775 3346">
    <p class='ocr_par' dir='ltr' id='par_1_93' title="bbox 2194 3270 3775 3346">
     <span class='ocr_line' id='line_1_93' title="bbox 2194 3270 3775 3346; baseline 0.009 -26"><span class='ocrx_word' id='word_1_693' title='bbox 2194 3271 2422 3321; x_wconf 81' lang='lat' dir='ltr'><strong>Acutum</strong></span> <span class='ocrx_word' id='word_1_694' title='bbox 2452 3270 2809 3338; x_wconf 86' lang='lat' dir='ltr'><strong>apostolorum</strong></span> <span class='ocrx_word' id='word_1_695' title='bbox 2829 3274 2901 3327; x_wconf 91' lang='lat' dir='ltr'><strong>ait</strong></span> <span class='ocrx_word' id='word_1_696' title='bbox 2926 3274 3043 3341; x_wconf 80' lang='lat' dir='ltr'><strong>(Act</strong></span> <span class='ocrx_word' id='word_1_697' title='bbox 3079 3275 3132 3330; x_wconf 82' lang='lat'><strong>5.</strong></span> <span class='ocrx_word' id='word_1_698' title='bbox 3153 3275 3264 3346; x_wconf 75' lang='grc'><strong>41),</strong></span> <span class='ocrx_word' id='word_1_699' title='bbox 3285 3292 3377 3331; x_wconf 91' lang='lat' dir='ltr'><strong>eos</strong></span> <span class='ocrx_word' id='word_1_700' title='bbox 3394 3294 3641 3333; x_wconf 86' lang='lat' dir='ltr'><strong>reversos</strong></span> <span class='ocrx_word' id='word_1_701' title='bbox 3658 3296 3775 3334; x_wconf 86' lang='lat' dir='ltr'><strong>esse</strong></span> 
     </span>
    </p>
   </div>
   <div class='ocr_carea' id='block_1_94' title="bbox 2191 3361 3772 3440">
    <p class='ocr_par' dir='ltr' id='par_1_94' title="bbox 2191 3361 3772 3440">
     <span class='ocr_line' id='line_1_94' title="bbox 2191 3361 3772 3440; baseline 0.011 -31"><span class='ocrx_word' id='word_1_702' title='bbox 2191 3361 2485 3430; x_wconf 83' lang='lat' dir='ltr'><strong>gaudentes</strong></span> <span class='ocrx_word' id='word_1_703' title='bbox 2508 3378 2537 3417; x_wconf 91' lang='lat' dir='ltr'><strong>a</strong></span> <span class='ocrx_word' id='word_1_704' title='bbox 2566 3377 2855 3435; x_wconf 89' lang='lat' dir='ltr'><strong>conspectu</strong></span> <span class='ocrx_word' id='word_1_705' title='bbox 2883 3369 3095 3421; x_wconf 86' lang='lat' dir='ltr'><strong>concilii</strong></span> <span class='ocrx_word' id='word_1_706' title='bbox 3117 3410 3131 3433; x_wconf 95' lang='lat'><strong>,</strong></span> <span class='ocrx_word' id='word_1_707' title='bbox 3162 3370 3412 3436; x_wconf 88' lang='lat' dir='ltr'><strong>quoniam</strong></span> <span class='ocrx_word' id='word_1_708' title='bbox 3433 3370 3577 3440; x_wconf 86' lang='lat' dir='ltr'><strong>digni</strong></span> <span class='ocrx_word' id='word_1_709' title='bbox 3608 3372 3772 3426; x_wconf 91' lang='lat' dir='ltr'><strong>habiti</strong></span> 
     </span>
    </p>
   </div>
   <div class='ocr_carea' id='block_1_95' title="bbox 2196 3455 3773 3531">
    <p class='ocr_par' dir='ltr' id='par_1_95' title="bbox 2196 3455 3773 3531">
     <span class='ocr_line' id='line_1_95' title="bbox 2196 3455 3773 3531; baseline 0.009 -25"><span class='ocrx_word' id='word_1_710' title='bbox 2196 3455 2400 3508; x_wconf 71' lang='lat' dir='ltr'><strong>fuerant</strong></span> <span class='ocrx_word' id='word_1_711' title='bbox 2432 3472 2526 3524; x_wconf 85' lang='lat' dir='ltr'><strong>pro</strong></span> <span class='ocrx_word' id='word_1_712' title='bbox 2552 3458 2765 3511; x_wconf 85' lang='lat' dir='ltr'><strong>nomine</strong></span> <span class='ocrx_word' id='word_1_713' title='bbox 2789 3457 2985 3512; x_wconf 89' lang='lat' dir='ltr'><strong>Christi</strong></span> <span class='ocrx_word' id='word_1_714' title='bbox 3016 3462 3391 3515; x_wconf 90' lang='lat' dir='ltr'><strong>contumeliam</strong></span> <span class='ocrx_word' id='word_1_715' title='bbox 3426 3464 3555 3531; x_wconf 87' lang='lat' dir='ltr'><strong>pati.</strong></span> <span class='ocrx_word' id='word_1_716' title='bbox 3585 3464 3659 3517; x_wconf 90' lang='lat' dir='ltr'><strong>De</strong></span> <span class='ocrx_word' id='word_1_717' title='bbox 3686 3480 3773 3520; x_wconf 56' lang='lat' dir='ltr'><strong>se-</strong></span> 
     </span>
    </p>
   </div>
   <div class='ocr_carea' id='block_1_96' title="bbox 2196 3544 3774 3622">
    <p class='ocr_par' dir='ltr' id='par_1_96' title="bbox 2196 3544 3774 3622">
     <span class='ocr_line' id='line_1_96' title="bbox 2196 3544 3774 3622; baseline 0.006 -24"><span class='ocrx_word' id='word_1_718' title='bbox 2196 3544 2311 3615; x_wconf 89' lang='lat' dir='ltr'><strong>ipso</strong></span> <span class='ocrx_word' id='word_1_719' title='bbox 2336 3562 2545 3601; x_wconf 88' lang='lat' dir='ltr'><strong>rursum</strong></span> <span class='ocrx_word' id='word_1_720' title='bbox 2570 3548 2764 3603; x_wconf 88' lang='lat' dir='ltr'><strong>Paulus</strong></span> <span class='ocrx_word' id='word_1_721' title='bbox 2790 3568 2803 3603; x_wconf 90' lang='lat'><strong>:</strong></span> <span class='ocrx_word' id='word_1_722' title='bbox 2835 3549 3064 3615; x_wconf 81' lang='lat' dir='ltr'><strong>Gaudeo,</strong></span> <span class='ocrx_word' id='word_1_723' title='bbox 3092 3554 3183 3615; x_wconf 92' lang='lat' dir='ltr'><strong>ait,</strong></span> <span class='ocrx_word' id='word_1_724' title='bbox 3215 3553 3265 3605; x_wconf 89' lang='lat' dir='ltr'><strong>in</strong></span> <span class='ocrx_word' id='word_1_725' title='bbox 3293 3554 3612 3622; x_wconf 86' lang='lat' dir='ltr'><strong>passionibus</strong></span> <span class='ocrx_word' id='word_1_726' title='bbox 3626 3558 3774 3619; x_wconf 79' lang='lat' dir='ltr'><strong>meis,</strong></span> 
     </span>
    </p>
   </div>
   <div class='ocr_carea' id='block_1_97' title="bbox 2193 3637 3774 3708">
    <p class='ocr_par' dir='ltr' id='par_1_97' title="bbox 2193 3637 3774 3708">
     <span class='ocr_line' id='line_1_97' title="bbox 2193 3637 3774 3708; baseline 0.006 -18"><span class='ocrx_word' id='word_1_727' title='bbox 2193 3648 2239 3690; x_wconf 87' lang='lat' dir='ltr'><strong>et</strong></span> <span class='ocrx_word' id='word_1_728' title='bbox 2260 3637 2515 3707; x_wconf 84' lang='lat' dir='ltr'><strong>adimpleo</strong></span> <span class='ocrx_word' id='word_1_729' title='bbox 2544 3654 2657 3708; x_wconf 68' lang='lat' dir='ltr'><strong>qua:</strong></span> <span class='ocrx_word' id='word_1_730' title='bbox 2681 3639 2860 3694; x_wconf 88' lang='lat' dir='ltr'><strong>desunt</strong></span> <span class='ocrx_word' id='word_1_731' title='bbox 2885 3642 3290 3696; x_wconf 84' lang='lat' dir='ltr'><strong>tribulationibus</strong></span> <span class='ocrx_word' id='word_1_732' title='bbox 3317 3643 3505 3698; x_wconf 83' lang='lat' dir='ltr'><strong>Christi</strong></span> <span class='ocrx_word' id='word_1_733' title='bbox 3543 3647 3599 3699; x_wconf 86' lang='lat' dir='ltr'><strong>in</strong></span> <span class='ocrx_word' id='word_1_734' title='bbox 3622 3664 3774 3699; x_wconf 79' lang='lat' dir='ltr'><strong>carne</strong></span> 
     </span>
    </p>
   </div>
   <div class='ocr_carea' id='block_1_98' title="bbox 2191 3728 3775 3806">
    <p class='ocr_par' dir='ltr' id='par_1_98' title="bbox 2191 3728 3775 3806">
     <span class='ocr_line' id='line_1_98' title="bbox 2191 3728 3775 3806; baseline 0.004 -25"><span class='ocrx_word' id='word_1_735' title='bbox 2191 3744 2304 3781; x_wconf 88' lang='lat' dir='ltr'><strong>mea</strong></span> <span class='ocrx_word' id='word_1_736' title='bbox 2332 3728 2523 3799; x_wconf 86' lang='lat' dir='ltr'><strong>(Calas.</strong></span> <span class='ocrx_word' id='word_1_737' title='bbox 2554 3730 2606 3785; x_wconf 91' lang='grc'><strong>1.</strong></span> <span class='ocrx_word' id='word_1_738' title='bbox 2639 3728 2705 3785; x_wconf 71' lang='grc'><strong>24</strong></span> <span class='ocrx_word' id='word_1_739' title='bbox 2740 3732 2778 3789; x_wconf 83' lang='lat' dir='ltr'><strong>l.</strong></span> <span class='ocrx_word' id='word_1_740' title='bbox 2812 3732 3010 3801; x_wconf 84' lang='lat' dir='ltr'><strong>Ecquid</strong></span> <span class='ocrx_word' id='word_1_741' title='bbox 3042 3734 3273 3799; x_wconf 85' lang='lat' dir='ltr'><strong>miraris,</strong></span> <span class='ocrx_word' id='word_1_742' title='bbox 3303 3736 3441 3803; x_wconf 89' lang='lat' dir='ltr'><strong>quod</strong></span> <span class='ocrx_word' id='word_1_743' title='bbox 3479 3736 3531 3789; x_wconf 93' lang='lat' dir='ltr'><strong>in</strong></span> <span class='ocrx_word' id='word_1_744' title='bbox 3571 3740 3775 3806; x_wconf 85' lang='lat' dir='ltr'><strong>passio-</strong></span> 
     </span>
    </p>
   </div>
   <div class='ocr_carea' id='block_1_99' title="bbox 2192 3819 3774 3893">
    <p class='ocr_par' dir='ltr' id='par_1_99' title="bbox 2192 3819 3774 3893">
     <span class='ocr_line' id='line_1_99' title="bbox 2192 3819 3774 3893; baseline 0.004 -20"><span class='ocrx_word' id='word_1_745' title='bbox 2192 3819 2352 3875; x_wconf 91' lang='lat' dir='ltr'><strong>nibus</strong></span> <span class='ocrx_word' id='word_1_746' title='bbox 2377 3821 2655 3891; x_wconf 88' lang='lat' dir='ltr'><strong>gauderet.</strong></span> <span class='ocrx_word' id='word_1_747' title='bbox 2686 3825 2901 3893; x_wconf 89' lang='lat' dir='ltr'><strong>quando</strong></span> <span class='ocrx_word' id='word_1_748' title='bbox 2926 3837 3153 3882; x_wconf 87' lang='lat' dir='ltr'><strong>mortem</strong></span> <span class='ocrx_word' id='word_1_749' title='bbox 3181 3828 3456 3883; x_wconf 86' lang='lat' dir='ltr'><strong>subiturus</strong></span> <span class='ocrx_word' id='word_1_750' title='bbox 3485 3844 3593 3883; x_wconf 91' lang='lat' dir='ltr'><strong>non</strong></span> <span class='ocrx_word' id='word_1_751' title='bbox 3614 3833 3774 3884; x_wconf 81' lang='lat' dir='ltr'><strong>modo</strong></span> 
     </span>
    </p>
   </div>
   <div class='ocr_carea' id='block_1_100' title="bbox 2191 3913 3773 3990">
    <p class='ocr_par' dir='ltr' id='par_1_100' title="bbox 2191 3913 3773 3990">
     <span class='ocr_line' id='line_1_100' title="bbox 2191 3913 3773 3990; baseline 0.006 -24"><span class='ocrx_word' id='word_1_752' title='bbox 2191 3913 2489 3982; x_wconf 85' lang='lat' dir='ltr'><strong>gaudebat,</strong></span> <span class='ocrx_word' id='word_1_753' title='bbox 2536 3914 2630 3970; x_wconf 88' lang='lat' dir='ltr'><strong>sed</strong></span> <span class='ocrx_word' id='word_1_754' title='bbox 2657 3917 2817 3971; x_wconf 92' lang='lat' dir='ltr'><strong>etiam</strong></span> <span class='ocrx_word' id='word_1_755' title='bbox 2843 3916 3134 3987; x_wconf 85' lang='lat' dir='ltr'><strong>discipulos</strong></span> <span class='ocrx_word' id='word_1_756' title='bbox 3158 3919 3208 3972; x_wconf 90' lang='lat' dir='ltr'><strong>in</strong></span> <span class='ocrx_word' id='word_1_757' title='bbox 3238 3920 3412 3990; x_wconf 84' lang='lat' dir='ltr'><strong>gaudii</strong></span> <span class='ocrx_word' id='word_1_758' title='bbox 3444 3926 3773 3976; x_wconf 78' lang='lat' dir='ltr'><strong>COﬂSOrLitttlt</strong></span> 
     </span>
    </p>
   </div>
   <div class='ocr_carea' id='block_1_101' title="bbox 2193 4007 3770 4082">
    <p class='ocr_par' dir='ltr' id='par_1_101' title="bbox 2193 4007 3770 4082">
     <span class='ocr_line' id='line_1_101' title="bbox 2193 4007 3770 4082; baseline 0.007 -23"><span class='ocrx_word' id='word_1_759' title='bbox 2193 4007 2435 4075; x_wconf 90' lang='lat' dir='ltr'><strong>vocabat,</strong></span> <span class='ocrx_word' id='word_1_760' title='bbox 2484 4009 2625 4077; x_wconf 91' lang='lat' dir='ltr'><strong>quod</strong></span> <span class='ocrx_word' id='word_1_761' title='bbox 2671 4021 2787 4065; x_wconf 90' lang='lat' dir='ltr'><strong>erat</strong></span> <span class='ocrx_word' id='word_1_762' title='bbox 2834 4012 2995 4066; x_wconf 93' lang='lat' dir='ltr'><strong>animi</strong></span> <span class='ocrx_word' id='word_1_763' title='bbox 3046 4027 3205 4082; x_wconf 89' lang='lat' dir='ltr'><strong>supra</strong></span> <span class='ocrx_word' id='word_1_764' title='bbox 3255 4014 3469 4069; x_wconf 91' lang='lat' dir='ltr'><strong>modum</strong></span> <span class='ocrx_word' id='word_1_765' title='bbox 3504 4016 3770 4070; x_wconf 67' lang='lat' dir='ltr'><strong>halantis:</strong></span> 
     </span>
    </p>
   </div>
   <div class='ocr_carea' id='block_1_102' title="bbox 2195 4097 3773 4173">
    <p class='ocr_par' dir='ltr' id='par_1_102' title="bbox 2195 4097 3773 4173">
     <span class='ocr_line' id='line_1_102' title="bbox 2195 4097 3773 4173; baseline 0.006 -22"><span class='ocrx_word' id='word_1_766' title='bbox 2195 4097 2424 4166; x_wconf 80' lang='lat' dir='ltr'><strong>Gaudeo,</strong></span> <span class='ocrx_word' id='word_1_767' title='bbox 2457 4101 2647 4171; x_wconf 89' lang='lat' dir='ltr'><strong>inquit,</strong></span> <span class='ocrx_word' id='word_1_768' title='bbox 2681 4112 2727 4156; x_wconf 89' lang='lat' dir='ltr'><strong>et</strong></span> <span class='ocrx_word' id='word_1_769' title='bbox 2769 4104 3094 4173; x_wconf 83' lang='lat' dir='ltr'><strong>congratulor</strong></span> <span class='ocrx_word' id='word_1_770' title='bbox 3122 4106 3351 4160; x_wconf 86' lang='lat' dir='ltr'><strong>omnibus</strong></span> <span class='ocrx_word' id='word_1_771' title='bbox 3389 4107 3527 4160; x_wconf 76' lang='lat' dir='ltr'><strong>vobis</strong></span> <span class='ocrx_word' id='word_1_772' title='bbox 3553 4124 3571 4161; x_wconf 92' lang='lat'><strong>:</strong></span> <span class='ocrx_word' id='word_1_773' title='bbox 3605 4110 3773 4161; x_wconf 77' lang='lat' dir='ltr'><strong>itidem</strong></span> 
     </span>
    </p>
   </div>
   <div class='ocr_carea' id='block_1_103' title="bbox 2194 4194 3771 4269">
    <p class='ocr_par' dir='ltr' id='par_1_103' title="bbox 2194 4194 3771 4269">
     <span class='ocr_line' id='line_1_103' title="bbox 2194 4194 3771 4269; baseline 0.006 -24"><span class='ocrx_word' id='word_1_774' title='bbox 2194 4203 2239 4246; x_wconf 91' lang='lat' dir='ltr'><strong>et</strong></span> <span class='ocrx_word' id='word_1_775' title='bbox 2257 4210 2342 4248; x_wconf 85' lang='lat' dir='ltr'><strong>vos</strong></span> <span class='ocrx_word' id='word_1_776' title='bbox 2358 4194 2590 4265; x_wconf 78' lang='lat' dir='ltr'><strong>gaudete,</strong></span> <span class='ocrx_word' id='word_1_777' title='bbox 2606 4205 2657 4249; x_wconf 87' lang='lat' dir='ltr'><strong>et</strong></span> <span class='ocrx_word' id='word_1_778' title='bbox 2671 4198 3091 4266; x_wconf 81' lang='lat' dir='ltr'><strong>congratulamini</strong></span> <span class='ocrx_word' id='word_1_779' title='bbox 3130 4199 3252 4252; x_wconf 82' lang='lat' dir='ltr'><strong>mihi</strong></span> <span class='ocrx_word' id='word_1_780' title='bbox 3270 4198 3436 4269; x_wconf 78' lang='lat' dir='ltr'><strong>(Phil.</strong></span> <span class='ocrx_word' id='word_1_781' title='bbox 3460 4201 3516 4254; x_wconf 74' lang='lat'><strong>2.</strong></span> <span class='ocrx_word' id='word_1_782' title='bbox 3542 4204 3632 4256; x_wconf 89' lang='grc'><strong>17.</strong></span> <span class='ocrx_word' id='word_1_783' title='bbox 3665 4206 3771 4263; x_wconf 79' lang='lat' dir='ltr'><strong>t8).</strong></span> 
     </span>
    </p>
   </div>
   <div class='ocr_carea' id='block_1_104' title="bbox 2194 4284 3769 4362">
    <p class='ocr_par' dir='ltr' id='par_1_104' title="bbox 2194 4284 3769 4362">
     <span class='ocr_line' id='line_1_104' title="bbox 2194 4284 3769 4362; baseline 0.006 -22"><span class='ocrx_word' id='word_1_784' title='bbox 2194 4284 2263 4340; x_wconf 86' lang='lat' dir='ltr'><strong>Et</strong></span> <span class='ocrx_word' id='word_1_785' title='bbox 2291 4284 2417 4354; x_wconf 90' lang='lat' dir='ltr'><strong>quid</strong></span> <span class='ocrx_word' id='word_1_786' title='bbox 2449 4284 2642 4340; x_wconf 91' lang='lat' dir='ltr'><strong>factum</strong></span> <span class='ocrx_word' id='word_1_787' title='bbox 2668 4296 2773 4353; x_wconf 88' lang='lat' dir='ltr'><strong>est,</strong></span> <span class='ocrx_word' id='word_1_788' title='bbox 2804 4287 2889 4342; x_wconf 90' lang='lat' dir='ltr'><strong>dic</strong></span> <span class='ocrx_word' id='word_1_789' title='bbox 2918 4289 3069 4354; x_wconf 89' lang='lat' dir='ltr'><strong>mihi,</strong></span> <span class='ocrx_word' id='word_1_790' title='bbox 3095 4290 3240 4358; x_wconf 88' lang='lat' dir='ltr'><strong>quod</strong></span> <span class='ocrx_word' id='word_1_791' title='bbox 3269 4302 3418 4344; x_wconf 90' lang='lat' dir='ltr'><strong>tanto</strong></span> <span class='ocrx_word' id='word_1_792' title='bbox 3443 4293 3645 4362; x_wconf 89' lang='lat' dir='ltr'><strong>gaudio</strong></span> <span class='ocrx_word' id='word_1_793' title='bbox 3687 4313 3769 4349; x_wconf 85' lang='lat' dir='ltr'><strong>re-</strong></span> 
     </span>
    </p>
   </div>
   <div class='ocr_carea' id='block_1_105' title="bbox 2196 4376 3771 4452">
    <p class='ocr_par' dir='ltr' id='par_1_105' title="bbox 2196 4376 3771 4452">
     <span class='ocr_line' id='line_1_105' title="bbox 2196 4376 3771 4452; baseline 0.007 -23"><span class='ocrx_word' id='word_1_794' title='bbox 2196 4376 2372 4445; x_wconf 90' lang='lat' dir='ltr'><strong>pletus</strong></span> <span class='ocrx_word' id='word_1_795' title='bbox 2400 4392 2461 4433; x_wconf 86' lang='lat' dir='ltr'><strong>es</strong></span> <span class='ocrx_word' id='word_1_796' title='bbox 2487 4377 2511 4431; x_wconf 86' lang='lat'><strong>?</strong></span> <span class='ocrx_word' id='word_1_797' title='bbox 2535 4376 2665 4448; x_wconf 82' lang='lat' dir='ltr'><strong>Ego,</strong></span> <span class='ocrx_word' id='word_1_798' title='bbox 2697 4379 2885 4448; x_wconf 87' lang='lat' dir='ltr'><strong>inquit,</strong></span> <span class='ocrx_word' id='word_1_799' title='bbox 2904 4383 3017 4450; x_wconf 89' lang='lat' dir='ltr'><strong>jam</strong></span> <span class='ocrx_word' id='word_1_800' title='bbox 3042 4382 3254 4447; x_wconf 81' lang='lat' dir='ltr'><strong>delibor,</strong></span> <span class='ocrx_word' id='word_1_801' title='bbox 3278 4395 3328 4437; x_wconf 90' lang='lat' dir='ltr'><strong>et</strong></span> <span class='ocrx_word' id='word_1_802' title='bbox 3355 4396 3555 4452; x_wconf 86' lang='lat' dir='ltr'><strong>tempus</strong></span> <span class='ocrx_word' id='word_1_803' title='bbox 3575 4386 3771 4440; x_wconf 84' lang='lat' dir='ltr'><strong>resolu-</strong></span> 
     </span>
    </p>
   </div>
   <div class='ocr_carea' id='block_1_106' title="bbox 2193 4469 3145 4543">
    <p class='ocr_par' dir='ltr' id='par_1_106' title="bbox 2193 4469 3145 4543">
     <span class='ocr_line' id='line_1_106' title="bbox 2193 4469 3145 4543; baseline 0.005 -22"><span class='ocrx_word' id='word_1_804' title='bbox 2193 4469 2343 4523; x_wconf 86' lang='lat' dir='ltr'><strong>tionis</strong></span> <span class='ocrx_word' id='word_1_805' title='bbox 2373 4484 2498 4522; x_wconf 65' lang='lat' dir='ltr'><strong>mea?</strong></span> <span class='ocrx_word' id='word_1_806' title='bbox 2522 4470 2675 4523; x_wconf 79' lang='lat' dir='ltr'><strong>instat</strong></span> <span class='ocrx_word' id='word_1_807' title='bbox 2711 4471 2788 4539; x_wconf 62' lang='grc' dir='ltr'><strong>(ἓ.</strong></span> <span class='ocrx_word' id='word_1_808' title='bbox 2825 4471 2954 4525; x_wconf 84' lang='lat' dir='ltr'><strong>Tim.</strong></span> <span class='ocrx_word' id='word_1_809' title='bbox 2981 4474 3034 4527; x_wconf 77' lang='grc'><strong>4.</strong></span> <span class='ocrx_word' id='word_1_810' title='bbox 3064 4474 3145 4543; x_wconf 79' lang='lat'><strong>6).</strong></span> 
     </span>
    </p>
   </div>
   <div class='ocr_carea' id='block_1_107' title="bbox 2266 4559 3771 4630">
    <p class='ocr_par' dir='ltr' id='par_1_107' title="bbox 2266 4559 3771 4630">
     <span class='ocr_line' id='line_1_107' title="bbox 2266 4559 3771 4630; baseline 0.007 -17"><span class='ocrx_word' id='word_1_811' title='bbox 2266 4560 2350 4614; x_wconf 75' lang='lat' dir='ltr'><strong>M.</strong></span> <span class='ocrx_word' id='word_1_812' title='bbox 2385 4559 2475 4615; x_wconf 90' lang='lat' dir='ltr'><strong>Sic</strong></span> <span class='ocrx_word' id='word_1_813' title='bbox 2496 4560 2655 4630; x_wconf 87' lang='lat' dir='ltr'><strong>igitur</strong></span> <span class='ocrx_word' id='word_1_814' title='bbox 2680 4579 2774 4630; x_wconf 89' lang='lat' dir='ltr'><strong>per</strong></span> <span class='ocrx_word' id='word_1_815' title='bbox 2797 4564 3095 4617; x_wconf 80' lang='lat' dir='ltr'><strong>universum</strong></span> <span class='ocrx_word' id='word_1_816' title='bbox 3119 4566 3303 4620; x_wconf 86' lang='lat' dir='ltr'><strong>orbem</strong></span> <span class='ocrx_word' id='word_1_817' title='bbox 3329 4566 3621 4622; x_wconf 73' lang='lat' dir='ltr'><strong>Ecclesium</strong></span> <span class='ocrx_word' id='word_1_818' title='bbox 3645 4571 3771 4623; x_wconf 62' lang='grc' dir='ltr'><strong>(ιιιΙὶ-</strong></span> 
     </span>
    </p>
   </div>
   <div class='ocr_carea' id='block_1_108' title="bbox 2194 4650 3770 4728">
    <p class='ocr_par' dir='ltr' id='par_1_108' title="bbox 2194 4650 3770 4728">
     <span class='ocr_line' id='line_1_108' title="bbox 2194 4650 3770 4728; baseline 0.005 -25"><span class='ocrx_word' id='word_1_819' title='bbox 2194 4650 2441 4707; x_wconf 79' lang='lat' dir='ltr'><strong>ﬁcabant.</strong></span> <span class='ocrx_word' id='word_1_820' title='bbox 2468 4653 2628 4723; x_wconf 88' lang='lat' dir='ltr'><strong>Atqui</strong></span> <span class='ocrx_word' id='word_1_821' title='bbox 2659 4668 2725 4709; x_wconf 90' lang='lat' dir='ltr'><strong>ne</strong></span> <span class='ocrx_word' id='word_1_822' title='bbox 2760 4655 3013 4722; x_wconf 88' lang='lat' dir='ltr'><strong>parietem</strong></span> <span class='ocrx_word' id='word_1_823' title='bbox 3041 4656 3254 4725; x_wconf 88' lang='lat' dir='ltr'><strong>quidem</strong></span> <span class='ocrx_word' id='word_1_824' title='bbox 3294 4673 3457 4712; x_wconf 90' lang='lat' dir='ltr'><strong>unum</strong></span> <span class='ocrx_word' id='word_1_825' title='bbox 3492 4660 3770 4728; x_wconf 85' lang='lat' dir='ltr'><strong>quisquam</strong></span> 
     </span>
    </p>
   </div>
   <div class='ocr_carea' id='block_1_109' title="bbox 2193 4745 3771 4820">
    <p class='ocr_par' dir='ltr' id='par_1_109' title="bbox 2193 4745 3771 4820">
     <span class='ocr_line' id='line_1_109' title="bbox 2193 4745 3771 4820; baseline 0.004 -22"><span class='ocrx_word' id='word_1_826' title='bbox 2193 4745 2363 4814; x_wconf 89' lang='lat' dir='ltr'><strong>possit</strong></span> <span class='ocrx_word' id='word_1_827' title='bbox 2389 4754 2668 4800; x_wconf 79' lang='lat' dir='ltr'><strong>exstruere</strong></span> <span class='ocrx_word' id='word_1_828' title='bbox 2696 4746 2956 4815; x_wconf 90' lang='lat' dir='ltr'><strong>lapidibus</strong></span> <span class='ocrx_word' id='word_1_829' title='bbox 2974 4756 3029 4801; x_wconf 90' lang='lat' dir='ltr'><strong>et</strong></span> <span class='ocrx_word' id='word_1_830' title='bbox 3051 4748 3192 4802; x_wconf 79' lang='lat' dir='ltr'><strong>calce</strong></span> <span class='ocrx_word' id='word_1_831' title='bbox 3213 4758 3388 4813; x_wconf 88' lang='lat' dir='ltr'><strong>utens,</strong></span> <span class='ocrx_word' id='word_1_832' title='bbox 3412 4753 3457 4803; x_wconf 87' lang='lat' dir='ltr'><strong>si</strong></span> <span class='ocrx_word' id='word_1_833' title='bbox 3479 4754 3771 4820; x_wconf 77' lang='lat' dir='ltr'><strong>expellatur</strong></span> 
     </span>
    </p>
   </div>
   <div class='ocr_carea' id='block_1_110' title="bbox 2193 4836 3769 4910">
    <p class='ocr_par' dir='ltr' id='par_1_110' title="bbox 2193 4836 3769 4910">
     <span class='ocr_line' id='line_1_110' title="bbox 2193 4836 3769 4910; baseline 0.003 -18"><span class='ocrx_word' id='word_1_834' title='bbox 2193 4846 2246 4892; x_wconf 92' lang='lat' dir='ltr'><strong>et</strong></span> <span class='ocrx_word' id='word_1_835' title='bbox 2272 4837 2589 4906; x_wconf 80' lang='lat' dir='ltr'><strong>impediatur</strong></span> <span class='ocrx_word' id='word_1_836' title='bbox 2617 4854 2631 4890; x_wconf 88' lang='lat'><strong>:</strong></span> <span class='ocrx_word' id='word_1_837' title='bbox 2662 4836 2713 4891; x_wconf 95' lang='lat' dir='ltr'><strong>hi</strong></span> <span class='ocrx_word' id='word_1_838' title='bbox 2742 4853 2870 4893; x_wconf 89' lang='lat' dir='ltr'><strong>vero</strong></span> <span class='ocrx_word' id='word_1_839' title='bbox 2897 4846 2973 4892; x_wconf 91' lang='lat' dir='ltr'><strong>tot</strong></span> <span class='ocrx_word' id='word_1_840' title='bbox 2997 4838 3262 4894; x_wconf 82' lang='lat' dir='ltr'><strong>Ecelesias</strong></span> <span class='ocrx_word' id='word_1_841' title='bbox 3291 4840 3484 4910; x_wconf 86' lang='lat' dir='ltr'><strong>ubique</strong></span> <span class='ocrx_word' id='word_1_842' title='bbox 3511 4851 3769 4898; x_wconf 83' lang='lat' dir='ltr'><strong>terrarum</strong></span> 
     </span>
    </p>
   </div>
   <div class='ocr_carea' id='block_1_111' title="bbox 2192 4930 3770 5002">
    <p class='ocr_par' dir='ltr' id='par_1_111' title="bbox 2192 4930 3770 5002">
     <span class='ocr_line' id='line_1_111' title="bbox 2192 4930 3770 5002; baseline 0.003 -17"><span class='ocrx_word' id='word_1_843' title='bbox 2192 4930 2543 4995; x_wconf 58' lang='lat' dir='ltr'><strong>aediﬁcarunt,</strong></span> <span class='ocrx_word' id='word_1_844' title='bbox 2576 4931 2830 5000; x_wconf 89' lang='lat' dir='ltr'><strong>percussi,</strong></span> <span class='ocrx_word' id='word_1_845' title='bbox 2863 4930 3046 4995; x_wconf 90' lang='lat' dir='ltr'><strong>vineti,</strong></span> <span class='ocrx_word' id='word_1_846' title='bbox 3078 4932 3247 5001; x_wconf 89' lang='lat' dir='ltr'><strong>pulsi,</strong></span> <span class='ocrx_word' id='word_1_847' title='bbox 3275 4931 3473 5002; x_wconf 85' lang='lat' dir='ltr'><strong>fugati,</strong></span> <span class='ocrx_word' id='word_1_848' title='bbox 3505 4932 3770 4990; x_wconf 82' lang='lat' dir='ltr'><strong>facultati-</strong></span> 
     </span>
    </p>
   </div>
   <div class='ocr_carea' id='block_1_112' title="bbox 2194 5022 3768 5094">
    <p class='ocr_par' dir='ltr' id='par_1_112' title="bbox 2194 5022 3768 5094">
     <span class='ocr_line' id='line_1_112' title="bbox 2194 5022 3768 5094; baseline 0.003 -18"><span class='ocrx_word' id='word_1_849' title='bbox 2194 5022 2293 5077; x_wconf 92' lang='lat' dir='ltr'><strong>bus</strong></span> <span class='ocrx_word' id='word_1_850' title='bbox 2320 5022 2575 5087; x_wconf 90' lang='lat' dir='ltr'><strong>mulctati,</strong></span> <span class='ocrx_word' id='word_1_851' title='bbox 2602 5022 2848 5091; x_wconf 87' lang='lat' dir='ltr'><strong>ﬁagellati</strong></span> <span class='ocrx_word' id='word_1_852' title='bbox 2872 5064 2886 5089; x_wconf 93' lang='lat'><strong>,</strong></span> <span class='ocrx_word' id='word_1_853' title='bbox 2913 5023 3135 5094; x_wconf 82' lang='lat' dir='ltr'><strong>jugulati</strong></span> <span class='ocrx_word' id='word_1_854' title='bbox 3158 5063 3175 5089; x_wconf 92' lang='lat'><strong>,</strong></span> <span class='ocrx_word' id='word_1_855' title='bbox 3204 5023 3469 5080; x_wconf 87' lang='lat' dir='ltr'><strong>combusti</strong></span> <span class='ocrx_word' id='word_1_856' title='bbox 3494 5068 3511 5090; x_wconf 91' lang='lat'><strong>,</strong></span> <span class='ocrx_word' id='word_1_857' title='bbox 3540 5028 3768 5083; x_wconf 87' lang='lat' dir='ltr'><strong>demersi</strong></span> 
     </span>
    </p>
   </div>
   <div class='ocr_carea' id='block_1_113' title="bbox 2192 5108 3767 5181">
    <p class='ocr_par' dir='ltr' id='par_1_113' title="bbox 2192 5108 3767 5181">
     <span class='ocr_line' id='line_1_113' title="bbox 2192 5108 3767 5181; baseline 0.003 -19"><span class='ocrx_word' id='word_1_858' title='bbox 2192 5124 2295 5163; x_wconf 89' lang='lat' dir='ltr'><strong>una</strong></span> <span class='ocrx_word' id='word_1_859' title='bbox 2318 5124 2437 5163; x_wconf 92' lang='lat' dir='ltr'><strong>cum</strong></span> <span class='ocrx_word' id='word_1_860' title='bbox 2460 5108 2752 5178; x_wconf 83' lang='lat' dir='ltr'><strong>discipulis.</strong></span> <span class='ocrx_word' id='word_1_861' title='bbox 2778 5108 2843 5163; x_wconf 85' lang='lat' dir='ltr'><strong>Et</strong></span> <span class='ocrx_word' id='word_1_862' title='bbox 2868 5109 3218 5174; x_wconf 63' lang='lat' dir='ltr'><strong>aedificabant,</strong></span> <span class='ocrx_word' id='word_1_863' title='bbox 3244 5125 3346 5164; x_wconf 91' lang='lat' dir='ltr'><strong>non</strong></span> <span class='ocrx_word' id='word_1_864' title='bbox 3374 5112 3658 5181; x_wconf 85' lang='lat' dir='ltr'><strong>lapidibus,</strong></span> <span class='ocrx_word' id='word_1_865' title='bbox 3681 5116 3767 5167; x_wconf 75' lang='lat' dir='ltr'><strong>sed</strong></span> 
     </span>
    </p>
   </div>
   <div class='ocr_carea' id='block_1_114' title="bbox 2191 5201 3766 5278">
    <p class='ocr_par' dir='ltr' id='par_1_114' title="bbox 2191 5201 3766 5278">
     <span class='ocr_line' id='line_1_114' title="bbox 2191 5201 3766 5278; baseline 0.004 -24"><span class='ocrx_word' id='word_1_866' title='bbox 2191 5201 2466 5255; x_wconf 83' lang='lat' dir='ltr'><strong>antmabus</strong></span> <span class='ocrx_word' id='word_1_867' title='bbox 2487 5210 2541 5255; x_wconf 91' lang='lat' dir='ltr'><strong>et</strong></span> <span class='ocrx_word' id='word_1_868' title='bbox 2567 5201 2839 5265; x_wconf 89' lang='lat' dir='ltr'><strong>institutis,</strong></span> <span class='ocrx_word' id='word_1_869' title='bbox 2864 5202 3002 5272; x_wconf 88' lang='lat' dir='ltr'><strong>quod</strong></span> <span class='ocrx_word' id='word_1_870' title='bbox 3026 5203 3179 5272; x_wconf 89' lang='lat' dir='ltr'><strong>plane</strong></span> <span class='ocrx_word' id='word_1_871' title='bbox 3202 5203 3469 5258; x_wconf 87' lang='lat' dir='ltr'><strong>difﬁcilius</strong></span> <span class='ocrx_word' id='word_1_872' title='bbox 3487 5216 3595 5271; x_wconf 90' lang='lat' dir='ltr'><strong>est,</strong></span> <span class='ocrx_word' id='word_1_873' title='bbox 3615 5224 3766 5278; x_wconf 88' lang='lat' dir='ltr'><strong>quam</strong></span> 
     </span>
    </p>
   </div>
   <div class='ocr_carea' id='block_1_115' title="bbox 2191 5294 3763 5365">
    <p class='ocr_par' dir='ltr' id='par_1_115' title="bbox 2191 5294 3763 5365">
     <span class='ocr_line' id='line_1_115' title="bbox 2191 5294 3763 5365; baseline 0.001 -16"><span class='ocrx_word' id='word_1_874' title='bbox 2191 5294 2453 5361; x_wconf 80' lang='lat' dir='ltr'><strong>lapidibus</strong></span> <span class='ocrx_word' id='word_1_875' title='bbox 2478 5306 2809 5349; x_wconf 86' lang='lat' dir='ltr'><strong>construere.</strong></span> <span class='ocrx_word' id='word_1_876' title='bbox 2840 5294 2950 5349; x_wconf 88' lang='lat' dir='ltr'><strong>Non</strong></span> <span class='ocrx_word' id='word_1_877' title='bbox 2980 5295 3119 5351; x_wconf 92' lang='lat' dir='ltr'><strong>enim</strong></span> <span class='ocrx_word' id='word_1_878' title='bbox 3152 5312 3244 5365; x_wconf 89' lang='lat' dir='ltr'><strong>par</strong></span> <span class='ocrx_word' id='word_1_879' title='bbox 3280 5306 3358 5350; x_wconf 85' lang='lat' dir='ltr'><strong>est</strong></span> <span class='ocrx_word' id='word_1_880' title='bbox 3390 5314 3599 5353; x_wconf 88' lang='lat' dir='ltr'><strong>murum</strong></span> <span class='ocrx_word' id='word_1_881' title='bbox 3640 5317 3763 5352; x_wconf 81' lang='lat' dir='ltr'><strong>cou-</strong></span> 
     </span>
    </p>
   </div>
   <div class='ocr_carea' id='block_1_116' title="bbox 2191 5385 3763 5457">
    <p class='ocr_par' dir='ltr' id='par_1_116' title="bbox 2191 5385 3763 5457">
     <span class='ocr_line' id='line_1_116' title="bbox 2191 5385 3763 5457; baseline 0.001 -18"><span class='ocrx_word' id='word_1_882' title='bbox 2191 5397 2430 5448; x_wconf 87' lang='lat' dir='ltr'><strong>struere,</strong></span> <span class='ocrx_word' id='word_1_883' title='bbox 2460 5396 2513 5439; x_wconf 91' lang='lat' dir='ltr'><strong>et</strong></span> <span class='ocrx_word' id='word_1_884' title='bbox 2542 5385 2771 5439; x_wconf 89' lang='lat' dir='ltr'><strong>animam</strong></span> <span class='ocrx_word' id='word_1_885' title='bbox 2807 5396 2951 5441; x_wconf 90' lang='lat' dir='ltr'><strong>tanto</strong></span> <span class='ocrx_word' id='word_1_886' title='bbox 2981 5396 3216 5454; x_wconf 75' lang='lat' dir='ltr'><strong>tempore</strong></span> <span class='ocrx_word' id='word_1_887' title='bbox 3243 5401 3271 5439; x_wconf 92' lang='lat' dir='ltr'><strong>a</strong></span> <span class='ocrx_word' id='word_1_888' title='bbox 3298 5386 3632 5444; x_wconf 71' lang='lat' dir='ltr'><strong>daemonibus</strong></span> <span class='ocrx_word' id='word_1_889' title='bbox 3657 5409 3763 5457; x_wconf 73' lang='lat' dir='ltr'><strong>agt-</strong></span> 
     </span>
    </p>
   </div>
   <div class='ocr_carea' id='block_1_117' title="bbox 2192 5476 3764 5546">
    <p class='ocr_par' dir='ltr' id='par_1_117' title="bbox 2192 5476 3764 5546">
     <span class='ocr_line' id='line_1_117' title="bbox 2192 5476 3764 5546; baseline 0.001 -14"><span class='ocrx_word' id='word_1_890' title='bbox 2192 5487 2353 5533; x_wconf 88' lang='lat' dir='ltr'><strong>tatam</strong></span> <span class='ocrx_word' id='word_1_891' title='bbox 2378 5476 2444 5530; x_wconf 91' lang='lat' dir='ltr'><strong>ad</strong></span> <span class='ocrx_word' id='word_1_892' title='bbox 2471 5478 2887 5546; x_wconf 90' lang='lat' dir='ltr'><strong>resipisceudum</strong></span> <span class='ocrx_word' id='word_1_893' title='bbox 2920 5476 3259 5545; x_wconf 84' lang='lat' dir='ltr'><strong>persuadere,</strong></span> <span class='ocrx_word' id='word_1_894' title='bbox 3282 5486 3338 5531; x_wconf 93' lang='lat' dir='ltr'><strong>ut</strong></span> <span class='ocrx_word' id='word_1_895' title='bbox 3359 5477 3427 5531; x_wconf 93' lang='lat' dir='ltr'><strong>ab</strong></span> <span class='ocrx_word' id='word_1_896' title='bbox 3453 5479 3658 5534; x_wconf 86' lang='lat' dir='ltr'><strong>insania</strong></span> <span class='ocrx_word' id='word_1_897' title='bbox 3686 5484 3764 5534; x_wconf 83' lang='lat' dir='ltr'><strong>illa</strong></span> 
     </span>
    </p>
   </div>
   <div class='ocr_carea' id='block_1_118' title="bbox 2189 5570 3764 5640">
    <p class='ocr_par' dir='ltr' id='par_1_118' title="bbox 2189 5570 3764 5640">
     <span class='ocr_line' id='line_1_118' title="bbox 2189 5570 3764 5640; baseline -0.001 -15"><span class='ocrx_word' id='word_1_898' title='bbox 2189 5571 2440 5635; x_wconf 89' lang='lat' dir='ltr'><strong>desistat,</strong></span> <span class='ocrx_word' id='word_1_899' title='bbox 2471 5580 2525 5626; x_wconf 93' lang='lat' dir='ltr'><strong>et</strong></span> <span class='ocrx_word' id='word_1_900' title='bbox 2548 5570 2614 5625; x_wconf 89' lang='lat' dir='ltr'><strong>ad</strong></span> <span class='ocrx_word' id='word_1_901' title='bbox 2641 5581 2837 5624; x_wconf 83' lang='lat' dir='ltr'><strong>tantam</strong></span> <span class='ocrx_word' id='word_1_902' title='bbox 2867 5571 3135 5639; x_wconf 83' lang='lat' dir='ltr'><strong>perveniat</strong></span> <span class='ocrx_word' id='word_1_903' title='bbox 3161 5572 3584 5640; x_wconf 89' lang='lat' dir='ltr'><strong>temperantiam.</strong></span> <span class='ocrx_word' id='word_1_904' title='bbox 3617 5576 3764 5627; x_wconf 76' lang='lat' dir='ltr'><strong>Atta-</strong></span> 
     </span>
    </p>
   </div>
   <div class='ocr_carea' id='block_1_119' title="bbox 2190 5663 3766 5735">
    <p class='ocr_par' dir='ltr' id='par_1_119' title="bbox 2190 5663 3766 5735">
     <span class='ocr_line' id='line_1_119' title="bbox 2190 5663 3766 5735; baseline -0.003 -15"><span class='ocrx_word' id='word_1_905' title='bbox 2190 5681 2312 5721; x_wconf 89' lang='lat' dir='ltr'><strong>men</strong></span> <span class='ocrx_word' id='word_1_906' title='bbox 2341 5665 2441 5721; x_wconf 88' lang='lat' dir='ltr'><strong>hoc</strong></span> <span class='ocrx_word' id='word_1_907' title='bbox 2463 5674 2746 5735; x_wconf 89' lang='lat' dir='ltr'><strong>potuerunt</strong></span> <span class='ocrx_word' id='word_1_908' title='bbox 2766 5664 2888 5717; x_wconf 91' lang='lat' dir='ltr'><strong>nudi</strong></span> <span class='ocrx_word' id='word_1_909' title='bbox 2910 5671 2967 5717; x_wconf 92' lang='lat' dir='ltr'><strong>et</strong></span> <span class='ocrx_word' id='word_1_910' title='bbox 2983 5663 3174 5716; x_wconf 88' lang='lat' dir='ltr'><strong>calceis</strong></span> <span class='ocrx_word' id='word_1_911' title='bbox 3191 5674 3454 5725; x_wconf 83' lang='lat' dir='ltr'><strong>carentes.</strong></span> <span class='ocrx_word' id='word_1_912' title='bbox 3476 5681 3577 5718; x_wconf 88' lang='lat' dir='ltr'><strong>una</strong></span> <span class='ocrx_word' id='word_1_913' title='bbox 3600 5666 3766 5719; x_wconf 79' lang='lat' dir='ltr'><strong>induti</strong></span> 
     </span>
    </p>
   </div>
   <div class='ocr_carea' id='block_1_120' title="bbox 2191 5756 3766 5835">
    <p class='ocr_par' dir='ltr' id='par_1_120' title="bbox 2191 5756 3766 5835">
     <span class='ocr_line' id='line_1_120' title="bbox 2191 5756 3766 5835; baseline -0.002 -19"><span class='ocrx_word' id='word_1_914' title='bbox 2191 5762 2366 5816; x_wconf 82' lang='lat' dir='ltr'><strong>tunica</strong></span> <span class='ocrx_word' id='word_1_915' title='bbox 2392 5775 2487 5831; x_wconf 85' lang='lat' dir='ltr'><strong>per</strong></span> <span class='ocrx_word' id='word_1_916' title='bbox 2514 5758 2818 5835; x_wconf 70' lang='lat' dir='ltr'><strong>universum</strong></span> <span class='ocrx_word' id='word_1_917' title='bbox 2840 5756 3022 5812; x_wconf 85' lang='lat' dir='ltr'><strong>orbem</strong></span> <span class='ocrx_word' id='word_1_918' title='bbox 3045 5757 3475 5812; x_wconf 87' lang='lat' dir='ltr'><strong>circumeuntes:</strong></span> <span class='ocrx_word' id='word_1_919' title='bbox 3503 5758 3766 5815; x_wconf 78' lang='lat' dir='ltr'><strong>habebant</strong></span> 
     </span>
    </p>
   </div>
  </div>
