3920 6236
68 322 73 331 ’
134 338 235 391 δεδι

138 463 326 518 ταῦτα
348 463 640 536 ἔπραττον,
694 462 832 517 ἀλλά
867 464 1080 536 μυρίων
1108 466 1451 537 πανταχόθεν
1484 467 1738 538 πολέμων

138 550 335 611 αὑτοῖς
381 547 771 619 ἐγειρομένων.
827 548 986 601 Κατά
1030 548 1141 619 γάρ
1172 548 1324 613 ἔθνος
1368 548 1741 613 ἓκαστον,καὶ

140 632 289 684 κατὰ
339 630 533 683 πόλιν·
566 630 621 683 τί
665 630 809 698 λέγω
851 630 998 684 κατά
1044 631 1197 693 ἔθνος
1228 633 1323 684 καὶ
1375 631 1517 685 κατὰ
1548 632 1740 696 πόλιν;

140 716 293 768 κατὰ
344 716 527 769 οἰκίαιν
558 715 799 785 ἑκάστην
846 714 1084 784 πόλεμος
1119 716 1303 777 αὑτοῖς
1331 715 1741 787 ἀνερριπίζετο.

148 800 415 853 Εξσιοῦσα
445 800 553 869 γὰρ
590 798 990 869 ἡνδιδασκαλία,
1029 799 1126 852 καὶ
1170 797 1545 870 άποσχίζουσα
1578 800 1745 854 παῖδα

147 883 423 945 πολλάκις
450 882 677 951 πατρὸς,
722 882 815 934 καὶ
864 881 1087 951 νύμφην
1137 881 1428 953 πενθερᾶς,
1464 885 1558 936 καὶ
1592 881 1747 935 ἀδελ-

147 968 252 1035 φὸν
287 966 548 1036 ἀδελφοῦ,
580 967 672 1019 καὶ
722 965 911 1018 δοῦλον
962 965 1250 1027 δεσπότου,
1304 966 1399 1018 κα)⁵
1441 966 1747 1036 ἀρχόμενον

147 1053 442 1121 ἄρχοντος,
476 1049 570 1102 καὶ
618 1048 791 1118 ἄνδρα
828 1046 1110 1116 γυναικὸς,
1147 1047 1243 1101 καὶ
1270 1051 1504 1117 γυναῖκα
1532 1048 1747 1119 ἀνδρὸς,

148 1134 248 1185 καὶ
282 1135 501 1203 πατέρα
527 1130 756 1191 παίδων,
775 1132 835 1184 οὑ
863 1130 973 1201 γὰρ
996 1129 1192 1203 ἀθρόον
1215 1130 1417 1195 πάντες
1446 1131 1747 1195 ἐπείθοντο,

146 1216 539 1290 καθημερινάς
578 1216 897 1286 ἀπεχθείας,
925 1220 1169 1286 συνεχεῖς
1202 1215 1492 1287 πολέμους,
1524 1216 1752 1288 μυρίους

148 1302 344 1363 αὐτοῖς
371 1301 548 1370 ἐπῆγε
599 1301 889 1364 θανάτους,
920 1301 1015 1353 καὶ
1047 1300 1123 1363 ώς
1156 1301 1370 1364 κοινοὺς
1400 1300 1629 1372 ἐχθροὺς
1657 1302 1753 1353 καὶ⁸

150 1385 459 1455 πολεμίους
515 1385 962 1456 ἀποστρέφεσθαι
1012 1384 1417 1456 παρεσκεύασε.
1469 1386 1581 1439 Καὶ
1640 1386 1753 1458 γάρ

150 1468 364 1531 πάντες
393 1469 593 1529 αὑτοὺς
624 1468 878 1539 ἤλαυνον,
906 1467 1168 1539 βασιλεῖς,
1204 1468 1486 1539 ἄρχοντες,
1520 1468 1750 1535 ίδιῶται,

152 1553 467 1625 ἐλεύθεροι,
525 1552 723 1617 δοῦλοι,
773 1554 957 1623 δῆμοι,
1006 1553 1221 1617 πόλεις·
1256 1554 1351 1606 καὶ
1403 1554 1504 1606 οὑκ
1557 1553 1757 1615 αὐτοὺς

156 1638 347 1707 μόνον,
386 1637 523 1690 ἀλλά
557 1636 618 1690 τὸ
645 1636 710 1707 δὴ
742 1634 1149 1707 χαλεπώτερον,
1192 1639 1321 1699 τους
1354 1635 1435 1689 ἔτι
1466 1639 1757 1704 νεοπαγεῖς

154 1725 215 1773 ὲν
240 1724 312 1792 τῇ
350 1721 557 1785 πίστει,
595 1724 723 1785 τοὺς
754 1720 847 1774 ὑπ’
868 1720 1049 1775 αὑτῶν
1078 1721 1540 1792 κατηχουμένους.
1564 1720 1758 1784 Κοινὸς

153 1804 269 1875 γὰρ
314 1804 553 1875 πόλεμος
582 1805 677 1858 καὶ⁴
700 1806 815 1867 τοῖς
849 1801 1121 1875 μαθηταῖς
1146 1805 1242 1857 καὶ
1274 1807 1390 1869 τοῖς
1415 1803 1755 1869 διδασκάλοις

157 1889 408 1957 ἐγένετο,
437 1889 536 1941 ἅτε
575 1888 679 1958 τῆς
712 1886 1061 1949 διδασκαλίας
1092 1888 1428 1952 ἀπεναντίας
1455 1888 1551 1943 καὶ
1573 1888 1761 1943 διατά-

158 1988 355 2041 γμασι
396 1970 702 2042 βασιλικοῖς
746 1971 843 2024 καὶ
882 1971 1147 2043 συνηθείᾳ
1178 1973 1272 2025 καὶ
1306 1971 1454 2025 ἔθεσι
1483 1969 1761 2044 πατρῴοις

163 2056 529 2126 φαινομένης.
568 2056 857 2127 Παρῄνουν
882 2055 994 2127 γὰρ
1026 2056 1263 2110 εἰδώλων
1311 2057 1635 2128 ἀπέχεσθαι,
1669 2073 1765 2110 κα-

162 2143 464 2210 ταφρονεῖν
500 2139 720 2210 βωμῶν,
751 2139 846 2203 οὑς
873 2142 923 2193 οί
958 2140 1195 2211 πατέρες
1216 2141 1398 2194 αὐτῶν
1421 2140 1517 2194 καὶ⁷
1543 2141 1594 2194 οἱ
1622 2138 1762 2210 πρό-

164 2240 321 2291 γονοι
362 2224 565 2287 πάντες
611 2223 1013 2295 ἐθεράπευσαν,
1054 2226 1391 2294 ἀφίστασθαι
1428 2225 1541 2279 τῶν
1593 2240 1771 2296 μυσα-

170 2310 285 2379 ρῶν
314 2307 621 2378 δογμάτων,
655 2308 967 2380 καταγελᾷν
995 2309 1217 2380 ἐορτῶν,
1238 2308 1523 2369 διαπτὺειν
1549 2308 1650 2373 τὰς
1677 2325 1769 2362 τε·

168 2391 366 2454 λετάς’
400 2392 437 2444 ἂ
468 2391 885 2463 φρικωδέστατα
916 2392 1092 2445 ἐδόκει
1123 2389 1262 2445 εἶναι
1292 2393 1521 2457 ἐκείνοις
1550 2392 1644 2445 καὶ
1675 2408 1770 2460 φο-

171 2476 235 2526 ϐε
244 2475 492 2546 ρώτατα,
520 2476 614 2527 καὶ
650 2475 791 2546 ὑπὲρ
813 2468 887 2529 ὧν
907 2475 973 2528 ἂν
1000 2477 1094 2528 καὶ
1120 2476 1218 2547 τὴν
1233 2475 1413 2547 ψυχὴν
1433 2478 1767 2547 προήκαντο,

172 2557 208 2628 ἢ
228 2559 507 2630 αἱρεῖσθαι
536 2558 603 2611 τά
632 2560 761 2629 παρ’
787 2558 970 2611 αὑτῶν
1002 2557 1292 2629 λεγόμενα,
1347 2558 1443 2611 καὶ
1493 2556 1771 2612 πιστεύειν

174 2647 259 2707 εἰς
283 2645 379 2697 τὸν
408 2643 518 2697 ἀπὸ
540 2642 760 2714 Μαρίας
785 2642 1070 2713 τεχθέντα,
1103 2644 1195 2696 τὸν
1246 2644 1305 2697 ἐν
1337 2642 1657 2715 ἡγεμονικῷ
1691 2641 1773 2694 δι-

176 2728 472 2801 καστηρίῳ
498 2727 876 2797 παραστάντα,
908 2728 1002 2781 τὸν
1032 2727 1430 2800 ἐμπτυσθέντα,
1456 2728 1549 2780 τὸν
1603 2726 1775 2798 μυρία

178 2815 431 2877 παθόντα
462 2813 631 2878 δεινά,
660 2813 750 2867 τὸν
782 2813 1015 2868 θάνατον
1062 2812 1336 2884 ἐπάρατον
1383 2811 1773 2882 ὑπομείναντα,

178 2900 276 2952 τὸν
311 2898 575 2966 ταφέντα,
609 2895 701 2950 τὸν
734 2896 1066 2953 ἀναστάντα.
1112 2897 1222 2950 Καὶ
1250 2895 1313 2950 τὸ
1344 2895 1668 2968 παράδοξον,
1696 2895 1778 2948 ὅτι

181 2983 254 3036 τά
290 2982 393 3052 μὲν
432 2980 540 3035 τῶν
579 2979 771 3032 παθῶν
817 2979 952 3050 δῆλα
983 2982 1147 3034 πᾶσιν
1176 2976 1265 3051 ἦν,
1306 2981 1364 3034 αἱ
1405 2980 1691 3052 μάστιγες,
1723 2980 1780 3032 αἰ

184 3067 283 3121 ἐπὶ
317 3067 522 3138 κόρρης
564 3065 792 3136 πληγαὶ,
831 3066 887 3118 αί
919 3068 999 3129 εἰς
1020 3065 1311 3137 πρόσωπον
1345 3064 1531 3137 ὑϐρεις
1559 3064 1646 3119 διὰ
1672 3064 1781 3117 τῶν

187 3150 608 3221 ἐμπτυσμάτων
654 3150 961 3219 γινόμεναι,
996 3149 1066 3202 τά
1095 3149 1436 3221 ῥαπίσματα,
1471 3152 1499 3203 6
1527 3147 1781 3219 σταυρὸς,

188 3239 224 3307 ἡ
255 3235 428 3306 πολλὴ
468 3234 755 3305 χλευασία,
791 3236 825 3304 ή
854 3232 1008 3305 παρά
1055 3232 1275 3287 πάντων
1320 3232 1601 3304 κωμῳδία,
1636 3235 1665 3287 ὁ
1696 3232 1785 3287 τά-

192 3338 297 3389 φος
316 3321 346 3371 ό
376 3320 432 3371 ἐν
464 3316 620 3389 μέρει
650 3316 872 3389 χάριτος
895 3317 1216 3387 γενόμενος·
1240 3315 1307 3369 τὰ
1334 3316 1391 3370 δὲ
1417 3316 1519 3386 τῆς
1546 3316 1786 3370 ἀναστά⁴

196 3419 340 3465 σεως
382 3401 605 3453 οὑκέτι’
665 3402 850 3462 αὑτοῖς
894 3400 1003 3472 γὰρ
1063 3399 1245 3471 μόνοις
1299 3399 1540 3462 ἀναστὰς
1574 3400 1786 3468 ἐφάνηο

196 3484 317 3540 ἀλλ’
351 3486 500 3554 ὅμως
524 3484 617 3537 καὶ
645 3484 820 3537 ταῦτα
848 3482 1100 3552 λέγοντες
1129 3483 1366 3549 ἔπειθον,
1397 3483 1490 3537 καὶ
1523 3480 1667 3536 οὑτω
1692 3481 1791 3551 τὴν

210 3569 544 3643 Ἐκκλησίαν
574 3569 905 3643 ᾠκοδόμουν.
940 3568 1063 3631 Πῶς
1085 3568 1181 3622 καὶ
1209 3568 1317 3621 τίνι
1342 3569 1562 3639 τρόπῳς
1599 3567 1679 3637 Τῇ
1709 3567 1796 3619 δυ-

198 3655 369 3725 νάμει
390 3640 486 3707 τοῦ
506 3640 679 3706 ταῦτα
708 3652 1060 3715 κελεύσαντος
1075 3668 1087 3680 ⁸
1113 3651 1273 3715 αὑτὸς
1298 3652 1407 3723 γάρ
1429 3651 1796 3723 προοδοποιῶν

199 3735 299 3808 ἦν,
332 3739 496 3800 αὑτὸς
545 3738 725 3791 πάντα
778 3738 874 3789 καὶ
916 3736 985 3787 τά
1021 3736 1259 3788 δύσκολα
1307 3736 1466 3807 ῥᾴδια
1513 3735 1704 3788 ποιῶν.
1735 3736 1796 3787 Εἰ

204 3824 317 3894 γὰρ
357 3823 433 3893 μὴ
466 3821 587 3874 θεία
630 3837 716 3884 τις
765 3819 996 3891 δύναμις
1040 3816 1108 3891 ἦν
1138 3822 1170 3891 ή
1199 3820 1372 3874 ταῦτα
1424 3819 1795 3891 κατορθοῦσα,

205 3906 321 3960 οὑδ⁸
358 3905 425 3959 ἂν
457 3905 765 3977 προοίμιον,
801 3905 910 3957 οὐδ’
946 3906 1014 3958 ἂν
1048 3905 1224 3975 ἀρχὴν
1253 3903 1428 3957 ταῦτα
1453 3904 1647 3958 ἐλαϐεσ
1682 3903 1800 3963 πῶς

206 3992 355 4063 γάρ;
406 3989 545 4042 Ἀλλ’
582 3992 786 4052 ἐκεῖνος
819 3991 848 4042 6
874 3987 1067 4050 εἰπὼν,
1101 3988 1389 4059 Γενηθήτω
1425 3989 1673 4061 οὐρανὸς,
1709 3989 1804 4042 καὶ

208 4076 396 4142 δείξας
427 4076 487 4127 τὸ
518 4075 677 4146 ἔργον
696 4091 711 4105 ·
744 4074 859 4137 καὶ,
894 4073 1293 4143 Θεμελιωθήτω
1378 4072 1471 4142 γῆ,
1504 4072 1598 4125 καὶ
1625 4089 1805 4145 παρα-

212 4161 404 4231 γαγὼν
426 4161 523 4233 τὴν
544 4159 749 4213 οὑσίαν·
776 4159 888 4222 καὶ,
917 4157 1194 4227 Λαμπέτω
1223 4157 1391 4227 ἥλιος,
1415 4157 1509 4210 καὶ
1539 4155 1717 4221 δείξας
1746 4157 1806 4209 τὸ

213 4247 440 4318 ἄστρον,
480 4247 574 4298 κα)⁸
626 4245 805 4297 πάντα
866 4243 1240 4314 ἐργασάμενος
1269 4241 1420 4314 [577]
1459 4242 1624 4313 λόγῳ,
1653 4236 1808 4305 οὗτος

215 4330 317 4383 καὶ
342 4328 438 4392 τὰς
485 4327 808 4400 Ἐκκλησίας
840 4326 1044 4389 ταύτας
1088 4325 1381 4394 ἐφύτευσε”
1426 4325 1520 4381 καὶ
1565 4326 1626 4378 τὸ
1656 4326 1808 4401 ῥῆμα

217 4416 423 4479 ἐκεῖνο,
451 4413 532 4477 τὸ,
561 4412 947 4481 Οἱκοδομήσω
974 4428 1096 4480 μου
1123 4411 1238 4478 τὴν
1280 4410 1668 4479 Ἐκκλησίαν,
1695 4410 1810 4462 τοῦ·

217 4518 285 4553 το
308 4500 484 4553 πάντα
508 4499 821 4569 είργάσατο.
850 4495 1094 4549 Τοιοῦτοι
1128 4496 1237 4566 γὰρ
1261 4495 1311 4546 οἱ
1349 4495 1442 4548 τοῦ
1473 4493 1607 4547 Θεοῦ
1639 4494 1808 4562 λόγοι,

223 4586 405 4658 ἐργων
438 4582 782 4653 δημιουργοὶ,
833 4580 1010 4650 ἔργων
1058 4577 1389 4649 θαυμαστῶν
1442 4579 1535 4631 καὶ
1572 4577 1813 4649 παραδό-

222 4671 353 4735 ξων.
382 4667 590 4737 Ὥσπερ
617 4666 725 4737 γάρ
759 4660 902 4726 εἷπε,
929 4663 1342 4730 Βλαστησάτω
1364 4662 1403 4728 τι
1440 4660 1514 4733 γῆ
1545 4661 1815 4727 βοτάνην

221 4752 471 4825 χόρτου,
490 4751 585 4804 καὶ
602 4750 780 4803 πάντα
810 4748 1006 4820 ἀθρόον
1036 4748 1361 4819 παράδεισος
1387 4743 1476 4820 ἦν,
1514 4748 1610 4800 καὶ
1639 4747 1816 4799 πάντα

222 4835 517 4907 λειμῶνες,
567 4836 663 4888 καὶ
701 4833 916 4905 μυρίοις
948 4832 1125 4902 ἐκόμα
1157 4835 1344 4900 φυτοῖς
1376 4834 1409 4901 ή
1434 4831 1706 4902 δεξαμένη
1756 4830 1818 4884 τὸ

224 4923 515 4991 ἐπίταγμα
541 4921 645 4989 γῆ’
696 4919 842 4972 οὑτω
891 4919 986 4971 καὶ
1030 4916 1125 4970 νῦν
1173 4912 1365 4968 εἶπεν·
1429 4914 1818 4984 Οἰκοδομήσω

224 5024 349 5076 μου
392 5004 507 5070 τὴν
572 5002 959 5069 Ἐκκλησίαν,
995 5001 1090 5054 καὶ
1149 4999 1287 5069 μετὰ
1333 4999 1534 5070 πολλῆς
1564 4998 1818 5060 εὐκολίας

224 5087 395 5143 τοῦτο
423 5086 663 5154 ἐγίνετο·
699 5086 794 5141 καὶ
844 5084 1127 5156 τυράννων
1162 5081 1281 5135 κατ’
1326 5083 1499 5153 αὑτῆς
1534 5082 1821 5152 ὁπλιζομέ-

229 5191 365 5237 νων,
420 5172 516 5225 καὶ
572 5168 923 5241 στρατιωτῶν
978 5168 1119 5221 ὅπλα
1147 5165 1461 5229 κινούντων,
1503 5168 1598 5220 καὶ
1631 5168 1825 5239 δήμων

232 5260 411 5330 πυρὸς
440 5255 798 5325 σφοδρότερον
828 5252 1190 5325 μαινομένων,
1226 5250 1323 5303 καὶ
1357 5250 1645 5321 συνηθείας
1675 5253 1796 5303 ἀντι

233 5340 751 5414 παραταττομένης,
806 5338 902 5391 καὶ
938 5337 1203 5409 ρητόρων,
1246 5335 1342 5389 καὶ
1389 5334 1682 5404 σοφιστῶν,
1729 5337 1823 5389 καὶ

234 5424 639 5486 πλουτούντων,
664 5423 759 5475 καὶ
797 5420 1048 5486 ἰδιωτῶν,
1096 5420 1193 5473 καὶ
1221 5420 1499 5490 ἀρχόντων
1528 5420 1826 5490 ἀνισταμέ-

234 5527 369 5569 νων,
402 5508 573 5576 πυρὸς
620 5505 976 5577 σφοδρότερον
1025 5502 1195 5556 ἐπιὼν
1214 5504 1242 5556 ό
1267 5502 1423 5571 λόγος
1452 5502 1553 5565 τὰς
1585 5503 1828 5565 ἀκάνθας

243 5592 518 5663 ἀνήλωσε,
577 5589 679 5652 τάς
720 5588 962 5659 ἀρούρας
1032 5586 1399 5657 ἐξεκάθηρεν,
1454 5586 1675 5657 ἔσπειρε
1730 5584 1826 5639 τοῦ

242 5677 609 5748 κηρύγματος
675 5673 770 5727 τὸν
841 5672 1027 5741 λόγον’
1085 5672 1181 5725 καὶ
1249 5671 1360 5725 τῶν
1419 5669 1830 5727 πιστευσάντων

242 5763 358 5831 πτῶν
411 5761 509 5831 μὲν
551 5757 925 5829 δεσμωτήριον
969 5755 1281 5818 οἰκούντων,
1341 5754 1451 5808 τῶν
1506 5754 1565 5807 δὲ
1621 5757 1700 5819 είς
1734 5756 1831 5827 τὴν

597 5811 1028 5916 μέθιστάμένων,
1054 5840 1163 5894 τῶν
1190 5840 1247 5893 δὲ
1269 5811 1356 5893 ’τά
1388 5841 1645 5911 χρήματα
1669 5811 1834 5909 ἀφαί-

721 342 1001 400 CONTRA
1038 343 1331 401 Π]οΕθὸ
1365 345 1451 400 ET
1491 344 1854 409 GENTILES,
1894 344 2085 411 QUOD
2126 343 2471 401 CHRISTUS
2507 345 2614 400 SIT
2657 342 2860 400 DEUS.
2927 310 2929 313 ι

3318 345 3427 400 8'52

1845 469 2043 535 μένων,
2072 465 2182 519 τῶν
2209 466 2266 519 δὲ
2296 465 2431 535 πυρὶ
2479 464 2949 536 παραδιδομένων,
2998 460 3109 516 τῶν
3147 462 3205 516 δὲ
3254 482 3426 518 κατα-

1842 550 2245 620 ποντιζομένων
2278 549 2375 602 καὶ
2408 549 2516 600 πᾶν
2552 544 2689 611 εἶδος
2722 546 2994 618 τιμωρίας
3023 546 3428 617 ὑπομενόντων,

1842 632 2245 705 άτιμουμένων,
2288 630 2682 702 ἐλαυνομένων,
2724 632 2798 695 ὡς
2832 630 3025 684 κοινῶν
3057 629 3268 703 ἐχθρῶν
3308 631 3432 685 διω-

1843 716 2090 785 κομένων
2140 715 2426 779 πάντοθεν,
2479 714 2658 786 ἕτεροι
2708 715 2923 779 πλείους
2971 714 3313 786 προσῄεσαν,
3368 715 3433 767 οὑ

1848 798 2006 869 μόνον
2026 799 2201 865 οὐδὲν,
2225 800 2318 867 ἀφ’
2336 792 2413 852 ὧν
2438 799 2675 868 ἔπασχον
2708 800 2903 870 ἕτεροι,
2937 801 3016 861 εἰς
3040 798 3103 851 τὺ
3140 797 3431 869 πεισθῆναι

1845 884 2196 955 όκνηρότεροι
2224 884 2523 954 γινόμενοι,
2562 883 2699 936 ἀλλά
2745 884 2843 936 καὶ⁸
2875 883 3303 954 προθυμότεροι,
3336 883 3434 935 καὶ

1851 968 2053 1038 μᾶλλον
2084 967 2456 1039 ἐπιπηδῶντες
2485 971 2551 1039 τῇ
2584 968 2724 1039 καλῇ
2753 966 2927 1039 ταύτῃ
2944 966 3109 1038 θήρᾳο
3132 967 3228 1020 καὶ
3257 966 3435 1029 οὕτως

1850 1052 2148 1124 ήλιεὺοντο,
2190 1053 2289 1105 οὑκ
2323 1051 2783 1122 ἀναγκαζόμενοι,
2829 1052 2891 1105 οὑ
2930 1049 3262 1121 βιαζόμενοι,
3299 1049 3437 1104 ἀλλὰ

1852 1137 2301 1208 προστρέχοντες,
2328 1137 2488 1208 χάριν
2518 1138 2717 1201 εἰδότες
2742 1139 2854 1200 τοῖς
2891 1135 2985 1188 ἐπὶ
3017 1133 3175 1187 τοῦτο
3207 1134 3432 1202 ἄγουσιο

1852 1220 1947 1273 καὶ
1975 1221 2307 1292 χειμάρρους
2336 1221 2583 1292 αἱμάτων
2609 1219 2845 1291 ὁρῶντες
2875 1218 2984 1272 ἀπὸ
3011 1216 3122 1270 τῶν
3143 1216 3241 1289 ήδη
3275 1235 3439 1271 πεπι-

1856 1304 2157 1357 στευκότων
2180 1296 2572 1377 ἀπορρέοντας,
2608 1303 2928 1374 θερμότεροι
2962 1302 3092 1372 περὶ
3127 1299 3226 1371 τὴν
3258 1302 3441 1353 πίστιν

1854 1387 2095 1454 ἐγίνοντο
2123 1388 2219 1440 καὶ
2259 1385 2698 1458 θαρσαλεώτεροι
2719 1401 2733 1415 ⁸
2764 1386 2860 1438 καὶ
2888 1383 3007 1454 οὑχὶ
3044 1383 3153 1436 τῶν
3185 1382 3445 1456 μαθητῶν

1859 1472 2040 1541 μόνον,
2075 1472 2212 1525 ἀλλά
2253 1474 2347 1526 καὶ
2381 1472 2488 1527 τῶν
2531 1470 2891 1535 διδασκάλων,
2940 1468 3049 1522 τῶν
3088 1468 3186 1540 μὲν
3223 1467 3447 1538 δεδεμέ-

1860 1574 1984 1619 νων,
2019 1556 2128 1609 τῶν
2159 1556 2216 1609 δὲ
2243 1555 2639 1627 ἐλαυνομένων,
2671 1554 2780 1607 τῶν
2801 1554 2858 1607 δὲ
2881 1550 3312 1624 μαστιζομένων,
3335 1551 3447 1603 τῶν

1857 1638 1914 1691 δὲ
1953 1639 2119 1711 ἐτερα
2152 1639 2323 1710 μυρία
2358 1638 2678 1709 πασχόντων
2715 1637 2882 1698 κακὰ,
2923 1636 3143 1699 πλείους
3176 1635 3226 1687 οἱ
3271 1633 3454 1705 μαθηο

1857 1723 2139 1794 τευόμενοι
2177 1725 2272 1778 καὶ
2316 1723 2725 1794 σπουδαιότεροι
2778 1720 2981 1792 μᾶλλον
3023 1719 3285 1787 ἐγίνοντο.
3337 1718 3450 1770 Καὶ

1862 1808 1963 1877 βοᾷ
2027 1806 2241 1871 Παῦλος
2289 1806 2496 1876 λέγων·
2551 1806 2732 1858 Ὥστε
2785 1804 2930 1870 τοὺς
2986 1803 3276 1869 πλείονας
3325 1797 3451 1853 τῶν

1862 1890 2142 1960 ἀδελφῶν
2164 1892 2235 1945 ἐν
2259 1892 2474 1959 Κυρίῳ,
2502 1890 2862 1955 πεποιθότας
2890 1887 3016 1953 τοῖς
3040 1884 3287 1955 δεσμοῖς
3305 1901 3451 1953 μου,

1862 1974 2302 2043 περισσοτέρως
2334 1972 2566 2043 τολμᾷν
2598 1973 2835 2041 ἀφόϐως
2860 1970 2968 2026 τὸν
2994 1971 3183 2040 λόγον
3210 1966 3452 2022 λαλεῖν.

1864 2059 1974 2113 Καὶ
2003 2057 2237 2129 ἀλλαχοῦ
2277 2058 2459 2122 πάλιν,
2492 2056 2678 2127 Ὑμεῖς
2710 2056 2821 2131 τὰρ
2841 2054 3089 2126 μιμηταὶ
3129 2050 3459 2123 ἐγενήθητε

1863 2139 1983 2194 τῶν
2043 2139 2415 2210 Ἐκκλησιῶν
2468 2142 2575 2195 τοῦ
2634 2140 2783 2195 Θεοῦ
2840 2138 2960 2193 τῶν
3009 2136 3214 2192 οὐσῶν
3262 2136 3333 2190 ὲν
3373 2132 3452 2203 τῇ

1878 2223 2146 2290 Ἰουδαίᾳ,
2176 2223 2262 2277 ὅτι
2287 2227 2359 2278 τα
2383 2227 2533 2279 αὐτὰ
2562 2223 2810 2277 ἐπάθετε
2840 2222 2940 2275 καὶ
2974 2221 3142 2291 ὑμεῖς
3171 2219 3291 2274 ὑπὸ
3329 2216 3461 2271 τῶν

1868 2307 2033 2360 ίδίων
2080 2309 2506 2378 συμφυλετῶν,
2560 2307 2757 2373 καθὼς
2801 2308 2899 2360 καὶ
2943 2306 3111 2359 αὐτοὶ
3160 2302 3282 2358 ὑπὸ
3330 2299 3458 2355 τῶν

1880 2390 2176 2445 Ἰουδαίων
2218 2391 2335 2444 τῶν
2384 2393 2483 2446 καὶ
2535 2392 2640 2445 τὸν
2679 2392 2902 2459 Κύριον
2944 2386 3449 2445 ἀποκτεινάντων,

1869 2475 1966 2527 καὶ
1997 2472 2154 2543 ἡμᾶς
2180 2477 2540 2529 κωλυόντων
2591 2474 2718 2539 τοῖς
2768 2472 2972 2526 ἔθνεσι
3013 2469 3308 2538 λαλῆσαι,
3352 2468 3461 2521 ἵνα

1872 2557 2167 2613 σωθῶσιν.
2210 2558 2449 2630 Ἐτέροις
2481 2559 2538 2611 δέ
2584 2559 2745 2611 πάλιν
2768 2557 2997 2629 γράφων
3033 2555 3205 2619 οὑτως
3232 2553 3455 2621 ἔλεγεν*

1886 2641 2432 2711 Ἀναμιμνήσκεσθε
2481 2644 2587 2708 τὰς
2636 2638 2928 2709 προτέρας
2965 2639 3212 2708 ἡμέρας,
3251 2636 3321 2690 ἐν
3359 2631 3459 2701 αἷς

1874 2724 2272 2794 φωτισθέντες
2300 2724 2542 2792 πολλὴν
2580 2724 2844 2791 ἄθλησιν
2868 2722 3226 2791 ὑπεμείνατε
3264 2722 3459 2784 παθη-

1872 2806 2098 2876 μάτων,
2145 2807 2547 2879 γινώσκοντες
2585 2806 2824 2872 ἑαυτοῖς
2855 2805 3168 2873 κρείττονα
3193 2801 3469 2870 ὓπαρξιν

1878 2892 1949 2945 ἐν
2008 2892 2308 2960 οὐρανοῖς,
2381 2892 2479 2946 καὶ
2544 2891 2884 2963 μένουσαν.
2964 2885 3118 2953 Εἶδες
3179 2887 3463 2958 δυνάμεως

1882 2975 2187 3048 ὑπερϐολὴν
2223 2973 2319 3030 τοῦ
2345 2975 2519 3029 ταῦτα
2551 2975 2961 3046 ἐργασαμένους
3020 2973 3095 3026 υὺ
3142 2971 3252 3045 γὰρ
3304 2971 3474 3041 μόνον

1883 3060 1981 3112 οὑκ
2014 3060 2281 3132 ἠθύμουν,
2333 3060 2454 3113 οὐδὲ
2491 3058 2648 3130 μόνον
2690 3059 2791 3111 οὑκ
2836 3057 3110 3110 ἐθλίϐοντο
3151 3055 3325 3110 ταῦτα
3357 3053 3465 3106 πάε

1887 3161 2126 3215 σχοντες,
2170 3144 2307 3199 ἀλλά
2343 3144 2439 3198 καὶ
2473 3144 2717 3215 ἔχαιρον,
2758 3142 3050 3213 ἐσκίρτων,
3085 3140 3321 3212 ἐπήδων.
3357 3138 3473 3192 Καὶ

1888 3230 2016 3303 περὶ
2041 3231 2137 3301 μὲν
2161 3230 2368 3282 τούτων
2398 3223 2551 3292 οὗτος
2579 3226 2753 3281 ταῦτα
2785 3226 2954 3295 λέγει,
2980 3225 3062 3279 ὅτι
3084 3224 3183 3296 τὴν
3207 3224 3473 3296 δήμευσιν

1886 3315 1987 3386 τῆς
2012 3314 2200 3379 οὐσίας
2235 3313 2354 3385 μεθ’
2384 3313 2579 3385 ἡδονῆς
2608 3310 2893 3376 ἐδέξαντοο
2942 3308 3071 3382 περὶ
3103 3308 3160 3362 δὲ
3190 3308 3299 3361 τῶν
3328 3307 3476 3361 διδα-

1892 3398 2106 3453 σκάλων
2142 3399 2171 3452 δ
2203 3398 2419 3461 Λουκᾶς
2469 3397 2527 3449 ἐν
2573 3398 2638 3467 τῇ
2680 3394 2788 3449 τῶν
2837 3393 3098 3465 Πράξεων
3157 3391 3344 3463 βίϐλῳ,
3393 3393 3483 3446 ὅτι

1894 3482 2233 3555 ὑπέστρεφον
2274 3482 2340 3535 ἐκ
2380 3477 2806 3553 προσώπουιτοῦ
2861 3476 3139 3548 συνεδρίου
3170 3475 3475 3555 χαίροντες,

1893 3567 1978 3621 ὃτι
2004 3564 2422 3636 κατηξιώθησαν
2483 3564 2625 3633 ὑπὲρ
2656 3560 2750 3615 τοῦ
2794 3560 3058 3631 ὀνόματος
3099 3558 3193 3612 τοῦ
3239 3558 3480 3630 Χριστοῦ

1895 3649 2281 3721 ἀτιμασθῆναι.
2307 3647 2443 3719 Περὶ
2472 3647 2530 3701 δὲ
2557 3644 2753 3699 ἑαυτοῦ
2776 3645 2938 3698 πάλιν
2963 3644 2991 3695 ό
3014 3642 3257 3706 Παῦλος·
3288 3641 3487 3710 Χαίρω

1897 3734 1968 3789 ἐν
2014 3732 2142 3798 τοῖς
2198 3730 2511 3800 παθήμασί
2566 3746 2708 3799 μου,
2770 3728 2871 3781 καὶ
2912 3723 3355 3792 ἀνταναπληρῶ
3411 3726 3498 3782 τὰι

1898 3817 2280 3887 ὑστερήματα
2306 3815 2424 3869 τῶν
2446 3817 2516 3869 θλ
2524 3815 2711 3883 ίψεων
2728 3812 2835 3865 τοῦ
2855 3808 3113 3878 Χριστοῦ
3126 3809 3196 3862 ἐν
3216 3806 3292 3876 τῆ
3306 3807 3493 3875 σαρκίι

1895 3920 2035 3974 μου.
2071 3904 2179 3955 Καὶ
2204 3901 2257 3955 τί
2287 3898 2609 3970 θαυμάζεις,
2638 3899 2688 3951 εί
2717 3898 2812 3950 καὶ
2843 3897 2937 3948 ἐπὶ
2981 3893 3306 3964 παθήμασιν
3333 3891 3501 3962 ἐχαικ

1905 4004 2020 4062 ρεν,
2055 3988 2189 4040 ὃπου
2217 4002 2281 4055 γε
2316 3984 2411 4038 καὶ
2445 3983 2675 4037 θάνατον
2717 3980 2930 4053 μέλλων
2967 3977 3263 4062 ὑπομένειν
3295 3974 3356 4028 οὑ
3394 3974 3501 4062 μό·-

1906 4057 1994 4125 νον
2047 4069 2289 4141 ἔχαιρεν,
2337 4066 2474 4121 ἀλλὰ
2508 4066 2603 4119 καὶ
2635 4066 2761 4129 τοὺς
2815 4061 3066 4135 μαθητὰς
3093 4061 3174 4123 εἰς
3202 4057 3507 4113 κοινωνίαν,

1905 4156 2004 4225 τῆς
2023 4140 2364 4225 εὐφροσύνης
2402 4150 2607 4213 ἐκάλει,
2656 4150 2794 4219 ὅπερ
2820 4144 2890 4219 ἦν
2930 4143 3081 4225 [578]
3135 4140 3489 4212 ὑπερϐαλλόνς

1907 4221 2015 4304 τως
2045 4221 2480 4309 εὑ-φραινομένης
2518 4232 2720 4304 ψυχῆς,
2762 4230 2905 4284 οὕτω
2931 4221 3135 4296 λέγων’
3176 4226 3368 4295 Χαίρω
3397 4225 3507 4278 καλε

1910 4324 2216 4394 συγχαίρω
2233 4320 2425 4374 πᾶσιν
2444 4317 2603 4387 ὑμῖν,
2623 4316 2689 4369 τὸ
2708 4314 2775 4367 δὲ
2797 4314 2943 4367 αὐτὸ
2961 4312 3060 4366 καὶ
3081 4310 3251 4380 ὑμεῖς
3264 4311 3365 4381 χαί
3359 4326 3505 4377 pars,

1913 4406 2013 4461 καὶ
2044 4403 2403 4475 συγχαίρετέ
2432 4420 2554 4472 μοι.
2582 4401 2647 4453 Τί
2676 4400 2921 4468 γέγονεν,
2955 4395 3095 4458 εἰπὲ,
3124 4396 3204 4448 ὅτι
3223 4394 3507 4464 τοσαύτηςΔ

1912 4489 2248 4562 ὲνεπλήσθης
2282 4489 2490 4561 χαρᾶς;
2541 4484 2703 4554 Ἐγὼ,
2744 4483 2945 4553 φησὶν,
2995 4478 3112 4548 ἤδη
3142 4477 3511 4562 σπένδομαιλ

1913 4575 2011 4628 καί
2059 4577 2092 4628 ό
2130 4572 2335 4642 καιρός
2382 4569 2490 4637 τῆς
2535 4566 2684 4639 ἐμῆς
2737 4565 3091 4629 ἀναλύσεως
3140 4561 3498 4631 ἐφέστηκεν.

1962 4742 2022 4797 ιδ’
2030 4783 2042 4796 .
2058 4739 2214 4795 Οὑτω
2225 4738 2405 4793 τοίνυν
2418 4734 2727 4806 ᾠκοδόμουν
2741 4731 2837 4804 τὴν
2851 4728 3125 4802 πανταχοῦ
3142 4728 3471 4799 Ἐκκλησίαν
3481 4768 3507 4788 .,

1918 4826 2110 4881 Καίτοι
2136 4841 2203 4894 γε
2231 4826 2409 4894 τοῖχον
2426 4821 2523 4873 ἕνα
2539 4818 2713 4882 οὐδεὶς
2739 4814 2805 4869 ἂν
2824 4814 3080 4885 δυνηθείη
3110 4812 3487 4882 οἰκοδομῆσαι,

1915 4912 2005 4966 διὰ
2030 4910 2179 4964 λίθου
2194 4908 2288 4963 καὶ
2298 4906 2564 4961 ἀσϐέστου
2588 4901 2855 4962 συντιθεὶς
2880 4899 2978 4969 τὴν
3002 4896 3313 4966 οἰκοδομὴν,
3343 4895 3511 4951 ﬂaua

1918 4995 2163 5067 νόμενος,
2189 4990 2559 5060 κωλυόμενος*
2600 4977 2747 5037 οὑτοι
2782 4982 2840 5035 δὲ
2872 4979 3201 5050 Ἐκκλησίας
3234 4977 3501 5067 τοσαύτας

1921 5062 2197 5149 πανταχοῦ
2218 5077 2317 5147 τῆς
2339 5070 2662 5141 οἰκουμένης
2684 5066 3061 5149 ᾠκοδόμησαν,
3090 5062 3504 5149 κατακοπτόμε-

1920 5182 2022 5229 νοι,
2038 5146 2239 5232 δεσμοῦ
2248 5175 2419 5231 μενοι,
2436 5153 2781 5222 διωκόμενοι,
2802 5148 3251 5232 φυγαδευόμενοι,
3269 5146 3502 5216 δημευά-

1925 5264 2097 5319 μενοι,
2118 5231 2563 5315 μαστιγούμενοι,
2594 5234 2977 5306 σφαττόμενοι,
3004 5231 3307 5299 καιόμενοι,
3332 5246 3503 5283 κατα-

1924 5314 2294 5400 ποντιςόμενοι
2327 5324 2464 5397 μετὰ
2490 5321 2598 5375 τῶν
2635 5317 2914 5392 μαθητῶν·
2950 5316 3041 5370 καὶ
3062 5314 3502 5387 ᾠκοδόμησανοὺ

1923 5417 2011 5471 διὰ
2033 5415 2215 5479 λίθων,
2248 5410 2385 5469 ἀλλά
2408 5407 2497 5461 διὰ
2534 5405 2723 5476 ψυχῶν
2775 5403 2869 5457 καὶ
2917 5400 3313 5473 προαιρέσεων,
3364 5400 3504 5470 ὅπερ

1924 5497 2326 5568 δυσκολώτερον
2355 5489 2540 5561 πολλῷ
2577 5489 2670 5543 τοῦ
2704 5486 2793 5540 διά
2832 5485 2996 5540 λίθων
3020 5483 3395 5568 οἰκοδομῆσαι.
3425 5483 3503 5536 Οὑ

1926 5588 2035 5657 γάρ
2094 5567 2245 5637 ἐστιν
2296 5579 2409 5632 ἴσον
2471 5574 2765 5657 συνθεῖναι
2789 5572 3005 5657 τοίχονὶ
3042 5570 3136 5623 καὶ
3183 5567 3362 5657 ψυχὴν
3411 5568 3506 5657 ἐπι

1927 5652 2202 5731 τοσούτοις
2233 5662 2446 5736 χρόνοις
2479 5658 2585 5713 ὑπὸ
2609 5656 2879 5728 δαιμόνων
2908 5652 3508 5736 ἐκϐακχευθεῖσανπεῖ-

1934 5772 2023 5808 σαι
2062 5735 2413 5823 μεταστῆναι,
2437 5745 2535 5800 καὶ
2566 5746 2663 5815 τῆς
2705 5741 2899 5813 μανίας
2930 5735 3504 5823 ἀποστῆναιλέκείνης,

1934 5820 2189 5906 καὶπρὸς
2221 5831 2489 5904 τοσαύτην
2532 5829 2705 5882 ἐλθεῖν
2757 5823 3132 5895 σωφροσύνην.
3180 5820 3510 5906 ’Δλλξὸμως

252 5904 530 6001 ρουμένων
550 5970 567 5999 ,
597 5904 731 5984 ’τῶν
781 5904 844 5982 δέ
895 5904 1304 5995 ἀναιρουμένων
1346 5904 1442 5979 κᾶἱ
1480 5904 1838 5979 ’κατακοπτο-
1942 5904 2168 5987 ἴσχυσαν
2194 5920 2393 5988 γυμνοὶ
2423 5917 2518 5972 καὶ
2547 5911 2878 5973 άνυπόδετοι,
2913 5906 3269 5979 μονοχίτωνες
3294 5904 3394 5971 τὴν
3421 5905 3504 5959 οἰ-
