3920 6244
456 313 562 368 855

778 434 1083 519 περιιόντες
1124 435 1373 519 ἃπασαν
1411 434 1559 512 εἶχον
1595 442 1710 519 γὰρ
1748 446 2038 519 σύμμαχον

458 518 553 571 κιιί⁵
586 516 781 588 βοηθὸν
803 516 903 588 τήν
926 517 1138 588 ἄμαχον
1156 518 1388 590 δύναμιν
1414 506 1510 579 τοῦ
1552 506 1878 600 ειρηὶότὸξξ
1913 506 2039 585 ’ἐπὶ

457 600 537 669 τῇ
557 602 743 670 πέτρᾳ
761 604 947 671 ταύτῃ
967 603 1342 674 οἰκοδομήσω
1361 626 1483 676 μου
1509 610 1624 679 τὴν
1655 613 2038 683 Ἐκκλησίαν,

458 686 559 738 καί
589 687 777 740 πύλαι
802 685 950 752 ᾅδου
978 688 1052 741 ού
1082 692 1573 759 κατισχύσουσιν
1619 697 1838 764 αὐτῆς.
1887 699 2039 770 Ἀρί-

459 767 671 852 θμησον
705 769 834 837 γοῦν
858 768 1012 824 πόσοι
1040 771 1294 844 τύραννοι
1324 776 1383 840 ἐξ
1415 776 1625 831 ἐκείνου
1665 767 2041 852 παρετάξαντο

458 851 597 923 πρὸς
651 853 841 917 αὐτὴν,
900 854 1056 908 πόσοι
1104 855 1376 929 διωγμοὺς
1414 860 1674 933 ἐκίνησαν
1719 851 2040 935 χαλεπωτά-

456 952 602 1000 τους,
625 936 743 1001 πῶς
765 938 858 1020 τὸν
884 937 1192 1011 ἔμπροσθεν
1218 942 1430 997 ἅπαντα
1462 943 1693 1000 διέκειτο
1719 949 1908 1020 χρόνον
1949 952 2039 1004 ὅτε

456 1021 715 1091 νεόφυτος
759 1017 827 1092 ἦν
854 1024 887 1095 ή
914 1024 1114 1091 πίστις,
1160 1024 1248 1079 ὅτε
1299 1028 1650 1101 ἀπαλώτεραι
1704 1017 1768 1084 αί
1807 1032 2039 1089 διάνοιαι

455 1105 565 1157 τῶν
587 1104 687 1158 ἀνθ
697 1102 915 1174 ρώπων.

529 1194 609 1242 ιε’.
639 1188 899 1261 Ἕλληνες
945 1185 1089 1272 ἦσαν
1126 1190 1383 1261 βασιλεῖς,
1409 1194 1736 1265 Δῦγουστος,
1767 1199 2036 1272 Τιϐέριος,

457 1273 636 1337 Γάϊος,
675 1274 888 1344 Νέρων,
925 1271 1353 1342 Οὐεσπασιανὸς,
1388 1279 1568 1346 Τίτος,
1605 1282 1699 1335 καὶ
1735 1286 1854 1354 μετ’
1892 1271 2037 1338 ἐκεῖ·

456 1373 547 1410 νον
575 1357 814 1421 ἀπαντες
829 1357 933 1421 ἕως
944 1359 1050 1413 τῶν
1063 1359 1157 1412 τοῦ
1188 1361 1460 1434 μακαρίου
1483 1364 1892 1420 Κωνσταντίνου
1911 1369 2037 1439 χρό-

455 1459 562 1495 νων
593 1442 689 1495 τοῦ
720 1441 985 1512 βασιλέως
1006 1457 1020 1472 ⁸
1054 1444 1148 1497 καὶ
1173 1444 1377 1509 πάντες
1405 1440 1550 1501 οῦτοι
1581 1450 1631 1501 οἱ
1666 1451 1763 1520 μὲν
1792 1451 2034 1517 ἔλαττον,

455 1527 505 1578 οἰ
532 1525 591 1580 δὲ
616 1525 974 1597 σφοδρότερον
997 1526 1299 1597 ἐπολέμουν
1318 1529 1418 1601 τὴν
1464 1528 1813 1603 Ἐκκλησίαν,
1844 1535 2035 1589 ἐπολέ-

456 1626 595 1682 μουν
618 1611 663 1664 δ’
680 1606 773 1665 οὖν
805 1612 956 1681 ὅμως
984 1612 1242 1677 ἅπαντες.
1266 1613 1330 1667 Εἰ
1355 1613 1412 1667 δέ
1431 1631 1575 1679 τινες
1589 1617 1770 1671 αὐτῶν
1791 1619 1885 1673 καὶ
1912 1621 2039 1691 ήσυ-

457 1693 644 1764 χάζειν
666 1693 873 1760 ἔδοξαν,
904 1695 1034 1748 αὐτὸ
1052 1694 1209 1749 τοῦτο
1226 1696 1287 1749 τὸ
1302 1698 1429 1761 τοὺς
1449 1697 1829 1768 βασιλεύοντας
1868 1720 2037 1756 κατα-

455 1780 644 1851 δήλους
660 1775 799 1833 εἶναι
816 1780 909 1834 ἐπὶ
939 1780 1183 1852 ἀσεϐείᾳ,
1223 1781 1478 1847 ὑπόθεσις
1510 1784 1763 1855 πολέμων
1791 1786 2032 1855 ἐγίνετο,

456 1865 563 1918 τῶν
579 1864 753 1920 ἀλλων
778 1864 1183 1919 κολακευόντων
1209 1866 1429 1930 αὐτοὺς,
1449 1864 1861 1939 θεραπευόντων
1883 1871 1940 1923 ἐν
1959 1869 2037 1940 τῷ

453 1952 552 2019 τῆς
593 1948 920 2020 Ἐκκλησίας
952 1948 1196 2018 πολέμῳ.
1232 1948 1372 2001 Ἀλλ’
1405 1950 1554 2020 ὅμως
1592 1954 1764 2005 πᾶσαι
1793 1947 1953 2006 αὗται
1981 1955 2037 2006 αἰ

453 2032 735 2087 ἐπιϐουλαὶ
763 2032 857 2085 καὶ
874 2031 1049 2100 ἔφοδοι
1066 2032 1309 2103 ἀράχνης
1327 2032 1690 2105 εὐκολώτερον
1705 2036 2038 2108 διεσπάσθη-

456 2133 574 2183 σαν,
612 2114 822 2168 καπνοῦ
871 2114 1065 2168 θᾶττον
1101 2113 1445 2186 διελύθησαν,
1489 2119 1771 2189 κονιορτοῦ
1805 2120 2034 2192 ταχύτε-

454 2216 547 2271 ρον
570 2197 864 2270 παρῆλθον.
898 2197 977 2251 Δι’
1009 2195 1084 2251 ὦν
1112 2197 1223 2268 γὰρ
1242 2198 1663 2267 ἐπεϐούλευσαν,
1694 2202 1860 2260 πολὺν
1893 2221 2036 2278 μαρ-

453 2284 629 2356 τύρων
654 2283 813 2354 χορὸν
843 2282 1232 2355 ἐργασάμενοι,
1268 2285 1361 2338 καὶ
1398 2285 1521 2350 τοὺς
1554 2286 1858 2351 ἀθανάτους
1887 2289 2036 2343 ὲκεί-

451 2388 573 2434 νους
588 2372 687 2441 τῆς
708 2357 1036 2438 ’Ἐκκλησίας
1059 2366 1286 2436 ἀφέντες
1308 2368 1632 2440 θησαυροὺς,
1645 2372 1773 2435 τοὺς
1789 2372 2032 2437 στύλους,

452 2455 576 2517 τοὺς
605 2454 864 2525 πύργους,
891 2451 1011 2521 οὐχὶ
1037 2450 1237 2516 ζῶντες
1264 2452 1445 2522 μόνον,
1481 2454 1615 2508 ἀλλά
1657 2456 1751 2509 καὶ
1780 2456 2034 2528 τελευτή-

454 2556 644 2603 σαντες
683 2538 923 2609 μεγάλης
944 2537 1213 2605 ὼφελείας
1233 2540 1342 2601 τοῖς
1379 2537 1604 2611 ὕστερον
1637 2540 1892 2605 ὑπόθεσις
1914 2542 2033 2611 ἐγέ-

452 2641 621 2677 νοντο.
651 2621 803 2686 Εἶδες
836 2622 1194 2693 προρρήσεως
1231 2622 1405 2692 ἰσχὺν,
1433 2623 1541 2676 Καὶ
1564 2625 1751 2679 πύλαι
1782 2623 1932 2693 ᾅδου
1959 2627 2034 2679 οὐ

453 2707 936 2776 κατισχύσουσιν
967 2704 1190 2773 αὐτῆς;
1236 2705 1369 2759 Ἀπὸ
1412 2705 1618 2761 τούτων
1648 2708 1871 2762 πίστευε
1905 2709 2034 2780 περὶ

453 2791 558 2845 τῶν
585 2790 907 2861 μελλόντων,
937 2789 1031 2844 καὶ
1057 2790 1138 2843 ὅτι
1167 2790 1343 2853 οὐδεὶς
1387 2790 1563 2845 αὐτῶν
1610 2792 1919 2864 περιέσται.
1967 2791 2031 2846 Εἰ

450 2870 561 2942 γὰρ
582 2871 670 2924 ὅτε
695 2870 752 2937 ἐξ
778 2869 974 2938 ὀλίγων
1000 2870 1340 2940 συνεστήκει,
1371 2870 1460 2923 ὅτε
1486 2872 1840 2942 καινοτομίας
1856 2872 2032 2926 ἐδόκει

449 2948 589 3008 εἶναι
625 2952 687 3007 τὸ
732 2952 984 3023 πρᾶγμα.
1031 2949 1117 3003 ὅτε
1166 2950 1441 3019 νεοπαγὴς
1481 2950 1883 3022 ήδιδασκαλία,
1942 2955 2031 3008 ὅτε

450 3032 679 3088 τοιοῦτοι
731 3033 779 3084 οἰ
820 3028 1081 3098 πόλεμοι,
1140 3027 1236 3081 καὶ
1284 3029 1541 3082 τοσαῦται
1591 3032 1647 3083 αι
1693 3032 2031 3103 πανταχόθεν

448 3109 939 3183 ἀναρριπιζόμεναι
1000 3104 1190 3176 μάχαι,
1241 3107 1341 3159 οὐκ
1371 3108 1617 3178 ἴσχυσαν,
1674 3112 1733 3163 ού
1781 3129 2032 3181 περιεγε-

449 3208 619 3253 νοντο,
665 3188 844 3259 πολλῷ
887 3183 1087 3257 μᾶλλον
1118 3186 1218 3257 τὴν
1253 3186 1577 3258 οἰκουμένην
1613 3188 1831 3244 ἃπασαν
1869 3209 2032 3245 κατα-

450 3269 719 3339 λαϐούσης
749 3266 917 3335 αὐτῆς
945 3264 1039 3318 καί⁵
1070 3263 1234 3317 τόπον
1273 3263 1508 3330 ἅπαντα,
1543 3267 1638 3321 καὶ
1658 3269 1781 3341 δρη.
1808 3271 1904 3324 καὶ
1935 3273 2031 3325 νά-

450 3368 583 3415 πας,
616 3349 709 3402 καὶ
751 3344 992 3417 βουνούς.
1039 3344 1146 3397 Kal
1194 3344 1301 3412 γὰρ
1348 3346 1441 3399 καὶ
1481 3344 1771 3413 θάλατταν,
1813 3348 1907 3402 καὶ
1961 3348 2031 3403 τά

451 3431 542 3499 ὑφ’
586 3427 721 3499 ἡλίῳ
769 3425 999 3498 κείμενα
1051 3423 1180 3493 ἔθνη
1217 3424 1393 3478 πάντα
1449 3424 1736 3491 κατέλαϐε,
1785 3430 1879 3483 καὶ
1928 3428 2029 3499 τῆς

449 3506 702 3570 ἀσεϐείας
742 3506 822 3567 είς
866 3502 1079 3570 ὀλίγους
1122 3503 1404 3573 προϐάσ-ης
1436 3504 1644 3568 λοιπὸν,
1677 3508 1770 3559 καὶ
1805 3508 2026 3578 βωμῶν,

452 3589 545 3641 καὶ
574 3586 735 3649 ναῶν,
756 3585 851 3637 καὶ
876 3582 1130 3643 εἰδώλων,
1161 3583 1255 3635 καὶ
1282 3584 1497 3637 πάντων
1516 3586 1903 3657 ἀνῃρημένων,
1935 3590 2029 3642 καὶ

450 3666 672 3739 ἐορτῶν,
715 3663 810 3718 καὶ
841 3660 1094 3725 τελετῶν,
1133 3664 1225 3715 καὶ
1255 3662 1465 3739 καπνοῦ
1512 3665 1607 3718 καὶ
1648 3666 1894 3738 κνίσσης,
1935 3668 2028 3722 καὶ

449 3738 807 3816 πανηγύρεων
846 3743 1071 3811 ἐναγῶν.
1098 3741 1223 3801 Πῶς
1253 3738 1346 3796 οῦν
1370 3743 1623 3799 τοσοῦτον
1658 3746 1751 3798 καὶ
1776 3747 2028 3818 τηλικοῦ-

447 3844 538 3880 τον
562 3826 814 3897 πρᾶγμα,
856 3821 996 3893 μετά
1026 3818 1292 3874 τοσούτων
1332 3823 1669 3893 κωλυμάτων
1718 3825 1810 3879 καὶ
1854 3828 2029 3897 πέρας

452 3904 604 3975 ἔσχεν
626 3901 768 3955 οῦτω
788 3899 1061 3972 λαμπρὸν,
1087 3899 1180 3952 καὶ
1209 3900 1433 3953 ἑκϐασιν
1466 3901 1615 3973 [579]
1643 3906 2028 3976 μαρτυροῦσαν

447 3986 513 4053 τῇ
543 3980 792 4052 ἀληθείᾳ,
820 3981 869 4032 εὶ
902 3979 976 4049 μὴ
1008 3978 1128 4032 θεία
1165 3995 1249 4041 τις
1301 3979 1396 4031 καὶ
1435 3978 1644 4049 ἄμαχος
1694 3982 1922 4054 δύναμις
1959 3980 2028 4055 ἦν

447 4062 541 4117 τοῦ
584 4061 757 4114 ταῦτα
812 4057 1166 4130 προειπόντος
1214 4058 1308 4110 καὶ
1351 4056 1699 4124 τελέσαντος;
1748 4062 1933 4126 Οὐδεὶς
1960 4063 2027 4118 ἂν

449 4143 587 4215 πρὸς
611 4141 785 4195 ταῦτα
807 4138 1073 4201 ἀντείποι,
1098 4138 1146 4189 εί
1171 4137 1246 4207 μὴ
1280 4137 1487 4208 σφόδρα
1512 4154 1596 4201 τις
1633 4139 1741 4192 τῶν
1769 4142 2031 4214 μαινομέ.

447 4240 554 4275 νων
613 4220 708 4274 καὶ
766 4216 1135 4287 ἐξεστηκότων
1188 4216 1293 4287 εἴη,
1359 4218 1452 4291 καί.
1505 4217 1614 4272 τῶν
1665 4220 1807 4274 κατά
1865 4220 2027 4291 φύσιν

447 4299 889 4372 ἀπεστερημένος
938 4295 1173 4367 φρενῶν.
1218 4295 1329 4366 οὐχ
1375 4290 1537 4350 αὗται
1575 4296 1633 4351 δὲ
1678 4297 1858 4368 μόνον,
1880 4290 2028 4355 ἀλλά

447 4383 543 4435 καὶ
589 4380 775 4451 ἐτεραι
816 4378 1150 4449 προρρήσεις
1198 4374 1667 4445 ἀνακηρύττουσιν
1712 4377 1879 4432 αὐτοῦ
1928 4381 2027 4452 τῆν

446 4460 663 4531 ἄμαχον
684 4457 935 4529 δύναμιν.
961 4456 1071 4509 Kal
1101 4454 1211 4527 γάρ
1238 4458 1465 4526 προεῖπε
1496 4455 1567 4509 τά
1596 4455 1859 4523 μέλλοντα
1886 4461 2025 4530 μετά

444 4539 706 4609 ἀληθείας
728 4537 949 4607 ἀπάσης
975 4536 1069 4589 καὶ
1094 4536 1174 4598 εἰς
1205 4533 1356 4597 τέλος
1377 4536 1552 4607 ἤγαγε
1579 4553 1593 4568 ·
1624 4538 1719 4591 καὶ
1745 4538 2025 4609 ἀμήχανόν

444 4636 499 4673 τι
527 4618 805 4671 διαπεσεῖν
831 4616 942 4669 τῶν
986 4616 1114 4685 παρ’
1146 4614 1358 4667 ἐκείνου
1402 4613 1721 4685 λεχθέντων,
1765 4616 1881 4671 ἀλλ’
1930 4620 2022 4672 εύ-

445 4696 745 4769 κολώτερον
791 4696 893 4767 τὴν
930 4695 1032 4766 γῆν
1070 4695 1432 4765 ἀφανισθῆναι
1461 4693 1671 4749 καὶτὸν
1700 4698 1948 4769 οὐρανὸν,
1987 4699 2020 4769 ἢ

444 4777 551 4829 τῶν
600 4777 861 4848 ῥημάτων
888 4793 939 4828 τι
970 4773 1078 4828 τῶν
1111 4774 1320 4826 ἐκείνου
1372 4772 1467 4826 καὶ
1509 4775 1616 4828 τῶν
1664 4778 2024 4848 προρρήσεων

442 4855 764 4927 ἐλεγχθῆναι
792 4855 1002 4925 ψευδῶς
1023 4853 1332 4925 εἰρημένον.
1368 4853 1460 4905 Διὸ
1493 4854 1587 4906 καὶ
1616 4854 1777 4918 αὐτὸς
1799 4854 1894 4908 καὶ
1918 4856 2023 4926 πρὸ

442 4935 543 5006 τῆς
580 4934 687 4987 τῶν
726 4934 1065 5008 πραγμάτων
1105 4932 1385 4995 ἐκϐάσεως
1434 4932 1592 4986 τοῦτο
1641 4932 1774 4987 αὐτὸ
1823 4933 2018 5005 δηλῶν,

440 5014 585 5068 οῦτω
637 5015 823 5083 σαφῶς
864 5014 1182 5083 ἀπεφήνατο
1241 5013 1367 5083 περὶ
1404 5011 1514 5065 τῶν
1554 5013 1858 5082 εἰρημένων
1889 5014 2020 5087 παρ’

442 5093 629 5156 αὑτοῦ,
658 5094 858 5163 λέγων’
906 5092 959 5145 Ὀ
984 5090 1239 5159 οὐρανὸς
1267 5092 1363 5143 καὶ
1394 5090 1429 5157 ἡ
1463 5089 1537 5161 γῆ
1562 5092 2017 5161 παρελεύσεται,

442 5176 497 5227 οι
525 5172 592 5225 δὲ
613 5174 779 5243 λόγοι
798 5190 917 5242 μου
946 5174 1017 5226 ού
1040 5171 1127 5239 μὴ
1157 5171 1520 5238 παρέλθωσι.
1547 5171 1658 5224 Καὶ
1689 5172 1838 5241 μάλα
1876 5174 2020 5227 εἰκό-

441 5269 569 5315 τως.
610 5253 683 5306 Ού
726 5253 836 5323 γὰρ
868 5251 1017 5319 λόγοι
1055 5251 1214 5315 εἰσὶν,
1264 5249 1400 5304 ἀλλά
1439 5250 1575 5303 Θεοῦ
1630 5251 1799 5321 λόγοι,
1841 5252 2019 5323 ἔργων

439 5330 786 5401 δημιουργοίο
825 5330 968 5383 οῦτω
1010 5330 1101 5384 τὸν
1149 5330 1374 5402 οὐρανὸν
1413 5331 1688 5401 ἐποίησεν,
1721 5332 1861 5385 οὕτω
1920 5335 2018 5405 τὴν

440 5411 566 5480 γῆν,
597 5410 738 5463 οὓτω
757 5409 856 5482 τὴν
881 5409 1172 5478 θάλασσαν,
1202 5410 1343 5464 οὕτω
1387 5410 1475 5463 τὸν
1519 5409 1690 5481 ἥλιον,
1723 5410 1863 5464 οὕτω
1892 5416 2017 5477 τοὺς

439 5489 551 5541 τῶν
608 5489 854 5556 ἀγγέλων
912 5489 1138 5561 δήμους,
1189 5490 1332 5545 οὕτω
1384 5491 1482 5555 τάς
1535 5491 1699 5555 ἄλλας
1758 5492 2018 5564 ἀοράτους

440 5568 716 5640 δυνάμεις.
764 5570 877 5644 Kal
926 5570 1084 5624 τοῦτο
1114 5570 1284 5640 σαφὲς
1313 5571 1483 5624 ποιῶν
1511 5574 1539 5626 ὁ
1575 5572 1862 5644 Προφήτης
1903 5572 2018 5625 ἕλε-

440 5664 566 5718 γενο
613 5648 806 5713 Αὐτὸς
833 5643 982 5713 εἷπε,
1020 5649 1116 5703 καί
1145 5650 1543 5719 ἐγενήθησαν,
1579 5643 1760 5718 αὐτὸς
1799 5652 2016 5705 ἐνετεί-

436 5734 606 5793 λατο,
640 5730 737 5783 καί
783 5729 1174 5799 ἐκτίσθησαν,
1204 5732 1332 5801 περὶ
1370 5733 1549 5802 πάσης
1587 5730 1720 5802 ὁμοῦ
1770 5731 1869 5801 τῆς
1904 5732 2015 5783 κτί-

440 5825 601 5871 σεως,
630 5809 727 5878 τῆς
760 5810 889 5872 ἀνω,
922 5810 1018 5879 τῆς
1038 5811 1207 5871 κάτω,
1238 5810 1336 5877 τῆς
1363 5814 1646 5883 αἰσθητῇς,
1674 5812 1773 5881 τῆς
1795 5813 2008 5883 νοερᾶς,

437 5890 535 5958 τῆς
564 5890 620 5941 ἐν
649 5888 881 5959 σώματι,
911 5890 1009 5957 τῆς
1037 5890 1329 5958 ἀσωμάτου
1369 5890 1540 5942 ταῦτα
1581 5892 1772 5960 λέγων.
1804 5892 2007 5958 Ἕδειξε

441 5966 542 6028 μὲν
571 5963 685 6035 οῦν,
715 5969 850 6037 ὅπερ
879 5967 1049 6036 ἔφθην
1090 5967 1277 6035 εἰπὼν,
1306 5969 1399 6023 καὶ
1425 5972 1457 6040 ἡ
1484 5972 1610 6039 περὶ
1650 5972 1748 6040 τῆς
1785 5972 2009 6042 Ἐκκλη-

2003 6235 2063 6244 .—

1142 318 1203 376 5.
1240 316 1531 377 JOANMS
1566 320 2060 384 CHRYSOSTOMI
2096 331 2424 394 ARCHIEP.
2462 339 3016 404 CONSTANTINOP.

2143 450 2263 547 σίας
2294 460 2750 547 πρῗανᾳφάξνησις
2790 466 2892 539 τῆς
2940 465 3198 539 ἀληθείας
3239 467 3429 534 αὐτοῦ,
3454 469 3559 542 τῆς
3593 490 3729 547 προ-

2140 533 2308 623 νοίας,
2334 538 2436 609 τῆς
2457 533 2812 623 ἀγαθότητος,
2847 533 2962 619 ’τῆς
3006 533 3332 621 κηδεμονίας
3369 533 3431 604 τδ
3471 533 3726 623 μέγεθος,

2140 612 2232 666 τὸν
2257 614 2443 696 δγκον,
2468 621 2569 693 τὴν
2601 612 2929 696 ύπὲρϐολήνξ

2213 694 2309 780 ις’.
2326 697 2463 780 {Ilipa
2478 697 2570 780 οῦν
2582 702 2676 755 καὶ
2693 694 2887 775 ἑτέραν
2899 707 3203 779 πρόρρησιν
3216 710 3731 780 μεταχειρισώμιεθα

2139 770 2234 825 τοῦ
2259 774 2412 859 ήλίου
2446 779 2647 859 μᾶλλον
2674 770 3115 855 διαλάμπουσαν,
3140 770 3235 839 καί
3262 770 3614 859 «ﬁdem;
3637 808 3735 858 φα-

2140 853 2447 939 νερωτέραν
2490 854 2675 939 οὖσαν,
2719 862 2812 915 καὶ
2842 853 2973 934 Ἵπρδ
3017 864 3118 934 τῆς
3161 853 3416 920 ἁπάντων
3462 853 3733 939 κειμένην

2139 927 2459 1019 δψεωςηκαί
2492 936 2696 1019 πάσαις
2739 943 2857 1004 ταῖς
2892 927 3031 1013 μετά
3065 927 3241 998 ταῦτα
3274 950 3488 1014 γενεαῖς
3517 927 3733 1019 παρεκ-

2139 1012 2478 1099 τεινομένην,
2521 1014 2710 1099 ῶσπερ
2738 1020 2833 1073 καὶ
2858 1012 2958 1093 τὴν
2985 1012 3293 1096 προτέραν.
3320 1025 3583 1080 Τοιαῦται
3602 1012 3731 1099 ’γὰρ

2141 1087 2306 1178 αὑτοῦ
2331 1087 2754 1179 αἰῃπρορρήσεις
2775 1100 2830 1152 al
2854 1087 3092 1167 πλείούς.
3121 1087 3196 1158 όύ
3221 1103 3400 1175 χρόνῳ
3419 1105 3531 1178 γάρ
3562 1087 3733 1179 πέρῶ

2138 1166 2354 1252 τοῦνται
2383 1166 2593 1245 βραχεῖ,
2622 1166 2755 1229 οὐδὲ
2783 1180 2863 1243 εἰς
2910 1166 3062 1249 μίαν
3079 1166 3454 1238 συντελοῦνταὶ
3500 1166 3728 1252 γενεάν,

2138 1246 2275 1328 ἀλλά
2304 1251 2438 1328 πᾶσι
2464 1256 2579 1317 τοῖς
2604 1246 2923 1327 ἀνθρώποις
2946 1261 3060 1324 τοῖς
3089 1277 3149 1314 τε
3186 1257 3327 1328 οὖσι,
3366 1264 3481 1326 τοῖς
3515 1246 3577 1316 τε
3610 1246 3732 1317 ἐσοέ

2141 1326 2325 1395 μένοις
2350 1327 2525 1412 αὖθις.
2561 1336 2675 1398 τοῖς
2706 1326 2823 1405 μετ’
2845 1338 3109 1403 ἐκείνους,
3140 1326 3383 1406 καὶποῖς
3418 1342 3562 1412 μετά
3603 1343 3731 1396 τού-

2137 1422 2265 1493 τομς
2300 1410 2460 1493 πάλιν
2494 1414 2588 1467 καὶ
2616 1415 2720 1479 ἕως
2742 1415 2844 1487 τῆς
2882 1419 3191 1485 συντελείας
3212 1410 3730 1493 παρεκτεινομένοις

2139 1487 2274 1571 πᾶσι
2300 1491 2597 1563 παρέχουσι
2628 1497 3064 1568 καταμανθάνειν
3101 1500 3200 1569 τῆς
3228 1487 3434 1565 οἰκείας
3464 1487 3730 1571 ἀληθείας

2137 1564 2235 1652 τήν
2260 1567 2434 1652 ἰσχὺν,
2458 1571 2645 1652 ὥσπερ
2671 1564 2788 1632 οὖν’
2809 1578 2904 1632 καὶ
2939 1580 2972 1649 ή
3021 1564 3283 1650 προτέρα.
3323 1564 3435 1634 Kal
3464 1564 3575 1652 γάρ
3617 1564 3731 1636 ἀπδ

2137 1648 2238 1729 τῇὶ
2286 1650 2503 1723 ἡμέρας
2534 1642 2871 1729 ἦς’ὲρῤήθη,
2924 1642 3086 1729 μέχρι
3135 1642 3232 1728 τῆς
3276 1642 3586 1724 συντελείας
3629 1661 3727 1714 τοῦ

2137 1725 2353 1792 αἰῶνος,
2375 1730 2577 1804 ἕστηκε
2609 1725 2803 1806 βεϐαία
2834 1725 2936 1790 καί
2968 1725 3246 1809 ἀκίνητος,
3298 1738 3553 1804 ἀνθοῦσα,
3584 1739 3728 1811 λάμ-

2137 1820 2335 1889 πουσα,
2364 1810 2486 1862 καθ’
2512 1812 2750 1885 ἐκάστην
2782 1816 3110 1887 ἀκμάζουσα
3149 1817 3247 1888 τὴν
3277 1821 3515 1889 ἡμέραν,
3548 1810 3727 1884 αὔξαι-

2137 1886 2366 1969 νομένη,
2427 1891 2564 1961 πρὸς
2625 1886 2869 1963 μείζονα
2904 1886 3215 1951 ἐπιδιδοῦσα
3270 1886 3536 1969 δύναμιν,
3587 1902 3727 1954 πᾶσι

2136 1965 2455 2049 παρέχουσα
2487 1973 2602 2035 τοῖς
2646 1972 2705 2040 ἐξ
2753 1976 2961 2030 ἐκείνου
3012 1978 3175 2048 μέχρι
3203 1977 3305 2049 τῆς
3336 1965 3431 2030 τοῦ
3478 1979 3723 2049 Χριστοῦ

2137 2048 2440 2128 παρουσίας
2469 2050 2750 2121 ἐσομένοις
2775 2056 2846 2109 τά
2881 2058 3114 2127 μέγιστα
3151 2056 3496 2128 καρποῦσθαι
3525 2048 3586 2123 ἐξ
3627 2058 3727 2112 αὗ-

2136 2121 2234 2209 τῆς
2260 2125 2463 2209 ἀγαθά,
2490 2132 2583 2184 καὶ
2609 2133 2815 2199 ἄφατον
2842 2121 3141 2207 δρέπεσθαι
3171 2121 3269 2209 την
3293 2121 3583 2208 ὠφέλειαν.
3612 2141 3725 2193 Καὶ

2136 2198 2244 2291 γὰρ
2267 2205 2361 2259 καὶ
2391 2207 2440 2291 ρι
2468 2210 2574 2291 πρδ
2600 2198 2779 2283 ήμῶν,
2813 2198 2906 2268 κοίι
2931 2217 2979 2270 οἱ
3013 2217 3118 2288 πρὸ
3148 2198 3392 2279 exitum},
3421 2218 3516 2271 καὶ
3538 2219 3588 2270 οἰ
3616 2220 3726 2291 πρὸ

2134 2279 2349 2367 τούτων.
2386 2279 2664 2361 ἀνωτέρω,
2729 2279 3069 2362 ἐπέγνωσαν
3103 2296 3273 2367 αὐτῆς
3319 2298 3420 2366 τὴν
3463 2279 3723 2367 δύναμιν.

2133 2361 2395 2448 τοὺς-μὲν
2421 2367 2695 2440 πολέμους
2723 2361 2956 2442 ὁρῶντες
3002 2361 3258 2438 ἐπιόντας
3294 2361 3454 2448 αὐτῇ,
3482 2361 3723 2441 καὶτοὺς

2134 2441 2416 2526 κινδύνους
2459 2449 2556 2502 καὶ
2596 2450 2697 2515 τὰς
2734 2441 2997 2524 ταραχὰς,
3038 2456 3165 2518 τοὺς
3197 2441 3458 2526 θορύϐοῦς
3513 2456 3607 2510 καὶ
3654 2458 3723 2511 τὰ

2116 2519 2357 2593 κύματα
2406 2529 2501 2582 καὶ⁵
2540 2530 2668 2593 τοὺς
2713 2519 3022 2602 χειμῶνας·
3078 2519 3345 2605 αὑτὴνδὲ
3390 2534 3631 2606 ὁρῶντες
3657 2538 3719 2589 ού

2134 2607 2692 2680 καταποντιζομένην,
2734 2611 2795 2663 ού
2832 2613 3165 2684 νικωμένην,
3205 2614 3266 2666 ού
3315 2614 3718 2685 κρατουμένην,

2133 2682 2610 2768 ούλσϐεννμμένην,
2651 2690 2787 2743 ἀλλά
2829 2682 3121 2760 ἀνθοῦσαν,
3156 2682 3553 2765 αὐξανομένην.
3580 2682 3721 2768 «ph;

2136 2763 2322 2845 μεῖζον
2375 2764 2508 2836 ὕψος
2547 2768 2924 2843 ἐγειρομένην,
2979 2772 3090 2826 Kal
3136 2772 3275 2845 αὕτη
3320 2763 3397 2839 δέ,
3438 2763 3504 2844 ἦν

2133 2839 2230 2895 νῦν
2265 2846 2429 2914 ἐρεῖν,
2458 2839 2684 2920 τοιαύτη
2712 2851 2793 2912 τίς
2823 2839 2969 2904 ἐστιν
3000 2855 3079 2915 εἰς
3116 2852 3176 2906 τὸ
3206 2839 3375 2918 δεῖξαι
3423 2839 3587 2907 αῦτοῦ
3618 2854 3718 2925 τὴν

2137 2922 2291 3003 ἰσχὺν
2314 2927 2409 2978 καὶ
2442 2927 2542 2997 τὴν
2582 2928 2839 3000 ἀλήθειαν
2868 2930 2977 2983 τῶν
3010 2932 3338 3003 εἰρημένων.
3370 2933 3465 2998 Τίς
3488 2933 3544 2987 δέ
3569 2922 3719 2987 ἐστιν

2133 3000 2306 3073 αῦτη;
2342 3004 2614 3062 Εἰσελθὼν
2665 3026 2796 3062 ποτε
2841 3011 2922 3074 εἰς
2968 3000 3079 3065 τὸν
3104 3000 3231 3066 ναὸν
3263 3013 3356 3066 τὸν
3400 3014 3713 3078 Ἰουδαϊκὸν,

2132 3082 2398 3165 ἀνθοῦντα
2423 3088 2544 3142 τότε
2574 3090 2668 3143 καὶ
2696 3090 2878 3162 πολλῷ
2905 3091 3170 3146 πάντοθεν
3219 3093 3718 3165 καταλαμπόμενον

2131 3161 2210 3243 τῷ
2238 3166 2445 3238 χρυσίῳ
2471 3169 2565 3222 καὶ
2592 3168 2776 3224 κάλλει
2799 3161 2893 3226 καὶ
2926 3171 3144 3243 μεγέθει
3162 3161 3480 3243 οἰκοδομῶν,
3518 3161 3715 3243 ἔχοντα

2132 3242 2226 3327 καὶ
2255 3244 2354 3327 τὴν
2382 3244 2548 3319 ἀλλην
2587 3248 2805 3304 ἃπασαν
2842 3242 2993 3327 [580]
3039 3242 3409 3317 πολυτέλειαν,
3460 3253 3559 3326 τὴν
3597 3254 3712 3307 ἀπὸ

2129 3321 2232 3405 τῆς
2262 3324 2477 3398 τέχνης,
2504 3328 2603 3399 τὴν
2629 3330 2738 3384 ἀπὸ
2764 3321 2864 3400 τῆς
2887 3321 3039 3405 ῦλης,
3077 3335 3170 3388 καὶ
3196 3333 3303 3386 τῶν
3336 3321 3592 3405 μαθητῶν
3614 3336 3714 3389 ἐκ·

2132 3402 2535 3477 πληττομένων,
2557 3410 2609 3463 τί
2642 3428 2837 3481 φησιν;
2871 3402 2993 3483 Οὐχ
3033 3413 3207 3482 ὁρᾶτε
3248 3402 3434 3468 ταῦτα
3469 3402 3669 3466 πάντα
3689 3430 3712 3477 ;

2144 3485 2323 3555 Ἀμὴν
2354 3489 2511 3559 λέγω
2541 3490 2705 3560 ὑμῖν,
2743 3493 2815 3546 ού
2836 3492 2923 3561 μὴ
2944 3494 3122 3563 μείνῃ
3148 3487 3263 3547 ὧδε
3288 3496 3458 3559 λίθος
3486 3493 3583 3545 ἐπὶ
3616 3495 3711 3546 .1!-

2130 3566 2271 3617 θονο
2302 3567 2401 3638 τήν
2429 3570 2567 3637 μετά
2581 3571 2756 3625 ταῦτα
2794 3572 2959 3627 αὑτοῦ
2995 3575 3354 3644 κατασκαφὴν
3386 3573 3582 3644 δηλῶν,
3608 3572 3710 3644 τὴν

2132 3645 2538 3725 πανωλεθρίαν,
2572 3652 2673 3721 τὴν
2719 3651 2979 3722 ἐρημίαν,
3011 3653 3073 3706 τὸ
3116 3652 3356 3725 ἐρείπιον
3396 3655 3459 3705 τὸ
3497 3651 3593 3705 νῦν
3650 3655 3712 3705 ἐν

2142 3721 2539 3796 Ἱεροσολύμοις
2558 3744 2572 3756 ο
2608 3728 2704 3782 καὶ
2733 3721 2843 3802 γὰρ
2879 3733 3120 3800 ἐρείπιον
3150 3721 3341 3787 ἐκεῖνα
3372 3732 3443 3786 τά
3475 3733 3709 3803 λαμπρὰ

2130 3805 2226 3884 καὶ
2251 3808 2523 3880 περιφανῆ
2566 3809 2789 3878 γέγονεν
2824 3812 3233 3884 οἰκοδομήματα
3271 3815 3504 3868 ἅπαντα.
3554 3813 3709 3878 Εἶδες

2128 3882 2195 3963 ἐν,
2217 3884 2462 3957 ἐκατέρῳ
2495 3887 2735 3959 μεγάλην
2760 3890 2925 3944 αὑτοῦ
2955 3892 3048 3945 καὶ
3072 3882 3286 3960 ήάφατον
3310 3893 3408 3963 τὴν
3442 3893 3618 3961 ἰσχὺν,
3649 3894 3712 3946 ἐν

2130 3961 2207 4043 τῷ
2229 3964 2353 4043 τοὺς
2382 3965 2787 4037 θεραπεύοντας
2831 3970 2992 4025 αὐτὸν
3038 3971 3335 4043 οἰκοδομεῖν
3366 3961 3472 4023 καὶ
3498 3971 3709 4039 αὔξειν,

2128 4040 2186 4093 ἐν
2209 4042 2287 4114 τῷ
2310 4044 2437 4109 τοὺς
2472 4049 2982 4118 προσκεκρουκότας
3005 4052 3086 4114 εἰς
3107 4040 3268 4104 αύτδν
3294 4049 3585 4104 ταπεινοῦν
3610 4052 3713 4104 καὶ

2126 4119 2336 4202 όλλύειν
2367 4125 2458 4179 καὶ
2494 4128 2826 4200 προρρίζους
2857 4130 3137 4200 ἀνασπᾷν;
3191 4129 3323 4183 Ούδέ
3375 4129 3485 4202 γὰρ
3518 4124 3589 4202 ἦν
3616 4130 3713 4183 οὐ·

2126 4198 2314 4272 δαμῶς
2350 4203 2379 4256 ὁ
2423 4204 2550 4269 ναὸς
2601 4198 2861 4272 τοιοῦτος,
2915 4198 3061 4262 οὐδὲν
3094 4206 3266 4272 οὕτως
3309 4198 3570 4281 ἀοίδιμος,
3611 4212 3710 4265 καὶ

2126 4283 2397 4356 τοσαύτης
2425 4286 2715 4340 ἀπολαύων
2744 4287 3061 4359 θεραπείας.
3085 4290 3148 4343 Ol
3169 4289 3275 4362 γὰρ
3302 4289 3577 4361 πανταχοῦ
3603 4292 3710 4362 γῆς

2125 4362 2401 4427 οἰκοῦντες
2448 4364 2711 4432 Ἰουδαῖοι,
2763 4368 2857 4422 καί⁸
2903 4368 3041 4440 πρὸς
3083 4370 3223 4423 αύτά
3246 4372 3343 4443 τῆς
3376 4372 3480 4441 γῆς
3504 4369 3574 4423 τά
3603 4370 3708 4441 πέο

2128 4459 2285 4522 ρατα,
2320 4443 2500 4497 ἐκεῖσε
2539 4447 2868 4516 ἀφικνοῦντο
2895 4448 2956 4502 τὸ
2982 4449 3230 4512 παλαιὸν,
3276 4451 3424 4522 δῶρα
3472 4452 3568 4504 καὶ
3609 4451 3707 4505 θυ-

2126 4520 2249 4603 σίας
2284 4524 2380 4576 καὶ
2426 4526 2743 4598 προσφορὰς
2791 4529 2886 4582 καὶ
2925 4528 3183 4600 ἀπαρχὰς
3215 4530 3310 4584 καὶ
3342 4520 3514 4585 πολλά
3540 4532 3707 4603 ἔτερα

2125 4600 2405 4671 φέροντες,
2447 4604 2543 4660 καὶ
2570 4606 2649 4677 τῷ
2681 4608 2780 4679 τῆς
2819 4608 3146 4680 οἰκουμένης
3180 4608 3394 4679 πλούτῳ
3426 4600 3707 4665 καλλωπί-

2124 4682 2307 4747 ζοντες
2337 4685 2429 4737 τὸν
2466 4685 2593 4739 ναόν
2611 4704 2625 4717 ·
2679 4688 2773 4741 καὶ
2802 4687 3003 4753 πάντες
3036 4691 3154 4742 ἐκεῖ
3181 4688 3467 4761 συνέρρεον
3495 4692 3544 4743 οἰ
3575 4710 3705 4747 παν-

2122 4761 2349 4844 ταχόθεν
2394 4763 2634 4823 Ἰουδαῖοι
2664 4766 3015 4838 προσήλυτοι,
3050 4769 3144 4821 καὶ
3174 4768 3311 4821 πολὺ
3340 4765 3409 4840 ἦν
3439 4770 3503 4822 τὸ
3531 4771 3706 4844 ὄνομα

2121 4841 2215 4894 τοῦ
2248 4842 2434 4908 τόπου,
2472 4844 2606 4915 πρὸς
2629 4846 2797 4910 αὑτὰς
2826 4847 2923 4916 τῆς
2960 4847 3284 4919 οἰκουμένης
3310 4849 3407 4910 τὰς
3442 4841 3702 4920 ἐσχατιάς

2122 4921 2343 4989 φθάνον.
2399 4924 2538 4977 Ἀλλ’
2571 4925 2630 4978 ἐν
2677 4927 2828 4999 ρῆμα
2859 4925 2956 4979 τοῦ
2989 4927 3226 4998 Χριστοῦ
3284 4927 3461 4981 πάντα
3514 4930 3699 4984 ἐκεῖνα

2122 5002 2355 5071 ἠφάνισε
2395 5005 2490 5058 καὶ
2527 5005 2800 5073 ἀπώλεσε,
2840 5009 2935 5062 καὶ
2987 5006 3178 5079 ὥσπερ
3212 5008 3488 5079 κονιορτὸν
3516 5008 3583 5061 ἐκ
3612 5011 3702 5079 μέ.

2122 5098 2216 5135 σου
2270 5082 2524 5153 γενέσθαι
2579 5085 2806 5156 ἐποίησε
2828 5102 2844 5117 ·
2900 5086 2998 5141 καὶ
3059 5086 3188 5141 ἔνθα
3240 5087 3365 5141 οὐδὲ
3428 5088 3700 5153 Ἰουδαίοις

2120 5164 2315 5229 ἆπασι,
2348 5163 2548 5235 μᾶλλον
2576 5163 2633 5217 δὲ
2668 5164 2788 5218 οὐδὲ
2825 5168 2939 5232 τοῖς
2981 5164 3187 5238 ἰερεῦσι
3234 5167 3425 5231 πᾶσιν,
3459 5166 3578 5220 ἀλλ’
3619 5169 3702 5221 ἐνὶ

2123 5242 2271 5315 μόνῳ
2303 5243 2382 5314 τῷ
2415 5243 2515 5316 τὴν
2545 5245 2958 5320 ἀρχιερωσύνην
3007 5247 3223 5319 λαχόντι
3269 5248 3497 5302 εἰσιέναι
3546 5249 3695 5321 ἐξῆν,

2119 5323 2216 5377 καὶ
2245 5323 2405 5378 τοῦτο
2430 5324 2580 5390 ἅπαξ
2606 5324 2700 5379 τοῦ
2723 5326 2973 5381 ἐνιαυτοῦ
3005 5327 3164 5397 μόνον
3194 5326 3332 5397 μετά
3373 5327 3569 5400 στολῆς
3604 5328 3700 5383 καὶ

2120 5404 2397 5473 στεφάνων
2426 5406 2520 5458 καὶ
2553 5404 2771 5477 μίτρας,
2814 5408 2907 5461 καὶ
2944 5407 3137 5477 ἐτέρας
3178 5407 3323 5469 τινὸς
3371 5406 3600 5478 ἐσθῆτος
3627 5411 3698 5462 ἰε-

2121 5485 2240 5555 ρᾶς,
2275 5486 2371 5539 νῦν
2402 5485 2498 5539 καὶ
2532 5486 2754 5558 πόρνοις
2787 5488 2881 5541 καὶ
2917 5485 3181 5557 μαλακοῖς
3234 5489 3331 5541 καὶ
3367 5489 3695 5559 ήταιρηκόσι

2117 5564 2209 5616 καὶ
2234 5565 2443 5634 μοιχοῖς
2471 5565 2681 5632 ἔξεστιν
2704 5566 3022 5626 ἐπιϐαίνειν.
3060 5567 3155 5619 καὶ
3176 5567 3206 5619 δ
3235 5566 3459 5620 κωλύων
3487 5567 3691 5633 οὐδείς’

2114 5642 2176 5695 τὸ
2199 5644 2308 5714 γὰρ
2333 5644 2485 5715 ρῆμα
2517 5650 2694 5700 ἐκεῖνο
2726 5646 2951 5699 ἐπελθὸν
2971 5646 3146 5699 πάντα
3163 5648 3389 5717 ἠφάνισε
3420 5648 3519 5701 καὶ
3537 5651 3695 5704 κατέ-

2115 5720 2271 5797 λυσε’
2300 5726 2398 5778 καὶ
2433 5728 2686 5783 τοσοῦτον
2721 5728 2873 5797 μένει
2907 5726 3001 5781 τοῦ
3034 5726 3183 5793 ναοῦ,
3213 5729 3336 5781 ὅσον
3364 5730 3534 5796 δεῖξαι
3564 5732 3694 5786 ἔνθα

2115 5796 2183 5875 ἦν
2214 5804 2242 5855 ὁ
2271 5804 2397 5868 ναὸς
2423 5806 2486 5859 τὸ
2516 5796 2760 5861 παλαιόν.

2206 5897 2490 5968 Ἐννόησον
2511 5899 2690 5954 τοίνυν
2733 5900 2908 5971 πόσης
2932 5902 3029 5956 καὶ
3064 5900 3221 5954 τοῦτο
3273 5903 3575 5975 δυνάμεως.
3625 5907 3684 5958 ΟΞ

2117 5974 2226 6045 γὰρ
2253 5980 2491 6035 τοσαῦτα
2539 5979 2877 6048 δυνηθέντες,
2934 5984 3027 6037 καὶ
3079 5981 3247 6037 ἐθνῶν
3300 5985 3392 6039 καὶ
3415 5974 3690 6065 βασιλέων
