3832 6266
122 310 216 363 333
668 325 942 382 CONTRA
979 323 1256 383 JUDIEOS
1293 330 1381 386 ET
1417 331 1768 401 GENTILES,
1807 336 1992 404 QUOD
2028 339 2365 400 CHRISTUS
2402 345 2504 400 SIT
2545 347 2740 404 DEUS.

124 450 254 500 enim
279 441 708 497 commilitantem
737 442 853 510 ejus
878 444 1125 498 virtutem
1145 485 1160 509 ,
1184 446 1274 515 qui
1303 445 1434 500 dixit
1462 463 1476 500 :
1505 447 1674 517 Super

66 594 67 597 η
121 539 237 588 hanc
259 543 447 602 petram
467 530 725 602 adi/iwa
752 531 1030 588 Ecclesium
1052 551 1211 588 meam
1231 576 1247 600 ,
1274 544 1321 589 et
1346 547 1506 605 parte
1525 538 1674 609 inferi

121 644 210 678 non
233 620 560 688 prevalebunt
577 622 812 677 adversus
839 640 948 678 eam
971 623 1179 694 (Matth.
1202 624 1290 679 16.
1311 626 1423 696 l8).
1445 625 1672 682 Numera

119 720 238 783 quot
261 712 463 780 tyranni
487 712 554 767 ab
579 712 670 765 illo
695 721 934 782 tempore
959 713 1212 769 adversus
1237 715 1380 770 illam
1400 717 1669 774 instruxe-

124 815 233 860 runt
261 807 424 858 aciem
447 845 463 870 ,
493 813 621 874 quot
645 807 981 874 gravissimas
1009 809 1442 877 persequutiones
1469 812 1670 866 excita-

123 904 263 951 runt:
280 910 383 964 quo
405 896 454 949 in
476 907 614 950 statu
637 898 765 954 fides
788 899 944 954 fuerit
965 909 1074 954 toto
1099 901 1206 964 illo,
1230 902 1368 972 quod
1393 905 1664 972 prmteriit,

123 998 344 1054 tempore
367 1002 380 1038 :
403 987 612 1055 quando
636 1004 821 1044 recens
851 990 1080 1058 plantata
1107 999 1222 1047 erat
1243 1034 1258 1058 ,
1284 993 1496 1062 quando
1517 1003 1666 1052 tene-

122 1077 276 1133 riores
299 1086 449 1130 erant
476 1077 744 1133 hominum
777 1089 997 1136 mentes.

186 1169 265 1222 15.
290 1167 622 1238 Imperatores
644 1188 810 1226 omnes
829 1185 1002 1227 contra
1024 1173 1332 1230 Christianos
1353 1177 1534 1232 bellum
1554 1184 1666 1251 fru-

123 1268 216 1310 slra
230 1269 564 1326 susceperunt.
585 1290 657 1300 —
671 1260 909 1317 Gentiles
933 1277 1081 1319 erant
1107 1265 1474 1335 Imperatores,
1493 1269 1670 1339 Augu-

122 1361 238 1415 stus,
256 1347 514 1416 Tiberius,
533 1350 707 1417 Caius,
725 1353 885 1418 Nero,
903 1354 1276 1424 Vespasianus,
1297 1359 1463 1425 Titus,
1483 1369 1537 1414 et
1555 1370 1673 1430 post

121 1442 248 1494 illum
277 1456 460 1495 omnes
491 1457 654 1512 usque
679 1444 744 1497 ad
783 1452 991 1515 tempus
1027 1448 1167 1502 beati
1204 1446 1531 1505 ConStantini
1560 1453 1665 1507 lm-

122 1530 398 1600 peratoris;
425 1547 712 1602 omnesque
738 1534 833 1599 illi,
861 1537 947 1589 alii
973 1540 1166 1600 minus,
1194 1539 1280 1592 alii
1305 1541 1668 1596 vehementius

122 1622 393 1676 Ecclesiam
430 1625 834 1694 oppugnabant;
860 1629 1231 1698 oppugnabant
1260 1641 1433 1686 tamen
1459 1647 1666 1688 omnes.

119 1713 252 1777 Quod
279 1712 320 1766 si
349 1714 436 1782 qui
464 1728 647 1768 eorum
675 1716 771 1770 visi
803 1727 926 1772 sunt
953 1720 1131 1773 mitius
1159 1735 1333 1790 agere,
1368 1721 1470 1777 hoc
1497 1724 1668 1792 ipsum

121 1818 276 1860 'atucu
303 1807 440 1876 quod
470 1807 818 1877 Imperatores
852 1811 1022 1880 palam
1045 1813 1096 1866 in
1123 1813 1387 1882 impietate
1409 1815 1664 1883 viverent,

119 1897 316 1950 uniteria
339 1896 594 1952 bellorum
617 1908 749 1964 erat,
767 1915 887 1955 cum
908 1903 1018 1966 alii,
1037 1903 1124 1972 qui
1146 1904 1273 1972 ipsis
1291 1903 1664 1973 adulabantur,

117 1989 315 2054 gratiam
347 1987 558 2043 illorum
587 2000 860 2060 captantes
886 1993 1132 2048 Ecclesiae
1162 1993 1355 2048 bellum
1387 1995 1665 2050 inferrent.

117 2084 345 2134 Attamen
380 2097 566 2136 omnes
593 2082 894 2151 hujusmodi
919 2085 1124 2139 insidia:
1152 2095 1307 2156 atque
1332 2088 1574 2141 incursus
1595 2089 1669 2141 fa-

116 2173 253 2224 cilius
287 2187 442 2241 quam
483 2188 690 2228 aranea:
731 2175 834 2230 tela
867 2176 1105 2245 dissipati
1139 2188 1293 2244 sunt,
1321 2181 1474 2234 citius
1511 2196 1666 2249 quam

117 2263 272 2316 I'tnnus
299 2264 458 2317 soluti
488 2273 630 2331 sunt,
666 2267 903 2322 velocius
934 2284 1090 2338 quam
1121 2271 1288 2339 pulvis
1325 2273 1666 2328 transierunt.

115 2353 230 2405 Nam
267 2369 385 2407 cum
427 2355 629 2410 insidiis
670 2358 778 2413 suis
817 2359 1070 2428 majorem
1110 2372 1400 2433 martyrum
1445 2366 1666 2421 chorum

113 2445 387 2512 etlecerint,
411 2448 845 2520 immortalesque
870 2451 988 2506 illos
1011 2451 1260 2508 Ecclesia:
1287 2455 1559 2511 thesauros
1585 2474 1667 2512 re-

115 2537 378 2604 liquerint,
410 2540 684 2595 columnas
727 2551 884 2612 atque
924 2551 1097 2598 turres
1121 2584 1137 2610 ,
1172 2545 1246 2600 illi
1289 2563 1392 2600 non
1433 2548 1668 2603 viventes

115 2629 288 2692 modo,
317 2629 412 2683 sed
451 2630 611 2685 etiam
652 2635 882 2700 mortui,
914 2635 1139 2704 posteris
1181 2651 1384 2706 magna:
1422 2640 1660 2694 utilitatis

114 2722 311 2773 materia
343 2720 463 2775 facti
488 2733 630 2776 sunt.
666 2724 889 2778 Videsne
917 2727 1018 2779 vim
1053 2727 1443 2794 praedictionis?
1465 2728 1529 2781 Et
1551 2746 1667 2798 por-

114 2820 169 2860 tw
193 2812 331 2880 inferi
359 2829 459 2865 non
487 2815 816 2882 prwvalebunt
844 2818 1079 2871 adversus
1107 2835 1237 2872 eam.
1264 2819 1344 2874 Ab
1373 2819 1458 2875 his
1486 2820 1552 2875 de
1582 2822 1663 2874 fu-

114 2904 230 2956 turis
253 2905 430 2969 crede,
463 2907 658 2960 nullum
691 2909 801 2963 fore
826 2910 912 2978 qui
939 2909 1179 2964 obsistat.
1203 2910 1257 2966 Si
1285 2913 1425 2966 enim
1451 2927 1569 2966 cum
1600 2928 1664 2967 ex

113 2998 276 3064 paucis
303 3007 574 3052 constaret
598 3040 614 3066 ,
645 3015 763 3053 cum
796 3016 929 3054 nova
956 3016 1042 3055 res
1069 3017 1188 3057 esse
1214 3002 1480 3058 videretur
1501 3047 1516 3069 ,
1544 3020 1663 3058 cum

112 3102 261 3154 nuper
284 3088 513 3157 plantata
534 3090 767 3144 doctrina
792 3100 952 3156 esset,
976 3108 1097 3147 cum
1125 3102 1202 3147 tot
1225 3093 1361 3148 bella
1385 3094 1657 3159 instarent,

112 3188 178 3230 tot
203 3178 429 3249 undique
464 3184 744 3236 commissa
772 3184 950 3252 prrelia
985 3183 1115 3237 nihil
1143 3192 1463 3254 potuerunt,
1494 3201 1664 3254 neque

111 3271 514 3336 praevaluerunt;
556 3284 753 3343 quanto
804 3274 970 3344 magis
1015 3289 1154 3331 nunc
1199 3290 1320 3329 cum
1363 3275 1661 3331 universam

111 3370 282 3415 terram
311 3372 570 3432 occupat,
602 3380 918 3434 omnemque
957 3365 1152 3430 locum,
1178 3375 1388 3423 montes
1407 3409 1424 3435 ,
1455 3369 1618 3423 saltus
1645 3411 1658 3433 ,

107 3454 286 3519 colles;
323 3457 520 3509 etenim
558 3466 615 3511 et
653 3459 818 3511 maria
855 3467 908 3512 et
948 3469 1133 3528 gentes
1169 3460 1267 3515 sub
1307 3461 1421 3516 sole
1460 3463 1659 3531 positas

107 3557 273 3596 omnes
305 3545 683 3613 apprehendit;
714 3563 835 3602 cum
875 3549 1116 3618 impietas
1155 3551 1294 3620 apud
1331 3567 1524 3621 paucos
1551 3553 1658 3622 jatn

89 3633 358 3699 obtineat,
403 3644 561 3706 atque
603 3653 744 3704 arce,
787 3641 1016 3710 templa,
1058 3641 1194 3696 idola
1236 3645 1410 3697 omnia
1454 3645 1656 3699 sublata

105 3722 300 3788 fuerint,
332 3725 465 3782 festa
491 3729 636 3794 item,
668 3730 1018 3798 initiationes,
1051 3732 1244 3799 fumus,
1277 3736 1429 3789 nidor
1453 3745 1504 3790 et
1533 3753 1657 3805 pro-

105 3815 224 3872 fante
250 3821 550 3875 conciones.
595 3823 868 3889 Quomodo
900 3825 1058 3894 igitur
1087 3827 1206 3880 talis
1245 3838 1492 3897 tantaque
1532 3845 1617 3882 res
1641 3869 1656 3894 ,

105 3915 173 3960 tot
194 3909 378 3964 oblatis
410 3911 801 3980 impedimentis
825 3954 840 3980 ,
874 3924 979 3968 tam
1005 3917 1346 3986 conspicuum
1373 3918 1529 3973 finem
1561 3919 1655 3974 ha-

104 3996 278 4063 buerit,
299 4010 352 4054 et
377 4001 577 4055 exitum
605 4003 808 4058 veritati
840 4004 997 4060 fidem
1024 4005 1323 4071 facientem,
1348 4009 1445 4061 nisi
1471 4009 1650 4063 divina

103 4091 321 4157 quatdam
349 4103 405 4148 et
434 4094 625 4149 invicta
655 4097 820 4150 virtus
844 4106 985 4152 esset
1007 4097 1142 4166 ejus,
1167 4099 1256 4168 qui
1284 4101 1396 4153 tunc
1418 4102 1657 4169 prazdixit

102 4190 147 4232 et
175 4184 420 4250 perfecit?
450 4185 615 4240 Nemo
644 4201 772 4242 sane
801 4187 880 4241 his
908 4189 1305 4255 contradixerit,
1338 4193 1438 4246 nisi
1467 4193 1646 4246 admo-

101 4271 211 4325 dum
241 4275 496 4341 insaniat,
531 4292 593 4331 ac
619 4290 794 4334 mente
841 4289 1025 4349 captus
1059 4281 1147 4337 sit.
1183 4281 1364 4352 Neque
1399 4284 1510 4338 haec
1539 4293 1652 4340 tan-

104 4372 199 4418 tum
222 4407 236 4430 ,
263 4367 356 4421 sed
385 4369 546 4422 etiam
577 4370 678 4423 alia
707 4371 951 4427 vaticinia
979 4372 1093 4440 ejus
1129 4373 1373 4427 invictam
1405 4375 1653 4430 virtutem

103 4461 459 4522 pnenuntiant.
490 4460 617 4514 Nam
643 4477 762 4517 cum
789 4463 934 4518 omni
956 4465 1175 4520 veritate
1203 4465 1372 4518 futura
1395 4469 1653 4535 prmdixit,

103 4560 146 4601 et
181 4550 241 4603 ad
283 4552 442 4607 linem
473 4553 732 4619 deduxit,
765 4570 937 4625 neque
968 4557 1077 4611 fieri
1107 4566 1280 4627 potest
1306 4567 1362 4612 ut
1389 4559 1653 4629 quidpiam

99 4657 154 4692 ex
194 4642 343 4698 dictis
391 4644 508 4714 ejus
547 4646 772 4701 excidat.
822 4648 933 4702 lmo
970 4649 1125 4703 citius
1163 4651 1352 4718 peribit
1388 4653 1574 4705 caslum
1604 4662 1657 4707 et

102 4739 245 4798 terra,
264 4749 420 4804 quam
447 4736 657 4806 aliquod
685 4740 964 4792 verborum
993 4742 1086 4793 aut
1113 4741 1503 4810 prmdictionum
1533 4744 1648 4812 ejus

99 4823 203 4882 falsi
231 4835 500 4895 arguatur.
530 4829 679 4895 Quod
711 4830 880 4899 ipsum
922 4831 1010 4885 ille
1038 4841 1159 4886 ante
1198 4848 1371 4886 rerum
1410 4842 1654 4887 eventum

97 4928 366 4982 enuntians
386 4969 402 4993 ,
435 4929 512 4983 sic
555 4929 698 4984 clare
726 4929 794 4984 de
822 4931 995 4984 verbis
1023 4931 1133 4986 suis
1168 4932 1398 5001 loquitur
1424 4951 1436 4985 :
1465 4932 1656 4987 Cazlum

98 5027 139 5071 et
171 5029 298 5074 terra
340 5022 654 5086 transibunt,
691 5022 836 5076 verba
879 5031 1044 5075 autem
1083 5039 1194 5075 mea
1235 5040 1335 5076 non
1377 5026 1656 5079 transibunt

99 5112 114 5177 (
137 5109 308 5164 Matth.
337 5111 429 5166 24.
457 5111 581 5184 55).
609 5111 910 5181 quuejure
935 5112 1122 5166 merito
1149 5130 1164 5168 :
1192 5129 1294 5167 non
1323 5114 1464 5168 enim
1494 5116 1654 5170 verba

99 5212 284 5260 tantum
315 5214 461 5272 sunt,
492 5205 584 5260 sed
618 5206 705 5260 Dei
737 5205 894 5260 verba
913 5245 928 5270 ,
961 5220 1056 5274 per
1082 5220 1198 5274 qua:
1225 5219 1310 5260 res
1338 5205 1651 5261 conduntur.

97 5293 175 5348 Sic
199 5297 385 5351 malum
413 5295 557 5362 fecit,
589 5297 667 5352 sic
686 5306 903 5361 terram,
933 5311 1099 5362 mare,
1125 5296 1311 5361 solem,
1342 5298 1418 5352 sic
1443 5300 1654 5368 angelo-

98 5403 201 5440 rum
228 5389 442 5455 choros,
475 5390 550 5445 sic
576 5389 708 5443 alias
736 5387 1023 5444 invisibiles
1049 5389 1288 5452 virtutes,
1315 5390 1452 5459 quod
1479 5390 1654 5445 decla-

97 5495 208 5533 rans
234 5484 494 5552 prOpheta
523 5481 731 5536 dicebat
757 5497 770 5534 :
801 5479 921 5551 Ipse
948 5479 1096 5549 dixit,
1126 5490 1174 5535 et
1201 5485 1339 5552 facta
1365 5491 1518 5546 sunt;
1549 5483 1654 5551 ipse

97 5574 358 5640 mandavit,
381 5583 430 5627 et
455 5583 619 5627 creata
643 5582 754 5626 sunt
778 5570 944 5642 (Psal.
972 5571 1095 5627 148.
1121 5572 1174 5641 5)
1204 5589 1217 5627 :
1241 5571 1308 5626 de
1331 5573 1475 5627 omni
1497 5571 1649 5626 simul

78 5660 342 5736 [creatum
360 5675 474 5720 tum
496 5680 743 5736 superna,
767 5675 876 5719 tum
897 5663 1032 5720 infra
1045 5664 1233 5735 posita,
1259 5673 1366 5719 tum
1390 5663 1648 5730 sensibili,

77 5720 90 5787 ἶ
105 5757 557 5813 tutnintellectnali
579 5797 596 5825 ,
621 5765 730 5812 tum
759 5769 1011 5827 corporea
1030 5797 1047 5824 ,
1075 5765 1182 5812 tum
1215 5756 1520 5828 incorporea
1540 5797 1557 5824 ,
1587 5770 1646 5811 ea

3241 349 3350 406 856

1783 453 2148 520 pronuntians.
2172 455 2299 511 Illud
2322 459 2479 528 igitur
2495 461 2564 518 de
2585 463 2817 520 Ecclesia
2841 466 3142 524 vaticinium
3165 480 3345 526 osten-

1777 543 1872 607 dit,
1893 552 1947 596 ut
1970 558 2126 613 supra
2155 545 2286 613 dixi,
2310 549 2566 615 veritatis,
2597 555 2961 626 providentiae,
2987 557 3237 615 bonitatis
3255 577 3352 616 cu-

1778 647 1956 702 neque
1978 633 2092 703 ejus
2115 637 2526 706 magnitudinem
2555 651 2610 697 et
2636 647 3030 702 excellentiam.

1849 722 1935 777 16.
1975 726 2088 793 Age
2123 741 2250 796 ergo
2287 736 2342 782 et
2381 729 2536 784 aliam
2577 735 2972 803 praedictionem
3015 747 3302 798 tractemus
3326 782 3344 808 ,

1777 827 1895 882 qua:
1920 816 2031 869 sole
2061 816 2130 870 sit
2154 817 2367 884 clarior,
2396 821 2661 892 radiisque
2684 826 2799 894 ejus
2823 828 3168 898 Splendidior,
3199 848 3346 902 quaa-

1776 919 1879 974 que
1906 914 2028 961 ante
2055 909 2291 964 omnium
2321 913 2506 967 oculos
2534 915 2634 970 sita
2655 957 2669 980 ,
2699 919 2764 971 ad
2802 933 2987 974 omnes
3016 921 3219 978 futuras
3247 941 3342 994 ge-

1777 997 2076 1051 nerationes
2100 1001 2430 1068 extendatur,
2458 1004 2594 1059 sicut
2619 1016 2672 1060 et
2698 1009 2858 1075 prior.
2885 1009 3031 1065 Talia
3052 1013 3192 1067 enim
3217 1029 3342 1069 sunt

1775 1085 2025 1156 pleraque
2049 1089 2164 1158 ejus
2185 1093 2426 1147 vaticinia
2457 1111 2469 1146 :
2494 1111 2598 1150 non
2621 1097 2772 1151 brevi
2799 1109 3036 1169 tempore
3058 1107 3344 1158 terminan-

1775 1182 1860 1227 tur
1879 1217 1894 1240 ,
1924 1192 2093 1246 neque
2129 1180 2180 1232 in
2213 1197 2312 1234 una
2341 1185 2681 1252 generatione
2706 1188 3074 1257 complentur;
3103 1192 3196 1246 sed
3225 1208 3344 1247 Olll-

1776 1265 1932 1320 nibus
1961 1267 2294 1336 hominibus,
2325 1283 2432 1327 tum
2464 1275 2793 1344 viventibus,
2825 1290 2935 1334 tum
2967 1297 3090 1336 mox
3120 1283 3342 1352 futuris,

1777 1363 1888 1409 tum
1927 1361 2266 1427 sequentibus
2291 1404 2306 1428 ,
2338 1373 2392 1417 et
2419 1365 2507 1434 qui
2545 1382 2711 1436 usque
2739 1371 2803 1423 ad
2835 1373 3343 1429 consummationem

1775 1458 1950 1513 erunt,
1977 1451 2212 1506 veritatis
2231 1469 2338 1508 sua:
2360 1457 2596 1512 notitiam
2621 1461 2875 1528 praebent,
2899 1464 3342 1533 quemadmodum

1774 1547 1830 1592 et
1857 1543 2001 1609 prius
2030 1545 2350 1599 vaticinium.
2378 1547 2510 1603 Nam
2537 1565 2567 1603 a
2595 1567 2698 1619 qua
2729 1552 2815 1608 die
2839 1554 3037 1609 dictum
3064 1565 3147 1611 est
3176 1572 3345 1625 υειμιθ

1774 1628 1841 1682 ad
1868 1635 2377 1690 consummationem
2405 1640 2582 1694 steculi
2610 1641 2759 1696 ﬁrma
2782 1643 3102 1716 immotaque
3126 1650 3342 1714 mansit,

1774 1720 1989 1784 florens.
2009 1724 2231 1794 fulgens,
2252 1728 2302 1782 in
2323 1729 2438 1784 dies
2456 1746 2720 1798 crescens,
2735 1735 2853 1804 plus
2873 1737 3078 1792 roboris
3099 1753 3341 1805 sumens,

1774 1819 1827 1864 et
1852 1815 2094 1868 omnibus
2118 1818 2205 1885 qui
2234 1819 2302 1872 ab
2328 1819 2418 1873 illo
2438 1820 2524 1876 die
2545 1836 2709 1893 uSque
2733 1825 2798 1878 ad
2829 1827 3032 1880 Domini
3055 1829 3338 1883 adventum

1775 1900 1930 1956 futuri
1979 1915 2102 1959 sunt
2146 1919 2404 1976 praestans
2428 1952 2443 1978 ,
2475 1922 2530 1966 ut
2567 1916 2824 1970 maximos
2856 1918 2976 1972 inde
3013 1920 3248 1983 fructus,
3288 1931 3344 1977 et

1774 1991 2091 2049 inelTabilem
2133 1998 2406 2054 utilitatem
2437 2003 2666 2071 capiant.
2693 2005 2821 2059 Nam
2848 2009 2935 2076 qui
2965 2019 3086 2064 ante
3128 2026 3224 2064 nos
3244 2053 3258 2076 ,
3289 2022 3344 2067 et

1772 2085 1859 2150 qui
1891 2095 2014 2139 ante
2041 2088 2158 2142 illos
2180 2130 2196 2156 ,
2227 2102 2281 2145 et
2309 2093 2397 2162 qui
2428 2094 2582 2163 longe
2611 2100 2850 2166 superius
2877 2101 3020 2154 fuere
3040 2141 3055 2166 ,
3085 2103 3202 2171 ejus
3230 2105 3340 2158 vir-

1775 2183 1938 2227 tutem
1965 2191 2346 2247 cognoverunt,
2370 2183 2505 2237 bella
2535 2185 2774 2241 videntes
2803 2189 2853 2242 in
2878 2205 2993 2243 eam
3022 2191 3339 2260 ingruentia,

1774 2265 2004 2331 pericula
2024 2307 2038 2332 ,
2068 2269 2318 2326 tumultus
2338 2312 2353 2337 ,
2385 2275 2636 2342 strepitus
2657 2316 2671 2340 ,
2698 2276 2887 2332 fluctus
2911 2319 2925 2344 ,
2955 2289 3296 2350 tempestates
3326 2301 3339 2337 :

1774 2355 1938 2424 ipsam
1977 2373 2103 2412 vero
2132 2376 2302 2429 neque
2330 2364 2407 2418 sic
2435 2367 2723 2437 submergi,
2754 2369 2912 2432 vinci,
2943 2373 3216 2440 superari,
3247 2383 3341 2429 aut

1771 2448 2066 2517 exstingui;
2096 2451 2189 2504 sed
2227 2451 2418 2509 ﬂorere
2438 2496 2453 2520 ,
2484 2471 2724 2513 crescere
2746 2499 2762 2526 ,
2791 2460 2856 2514 ad
2889 2463 3142 2531 majorem
3171 2463 3340 2518 subli-

1773 2540 2004 2594 mitatem
2032 2544 2180 2613 erigi.
2209 2545 2273 2598 Et
2299 2545 2401 2601 hoc
2420 2549 2743 2612 vaticinium,
2768 2552 2908 2620 quod
2935 2569 3076 2609 nunc
3099 2555 3340 2612 dicturus

1771 2647 1906 2691 sunt,
1933 2633 2176 2687 idoneum
2204 2644 2285 2688 est
2310 2638 2372 2690 ad
2401 2637 2658 2694 dictorum
2681 2641 2786 2695 vim
2813 2651 2866 2696 et
2891 2645 3164 2700 veritatem
3192 2662 3340 2701 com-

1772 2724 2187 2779 tnonstrandam.
2225 2727 2498 2794 Quodnam
2540 2741 2622 2784 est
2659 2732 2787 2787 illud
2831 2736 3172 2791 vaticinium?
3207 2741 3338 2796 Cum

1771 2816 2037 2886 ingressus
2065 2822 2346 2884 aliquando
2371 2823 2589 2880 essetin
2617 2829 2866 2898 templum
2893 2830 3187 2899 Judaicum,
3212 2843 3339 2890 tunc

1768 2909 1982 2976 ﬂorens,
2009 2925 2144 2968 auro
2163 2915 2396 2985 fulgens,
2417 2930 2631 2975 necnon
2654 2918 3046 2988 pulchritudine
3075 2927 3338 2995 magnitu-

1768 3000 1994 3071 dineque
2033 3004 2374 3060 :edificiorum
2397 3048 2413 3074 ,
2449 3008 2548 3063 alia
2589 3025 2798 3079 quoque
2838 3014 3146 3068 instructum
3191 3019 3334 3072 omni

1766 3090 1973 3144 artiﬁcii
2004 3095 2346 3165 materiteque
2371 3099 2623 3152 varietate
2642 3141 2658 3165 ,
2685 3101 2997 3157 mirantibus
3025 3104 3296 3174 discipulis
3317 3148 3333 3171 ,
3359 3124 3362 3132 ·

1765 3180 1889 3250 quid
1917 3181 2082 3236 dixit?
2103 3182 2287 3238 Nonne
2309 3186 2481 3240 videtis
2498 3190 2603 3241 haec
2627 3190 2796 3242 omnia
2813 3190 2838 3242 ?
2860 3193 3017 3245 Amen
3042 3193 3153 3246 dico
3175 3197 3339 3262 vobis,

1766 3287 1865 3324 non
1891 3275 2108 3327 manebit
2133 3276 2262 3343 lapis
2288 3292 2440 3346 super
2462 3278 2683 3345 lapidem
2708 3281 2726 3346 (
2749 3280 2936 3334 Matth.
2964 3271 3052 3336 94.
3081 3282 3116 3335 2
3136 3281 3154 3352 )
3171 3323 3187 3347 ,
3217 3286 3339 3356 ejus

1765 3361 2177 3421 destructionem
2205 3365 2432 3422 futuram
2457 3368 2731 3425 declarans
2751 3413 2764 3434 ,
2793 3372 3174 3427 desolationem
3194 3415 3210 3438 ,
3238 3391 3334 3427 va-

1763 3455 1994 3510 stitatem
2014 3496 2030 3520 ,
2059 3457 2296 3525 ruinam,
2328 3473 2446 3528 quae
2472 3475 2610 3514 nunc
2633 3460 2977 3532 Jerosolymis
3006 3473 3087 3517 est
3114 3480 3127 3516 :
3156 3465 3332 3519 omnia

1763 3546 1902 3600 enim
1933 3546 2150 3601 aedificia
2181 3549 2264 3603 illa
2297 3553 2551 3619 prteclara
2580 3555 2968 3624 conspicuaque
2991 3556 3162 3610 diruta
3187 3567 3331 3611 sunt.

1769 3635 1923 3690 Vides
1953 3637 2004 3691 in
2041 3649 2266 3709 utroque
2293 3657 2534 3711 magnam
2571 3654 2624 3698 et
2653 3644 2967 3699 ineffabilem
2998 3646 3115 3716 ejus
3140 3659 3326 3716 poten-

1765 3727 1910 3793 tiam,
1942 3727 1993 3782 in
2019 3744 2084 3782 eo
2109 3731 2248 3799 quod
2282 3745 2340 3786 se
2377 3733 2614 3788 colentes
2645 3735 2985 3790 tedificaverit
3021 3747 3074 3792 et
3107 3740 3332 3805 auxerit,

1761 3826 1814 3869 et
1841 3818 1890 3870 in
1917 3833 1982 3871 eo
2005 3819 2144 3887 quod
2166 3821 2407 3876 inimicos
2431 3839 2556 3878 suos
2582 3825 2932 3881 humiliaverit
2949 3869 2964 3892 ,
2989 3828 3329 3895 destruxerit,

1762 3908 2116 3979 radicitusque
2153 3913 2461 3968 sustulerit?
2500 3915 2769 3986 Nusquam
2809 3920 2951 3972 enim
2997 3919 3118 3974 huic
3158 3921 3331 3976 simile

1763 3999 2012 4066 templum
2042 4009 2158 4053 erat
2187 4010 2292 4055 tam
2319 4003 2529 4058 celebre
2551 4045 2568 4070 ,
2601 4015 2746 4060 tanto
2773 4008 2913 4061 cultu
2945 4009 3168 4078 insigne.
3199 4010 3329 4064 Nam

1760 4097 2016 4158 quotquot
2044 4091 2236 4161 ubique
2262 4108 2356 4162 per
2385 4095 2566 4149 orbem
2592 4106 2742 4150 erant
2768 4097 2967 4162 Judzei,
2994 4099 3152 4154 etiam
3180 4116 3231 4154 ιη
3265 4107 3325 4153 ti-

1761 4182 1914 4236 nihus
1954 4192 2108 4238 terra:
2137 4185 2314 4252 positi,
2343 4175 2476 4241 istuc
2500 4188 2624 4242 olim
2654 4189 3141 4258 proficiscebantur,
3163 4191 3326 4257 dona,

1761 4274 1980 4341 hostias,
2011 4275 2305 4332 oblationes
2323 4318 2340 4344 ,
2367 4279 2624 4347 primitias
2653 4289 2706 4334 et
2736 4282 2900 4336 multa
2927 4284 3024 4337 alia
3054 4282 3285 4338 ferentes
3309 4325 3324 4348 ,

1760 4365 2011 4435 orbisque
2047 4366 2244 4422 divitiis
2282 4370 2531 4436 templum
2571 4370 2915 4436 decorantes,
2946 4388 3236 4444 omnesque
3262 4389 3328 4428 eo

1763 4455 1990 4524 undique
2015 4458 2352 4513 confluebant
2380 4459 2546 4514 Judaei
2575 4459 2811 4515 advenas.
2839 4462 3056 4516 Multum
3085 4472 3200 4517 erat
3226 4463 3328 4517 loci

1762 4562 1974 4613 nomen,
2005 4555 2059 4600 et
2094 4563 2259 4618 usque
2296 4549 2361 4604 ad
2398 4561 2638 4604 estrema
2674 4551 2818 4605 orbis
2855 4560 3184 4620 pervenerat.
3224 4550 3328 4607 Sed

1763 4655 1921 4692 unutn
1951 4639 2146 4694 Christi
2183 4642 2398 4696 verbum
2438 4643 2521 4696 illa
2559 4643 2733 4697 omnia
2764 4643 2957 4697 delevit
2980 4653 3034 4698 et
3059 4643 3283 4714 perdidit
3307 4684 3326 4710 ,

1759 4747 1821 4785 ac
1855 4741 2119 4802 tamquam
2151 4735 2420 4803 pulverem
2461 4735 2526 4790 de
2563 4735 2736 4788 medio
2771 4737 2998 4789 sustulit.
3028 4738 3104 4791 Ac
3131 4753 3236 4806 quo
3263 4754 3330 4792 ne

1758 4823 1954 4878 Jndteis
1973 4824 2181 4892 quidem
2200 4826 2462 4889 omnibus,
2484 4827 2587 4879 itno
2603 4841 2700 4880 nec
2719 4825 3100 4892 sacerdotibus,
3119 4827 3212 4882 sed
3230 4830 3325 4880 soli

1759 4929 1966 4968 summo
1989 4916 2247 4971 sacerdoti
2275 4918 2471 4987 ingredi
2502 4917 2711 4983 licebat,
2737 4917 2893 4987 idque
2922 4918 3084 4972 semel
3111 4918 3162 4971 in
3188 4933 3330 4971 anno

1761 5014 1960 5060 tantum
1984 5049 1999 5073 ,
2028 5023 2148 5061 cum
2181 5009 2314 5063 stola
2339 5049 2354 5074 ,
2386 5009 2596 5063 coronis
2633 5017 2688 5062 et
2722 5009 2876 5062 mitra
2895 5049 2911 5073 ,
2941 5009 3149 5078 alioque
3176 5025 3328 5063 sacro

1762 5098 2106 5163 vestimento;
2141 5113 2279 5152 nunc
2305 5107 2357 5151 et
2382 5099 2590 5162 scortis,
2619 5105 2671 5151 et
2698 5098 2948 5151 mollibus
2974 5108 3027 5152 et
3049 5099 3328 5152 ellemina-

1760 5189 1826 5242 tis
1854 5198 1907 5243 et
1930 5190 2149 5244 moechis
2171 5199 2316 5260 patet
2335 5190 2506 5244 aditus
2531 5191 2737 5244 nemine
2763 5190 3092 5259 prohibente.
3117 5190 3245 5244 Nam
3273 5202 3330 5245 ut

1761 5282 1979 5336 verbum
2011 5281 2134 5336 illud
2165 5281 2395 5346 advenit,
2426 5281 2601 5336 omnia
2630 5282 2824 5336 delevit
2851 5291 2904 5337 et
2929 5283 3137 5337 sustulit
3170 5301 3182 5335 :
3210 5294 3324 5336 tan-

1759 5381 1975 5441 tumque
2017 5371 2085 5426 de
2129 5373 2324 5442 templo
2366 5381 2643 5440 superest,
2689 5379 2940 5440 quantum
2977 5374 3105 5428 satis
3146 5382 3227 5428 est
3271 5383 3327 5428 ut

1758 5465 2086 5527 ostendatur,
2113 5463 2327 5518 ubinam
2356 5464 2605 5533 templum
2635 5465 2760 5518 olim
2790 5474 2951 5519 esset.

1825 5557 1992 5614 λιιάωὶ
2005 5560 2241 5630 templum
2251 5567 2529 5612 restaurare
2542 5571 2639 5609 non
2652 5555 3186 5626 potuerunl.—Cogita
3201 5572 3329 5625 ergo

1757 5665 1967 5722 quanta:
2004 5663 2056 5708 et
2083 5653 2184 5706 hoc
2219 5651 2289 5705 sit
2327 5652 2552 5704 virtutis.
2585 5650 2790 5705 Etenim
2817 5650 2904 5718 qui
2933 5649 3060 5704 olim
3087 5658 3194 5702 tatu
3229 5666 3321 5714 po-

1761 5757 1931 5800 tentes
1956 5753 2127 5812 erant,
2154 5744 2240 5816 qui
2270 5752 2452 5814 gentes
2476 5753 2529 5798 et
2556 5756 2708 5812 reges
2723 5738 3071 5812 superabant,
3087 5738 3177 5808 qui
3192 5738 3314 5791 abs-
