3920 6258
480 348 591 404 855

488 474 593 526 que
617 458 871 529 sanguine
899 457 1209 527 plerumque
1239 458 1545 526 vincebant,
1577 468 1879 531 tropzeaque
1904 461 2062 515 innu-

490 564 634 604 mera
660 564 791 605 nova
815 557 869 604 et
887 548 1215 603 admirabilia
1235 548 1529 617 erigebant,
1555 550 1607 605 hi
1629 551 1879 621 templum
1904 565 2066 606 unum

491 642 558 691 ab
582 639 674 693 illo
698 654 863 708 usque
893 639 958 693 ad
987 638 1087 692 hoc
1111 648 1317 709 tempus
1343 640 1606 693 aedificare
1630 656 1734 695 non
1760 649 2065 711 potuerunt.

492 729 743 795 Quamvis
772 738 850 782 tot
876 743 1027 798 reges
1054 728 1245 784 fuerint
1271 731 1359 799 qui
1391 730 1492 785 illis
1519 745 1673 801 opem
1704 731 1922 795 ferrent,
1954 740 2070 785 tan-

494 831 649 888 taque
670 819 950 873 multitudo
973 836 1068 888 per
1088 820 1272 875 orbem
1294 820 1501 885 dilfusa,
1526 828 1704 891 totque
1726 823 2068 890 pecuniarum

493 927 623 980 opes
650 911 920 965 adessent.
958 912 1143 966 Viden‘
1178 913 1444 980 quomodo
1484 928 1600 982 qua:
1635 914 1723 967 ille
1751 912 2067 977 aedificavit,

496 1017 653 1057 nemo
672 1002 953 1067 destruxit,
974 1014 1027 1057 et
1045 1020 1161 1073 qua:
1183 1005 1270 1059 ille
1289 1004 1567 1067 destruxit,
1587 1020 1744 1058 nemo
1760 1005 2071 1060 :ediﬁcavit?

491 1093 798 1148 Edilicavit
818 1095 1107 1149 Ecclesiam
1119 1136 1133 1159 ,
1150 1103 1204 1149 et
1224 1110 1381 1150 nemo
1402 1097 1565 1164 ipsam
1587 1096 1859 1150 destruere
1875 1097 2068 1166 possit;

495 1185 758 1239 destruxit
787 1186 1039 1254 templum
1063 1226 1078 1251 ,
1108 1196 1161 1240 et
1189 1202 1346 1240 nemo
1372 1187 1543 1256 ipsum
1570 1195 1872 1244 restaurare
1900 1189 2069 1254 valet,

499 1273 657 1342 idque
684 1283 787 1328 tam
815 1275 1066 1330 diuturno
1090 1284 1326 1345 tempore
1355 1293 1369 1329 :
1396 1276 1636 1346 quamvis
1666 1278 1808 1333 illam
1833 1279 2074 1333 destrue-

501 1380 559 1417 re
588 1367 927 1431 tentaverint,
961 1383 1064 1421 non
1093 1378 1309 1436 potuere
1341 1377 1551 1429 tamen;
1582 1369 1821 1438 quamvis
1848 1369 1949 1425 hoc
1975 1368 2072 1424 de-

501 1470 609 1509 nuo
633 1457 865 1511 excitare
892 1461 1063 1511 conati
1090 1463 1216 1521 sint,
1244 1459 1294 1513 id
1326 1458 1519 1513 frustra
1549 1461 1712 1515 moliti
1740 1470 1882 1515 sunt.

566 1544 806 1601 Julianus
859 1547 1102 1615 Aposlata
1150 1550 1203 1601 id
1250 1552 1439 1619 frustra
1479 1554 1701 1605 tentavit.
1731 1579 1798 1592 --
1851 1552 1904 1606 Id
1948 1567 2077 1607 vero

500 1639 814 1707 permissum
844 1639 940 1692 fuit
981 1654 1048 1694 ne
1072 1640 1161 1709 qui
1199 1639 1438 1707 diceret,
1460 1642 1502 1696 si
1534 1642 1585 1695 id
1618 1652 1872 1698 tentatum
1903 1654 2074 1710 esset,

502 1730 615 1785 ficri
658 1740 928 1800 potuisse:
960 1747 1086 1787 ecce
1130 1742 1495 1800 tentaverunt,
1539 1743 1593 1788 et
1638 1750 1741 1789 non
1772 1744 2076 1804 potuemnt.

501 1819 630 1875 Nam
672 1830 828 1875 amite
872 1831 1053 1877 nostra
1084 1821 1410 1892 Imperator,
1447 1823 1537 1892 qui
1578 1838 1764 1880 omnes
1811 1825 2079 1895 impietate

500 1914 805 1981 superabat,
861 1922 911 1967 et
960 1912 1263 1968 facultatem
1308 1924 1432 1968 tunc
1472 1914 1617 1968 dedit
1657 1926 1712 1969 et
1765 1924 2080 1985 cooperatus

503 2012 607 2056 est.
656 2002 801 2072 Opus
844 2000 1092 2073 incepere
1117 2045 1131 2065 ,
1162 2018 1225 2058 ac
1266 2019 1335 2058 ne
1371 2004 1455 2057 vel
1482 2005 1757 2059 minimum
1798 2006 1929 2058 ultra
1957 2019 2081 2074 pro-

502 2093 650 2160 gredi
705 2104 962 2162 puluere;
991 2094 1084 2148 sed
1124 2094 1260 2165 ignis
1305 2109 1336 2148 a
1387 2093 1743 2149 fundamentis
1784 2095 2033 2150 exsiliens
2059 2134 2075 2160 ,

503 2198 689 2239 omnes
717 2183 935 2253 fugavit.
961 2185 1112 2251 Quod
1152 2192 1329 2239 autem
1355 2184 1651 2253 voluerint,
1696 2187 1795 2240 hoc
1832 2184 2078 2240 indicium

503 2283 623 2341 est,
667 2275 807 2344 quod
854 2274 1112 2330 hactenus
1140 2274 1481 2331 fundamenta
1528 2277 1722 2331 nudata
1770 2285 2075 2347 appareant,

504 2374 563 2417 ut
591 2364 769 2419 videas
789 2365 932 2434 ipsos
951 2366 1162 2436 quidem
1187 2364 1373 2421 fodere
1396 2367 1625 2436 coepisse
1645 2408 1662 2431 ,
1691 2366 1783 2421 sed
1817 2367 2080 2421 aedificare

503 2472 610 2510 non
640 2458 872 2526 potuisse
894 2497 909 2522 ,
958 2458 1248 2513 obsistente
1287 2458 1484 2513 Christi
1510 2459 1794 2513 sententia.
1825 2457 2077 2524 Quamvis

501 2560 681 2601 autem
706 2548 813 2616 jam
859 2549 984 2602 olim
1034 2549 1360 2604 destructum
1407 2549 1593 2605 fuisset
1632 2551 1733 2604 hoc
1784 2551 2075 2619 templum,

501 2647 561 2691 at
590 2639 652 2691 iis
695 2648 812 2707 post
851 2654 1019 2694 annos
1046 2642 1375 2711 septuaginta
1406 2641 1635 2696 reversis
1662 2681 1680 2707 ,
1728 2642 1901 2695 statim
1945 2642 2082 2695 exci-

500 2736 672 2783 tatum
718 2738 843 2795 est,
893 2738 954 2785 et
1001 2732 1180 2800 priore
1225 2732 1555 2799 splendidius
1602 2732 1716 2785 luit.
1748 2732 1899 2799 Quod
1950 2747 2080 2786 sane

500 2821 779 2888 propheta:
826 2820 1107 2883 dixerant,
1146 2830 1199 2875 et
1249 2810 1532 2891 antequam
1581 2822 2079 2891 ﬁeretprwnuntia-

500 2919 647 2962 rant.
684 2909 833 2965 Nunc
859 2919 1035 2965 autem
1068 2912 1189 2982 plus
1215 2926 1373 2981 quam
1401 2912 1954 2981 quadringentesimus
1980 2928 2079 2965 an-

498 3016 606 3059 nus
630 3011 745 3067 est,
775 3012 827 3056 et
852 3003 1289 3071 nullacogitatio,
1326 3004 1466 3057 nulla
1499 3004 1823 3074 exspectatio
1852 3004 1930 3057 vel
1960 3019 2082 3073 spes

497 3092 755 3160 e~t,illud
786 3093 922 3146 ultra
956 3093 1353 3148 instaurandum
1380 3093 1756 3163 fore.Atqui,si
1781 3108 1884 3147 non
1905 3094 2080 3149 divina

504 3184 675 3236 «titius
701 3182 1082 3247 obluctaretur,
1098 3184 1222 3253 quid
1270 3185 1503 3239 obstaret
1528 3184 1552 3237 ?
1580 3186 1769 3239 Annon
1799 3198 1985 3254 magna
2005 3186 2081 3238 vis

508 3274 855 3340 pecuniarum
884 3287 1043 3341 penes
1065 3272 1181 3326 illos
1206 3274 1328 3327 est?
1348 3274 1535 3326 Annon
1556 3274 1623 3327 ab
1648 3273 1897 3327 omnibus
1927 3274 2080 3327 undi-

506 3378 619 3435 que
647 3364 837 3417 tributa
868 3364 1119 3433 colligens
1151 3364 1444 3433 patriarcha
1474 3369 1491 3397 ί
1518 3365 1808 3420 immensos
1848 3365 2083 3435 possidet

505 3456 836 3511 thesauros?
864 3458 1056 3510 Annon
1085 3456 1254 3510 audax
1283 3457 1370 3511 illa
1399 3457 1541 3512 natio
1584 3458 1704 3512 est?
1739 3471 1914 3511 annon
1978 3458 2081 3512 im-

508 3546 735 3616 pudens,
791 3548 1141 3613 contentiosa,
1193 3549 1492 3611 temeraria,
1539 3547 1838 3602 seditiosa?
1890 3550 2081 3603 Annon

508 3640 663 3694 multi
706 3649 829 3693 sunt
852 3640 905 3692 in
938 3639 1252 3694 Palaestina?
1290 3654 1467 3694 annon
1501 3641 1652 3695 multi
1686 3641 1739 3695 in
1790 3640 2084 3695 Phtenicia?

509 3746 686 3785 annon
715 3730 867 3785 multi
907 3731 1140 3801 ubique?
1177 3731 1456 3798 Quomodo
1499 3746 1627 3801 ergo
1657 3746 1761 3786 non
1801 3741 2085 3802 potuerunt

509 3838 673 3877 unum
708 3822 886 3877 denuo
921 3831 1233 3878 construere
1263 3824 1513 3892 templum
1534 3863 1548 3888 ,
1582 3825 1875 3893 praesertim
1903 3824 2084 3878 viden-

507 3924 589 3969 tes
634 3916 832 3969 cultum
876 3929 1028 3969 suum
1069 3914 1194 3969 hinc
1251 3915 1445 3983 ubique
1491 3914 1782 3983 impediri,
1836 3914 2083 3969 Judaicos

509 4007 642 4063 ritus
687 4006 927 4072 aboleri,
966 4006 1257 4071 sacrificia,
1288 4006 1618 4068 oblationes,
1659 4016 1956 4075 cieteraque
1985 4006 2081 4059 hn-

503 4096 734 4168 jnsmodi
766 4096 949 4165 legalia
978 4096 1045 4149 de
1086 4095 1263 4150 medio
1309 4096 1450 4160 tolli,
1479 4095 1800 4162 omninoque
1844 4097 2081 4149 cessare?

507 4186 689 4254 Neque
726 4186 867 4240 enim
921 4186 1023 4240 illis
1052 4186 1134 4240 vel
1179 4200 1325 4239 aram
1352 4185 1586 4239 excitare
1610 4224 1626 4249 ,
1654 4184 1734 4237 vel
1766 4186 2079 4239 sacrificium

508 4275 702 4329 offerre
727 4316 740 4338 ,
769 4274 852 4329 vel
902 4274 1101 4338 libare,
1148 4275 1233 4329 vel
1276 4289 1428 4329 ovem
1482 4275 1753 4341 imponere
1797 4283 1891 4327 aut
1931 4274 2082 4328 διιΠί-

513 4375 623 4420 tum
644 4406 658 4423 .
691 4364 776 4417 vel
804 4365 971 4433 legem
1000 4364 1226 4418 recitare
1254 4402 1271 4428 ,
1301 4362 1382 4417 vel
1425 4362 1618 4417 festum
1661 4362 1933 4417 celebrare
1952 4405 1967 4430 ,
1998 4364 2081 4417 vel

508 4455 780 4524 quidpiam
806 4454 979 4509 simile
1009 4454 1183 4508 facere
1211 4452 1401 4507 licebat
1423 4464 1571 4508 extra
1594 4454 1680 4507 illa
1703 4454 1908 4508 limina.

585 4539 671 4599 Π.
716 4544 856 4599 Sane
883 4558 1002 4599 cum
1052 4543 1322 4615 Babylone
1371 4553 1584 4611 essent,
1617 4554 1670 4598 et
1721 4545 1789 4599 ab
1843 4544 2083 4599 hostibus

509 4644 871 4703 cogerentur,
928 4642 985 4688 ut
1044 4634 1370 4703 psallerent,
1426 4650 1531 4689 non
1600 4635 2034 4703 obtemperarunt
2064 4676 2078 4699 ,

512 4741 689 4795 neque
740 4740 942 4779 morem
999 4736 1316 4794 gesserunt,
1359 4728 1563 4780 tametsi
1608 4727 1802 4795 captivi
1846 4736 1901 4782 et
1943 4729 2080 4782 servi

514 4828 706 4879 erant,
762 4816 1096 4886 dominisque
1144 4832 1201 4870 se
1244 4819 1557 4872 vexantibus
1623 4818 1896 4873 suberant.
1977 4822 2081 4874 Sed

514 4907 719 4969 etiamsi
767 4921 796 4960 a
848 4908 1015 4977 patria
1047 4916 1101 4962 et
1142 4923 1171 4961 a
1225 4907 1469 4962 libertate
1508 4908 1868 4974 excidissent,
1917 4919 1973 4965 et
2015 4911 2083 4965 de

512 4999 621 5069 ipsa
681 4998 785 5052 vita
838 4998 1296 5066 periclitarentur,
1351 5008 1405 5053 et
1469 4998 1617 5067 quasi
1668 4998 1856 5067 laqueo
1924 5016 2082 5055 manu

573 5091 589 5121 ⁸
628 5090 945 5138 Patriarcham
978 5091 1248 5139 Judzeorum
1290 5088 1425 5138 multi
1467 5091 1729 5149 scriptores
1766 5090 2082 5141 Eeclesiastici

505 5158 791 5204 memorant.
827 5153 1063 5213 Origenes
1087 5166 1133 5199 ιιι
1157 5168 1201 5213 ιιι
1222 5150 1403 5204 osculo,
1438 5151 1564 5213 qUod
1590 5164 1742 5212 nuper
1788 5154 1911 5213 typis
1944 5153 2083 5200 dedi-
2110 5168 2115 5173 ’

506 5225 614 5262 tuus
636 5219 741 5273 post
778 5210 1106 5273 I'ra-liininaria
1128 5210 1438 5273 adticxapla,
1456 5210 1571 5260 dicit
1602 5210 1789 5260 secum
1810 5210 2084 5263 'Iiatriarcha

504 5271 775 5321 Judmorum
794 5271 919 5321 .tullo
938 5286 1026 5322 oon

506 5346 611 5397 tum
634 5341 903 5397 memorant
929 5334 1125 5397 (lyrinus
1155 5334 1376 5397 Jerosoi.,
1415 5335 1743 5396 Hieronymus,
1778 5336 2086 5397 maximeque

507 5395 836 5457 ’t‘liccidoretus
857 5394 974 5444 Dial:
998 5402 1028 5443 I.
1055 5409 1115 5443 ex
1140 5396 1275 5455 cujus
1294 5395 1433 5444 dictis
1455 5394 1670 5457 arguitur
1695 5396 1985 5443 Patriarchas
2005 5394 2087 5443 itu-

505 5454 719 5502 iteoruin
742 5469 796 5519 se
834 5470 894 5504 ex
923 5458 1155 5519 progenie
1178 5454 1364 5505 liavidis
1387 5468 1498 5505 esse
1516 5454 1653 5519 'talso
1690 5457 1961 5519 iactitasse.
1989 5465 2086 5505 Duo

509 5517 939 5579 erant‘Judzeorum
978 5517 1271 5575 Patriarchze,
1296 5529 1498 5579 quorum
1521 5517 1645 5566 alter
1670 5519 1718 5565 in
1752 5518 1913 5566 Judaza
1934 5517 2086 5579 dege-

509 5583 606 5641 tiat,
630 5576 754 5641 alter
779 5578 1027 5639 Babylone.
1055 5586 1120 5641 De
1158 5576 1436 5628 Patriarchis
1466 5580 1735 5627 Judteorum
1770 5588 1919 5639 agunt
1947 5580 1978 5627 ii
2002 5576 2083 5641 qui

506 5637 571 5701 de
594 5637 1140 5701 .tudzeoruin'reptddnn
1176 5648 1461 5688 tractavere.
1498 5641 1612 5688 vide
1650 5637 1922 5701 praesertim
1953 5637 2084 5689 Peia-

512 5700 637 5746 rium
664 5700 711 5745 in
735 5702 865 5761 notis
881 5699 940 5747 ad
966 5701 1267 5761 Epiphaniqu
1289 5714 1302 5749 ι
1329 5712 1380 5750 et
1400 5707 1494 5751 Jac.
1520 5699 1859 5755 aethon-edam
1881 5702 1939 5751 ad

506 5759 977 5825 'lheodosianutn,'l‘.
1000 5759 1068 5822 Vi,
1094 5774 1140 5824 p.
1165 5760 1256 5810 313

1148 317 1214 374 S.
1261 318 1548 375 JOANNIS
1584 321 2073 380 CHRYSOSTOMI
2114 327 2435 386 AllCHlEP.
2477 330 3025 387 CONSTANTINOP.

1090 5287 1252 5322 essum
1430 5273 1741 5323 Patriarcham
1764 5274 1882 5322 item
1902 5275 2087 5323 Judmo—
2114 5287 2116 5291 '

3638 361 3740 416 836

2177 458 2409 514 h0stinm
2436 461 2829 527 detinerentur,
2847 463 2979 533 jnssi
3008 466 3271 520 canticum
3304 472 3521 539 organis
3546 485 3743 525 canere

2171 548 2250 602 sic
2274 549 2566 605 dicebant:
2600 551 2767 623 Super
2810 555 3024 623 ﬂumina
3064 553 3335 625 Babylonis
3376 559 3483 612 illic
3526 562 3746 614 sedimus

2172 647 2220 691 et
2260 640 2507 708 ﬂeuimus.
2549 642 2681 705 Quia
2737 643 3166 714 interrogaverunt
3205 665 3296 702 nos
3321 691 3336 715 ,
3390 650 3479 719 qui
3522 666 3747 713 captivos

2173 728 2422 783 duxerunt
2462 748 2553 785 nos
2576 773 2590 797 ,
2622 733 2769 786 verba
2793 736 3099 789 cantionum.
3146 738 3409 805 Quomodo
3436 744 3749 797 cantabimus

2173 821 2420 872 canticum
2465 820 2666 875 Domini
2703 825 2755 877 in
2793 835 2926 878 terra
2970 827 3137 880 aliena
3180 829 3200 893 (
3217 828 3362 884 Psal.
3394 831 3520 886 136.
3558 834 3607 887 Ι.
3638 835 3752 900 4)?

2173 908 2283 964 Nec
2332 921 2503 980 potest
2550 917 2828 982 quisquam
2877 915 3058 971 dicere
3107 918 3250 986 ipsos
3303 920 3374 972 ob
3424 937 3750 991 organorum

2177 1004 2450 1072 penuriam
2472 1020 2577 1058 non
2598 1006 2856 1061 cecinisse
2881 1025 2895 1061 :
2919 1022 3129 1062 causam
3160 1012 3299 1062 enim
3321 1012 3390 1065 illi
3416 1014 3755 1081 protulerunt

2175 1092 2415 1148 dicentes
2452 1110 2465 1147 :
2510 1093 2772 1158 Quomodo
2811 1096 3118 1151 cantabimus
3150 1102 3400 1153 canticum
3450 1101 3669 1156 Domini
3704 1122 3755 1157 in

2177 1190 2310 1235 terra
2355 1182 2566 1237 aliena?
2608 1182 2815 1253 Organa
2857 1201 2987 1240 vero
3026 1203 3190 1257 penes
3233 1206 3291 1243 se
3346 1191 3615 1246 habebant
3644 1211 3659 1247 :
3692 1193 3756 1247 In

2177 1276 2431 1339 salicibus,
2467 1277 2631 1340 aiunt,
2670 1278 2723 1330 in
2766 1279 2928 1333 medio
2947 1296 3117 1332 eorum
3141 1322 3155 1345 ,
3183 1283 3533 1351 suspendimus
3562 1301 3757 1354 organa

2180 1377 2375 1420 nostra.
2409 1367 2516 1421 Sed
2545 1382 2718 1437 neque
2754 1368 2997 1438 jejunare
3020 1370 3209 1425 licebat
3239 1372 3339 1425 illis
3363 1412 3377 1435 ,
3400 1373 3541 1441 quod
3571 1373 3755 1427 decla-

2180 1472 2306 1511 rans
2334 1457 2587 1526 propheta
2608 1458 2818 1513 dicehat
2859 1478 2873 1514 :
2906 1458 3169 1529 Numquid
3194 1463 3446 1530 jejunium
3481 1465 3758 1533 jejstttastis

2180 1548 2304 1600 mihi
2331 1549 2479 1602 annis
2514 1551 2829 1620 septuaginta
2851 1591 2864 1614 ,
2916 1551 3036 1604 dicit
3061 1550 3310 1605 Dominus
3357 1553 3539 1625 (Zaclt.
3568 1558 3627 1613 7.
3658 1557 3757 1627 5)?

2180 1639 2329 1705 Quod
2355 1648 2531 1693 autem
2569 1641 2669 1693 illis
2698 1657 2794 1695 nec
2836 1642 3133 1695 sacriﬁcare
3162 1659 3259 1697 nec
3286 1645 3451 1699 libare
3477 1644 3558 1703 fas
3587 1658 3754 1711 esset,

2180 1729 2300 1781 audi
2355 1740 2463 1783 tres
2493 1744 2683 1798 pueros
2724 1730 2964 1784 dicentes
2995 1748 3008 1784 :
3044 1731 3162 1784 Non
3191 1743 3263 1784 est
3304 1734 3564 1804 princeps,
3599 1752 3759 1803 neque

2182 1820 2425 1890 propheta
2447 1862 2462 1885 ,
2510 1838 2666 1890 neque
2712 1823 2849 1885 dux,
2878 1840 3037 1894 neque
3077 1825 3215 1877 locus
3263 1826 3331 1877 ad
3364 1827 3758 1895 sacriﬁcandum

2181 1926 2349 1963 coram
2375 1921 2423 1965 te
2442 1952 2456 1976 ,
2487 1921 2535 1964 et
2564 1913 2910 1966 inveniendum
2945 1915 3336 1967 misericordiam
3365 1916 3524 1986 (Dan.
3557 1919 3612 1971 3.
3640 1918 3753 1986 58).

2181 1999 2298 2054 Non
2324 2000 2571 2055 dixerunt
2594 2043 2609 2067 ,
2640 2018 2742 2056 non
2771 2013 2851 2056 est
2900 2005 3186 2065 Sacerdos;
3213 2006 3433 2059 aderant
3478 2009 3625 2061 enim
3666 2024 3756 2063 sa-

2182 2089 2467 2147 cerdotes:
2499 2092 2593 2146 sed
2639 2102 2694 2146 ut
2742 2094 2913 2147 discas
2965 2094 3034 2148 de
3081 2095 3198 2147 loco
3245 2106 3445 2149 tantum
3490 2097 3613 2165 agi,
3673 2108 3756 2151 to-

2183 2190 2397 2251 tamque
2435 2181 2607 2251 lcgem
2655 2198 2717 2238 ea
2753 2184 2804 2237 in
2858 2198 2918 2238 re
2945 2184 3250 2238 ohstrictaui
3299 2199 3441 2250 esse,
3483 2186 3753 2249 dicebant,

2185 2269 2306 2323 Non
2332 2281 2407 2324 est
2436 2272 2592 2325 locus.
2626 2275 2690 2327 Et
2731 2274 2855 2343 quid
2884 2274 2951 2327 de
2990 2276 3252 2329 sacrificio
3292 2284 3347 2329 et
3382 2275 3451 2330 de
3501 2277 3758 2333 lihatione

2184 2361 2415 2431 loquor?
2454 2362 2530 2416 Ne
2556 2363 2770 2432 quidem
2820 2364 3043 2418 recitare
3094 2364 3261 2433 legem
3320 2365 3512 2419 licebat
3564 2368 3697 2435 ipsis
3740 2387 3755 2421 :

2182 2453 2324 2521 quod
2368 2455 2695 2523 exprobrans
2722 2456 2859 2510 alius
2909 2456 3162 2526 propheta
3205 2455 3455 2510 dicebat:
3506 2458 3573 2510 Et
3616 2460 3757 2530 lege-

2182 2554 2299 2597 runt
2323 2546 2447 2615 foris
2476 2546 2632 2617 legem
2656 2587 2671 2610 ,
2700 2558 2747 2601 et
2773 2549 3138 2603 advocaverunt
3169 2553 3533 2621 confessionem
3582 2555 3758 2623 (Amos

2182 2636 2236 2690 4.
2268 2636 2347 2703 5).
2376 2636 2494 2691 Non
2537 2638 2738 2693 Pascha
2759 2680 2774 2704 ,
2802 2655 2911 2694 non
2958 2642 3304 2698 Pentecostcn
3333 2686 3348 2707 ,
3398 2661 3505 2700 non
3554 2646 3759 2701 Scene-

2184 2726 2423 2797 pegiam,
2472 2742 2577 2783 non
2606 2729 2749 2783 aliud
2777 2731 2903 2800 quid
2946 2732 3119 2789 simile
3182 2735 3453 2789 celebrare
3491 2746 3757 2805 poterant.

2150 2868 2153 2873 λ
2184 2820 2431 2873 Attamen
2457 2821 2556 2875 etsi
2597 2824 2840 2877 noverint
2876 2838 2935 2879 se
2982 2836 3199 2895 propter
3244 2828 3343 2882 loci
3371 2830 3757 2885 desolationem

2184 2912 2253 2966 ab
2307 2913 2387 2967 his
2414 2915 2657 2970 omnibus
2689 2916 2932 2985 excludi,
2962 2928 3017 2974 et
3058 2935 3117 2974 se
3141 2961 3153 2983 ,
3196 2922 3239 2976 si
3289 2923 3414 2993 quid
3454 2939 3636 2979 eorum
3665 2939 3757 2995 ag-

2184 3003 2518 3074 grediantur,
2548 3006 2714 3077 legem
2741 3010 3032 3080 transgredi
3059 3026 3347 3082 pinnasque
3375 3014 3591 3069 daturos
3610 3029 3754 3080 esse,

2187 3113 2290 3151 non
2323 3108 2541 3168 potuere
2575 3098 2787 3167 locum,
2837 3103 2888 3155 in
2934 3116 3040 3170 quo
3087 3102 3276 3157 licebat
3316 3105 3428 3158 haec
3470 3105 3648 3159 omnia
3679 3105 3757 3159 le-

2184 3188 2367 3259 gitime
2420 3188 2639 3254 facere,
2684 3192 2888 3261 erigere
2935 3202 2989 3247 et
3034 3202 3352 3249 restaurare.
3405 3193 3537 3249 Nam
3589 3196 3758 3250 virtus

2183 3279 2378 3335 Christi
2411 3322 2425 3347 ,
2458 3297 2577 3350 qua:
2626 3282 2921 3338 Ecclesiam
2958 3284 3270 3351 aedificavit,
3310 3286 3494 3340 eadem
3535 3296 3589 3340 et
3632 3296 3760 3339 tem-

2190 3372 2333 3441 plum
2377 3373 2655 3427 destruxit.
2717 3374 2978 3443 Propheta
3022 3386 3167 3430 eerte
3211 3377 3489 3446 pra'dixit,
3528 3386 3581 3432 et
3625 3394 3757 3432 ven-

2187 3474 2365 3519 turum
2389 3463 2658 3518 Christum
2687 3506 2701 3529 ,
2733 3473 2787 3519 et
2817 3466 2929 3520 lure
2953 3477 3311 3536 operaturum,
3341 3466 3545 3521 etiamsi
3576 3468 3620 3520 is
3641 3479 3762 3537 post

2184 3558 2539 3625 captivitatem
2590 3557 2782 3618 fuerit;
2835 3558 2956 3612 audi
2998 3558 3123 3627 quid
3180 3558 3371 3611 dicat:
3419 3557 3485 3610 Et
3533 3560 3585 3611 in
3622 3559 3760 3611 vobis

2188 3650 2550 3702 concludentur
2581 3652 2760 3719 janme
2785 3692 2799 3713 ,
2841 3660 2886 3704 et
2928 3666 3027 3703 non
3068 3651 3366 3703 accendetur
3388 3652 3550 3703 altare
3592 3667 3765 3704 meum

2185 3742 2361 3811 gratis.
2425 3739 2547 3794 Non
2603 3751 2675 3795 est
2741 3742 2865 3793 mihi
2913 3742 3142 3794 voluntas
3198 3743 3253 3794 in
3300 3742 3469 3806 vobis,
3522 3743 3642 3810 quia
3697 3742 3759 3794 ab

2189 3835 2391 3888 Oriente
2423 3836 2545 3887 solis
2571 3850 2725 3902 usque
2752 3834 2819 3885 ad
2850 3833 3167 3887 Occidentem
3190 3850 3368 3887 nomen
3405 3848 3569 3885 meum
3603 3833 3760 3901 glori~

2186 3927 2387 3995 ﬁcatum
2431 3936 2503 3980 est
2535 3928 2586 3978 in
2610 3926 2837 3995 gentibus
2858 3966 2873 3989 ,
2894 3935 2939 3978 et
2965 3925 3017 3977 in
3050 3926 3187 3979 omni
3205 3924 3312 3978 loco
3341 3926 3598 3977 incensum
3634 3925 3761 3979 mihi

2186 4017 2395 4083 olfertur
2420 4057 2433 4082 ,
2481 4026 2527 4070 et
2575 4017 2878 4085 sacriﬁcium
2917 4032 3101 4086 purum
3148 4014 3402 4084 (Malaclt.
3449 4016 3499 4069 1.
3526 4014 3612 4069 10.
3642 4016 3757 4083 Η).

2186 4109 2347 4164 Vides
2386 4108 2654 4179 quomodo
2682 4107 2960 4162 manifeste
3009 4116 3064 4162 et
3102 4106 3427 4161 Judaismum
3471 4104 3665 4174 ejecit,
3705 4116 3759 4161 et

2186 4200 2645 4256 Christianismum
2694 4198 3029 4266 eﬁ'ulgentem
3076 4197 3420 4261 monstravit,
3469 4204 3525 4250 et
3567 4195 3760 4263 ubique

2187 4300 2447 4345 terrarum
2472 4289 2759 4343 diﬂusum?
2783 4289 2966 4343 Cultus
2998 4302 3125 4343 vero
3152 4287 3409 4340 rationem
3434 4285 3568 4339 alius
3597 4287 3761 4354 signi-

2188 4383 2359 4438 ﬁcavit
2388 4383 2470 4436 his
2490 4380 2758 4435 verbiszEt
2780 4380 3059 4433 adorabunt
3078 4395 3190 4433 eunt
3214 4380 3551 4449 unusquisque
3567 4395 3629 4430 ea:
3653 4380 3760 4431 loco

2185 4492 2295 4542 suo,
2320 4484 2367 4530 et
2393 4475 2602 4529 servient
2629 4474 2675 4527 ei
2703 4474 2796 4527 sub
2819 4474 2949 4544 jugo
2969 4489 3069 4527 uno
3094 4472 3280 4543 (Soph.
3310 4471 3471 4539 3.10)
3501 4489 3514 4524 :
3540 4482 3597 4525 et
3623 4471 3759 4524 alius

2188 4567 2420 4621 iterum:
2460 4564 2613 4635 Virgo
2668 4564 2833 4618 Israel
2899 4564 3044 4634 lapsa
3100 4574 3209 4626 est,
3250 4578 3349 4616 non
3404 4572 3625 4631 resurget
3652 4577 3761 4612 am-

2187 4658 2321 4727 plius
2347 4656 2524 4723 (Amos
2552 4656 2605 4710 5.
2630 4655 2712 4725 2).
2742 4654 2923 4709 Daniel
2966 4663 3141 4708 autem
3194 4653 3308 4707 haec
3351 4652 3527 4706 omnia
3576 4662 3757 4721 aperte

2189 4758 2369 4803 narrat
2392 4767 2405 4801 :
2433 4749 2675 4802 universa
2703 4762 2895 4816 nempe
2935 4746 3161 4802 tollenda
3188 4759 3307 4800 esse
3329 4784 3344 4809 ,
3392 4744 3620 4798 hostiam
3643 4784 3659 4809 ,
3687 4744 3752 4797 li-

2189 4842 2410 4903 bamen,
2454 4839 2755 4893 unctionem
2780 4878 2796 4900 ,
2835 4836 3110 4907 judicium.
3154 4836 3345 4890 Verum
3368 4835 3519 4900 haec,
3550 4834 3762 4904 quando

2186 4938 2440 4988 adversus
2512 4930 2724 4987 Judatos
2774 4944 3073 4985 sermonem
3142 4928 3517 4991 instituemus,
3568 4926 3763 4980 clarius

2189 5024 2463 5094 fusiusque
2514 5023 2915 5094 explicabimus.
2969 5020 3183 5075 Interim
3226 5033 3354 5074 vero
3398 5019 3451 5072 in
3494 5017 3755 5072 destinata

2191 5129 2470 5185 pergamus
2491 5115 2575 5169 via
2596 5153 2612 5181 ,
2642 5112 3036 5181 Gentiliumque
3073 5110 3466 5166 contentionem
3506 5109 3759 5162 retunda-

2190 5224 2332 5263 mus.
2362 5206 2481 5263 Non
2524 5206 2618 5262 tibi
2644 5206 2751 5260 dixi
2781 5212 3020 5259 mortuos
3061 5202 3342 5257 suscitatos
3361 5241 3377 5265 ,
3407 5200 3489 5253 vel
3520 5199 3759 5268 leprosos

2190 5300 2472 5355 mandatos
2495 5340 2510 5365 ,
2558 5312 2629 5352 ne
2671 5295 2876 5350 diceres
2913 5296 3027 5348 haec
3066 5291 3341 5347 mendacia
3383 5304 3537 5356 esse,
3567 5289 3757 5342 fastum

2190 5400 2244 5445 et
2272 5389 2494 5447 fabulas.
2523 5386 2651 5453 Quis
2682 5386 2857 5440 vidit?
2898 5384 3021 5455 quis
3067 5381 3308 5437 audivit?
3338 5380 3501 5435 Iidem
3546 5380 3650 5448 ipsi
3673 5392 3757 5446 qnt

2192 5486 2469 5532 narrarunt
2508 5477 2818 5536 crucifixum
2866 5483 2920 5529 et
2956 5473 3193 5543 colaphis
3220 5486 3417 5527 caesum
3438 5511 3455 5535 ,
3487 5470 3559 5524 itii
3604 5470 3757 5523 etiam

2188 5570 2308 5626 haec
2334 5570 2599 5625 dixerunt.
2627 5569 2732 5623 Cur
2779 5582 2907 5637 ergo
2937 5568 3038 5620 fide
3080 5565 3269 5633 dignos
3310 5566 3365 5617 in
3418 5562 3522 5616 illis
3563 5572 3752 5630 putas,

2192 5662 2246 5717 in
2290 5661 2405 5716 istis
2448 5673 2575 5715 vero
2636 5659 2778 5713 dicta
2827 5656 3170 5726 reprehendis
3208 5653 3359 5723 quasi
3433 5651 3544 5705 inec
3611 5663 3752 5716 gesta

2194 5769 2300 5810 non
2335 5755 2481 5809 sint?
2507 5752 2663 5823 Atqui
2689 5751 2734 5806 si
2772 5748 2837 5805 ad
2862 5746 3097 5820 magistri
3127 5743 3354 5813 gratiam
3383 5741 3501 5795 haec
3526 5738 3751 5810 scripse-
