3832 6308
139 357 233 414 £35
688 349 964 407 CONTRA
1003 348 1295 406 JUDJEOS
1330 347 1422 403 ΕΤ
1458 345 1819 413 GENTILES,
1860 347 2050 413 QUOD
2089 344 2439 403 CHRISTUS
2477 345 2586 400 SIT
2628 345 2832 403 DEUS.
3266 344 3371 398 836

140 466 550 538 περιγενόμενοι,
568 465 667 518 καὶ
699 467 969 535 ἀναιμωτὶ
995 465 1259 534 πολλαχοῦ
1290 464 1541 535 πολέμων
1562 482 1696 536 κρα-

138 559 404 627 τήσαντες,
439 556 528 607 καὶ
566 557 797 627 τρόπαια
848 558 1016 627 μυρία
1057 558 1354 627 στήσαντες
1395 557 1556 609 καινά
1604 556 1698 609 καὶ

132 648 421 719 παράδοξα,
455 640 602 699 οῦτοι
633 648 757 700 ναὸν
793 647 887 700 ἕνα
928 646 986 711 ἐξ
1016 649 1225 701 ἐκείνου
1261 648 1421 718 μέχρι
1466 648 1563 715 τῆς
1601 649 1697 717 σή-

139 756 290 810 μερον
326 739 677 808 οἰκοδομῆσαι
706 739 804 790 οὐκ
836 739 1061 808 ἴσχυσαν
1084 758 1096 770 ·
1140 741 1235 791 καὶ
1284 740 1458 791 ταῦτα
1506 739 1696 790 τοσού-

136 848 234 884 των
260 830 524 901 βασιλέων
551 829 858 898 γενομένων
884 832 975 884 καὶ
1010 831 1468 901 συμπραττόντων
1494 831 1694 892 αὐτοῖς,

137 924 223 975 καὶ
252 922 484 991 πλήθους
513 922 767 974 τοσούτου
820 923 961 976 κατὰ
1006 923 1103 993 τὴν
1148 923 1471 992 οἰκουμένην
1540 939 1699 991 κεχυ-

136 1016 313 1086 μένου,
363 1015 455 1066 καὶ
500 1014 795 1084 χρημάτων
851 1014 1119 1067 τοσούτων
1167 1016 1344 1077 αὐτοῖς
1394 1014 1691 1085 παρόντων.

133 1102 278 1168 Εἶδες
316 1105 431 1168 πῶς
466 1105 608 1175 ἆπερ
651 1107 1019 1177 ᾠκοδόμησεν,
1078 1108 1251 1170 οὐδεὶς
1299 1107 1549 1169 καθεῖλε,
1604 1106 1698 1158 καὶ

133 1199 268 1266 ἆπερ
302 1198 567 1260 καθεῖλεν,
601 1188 773 1262 ούδεὶς
813 1199 1188 1269 ᾡκοδόμησεν;
1237 1200 1561 1269 ’ῼκοδόμησε
1598 1199 1696 1268 τὴν

142 1289 483 1358 Ἐκκλησίαν,
512 1292 605 1342 καὶ
641 1290 814 1353 οὐδεὶς
854 1292 1021 1361 αὐτὴν
1065 1291 1310 1343 καθελεῖν
1362 1290 1564 1344 δύναιτ’
1594 1290 1657 1343 ειν
1680 1306 1691 1317 ·

118 1374 385 1435 ’κατέλυσε
408 1382 496 1433 τὸν
522 1382 667 1447 ναὸν,
704 1385 797 1435 καὶ
812 1384 988 1446 οὐδεὶς
1019 1384 1180 1435 αὐτὸν
1206 1384 1508 1452 ἀναστῆσαι
1537 1382 1697 1434 δύνα-

128 1490 235 1533 ται,
276 1472 567 1527 καὶταῦτα
612 1477 669 1527 ἐν
708 1476 882 1547 χρόνῳ
915 1474 1057 1527 οῦτω
1112 1475 1329 1545 μακρῷ.
1382 1476 1573 1528 Καίτοι
1602 1475 1695 1527 καὶ

124 1563 327 1635 ταύτην
376 1565 622 1618 καθελεῖν
676 1566 1056 1637 ἐπεχείρησαν,
1112 1567 1225 1619 ἀλλ’
1287 1567 1386 1620 οῦκ
1443 1566 1691 1636 ἴσχυσαν·

126 1659 374 1709 κάκεῖνον
419 1658 717 1728 ἀναστῆσαι
777 1660 1132 1722 ἐσπούδασαν,
1181 1659 1298 1713 ἀλλ’
1352 1659 1450 1711 οὐκ
1512 1660 1697 1730 ἐδυνή-

125 1750 317 1819 θησαν.

191 1884 550 1955 Συνεχωρήθη
576 1884 633 1938 δέ
661 1885 756 1938 καὶ
785 1884 940 1937 τοῦτο
958 1924 972 1949 ,
1013 1886 1099 1938 ἵνα
1141 1885 1327 1955 μηδεὶς
1354 1885 1447 1957 ἔχῃ
1475 1886 1651 1954 λέγειν
1680 1926 1693 1949 ,

117 1976 201 2028 ὅτι
237 1978 285 2027 εί
316 1976 675 2046 ἐπεχείρησαν
700 2016 713 2039 ,
747 1976 970 2045 ἴσχυσαν
1009 1976 1092 2029 ἄν.
1136 1976 1265 2028 Ἰδοὺ
1303 1976 1432 2043 γοῦν
1457 1978 1697 2028 κα“ι.ἐπε-

118 2072 404 2140 χείρησαν,
449 2073 542 2123 καὶ
584 2070 736 2122 οὐδὲν
773 2070 1134 2141 ἠδυνήθησαν.
1166 2069 1274 2122 Καὶ
1306 2069 1413 2139 γὰρ
1456 2069 1548 2120 ἐπὶ
1599 2068 1697 2135 τῆς

115 2164 315 2229 γενεᾶς
341 2164 439 2232 τῆς
473 2164 744 2233 ἡμετέρας
765 2164 792 2213 0
832 2165 1038 2225 πάντας
1067 2164 1145 2225 εἰς
1173 2163 1422 2216 ἀσέϐειαν
1469 2163 1696 2230 νικήσας

119 2256 379 2326 βασιλεὺς
418 2256 510 2308 καὶ
557 2255 756 2308 ἔδωκεν
807 2256 1053 2320 ἐξουσίαν
1093 2256 1212 2307 τότε
1243 2256 1335 2307 καὶ
1367 2254 1693 2323 συνέπραξε,

114 2352 210 2402 καὶ
255 2350 354 2402 τοῦ
402 2349 560 2421 ἔργου
589 2350 815 2417 ἥψαντο,
851 2350 943 2401 καὶ
973 2348 1093 2401 ούδέ
1145 2349 1339 2418 μικρὸν
1378 2348 1695 2419 προσελθεῖν

117 2443 489 2511 ἠδυνήθησαν,
520 2442 653 2496 ἀλλὰ
688 2442 799 2513 πῦρ
820 2442 926 2494 άπὸ
957 2440 1062 2492 τῶν
1094 2439 1358 2510 θεμελίων
1382 2440 1697 2510 ἐκπηδῆσαν

116 2536 335 2598 πάντας
363 2536 558 2598 αὐτοὺς
590 2535 887 2605 ἀπήλασεν.
929 2536 1052 2586 Ὂτι
1084 2535 1141 2586 δὲ
1173 2532 1570 2603 ἠϐουλήθησαν,
1604 2532 1697 2585 καὶ

113 2628 309 2680 τούτου
342 2628 540 2696 δεῖγμά
563 2628 706 2680 ἐστιν
738 2627 841 2690 ἕως
866 2626 956 2679 τοῦ
993 2626 1084 2679 νῦν
1124 2626 1192 2679 τά
1234 2626 1458 2696 θεμέλια
1480 2642 1698 2696 γυμνω-

108 2719 303 2783 θέντα,
347 2720 431 2771 ἴνα
481 2719 646 2789 εἰδῇς,
678 2719 758 2771 ὅτι
789 2717 1150 2788 ἐπεχείρησαν
1180 2718 1277 2786 μὲν
1320 2718 1694 2778 διασκάπτειν,

105 2811 473 2881 οἰκοδομῆσαι
499 2811 553 2862 δὲ
580 2812 678 2863 ούκ
716 2811 963 2879 ἴσχυσαν,
1002 2809 1103 2877 τῆς
1133 2809 1458 2876 ἀποφάσεως
1494 2807 1697 2876 ταύτης

102 2902 586 2973 ἀντιπραττούσης
619 2903 817 2963 αὐτοῖς.
856 2901 1049 2954 Καίτοι
1078 2917 1141 2968 γε
1174 2901 1265 2953 καὶ
1297 2900 1395 2969 ἤδη
1427 2899 1694 2969 κατελύθη

100 2997 131 3045 ὁ
152 2996 290 3057 ναὸς
315 2987 489 3056 οὗτος,
509 2994 601 3046 καὶ
622 2993 758 3062 μετὰ
779 2992 1146 3062 ἐϐδομήκοντα
1162 2991 1253 3062 ἐτη
1274 2990 1693 3054 ἐπανελθόντων,

100 3086 326 3147 εὐθέως
358 3086 575 3154 ἀνέστη,
612 3086 703 3137 καὶ
747 3084 1121 3153 λαμπρότερος
1176 3082 1269 3135 τοῦ
1318 3082 1581 3153 προτέρου
1608 3082 1696 3151 γέ-

100 3196 233 3248 γονε
256 3193 273 3206 ⁸
307 3180 404 3231 καὶ
448 3178 664 3245 λέγουσι
701 3177 859 3230 τοῦτο
879 3219 892 3240 ,
925 3176 1074 3248 [581]
1123 3178 1215 3230 καὶ
1248 3176 1696 3247 προαναφωνοῦσι

102 3272 241 3341 πρὶν
279 3268 540 3338 γενέσθαι
581 3271 630 3321 οἱ
662 3270 956 3339 προφῆται.
1001 3270 1113 3322 Νῦν
1142 3270 1198 3321 δέ
1250 3268 1695 3341 τετρακοσιοστὸν

94 3362 225 3426 ἔτος
263 3362 547 3432 ὑπερέϐη,
591 3362 684 3415 καὶ
713 3362 829 3414 ούδέ
857 3361 1032 3414 ἔννοιά
1072 3380 1175 3422 τις,
1220 3362 1340 3413 οὐδὲ
1380 3360 1693 3430 προσδοκία,

92 3457 220 3508 οὐδὲ
256 3454 423 3517 ἐλπὶς
461 3454 552 3506 τοῦ
589 3453 869 3521 φανεῖσθαι
917 3454 1077 3507 πάλιν
1116 3454 1296 3506 αὐτόν.
1329 3453 1518 3505 Καίτοι
1551 3454 1604 3505 τί
1636 3455 1697 3507 τὸ

92 3548 329 3601 κωλῦον
357 3544 444 3618 ἦν.
473 3548 520 3599 εί
549 3548 622 3618 μὴ
650 3548 767 3601 θεία
789 3547 1015 3617 δύναμις
1040 3542 1105 3617 ἦν
1127 3550 1155 3617 ή
1179 3547 1606 3613 ἁντιπίπτουσα;
1633 3547 1693 3599 ού

86 3642 420 3711 χρημάτων
476 3640 759 3710 περιουσία
811 3640 977 3711 πολλὴ
1017 3641 1144 3711 παρ’
1198 3643 1418 3705 αὑτοῖς;
1470 3642 1530 3693 ού
1573 3642 1695 3703 τοὺς

82 3734 380 3787 ἁπάντων
426 3731 763 3801 πανταχόθεν
813 3732 1010 3801 φόρους
1061 3732 1304 3801 συνάγων
1359 3736 1386 3785 0
1429 3733 1695 3803 πατριάρ-

85 3841 199 3892 χης
228 3864 245 3884 ,
280 3822 558 3891 ἀπείρους
596 3820 857 3890 κέκτηται
890 3821 1232 3891 θησαυρούς;
1277 3822 1375 3873 ούκ
1418 3822 1605 3891 ἰταμὸν
1633 3824 1694 3873 10

78 3914 278 3975 ἔθνος,
316 3913 428 3964 οὐκ
450 3912 819 3980 ἀναίσχυντον,
850 3913 909 3964 οὐ
952 3912 1269 3981 φιλόνεικον,
1302 3914 1361 3965 ού
1392 3913 1658 3983 προπετὲς
1678 3952 1691 3975 ,

78 4005 144 4055 ού
186 4003 340 4055 πολε
353 4002 621 4071 μοποιόν;
666 4003 724 4054 οὐ
768 4002 951 4053 πολλοὶ
992 4000 1131 4054 κατὰ
1162 4003 1261 4071 τὴν
1298 4002 1691 4073 Παλαιστίνην;

74 4097 141 4147 ού
185 4095 403 4146 πολλοὶ
437 4094 577 4146 κατὰ
618 4093 715 4164 τὴν
750 4093 1032 4164 Φοινίκην;
1063 4095 1122 4145 ού
1148 4094 1348 4146 ’πολλοὶ
1384 4096 1692 4164 πανταχοῦ;

78 4188 217 4250 Πῶς
256 4184 371 4241 οὖν
399 4187 498 4239 οὐκ
530 4186 751 4255 ἴσχυσαν
786 4187 880 4239 ἕνα
903 4187 1204 4256 ἀναστῆσαι
1233 4188 1376 4252 ναὸν,
1402 4190 1494 4241 καὶ
1522 4188 1695 4245 ταῦτα

68 4278 350 4348 ὁρῶντες
412 4277 509 4346 τήν
573 4276 824 4349 λατρείαν
875 4278 1056 4339 αὐτοῖς
1108 4276 1354 4329 ἐντεῦθεν
1418 4279 1693 4348 πανταχοῦ

68 4369 525 4439 πεπεδημένην,
557 4370 648 4421 καὶ
674 4371 743 4422 τά
780 4370 1042 4422 Ἰουδαϊκὰ
1076 4369 1170 4439 ἔθη
1198 4371 1561 4441 ήφανισμένα,
1602 4373 1695 4425 καὶ

62 4462 139 4515 τὰ
175 4460 305 4512 τῶν
342 4460 571 4522 θυσιῶν,
596 4460 781 4512 καὶτὰ
825 4460 932 4512 τῶν
964 4462 1307 4532 προσφορῶν,
1357 4462 1450 4515 καὶ
1496 4464 1563 4516 τά
1588 4464 1694 4516 τῶν

63 4552 266 4603 ἄλλων
320 4550 446 4601 τῶν
492 4550 746 4603 τοιούτων
792 4551 1035 4621 νομίμων
1091 4553 1430 4624 ἀνῃρημένα,
1486 4571 1697 4607 πεπαυ-

66 4646 257 4716 μένα;
282 4643 443 4697 Οὔτε
478 4643 584 4715 γὰρ
614 4645 806 4712 στῆσαι
836 4643 1038 4713 βωμὸν,
1072 4645 1193 4698 οῦτε
1238 4645 1425 4699 θυσίαν
1477 4648 1695 4717 ἀνενεγ-

63 4743 221 4802 κεῖν,
268 4739 344 4790 οὐ
392 4738 630 4799 σπεῖσαι,
654 4737 712 4787 ού
737 4736 999 4805 πρόϐατον
1028 4737 1310 4798 ἐπιθεῖναι,
1333 4738 1391 4789 ού
1426 4737 1691 4809 θυμίαμα,

55 4832 171 4884 ούκ
238 4827 585 4896 ἀναγνῶναι
634 4828 815 4897 νόμον,
850 4831 946 4898 οὺχ
978 4830 1170 4899 ἑορτὴν
1225 4829 1552 4895 ἐπιτελέσαι,
1596 4832 1693 4884 ούκ

54 4925 202 4976 ἄλλο
239 4941 307 4974 τι
356 4919 479 4971 τῶν
515 4919 770 4973 τοιούτων
821 4922 1003 4984 αὐτοῖς
1034 4922 1188 4984 ἐκτὸς
1237 4922 1345 4974 τῶν
1402 4924 1688 4995 προθύρων

50 5017 323 5071 ἐκείνων
354 5013 516 5082 ἐξῆν.

131 5156 230 5219 ιζ’.
256 5149 456 5206 Ἀλλὰ
475 5150 565 5203 καὶ
582 5152 640 5202 ἐν
656 5149 933 5203 Βαϐυλῶνί
952 5167 1080 5202 ποτε
1098 5152 1395 5220 γενόμενοι,
1412 5157 1509 5207 καὶ
1525 5155 1692 5222 ἀναγ-

45 5251 399 5319 καζόμενοι
434 5242 587 5313 παρὰ
621 5242 728 5294 τῶν
774 5240 1047 5310 πολεμίων
1087 5241 1307 5310 ψάλλειν
1328 5282 1341 5302 ,
1376 5244 1476 5296 οὐκ
1503 5241 1687 5310 εἶξαν,

42 5344 180 5397 οὐδὲ
241 5340 623 5407 ὑπήκουσαν,
661 5334 995 5405 αἰχμάλωτοι
1043 5335 1137 5386 καὶ
1177 5334 1352 5388 δοῦλοι
1381 5335 1530 5398 ὄντες
1574 5340 1686 5399 τοῖς

38 5436 386 5491 δεσπόταις
452 5427 833 5478 κακοποιοῦσιν
870 5424 1092 5486 αὐτούς·
1131 5424 1267 5477 ἀλλὰ
1308 5425 1398 5477 καὶ
1433 5426 1688 5494 πατρίδος

38 5523 438 5580 ἐκπεσόντες
484 5518 577 5569 καί
626 5516 954 5586 ἐλευθερίας,
998 5516 1091 5568 καὶ
1149 5516 1275 5584 περὶ
1312 5515 1372 5567 τὸ
1416 5515 1514 5585 ζῇν
1554 5515 1684 5567 αὐτὸ

38 5613 535 5674 κινδυνεύοντες,
562 5608 654 5660 καὶ
681 5609 754 5670 ὡς
782 5609 839 5659 ἐν
871 5607 1010 5678 μέσῃ
1038 5606 1224 5674 παγίδι
1250 5610 1368 5669 ταῖς
1394 5608 1550 5678 χερσὶ
1576 5607 1684 5659 τῶν

37 5710 362 5763 λαϐόντων
401 5699 834 5769 ἀπειλημμένοι,
872 5697 1214 5767 κελευόμενοι
1248 5702 1345 5768 τὴν
1372 5699 1514 5770 ᾠδὴν
1539 5698 1684 5768 ᾅδειν

38 5804 283 5868 ἐκείνην
337 5794 470 5859 τὴν
490 5792 577 5846 διὰ
615 5793 721 5845 τῶν
768 5793 1034 5856 ὀργάνων,
1074 5792 1245 5854 οὕτως
1293 5793 1502 5860 ελεγονο
1549 5794 1679 5847 Ἐπὶ

476 5888 746 5947 ΡΔΤιιοι..
795 5886 839 5944 (ἱ
854 5904 911 5943 ιι.
963 5885 1013 5941 Χ
1028 5882 1150 5941 LV]
1167 5882 1238 5940 II.

1804 464 1924 517 τῶν
1953 462 2234 533 ποταμῶν
2278 461 2637 527 Βαϐυλῶνος
2675 461 2803 516 ἐκεῖ
2844 459 3230 528 ἐκαθίσαμεν,
3278 459 3377 511 καὶ

1803 558 2206 624 ἐικλαύσαμεν,
2247 554 2333 607 ὅτι
2366 553 2760 620 ἐπηρώτησαν
2796 551 2955 621 ἡμᾶς
2980 554 3045 603 οἱ
3084 553 3379 619 αἰχμαλω-

1803 651 2124 713 τεύσαντες
2153 646 2310 716 ἡμᾶς
2342 646 2565 715 λόγους
2601 644 2786 711 ᾠδῶν.
2836 642 2965 708 Πῶς
3001 641 3229 710 ᾄσομεν
3263 639 3381 708 τὴν

1802 739 1967 806 ᾠδὴν
2018 738 2238 805 Κυρίου
2268 736 2366 788 ἐπὶ
2417 732 2528 804 γῆς
2561 736 2923 801 ἀλλοτριάς;
2966 730 3077 785 Καὶ
3115 733 3232 785 οὐδὲ
3268 732 3379 801 ἔχει

1802 848 1884 893 τις
1912 832 2105 894 εἰπεῖν,
2144 830 2224 881 ὅτι
2263 827 2352 880 διὰ
2392 826 2488 897 τήν
2527 827 2760 897 ἀπορίαν
2792 826 2898 877 τῶν
2938 827 3181 895 ὀργάνων
3220 824 3382 876 τοῦτο

1804 923 2020 976 ἐποίουν
2040 941 2052 953 ο
2096 923 2191 974 καὶ
2223 921 2331 992 γάρ
2363 920 2519 972 αὐτοὶ
2549 919 2823 971 τεθείκασι
2848 918 2943 988 τήν
2977 917 3154 970 αἰτίαν
3201 916 3364 969 εἰπόν-

1803 1033 1892 1078 τες
1912 1032 1924 1044 ·
1952 1013 2086 1080 Πῶς
2109 1012 2338 1082 ᾷσομεν
2369 1012 2482 1080 τὴν
2505 1010 2668 1078 ᾠδὴν
2692 1011 2911 1078 Κυρίου
2934 1010 3031 1061 ἐπὶ
3063 1008 3175 1077 γῆς
3195 1009 3379 1062 0.1.10-

1802 1106 2003 1172 τρίας;
2036 1105 2144 1156 Καὶ
2173 1102 2242 1155 τά
2276 1102 2481 1172 ὄργανα
2529 1102 2584 1153 δὲ
2624 1103 2739 1171 μετ’
2784 1099 2960 1153 αὐτῶν
2996 1094 3084 1168 ἦν.
3125 1100 3220 1149 Ἐν
3268 1098 3377 1167 γὰρ

1801 1198 1930 1263 ταῖς
1954 1196 2133 1263 ὶτέαις
2154 1198 2222 1249 ἐν
2236 1197 2405 1264 μέσῳ
2421 1193 2617 1248 αὐτῶν
2634 1192 3049 1262 ἐκρεμάσαμεν
3066 1190 3136 1244 τὰ
3157 1192 3378 1259 ὄργανα

1801 1288 1989 1356 ἡμῶν,
2019 1289 2201 1359 φησίν.
2258 1287 2395 1341 Ἀλλ’
2429 1288 2551 1340 οὐδὲ
2592 1285 2849 1356 νηστείαν
2896 1283 3177 1353 νηστεύειν
3220 1282 3369 1351 ἐξῆν.

1802 1382 1913 1434 Καὶ
1940 1381 2096 1434 τοῦτο
2125 1380 2299 1452 δηλῶν
2327 1381 2509 1443 αὐτοῖς
2538 1382 2566 1432 0
2596 1382 2879 1449 προφήτης
2910 1378 3060 1446 ἔλεγε
3083 1395 3096 1407 ο
3134 1378 3232 1446 Μὴ
3277 1392 3375 1445 νη-

1801 1471 2012 1523 στείαν
2039 1469 2479 1537 νενηστεύκατέ
2502 1484 2602 1537 μοι
2634 1468 2741 1536 ἐτη
2765 1468 3193 1537 ἑϐδομήκοντα,
3216 1468 3379 1535 λέγει

1802 1563 2051 1630 Κύριος;
2081 1562 2202 1613 Ὅτι
2253 1561 2310 1613 δὲ
2362 1560 2483 1614 οὐδὲ
2535 1560 2716 1623 θύειν,
2750 1560 2873 1613 οὐδὲ
2931 1560 3177 1612 σπένδειν
3227 1558 3374 1628 ἐῇν,

1801 1654 2034 1708 ἄκουσον
2065 1654 2173 1706 τῶν
2196 1654 2360 1723 τριῶν
2400 1652 2605 1706 παίδων
2630 1652 2917 1721 λεγόντων,
2940 1655 3061 1706 Οὐκ
3082 1652 3254 1705 ἐστιν
3276 1653 3375 1719 ἆρ-

1802 1765 1944 1815 χων,
1980 1745 2122 1800 οὐδὲ
2148 1745 2479 1814 προφήτης,
2535 1745 2676 1799 οὐδὲ
2726 1746 3078 1815 ἡγούμενος,
3104 1744 3246 1797 οὐδὲ
3290 1744 3379 1795 τό·

1803 1850 1916 1905 πος
1951 1841 2056 1894 τοῦ
2086 1840 2393 1907 καρπῶσαι
2419 1838 2675 1892 ἐνώπιόν
2703 1854 2817 1891 σου
2846 1838 2945 1891 καὶ
2968 1836 3163 1905 εὑρεῖν
3182 1838 3372 1901 ἔλεος.

1803 1933 1915 1985 Οὐκ
1962 1928 2133 1996 εἷπεν,
2170 1932 2283 1985 Οὐκ
2326 1932 2472 1984 ἐστιν
2514 1931 2711 2001 ἱερεὺς,
2750 1931 3005 2001 παρῆσαν
3036 1929 3140 2000 γὰρ
3182 1931 3373 1998 ἱερεῖς·

1802 2022 1920 2076 ἀλλ’
1948 2024 2034 2077 ἶνα
2067 2023 2245 2094 μάθῃς
2272 2025 2352 2076 ὅτι
2378 2024 2438 2075 10
2458 2024 2566 2075 πᾶν
2591 2021 2684 2075 τοῦ
2717 2021 2881 2074 τόπου
2918 2017 3006 2090 ἦν,
3038 2020 3130 2073 καὶ
3158 2021 3191 2091 ή
3223 2034 3377 2088 νομο-

1803 2117 1954 2170 θεσία
1988 2118 2139 2169 πᾶσα
2159 2118 2274 2169 ἐκεῖ
2302 2114 2629 2177 συνεδέδετο,
2661 2108 2834 2176 εἶπεν,
2870 2114 2991 2166 Οὐκ
3012 2110 3144 2164 ἐστι
3170 2111 3373 2174 τόπος.

1802 2209 1913 2261 Καὶ
1946 2209 1999 2261 τί
2032 2208 2178 2277 λέγω
2207 2207 2356 2260 θύειν
2387 2207 2483 2260 καὶ
2536 2205 2817 2271 σπένδεινς
2853 2203 2974 2256 οῦδὲ
3010 2202 3199 2264 ἁπλῶς
3239 2202 3375 2254 ἁνα-

1802 2300 2003 2369 γνῶναι
2024 2301 2115 2354 τὸν
2135 2301 2296 2370 νόμον
2313 2300 2437 2370 ἐξῆν
2462 2299 2663 2361 αὐτοῖς·
2692 2299 2785 2351 καὶ
2808 2296 3114 2363 τοῦτόςποτε
3129 2293 3377 2362 ἐγκαλῶν

1801 2393 1987 2463 ἕτερος
2020 2394 2299 2463 προφήτης
2319 2393 2498 2461 ἔλεγε·
2530 2391 2634 2446 Καὶ
2653 2390 3005 2458 ἀνέγνωσαν
3025 2388 3140 2452 ἐξω
3168 2388 3374 2456 νόμον,

1803 2484 1901 2536 καὶ
1918 2483 2365 2537 ἐπεκαλέσαντο
2385 2484 2708 2552 ὁμολογίαν
2723 2501 2734 2512 ’
2752 2483 2812 2534 οὐ
2830 2482 3031 2551 πάσχα,
3044 2481 3104 2533 ού
3123 2497 3381 2549 πεντηκο-

1806 2575 1956 2643 στὴν,
1987 2576 2047 2627 οὐ
2075 2575 2472 2644 σκηνοπηγίαν,
2501 2575 2599 2627 οὐκ
2624 2575 2749 2627 ἄλλο
2774 2573 2879 2626 τῶν
2905 2573 3162 2626 τοιούτων
3195 2575 3377 2624 ἐπιτε-

1802 2666 1955 2719 λέσαι
1995 2666 2167 2719 οὐδέν.
2227 2667 2366 2719 Ἀλλ’
2405 2667 2551 2735 ὅμως
2604 2665 2823 2729 εἰδότες,
2861 2667 2941 2719 ὅτι
2975 2666 3146 2718 ταῦτα
3199 2665 3377 2718 πάντα.

1804 2757 2123 2812 ἀπέκλεισεν
2153 2758 2337 2820 αὐτοῖς
2373 2759 2405 2826 ή
2434 2755 2593 2828 [58:2]
2624 2756 2715 2809 τοῦ
2750 2756 2914 2809 τόπου
2946 2760 3245 2827 ἐρήμωσις,
3272 2759 3375 2811 κᾶν

1803 2850 2118 2921 ἐπιχειρῶσί
2171 2866 2300 2907 τισι,
2367 2848 2806 2919 παρανομοῦντες
2862 2849 3229 2919 ἐπιχειροῦσι,
3283 2851 3377 2903 καὶ

1802 2942 1954 3011 δίκην
2004 2942 2193 2993 τούτου
2226 2940 2479 3001 διδόασιν,
2521 2941 2622 2991 ούκ
2660 2939 2883 3007 ἴσχυσαν
2910 2939 3001 2991 τὸν
3029 2940 3210 3003 τόπον,
3255 2934 3376 3008 ἐνῷ

1801 3035 1971 3087 ταῦτα
1996 3034 2172 3086 πάντα
2218 3031 2344 3103 ἐξῆν
2370 3032 2512 3085 κατὰ
2533 3033 2693 3102 νόμον
2727 3032 3082 3101 πράττεσθαι,
3134 3035 3375 3101 ἀναστῆ-

1805 3143 1894 3179 σαι
1923 3127 2015 3179 καὶ
2051 3125 2263 3194 στῆσαι.
2314 3125 2380 3176 Ἡ
2403 3124 2513 3195 γάρ
2545 3124 2771 3189 δύναμις
2804 3124 2896 3176 τοῦ
2940 3126 3175 3195 Χριστοῦ
3202 3129 3235 3195 ή
3276 3127 3375 3196 τήν

1816 3220 2138 3291 Ἐκκλησίαν
2172 3218 2595 3288 οἰκοδομήσασα,
2625 3216 2761 3287 αῦτη
2791 3220 2884 3271 καὶ
2920 3218 3106 3270 τοῦτον
3135 3219 3374 3273 καθεῖλε.

1803 3312 1912 3365 Καὶ
1969 3314 2195 3381 προεῖπε
2228 3312 2320 3363 καὶ
2380 3310 2538 3363 τοῦτο
2584 3314 2611 3363 0
2652 3311 2954 3381 προφήτης,
2986 3311 3066 3363 ὅτι
3108 3311 3199 3364 καὶ
3237 3329 3377 3382 παρι-

1802 3405 1955 3456 έσται
1999 3405 2027 3456 0
2065 3402 2298 3472 Χριστὸς
2348 3402 2443 3454 καὶ
2477 3401 2650 3454 ταῦτα
2679 3402 3203 3470 ἐργάσεται,-καίτοι
3234 3402 3376 3471 μετὰ

1800 3496 1898 3565 τὴν
1932 3493 2305 3564 αἰχμαλωσίαν
2329 3493 2637 3562 γενόμενος.
2673 3494 2870 3544 Ἄκουε
2895 3492 2951 3545 δέ
2995 3494 3089 3545 καὶ
3124 3493 3177 3545 τί
3205 3510 3337 3563 φησι
3358 3509 3371 3522 ·

1802 3587 1912 3639 Καὶ
1958 3587 2029 3637 ἐν
2078 3584 2220 3654 ὑμῖν
2274 3582 2862 3651 συγκλεισθήσονται
2896 3584 3099 3648 θύραι,
3134 3583 3232 3635 καὶ
3261 3586 3374 3636 οὐκ

1802 3676 2093 3743 ἀναίνεται
2124 3674 2189 3726 τὸ
2219 3674 2654 3742 θυσιαστήριόν
2672 3692 2789 3743 μου
2827 3674 3075 3741 δωρεάν.
3109 3678 3227 3729 Οὐκ
3243 3678 3375 3729 ἐστι

1796 3784 1894 3835 μοι
1917 3768 2142 3835 θέλημα
2159 3767 2228 3819 ἐν
2252 3766 2411 3834 ὑμῖν,
2434 3766 2652 3819 ὅτιάπὸ
2674 3763 2985 3819 ἀνατολῶν
3000 3766 3179 3832 ἡλίου
3198 3767 3374 3836 μέχρι

1800 3860 2050 3927 δυσμῶν
2072 3861 2139 3912 τὸ
2162 3860 2349 3928 ὄνομα
2377 3877 2491 3927 μου
2513 3859 2871 3923 δεδόξασται
2900 3861 2969 3912 ἐν
2994 3860 3115 3925 τοῖς
3146 3861 3373 3924 ἔθνεσι,

1802 3952 1899 4004 καὶ
1923 3952 1992 4004 ἐν
2021 3950 2199 4004 παντὶ
2242 3952 2402 4013 τόπῳ
2442 3950 2703 4019 θυμίαμά
2739 3967 2839 4017 μοι
2871 3950 3232 4020 προσάγεται
3273 3952 3375 4005 καὶ

1802 4047 1984 4099 θυσία
2018 4043 2264 4112 καθαρά.
2299 4039 2449 4105 Εἶδες
2478 4042 2593 4102 πῶς
2621 4042 2806 4110 σαφῶς
2835 4043 2927 4094 καὶ
2952 4042 3043 4095 τὸν
3070 4042 3373 4113 ἰουδαῐσμὸν

1798 4136 2043 4199 ἐξέϐαλε,
2072 4137 2164 4188 καὶ
2200 4136 2291 4186 τὸν
2321 4131 2729 4204 χριστιανισμὸν
2778 4131 2942 4195 ἔδειξε
2980 4116 3372 4201 διαλάμποντα,

1801 4229 1892 4280 καὶ
1921 4224 2194 4295 πανταχοῦ
2221 4225 2319 4293 τῆς
2356 4224 2459 4293 γῆς
2498 4221 2892 4291 ἐκτεταμένον;
2925 4216 3032 4275 Καὶ
3057 4223 3146 4275 τὸν
3176 4225 3374 4293 τρόπον

1801 4318 1856 4370 δὲ
1877 4318 1974 4386 τῆς
2010 4316 2262 4386 λατρείας
2308 4314 2575 4384 ἐδήλωσεν
2606 4311 2791 4382 ἕτερος
2830 4313 3021 4366 πάλιν·
3055 4315 3166 4368 Καὶ
3198 4332 3377 4383 προσ,

1802 4409 2184 4476 κυνήσουσιν
2239 4405 2398 4471 αὐτῷ
2452 4406 2705 4468 ἕκαστος
2729 4406 2795 4458 ἐκ
2819 4405 2925 4459 τοῦ
2946 4405 3131 4458 τόπου
3164 4408 3371 4473 αὐτοῦ,

1801 4498 1902 4552 καὶ
1927 4498 2371 4552 δουλεύσουσιν
2401 4495 2559 4561 αὐτῷ
2594 4496 2711 4549 ὑπὸ
2756 4494 2930 4564 ζυγόν
2960 4494 3069 4549 ἕνα
3090 4514 3103 4527 ο
3137 4499 3231 4549 καὶ
3258 4498 3376 4549 ἐτε-

1804 4608 1896 4662 ρος
1920 4590 2106 4642 πάλιν·
2137 4587 2435 4655 Παρθένος
2476 4586 2579 4640 τοῦ
2623 4583 2872 4654 Ἰσραὴλ
2914 4586 3259 4655 ἕσφαλλεν’
3300 4590 3371 4641 οὺ

1796 4684 1882 4754 μὴ
1913 4680 2147 4747 ἀναστῇ
2198 4680 2304 4732 ἔτι.
2361 4679 2470 4732 Καὶ
2529 4679 2556 4730 ὁ
2589 4678 2787 4749 Δανιὴλ
2840 4677 2896 4729 δὲ
2926 4677 3111 4751 σαφῶς
3159 4678 3372 4732 ἅπαντα

1802 4776 1972 4829 ταῦτα
2002 4775 2286 4844 διηγεῖται,
2321 4773 2403 4823 ὅτι
2423 4769 2598 4823 πάντα
2629 4771 2945 4841 ἀρθήσεται,
2980 4771 3075 4821 καὶ
3100 4769 3258 4823 θυσία
3282 4773 3373 4823 καὶ

1804 4868 2030 4937 σπονδὴ,
2062 4866 2156 4918 καὶ
2189 4862 2394 4935 χρίσμα
2440 4862 2535 4914 καὶ
2569 4864 2764 4931 κρῖμα.
2810 4860 2970 4913 Ἀλλὰ
3028 4861 3200 4913 ταῦτα
3240 4862 3369 4931 μὲν,

1802 4960 1961 5031 ἡνίκα
2001 4959 2066 5011 ἂν
2103 4957 2238 5027 πρὸς
2279 4956 2562 5016 Ἰουδαίους
2594 4955 2863 5022 λέγωμεν,
2911 4954 3239 5023 σαφέστερον
3279 4955 3373 5005 καὶ

1800 5052 2088 5122 εὐρύτερον
2126 5050 2539 5117 ἁναπτύξομεν·
2589 5048 2726 5109 τέως
2759 5047 2815 5099 δὲ
2859 5048 2958 5117 τῆς
3001 5046 3372 5118 προκειμένης

1802 5143 2053 5215 ἐχώμεθα
2074 5141 2215 5201 ὁδοῦ,
2233 5141 2340 5193 τῶν
2359 5140 2596 5209 ἀνοήτων
2627 5137 2889 5207 Ἑλλήνων
2914 5137 3012 5208 τὴν
3043 5136 3370 5205 φιλονεικίαν

1798 5236 2149 5306 διορθοῦντες.
2172 5232 2308 5286 Οῦτε
2341 5233 2422 5284 σοί¹
2440 5232 2664 5301 νεκροὺς
2694 5226 2846 5282 εἷπον
2876 5230 3215 5300 ἐγερθέντας,
3246 5229 3369 5283 οὔτε

1797 5331 2027 5399 λεπροὺς
2062 5326 2507 5397 καθαρισθέντας,
2542 5326 2626 5377 ἵνα
2660 5325 2732 5394 μὴ
2758 5324 2940 5395 λέγῃς,
2960 5324 3142 5394 Ψευδῆ
3172 5323 3366 5389 ταῦτα,

1798 5424 2027 5493 κόμπος,
2060 5420 2254 5489 μῦθος,
2294 5417 2376 5478 τίς
2418 5413 2554 5480 εἷδε;
2595 5416 2678 5476 τίς
2715 5416 2980 5485 ήκουσεν;
3018 5416 3078 5467 Οί
3123 5415 3369 5480 εἰπόντες

1796 5515 1875 5566 ὅτι
1903 5510 2239 5582 ἐσταυρώθη,
2269 5509 2361 5561 καὶ
2397 5509 2489 5560 ἐπὶ
2521 5508 2723 5577 κόρρης
2756 5505 2968 5577 πληγὰς
2988 5506 3197 5570 ἔλαϐεν,
3221 5501 3365 5561 οῦτοι

1794 5603 1967 5657 ταῦτα
2014 5603 2301 5672 εἰρήκασι·
2336 5597 2460 5659 Πῶς
2506 5592 2605 5649 οῦν
2660 5599 2719 5649 ἐν
2763 5597 2991 5659 ἐκείνοις
3025 5597 3367 5661 ἀξιοπίστους

1795 5690 1935 5748 εἶναι
1962 5692 2214 5763 νομίζων,
2248 5692 2305 5743 ἐν
2321 5688 2529 5751 τούτοις
2553 5688 2900 5761 ἐπιλαμϐάνῃ
2917 5688 3023 5741 τῶν
3040 5688 3362 5759 εἰρημένων,

1795 5787 1869 5850 ὡς
1899 5787 1958 5839 οὐ
1982 5782 2393 5855 γεγενημένων;
2418 5780 2610 5857 Καίτοι
2641 5796 2705 5848 γε
2732 5782 2781 5833 εί
2808 5782 2943 5851 πρὸς
2978 5776 3138 5844 χάριν
3169 5774 3262 5831 τοῦ
3282 5777 3358 5829 δι-

2999 5881 3078 5939 €20
