3920 6262
511 303 616 360 857

512 417 783 473 δασκὰ).ου
817 417 990 472 ταῦτα
1021 418 1257 488 ἔγραφον
1290 422 1410 492 εἰκῆ
1447 422 1542 474 καὶ
1581 422 1759 494 μάτην
1785 422 2098 494 κομπάζον-

513 521 624 564 τες,
664 501 734 555 τά
758 501 1059 574 σκυθρωπὰ
1091 503 1156 557 ἂν
1185 503 1501 574 ἐσιώπησαν
1531 507 1627 558 καὶ
1658 506 1726 559 τά
1769 505 1983 570 πολλοῖς
2011 507 2099 571 δο-

513 588 716 641 κοῦντα
768 586 1106 640 ἐπονείδιστα
1135 582 1306 640 εἶναι·
1351 587 1446 641 νῦν
1482 589 1538 642 δὲ
1565 588 1871 653 δεικνύντες
1920 591 2099 644 αὐτῶν

513 671 612 741 τὴν
650 669 927 741 ἀλήθειαν,
961 671 1019 723 ἐν
1066 671 1298 733 ἐκείνοις
1334 670 1568 741 μάλιστα
1607 672 1964 742 ἐνδιέτριψαν,
2006 674 2100 727 καὶ

512 754 693 808 πάντα
732 752 873 823 μετὰ
923 753 1208 826 ἀκριϐείας
1253 755 1346 807 καὶ
1396 755 1597 824 πολλῆς
1626 751 1778 810 εἶπον
1815 756 1916 827 τῆς
1945 757 2100 827 δαψι-

515 838 688 900 λείας,
723 837 782 888 ού
821 836 1050 907 μικρὸν,
1087 837 1146 889 οὐ
1185 837 1329 907 μέγα
1369 838 1822 909 παραδραμόντες
1846 882 1861 906 ,
1895 840 2006 893 ἀλλ’
2044 843 2099 892 ἐν

519 922 616 990 μέν
643 923 754 981 τοῖς
787 921 1036 990 σημείοις
1079 922 1172 973 καὶ
1203 923 1315 984 τοῖς
1347 920 1588 992 θαύμασι
1617 922 1685 975 τά
1711 924 1935 977 πλεῖστα
1963 941 2100 995 παρ-

514 1004 675 1074 ἧκαν,
707 1006 765 1056 ἐν
797 1004 853 1056 δὲ
883 1007 998 1067 τοῖς
1028 1003 1314 1075 παθήμασι
1347 1005 1439 1059 καὶ
1466 1008 1578 1069 τοῖς
1609 1006 1860 1060 δοκοῦσιν
1889 1010 2101 1061 ἐπονει-

514 1089 738 1150 δίστοις,
775 1088 985 1150 τούτοις
1017 1088 1467 1159 ἐνδιατρίϐοντες,
1507 1091 1684 1143 πάντα
1721 1091 1923 1155 πάντες
1963 1090 2099 1162 μετὰ

517 1171 807 1242 ἀκριϐείας
837 1173 1142 1243 εἰρήκασιν.
1181 1172 1319 1224 Ἀλλ’
1338 1172 1449 1241 ἐγὼ
1466 1172 1670 1226 τούτων
1700 1173 1837 1246 πρὸς
1868 1176 1928 1228 σέ
1946 1175 2098 1227 οὐδὲν

515 1256 774 1327 εἰρηκὼς,
792 1256 902 1311 τῶν
930 1256 1223 1326 θαυμάτων
1261 1256 1406 1325 λέγω
1449 1258 1543 1310 καὶ
1571 1257 1681 1310 τῶν
1721 1259 1984 1330 σημείων,
2013 1259 2100 1312 ἵνα

517 1342 580 1394 ἐκ
607 1340 928 1411 περιουσίας
949 1341 1128 1393 πᾶσαν
1154 1339 1510 1410 ἀναίσχυντον
1532 1343 1796 1413 ἐμφράξω
1822 1341 2095 1410 γλῶσσαν,

515 1424 586 1478 τά
612 1424 706 1476 νῦν
740 1423 1060 1494 φαινόμενα,
1089 1423 1159 1477 τά
1187 1423 1283 1478 νῦν
1312 1426 1418 1497 πρὸ
1438 1424 1734 1496 ὀφθαλμῶν
1756 1426 2004 1497 κείμενα,
2030 1425 2101 1480 τὰ

518 1505 613 1558 τού
651 1509 802 1579 ήλίου
832 1507 1206 1580 φανερώτερα,
1235 1507 1303 1561 τά
1339 1508 1612 1579 πανταχοῦ
1643 1510 1742 1580 τῆς
1777 1509 2101 1580 οἰκουμένης

515 1591 908 1663 διεσπαρμένα,
935 1593 1002 1645 τὰ
1034 1594 1212 1645 πᾶσαν
1245 1592 1620 1646 καταλαϐόντα
1644 1594 1743 1666 τὴν
1776 1594 2100 1664 οἰκουμένην

516 1679 609 1731 καὶ
638 1676 984 1750 ἀνθρωπίνην
1027 1676 1427 1748 ὑπερϐαίνοντα
1463 1677 1624 1748 φύσιν
1654 1678 2064 1750 κατορθούμενα
2082 1722 2096 1743 ,

517 1763 612 1814 καὶ
657 1760 694 1815 ά
745 1759 881 1813 Θεοῦ
927 1759 1088 1830 μόνον
1117 1757 1206 1832 ἦν,
1235 1760 1408 1813 ταῦτα
1439 1763 1518 1824 εἰς
1555 1762 1718 1832 μέσον
1766 1763 1991 1833 ἤγαγον.
2033 1763 2099 1815 Τί

514 1845 722 1910 λέγεις,
761 1844 862 1897 οὐκ
905 1843 1169 1914 ἀνέστησε
1201 1843 1462 1915 νεκρούς;
1509 1845 1583 1917 μὴ
1619 1845 1713 1899 καὶ
1751 1845 1909 1899 τοῦτο
1957 1845 2101 1916 ἔχεις

515 1931 707 1986 εἰπεῖν,
737 1929 819 1982 ὅτι
847 1929 904 1980 αἰ
945 1927 1260 1998 Ἐκκλησίαι
1286 1928 1386 1980 οὐκ
1411 1929 1518 1981 εἰσὶ
1547 1930 1690 1983 κατὰ
1714 1931 1814 2000 τὴν
1847 1931 2101 2001 οἰκουμέ-

513 2032 644 2084 νην;
674 2013 782 2066 οὐδ’
815 2014 896 2066 ὅτι
924 2013 1023 2066 οὐκ
1058 2011 1528 2084 ἐπεϐουλεύθησαν
1552 2029 1566 2078 ;
1593 2014 1700 2067 οὐδ’
1729 2015 1809 2068 ὅτι
1839 2014 2101 2087 κρατοῦσι

517 2099 612 2150 καὶ
651 2097 1049 2168 περιγίνονται;
1100 2095 1240 2148 Ἀλλ’
1283 2095 1475 2169 ὥσπερ
1500 2098 1600 2151 οὐκ
1626 2099 1774 2152 ἐστιν
1805 2099 1979 2151 εἰπεῖν
2016 2099 2097 2152 ὃτι

518 2179 619 2230 οὐκ
648 2178 791 2231 ἔστιν
836 2178 1005 2252 ἧλιος,
1046 2177 1220 2242 οὕτως
1261 2179 1384 2235 οὐδὲ
1412 2181 1603 2237 ταῦτα.
1637 2182 1702 2234 Τί
1734 2181 1829 2249 δέ;
1862 2181 1958 2253 τὴν
2001 2199 2100 2236 κα-

1191 300 1246 356 S.
1287 300 1570 358 JOANNIS
1607 300 2097 364 CIIRYSOSTOMI
2130 304 2449 363 ARCHIEP.
2487 302 3040 362 CONSTANTINOP.

3691 306 3793 362 838

2201 426 2486 497 τασκαφὴν
2517 423 2610 477 τοῦ
2641 424 2932 477 ἰουδαῖκου
2951 419 3082 475 ναοῦ
3097 421 3346 491 ούχὸρᾷς
3368 419 3475 490 πρὸ
3499 419 3795 490 ὀφθαλμῶν

2203 509 2462 580 κειμένην
2503 507 2603 578 τῆς
2633 506 2961 576 οἰκουμένης
3001 505 3256 574 ἁπάσης;
3295 503 3382 556 διὰ
3416 502 3469 556 τί
3500 503 3576 573 μὴ
3605 503 3792 573 λογίζῃ

2201 592 2339 663 πρὸς
2365 592 2591 644 σεαυτόν
2612 608 2626 622 ο
2651 592 2716 643 Εἰ
2750 589 2824 662 μὴ
2855 590 2987 653 Θεὸς
3016 585 3104 660 ἦν,
3132 588 3228 641 καὶ
3258 587 3392 650 Θεὸς
3428 587 3672 658 ἰσχυρὸς,
3701 587 3794 639 πό-

2202 675 2292 728 θεν
2317 674 2384 727 ἆν
2413 676 2461 726 οἰ
2499 675 2597 744 μέν
2629 673 3023 745 θεραπεύοντες
3047 671 3208 725 αὐτὸν
3231 669 3402 734 οὕτως
3433 669 3675 740 ηὔξαντο
3701 670 3793 723 καὶ

2201 759 2599 829 ἐνοχλούμενοι,
2631 758 2680 810 οἰ
2709 757 2765 810 δὲ
2793 756 3197 826 ἐσταυρωκότες
3230 753 3393 807 αὑτὸν
3431 753 3527 806 καὶ
3559 770 3794 824 προσκε-

2202 844 2494 910 κρουκότες
2523 840 2697 904 οὕτως
2749 839 3216 910 ἐταπεινώθησαν,
3266 836 3341 898 ὼς
3386 838 3481 890 καὶ
3515 837 3793 897 πολιτείας

2201 927 2455 977 ἐκπεσεῖν
2502 924 2743 994 ἁπάσης,
2772 926 2867 977 καὶ
2916 923 3109 992 ἀλῆται
3140 922 3233 974 καί¹
3267 920 3422 992 [585]
3456 921 3653 973 πλάνοι
3701 920 3794 973 καὶ

2201 1010 2440 1079 φυγάδες
2488 1010 2894 1081 περιέρχονται,
2932 1007 3027 1061 καὶ
3055 1007 3245 1077 χρόνος
3287 1005 3460 1069 οὐδεὶς
3509 1004 3795 1073 οὐδέτερον

2202 1093 2398 1156 ἔλυσες
2449 1095 2643 1147 Καίτοι
2668 1110 2731 1160 γε
2763 1093 2900 1162 πρὸς
2938 1092 3039 1162 τὴν
3097 1089 3386 1160 Ῥωμαίων
3433 1088 3608 1159 ἀρχὴν
3649 1081 3793 1140 οὗτοι

2201 1179 2286 1246 δὴ,
2313 1173 2459 1231 οὗτοι
2487 1181 2536 1231 οἱ
2579 1178 2822 1231 Ἰουδαῖοι
2860 1177 2956 1229 καὶ
2989 1175 3223 1244 πόλεμον
3260 1173 3481 1234 εἴλοντο,
3530 1173 3627 1224 καί
3654 1172 3794 1224 ὅπλα

2201 1264 2481 1332 ἐκίνησαν,
2536 1261 2631 1315 καὶ
2663 1259 2860 1332 μακρῷ
2906 1259 3081 1329 χρόνῳ
3128 1255 3596 1328 παραταττόμενοι
3628 1253 3796 1307 διετέ-

2202 1345 2386 1411 λεσαν,
2420 1345 2513 1399 καί
2555 1361 2660 1398 που
2691 1345 2783 1397 καὶ
2809 1344 3140 1414 ἐκράτησαν.
3179 1340 3274 1393 καὶ
3309 1340 3614 1410 πράγματα
3649 1355 3792 1407 παρ-

2202 1431 2360 1503 έσχον
2387 1434 2500 1494 τοῖς
2523 1431 2643 1483 τότε
2670 1429 3000 1497 Λύγούστοις
3019 1427 3081 1479 ού
3099 1425 3166 1478 τὰ
3180 1425 3436 1494 τυχόντα·’
3455 1423 3700 1492 τοσαύτη
3727 1418 3794 1492 ἦν

2201 1516 2380 1569 αὐτῶν
2429 1517 2462 1584 ἡ
2498 1513 2746 1582 δύναμις.
2792 1511 2932 1564 Ἀλλ’
2973 1511 3123 1580 ὅμως
3163 1511 3213 1560 οἰ
3249 1510 3342 1561 καὶ
3378 1506 3794 1576 πολεμήσαντες

2202 1599 2474 1661 τοσούτοις
2501 1596 2778 1668 βασιλεῦσι
2825 1596 2920 1649 καὶ
2949 1591 3417 1664 παραταξάμενοι,
3449 1591 3542 1642 καὶ
3569 1590 3794 1660 χρημά-

2202 1701 2310 1736 των
2344 1683 2496 1752 ἰσχὺν
2523 1679 2794 1750 τοσαύτην
2815 1678 2909 1733 καὶ
2929 1677 3110 1730 ὃπλων
3141 1676 3235 1728 καὶ
3271 1673 3623 1744 στρατιωτῶν
3653 1673 3798 1745 ἕχον-

2203 1783 2313 1829 τες,
2362 1765 2456 1818 καὶ
2488 1763 2832 1835 στρατηγοὺς
2851 1762 2947 1814 καὶ
2980 1759 3207 1830 μυρίους
3228 1758 3540 1820 ἐλάσαντες,
3566 1756 3668 1810 ἕνα
3693 1758 3792 1809 οὐκ

2205 1850 2432 1919 ἴσχυσαν
2461 1847 2755 1916 ἐναστῆσαι
2779 1845 2923 1899 ναόν·
2954 1843 3089 1898 ἀλλὰ
3113 1839 3438 1908 συναγωγὰς
3471 1841 3570 1910 μὲν
3598 1840 3789 1893 πολλα-

2203 1933 2298 2005 χοῦ
2328 1933 2434 1986 τῶν
2465 1931 2673 1983 πόλεων
2705 1929 3082 2001 ᾠκοδόμησαν,
3111 1931 3204 1978 τὸν
3234 1925 3292 1978 δὲ
3319 1924 3484 1976 τόπον
3520 1923 3615 1976 τὸν
3647 1940 3792 1993 παρ-

2202 2016 2478 2087 εσχηκότα
2508 2015 2693 2077 αὐτοῖς
2723 2014 2822 2084 τῆς
2849 2011 3055 2074 οἰκείας
3083 2008 3363 2070 πολιτείας
3383 2007 3444 2059 τὸ
3482 2006 3677 2076 κῦρος,
3703 2015 3794 2059 και

2203 2098 2332 2153 ἔνθα
2377 2098 2554 2152 πάντα
2585 2097 2760 2151 τελεῖν
2800 2094 3060 2170 εἰώθασι,
3103 2093 3196 2145 καὶ
3231 2090 3352 2143 ὃθεν
3396 2091 3424 2142 ὁ
3478 2089 3793 2160 ἰουδαῖσμὸς

2209 2183 2631 2254 σδγκεκρότητο,
2662 2179 2850 2234 τοῦτον
2886 2178 3043 2250 μόνον
3071 2175 3171 2229 οὐκ
3203 2175 3431 2244 ῐσχυσιν
3459 2173 3790 2243 ἀναστῆσαι.
