3832 6288
45 383 123 439 ἔδῖ
558 375 835 432 CONTRA
871 377 1154 435 JUDIEOS
1193 381 1279 435 ET
1320 380 1679 447 GENTILES,
1718 379 1907 448 QUOD
1947 375 2291 434 CHRISTUS
2328 374 2434 430 SIT
2468 375 2666 431 DEUS.

45 504 163 559 unt,
207 502 267 543 ac
307 498 511 545 temere
552 490 851 561 frustraque
886 489 1231 554 iactitarunt,
1268 503 1328 543 ea
1376 489 1569 543 tacuis-

49 594 151 644 ent.
194 596 307 650 qua:
336 581 499 634 tristia
532 581 985 652 ignominiosaque
1029 579 1168 648 apud
1218 580 1409 633 multos
1466 579 1564 632 lia-

46 675 279 729 iebantur.
299 669 414 724 1am
449 686 575 726 vero
594 671 667 725 illi
698 671 883 725 borum
907 671 1181 726 veritatem
1211 669 1566 736 declarantes,

45 782 69 819 ιι
116 762 212 815 illis
246 761 471 815 maxime
510 761 773 815 immorati
799 772 941 827 sunt,
972 761 1256 829 omniaque
1293 760 1570 828 diligenter

46 854 313 921 ’OpiOa‘eqlle
346 860 676 917 tractarunt,
726 867 824 906 nec
855 868 1015 922 parvo
1048 866 1151 906 nec
1193 866 1383 919 magno
1431 866 1567 920 quo-

46 945 146 997 .iani
202 943 552 1009 praetermisso
578 982 596 1008 ,
649 942 742 998 sed
785 943 837 997 in
864 945 1025 1013 signis
1066 954 1118 999 et
1167 942 1431 996 miraculis
1455 942 1571 1012 plu-

49 1036 137 1086 ima
182 1040 493 1095 tacuerunt;
539 1032 591 1086 in
643 1033 959 1088 cruciatibus
986 1044 1162 1089 autem
1198 1043 1254 1087 et
1306 1033 1398 1097 iis,
1450 1049 1568 1103 qua:

45 1122 345 1193 gnominiosa
406 1123 759 1189 videbantur,
826 1125 1112 1195 plurimum
1172 1126 1566 1193 immorantes,

45 1214 176 1266 ιιιιιιὶει
221 1227 404 1267 omnes
442 1223 686 1269 accurate
725 1226 1024 1270 narrarunt.
1054 1216 1248 1271 Verum
1282 1231 1411 1285 ergo
1440 1215 1569 1270 nihil

45 1318 191 1356 iorum
219 1302 354 1371 apud
402 1313 453 1357 te
490 1319 953 1373 commemorans,
996 1308 1163 1378 signa,
1211 1309 1462 1378 inquam,
1515 1317 1570 1361 et

46 1394 251 1449 miracula
282 1435 296 1459 ,
326 1404 382 1449 ut
424 1410 487 1450 ex
542 1396 829 1452 abundanti
858 1414 1068 1454 omnem
1125 1397 1446 1468 impudentis
1473 1397 1571 1450 lin-

46 1504 122 1545 :nze
150 1486 378 1541 furorem
431 1502 761 1557 compescam
790 1530 807 1555 ,
855 1506 915 1545 ea
965 1506 1083 1559 qua:
1132 1506 1270 1545 nunc
1297 1490 1565 1553 videntur,

52 1595 125 1633 ua:
165 1594 272 1647 pne
314 1580 549 1633 omnium
598 1582 763 1635 oculis
807 1584 974 1651 posita
1048 1593 1169 1637 sunt
1198 1623 1213 1646 ,
1270 1598 1387 1652 qua:
1453 1582 1570 1636 sole

46 1670 256 1735 .lariora,
290 1684 409 1739 quae
456 1671 649 1740 ubique
692 1671 744 1725 in
793 1681 903 1728 toto
956 1674 1085 1728 orbe
1130 1674 1405 1743 dispersa,
1449 1688 1567 1743 qua:

46 1764 308 1813 :niversum
370 1770 628 1830 occupant
672 1762 960 1829 mundum,
1013 1773 1280 1834 totamque
1326 1775 1567 1818 naturam

50 1851 262 1905 xcedunt
286 1890 304 1917 ,
348 1860 494 1920 gesta
520 1891 535 1916 ,
575 1867 692 1922 qua:
721 1854 877 1907 unius
919 1854 1011 1909 Dei
1037 1864 1189 1920 sunt,
1220 1870 1302 1920 ea,
1330 1856 1564 1924 inquam,

46 1960 65 1993 :i
106 1940 332 1994 medium
365 1940 576 1995 adduxi.
620 1941 754 2007 Quid
780 1941 911 1997 dicis
933 1983 950 2008 ,
989 1959 1096 1998 non
1136 1944 1405 1999 suscitavit
1430 1960 1570 1999 mor-

45 2028 329 2084 uos?Num
368 2030 496 2084 illud
538 2031 696 2086 etiam
739 2033 917 2087 dicere
968 2042 1151 2102 potes,
1199 2034 1466 2090 Ecclesias
1514 2036 1567 2089 in

49 2120 134 2174 rbe
192 2134 301 2172 non
354 2121 521 2175 esse?
570 2123 652 2175 An
698 2122 846 2177 dicas
876 2123 1078 2178 insidiis
1130 2141 1234 2181 non
1310 2127 1569 2196 appetitas

46 2224 161 2275 sse,
210 2227 320 2266 non
359 2228 636 2282 superasse
681 2231 779 2269 nec
824 2217 1094 2270 victoriam
1147 2218 1458 2287 reportare?
1501 2221 1572 2275 At

51 2302 451 2357 uernadmodum
491 2303 594 2359 dici
635 2321 737 2359 non
767 2314 939 2376 potest
970 2308 1138 2362 solem
1184 2324 1287 2364 non
1314 2326 1465 2379 esse,
1494 2312 1571 2368 sic

46 2407 175 2461 ieque
220 2395 338 2449 ham
382 2394 487 2451 dici
532 2406 771 2466 possunt.
806 2397 941 2465 Quid
997 2401 1165 2470 ergo?
1208 2401 1396 2457 Annon
1424 2401 1572 2459 vides

3122 373 3227 431 838

1674 486 1878 542 Jndaici
1926 487 2110 558 templi
2166 489 2372 543 ruinam
2418 489 2471 544 in
2523 491 2681 546 totius
2738 490 2880 547 orbis
2948 505 3233 562 conspectu

1674 579 1939 648 positam?
1976 578 2082 633 Cur
2127 594 2231 633 non
2286 589 2459 634 tecum
2513 579 2615 637 hoc
2659 592 2910 651 reputas:
2943 583 3044 636 nisi
3096 581 3236 638 Deus

1672 679 1851 735 esset,
1882 669 2120 738 Deusque
2150 668 2298 722 fortis
2324 708 2339 733 ,
2365 670 2632 739 quomodo
2660 674 2890 727 cultores
2918 671 3031 741 ejus
3057 673 3230 728 vexati

1672 770 1727 815 et
1748 760 1993 828 exagitati
2021 761 2090 813 ita
2133 770 2419 815 creverunt
2446 802 2460 824 ,
2492 762 2579 830 qui
2621 771 2795 817 autem
2824 763 2970 817 illum
3025 765 3233 819 crnciii-

1671 859 1904 915 xerunt,
1956 860 2009 905 et
2068 850 2357 915 lmserunt‘,
2427 851 2500 905 ita
2542 850 2733 920 dejecti
2800 863 2965 919 sunt,
3022 862 3079 908 ut
3128 864 3234 909 tota

1672 940 1940 1011 republica
1989 956 2082 995 sua
2118 941 2462 1008 exciderent,
2508 951 2561 995 et
2612 942 2761 1009 vagi,
2816 957 3066 1007 errones,
3111 959 3234 1013 pro-

1670 1031 1778 1103 fugi
1804 1034 2158 1096 circumeant,
2191 1049 2286 1087 nec
2330 1034 2660 1103 quantumvis
2690 1034 2937 1087 diuturno
2996 1043 3236 1104 tempore

1670 1127 1977 1181 alterutrum
2021 1141 2203 1180 eorum
2244 1126 2472 1179 solutum
2503 1135 2864 1194 niutatnmquc
2917 1125 3036 1179 est?
3076 1127 3235 1194 Atqui

1670 1219 1923 1274 adversus
1942 1219 2237 1273 Romanum
2257 1218 2529 1287 imperium
2553 1217 2626 1279 bi,
2654 1217 2838 1280 Judaei,
2866 1217 3099 1286 inquam,
3129 1217 3240 1270 bel-

1671 1310 1778 1364 lum
1808 1318 2188 1378 susceperunt,
2234 1325 2381 1361 arma
2434 1317 2742 1372 moverunt,
2789 1306 3057 1375 multoque
3099 1316 3237 1359 teni-

1670 1414 1801 1469 pore
1842 1403 1967 1455 illud
2022 1408 2424 1469 oppugnarunt,
2468 1398 2574 1452 imo
2648 1397 2927 1466 aliquando
2974 1397 3235 1458 vicerunt.

1671 1506 1770 1545 nec
1814 1506 1971 1560 parva
2003 1493 2209 1559 negotia
2242 1491 2477 1545 fecerunt
2503 1491 2747 1559 Augustis
2778 1489 2914 1541 illius
2941 1487 3194 1555 temporis
3214 1501 3237 1545 :

1673 1590 1812 1635 tanta
1860 1593 2012 1635 erant
2078 1582 2311 1651 potentia
2373 1582 2636 1635 instructi.
2690 1585 2936 1634 Attamen
2983 1580 3073 1649 qui
3120 1593 3238 1633 cum

1673 1679 1751 1726 tot
1776 1671 2183 1741 lmperatoribus
2209 1672 2346 1726 bella
2395 1680 2668 1742 gesserunt
2701 1712 2715 1735 ,
2763 1671 2849 1740 qui
2899 1679 3037 1724 tanta
3082 1685 3242 1738 pecu-

1669 1763 1879 1818 niarum
1912 1802 1928 1826 ,
1985 1778 2299 1829 armorum,
2366 1762 2590 1816 militum
2662 1763 2713 1814 vi
2779 1760 3081 1830 pollebant,
3151 1760 3241 1829 qui

1668 1856 1853 1910 duces.
1884 1853 2189 1909 innumeros
2232 1854 2573 1923 repulerunt,
2619 1869 2778 1907 unum
2820 1854 3053 1908 excitare
3104 1861 3242 1906 tem-

1666 1948 1818 2017 plum
1870 1960 1973 1997 non
2018 1954 2342 2013 potuerunt;
2390 1944 2483 1998 sed
2529 1957 2820 2015 synagogas
2873 1943 3083 2011 quidem
3146 1955 3241 2011 per

1669 2039 1829 2093 urbes
1853 2043 2167 2092 exstruxere
2208 2035 2434 2099 multas;
2466 2034 2638 2098 locum
2682 2048 2806 2087 vero
2834 2032 2981 2086 illum
3022 2031 3109 2100 qui
3142 2031 3243 2084 rei-

1675 2129 1896 2199 publicae
1943 2142 2058 2183 suae
2102 2126 2301 2195 prazbct
2328 2126 2693 2179 auctoritatem
2721 2165 2735 2189 ,
2765 2122 2851 2177 ubi
2889 2137 3099 2176 omnem
3129 2122 3244 2176 cul-

1674 2230 1783 2274 tum
1832 2222 2140 2290 persolvere
2193 2227 2613 2283 consueverant,
2683 2226 2840 2285 atque
2881 2212 3019 2268 unde
3063 2212 3243 2268 .ludai-

1673 2323 1818 2364 smus
1840 2310 2209 2375 constituitur,
2243 2308 2380 2362 hunc
2400 2350 2415 2374 ,
2446 2308 2657 2377 inquam
2689 2347 2702 2373 ,
2731 2305 2902 2360 solum
2950 2305 3244 2359 instaurare

1676 2419 1780 2458 non
1821 2412 2077 2473 potuerun
2086 2413 2122 2458 ι.
