3920 6274
536 367 638 422 8'59

1194 347 1274 436 .‘S.
1314 361 1602 418 JOANNIS
1638 358 2126 418 CH‘RYSOSTOMI
2163 358 2482 416 ARCHIEP.
2525 353 3070 414 CONSTANTINGP.

3661 354 3761 410 810

540 537 3738 602 ψ

1069 798 1192 888 IN
1294 770 1718 886 LIBROS
1797 790 2110 884 OCTO
2203 786 2684 880 CONTRA
2764 782 3252 876 JUD/EOS

1795 1078 2504 1193 MONITUM.

2135 1370 2209 1386 ᾗ.

629 1547 737 1602 llas
786 1555 977 1601 contra
1027 1544 1243 1600 Iudaeos
1298 1543 1734 1598 concertationes
1791 1548 2114 1595 memoratas
2173 1555 2179 1561 '

558 1651 793 1705 vidimus
828 1649 964 1702 lihro
999 1646 1343 1716 prtecedenti,
1373 1659 1480 1699 non
1510 1644 1668 1715 quasi
1692 1643 1804 1713 jam
1837 1643 2117 1698 institutas

558 1762 610 1805 cl
644 1754 699 1806 in
729 1752 958 1820 publicis
981 1749 1333 1804 concionibus
1370 1747 1605 1812 habitas,
1653 1745 1748 1802 sed
1788 1745 1947 1815 quasi
1980 1759 2118 1814 pra:-

556 1862 782 1922 paratas
813 1870 825 1904 :
863 1851 1053 1904 Daniel
1081 1858 1280 1909 autem,
1319 1847 1498 1916 inquit
1533 1846 1976 1917 Clirysostomus,
2009 1846 2118 1898 lucc

558 1953 738 2005 uinaria
773 1962 946 2019 aperte
972 1959 1184 2010 narrat,
1218 1927 1457 2000 universa
1495 1961 1672 2014 nempe
1703 1945 1933 1999 tollenda
1985 1959 2116 2005 esse,

562 2053 809 2112 Ii'oxtiam,
842 2050 1087 2112 libamen,
1116 2049 1431 2109 unctionem,
1456 2045 1740 2114 judicium.
1771 2043 1959 2097 Verum
1988 2044 2121 2109 ha'c,

562 2153 774 2220 quando
834 2152 1082 2202 adversus
1132 2146 1346 2200 Judwos
1413 2162 1700 2199 sermonem
1760 2145 2116 2206 instituemus,

565 2255 765 2306 clarius
803 2251 1072 2320 fusiusque
1127 2248 1544 2316 explicabimus:
1583 2245 1739 2297 Ἀλλὰ
1772 2244 1940 2296 ταῦτα
2003 2243 2123 2312 μὲν,

565 2356 730 2426 ἡνίκα
772 2353 836 2406 ἂν
873 2353 1008 2423 πρὸς
1027 2353 1151 2412 τοὺς
1174 2349 1456 2412 Ἰουδαίους
1488 2348 1764 2419 λέγωμεν,
1793 2348 2123 2418 σαφέστερον

568 2456 662 2508 καὶ
691 2454 980 2526 εὐρύτερον
1018 2453 1413 2522 ἀναπτύξομεν.
1457 2449 1606 2505 lianc
1635 2465 1764 2504 vero
1796 2461 2124 2520 postremam

567 2556 918 2611 Judaicorum
955 2556 1155 2610 rituum
1199 2553 1637 2622 reprobationeni
1691 2551 2129 2620 solutionemque

569 2660 877 2722 advenisse,
906 2657 1046 2720 fuse,
1080 2667 1137 2710 ut
1178 2656 1451 2726 pollicitus
1478 2665 1614 2717 erat.
1648 2653 1990 2709 demonstrat
2039 2653 2128 2707 ille

571 2761 626 2813 in
664 2761 748 2815 his
780 2768 968 2813 contra
1000 2757 1213 2812 ludar-os
1266 2756 1529 2816 homiliis,
1587 2755 1822 2808 maxime
1876 2768 2006 2806 vero
2076 2752 2128 2806 in

572 2862 816 2932 quinque
877 2861 1110 2922 ultimis,
1159 2861 1271 2923 ubi,
1326 2859 1546 2914 homilia
1583 2874 1777 2928 nempe
1809 2856 2022 2926 quinta,
2063 2871 2130 2908 ex

577 2963 799 3018 Daniele
853 2964 1153 3032 prmsertim
1203 2963 1307 3017 hoc
1337 2970 1717 3031 argumentum
1754 2958 2126 3029 prosequitur.

579 3063 674 3120 lla:
705 3073 884 3119 autem
925 3066 1163 3134 quinque
1189 3064 1392 3116 ultimae
1419 3077 1586 3125 anno,
1630 3070 1688 3114 ut
1727 3069 1999 3129 putamus,
2033 3057 2137 3112 587

581 3166 779 3221 habitae
813 3176 958 3220 sunt.
995 3165 1125 3219 Vide
1157 3167 1210 3219 in
1242 3164 1445 3218 Monito
1476 3162 1822 3233 praicedenti.

652 3268 1010 3323 Homiliarum
1044 3267 1176 3321 ordo
1226 3282 1332 3320 non
1381 3281 1523 3319 unus
1590 3265 1840 3332 idemque
1898 3261 2136 3316 occurrit

578 3379 691 3422 tam
723 3369 775 3421 in
807 3367 988 3432 editis,
1041 3383 1203 3436 quam
1248 3365 1302 3418 in
1348 3362 1752 3429 nianuscriptis.
1808 3360 1975 3414 David
2010 3357 2140 3413 Haa-

582 3469 842 3532 schelius,
891 3482 1050 3536 quem
1092 3477 1312 3523 secutus
1352 3475 1437 3520 est
1481 3463 1686 3517 Fronto
1746 3461 1992 3526 Ducmus,
2046 3475 2140 3516 sex

587 3582 980 3642 consequenter
1009 3581 1198 3627 contra
1237 3569 1458 3625 Judaaos
1508 3569 1662 3638 ponit
1713 3565 2006 3629 homilias;
2059 3565 2143 3618 ni-

587 3675 782 3729 mirum
814 3676 1040 3744 primam
1062 3689 1202 3738 eam,
1236 3687 1354 3737 qua:
1384 3669 1594 3740 incipit,
1643 3667 1972 3737 Ἐϐουλόμην
2005 3668 2133 3736 ὑμῖν

585 3773 872 3829 ἀποδοῦναι
899 3793 911 3827 :
955 3754 1273 3838 secundam,
1305 3771 1470 3825 Πάλιν
1507 3773 1555 3821 οἱ
1597 3769 1818 3822 δείλαιοι
1848 3787 1861 3824 :
1889 3765 2100 3822 tertiam
2129 3803 2144 3828 ,

589 3875 756 3929 Πόθεν
779 3877 909 3946 ἡμῖν
930 3875 1036 3947 ἄρα
1062 3892 1075 3928 :
1106 3883 1379 3945 quartam,
1403 3872 1482 3925 Τὰ
1509 3871 1672 3942 θηρία
1703 3870 1843 3934 ἓωςε
1876 3869 2147 3939 quintam,

586 3970 733 4044 ’Ἂρα
757 3975 915 4047 κόρον
946 3975 1164 4028 ἐλάϐετε
1190 3993 1203 4028 :
1230 3983 1460 4038 sextam,
1497 3971 1777 4044 Παρῆλθεν
1818 3973 1850 4042 ἡ
1903 3969 2146 4041 νηστεία.

591 4075 790 4132 Eodem
825 4086 1003 4132 autem
1036 4077 1144 4130 ritu
1171 4075 1251 4132 ea:
1282 4077 1550 4130 habentur
1599 4075 1652 4126 in
1687 4071 1964 4136 omnibus,
2008 4086 2149 4140 quos

592 4178 1258 4247 quatuordeeim'numero
1290 4178 1547 4238 vidimus,
1593 4173 1997 4242 manuscriptis,
2041 4186 2152 4224 uno

592 4282 819 4341 eXcepto
845 4276 1031 4346 Regio,
1059 4275 1221 4340 2900,
1253 4277 1346 4345 qui
1381 4276 1564 4345 priore
1589 4273 1969 4343 prmterinissa,
1995 4271 2154 4341 cuius

594 4367 831 4441 initium,
880 4377 1205 4447 Ἐϐουλόμην
1261 4377 1385 4446 ὑμῖν
1443 4375 1748 4442 ἀποδοῦναι,
1801 4391 1831 4430 a
1896 4375 2152 4438 secunda,

597 4480 756 4550 cujus
799 4479 1158 4550 primordium
1201 4487 1302 4544 est,
1342 4477 1510 4530 Πάλιν
1541 4479 1589 4530 οἱ
1641 4477 1884 4538 δείλαιοι,
1936 4475 2153 4528 initium

597 4587 767 4651 ducit,
834 4597 1063 4651 eamque
1114 4583 1343 4651 primam
1402 4581 1672 4644 inscribit,
1743 4588 1907 4648 atque
1961 4577 2152 4632 eodem

599 4695 787 4758 postea
819 4684 1139 4740 numerandi
1171 4683 1359 4738 ordine
1385 4681 1630 4753 procedit
1653 4698 1666 4746 ;
1701 4681 1771 4733 ita
1797 4688 1853 4732 ut
1873 4671 1988 4748 qua:
2008 4686 2155 4731 sexta

599 4790 760 4847 estin
804 4789 1125 4843 recensione
1157 4803 1320 4856 supra
1369 4794 1422 4840 et
1455 4787 1509 4840 in
1556 4783 1813 4839 tredecim
1852 4780 2158 4835 manuscri-

602 4893 730 4963 ptis,
769 4891 958 4964 quinta
1015 4889 1085 4942 ibi
1141 4896 1476 4942 numeretur.
1535 4885 1694 4939 Hunc
1737 4899 1868 4937 vero
1911 4881 2158 4935 ordinem

604 4995 776 5048 secuti
825 4992 989 5047 etiam
1027 4999 1155 5045 sunt
1203 4988 1460 5043 Erasmus
1499 4997 1553 5042 et
1586 4987 1852 5040 Henricus
1902 4983 2158 5045 Savilius,

604 5096 696 5165 qui
727 5104 1035 5162 postremus
1058 5092 1166 5145 illis
1195 5092 1436 5161 quinque
1466 5091 1707 5144 homiliis
1754 5104 1874 5142 eam
1931 5079 2162 5154 subjun-

551 5259 557 5264 _
605 5197 703 5263 git,
749 5209 871 5262 quae
906 5193 964 5246 in
1001 5192 1391 5262 manuscriptis
1444 5191 1721 5253 omnibus,
1775 5204 1883 5243 uno
1935 5197 2162 5256 excepto

613 5295 799 5364 Regio,
861 5295 1033 5364 prima
1069 5294 1299 5360 locatur,
1357 5309 1523 5362 quam
1575 5302 1754 5345 tamen
1801 5299 2006 5344 sextam
2055 5305 2163 5342 non

613 5398 860 5453 inscribit
891 5397 1149 5460 Savilius,
1177 5397 1334 5466 quasi
1385 5408 1537 5451 extra
1588 5409 1872 5449 numerum
1910 5392 2165 5460 positam.

612 5500 767 5556 Hunc
791 5516 958 5571 porro
980 5503 1224 5556 ordinem
1259 5517 1324 5556 ex
1387 5501 1559 5556 tribus
1615 5499 1994 5566 Manuscriptis
2043 5512 2169 5551 mu-

613 5611 822 5657 tuatum
868 5619 927 5658 se
966 5619 1086 5659 esse
1130 5604 1469 5661 testiﬁcatur.
1531 5603 1638 5657 Sex
1688 5601 1926 5680 homiliis
1981 5611 2169 5656 contra

612 5706 830 5766 Judaos
866 5711 1172 5779 septimam,
1227 5709 1376 5764 nullo
1425 5718 1602 5763 tamen
1640 5720 1869 5761 numero
1902 5713 2166 5770 notatam,

2219 1545 2404 1614 adjicit
2431 1544 2668 1601 Savilius
2693 1563 2812 1602 eam
2853 1564 2976 1618 qua!
3006 1549 3343 1612 inscribitur,
3384 1561 3572 1604 contra
3592 1569 3681 1605 eos
3696 1554 3782 1620 qui

2219 1647 2279 1700 in
2329 1644 2889 1718 Paschatejejunant:
2934 1667 3054 1720 quae
3103 1650 3157 1704 in
3185 1649 3352 1720 Regio
3393 1653 3555 1706 etiam
3605 1654 3782 1708 codice

2225 1746 2364 1802 1965
2414 1758 2536 1817 post
2595 1765 2691 1803 sex
2740 1759 2927 1804 contra
2975 1748 3192 1806 Iudaeos
3242 1753 3497 1807 homilias
3551 1754 3781 1809 locatur.

2224 1850 2487 1905 Octavam
2544 1852 2757 1920 deinde,
2817 1852 2965 1906 nullo
2997 1861 3178 1906 tamen
3237 1853 3487 1922 apposito
3533 1869 3784 1915 numero,

2226 1952 2369 2006 locat
2401 1951 2637 2007 Savilius
2663 1968 2803 2017 eam,
2830 1952 2915 2008 cui
2943 1953 3156 2016 titulus,
3181 1953 3377 2006 Contra
3413 1969 3499 2006 eos
3545 1956 3641 2023 qui
3691 1954 3790 2008 Ju—

2227 2055 2462 2109 drcorum
2481 2055 2747 2125 jejunium
2767 2055 3033 2125 jejunant.
3071 2055 3180 2111 Has
3210 2072 3334 2111 vero
3389 2057 3526 2110 duas
3581 2069 3792 2127 postre-

2228 2169 2344 2207 mas
2370 2153 2568 2210 Fronto
2592 2156 2820 2209 Dircaeus
2859 2155 3050 2225 procul
3093 2155 3161 2210 ab
3191 2133 3315 2209 aliis
3355 2167 3541 2208 contra
3579 2155 3799 2210 Juda'os

2228 2255 2466 2310 homiliis
2499 2256 2551 2310 in
2583 2256 2832 2325 quintum
2859 2266 3065 2312 tomum
3092 2257 3382 2328 ablegavit.

2303 2357 2399 2411 llic
2442 2374 2686 2428 magnam
2745 2359 2926 2414 cernis
2982 2359 3297 2414 varietatem
3364 2369 3524 2428 atque
3589 2360 3800 2413 ordinis

2233 2459 2720 2530 perturbationem,
2753 2474 2882 2513 casu
2928 2459 3108 2528 potius
3142 2475 3305 2527 quam
3346 2461 3581 2514 consilio
3637 2462 3795 2514 indu-

2233 2555 2396 2611 ctam.
2470 2554 2541 2611 Ut
2605 2573 2735 2610 vero
2788 2565 2990 2611 tantam
3062 2558 3348 2628 caliginem
3393 2560 3796 2614 discuteremns

2235 2679 2341 2716 non
2366 2677 2559 2732 parum
2611 2662 2986 2717 desudandum
3053 2662 3210 2716 nobis
3259 2661 3399 2728 fuit;
3455 2661 3569 2716 Deo
3621 2673 3795 2718 tamen

2242 2763 2426 2827 dante,
2453 2773 2506 2819 et
2541 2764 2717 2818 locum
2742 2771 2794 2818 et
2821 2763 3065 2818 ordinem
3089 2763 3354 2832 cujusque
3379 2780 3479 2818 nos
3501 2765 3798 2834 deprehen-

2249 2864 2395 2918 disse
2419 2873 2694 2933 putamus.
2729 2861 2967 2918 Primam
3000 2863 3182 2934 itaque
3220 2864 3610 2919 constituimus
3658 2879 3798 2926 eam,

2241 2982 2405 3035 quam
2435 2976 2489 3020 et
2527 2965 2697 3022 David
2733 2965 3079 3020 l-luascbelius
3111 2976 3164 3019 et
3191 2964 3393 3019 Fronto
3418 2964 3648 3018 Ducazus
3693 2965 3800 3034 pri-

2243 3083 2386 3120 mam
2418 3083 2668 3136 posuere,
2691 3067 2849 3136 cujus
2876 3066 3116 3128 initium.
3155 3065 3486 3136 Ἐϐουλόμην
3513 3067 3644 3134 ὑμῖν
3672 3066 3806 3117 dim-

2246 3169 2467 3224 δοῦναιε
2506 3171 2799 3224 secundam
2837 3169 3084 3224 locamus
3117 3182 3260 3234 eam,
3307 3182 3426 3238 quae
3469 3167 3549 3220 sic
3597 3168 3804 3235 incipit,

2257 3267 2321 3321 Ἠ
2373 3270 2468 3338 μὲν
2499 3267 2651 3338 παρά
2677 3286 2839 3339 νομος
2861 3269 2954 3321 καὶ
2982 3267 3289 3338 ἀκάθαρτος
3314 3309 3329 3332 ,
3355 3281 3517 3336 quam
3571 3265 3806 3318 Smilius

2246 3377 2439 3421 octavo
2476 3368 2595 3422 loco
2631 3367 2834 3437 posuit,
2870 3367 3075 3421 Fronto
3105 3365 3334 3418 Dircaeus
3362 3372 3541 3416 autem
3566 3361 3623 3413 in
3649 3359 3806 3427 quin-

2249 3479 2362 3523 tum
2405 3478 2612 3522 tomum
2640 3469 2906 3538 ablegavit
2933 3487 2944 3522 :
2973 3467 3186 3521 tertiam
3209 3480 3351 3524 eam,
3399 3477 3520 3533 quae
3552 3461 3634 3515 sic
3675 3460 3806 3522 init,

2250 3569 2420 3621 Πάλιν
2469 3567 2626 3638 χρεία
2663 3585 2766 3632 τις,
2809 3581 2972 3636 quam
3014 3565 3249 3620 Savilius
3288 3562 3572 3633 septimam
3607 3560 3808 3629 posuit,

2252 3667 2402 3742 [58%|
2443 3667 2672 3723 Ducaaus
2711 3679 2890 3722 autem
2936 3669 2988 3722 in
3027 3668 3276 3736 quintum
3329 3675 3532 3719 tornum
3575 3661 3763 3732 rejecit
3796 3678 3808 3711 :

2251 3779 2499 3842 quartam
2558 3772 2703 3826 illam
2739 3771 2898 3839 cujus
2953 3769 3203 3831 initium,
3264 3767 3431 3820 Πάλιν
3469 3767 3520 3818 οἱ
3567 3764 3810 3826 δείλαιοι,

2253 3890 2416 3944 quam
2449 3873 2652 3926 Fronto
2692 3871 2917 3925 Ducaeus
2945 3870 3262 3933 secundam,
3296 3866 3532 3922 Savilius
3581 3867 3814 3934 primam

2256 3976 2558 4031 constituit.
2588 3974 2847 4044 Reliquas
2885 3987 3013 4026 vero
3044 3979 3440 4040 consequenter
3484 3967 3713 4030 damus,
3762 3977 3816 4019 ut

2257 4076 2312 4131 in
2341 4075 2504 4131 editis
2527 4075 2783 4129 omnibus
2803 4074 3072 4128 habentur
3100 4089 3114 4136 ;
3145 4072 3217 4127 ita
3263 4080 3321 4126 ut
3369 4087 3488 4140 quae
3538 4070 3697 4123 tertia
3737 4077 3816 4121 est

2257 4178 2399 4248 apud
2452 4176 2738 4240 Dircaeum,
2773 4173 3095 4231 etsecunda
3164 4173 3302 4243 apud
3364 4171 3651 4230 Savilium,
3705 4169 3815 4238 jam

2256 4283 2449 4352 quinta
2484 4290 2736 4350 ponatur,
2770 4289 2824 4333 et
2854 4268 3140 4347 sequentes
3190 4276 3377 4331 eaiIi-m
3407 4265 3696 4328 varietatis
3729 4288 3817 4326 ra-

2257 4383 2404 4436 tione
2438 4391 2812 4435 numerentur.

2331 4479 2487 4534 llunc
2523 4495 2685 4549 porro
2708 4495 2908 4534 novum
2943 4478 3189 4534 ordinem
3223 4492 3329 4530 non
3369 4486 3568 4530 temere
3613 4473 3816 4529 consti-

2265 4591 2440 4635 tutum
2481 4596 2601 4635 esse
2629 4580 2967 4649 probandum
3017 4577 3176 4631 nobis
3209 4575 3490 4630 incumbit.
3527 4574 3601 4628 De
3645 4575 3813 4644 prima

2260 4683 2420 4752 cujus
2466 4681 2701 4743 initium,
2763 4679 3091 4749 Ἐϐουλόμην
3147 4678 3274 4748 ὑμῖν
3323 4676 3631 4737 ἀποδοῦναι,
3677 4676 3816 4728 nulla

2261 4787 2366 4838 erit
2404 4784 2654 4853 quaestio,
2702 4783 2746 4836 si
2781 4791 3009 4836 caeteras
3068 4796 3189 4834 eam
3228 4779 3382 4848 sequi
3437 4778 3636 4831 debere
3671 4793 3819 4830 com-

2263 4896 2650 4939 monstremus.
2680 4884 2913 4938 Primam
2956 4882 3118 4951 igitur
3142 4879 3421 4941 homiliam
3453 4877 3644 4931 habuit
3675 4885 3820 4946 post-

2263 5004 2425 5058 quam
2462 4986 2760 5042 certamina
2795 4994 2987 5040 contra
3035 4985 3331 5037 Anommos
3375 4996 3557 5039 orsus.
3608 4994 3819 5046 unaque

2265 5092 2374 5162 jam
2401 5089 2583 5144 habita
2615 5088 2898 5150 concione,
2931 5084 3262 5139 instantibus
3287 5079 3604 5134 Judaeorum
3652 5077 3817 5136 l‘criis.

2268 5189 2644 5258 Scenopegia,
2690 5187 2952 5257 jejuniis,
3008 5185 3206 5253 quibus
3253 5178 3552 5236 Christiani
3606 5179 3818 5247 quilam

2267 5291 2616 5355 Antiocheni,
2649 5289 2847 5359 partim
2891 5285 3191 5356 spectandi,
3243 5284 3436 5352 partim
3496 5285 3664 5337 etiam
3727 5301 3818 5336 una

2267 5393 2583 5454 celebrandi
2625 5401 2787 5459 atque
2810 5387 3092 5460 jejunandi
3137 5399 3323 5448 causa,
3379 5385 3646 5438 interesse
3696 5385 3824 5436 sol»-

2265 5500 2421 5557 bant.
2453 5496 2582 5549 huic
2614 5494 2702 5547 ille
2732 5491 2923 5546 morbo
2949 5496 3008 5542 ut
3049 5488 3372 5545 mederetur,
3404 5485 3824 5538 concertationis

2266 5609 2456 5656 contra
2499 5599 2797 5651 Anomaaos
2863 5607 3082 5647 cursum
3146 5589 3450 5656 intercepit,
3497 5603 3564 5641 ac
3617 5584 3825 5640 Judxos

2269 5700 2699 5767 Judzeorumque
2748 5708 3010 5766 sequaces
3069 5691 3294 5746 adortus
3336 5697 3439 5743 est.
3495 5685 3552 5742 Id
3609 5685 3828 5757 contigit
