3920 6280
96 435 222 491 839‘

95 575 247 616 anno
280 551 410 611 586,
473 554 534 601 ut
564 543 804 598 diximus
837 540 891 593 in
927 535 1132 591 Monito
1171 533 1239 588 ad
1297 529 1552 586 homilias
1596 527 1666 580 De

95 645 641 724 inconprehensibili,
671 653 724 698 et
755 657 820 694 ex
852 654 978 693 mox
1003 635 1248 691 dicendis
1294 632 1510 702 planius
1540 628 1663 683 erit.

99 759 219 822 Qua
249 768 384 807 vero
423 747 549 802 anni
583 750 902 813 tempestate
932 739 1045 793 haec
1078 731 1392 790 concionari
1423 728 1668 798 coeperit,

104 862 222 927 ipse
249 854 416 924 paulo
445 857 572 920 post
603 847 816 901 initium
854 841 1090 896 homilite
1127 838 1315 908 prima:
1347 833 1668 890 testiﬁcatur

103 959 190 1013 bis
221 955 454 1011 verbis:
513 947 733 1019 Ἐορταὶ
779 943 886 998 τῶν
949 940 1149 994 ἀθλίων
1195 937 1289 991 καὶ
1308 933 1668 1003 ταλαιπώρων

108 1058 385 1114 Ἰουδαίων
411 1052 662 1125 μέλλουσι
685 1046 1070 1121 προσελαύνειν
1115 1042 1355 1110 συνεχεῖς
1383 1038 1474 1091 καὶ
1499 1035 1666 1089 ὲπάλς-

93 1163 267 1233 ληλοι,
327 1159 384 1211 αῖ
425 1155 745 1222 σάλπιγγες,
791 1151 847 1202 αἱ
883 1144 1267 1218 σκηνοπηγίαι,
1311 1142 1368 1195 αἰ
1400 1141 1662 1210 νηστεῖαι.

94 1261 276 1314 Ferit:
331 1259 644 1310 miserorum
679 1261 836 1321 atque
886 1261 1302 1302 mrumnosorum
1356 1241 1666 1297 Judworum

93 1365 365 1418 continua:
401 1368 452 1413 et
500 1358 793 1427 {urguentes
844 1356 1067 1417 instant,
1107 1350 1262 1410 tubae,
1323 1347 1664 1415 scenopegic,

87 1463 323 1533 Jejunia.
368 1457 466 1514 llis
500 1466 718 1510 nota-tur
747 1455 890 1508 haud
925 1453 1089 1507 dubie
1116 1451 1320 1506 mensis
1363 1448 1502 1503 Tisri
1551 1448 1665 1502 sive

90 1562 435 1633 September,
471 1560 632 1628 cujus
658 1555 869 1612 decimo
893 1555 1086 1624 quinto
1106 1552 1194 1608 die
1214 1550 1504 1620 incipiebat
1533 1546 1664 1602 See-

91 1662 346 1730 nopegia,
385 1675 480 1713 seu
531 1657 731 1713 festum
778 1652 1306 1709 Tabernaculorum.
1347 1650 1447 1704 Illo
1482 1660 1660 1704 autem

90 1774 280 1813 mense
309 1757 468 1827 plura
506 1755 648 1825 apud
681 1753 906 1808 'Judazos
938 1751 1300 1807 occurrebant
1320 1751 1478 1812 festa,
1497 1766 1659 1820 quam

95 1863 146 1914 iu
173 1859 428 1926 quolibet
455 1859 566 1912 alio
596 1857 763 1911 totius
799 1859 950 1920 anni,
994 1844 1051 1909 ut
1100 1855 1284 1908 videas
1323 1853 1465 1922 apud
1514 1852 1662 1905 Bas--

91 1955 322 2019 torium,
385 1954 737 2008 Leusdeuum
771 1965 824 2008 et
874 1953 1032 2018 alios,
1063 1954 1208 2021 quod
1243 1953 1405 2006 etiam
1463 1952 1663 2006 indicat

89 2058 519 2126 tlbrysostomus
565 2071 689 2108 cum
731 2055 864 2108 dicit
915 2056 1158 2124 συνεχεῖς
1211 2054 1302 2106 καὶ
1348 2053 1657 2122 ἐπάλληλοι.

96 2161 249 2215 Hanc
308 2159 715 2214 solemnitatum
775 2157 1137 2228 frequentiam
1197 2156 1404 2225 aliquot
1465 2156 1662 2211 diebus

89 2259 452 2314 antevertisse
490 2258 940 2329 Chrysostomum
993 2273 1118 2312 cum
1184 2256 1462 2326 prtemissa
1493 2258 1658 2310 verba

87 2361 401 2420 declarant,
439 2368 552 2412 tum
589 2374 711 2411 mox
746 2357 1019 2411 aﬂ'erenda
1068 2356 1450 2410 testiﬁcantur.
1478 2354 1659 2422 Quare

94 2477 284 2517 mense
342 2462 594 2530 Augusto
644 2461 873 2528 primam
926 2457 1203 2511 homiliam
1267 2456 1524 2510 habuisse
1569 2457 1658 2509 vi-

86 2564 265 2615 detur.
1163 2552 1171 2562 ’

159 2674 474 2729 Secundam
509 2673 814 2735 homiliam,
851 2686 969 2725 eam
1015 2685 1228 2738 nempe,
1269 2685 1386 2740 quae
1417 2670 1494 2724 sic
1520 2669 1660 2722 inei-

87 2780 188 2847 pit,
232 2777 301 2828 Ἦ
349 2775 449 2845 μὲν
494 2775 812 2845 παράνομος
857 2773 950 2825 καὶ
994 2771 1318 2839 ἀκάθαρτος,
1352 2770 1538 2824 decem
1567 2778 1661 2823 aut

93 2879 349 2948 pluribus
381 2876 584 2946 elapsis
623 2891 650 2929 a
684 2876 858 2944 prima
903 2873 1097 2927 diebus
1151 2872 1360 2934 habuit,
1417 2872 1660 2942 quinque

87 2979 285 3032 diebus
317 2985 443 3029 ante
471 2990 632 3044 quam
660 2972 970 3027 Judaeorum
999 2970 1283 3039 jejuniu-m-
1314 2969 1549 3032 adesset,
1602 2974 1662 3020 ut

87 3080 166 3131 sic
208 3077 326 3144 ipse
377 3075 618 3128 declarat
666 3073 864 3136 initio,
904 3071 964 3125 ἸΙ
1025 3072 1122 3142 μὲν
1183 3066 1274 3124 οὖν
1344 3069 1659 3142 παράνομος

85 3177 266 3230 αὐτῶν
295 3176 518 3245 νηστεία
551 3175 686 3246 μετά
727 3174 885 3226 πέντε
915 3173 1096 3226 λοιπὸν
1120 3173 1332 3242 ἡμέρας
1353 3171 1656 3239 ὲφίσταται’

86 3278 200 3347 ἐγὼ
239 3278 298 3330 δὲ
345 3277 452 3348 πρὸ
476 3277 608 3329 δέκα
645 3276 867 3346 ἡμερῶν
895 3275 928 3345 ἣ
958 3274 1051 3328 καὶ
1092 3275 1350 3328 πλειόνων
1375 3271 1659 3344 προλαϐὼν

85 3379 440 3447 ἐποιησάμην
487 3377 585 3446 τὴν
633 3376 990 3445 παραίνεσιν,
1051 3373 1188 3426 ὥστε
1262 3369 1662 3442 ἀσφαλίσασθαι

84 3482 214 3541 τοὺς
242 3479 510 3546 ἀδελφοὺς
558 3477 684 3540 τοὺς
735 3475 1062 3546 ὑμετέρους·
1117 3473 1462 3544 lllegitimum
1500 3474 1662 3542 igitur

81 3584 323 3647 ipsorum
350 3579 619 3648 jejunium
638 3589 753 3645 post
783 3578 1008 3647 quinque
1033 3578 1144 3630 dies
1188 3577 1426 3645 deinceps
1455 3577 1658 3636 instat:

83 3695 138 3734 ιιι
168 3701 261 3751 ego
296 3693 419 3736 ante
450 3687 625 3735 decem
656 3683 766 3735 dies
803 3681 881 3734 vel
925 3680 1100 3749 plures
1143 3681 1552 3733 cohortationem
1594 3680 1661 3732 ad

45 3775 174 3837 ἰιοε
202 3783 394 3848 habui,
420 3793 478 3837 ut
511 3784 703 3851 fratres
741 3791 938 3835 vestros
968 3784 1357 3849 praznmnirem.
1413 3780 1487 3834 Ne
1536 3793 1664 3833 vero

86 3886 309 3938 dubites
336 3883 480 3938 hanc
504 3883 676 3952 ipsum
704 3897 823 3936 esse
846 3896 1009 3951 quam
1035 3881 1325 3935 secundam
1354 3890 1540 3933 contra
1569 3876 1664 3931 Ju-

83 3987 236 4038 dzeos
273 3984 486 4049 habuit,
508 3985 631 4038 vide
665 3984 942 4053 quomodo
983 3983 1056 4036 ibi
1082 3983 1147 4035 de
1186 3984 1358 4051 prima
1410 3982 1667 4050 loquatur

86 4101 240 4138 num.
269 4086 304 4138 5
329 4104 342 4138 :
377 4086 492 4138 Οὐκ
514 4086 648 4156 ἥκοι)
678 4104 778 4149 σας
801 4088 859 4137 ἐν
879 4088 944 4155 τῇ
963 4085 1203 4155 προτέρᾳ
1223 4084 1456 4150 διαλέξει
1479 4085 1664 4154 σαφῶς

82 4187 475 4251 ἀποδείξαντος
503 4189 636 4257 ἡμῖν
664 4187 759 4240 τοῦ
783 4187 963 4255 λόγου,
999 4188 1080 4240 ὅτι
1113 4187 1206 4240 καὶ
1233 4185 1331 4250 τὰς
1367 4184 1543 4255 ψυχὰς
1566 4187 1666 4238 αὑ-

83 4288 185 4349 τὰς
219 4288 331 4340 τῶν
391 4289 656 4342 Ἰουδαίων
685 4290 924 4352 καὶτοὺς
954 4291 1151 4351 τύπους
1178 4289 1236 4339 ὲν
1265 4280 1347 4350 οἷς
1386 4285 1666 4354 συλλέγον-

81 4406 176 4440 ται
237 4388 495 4456 δαίμονες
549 4387 908 4454 κατοικοῦσι;
972 4386 1093 4441 Νοη
1155 4387 1353 4439 audisti
1401 4385 1453 4438 in
1500 4384 1668 4453 priori

81 4491 341 4542 concione
367 4506 526 4559 quam
579 4490 722 4542 clare
756 4489 919 4558 fuerit
950 4490 1185 4541 oratione
1223 4490 1662 4550 demonstratum,

84 4593 237 4659 ipsas
271 4591 482 4643 animus
516 4589 850 4654 Judworum,
883 4600 932 4643 et
963 4597 1077 4643 loca
1105 4589 1194 4641 ubi
1221 4597 1602 4658 congregantur
1634 4605 1665 4641 a

83 4693 422 4748 dwmonibus
480 4694 756 4746 habitari?
810 4691 865 4746 id
897 4707 1049 4757 vero,
1112 4709 1310 4763 nempe
1355 4701 1410 4747 et
1457 4694 1668 4750 animas

84 4801 437 4861 Judarorum,
472 4805 526 4850 et
567 4797 682 4852 loca
731 4797 1047 4851 eorumdem
1080 4813 1109 4851 a
1140 4799 1481 4854 daemonibus
1516 4798 1669 4852 habi-

84 4901 218 4961 tari,
253 4899 557 4968 conspicuo
585 4907 640 4951 et
674 4899 793 4953 fuse
831 4900 1026 4967 probat
1079 4900 1169 4954 ille
1215 4901 1438 4955 homilia
1491 4902 1666 4971 prima

82 5013 274 5055 contra
307 5001 528 5055 ludazos
561 5017 690 5055 num
722 5000 776 5065 6,
808 5002 879 5055 ita
913 5011 972 5055 ut
998 5011 1146 5056 certo
1175 5003 1376 5057 certius
1402 5005 1490 5070 sit,
1523 5003 1667 5056 illam

79 5116 211 5156 esse
251 5110 440 5154 contra
478 5098 702 5153 Iudicas
731 5098 985 5168 primam,
1020 5099 1157 5152 hanc
1181 5113 1308 5152 vero
1341 5098 1668 5160 secundam,

49 5216 256 5272 quam
297 5199 546 5254 dolemus
591 5199 656 5251 ad
701 5214 800 5251 nos
858 5198 1104 5251 mutilam
1153 5196 1481 5260 devenisse;
1535 5196 1671 5250 nihil

81 5314 241 5360 certe
283 5318 394 5357 non
422 5303 658 5372 egimus,
693 5312 753 5355 ut
797 5316 915 5356 eam
949 5309 1150 5354 sartam
1178 5308 1232 5353 ct
1256 5309 1453 5353 tectam
1479 5301 1667 5353 edere-

82 5423 218 5462 mus
247 5426 262 5460 :
302 5422 398 5476 per
427 5421 620 5461 omnes
649 5405 821 5459 ferme
851 5406 1083 5473 Europae
1129 5401 1486 5458 bibliothecas
1532 5401 1672 5455 ami-

80 5528 290 5567 corum
326 5526 494 5580 opera
518 5523 638 5562 eam
671 5510 724 5562 in
765 5508 1151 5577 manuscriptis
1203 5506 1444 5577 perquiri
1483 5505 1661 5559 homi-

81 5619 222 5671 liam
242 5614 595 5669 curavimus:
617 5612 711 5665 sed
738 5610 944 5664 frustra
971 5625 1184 5666 cessere
1204 5619 1434 5664 conatus
1453 5624 1667 5664 omnes.

84 5712 247 5767 ilanc
273 5712 584 5774 homiliam,
613 5719 670 5764 ut
693 5725 860 5778 supra
883 5709 1140 5774 diximus,
1162 5707 1400 5762 Savilius
1423 5717 1670 5762 octavam

86 5819 391 5881 posuerat,
430 5808 634 5866 Fronto
664 5819 848 5864 autem
906 5808 1138 5864 Ducaeus
1173 5808 1368 5878 procul
1405 5807 1474 5861 ab
1527 5806 1670 5873 aliis,

1119 407 1486 468 ADVERSUS
1521 403 1827 460 JUDxEOS.
1866 431 1934 443 —
1973 395 2313 455 MONITUM.

3203 394 3330 452 8.50'

1771 524 1928 592 quasi
1961 524 2200 580 incertus
2225 522 2346 593 ejus
2387 521 2527 575 situs
2561 529 2724 586 esset,
2754 518 2808 572 in
2838 517 3088 589 quintum
3125 525 3330 571 tomum

1769 627 2131 695 ablegarerat.

1842 737 2076 792 Tertiam
2119 737 2493 790 incunctanter
2519 733 2772 802 ponimus
2816 733 3096 787 homiliam
3151 733 3203 786 in
3235 748 3330 787 eos

1770 841 1868 911 qui
1892 841 2066 910 primo
2112 837 2319 893 Pascha
2363 838 2632 908 jejunant,
2665 837 2824 905 cuius
2867 837 3077 891 initium
3111 857 3124 892 :
3161 836 3331 889 Πάλιν

1769 943 1925 1014 χρεία
1953 961 2034 1006 τις
2059 941 2329 1010 ἀναγκαία
2380 942 2472 995 καὶ
2511 940 2941 1008 κατεπείγουσα,
2983 941 3088 993 τῶν
3138 941 3328 1012 πρώην

1769 1045 2070 1118 εἰρημένων
2103 1043 2202 1114 τὴν
2222 1042 2538 1096 ἀκολουθίαν
2579 1041 2882 1110 διακόψασα
2908 1082 2922 1103 ,
2959 1044 3094 1113 πρὸς
3131 1044 3327 1113 ἑαυτὴν

1766 1147 2067 1200 ἐπισπᾶται
2095 1145 2182 1198 τὸν
2211 1145 2388 1213 λόγον,
2414 1143 2507 1197 καὶ
2538 1144 2646 1196 τῶν
2683 1144 2818 1215 πρὸς
2860 1145 2984 1207 τοὺς
3025 1146 3331 1215 αἱρετικοῑλς

1767 1248 1915 1317 ἡμᾶς
1941 1247 2143 1315 ἀπάγει
2172 1246 2580 1316 παλαισμάτων.
2646 1245 2835 1316 Ἡμεῖς
2879 1247 2975 1317 μὲν
3020 1248 3127 1316 γὰρ
3169 1248 3330 1301 πάλιν

1766 1349 1894 1420 περὶ
1926 1349 2022 1418 τῆς
2046 1348 2138 1402 τοῦ
2168 1348 2499 1416 Μονογενοῦς
2519 1349 2675 1420 δόξης
2695 1349 3036 1420 διαλεχθῆναι
3068 1351 3202 1420 πρὸς
3234 1351 3331 1422 τὴν

1768 1451 2035 1522 ὑμετέραν
2065 1451 2284 1522 ἀγάπην
2327 1453 2862 1522 παρεσκευαζόμεθα.
2899 1454 2954 1507 Id
2993 1466 3096 1517 est,
3133 1453 3328 1507 Rursus

1767 1551 2118 1604 necessarium
2145 1549 2411 1618 quoddam
2438 1560 2487 1603 et
2554 1565 2744 1619 urgens
2813 1552 3100 1621 negotium,
3148 1569 3328 1606 eorum

1763 1672 1882 1725 qua:
1935 1669 2098 1724 nuper
2119 1654 2261 1708 dicta
2301 1664 2423 1707 sunt
2481 1655 2666 1708 seriem
2719 1655 3097 1722 interrumpens
3142 1655 3210 1707 ad
3240 1658 3329 1710 ’se-

1761 1757 1934 1824 ipsum
1966 1755 2259 1808 orationem
2283 1757 2531 1819 traducit,
2558 1733 2665 1807 ειδα
2691 1758 2941 1823 susceptis
2970 1772 3085 1809 cum
3123 1757 3330 1811 lucreti-

1770 1856 1844 1909 cis
1875 1854 2245 1908 certaminibus
2284 1856 2434 1908 hodie
2459 1872 2550 1909 nos
2574 1857 2812 1912 abducit.
2833 1857 2976 1911 Nam
3005 1874 3096 1913 nos
3117 1860 3326 1929 quidem

1771 1973 1956 2009 rursus
1976 1959 2037 2009 de
2067 1955 2334 2026 Unigeniti
2357 1957 2523 2026 gloria
2547 1962 2700 2012 verba
2731 1960 2901 2028 facere
2919 1962 2986 2013 ad
3016 1961 3326 2015 cltaritatem

1764 2067 1984 2111 restrain
2023 2059 2199 2126 parati
2236 2074 2464 2112 eramus.
2500 2056 2596 2113 His
2649 2076 2810 2128 porro
2831 2061 3071 2115 declarat
3098 2077 3159 2116 se
3212 2063 3323 2132 jam

1764 2161 2005 2214 seeuudo
2074 2159 2432 2216 liomiliarum
2490 2175 2683 2217 contra
2738 2164 3031 2220 Anommos
3095 2180 3319 2222 cursum

1763 2259 2146 2329 interpellare,
2201 2264 2345 2330 quod
2413 2277 2472 2315 se
2523 2261 2703 2331 primo
2752 2261 2947 2318 fecisse
2984 2263 3124 2317 dixit
3170 2264 3327 2318 initio

1763 2363 2047 2417 humiliter
2105 2373 2288 2416 contra
2340 2363 2574 2417 Judreos.
2639 2363 2851 2416 Etenim
2909 2380 3032 2419 cum
3090 2367 3319 2434 primam

1763 2472 1954 2517 eontra
1983 2464 2274 2519 Anommos
2319 2466 2432 2520 sive
2460 2465 2526 2519 dc
2557 2465 3088 2535 incompre'licnsibili
3122 2467 3320 2521 oratio-

1763 2581 1884 2618 nem
1919 2567 2216 2630 habuisset,
2267 2583 2488 2622 cursum
2529 2569 2722 2622 sistere
2780 2577 3004 2623 coactus
3053 2576 3155 2631 est,
3213 2581 3319 2620 non

1762 2669 1925 2722 modo
1965 2678 2239 2722 utcontra
2274 2667 2492 2724 Jutlreos
2523 2677 2885 2732 concertaret,
2932 2670 3077 2738 quod
3111 2668 3328 2721 duabus

1762 2767 2002 2821 bomiliis
2033 2768 2304 2837 praestitit,
2337 2770 2428 2824 sed
2459 2779 2517 2823 ut
2549 2779 2728 2840 patres
2761 2769 3026 2840 quosdam
3065 2769 3322 2838 spiritua-

1763 2865 1858 2928 les,
1899 2867 1982 2920 sic
2016 2866 2126 2929 ille,
2182 2868 2274 2935 qui
2306 2868 2650 2924 Antiochiam
2709 2881 2968 2925 venerant
3025 2874 3317 2941 exciperet,

1762 2983 1829 3022 ac
1866 2979 2049 3037 postea
2077 2980 2426 3026 occurrentes
2473 2972 2671 3026 multas
2716 2943 3036 3043 martyrum‘
3061 2973 3318 3028 solemni-

1763 3078 1900 3125 tates
1939 3071 2261 3126 celebraret.
2293 3070 2412 3137 llis,
2446 3073 2688 3144 inquam,
2716 3075 2970 3130 omnibus
3017 3075 3327 3144 Interpella-

1762 3185 1849 3228 tus
1876 3182 1960 3227 est
2011 3189 2039 3228 a
2071 3183 2248 3244 empta
2306 3184 2492 3229 contra
2528 3175 2825 3230 Auomteos
2877 3191 3080 3246 pugna,
3133 3176 3206 3231 ita
3265 3187 3323 3232 ut

1763 3290 1869 3329 non
1903 3276 2175 3331 modicum
2212 3276 2472 3353 temporis
2498 3277 2842 3332 intervallum
2888 3277 3053 3332 fuerit
3095 3281 3324 3348 primam

1764 3379 1903 3433 inter
1929 3379 2208 3433 homiliam
2243 3389 2431 3434 contra
2471 3379 2766 3436 Anomoeos
2807 3390 2861 3435 et
2894 3382 3130 3436 tertiam.
3186 3380 3324 3436 Cum

1761 3489 1945 3532 autem
1979 3477 2210 3546 primam
2245 3487 2434 3532 contra
2493 3477 2711 3533 Judaeos
2747 3479 3024 3532 homiliam
3078 3480 3330 3534 habuerit

1765 3596 1950 3636 mense
1970 3579 2216 3649 Augusto
2246 3579 2371 3633 anni
2411 3579 2538 3644 386,
2593 3589 2654 3634 ut
2707 3598 2870 3651 supra
2928 3583 3190 3646 diximus,
3243 3599 3326 3638 sc-

1766 3685 2000 3739 eundam
2054 3698 2181 3738 vero
2241 3684 2462 3737 ineunte
2513 3683 2732 3738 circiter
2769 3683 3096 3754 Septembri,
3131 3684 3324 3751 decem,

1763 3789 1840 3842 ait
1875 3787 1982 3850 ille,
1999 3803 2060 3839 ac
2075 3786 2309 3853 pluribus
2324 3785 2502 3839 diebus
2523 3794 2646 3855 post
2669 3786 2922 3856 primam,
2938 3801 3186 3855 magnam
3204 3785 3338 3857 Sep—

1766 3887 1998 3940 tembris
2031 3895 2239 3954 partem
2279 3885 2634 3954 insumpserit
2684 3885 2835 3958 [885]
2867 3886 3202 3956 excipiendis
3226 3887 3334 3942 illis

1766 3985 2004 4055 patribus
2057 3983 2459 4054 spiritualibus,
2515 3999 2578 4038 ac
2636 3984 2974 4039 celebrandis
3032 3992 3332 4054 martyrum

1768 4089 2247 4152 solemnitatibus,
2318 4101 2646 4157 rursumque
2721 4088 3022 4158 Septembri
3107 4097 3336 4143 exeunte

1769 4209 1958 4249 mense
1997 4207 2234 4263 pugnam
2271 4207 2396 4247 cum
2433 4193 2717 4248 Anommis
2752 4191 3131 4260 resumpserit,
3168 4207 3332 4261 quam

1767 4297 1964 4352 iterum
1997 4296 2081 4350 vel
2127 4295 2375 4351 nondum
2430 4304 2626 4350 exacto
2666 4293 2993 4364 Septembri,
3048 4295 3132 4349 vel
3184 4294 3338 4350 initio

1768 4398 2022 4455 Octobris
2059 4397 2436 4461 intermiserit,
2469 4404 2720 4466 urgente,
2751 4403 2812 4450 ut
2843 4395 2932 4449 ille
2959 4394 3058 4460 ait,
3094 4395 3336 4449 necessi-

1769 4513 1880 4558 tate
1912 4512 1973 4556 ut
2032 4509 2222 4556 contra
2257 4498 2475 4554 Judzeos
2535 4499 2731 4552 iterum
2765 4506 3039 4551 certamen
3095 4496 3338 4550 haberet.

1769 4607 1851 4659 An
1876 4620 2006 4659 vero
2041 4612 2164 4672 post
2201 4601 2496 4656 secundam
2533 4608 2719 4653 contra
2775 4599 3072 4653 Anomoeos
3123 4598 3341 4652 concio—

1770 4712 1893 4750 nem
1932 4697 2073 4750 hanc
2105 4694 2324 4748 tertiam
2356 4701 2543 4746 eotitra
2574 4689 2794 4745 Judasos
2820 4691 3090 4754 habuerit,
3119 4705 3186 4744 an
3219 4698 3359 4760 post.-

1769 4793 1983 4847 tertiam
2017 4790 2099 4843 vel
2135 4797 2259 4856 post
2284 4797 2560 4858 quartam,
2597 4787 2649 4841 id
2687 4787 2847 4856 plane
2882 4788 3152 4844 incertum
3207 4796 3333 4842 est:

1770 4907 1945 4962 neque
1979 4890 2080 4944 hac
2114 4890 2180 4943 de
2220 4903 2288 4942 re
2307 4887 2588 4958 quidpiam
2643 4888 2776 4941 certi
2813 4888 2976 4942 statui
3032 4901 3192 4955 posse
3252 4886 3337 4938 vi-

1768 4992 1949 5046 detur.

1838 5091 1919 5148 Ne
1950 5103 2129 5149 autem
2161 5095 2301 5150 hanc
2328 5095 2543 5150 tertiam
2572 5100 2762 5147 contra
2803 5088 3018 5144 Judteos
3058 5084 3338 5140 homiliam

1771 5196 1864 5252 diu
1901 5204 2024 5265 post
2064 5196 2436 5266 Septembrem
2469 5196 2891 5251 constituamus.
2939 5188 3226 5260 prohibere
3262 5187 3342 5239 ri-

1772 5301 1932 5354 detur
1991 5300 2420 5370 Clirysostomus
2489 5296 2708 5351 humilia
2763 5293 2817 5346 in
2878 5291 3019 5344 diem
3093 5285 3340 5341 Natalem

1772 5402 1995 5469 Christi,
2025 5419 2191 5473 quam
2221 5403 2409 5456 habuit
2439 5416 2583 5455 anno
2607 5398 2733 5460 386,
2767 5396 2852 5450 die
2887 5393 3146 5462 vigesima
3176 5392 3341 5462 quin-

1777 5511 1827 5555 ta
1877 5501 2234 5557 Decembris:
2274 5501 2494 5572 Tpmpus
2553 5506 2723 5550 autem
2782 5507 2892 5549 tum
2945 5504 3080 5557 erat,
3141 5492 3338 5559 inquit,

1777 5607 1897 5676 festi
1934 5604 2410 5660 Tabernaculorum
2434 5613 2482 5656 et
2507 5601 2729 5669 ieiunii:
2758 5599 2851 5652 hoc
2890 5599 3028 5652 enim
3063 5595 3159 5649 illa
3186 5593 3341 5649 verba

1779 5705 1880 5760 sibi
1911 5707 2116 5769 volunt,
2145 5702 2435 5756 llumiliatc
2466 5701 2678 5754 animas
2705 5706 2943 5763 vestras,
2979 5696 3132 5764 idque
3183 5710 3216 5746 α
3246 5693 3345 5745 Ju-

1775 5809 1905 5863 dwis
1939 5809 2079 5861 circa
2100 5805 2472 5876 ﬁnemmensis
2500 5801 2746 5873 Gorptwi,
2795 5803 2849 5857 id
2875 5810 2974 5870 est,
2999 5795 3364 5870 Septembris,
