3920 6292
526 509 536 520 ,
612 450 707 508 ΒΗ

610 569 752 640 quod
796 577 846 624 et
902 585 990 625 vos
1033 572 1332 635 testamini,
1390 572 1768 627 celebrabatur.
1839 571 1983 625 Tunc
2033 569 2168 625 enim

610 668 800 721 multos
816 668 1152 738 prolixosque
1185 685 1447 725 sermones
1494 679 1677 724 contra
1703 669 1922 724 Judazos
1965 671 2169 724 instituo
2203 707 2206 711 -

1312 455 1370 511 S.
1405 455 1686 512 JOANNIS
1721 445 2199 512 CIlllYSOSTOMl
2235 446 2550 502 ARCIIIEP.
2589 443 3130 503 CONSTANTINOP.

3724 450 3819 508 859

2270 565 2382 620 acri
2432 565 2485 619 in
2561 563 2676 633 ipsa
2745 561 3178 632 Quadragesima
3230 561 3473 618 habitam
3545 563 3817 621 homiliam

2269 669 2462 722 fuisse.
2487 664 2603 721 Non
2657 664 2873 720 videtur
2917 671 3096 718 autem
3155 662 3286 718 hinc
3319 663 3442 733 plus
3477 664 3704 719 subsidii
3741 681 3817 719 re-

607 769 830 837 psimus,
883 769 1240 836 importunum
1293 787 1474 825 eorum
1531 770 1799 840 jejunium
1843 781 2165 824 accusantes.
2199 757 2230 811 ³ὶ
2270 767 2452 822 ferre:
2487 781 2610 820 nam
2670 765 2756 820 his
2797 763 3090 835 significari
3140 773 3340 836 potest,
3377 764 3477 819 hos
3528 765 3596 818 de
3629 764 3817 832 quibus

609 867 687 923 Eo
718 869 903 938 igitur,
936 879 999 925 ut
1031 885 1131 926 nos
1156 871 1562 936 constituimus,
1616 881 1857 942 tempore
1902 872 2000 926 has
2051 881 2161 925 tres

606 975 797 1022 contra
828 965 1050 1022 Iudaeos
1075 970 1369 1024 conciones
1397 970 1604 1024 habuit.
1648 969 1832 1042 Neque
1881 981 2059 1026 tamen
2095 977 2166 1026 ita

607 1081 797 1121 mense
831 1064 1133 1136 Septembri
1165 1067 1376 1123 habitas
1425 1070 1557 1124 dicit
1618 1071 1717 1126 has
1769 1073 1967 1127 multas
1996 1073 2158 1143 proli-

607 1183 816 1239 xasque
854 1171 1128 1237 homilias,
1162 1181 1222 1226 ut
1250 1172 1450 1226 nullam
1483 1182 1627 1237 ante,
1661 1174 1860 1229 nullam
1879 1182 2000 1244 post
2033 1174 2168 1242 Sep-

609 1269 876 1326 tembrem
947 1273 1336 1342 pronuntiarit.
1372 1273 1503 1328 Nam
1549 1290 1671 1328 cum
1703 1275 1801 1340 ait,
1856 1285 1978 1329 tunc
2027 1277 2167 1328 enim

609 1371 804 1426 multas
837 1372 1172 1444 pralixasque
1210 1390 1473 1429 sermones
1502 1385 1685 1428 contra
1718 1374 1934 1430 Iudaeos
1983 1374 2172 1427 habui-

607 1488 745 1534 mus,
772 1481 986 1543 tempus
1025 1473 1242 1528 circiter
1276 1483 1526 1538 annotat,
1557 1489 1733 1544 neque
1768 1475 2018 1530 bomilias
2045 1475 2167 1531 illas

607 1589 799 1628 omnes
829 1590 1014 1630 mense
1067 1574 1368 1645 Septembri
1403 1576 1846 1632 circumscribit:
1882 1590 1987 1631 non
2019 1577 2162 1632 enim

608 1674 748 1728 solet
774 1673 1198 1746 Chrysostomus
1226 1685 1379 1732 tanto
1408 1677 1665 1749 scrupulo
1684 1687 1841 1734 notas
1862 1687 2164 1748 temporum

608 1772 949 1843 consignare,
1018 1781 1077 1828 ut
1137 1776 1338 1845 passim
1397 1775 1825 1831 observavimus.
1855 1775 1990 1831 Cum
2037 1792 2166 1832 vero

606 1870 757 1937 dicit,
812 1871 1006 1927 multas
1063 1874 1398 1944 prolixaeque
1444 1891 1741 1942 sermones,
1788 1876 2018 1939 πολλοὺς
2065 1877 2166 1930 καὶ

609 1970 854 2041 μακροὺς
895 1970 1105 2040 λόγους,
1132 1971 1230 2032 has
1256 1981 1366 2035 tres
1391 1972 1640 2027 homilias
1665 1972 1903 2028 indicare
1932 1973 2164 2036 videtur,

608 2069 888 2138 etiamque
941 2068 1192 2127 fortassis
1235 2070 1393 2135 alias,
1434 2087 1553 2142 qua:
1610 2072 1811 2142 injuria
1860 2082 2164 2144 temporum

611 2170 1028 2226 interciderint:
1069 2187 1260 2242 parum
1314 2173 1458 2226 enim
1492 2171 1700 2232 abfuit.
1751 2173 1883 2244 quin
1932 2175 2168 2230 secunda

606 2273 774 2328 etiam
802 2272 1022 2328 homilia
1055 2274 1294 2342 perierit.
1328 2282 1515 2344 utpote
1544 2291 1664 2344 quae
1715 2276 1769 2330 in
1799 2291 1910 2332 uno
1961 2286 2177 2332 tantum

610 2369 832 2436 Codice,
875 2386 1180 2442 magnaque
1233 2373 1316 2427 sui
1353 2384 1506 2444 parte
1564 2375 1753 2430 mutila
1807 2384 2014 2447 reperta
2071 2378 2160 2435 sit.

608 2467 725 2523 lmo
761 2485 890 2524 vero
940 2481 1146 2526 certum
1184 2471 1407 2527 videtur
1434 2474 1641 2544 aliquot
1685 2491 1748 2530 ex
1787 2475 1854 2530 iis
1907 2492 2044 2546 quas
2082 2481 2168 2535 hic

609 2580 902 2636 memorat,
937 2573 1193 2630 homilias
1239 2574 1580 2631 intercidisse
1611 2597 1623 2631 :
1675 2592 1798 2630 nam
1835 2577 1889 2632 in
1923 2579 2028 2633 tiue
2060 2588 2167 2634 ter-

607 2668 698 2724 tia:
725 2671 858 2727 dicit
881 2690 895 2728 :
931 2672 1384 2739 Quemadmodum
1407 2675 1898 2743 demonstrauimus,
1927 2693 2042 2730 cum
2068 2678 2167 2732 hac

609 2774 674 2829 de
705 2791 760 2831 re
795 2778 950 2830 multi
981 2777 1150 2832 habiti
1209 2778 1404 2848 fuerint
1436 2795 1467 2831 a
1501 2794 1581 2832 me
1619 2794 1897 2846 sermones,
1943 2779 2169 2842 πολλοὺς

604 2877 854 2948 ἀνήλωσα
911 2878 1141 2948 λόγουςε
1198 2895 1305 2934 non
1342 2879 1423 2934 sic
1449 2878 1752 2942 locuturus,
1785 2879 1830 2933 si
1877 2879 2016 2935 duos
2045 2888 2168 2934 tan-

608 2985 721 3030 tum
761 2977 862 3031 hac
891 2977 957 3032 de
988 2993 1046 3032 re
1075 2993 1355 3034 sermones
1395 2979 1692 3034 habuisset.
1725 2977 1828 3033 Sed
1861 2993 1990 3033 cave
2009 2990 2168 3050 putes

605 3093 729 3134 cum
763 3077 1037 3134 Frontone
1069 3081 1265 3136 Ducaeo
1300 3081 1552 3136 ltomilias
1596 3081 1839 3150 quinque
1879 3091 2168 3153 sequentes

605 3175 693 3231 his
722 3175 1099 3249 Cbrysostomi
1134 3180 1333 3245 verbis,
1367 3181 1548 3251 longos
1592 3181 1928 3253 prolixaeque
1970 3200 2167 3239 sermo-

607 3292 720 3339 nes,
751 3277 1092 3347 signiﬁcari:
1152 3281 1274 3338 illas
1332 3281 1603 3352 siquidem
1656 3282 1846 3337 habuit
1901 3283 1992 3339 diu
2046 3293 2170 3354 post

605 3374 896 3434 llomiliam
929 3381 984 3434 in
1010 3379 1255 3436 Natalem
1302 3381 1540 3448 Domini,
1575 3399 1718 3439 anno
1759 3383 1863 3439 386
1903 3383 2168 3454 habitam,

609 3476 754 3532 unde
790 3490 1041 3550 excerpta
1073 3481 1162 3535 illa
1192 3482 1354 3536 verba
1391 3492 1538 3547 sunt,
1587 3494 1646 3539 ut
1678 3500 1804 3538 mox
1839 3500 2014 3554 neque
2058 3487 2166 3541 du-

605 3575 710 3635 biis
738 3580 1075 3648 argumentis
1115 3580 1292 3650 palam
1330 3580 1615 3638 faciemus.

678 3689 867 3745 Restat
896 3700 956 3746 ut
993 3693 1321 3764 quibusdam
1352 3711 1382 3751 a
1435 3695 1779 3754 Tillemontio
1814 3698 1958 3754 circa
2005 3697 2168 3770 hujus

602 3790 844 3848 homiliaa
916 3800 1130 3862 tempus
1183 3796 1474 3866 propositis
1550 3797 1730 3853 dubiis
1785 3812 2161 3853 occurramus.

602 3891 754 3958 Quod
797 3895 871 3948 ait
906 3894 1332 3966 Chrysostomus
1380 3897 1433 3952 in
1485 3897 1588 3954 hac
1635 3899 1881 3962 homilia,
1930 3899 2164 3968 primum

602 3995 744 4048 diem
774 3993 1107 4065 Aeymorum
1149 3996 1253 4052 hoc
1281 4012 1427 4052 anno
1457 3998 1698 4054 incidere
1720 3999 1772 4054 in
1803 3999 2165 4067 Dominicam,

605 4094 658 4155 id
686 4096 874 4165 utique
912 4112 1059 4158 anno
1091 4099 1196 4155 587
1225 4100 1474 4169 contigit.
1501 4098 1610 4155 Nec
1654 4103 1780 4158 inde
1810 4112 1989 4157 tamen
2032 4103 2169 4158 infe-

602 4209 695 4252 ras
719 4197 909 4256 eodem
946 4213 1091 4252 anno
1128 4199 1254 4264 587,
1283 4201 1500 4269 qualem
1543 4217 1896 4259 numeramus
1930 4222 1960 4258 a
1991 4207 2165 4275 prima

602 4291 845 4352 Januarii
877 4294 997 4358 die,
1031 4298 1433 4365 pronuntiatam
1468 4297 1635 4355 fuisse
1675 4300 1814 4357 hanc
1845 4302 2161 4358 homiliam:

605 4409 730 4456 nam
771 4403 1132 4466 praeterquam
1166 4399 1310 4466 quod
1352 4414 1382 4460 a
1412 4399 1713 4469 Septembri
1772 4418 1958 4459 mense
1991 4419 2169 4463 annus

607 4496 663 4549 in
717 4493 959 4550 Ecclesia
1025 4495 1211 4553 Graeca
1268 4499 1600 4563 inchoatur,
1647 4502 1782 4559 nihil
1827 4502 2166 4574 frequentius

605 4598 747 4666 apud
777 4597 997 4659 Graacos
1021 4599 1212 4660 Patres
1253 4611 1307 4663 et
1339 4602 1636 4672 scriptores
1683 4613 1768 4660 est
1798 4619 1962 4674 quam
2020 4607 2166 4676 quod

602 4697 708 4760 hoc
732 4713 876 4753 anno
905 4713 1018 4757 rem
1045 4703 1359 4772 quampiam
1392 4719 1684 4760 occurrere
1711 4705 1916 4772 dicant,
1947 4705 2168 4776 quando

605 4797 672 4857 ad
704 4813 815 4852 rem
849 4799 1034 4857 minus
1071 4815 1237 4869 quam
1273 4803 1438 4859 unius
1466 4807 1594 4860 anni
1627 4808 1864 4877 spatium
1900 4808 2166 4862 intercur-

600 4900 696 4959 rit.
736 4901 1099 4967 Quamobrem
1129 4904 1330 4972 optime
1351 4905 1551 4960 dixerit
1581 4924 1724 4963 anno
1750 4909 1876 4975 586,
1910 4907 2156 4978 Septem-

602 5004 687 5059 bri
722 5020 932 5070 mense,
958 5003 1386 5077 Chrysostomus
1411 5010 1644 5080 primum
1671 5013 1813 5067 diem
1834 5012 2165 5083 Azymorum

606 5108 712 5163 hoc
745 5125 894 5165 anno
925 5111 1164 5167 incidere
1185 5115 1238 5167 in
1266 5114 1410 5168 diem
1443 5114 1804 5184 Dominicam,
1833 5119 2063 5188 loquens
2093 5119 2161 5173 de

599 5211 772 5284 primo
799 5211 887 5266 die
915 5211 1250 5283 Azymorum
1291 5215 1420 5269 anni
1489 5215 1617 5272 387.
1677 5215 1866 5287 Itaque
1909 5219 1954 5274 si
2003 5219 2167 5275 Tille-

601 5303 865 5376 montius,
925 5314 1018 5381 qui
1065 5314 1224 5382 paulo
1265 5322 1392 5370 ante
1435 5315 1919 5387 Quadragesimam
1963 5322 2045 5375 vel
2107 5322 2160 5376 in

599 5407 718 5474 ipsa
740 5407 1164 5478 Quadragesima
1206 5412 1332 5466 autti
1359 5412 1461 5466 587
1499 5413 1639 5467 hanc
1685 5415 1988 5470 institutam
2040 5432 2163 5474 esse

601 5509 914 5562 concionem
954 5511 1306 5580 probabiliter
1338 5515 1654 5580 existimat,
1696 5517 1796 5571 hac
1841 5517 2163 5590 Chrysosto-

603 5607 674 5660 mi
708 5607 960 5677 loquendi
996 5611 1206 5665 ratione
1231 5613 1455 5675 nitatur,
1479 5631 1509 5669 a
1537 5630 1705 5685 ερορο
1735 5617 1891 5685 plane
1921 5620 2158 5674 aberrat.

599 5708 762 5766 Aliud
791 5710 934 5765 eruit
961 5724 1342 5782 argumentum
1364 5731 1430 5771 ex
1453 5717 1539 5772 his
1561 5719 1758 5783 verbis,
1782 5720 1878 5784 τὰς
1904 5722 2002 5791 μὲν
2029 5722 2163 5776 ταύ-

597 5827 696 5874 τας
731 5811 962 5887 ἡμέρας,
1005 5815 1099 5871 has
1137 5815 1205 5871 40
1235 5817 1367 5884 dies,
1427 5819 1627 5888 quibus
1661 5819 1971 5895 suspicatur
2013 5820 2158 5877 iudi-

2267 872 2486 936 toquor,
2541 881 2646 920 non
2676 876 2881 929 autem,
2943 866 3043 920 hos
3087 865 3140 920 in
3185 865 3386 935 quibus
3433 879 3717 919 versamur
3753 863 3819 919 ιο

2267 967 2403 1021 dies.
2432 965 2593 1021 Certe
2622 964 2752 1020 huic
2803 964 3047 1034 opinioni
3101 963 3358 1030 refragari
3411 964 3626 1020 videtur
3653 964 3820 1036 Chry-

2267 1077 2546 1122 sostomus
2573 1082 2697 1121 cum
2731 1064 2887 1120 initio
2922 1065 3086 1134 hujus
3125 1064 3362 1120 homiliae
3401 1064 3534 1120 dicit
3588 1081 3647 1120 se
3696 1081 3822 1120 con-

2267 1168 2486 1221 cionum
2527 1173 2718 1221 contra
2768 1166 3065 1221 Anommos
3104 1166 3300 1220 seriem
3342 1166 3522 1221 denuo
3573 1168 3822 1236 interpel-

2267 1264 2381 1318 lare
2406 1264 2547 1334 cogi,
2591 1273 2644 1318 et
2689 1278 2756 1318 ex
2807 1265 2970 1319 modo
3017 1264 3262 1320 ordiendi
3308 1264 3534 1330 indicat,
3569 1280 3631 1320 se
3688 1265 3822 1320 hanc

2267 1365 2483 1419 tertiam
2534 1365 2850 1420 concionem
2903 1375 3091 1422 contra
3139 1365 3388 1432 Judaaos,
3436 1367 3658 1424 modico
3705 1377 3823 1437 post

2265 1463 2560 1518 secundam
2587 1464 2773 1534 elapso
2799 1474 3040 1535 tempore
3082 1467 3359 1531 habuisse,
3404 1482 3527 1537 quae
3581 1467 3818 1522 secunda

2269 1567 2324 1621 in
2360 1582 2602 1622 mensem
2638 1565 3009 1637 Septembrem
3059 1567 3204 1622 haud
3233 1569 3397 1624 dubie
3424 1568 3738 1635 referenda,
3767 1579 3825 1623 ut

2266 1682 2433 1737 supra
2468 1666 2724 1721 vidimus.
2755 1667 2816 1721 Et
2845 1682 2976 1723 sane
2999 1683 3122 1722 cum
3148 1668 3574 1740 Chrysostomus
3604 1671 3826 1724 homilia

2267 1770 2322 1824 in
2355 1771 2444 1826 die
2479 1767 2652 1824 Natali
2679 1770 2883 1826 Christi
2915 1771 3041 1824 anni
3074 1769 3180 1826 586
3213 1770 3358 1826 dicat
3387 1786 3446 1826 se
3475 1787 3668 1828 mense
3721 1775 3826 1827 εἰν-

2266 1872 2405 1927 citer
2433 1873 2740 1942 Septembri
2771 1873 2972 1929 multos
2998 1873 3348 1943 prolixosque
3373 1889 3663 1930 sermones
3703 1891 3828 1930 con-

2269 1981 2350 2028 tra
2375 1971 2595 2028 Iudaeos
2630 1973 2956 2040 instituisse,
2989 1975 3378 2046 congruentius
3417 1975 3472 2029 in
3509 1975 3646 2029 illud
3677 1973 3831 2030 circi-

2269 2081 2350 2127 ter
2413 2082 2628 2142 tempus
2690 2073 2831 2128 hanc
2891 2073 3104 2128 tertiam
3167 2073 3447 2128 homiliam
3501 2073 3830 2144 rejicimus,

2265 2183 2557 2245 postquam
2621 2175 2706 2229 vel
2766 2175 3061 2230 secundam
3115 2184 3308 2230 contra
3359 2177 3699 2240 Anomteos,
3751 2176 3830 2232 vet

2267 2273 2428 2327 aliam
2461 2288 2528 2327 ex
2559 2273 2914 2343 sequentibus
2945 2274 3211 2328 habuerat
3243 2292 3256 2329 :
3293 2290 3400 2329 non
3431 2276 3579 2329 enim
3615 2287 3827 2330 constat

2268 2390 2517 2445 quanam
2549 2389 2615 2430 ex
2643 2375 2752 2430 illis
2787 2374 2930 2429 hanc
2959 2373 3172 2428 tertiam
3218 2383 3408 2429 contra
3447 2371 3670 2430 Judaos
3697 2391 3827 2445 pra-

2267 2479 2513 2536 cesserit.
2545 2477 2624 2532 Ad
2660 2478 2778 2533 haec
2831 2491 2963 2532 vero
3016 2477 3063 2533 si
3121 2477 3174 2531 in
3203 2475 3632 2550 Quadragesima
3688 2481 3827 2534 hanc

2269 2579 2550 2635 homiliam
2583 2579 2783 2633 dictam
2836 2577 3006 2634 fuisse
3039 2585 3364 2647 statuamus,
3425 2595 3488 2634 ea
3541 2581 3652 2636 erit
3684 2580 3828 2648 Qua-

2266 2681 2576 2752 dragesima
2603 2679 2748 2734 haud
2779 2679 2941 2734 dubie
2966 2679 3094 2734 anni
3127 2679 3231 2734 387
3257 2696 3272 2746 ;
3308 2678 3363 2733 in
3398 2679 3489 2734 illa
3519 2695 3650 2736 vero
3680 2680 3825 2747 Qua-

2267 2781 2575 2852 dragesima
2629 2796 2847 2836 cursum
2911 2780 3254 2835 homiliarum
3301 2790 3490 2836 contra
3527 2781 3826 2836 Anommos

2267 2881 2633 2953 interceperit,
2665 2890 2727 2936 ut
2759 2882 2900 2936 hanc
2919 2890 3110 2936 contra
3139 2879 3356 2936 Judaeos
3399 2881 3644 2936 haberet.
3676 2879 3823 2948 Quo-

2268 2979 2432 3034 modo
2463 2987 2642 3034 autem
2683 2979 2799 3034 haec
2844 2979 3133 3034 convenire
3163 2979 3374 3048 possint
3420 2979 3473 3034 in
3504 2979 3822 3051 Quadrage-

2266 3081 2459 3136 simam
2492 3081 2620 3135 anni
2660 3080 2788 3147 387,
2822 3095 2917 3150 per
2947 3095 3110 3150 quam
3143 3088 3309 3134 totam
3343 3081 3412 3135 de
3443 3081 3643 3136 statuis
3667 3096 3826 3136 ever-

2267 3181 2345 3236 sis
2391 3182 2753 3237 concionatus
2780 3180 3206 3252 Chrysostomus
3261 3191 3365 3244 est,
3402 3190 3532 3237 tunc
3590 3191 3742 3238 totus
3773 3183 3828 3236 in

2266 3283 2639 3339 describendis
2679 3283 3138 3354 deplorandisque
3186 3283 3648 3356 Antiocbenorum
3680 3285 3823 3339 calao

2267 3386 2572 3450 mitatibus,
2601 3385 2800 3455 quibus
2831 3385 3096 3439 medicam
3150 3399 3372 3438 manum
3407 3385 3698 3440 admovere
3732 3401 3823 3440 co-

2269 3487 2545 3542 nabatur?
2570 3483 2739 3554 Cujus
2771 3485 3075 3554 argumenti
3094 3484 3200 3538 vim
3226 3497 3284 3538 ut
3309 3485 3503 3539 melius
3535 3485 3820 3555 intelligas,

2267 3584 2582 3641 consideres
2616 3583 2797 3650 velim,
2863 3583 2917 3638 in
2949 3582 3365 3655 Quadragesima
3415 3584 3544 3638 anni
3587 3584 3692 3638 587
3729 3585 3822 3639 ho-

2269 3687 2448 3742 milias
2477 3685 2666 3757 viginti
2696 3696 2751 3740 et
2777 3700 2941 3740 unam
2972 3685 3184 3739 habitas
3223 3684 3412 3751 fuisse,
3457 3701 3581 3757 qua:
3634 3686 3822 3740 etiam-

2269 3803 2400 3842 num
2433 3795 2750 3857 supersunt,
2783 3795 3017 3856 totaeque
3045 3787 3102 3839 in
3145 3783 3489 3855 deplorandis
3530 3785 3825 3841 Antioche-

2269 3889 2355 3944 nis
2379 3887 2781 3944 calamitatibus
2809 3895 3113 3951 versantur,
3149 3885 3202 3940 in
3233 3900 3531 3956 earumque
3584 3886 3827 3940 exordiis

2268 3996 2330 4042 ut
2383 3986 2680 4057 plurimum
2729 3985 2796 4040 de
2845 3983 3275 4055 praecedentibus
3335 3984 3572 4040 bomiliis
3625 3985 3827 4056 agitur.

2269 4086 2657 4154 Quamobrem,
2693 4085 2739 4141 si
2780 4085 3163 4141 controversiae
3219 4085 3285 4139 de
3342 4085 3510 4156 gloria
3552 4082 3826 4156 Unigeniti

2269 4202 2324 4246 et
2373 4201 2564 4247 contra
2619 4191 2916 4246 Anommos
2980 4198 3110 4244 tunc
3164 4189 3482 4258 viguissent,
3515 4199 3570 4244 et
3608 4191 3658 4244 si
3717 4191 3826 4243 haec

2269 4303 2461 4348 contra
2486 4290 2703 4346 Iudaeos
2735 4300 2865 4346 tunc
2914 4289 3098 4344 habita
3133 4286 3344 4352 fuisset,
3394 4289 3444 4343 id
3477 4289 3531 4343 in
3587 4290 3827 4358 quodam

2267 4395 2534 4465 prommio
2573 4393 2716 4449 haud
2751 4392 2915 4448 dubie
2945 4400 3346 4447 memoraturus
3387 4400 3524 4447 erat.
3573 4392 3661 4445 Ad
3715 4392 3826 4446 hac

2271 4511 2400 4551 vcro
2433 4497 2559 4567 quis
2617 4504 2789 4565 putet,
2839 4495 2896 4549 in
2959 4494 3218 4549 extremis
3271 4493 3526 4564 periculis
3579 4502 3639 4548 et
3670 4495 3827 4547 malis

2268 4609 2520 4653 versante
2548 4598 2791 4662 civitate,
2821 4597 3268 4668 Chrysostomum
3315 4606 3502 4650 contra
3531 4594 3825 4650 Anomosos

2266 4707 2322 4754 et
2347 4698 2563 4755 Judaaos
2590 4699 2995 4754 controversias
3034 4697 3326 4777 excitasse,
3358 4712 3477 4764 qua:
3509 4697 3826 4751 auditorum

2267 4810 2322 4856 et
2348 4799 2518 4854 otium
2551 4809 2606 4853 et
2634 4799 2877 4854 sedatam
2905 4807 3139 4854 mentem
3177 4796 3543 4868 postulabant.

2338 4909 2494 4982 [586]
2524 4907 2708 4980 Longe
2739 4907 3092 4965 difﬁciliorem
3148 4909 3308 4964 aliam
3342 4918 3522 4964 movet
3564 4910 3826 4980 quastio—

2268 5027 2388 5067 nem
2416 5009 2820 5076 'l‘illemontius,
2874 5025 2996 5079 quae
3029 5023 3182 5064 suam
3235 5008 3435 5079 pariter
3465 5019 3520 5063 et
3575 5022 3825 5064 nostram
3888 5039 3889 5058 η

2267 5112 2593 5168 sententiam
2625 5111 2871 5182 impetat,
2902 5127 3132 5182 quaeque
3163 5110 3480 5177 huiusmodi
3520 5121 3626 5166 est.
3655 5110 3824 5179 Hujus

2268 5213 2504 5268 homilia:
2533 5214 2723 5270 titulus
2747 5223 2850 5278 est,
2877 5215 2972 5277 Εἰς
2999 5215 3124 5276 τοὺς
3163 5212 3232 5266 τὰ
3279 5213 3470 5284 πρῶτα
3511 5213 3701 5282 πάσχα
3735 5230 3822 5281 νη-

2271 5313 2576 5377 στεύοντας,
2610 5313 2678 5368 In
2699 5330 2786 5367 eos
2811 5315 2901 5383 qui
2936 5314 3105 5382 primo
3134 5310 3341 5367 Pascha
3365 5312 3638 5380 jejunant.
3672 5311 3821 5377 Quod

2267 5425 2446 5470 autem
2484 5415 2587 5472 hoc
2619 5416 2737 5486 ipso
2767 5431 2910 5470 anno
2959 5415 3015 5480 ii,
3046 5414 3139 5483 qui
3189 5411 3497 5467 Judazorum
3552 5412 3822 5466 calculum

2265 5515 2318 5569 in
2349 5513 2612 5570 l’aschate
2651 5516 3037 5586 sequebantur,
3072 5517 3124 5570 in
3157 5515 3276 5585 ipso
3311 5514 3577 5570 Paschate
3598 5515 3824 5584 jejuna-
3888 5575 3889 5592 χ

2263 5619 2370 5671 turi
2397 5628 2602 5683 essent,
2649 5621 2727 5675 sic
2758 5621 3002 5674 declarat
3057 5619 3482 5690 Chrysostomus
3534 5635 3695 5673 num.
3749 5618 3826 5672 5:

2266 5717 2401 5771 Ecce
2427 5733 2650 5789 namque
2699 5721 2900 5790 primus
2932 5722 3050 5774 dies
3088 5721 3404 5790 Asymorum
3458 5719 3553 5772 hac
3590 5734 3736 5770 anno
3775 5718 3828 5768 in

2266 5818 2599 5876 Dominicam
2628 5821 2765 5876 diem
2814 5820 3020 5887 incidit,
3065 5829 3116 5877 et
3139 5821 3348 5876 omnino
3377 5834 3579 5874 necesse
3602 5828 3716 5884 est,
3769 5823 3828 5870 ut

3883 5859 3890 6122 ὲ
