3832 6270
64 378 185 429 Sil‘
1098 378 1463 436 ADVERSUS
1500 377 1650 436 ,11]οι

1758 379 1815 437 S.
1851 410 1920 422 -
1952 379 2293 439 MONITUM.

63 508 179 552 tota
217 499 543 552 hebdomade
557 500 879 570 jejunemus,
909 512 956 555 et
996 518 1114 555 cum
1168 502 1359 557 Passio
1418 510 1639 570 prater-

66 600 216 661 ierit,
248 609 296 652 et
325 616 458 653 crux
487 601 756 654 advenerit
788 612 835 654 et
859 604 1188 666 resurrectio,
1232 620 1323 656 nos
1349 603 1520 655 adhuc
1552 602 1639 671 je-

51 695 317 763 junantes
359 718 686 757 maneamus.
730 702 797 757 Et
834 720 1185 773 saepenumero
1221 706 1363 758 istud
1416 707 1637 769 accidit,

70 815 135 857 ut
170 816 287 874 post
353 821 580 870 crucem,
637 814 756 873 post
815 811 1270 875 resurrectionem,
1316 810 1641 863 ltebdomada

69 908 304 959 nondum
339 907 604 968 absoluta.
626 908 890 978 jejunium
925 912 1269 966 observemus.
1301 910 1425 966 llaec
1454 922 1642 967 contra

67 1021 170 1059 eos
205 1005 496 1074 dicuntur,
530 1008 623 1078 qui
659 1009 929 1079 jejunium
966 1011 1196 1067 Iudaico
1248 1029 1400 1069 more
1451 1030 1641 1069 serva-

68 1106 228 1171 bant,
272 1109 479 1179 quique
530 1111 822 1180 aliquando
861 1114 915 1167 in
957 1116 1077 1183 ipso
1127 1114 1396 1169 Paschate
1425 1114 1642 1184 jejuna—

69 1208 229 1274 bant,
274 1212 496 1280 quando
551 1214 760 1268 scilicet
812 1214 1127 1269 Iudaeorum
1162 1216 1405 1271 calculus
1435 1215 1644 1271 Pascha

70 1313 393 1383 assignabat
428 1324 556 1383 post
581 1314 1021 1371 Christianorum
1046 1316 1274 1373 Pascha.
1313 1317 1467 1373 Tunc
1500 1320 1644 1372 enim

71 1415 376 1469 Christiani
410 1416 487 1469 illi
525 1418 616 1486 qui
649 1416 879 1474 Iudaico
910 1418 1013 1473 ritu
1043 1418 1312 1490 jejunium
1335 1420 1643 1486 servabant,

72 1518 175 1571 illo
211 1519 297 1571 die
326 1518 655 1587 jejunabant
681 1535 790 1590 quo
843 1521 1022 1575 caeteri
1082 1521 1379 1575 Christiani
1437 1520 1646 1576 Pascha

71 1619 442 1672 celebrarent.
491 1619 657 1689 Atqui
721 1623 1023 1676 secundum
1074 1621 1310 1678 Tabulas
1362 1623 1647 1692 paschales

73 1722 159 1777 lcs
196 1737 340 1776 anno
371 1722 476 1775 587
508 1722 716 1777 Pascha
760 1723 951 1778 incidit
981 1724 1034 1778 in
1073 1723 1147 1777 25
1190 1724 1413 1794 Aprilis,
1456 1738 1650 1793 nempe

71 1839 246 1891 quam
276 1823 584 1877 tardissime
609 1832 786 1893 potest
808 1839 1095 1879 occurrere
1124 1843 1147 1889 ε,
1189 1825 1463 1895 quomodo
1518 1842 1649 1895 ergo

71 1932 337 1992 poterant
375 1925 477 1977 hoc
514 1938 658 1975 anno
689 1922 1040 1979 Judaizante‘s
1079 1924 1153 1978 illi
1193 1925 1246 1978 in
1276 1923 1539 1981 Pascbate
1565 1926 1649 1995 je-

68 2022 445 2091 junare.cum
509 2019 719 2074 Pascha
773 2018 1088 2074 Julia-orum
1142 2036 1419 2090 nunquam
1477 2021 1651 2090 possit

76 2126 228 2179 ultra
255 2123 324 2178 25
357 2124 564 2193 Aprilis
585 2124 921 2179 occurrere?
947 2123 1141 2194 Ingens
1166 2138 1297 2178 sane
1320 2122 1609 2177 dilﬁcultas
1634 2137 1648 2186 ;

72 2233 174 2287 sed
212 2248 332 2302 quae
370 2241 548 2287 tamen
577 2239 758 2287 certas
786 2231 1051 2301 temporis
1084 2238 1241 2285 notas
1286 2245 1315 2283 a
1350 2229 1507 2284 nobis
1558 2245 1652 2283 su-

73 2349 178 2403 pra
226 2334 429 2403 positas
459 2340 703 2387 evertere
732 2339 987 2400 nequeat.
1028 2328 1162 2383 Nam
1218 2338 1398 2383 utrum
1435 2342 1650 2398 semper

72 2434 407 2489 Antiocheni
443 2432 751 2487 invariabili
808 2433 923 2499 lege
952 2429 1447 2485 Alexandrinorum
1506 2428 1649 2483 circa

72 2534 287 2589 Pascha
328 2533 545 2587 Domini
577 2533 849 2588 calculum
884 2532 1055 2586 secuti
1094 2532 1223 2594 sint.
1256 2531 1309 2585 id
1351 2547 1484 2587 sane
1541 2547 1651 2585 non

73 2650 259 2703 usque
279 2636 414 2689 adeo
444 2635 603 2689 nobis
665 2642 1006 2702 compertum
1031 2641 1159 2688 est':
1212 2640 1375 2702 atque
1437 2630 1652 2686 etiamsi

76 2753 300 2807 semper
328 2738 501 2792 secuti
533 2736 679 2800 sint,
730 2751 798 2789 an
850 2734 1119 2789 afﬁrmare
1167 2748 1459 2802 possumus
1499 2747 1653 2785 nun-

74 2855 248 2906 quam
284 2853 525 2894 errorem
579 2838 631 2892 in
674 2837 885 2892 calculo
922 2835 1303 2890 intercidisse?
1355 2833 1513 2887 Certe
1567 2831 1652 2885 fa-

78 2949 269 2994 tentur
356 2938 458 2992 viri
522 2939 862 2993 calculorum
920 2937 1260 3006 paschalium
1332 2933 1653 3004 peritissimi

75 3057 327 3096 errorem
364 3041 637 3095 interdum
670 3040 721 3093 in
779 3040 1006 3094 calculis
1060 3038 1375 3108 bujusmodi
1431 3038 1653 3093 contin-

80 3158 237 3213 gere,
273 3158 371 3196 nec
406 3141 589 3195 multis
634 3141 834 3195 abhinc
894 3138 1056 3194 annis
1106 3138 1423 3208 contigisse,
1478 3152 1657 3207 neque

78 3252 264 3295 tutum
296 3257 510 3310 semper
544 3256 667 3295 esse
695 3250 854 3294 notas
886 3240 1169 3308 paschales
1196 3240 1321 3295 aliis
1348 3248 1655 3308 temporum

79 3342 230 3396 notis
260 3352 605 3410 anteponere.
642 3339 785 3394 Sane
818 3350 968 3394 tanta
1011 3340 1227 3393 videtur
1280 3354 1469 3394 eorum
1490 3380 1505 3403 ,
1535 3354 1657 3409 qua:

78 3461 251 3514 supra
278 3445 542 3512 diximus,
577 3444 829 3508 ﬁrmitas,
866 3455 923 3495 ut
946 3444 1123 3513 potius
1159 3460 1225 3498 ex
1252 3443 1660 3512 computatione

80 3554 274 3599 nostra
306 3551 495 3596 contra
525 3541 794 3597 calculum
822 3541 1134 3611 paschalem
1165 3540 1458 3610 ejusmodi,
1494 3556 1657 3610 quam

82 3664 148 3701 ex
178 3648 399 3704 calculo
429 3645 672 3715 paschali
697 3653 888 3702 contra
919 3644 1381 3713 computationem
1410 3652 1658 3699 nostram

80 3753 269 3807 liceat.

158 3867 289 3921 “asc
322 3867 390 3921 de
424 3865 599 3919 tribus
626 3863 902 3934 prioribus
932 3872 1122 3917 contra
1153 3859 1372 3916 Iudaeos
1397 3861 1657 3915 homiliis.

82 3970 344 4038 Quinque
404 3983 535 4022 vero
591 3944 882 4036 sequentes
952 3965 1047 4019 diu
1107 3973 1231 4035 post
1286 3963 1659 4019 intermissam

83 4070 328 4139 priorem
360 4068 626 4120 adversus
662 4066 883 4120 eosdem
927 4064 1391 4119 concertationem
1447 4064 1662 4120 habitas

88 4171 265 4225 fuisse
298 4167 612 4222 subindicat
650 4167 767 4237 ipse
805 4165 1233 4236 Chrysostomns
1268 4165 1423 4219 initio
1454 4176 1662 4235 quartae

87 4270 170 4324 his
196 4268 426 4322 verbis:
468 4266 671 4320 Rursus
713 4265 946 4335 infelices
984 4264 1066 4318 illi
1107 4265 1513 4336 mortaliumque
1546 4284 1659 4320 om-

86 4374 234 4425 nium
297 4371 581 4424 miserrimi
650 4370 830 4423 Judaei
876 4370 1176 4439 jejunaturi
1241 4378 1409 4423 sunt:
1474 4387 1658 4424 rursus

87 4476 293 4529 Christi
326 4490 531 4545 gregem
581 4475 1134 4551 muniamusnecesse
1170 4484 1269 4528 est.
1332 4473 1434 4528 Sed
1477 4484 1661 4544 aperte

88 4577 338 4631 declarat
364 4564 591 4631 homilia
617 4584 767 4631 sexta
803 4591 954 4631 num.
988 4576 1060 4630 6.-
1097 4574 1236 4639 Quid
1266 4585 1441 4628 autem
1474 4574 1660 4643 loquor

3193 386 3319 444 842*

1747 500 1811 551 de
1843 501 2231 568 pra'donibus?
2278 502 2524 571 Profecto
2573 505 2719 558 scitis
2755 521 2930 559 omnes
2972 522 3032 557 ac
3084 509 3319 571 memini,

1749 606 1961 672 quando
1985 607 2126 675 apud
2159 623 2252 659 nos
2291 608 2535 661 scelerati
2560 608 2775 678 quidam
2822 617 2872 663 et
2903 608 3317 678 prwstigiatores

1749 713 1955 758 statuas
1985 708 2241 775 principis
2268 706 2585 777 dejecerunt,
2617 726 2719 778 quo
2755 719 2908 779 pacto
2936 725 3036 763 non
3081 708 3162 761 illi
3196 720 3320 763 tan-

1750 816 1859 859 tum
1888 809 1977 877 qui
2030 808 2236 877 facinus
2260 810 2381 863 ausi
2432 810 2665 878 fuerant,
2700 813 2790 864 sed
2832 820 3083 881 quotquot
3121 810 3321 880 simpli-

1750 910 1881 961 citer
1914 920 2199 979 prtesentes
2235 914 2498 981 conspecti
2531 923 2702 977 erant,
2733 916 2983 983 quoniam
3011 913 3323 967 videbantur

1750 1008 1861 1061 illis
1908 1010 2177 1072 assentiri,
2236 1011 2291 1063 in
2342 1011 2605 1079 judiciunt
2645 1012 2845 1081 abrepti
2907 1013 3168 1081 simulque
3201 1028 3322 1064 cum

1751 1110 1859 1163 illis
1887 1110 2101 1163 abducti
2139 1122 2371 1165 extremo
2399 1114 2654 1182 supplicio
2684 1116 2787 1168 sint
2840 1114 3036 1181 a/fccti.
3074 1112 3170 1167 llic
3208 1128 3323 1167 me-

1753 1224 2018 1268 moratam
2052 1212 2302 1267 videmus
2330 1214 2474 1267 illam
2503 1215 2846 1284 lragazzliam,
2877 1231 2997 1283 qure
3023 1230 3119 1283 per
3151 1223 3318 1267 totam

1754 1315 2239 1386 Quadragesimam
2281 1316 2409 1368 anni
2472 1315 2575 1368 ’587
2636 1316 2929 1371 occasione
2988 1316 3323 1386 dejectarum

1755 1425 2064 1473 statuarum
2090 1417 2397 1473 Antiochiae
2427 1419 2670 1473 exhibita
2700 1431 2804 1486 est,
2831 1420 2897 1475 de
2928 1435 3030 1489 qua
3075 1420 3325 1487 pluribus

1756 1518 1912 1572 initio
1952 1517 2084 1573 torni
2147 1518 2446 1589 sequentis.
2486 1519 2611 1573 llmc
2666 1516 2830 1591 porro
2888 1533 3041 1576 sexta
3101 1522 3323 1577 homilia

1756 1622 1941 1676 habita
1986 1622 2087 1677 fuit
2126 1624 2245 1694 ipso
2289 1625 2484 1694 jejnnii
2536 1623 2850 1680 Iudaeorum
2906 1627 3014 1689 die,
3082 1635 3142 1681 ut
3209 1628 3324 1697 ipse

1756 1722 2184 1792 Chrysostomus
2223 1724 2356 1779 dicit
2385 1727 2436 1780 in
2474 1727 2579 1781 ﬁne
2610 1745 2623 1781 :
2656 1736 2850 1797 quarta
2880 1728 3067 1783 decem
3109 1728 3325 1783 circiter

1756 1820 1949 1877 diebus
1980 1832 2107 1878 ante
2150 1824 2464 1894 jejunium:
2503 1828 2696 1897 quinta
2749 1827 3091 1901 intermcoio,
3149 1840 3209 1885 ut
3258 1845 3324 1884 ex

1756 1923 2004 1977 ordiendi
2032 1926 2196 1980 modo
2227 1926 2416 1995 liquet,
2444 1936 2687 1995 tempore
2714 1947 2727 1982 :
2775 1930 3027 1999 septima,
3082 1931 3323 1985 nondum

1757 2023 2007 2078 absoluto
2060 2024 2371 2080 Jndzeorum
2414 2026 2593 2081 festo:
2637 2036 2828 2084 octava
2889 2041 3013 2099 post
3056 2031 3324 2101 jejunium

1756 2131 1810 2176 et
1832 2120 2069 2187 festum;
2106 2122 2178 2176 ita
2213 2132 2273 2176 ut
2301 2138 2365 2176 ex
2396 2122 2775 2195 Chrysostomi
2812 2128 2989 2182 verbis
3036 2128 3179 2183 clare
3214 2130 3328 2183 col-

1756 2220 1958 2291 ﬁgatur
1997 2238 2119 2276 eum
2163 2223 2376 2290 minus,
2416 2238 2580 2293 quam
2638 2226 2828 2296 viginti
2877 2226 3088 2281 dierum
3129 2229 3325 2297 Spatio,

1756 2321 2001 2391 quinque
2027 2329 2330 2391 postremas
2360 2332 2550 2378 contra
2589 2320 2805 2378 Judaaos
2837 2323 3088 2379 homilias
3138 2326 3327 2382 absol-

1756 2422 1921 2477 visse.
1958 2420 2071 2476 Hac
2098 2422 2164 2477 de
2214 2439 2273 2477 re
2307 2424 2598 2479 dilﬁcultas
2633 2426 2779 2480 nulla
2822 2428 3059 2482 suboriri
3124 2440 3327 2500 potest.

1760 2520 1955 2577 Utrum
1987 2534 2164 2578 autem
2198 2540 2343 2579 anno
2371 2525 2497 2590 587,
2527 2526 2715 2579 eodem
2756 2537 3071 2582 recurrente
3091 2529 3322 2599 jejunio,

1758 2625 1919 2696 cujus
1956 2641 2124 2681 causa
2183 2636 2291 2681 tres
2343 2627 2555 2697 priores
2596 2626 2852 2680 homilias
2893 2642 3040 2681 anno
3076 2631 3328 2697 proximo

1758 2726 2047 2792 habuerat,
2082 2728 2180 2783 bas
2224 2729 2467 2797 quinque
2532 2730 2824 2784 conciones
2860 2732 3189 2801 instituerit,
3223 2736 3326 2789 etsi

1703 2883 1714 2890 ,
1759 2843 1870 2883 non
1901 2828 2126 2898 perinde
2154 2836 2362 2882 certum
2404 2827 2673 2894 videatur,
2710 2831 2935 2885 omnino
2984 2840 3163 2887 tamen
3204 2851 3331 2904 pro-

1761 2929 1943 2984 babile
1968 2938 2090 2985 est:
2122 2930 2174 2984 in
2204 2930 2398 2983 barum
2430 2930 2629 3001 quippe
2679 2932 3027 2988 bomiliarum
3094 2937 3327 2993 decursu

1761 3037 2065 3099 martyrum
2098 3030 2394 3087 memorias
2435 3046 2727 3087 occurrere
2766 3034 2898 3088 dicit
2949 3046 3172 3093 sanctus
3232 3040 3330 3095 do—

1764 3140 1903 3194 ctor,
1936 3130 2399 3200 quemadmodum
2424 3143 2477 3186 et
2516 3132 2569 3186 in
2602 3133 2879 3202 prioribus
2910 3134 3016 3190 illis
3047 3138 3329 3193 concinni-

1757 3234 1860 3289 bns
1882 3236 2010 3289 anni
2044 3235 2179 3299 386,
2211 3253 2352 3307 quas
2401 3252 2587 3291 mense
2617 3238 2834 3292 circiter
2889 3239 3192 3307 Septembri
3229 3242 3331 3296 ba-

1759 3334 1949 3390 buisse
2003 3352 2062 3391 se
2117 3338 2459 3392 testiﬁcatur.
2516 3337 2851 3409 Videturque
2906 3339 3331 3411 Chrysostomus

1757 3436 2050 3492 Judaicum
2110 3438 2405 3503 morbum,
2474 3438 2912 3494 Christianorum
2966 3442 3328 3511 quorumdam

1761 3540 1960 3594 animis
1998 3539 2515 3602 adhuchzerentem.
2545 3541 2632 3594 cui
2673 3542 2935 3596 medicam
2974 3558 3139 3597 manu
3186 3559 3331 3599 anno

1758 3640 1864 3694 386
1894 3640 2229 3705 admoverat,
2252 3655 2395 3695 anno
2422 3640 2589 3694 etiam
2618 3640 2928 3712 insequenti
2972 3644 3193 3712 penitus
3229 3659 3326 3698 cu-

1761 3758 1884 3797 rare
1918 3743 2182 3806 voluisse,
2206 3743 2493 3812 ipsumque
2521 3743 2761 3798 homilias
2783 3753 2993 3813 quartae
3022 3744 3327 3810 exordium,

1762 3844 1964 3899 Rursus
2020 3845 2197 3900 Judaei
2226 3845 2529 3917 jejunaturi
2584 3857 2727 3911 sunt,
2788 3847 3033 3901 eamdem
3087 3848 3330 3917 proxime

1762 3958 2135 4004 recurrentem
2192 3949 2322 4003 anni
2370 3956 2749 4019 tempestatem
2819 3964 3047 4019 prorsus
3105 3949 3316 4019 signiti-

1763 4068 1889 4109 care
1918 4052 2153 4107 videtur.

1836 4166 2351 4237 Interpretationem
2386 4166 2637 4221 Latinam
2680 4167 2872 4236 prima;
2902 4164 3142 4221 homilias
3171 4165 3331 4220 ador-

1764 4268 1920 4323 navit
1950 4268 2121 4323 David
2157 4266 2526 4332 Hceschelius,
2555 4267 2809 4323 secundae
2839 4278 2893 4322 et
2937 4267 3110 4321 tertiae
3155 4264 3334 4321 homi-

1766 4370 1853 4425 lias
1878 4368 2080 4424 Fronto
2114 4369 2360 4436 Ducmus,
2384 4372 2624 4440 quinque
2653 4368 3015 4439 posteriorum
3050 4368 3328 4431 Erasmus,

1766 4487 1907 4551 quas
1930 4472 2411 4543 interpretationes
2438 4472 2647 4541 aliquot
2677 4471 2733 4526 in
2772 4471 2909 4528 locis
2948 4472 3277 4527 emendatas.
3302 4482 3341 4523 θ

1766 4574 1989 4646 regione
2028 4574 2200 4631 Grazci
2229 4582 2411 4632 textus
2442 4574 2747 4644 posuimus.
