3832 6242
1219 362 1279 419 S.
1313 361 1596 420 JOANNIS
1632 363 2122 422 CIIRYSOSTOMI
2155 367 2470 424 ARClllEP.
2506 367 3047 426 CONSTANTINOP.
3668 374 3738 433 ιιι

1444 1008 1861 1104 SANCTI
1955 1010 2375 1121 PATRIS
2465 1010 2900 1103 NOSTBI

543 1411 1659 1634 JOANNIS
1765 1421 3730 1689 CHRYSOSTOMI,

1368 1941 1968 2006 ARCHIEPISCOPI
2039 1899 2988 2016 cousTANt‘tNoPourANt

852 2297 1680 2429 ADVERSUS
1770 2302 2405 2440 JUDx‘EOS
2502 2303 3460 2438 ORATIONES.

1107 3215 1301 3256 ORATIO
1339 3215 1515 3255 PHIIA.

610 3334 661 3386 1.
689 3332 838 3399 Quod
871 3334 1129 3403 reliquum
1155 3344 1271 3389 erat
1296 3337 1530 3390 mat‘erire
1551 3376 1564 3400 ,
1594 3335 1660 3390 de
1687 3350 1789 3406 qua
1820 3349 1988 3404 nuper
2017 3351 2111 3389 vo-

535 3422 618 3477 bis
645 3424 869 3479 disserui
894 3467 908 3490 ,
941 3424 1108 3479 Deum
1133 3427 1490 3496 comprehendi
1518 3433 1617 3481 non
1648 3443 1793 3496 posse
1818 3444 1836 3481 :
1867 3427 1916 3480 id
1951 3427 2109 3483 hodie

532 3513 808 3569 absolvere
831 3522 886 3568 et
910 3515 1190 3570 dilucidius
1215 3516 1408 3571 dueere
1430 3517 1693 3572 volebam.
1720 3517 1792 3572 De
1814 3517 1915 3573 hoc
1928 3519 2075 3573 enim.
2089 3561 2103 3585 ,

535 3605 804 3671 [rmterita
835 3605 920 3662 die
959 3606 1266 3673 dominica,
1304 3616 1508 3662 tantum
1537 3609 1828 3664 verborum
1849 3652 1865 3677 ,
1897 3618 2107 3680 tamque

531 3694 746 3762 cepiose
789 3693 1044 3758 iecimus,
1089 3697 1356 3766 productis
1400 3699 1626 3765 Rosa-ia,
1668 3700 1862 3761 Davide
1886 3742 1901 3765 ,
1948 3711 2106 3770 atque

529 3782 692 3838 Paulo
722 3785 962 3842 testibus.
993 3786 1126 3844 Nam
1152 3789 1264 3852 illc,
1290 3787 1817 3862 (ienerationemejus.
1835 3792 1945 3861 quis
1965 3807 2107 3848 enar-

529 3875 656 3928 rabit
686 3873 887 3944 (Hesai.
930 3879 1017 3933 5'5.
1051 3877 1160 3949 8)?
1204 3881 1497 3946 clamabat;
1540 3881 1626 3935 hic
1669 3883 1810 3950 quod
1858 3897 2102 3951 compre-

531 3965 688 4021 hendi
719 3983 822 4020 non
851 3983 1046 4039 posset,
1078 3973 1273 4039 gratias
1304 3973 1399 4041 ipsi
1427 3988 1588 4042 agens
1611 4014 1626 4039 ,
1655 3960 1940 4042 Can/ilebor
1980 3975 2101 4040 tibi,

529 4056 776 4122 dicebat,
824 4061 941 4128 quia
984 4062 1268 4115 terribiliter
1313 4065 1663 4132 magnificatus
1707 4081 1757 4117 es
1797 4079 1816 4116 :
1855 4065 2108 4118 mirabilia

527 4164 682 4215 Opera
702 4158 789 4201 tua
818 4149 999 4220 (Psal.
1024 4151 1145 4206 158.
1177 4154 1241 4206 14
1264 4153 1302 4222 ).
1337 4152 1405 4205 Et
1431 4168 1662 4218 rursum,
1694 4153 1950 4208 Mirabilis
1970 4158 2106 4225 facta

527 4249 600 4291 est
623 4239 831 4292 scientia
856 4250 941 4293 tua
969 4259 1030 4295 ex
1057 4259 1165 4307 me;
1195 4248 1480 4314 confortata
1502 4254 1606 4310 est,
1635 4255 1813 4299 et-non.
1843 4256 2014 4316 potero
2040 4248 2106 4300 ad

523 4345 637 4382 eam
674 4327 846 4399 (Ibid.
874 4347 920 4385 υ.
949 4332 1040 4400 6).
1071 4333 1138 4385 At
1163 4332 1484 4391 Paulusnou
1513 4334 1578 4391 ad
1606 4336 1772 4403 ipsam
1803 4335 1896 4392 Dei
1923 4351 2102 4393 essem

527 4423 653 4476 tiam
680 4423 1014 4491 respiciebat,
1037 4425 1130 4480 sed
1158 4426 1226 4478 ad
1250 4427 1366 4495 ejus
1388 4426 1663 4490 dumtaxat
1689 4427 2068 4496 providentiam
2081 4448 2100 4490 ,ε

524 4514 649 4581 quin
681 4512 838 4583 hujus
867 4515 1024 4568 etiam
1054 4519 1312 4586 particula
1356 4518 1528 4592 solum
1554 4559 1569 4582 ,
1601 4534 1758 4588 quam
1787 4519 1836 4572 iu
1869 4521 2101 4590 gentium

524 4603 802 4658 vocatione
841 4605 1286 4672 demonstrasset,
1321 4619 1597 4678 percepta,
1625 4611 1785 4664 veluti
1814 4620 2018 4664 vastum
2049 4619 2103 4664 et

522 4694 842 4749 immensum
873 4712 1017 4749 mare
1041 4699 1396 4766 conspicatus,
1421 4700 1497 4753 sic
1522 4701 1883 4755 exclamabat:
1917 4701 1960 4755 0
1980 4701 2099 4754 alti-

523 4785 642 4838 tudo
673 4785 958 4840 divitiarum
998 4798 1044 4840 et
1080 4791 1336 4858 sapientia:
1361 4799 1404 4844 et
1433 4792 1646 4845 scientiae
1673 4793 1765 4847 Dei
1791 4795 1811 4846 !
1839 4811 1990 4864 quam
2017 4795 2096 4848 in-

518 4877 811 4929 scrutabilia
845 4887 960 4931 sunt
987 4879 1186 4948 judicia
1229 4882 1334 4951 ejus
1354 4920 1368 4946 ,
1401 4890 1446 4934 et
1483 4882 1843 4952 investigabiles
1871 4886 1962 4936 via:
1991 4885 2100 4955 ejus

519 4969 538 5038 (
562 4967 710 5022 Rom.
739 4970 824 5024 11.
849 4970 919 5023 55
943 4971 984 5039 ).
1011 4973 1182 5041 Atque
1213 4972 1311 5028 hoc
1337 4975 1466 5027 satis
1489 4974 1955 5030 demonstrationis
1979 4991 2098 5031 esse

515 5067 725 5128 poterat
766 5076 780 5112 :
819 5075 919 5130 ego
950 5076 1075 5115 vero
1113 5077 1217 5115 non
1251 5063 1623 5131 prophetarum
1661 5064 1977 5119 testimoniis
2023 5066 2092 5119 fui

515 5161 794 5208 contentus
814 5194 828 5217 ,
859 5168 963 5208 non
994 5154 1046 5209 in
1077 5155 1384 5222 apostolicis
1409 5156 1618 5209 substiti
1650 5172 1664 5220 ;
1705 5157 1798 5210 sed
1830 5159 1879 5210 in
1909 5158 2093 5212 cretum

513 5243 726 5297 ascendi
746 5284 760 5309 ,
788 5244 1009 5298 chorum
1045 5246 1533 5316 angelorumyobis
1561 5247 1874 5314 monstravi,
1901 5249 1988 5316 qui
2015 5248 2096 5302 di.-

514 5345 689 5390 reret:
722 5336 896 5390 Gloria
924 5339 976 5391 in
1001 5339 1261 5392 altissimis
1288 5338 1424 5405 Deo,
1453 5340 1574 5392 etin
1605 5349 1737 5392 terra
1760 5357 1861 5408 pax
1881 5382 1895 5404 ,
1925 5342 1976 5393 in
1998 5341 2091 5393 Ito-

513 5427 725 5479 minibus
764 5428 1122 5496 beneplacilum
1162 5430 1322 5502 (Luc.
1365 5432 1418 5484 2.
1450 5431 1577 5502 14).
1623 5432 1881 5486 Audiistis
1924 5433 2090 5486 Sera-

514 5514 660 5586 yltim
687 5531 869 5570 rursus
894 5533 1012 5572 cum
1043 5531 1258 5589 stupore
1287 5529 1340 5574 et
1369 5522 1588 5575 horrore
1611 5523 1915 5587 clamitare,
1953 5524 2091 5577 Smi-

517 5616 618 5660 mts
638 5647 651 5668 ,
679 5619 910 5672 sanctus,
949 5621 1151 5663 sanctus
1189 5611 1434 5665 Dominus
1461 5615 1762 5667 exercituum
1793 5630 1810 5669 :
1837 5617 1986 5684 plena
2016 5627 2088 5670 est

577 5701 789 5765 f‘lnsea
825 5699 1052 5765 Homilies
1071 5711 1247 5765 contra
1275 5703 1465 5752 Judzeos
1498 5707 1700 5755 vidimus
1737 5707 1875 5755 Codd.
1921 5711 2092 5765 Regios

513 5757 980 5831 maluimus.
1002 5763 1304 5831 19.6mm.
1337 5765 1489 5816 2900:
1514 5768 1643 5817 com.
1685 5769 1794 5830 ειν.
1828 5768 1944 5831 sus.

511 5817 623 5882 6:29,
645 5822 782 5882 sora,
809 5822 924 5870 306i
956 5817 973 5870 2*
995 5817 1136 5875 coist.’
1153 5821 1260 5874 asa.

2221 3189 2390 3242 armis.
2404 3198 2535 3242 terra
2559 3191 2724 3260 gloria
2748 3189 3076 3262 ejusUlesat'.
3103 3192 3154 3246 6.
3183 3192 3261 3263 5).
3296 3194 3494 3250 Addidi
3519 3207 3570 3254 et
3595 3197 3740 3250 Chersi-

2219 3277 2327 3336 bim
2366 3279 2690 3340 clamantes.
2730 3279 3000 3338 Benedicta
3023 3283 3183 3353 gloria
3209 3283 3424 3338 Domini
3461 3288 3522 3338 de
3558 3289 3651 3341 loco
3673 3291 3743 3355 eju

2223 3365 2442 3437 (Ezeclz.
2473 3363 2651 3435 3.12).
2676 3360 2882 3422 Tresin
2922 3373 3096 3435 terris,
3119 3373 3340 3428 totidem
3370 3375 3423 3427 in
3447 3376 3585 3430 castis
3609 3387 3741 3440 testes,

2217 3460 2282 3513 ad
2312 3461 2398 3514 Dei
2430 3461 2760 3532 majestatcm
2789 3465 3054 3533 perveniri
3081 3463 3219 3519 haud
3251 3481 3413 3533 posse
3440 3468 3742 3522 ostenderant.

2218 3549 2444 3605 Proinde
2466 3561 2609 3606 certa
2641 3569 2831 3622 magno
2858 3569 2977 3608 cum
3006 3555 3257 3625 applausu
3288 3557 3458 3610 ﬁebat
3481 3557 3747 3611 demonstra-

2217 3642 2324 3707 tio;
2357 3642 2619 3697 theatrum
2645 3644 3036 3699 incalescebat:
3064 3655 3233 3702 coetus
3261 3647 3569 3702 auditorum
3594 3649 3744 3701 inﬂam-

2216 3732 2477 3786 mabatur.
2511 3731 2690 3802 Neque
2719 3749 2845 3788 vero
2874 3749 2973 3804 ego
3009 3750 3093 3790 me
3121 3735 3324 3790 laudari
3354 3738 3659 3802 gaudebam,
3682 3739 3740 3789 sed

2218 3821 2508 3882 Dominum.
2543 3837 2716 3884 meum
2760 3824 3001 3882 laudibus
3024 3827 3301 3885 cumulari.
3339 3826 3490 3884 Nam.
3520 3829 3743 3898 applausos

2214 3920 2372 3982 atque
2411 3912 2527 3967 laus
2562 3914 2995 3975 istaauimorum;
3018 3925 3314 3972 vestrorum
3354 3918 3410 3972 in
3452 3918 3609 3972 Deum
3634 3933 3737 3970 amo-

2218 4017 2331 4056 rem
2358 4005 2868 4065 commmtstrabant,
2897 4005 2964 4066 Et
2989 4006 3446 4075 quemadmodum
3487 4011 3613 4065 servi
3635 4051 3647 4069 .
3678 4009 3741 4061 Le-

2212 4111 2327 4148 rum
2356 4096 2562 4150 sincere
2582 4105 2849 4165 amantes,_
2867 4097 3006 4152 hunc
3028 4098 3226 4152 laudari
3252 4099 3292 4152 si
3321 4101 3741 4169 audiant.llagraet

2213 4185 2478 4241 desiderio
2503 4187 2618 4256 ejus
2638 4187 2724 4256 qui
2755 4188 3026 4256 prmdicat,
3056 4190 3176 4259 quia
3205 4189 3317 4243 lteri
3357 4207 3544 4246 amore
3569 4193 3738 4245 ardent:

2211 4277 2275 4330 ad
2305 4277 2545 4332 eumdem
2578 4277 2735 4331 etiam
2764 4278 2976 4332 modum
3004 4294 3098 4332 vos
3119 4281 3350 4333 maximo
3385 4290 3514 4334 tunc
3535 4279 3735 4350 applause

2209 4384 2444 4424 amorem
2475 4385 2594 4439 erga
2622 4370 2900 4424 Dominum
2925 4372 3049 4425 satis
3071 4370 3408 4427 declarastis.
3433 4373 3661 4427 Volebam
3681 4373 3738 4440 igi

2209 4468 2296 4514 tur
2315 4467 2372 4513 et
2387 4459 2543 4514 hodie
2568 4460 2618 4513 in
2643 4452 2911 4514 certamen
2931 4461 3058 4512 illud
3084 4459 3435 4516 descendere.
3471 4463 3592 4516 Nam
3618 4463 3652 4514 si
3673 4476 3734 4512 rc-

2207 4551 2380 4605 ritatis
2409 4551 2589 4604 hostes
2613 4551 2756 4606 nulla
2782 4551 2923 4620 capit
2957 4551 3175 4605 satietas
3203 4553 3574 4608 conviciorum
3609 4556 3650 4606 in
3673 4553 3731 4604 be-

2208 4643 2430 4696 neﬁcum
2458 4660 2470 4694 :
2501 4645 2667 4695 multo
2691 4644 2858 4713 magis
2882 4658 2978 4696 nos
3000 4643 3307 4712 inexplebili
3331 4646 3618 4713 cupiditate
3638 4644 3734 4696 cele-

2206 4734 2389 4787 brandi
2422 4734 2582 4786 Deum
2610 4734 2972 4787 universorum
3001 4732 3191 4788 ardere
3214 4734 3388 4787 decet.
3428 4736 3530 4788 Sed
3557 4734 3660 4803 quid
3682 4731 3731 4784 fn-

2203 4823 2340 4876 eiam
2365 4823 2388 4874 ?
2417 4824 2564 4877 Alius
2583 4824 2924 4894 gravissimus
2946 4824 3162 4878 morbus
3184 4825 3379 4894 lingua:
3406 4837 3593 4879 nostrae
3614 4822 3732 4875 medi-

2202 4915 2377 4968 cinam
2405 4913 2624 4984 ﬂagitat,
2655 4914 2871 4968 morbus
2898 4915 2949 4967 in
2974 4915 3223 4968 Ecclesia:
3241 4929 3476 4984 corpore
3506 4916 3678 4968 insitus.
3701 4912 3729 4960 Is

2203 5006 2350 5074 prius
2379 5013 2460 5058 est
2498 5005 2806 5069 tollendus;
2843 5005 2963 5058 dbin
2997 5013 3301 5058 exterarum
3341 5020 3472 5058 cura
3513 5004 3724 5072 gerenda:

2203 5098 2346 5166 prius
2371 5096 2805 5158 domesticorum.
2836 5105 3014 5164 postea
3038 5103 3419 5148 extraneorum
3450 5094 3658 5147 habenda
3675 5099 3727 5142 et

2207 5189 2364 5242 ratio.

2278 5277 2775 5347 Christian'squidam
2804 5277 3098 5330 Antioclteni
3122 5276 3424 5330 Juda'orum
3461 5276 3590 5347 festis
3611 5274 3721 5325 inter-

2199 5379 2421 5422 erant.-—
2436 5367 2658 5435 Quinam
2676 5376 2758 5421 est
2795 5367 3008 5420 morbus
3024 5368 3123 5421 iste
3141 5368 3164 5420 ?
3193 5367 3650 5422 FerimJudrcorunt
3664 5363 3723 5413 mi-

2197 5471 2436 5512 serorum
2468 5465 2626 5526 atque
2653 5471 3073 5511 mrumnosorum
3118 5458 3383 5511 continua:
3405 5468 3458 5511 et
3482 5456 3719 5523 frequentes

2199 5552 2426 5604 instant:
2451 5549 2634 5614 Tubze,
2663 5548 3006 5618 Scenopegia‘.
3027 5587 3043 5613 ,
3067 5547 3271 5618 Jejunia
3295 5565 3308 5597 :
3337 5557 3393 5601 et
3429 5547 3570 5600 multi
3594 5540 3714 5598 nostri

2198 5640 2418 5704 ordinis,
2446 5641 2535 5710 qui
2563 5655 2620 5693 se
2649 5641 2922 5694 nobiscum
2962 5641 3159 5695 sentire
3187 5639 3390 5699 dicunt,
3434 5638 3606 5708 partim
3630 5646 3714 5700 spo-

2202 5740 2397 5784 ctatum
2446 5732 2560 5786 illas
2602 5731 2760 5785 ferias
2801 5730 3085 5801 prodeunt,
3126 5731 3316 5800 partim
3339 5731 3501 5784 etiam
3537 5741 3622 5780 una
3652 5735 3714 5775 ce—

2197 5822 2425 5888 lebrant,
2452 5837 2551 5877 una
2577 5822 2819 5893 jejuuant
2851 5839 2864 5876 :
2900 5837 3056 5893 quam
3089 5836 3298 5893 pravam
3336 5815 3712 5876 consuewdirm
