3832 6274
130 400 263 459 845

129 546 301 586 nunc
329 530 397 585 ab
425 529 654 584 Ecclesia
676 525 794 583 volo
819 541 1019 582 arcere.
1038 525 1166 581 Nam
1186 525 1342 580 verba
1370 536 1549 579 contra
1580 528 1724 579 Ano-

131 637 337 678 mcos
386 623 489 676 alio
537 632 772 691 tempore
820 621 929 675 ﬁeri
977 630 1252 689 poterunt,
1300 633 1400 672 nec
1445 618 1729 688 quidquam

131 713 344 769 damni
393 721 610 782 propter
662 726 863 765 moram
911 709 1142 773 facietis;
1195 707 1501 763 Judieorum
1554 717 1727 761 autem

134 805 355 859 morbo
383 814 655 871 correptos
690 803 787 855 nisi
811 802 917 870 jam
944 802 1332 864 curaverimus,
1354 800 1480 853 dum
1510 815 1619 868 pra:
1647 798 1727 853 fo-

133 898 310 950 ribus
353 895 559 949 illorum
601 894 744 949 ierim
771 908 1037 963 prapeque
1062 892 1271 957 adsum,
1295 906 1484 945 vereor
1510 906 1576 944 ne
1599 891 1731 945 forte

143 989 383 1058 quidam
434 988 795 1055 intempestiva
835 984 1214 1039 consuetudine
1259 996 1549 1051 magnaque
1585 982 1735 1050 igno-

140 1079 339 1132 rantia
360 1079 565 1132 illorum
589 1076 830 1145 nequitiae
851 1081 1123 1128 consortes
1146 1076 1290 1137 liant,
1313 1081 1470 1139 atque
1484 1070 1732 1137 deinceps

141 1168 361 1222 frustra
390 1167 455 1221 de
482 1166 563 1221 bis
587 1166 747 1219 verba
774 1165 1044 1218 faciamus.
1067 1162 1122 1217 Si
1149 1163 1287 1215 enim
1311 1161 1440 1214 nihil
1469 1160 1731 1214 audiendo

146 1259 329 1313 hodie
355 1274 472 1315 cum
500 1258 605 1313 illis
630 1257 933 1326 jejuuarint,
964 1262 1268 1325 perpetrato
1292 1264 1528 1323 peccato,
1561 1268 1735 1307 reme-

143 1346 311 1402 dium
344 1348 536 1402 frustra
562 1347 945 1401 adhibebimus.
970 1346 1140 1410 Quare
1167 1344 1232 1397 ad
1262 1342 1731 1413 praeoccupandum

142 1441 431 1511 impellor.
458 1440 597 1495 ldem
624 1440 782 1495 etiam
822 1438 1015 1492 medici
1044 1438 1095 1490 in
1127 1436 1434 1505 urgentibus
1462 1442 1516 1488 et
1540 1434 1733 1487 acutis-

143 1532 316 1586 simis
339 1531 538 1585 morbis
558 1532 860 1595 observant,
888 1544 1020 1599 quos
1041 1528 1182 1597 prius
1206 1541 1392 1581 curare
1419 1524 1730 1579 instituunt:

146 1624 383 1677 omnino
425 1632 601 1677 autem
649 1622 751 1677 hoc
796 1632 1065 1677 certamen
1109 1619 1268 1689 priori
1309 1626 1391 1672 est
1426 1625 1731 1687 cognatum.

147 1713 301 1784 Quia
336 1715 475 1768 enim
507 1714 749 1786 impietas
767 1712 1069 1767 Iudaeorum
1096 1719 1150 1765 et
1174 1712 1550 1765 Anommorum
1577 1706 1735 1761 affine

146 1806 288 1876 quid
326 1805 505 1867 habet,
536 1808 828 1858 certamina
870 1804 1026 1855 etiam
1056 1816 1215 1863 nunc,
1238 1799 1499 1869 prioribus
1522 1797 1731 1861 aflinia,

147 1899 324 1951 nobis
353 1912 472 1951 sese
492 1894 738 1951 offerunt.
770 1894 899 1948 Nam
930 1892 1069 1962 quod
1095 1891 1260 1946 Judaei
1287 1891 1487 1944 crimen
1517 1887 1734 1958 objicie-

150 1989 315 2053 bant,
352 1988 489 2042 idem
518 1987 781 2040 intentant
814 2000 1024 2054 quoque
1062 1983 1326 2037 Anomoai.
1353 1981 1489 2048 Quid
1524 1980 1733 2035 crimini

150 2073 371 2127 dabant
420 2074 541 2127 illi?
579 2074 733 2137 Quod
764 2065 1218 2127 Clirtstus'Dcum
1253 2070 1470 2123 Patrem
1502 2069 1729 2131 diceret,

152 2178 332 2233 seque
364 2164 539 2232 ipsum
569 2162 660 2218 Dei
691 2163 951 2233 aequalem
988 2161 1189 2217 faceret
1231 2159 1416 2232 (Joan.
1445 2174 1498 2219 v,
1532 2157 1643 2229 18).
1677 2156 1731 2211 Id

152 2255 213 2309 in
248 2256 459 2310 crimen
492 2255 658 2310 etiam
701 2255 756 2310 hi
801 2254 1029 2308 trahunt
1065 2272 1079 2307 :
1119 2252 1248 2323 quin
1279 2255 1462 2321 potius
1495 2265 1601 2303 non
1626 2259 1735 2302 tra-

154 2346 328 2413 bunt,
360 2346 452 2402 sed
487 2346 691 2401 dictum
728 2346 956 2418 ejusque
990 2345 1318 2400 sententiam
1362 2343 1567 2407 delent,
1608 2341 1734 2396 licet

155 2453 276 2493 non
316 2454 505 2497 manu.
533 2448 587 2493 at
613 2438 947 2500 cogitatione
966 2444 1131 2498 atque
1161 2436 1366 2489 animo.

236 2528 293 2582 2.
337 2526 516 2596 Neque
564 2542 691 2581 vero
734 2526 1031 2591 miremini,
1073 2524 1214 2594 quod
1261 2523 1471 2578 Judteos
1511 2521 1734 2577 miseros

158 2619 415 2674 dixerim.
443 2619 649 2673 Revera
681 2618 821 2672 enim
858 2617 1038 2672 miseri
1067 2624 1189 2671 sunt
1214 2626 1371 2684 atque
1408 2614 1690 2668 terumnosi
1715 2654 1730 2680 ,

160 2713 257 2782 qui
289 2720 365 2766 tot
390 2713 523 2766 bona
545 2710 748 2765 caelitus
762 2709 861 2762 sibi
889 2710 941 2763 in
963 2723 1148 2762 manus
1171 2707 1340 2761 delata
1367 2706 1731 2775 repudiarunt,

163 2801 456 2871 deditaque
483 2815 642 2869 opera
668 2799 984 2868 rejecerunt.
1015 2796 1175 2850 Ortus
1208 2805 1290 2849 est
1316 2796 1420 2849 illis
1446 2798 1735 2849 matutinus

162 2893 385 2963 iustitia:
418 2892 518 2957 sol,
548 2902 603 2946 et
630 2892 727 2960 ipsi
765 2890 976 2960 quidem
997 2931 1012 2953 ,
1041 2888 1202 2943 radiis
1230 2888 1474 2956 repulsis.
1506 2888 1559 2940 in
1591 2896 1736 2940 tene-

165 2986 281 3040 bris
318 2986 501 3040 sedent
532 3004 544 3038 :
577 2994 630 3038 at
667 3000 761 3038 nos
796 2985 877 3037 bis
915 2983 1153 3036 innutriti
1183 2982 1354 3035 lucem
1394 2980 1460 3034 ad
1496 2996 1592 3034 nos
1634 2980 1731 3049 ipsi

165 3078 548 3147 pertraximus,
593 3076 896 3144 errorisque
924 3074 1145 3143 caligine
1184 3073 1387 3127 liberati
1418 3087 1620 3126 sumus.
1656 3070 1734 3123 llli

168 3168 365 3223 radicis
391 3176 586 3221 sancta:
624 3167 756 3220 rami
782 3175 964 3229 erant,
998 3164 1088 3218 sed
1118 3163 1264 3217 fracti
1290 3171 1413 3217 sunt
1447 3161 1618 3233 (Rom.
1646 3162 1730 3214 11.

168 3259 261 3315 16.
292 3257 380 3330 17)
407 3278 421 3312 :
450 3273 546 3312 nos
574 3274 675 3311 non
704 3273 914 3312 eramus
944 3257 1135 3310 radicis
1174 3256 1451 3325 participes
1470 3297 1484 3320 ,
1528 3265 1581 3309 et
1622 3255 1732 3308 fru-

166 3361 314 3404 ctum
343 3349 547 3418 pietatis
577 3348 810 3402 tulimus.
836 3346 912 3402 Illi
937 3346 1219 3417 prophetas
1246 3346 1312 3399 ab
1339 3346 1553 3400 ineunte
1580 3352 1734 3399 aatate

168 3441 443 3509 legerunt,
479 3448 533 3493 et
561 3439 848 3507 prophetiis
886 3439 1213 3491 enuntiatum
1239 3437 1381 3490 cruci
1410 3436 1688 3490 affixeruut
1717 3452 1731 3490 :

169 3545 290 3591 nos,
330 3532 415 3597 qui
467 3528 596 3582 nihil
638 3528 704 3583 de
753 3528 919 3581 sacris
957 3527 1124 3581 literis
1176 3525 1544 3589 audieramus,
1594 3525 1734 3580 hunc

171 3620 343 3687 ipsum
372 3618 723 3672 adoravimus.
770 3618 895 3672 ldeo
941 3616 1121 3672 miseri
1160 3617 1256 3682 illi,
1286 3617 1408 3687 quia
1450 3618 1606 3671 missa
1633 3616 1734 3670 sibi

174 3711 335 3775 bona,
366 3710 484 3763 aliis
508 3708 833 3777 rapientibus
859 3716 1019 3778 atque
1045 3708 1112 3763 ad
1137 3724 1256 3763 sese
1285 3708 1730 3778 pertrahentihus,

175 3803 273 3871 ipsi
292 3802 614 3870 repulerunt.
638 3804 713 3857 Ac
736 3802 808 3855 illi
835 3802 1044 3872 quidem
1064 3802 1128 3855 ad
1150 3802 1374 3856 filiorum
1396 3802 1733 3870 adoptionem

178 3893 369 3957 vocati,
403 3894 454 3945 in
499 3908 657 3947 canes
682 3893 1070 3962 degenerarunt
1100 3911 1111 3945 :
1147 3908 1261 3959 nos,
1295 3894 1381 3963 qui
1423 3909 1582 3947 canes
1618 3909 1732 3947 era-

177 3998 315 4047 mus,
345 3983 552 4036 brutam
602 3993 838 4037 naturam
865 3984 1037 4037 divina
1067 3985 1229 4053 gratia
1264 4000 1458 4039 exuere
1485 3995 1640 4054 atque
1668 3985 1732 4040 ad

180 4074 401 4127 ﬁliorum
441 4075 693 4128 honorem
720 4074 1006 4128 ascendere
1041 4075 1325 4142 potuimus.
1356 4073 1505 4128 Unde
1536 4075 1634 4128 hoc
1668 4074 1733 4128 li-

181 4164 337 4234 quet?
364 4162 483 4216 Non
505 4174 575 4217 est
601 4164 803 4228 bonum,
834 4166 999 4233 inquit
1029 4164 1339 4219 Chananzeze
1357 4164 1617 4230 Christus,
1643 4183 1734 4234 pa-

182 4270 293 4306 nem
316 4254 534 4321 ﬁliorum
554 4270 748 4324 capere,
772 4264 818 4307 et
836 4254 1023 4308 catellis
1044 4255 1252 4323 objicere
1272 4254 1475 4322 (Matt/1.
1504 4256 1566 4310 15
1603 4257 1692 4326 26)
1716 4273 1729 4308 :

108 4358 119 4365 ’
184 4344 301 4399 illos
325 4343 480 4406 ﬁlios,
511 4340 574 4397 ex
615 4344 857 4413 gentibus
891 4359 1017 4397 vero
1043 4345 1317 4406 oriundos,
1346 4360 1506 4399 canes
1536 4361 1735 4400 nuncu-

182 4451 326 4505 pans.
352 4435 567 4502 Verum,
592 4452 693 4505 quo
720 4436 875 4490 modo
904 4438 973 4489 sit
996 4438 1234 4492 inversus
1262 4438 1395 4492 ordo
1414 4479 1429 4503 ,
1461 4440 1598 4502 vide,
1631 4441 1733 4493 illi-

184 4542 283 4596 que
308 4541 485 4593 canes,
504 4542 602 4580 nos
629 4526 779 4581 liberi
807 4526 929 4581 facti
947 4528 1130 4581 simus.
1167 4527 1336 4582 Videte
1350 4545 1513 4593 canes,
1543 4530 1608 4584 de
1630 4531 1733 4585 illis

183 4620 255 4671 ait
288 4618 503 4681 Paulus,
536 4619 694 4671 videte
716 4619 875 4671 malos
904 4620 1187 4687 operarios.
1211 4622 1737 4680 videteconcisionem.

188 4703 296 4758 Nos
315 4703 451 4756 enim
483 4719 665 4758 sumus
686 4702 1035 4758 circumcisio.
1056 4701 1503 4780 (Philipp.5.2.5).
1548 4710 1732 4766 Cernis

182 4796 441 4865 quomodo
471 4797 618 4851 liberi
646 4799 789 4865 prius
812 4812 971 4851 canes
998 4800 1299 4853 evaserint?
1328 4801 1483 4854 Visne
1508 4816 1732 4871 cognos-

182 4900 317 4951 cere,
338 4886 426 4955 qui
457 4902 555 4940 nos
577 4902 607 4940 e
627 4887 842 4941 canibus
871 4888 960 4940 filii
988 4887 1106 4942 laeti
1136 4890 1339 4943 simus?
1366 4890 1615 4961 Quotquot
1634 4909 1731 4944 au-

182 4987 275 5029 tem
297 4987 586 5044 receperunt
616 4994 750 5041 eum,
776 4977 965 5046 inquit,
996 4978 1131 5030 dedit
1154 4980 1224 5032 eis
1255 4990 1563 5048 potestatein,
1596 4983 1728 5050 ﬁlios

184 5067 272 5120 Dei
291 5068 397 5135 fieri
427 5067 601 5139 (Joan.
635 5070 686 5122 1.
721 5069 833 5137 12).
863 5068 1001 5122 Nihil
1034 5070 1147 5123 istis
1173 5072 1445 5135 miserius,
1476 5075 1564 5141 qui
1600 5090 1728 5129 nus-

179 5173 325 5226 quam
355 5161 472 5211 'non
514 5158 669 5212 saluti
716 5172 826 5211 sua:
872 5157 1085 5211 adversi
1127 5172 1364 5213 currunt.
1412 5162 1540 5214 Dum
1587 5165 1727 5217 enim

182 5249 339 5316 legem
366 5248 567 5300 servari
598 5247 863 5316 oportuit,
894 5249 1269 5302 conculcarunt
1298 5266 1310 5301 ε
1344 5250 1428 5304 illa
1460 5268 1595 5306 nunc
1615 5268 1730 5307 ces-

182 5348 349 5400 sante,
383 5338 722 5405 pertinaciter
766 5337 1006 5391 eamdem
1046 5338 1176 5391 tueri
1224 5340 1563 5394 contendunt.
1595 5342 1727 5409 Quid

185 5429 303 5495 ipsis
324 5437 484 5497 queat
509 5427 865 5482 miserabilius
896 5443 1035 5493 esse,
1062 5431 1148 5497 qui
1178 5446 1280 5482 non
1311 5434 1728 5500 transgressione

184 5518 358 5581 solum,
388 5516 481 5571 sed
509 5528 561 5571 et
594 5519 961 5573 observatione
1002 5518 1132 5589 legis
1174 5520 1334 5574 Deum
1375 5522 1728 5577 exacerbant'!

184 5611 297 5664 ldeo
332 5609 473 5663 Dura
505 5612 939 5683 cervicehinquit,
985 5621 1030 5663 et
1073 5612 1413 5666 iucircumciso
1454 5614 1603 5667 Corde
1641 5632 1727 5670 vos

185 5718 364 5768 semper
390 5701 609 5769 Spiritui
639 5710 810 5755 sancto
838 5702 1064 5755 resistitis
1085 5702 1217 5767 (Act.
1246 5704 1297 5755 7.
1325 5704 1414 5771 5|)
1440 5721 1452 5756 :
1486 5720 1587 5758 non
1610 5707 1725 5760 vio-

190 5792 331 5847 lando
377 5792 520 5862 leges
562 5792 849 5857 dumtaxat,
881 5790 973 5846 sed
1015 5802 1068 5847 et
1108 5793 1471 5862 intempestive
1511 5811 1724 5855 scrvare

1400 412 1754 470 ADVERSUS
1791 413 1866 471 Π]
1878 414 2073 471 DIEOS
2133 416 2153 466 l

3297 418 3405 477 816

1838 530 1952 583 illas
1979 532 2258 602 cupiendo.
2285 534 2408 589 Duri
2430 538 2656 605 cervice,
2678 540 2844 609 probe
2866 541 2943 597 sic
2963 557 3055 598 eos
3079 546 3396 614 appellavit:

1838 636 1941 673 non
1969 624 2107 675 enim
2139 623 2323 691 jugum
2351 623 2542 679 Christi
2569 640 2861 697 portarunt.
2890 633 3012 687 licet
3039 649 3202 691 suave
3224 648 3395 703 esset,

1834 724 1933 763 nec
1983 712 2265 780 quidquam
2310 717 2485 767 oneris
2534 726 2625 770 aut
2674 720 2927 774 molestia:
2976 724 3216 780 haberet.
3268 727 3397 783 Nam

1835 796 2022 852 Discite
2053 817 2084 851 a
2109 817 2203 863 me,
2234 802 2419 871 inquit,
2443 806 2558 873 quia
2589 807 2720 859 utilis
2762 824 2899 875 sum,
2930 822 2973 864 et
2994 812 3194 869 humilis
3219 818 3392 883 corde,

1833 898 1906 949 et,
1940 888 2119 943 Tollite
2135 892 2318 961 jugum
2345 909 2507 947 meum
2549 912 2700 965 super
2725 914 2842 963 vos,
2879 903 2995 970 quia
3017 905 3199 974 jugunt
3235 925 3397 962 meum

1834 995 1982 1032 suave
2008 991 2099 1045 est,
2123 990 2169 1033 et
2195 998 2319 1035 onus
2346 1000 2508 1037 meum
2530 987 2633 1039 leve
2661 987 2872 1056 (Matth.
2906 993 2991 1045 11.
3021 993 3111 1049 29.
3140 998 3253 1067 50).
3282 1000 3398 1053 Νυη

1835 1069 2125 1123 tolerarunt
2161 1081 2354 1143 tamen,
2384 1075 2451 1127 ob
2476 1077 2699 1130 cervicis
2727 1078 2969 1134 duritiem
3001 1100 3015 1138 :
3044 1099 3213 1155 neque
3242 1091 3399 1143 modo

1835 1172 1939 1210 non
1968 1161 2279 1226 tolerarunt,
2306 1164 2400 1218 sed
2424 1176 2476 1219 et
2494 1167 2863 1238 confregerunt
2889 1181 2942 1225 et
2962 1186 3235 1243 ruperunt.
3266 1178 3396 1233 Nam

1839 1252 1885 1302 Α
1910 1253 2113 1317 saeculo,
2148 1254 2333 1323 inqttit,
2365 1261 2653 1327 confregisti
2667 1262 2852 1330 jugum
2880 1273 3057 1330 tuum;
3082 1269 3262 1335 rupiin
3286 1272 3398 1323 uin-

1834 1341 1949 1393 cula
1978 1351 2063 1394 tua
2086 1342 2291 1410 (Jerent.
2319 1345 2372 1397 2.
2394 1346 2483 1401 20.
2511 1349 2621 1402 vide
2644 1360 2688 1402 et
2716 1351 2767 1404 5.
2795 1352 2847 1405 5.
2871 1354 2985 1405 item
3006 1353 3149 1408 Psal.
3177 1355 3230 1408 2.
3254 1373 3301 1410 υ.
3320 1358 3395 1428 5).

1834 1430 1948 1485 Νοη
1980 1433 2127 1487 Pauli
2153 1435 2266 1489 hrec
2286 1447 2409 1490 sunt
2436 1439 2591 1493 verba
2613 1481 2627 1506 ,
2659 1442 2750 1495 sed
2778 1444 3031 1512 propheta
3061 1447 3285 1515 clamat,
3307 1449 3397 1518 ju-

1834 1537 1954 1590 gum
1994 1535 2047 1577 et
2086 1526 2290 1579 vincula
2341 1529 2546 1596 imperii
2591 1542 2742 1587 notas
2781 1532 3001 1588 dicens:
3044 1538 3162 1603 quia
3202 1539 3398 1595 Christi

1836 1611 2128 1668 dominium
2173 1616 2339 1671 Judzei
2384 1631 2717 1688 respuerant,
2762 1638 2881 1678 cum
2931 1626 3170 1681 dicereut
3217 1648 3230 1683 :
3277 1629 3398 1684 Non

1836 1703 2070 1759 habemus
2114 1724 2311 1778 regem,
2355 1711 2449 1762 nisi
2479 1711 2722 1765 Cwsarcm
2764 1715 2940 1780 (Joan.
2984 1718 3068 1772 19.
3103 1721 3210 1791 15).
3255 1720 3397 1776 Con-

1834 1792 2033 1862 fregisti
2059 1794 2265 1865 jugum,
2294 1797 2534 1867 dirttpisti
2570 1801 2854 1866 vinculum,
2901 1821 2931 1857 e
2956 1821 3119 1875 regno
3147 1810 3396 1864 etelorum

1836 1886 2062 1954 teipsum
2086 1888 2308 1955 ejecisti,
2337 1900 2388 1943 et
2418 1894 2660 1959 potestati
2695 1894 2938 1950 humana:
2966 1899 3259 1967 subjecisti.
3293 1903 3398 1957 Ve-

1784 1972 1793 1981 ’
1835 1975 1927 2030 lim
1959 1977 2044 2031 hic
2069 1979 2195 2034 mibi
2237 1981 2541 2037 consideres
2561 2025 2575 2045 ,
2602 1999 2757 2053 quam
2789 1987 2969 2041 solerti
3018 1991 3295 2060 aenigmate
3322 1994 3401 2047 ef-

1833 2066 2094 2122 frenatam
2146 2071 2354 2125 illorum
2420 2076 2653 2128 animum
2707 2078 3031 2146 significarit.
3091 2082 3205 2136 Non
3256 2085 3398 2139 enim

1833 2157 2024 2227 inquit,
2047 2160 2227 2230 jugum
2258 2162 2514 2231 dejecisti,
2538 2166 2630 2219 sed
2659 2166 2987 2238 confregisti.
3007 2172 3145 2241 quod
3173 2183 3253 2226 est
3276 2174 3401 2228 bru-

1834 2256 2007 2302 torum
2033 2250 2360 2319 animalium,
2383 2267 2673 2323 eorumque
2701 2258 3025 2324 petulcorum
3055 2261 3257 2326 vitium,
3280 2278 3400 2332 qua:

1834 2336 2044 2390 frenum
2090 2350 2379 2408 reSpttunt,
2428 2343 2815 2414 imperiumque
2854 2346 3170 2402 detrectant.
3207 2350 3397 2406 Verum

1832 2425 1974 2481 unde
2018 2427 2132 2483 hzec
2169 2428 2274 2483 illis
2320 2430 2582 2487 durities?
2631 2434 2707 2487 Ex
2757 2438 2970 2505 crapula
3019 2448 3073 2492 et
3119 2439 3397 2496 ebrietate.

1833 2515 1961 2581 Quis
2007 2517 2080 2570 ait
2128 2518 2261 2573 hoc?
2302 2518 2419 2590 Ipse
2465 2522 2659 2577 Moses.
2708 2524 2930 2580 Comedit
2978 2526 3175 2596 Israel,
3229 2540 3277 2584 et
3318 2548 3387 2586 re-

1834 2608 1996 2678 pletus
2045 2618 2092 2662 et
2152 2612 2490 2681 impinguatus
2534 2624 2640 2677 est,
2700 2625 2746 2668 et
2809 2620 3138 2674 recalcitravit
3190 2624 3400 2679 dilectus

1835 2697 2011 2767 (Deut.
2029 2700 2119 2754 52.
2145 2703 2258 2771 15).
2278 2702 2731 2769 Quemadmodum
2746 2708 2885 2761 enim
2912 2711 3200 2765 animantia
3223 2714 3397 2782 bruta,

1834 2788 2076 2842 uberiore
2100 2791 2288 2858 pabulo
2318 2793 2543 2847 distenta
2564 2835 2579 2857 ,
2610 2796 2776 2865 magis
2802 2797 3107 2852 refractaria
3136 2811 3293 2871 atque
3322 2805 3401 2858 itt-

1832 2878 2032 2932 domita
2063 2881 2214 2945 fiunt,
2243 2892 2297 2937 et
2332 2898 2501 2952 neque
2525 2885 2705 2953 jugum
2726 2927 2741 2949 ,
2786 2902 2885 2941 nec
2923 2887 3158 2955 frenum,
3189 2907 3285 2946 nec
3306 2908 3401 2947 au-

1834 2970 1961 3037 riga:
2017 2984 2230 3024 manum
2279 2970 2451 3026 ferunt
2496 2990 2510 3026 :
2560 2974 2628 3027 ita
2671 2982 2725 3029 et
2770 2977 2994 3046 populus
3039 2979 3286 3034 Judaicus
3332 2998 3399 3037 ex

1833 3060 2087 3115 ebrietate
2132 3070 2186 3115 et
2234 3063 2392 3117 nimia
2423 3066 2661 3132 corporis
2701 3066 2961 3121 obesitate
2995 3069 3059 3121 ad
3102 3080 3397 3125 extremam

1833 3154 2198 3222 przncipitatus
2222 3155 2496 3221 malitiam,
2527 3156 2771 3220 lasciviit,
2804 3173 2977 3227 neque
3004 3160 3195 3214 Christi
3213 3162 3396 3231 jugum

1834 3245 2141 3313 acceptavit,
2166 3260 2336 3313 neque
2362 3245 2620 3299 doctrinm
2643 3256 2875 3301 aratrum
2897 3249 3066 3303 duxit.
3094 3250 3242 3317 Quod
3264 3254 3398 3309 alius

1834 3339 1991 3390 etiam
2020 3337 2272 3406 propheta
2303 3339 2640 3392 subindicans
2677 3340 2847 3393 dixit:
2893 3340 3035 3396 Sicut
3062 3345 3216 3396 ritula
3253 3355 3399 3399 αιδην

1836 3430 2019 3497 percita
2046 3431 2248 3483 insaniit
2281 3429 2446 3484 Israel
2472 3429 2621 3501 (Osee
2665 3433 2720 3486 4.
2777 3434 2885 3503 16).
2924 3435 3073 3489 Alius
3115 3436 3257 3505 ipsos
3297 3437 3393 3490 Vi-

1836 3521 1993 3573 tulum
2018 3537 2116 3574 non
2132 3522 2359 3574 edoctum
2374 3523 2691 3592 ferrejugum
2714 3525 2921 3578 vocavit
2941 3525 3143 3595 (Jerem.
3166 3528 3224 3581 ’51
3240 3567 3251 3579 .
3282 3528 3395 3599 18).

1834 3612 1977 3667 Talia
2000 3630 2126 3668 vero
2150 3614 2302 3668 bruta
2328 3615 2632 3679 animantia,
2655 3615 2720 3669 ad
2742 3631 2930 3684 operas
2957 3618 3152 3686 inepta,
3188 3619 3253 3672 ad
3287 3636 3399 3672 ma-

1833 3706 2086 3760 ctandum
2110 3716 2231 3759 sunt
2253 3715 2395 3775 apta.
2420 3706 2571 3771 Quod
2602 3706 2683 3760 bis
2710 3709 2866 3761 etiam
2885 3709 3071 3762 accidit
3099 3727 3111 3762 :
3140 3725 3257 3763 nam
3276 3726 3396 3765 cum

1835 3796 1933 3864 ipsi
1965 3810 2082 3850 sese
2130 3796 2193 3849 ad
2220 3797 2554 3864 operationes
2583 3796 2798 3851 inutiles
2824 3797 3135 3863 redderent,
3169 3801 3255 3868 qui
3284 3816 3397 3854 ma-

1833 3895 2104 3942 ctarentur
2120 3889 2226 3958 apti
2256 3887 2481 3942 fuerunt.
2500 3887 2673 3953 Quare
2695 3889 2936 3943 Christus
2955 3891 3134 3953 etiam,
3159 3889 3397 3946 Inimicos

1834 3997 1968 4033 meos
1994 3980 2129 4045 illos,
2159 3981 2343 4050 inquit,
2370 3982 2453 4051 qui
2480 3981 2742 4034 noluerunt
2783 3998 2861 4033 me
2884 3998 3089 4051 regnare
3114 3984 3165 4035 in
3193 4000 3271 4048 se,
3299 3986 3395 4059 ad-

1836 4072 1997 4125 ducite
2040 4073 2136 4125 huc
2177 4112 2193 4137 ,
2220 4082 2266 4126 et
2309 4082 2523 4125 mactate
2572 4074 2688 4126 illos
2743 4072 2890 4143 (Luc.
2933 4074 3019 4128 19.
3066 4074 3178 4145 27).
3223 4074 3392 4140 Tum,

1834 4161 2036 4225 Judze‘e,
2065 4163 2341 4232 oportebat
2380 4173 2430 4216 te
2457 4164 2729 4231 jejunare,
2784 4179 2901 4217 cum
2930 4164 3156 4218 ebrietas
3203 4166 3316 4218 istis
3345 4175 3396 4219 te

1833 4253 1985 4306 malis
2012 4252 2265 4315 afficeret,
2293 4267 2411 4305 cum
2445 4254 2764 4321 impietatem
2790 4263 2995 4321 pareret
3017 4255 3251 4323 crapula,
3288 4271 3392 4309 nou

1829 4344 1957 4414 jam.
1988 4343 2137 4398 Nunc
2162 4344 2304 4399 enim
2326 4343 2584 4413 jejunium
2614 4352 2696 4397 est
2726 4345 3153 4413 intempestivum
3182 4356 3229 4399 et
3260 4347 3388 4401 abo—

1835 4435 2156 4489 minandum.
2187 4435 2302 4501 Quo
2322 4435 2574 4488 auctore?
2606 4433 2814 4497 Hesaia,
2842 4434 2933 4502 qui
2959 4449 3091 4488 voce
3116 4436 3255 4489 edita
3284 4436 3392 4489 cla-

1834 4535 1983 4581 mat:
2025 4524 2145 4578 Non
2174 4527 2266 4579 ltoc
2290 4527 2542 4595 jejunium
2571 4526 2714 4597 elegi.
2746 4527 2881 4591 Quid
2918 4527 3031 4579 ita?
3059 4527 3188 4592 Quia
3229 4529 3281 4580 in
3301 4532 3393 4599 ju-

1834 4618 1966 4671 dicia
1992 4628 2037 4671 et
2066 4634 2259 4687 pugnas
2288 4619 2562 4686 jejunatis,
2605 4627 2651 4670 et
2680 4619 2933 4687 percutitis
2970 4635 3136 4689 pugno
3174 4619 3394 4673 subditos

1836 4708 2035 4779 (Ilesai.
2055 4709 2142 4763 58.
2176 4710 2230 4763 4.
2261 4710 2339 4779 5).
2372 4708 2519 4776 Quod
2560 4708 2627 4775 si,
2659 4723 2778 4762 cum
2824 4708 3059 4777 pulsares
3086 4722 3391 4775 conservos,

1833 4798 2147 4854 detestabile
2176 4810 2320 4853 tuum
2360 4798 2456 4853 fuit
2490 4799 2780 4867 jejunium,
2810 4799 3033 4853 Domino
3079 4798 3176 4853 abs
3203 4809 3252 4853 te
3282 4816 3394 4853 ma-

1831 4899 1992 4956 ctato,
2020 4900 2289 4959 acceptum
2321 4890 2408 4958 qui
2439 4888 2626 4943 fuerit?
2648 4904 2748 4959 qua
2778 4889 3013 4943 ratione?

1902 4980 2098 5051 Jejunii
2142 4981 2383 5048 fructuosi
2437 4979 2634 5032 modus.
2680 5008 2752 5019 —-
2794 4979 2969 5043 Eum,
3017 4977 3105 5047 qui
3150 4976 3390 5046 jejunat,

1835 5070 2183 5139 compositum
2213 5085 2331 5123 esse
2353 5069 2524 5133 decet,
2554 5069 2860 5133 contritum,
2889 5068 3216 5121 humiliatum
3236 5109 3250 5132 ,
3285 5082 3391 5122 non

1832 5161 1906 5213 ira
1934 5160 2176 5215 ebrium:
2217 5168 2269 5213 et
2294 5172 2582 5212 conservos
2626 5158 2837 5227 pulsas?
2861 5156 2996 5212 Olim
3037 5158 3192 5226 igitur
3228 5160 3278 5212 in
3302 5159 3391 5227 ju-

1833 5253 1965 5306 dicia
1993 5262 2047 5306 et
2073 5266 2271 5321 pugnas
2295 5250 2636 5319 jejunarunt:
2666 5265 2806 5303 nunc
2834 5249 2899 5301 ad
2938 5250 3278 5318 petulantiam
3310 5258 3391 5303 at-

1832 5361 1933 5414 que
1970 5354 2261 5398 extremam
2296 5342 2779 5412 intemperantiam,
2810 5340 2933 5395 dum
2976 5341 3131 5395 nudis
3169 5341 3390 5411 pedibus

1829 5436 1884 5490 in
1912 5436 2023 5490 foro
2049 5436 2257 5495 saltant,
2272 5433 2454 5501 jejunii
2479 5433 2687 5502 quidem
2712 5440 2989 5500 prmtextu,
3012 5431 3102 5486 sed
3124 5432 3393 5486 ebriorum

1829 5543 1996 5582 more.
2027 5527 2160 5581 Audi
2182 5541 2287 5595 quo
2309 5534 2462 5594 pacto
2494 5525 2742 5593 propheta
2760 5524 3000 5593 jejunare
3020 5524 3218 5592 jubeat.
3253 5525 3389 5578 San-

1828 5621 2041 5687 ctiﬁcate
2069 5619 2340 5687 jejunium,
2367 5616 2556 5685 inquit,
2591 5631 2695 5669 non
2725 5630 2843 5670 cum
2883 5616 3123 5685 tripudiis
3149 5616 3392 5671 celebra:

1829 5721 1879 5765 te
1907 5727 1920 5763 :
1953 5709 2231 5763 I’razdicate
2262 5708 2469 5773 cultum,
2498 5718 2791 5777 congregata
2826 5724 2965 5762 senes
2996 5707 3135 5778 (Joel
3186 5708 3238 5762 1.
3272 5708 3385 5771 is).

1827 5803 1894 5857 At
1938 5801 1990 5855 hi
2017 5799 2211 5854 choros
2242 5799 2475 5855 mollium
2518 5808 2744 5870 cogunt,
2772 5800 3163 5866 colluvicmque
3191 5807 3388 5869 stupro
