3832 6238
108 297 215 354 847

105 421 299 478 μενων
319 407 596 477 γυναικῶν
619 407 907 480 συρφετὸν,
929 409 992 463 τὸ
1021 409 1244 482 θέατρον
1274 412 1418 466 ἆπαν
1439 415 1533 467 καὶ
1560 417 1684 481 τοὺς

101 487 216 539 ἀπὸ
248 490 349 557 τῆς
380 490 582 558 σκηνῆς
605 489 684 550 εἰς
709 487 805 559 τὴν
836 490 1154 561 συναγωγὴν
1187 493 1501 564 ἐπισύρουσι
1524 510 1538 524 ⁸
1563 494 1687 547 θεά-

101 582 238 635 τρου
271 565 378 635 γὰρ
418 565 509 618 καὶ
545 569 868 635 συναγωγῆς
915 569 1066 622 οὐδὲν
1107 571 1168 622 τὸ
1203 572 1383 640 μέσον.
1429 575 1537 626 Καὶ
1567 570 1683 627 οἴδα

105 644 210 712 μὲν
237 643 319 696 ὅτι
353 643 497 704 τινὲς
524 643 728 714 τόλμαν
767 647 1236 714 καταγινώσκουσι
1261 651 1356 702 τοῦ
1399 651 1576 720 λόγου,
1603 653 1684 705 ὅτι

103 718 283 784 εἷπον,
317 721 562 792 Θεάτρου
594 724 688 776 καὶ
720 727 1043 796 συναγωγῆς
1075 728 1226 781 οὐδὲν
1265 730 1326 782 τὸ
1360 718 1542 800 μέσον·
1575 730 1686 800 ἐγὼ

101 800 160 854 δὲ
187 801 368 852 αὐτῶν
388 803 594 872 τόλμαν
618 805 1012 872 καταγινώσκω
1039 818 1086 868 ει,
1119 807 1216 859 ἐὰν
1259 809 1331 880 μὴ
1361 809 1504 863 οὕτω
1529 809 1684 881 νομί-

101 881 294 942 ζωσιν.
311 881 372 932 El
387 881 487 950 μὲν
504 882 612 953 γάρ
626 884 836 936 οἴκοθεν
857 886 1248 957 ἀποφαίνομαι,
1267 889 1576 956 κατάγνωθι
1595 904 1611 919 ·
1637 891 1685 942 εί

99 958 160 1010 δέ
184 957 280 1040 τοῦ
298 963 576 1040 προφήτου
605 961 746 1029 λέγω
761 963 828 1017 τα
846 965 1087 1035 ῥήματα,
1103 967 1250 1032 δέξαι
1266 968 1363 1040 τὴν
1391 969 1681 1038 ἀπόφασιν.

177 1037 246 1103 γ’.
269 1034 398 1092 Οἶδα
426 1042 508 1119 ὃτηι
529 1040 715 1093 πολλοὶ
735 1034 1007 1096 αἰδοῦνται
1036 1034 1340 1109 Ἰουδαίους,
1365 1050 1460 1101 καὶ⁹
1483 1034 1685 1119 σεμνὴν

101 1117 419 1185 νομίζουσιν
449 1112 588 1168 εἶναι
623 1117 718 1188 τὴν
747 1119 971 1172 ἐκείνων
1006 1121 1279 1177 πολιτείαν
1309 1123 1404 1178 νῦν
1425 1142 1436 1154 ’
1480 1112 1560 1178 διδ
1586 1112 1685 1197 την

100 1193 354 1275 όλεθρίαν
388 1195 655 1264 ὑπόληψιν
697 1198 992 1269 πρόρριζον
1030 1201 1340 1256 ἀνασπάσαι
1373 1193 1682 1275 ἐπείγομαι.

101 1271 146 1322 Ε
175 1291 276 1327 πον
305 1277 386 1328 ὅτι
424 1275 654 1345 θεάτρου
685 1278 718 1346 ἡ
751 1279 1036 1351 συναγωγὴ
1063 1281 1211 1333 οὐδὲν
1236 1283 1456 1352 ἄμεινον
1483 1271 1689 1338 διάκει-

98 1368 215 1419 ται,
252 1356 346 1407 καὶ
373 1355 479 1407 ἀπὸ
506 1359 783 1426 προφήτου
818 1360 1048 1428 παράγω
1082 1362 1179 1432 τὴν
1211 1364 1514 1434 μαρτυρίαν
1539 1381 1551 1393 ·
1587 1367 1687 1418 οὐκ

102 1435 243 1487 εἰσὶν
281 1433 522 1486 Ἰουδαῖοι
559 1436 666 1486 τῶν
697 1438 989 1506 προφητῶν
1025 1433 1470 1512 ἀξιοπιστότεροι.
1505 1443 1569 1494 Τί
1593 1439 1686 1497 οῦν

100 1516 130 1565 ὁ
187 1516 472 1585 προφήτης
522 1515 715 1583 φησίν;
766 1518 940 1584 ὀμ-ις
987 1521 1217 1587 πιίονης
1261 1520 1501 1589 ἐγένετό
1550 1538 1682 1576 σοι·

101 1594 693 1675 ἀπηναισχύντησας
733 1597 876 1662 πρὸς
927 1597 1177 1666 πάντας.
1219 1601 1390 1654 Ἔνθα
1421 1602 1475 1655 δέ
1512 1603 1686 1675 πόρνη

100 1676 333 1744 ἕστηκεν
361 1674 409 1738 δ,
448 1675 695 1745 πορνεῖόν
745 1676 891 1728 ἐστιν
934 1680 962 1730 ὁ
998 1679 1194 1742 τόπος·
1240 1680 1440 1750 μᾶλλον
1469 1681 1524 1734 δὲ
1566 1674 1687 1754 ούχὶ

103 1757 357 1823 πορνεῖον
386 1754 481 1805 καὶ
509 1755 734 1824 θέατρον
771 1755 930 1824 μόνον
964 1759 1111 1810 ἐστὶν
1147 1761 1178 1829 ή
1213 1761 1525 1831 συναγωγὴ,
1551 1763 1686 1816 ἀλλά

101 1835 200 1887 καὶ⁴
228 1835 493 1903 σπήλαιον
518 1834 750 1905 λῃστῶν,
776 1836 869 1888 καὶ
897 1838 1239 1906 καταγώγιον
1264 1840 1469 1911 θηρίων
1487 1859 1500 1872 ο
1525 1842 1685 1910 Emi-

99 1917 282 1966 λαιον
311 1917 448 1986 γάρ,
501 1917 700 1984 φησὶν,
752 1916 966 1983 ὑαίνης
1013 1917 1253 1983 ἐγένετό
1296 1939 1396 1988 μοι
1448 1925 1481 1974 ό
1523 1919 1687 1988 οἶκος

100 1991 290 2059 ὑμῶν’
308 1993 427 2045 ούδέ
443 1993 628 2055 ἁπλῶς
642 1992 852 2064 θηρίου,
872 1994 1008 2047 ἀλλὰ
1025 1995 1212 2066 θηρίου
1231 1999 1558 2069 ἀκαθάρτου.
1575 2003 1686 2054 Καὶ

101 2072 291 2138 πάλιν,
325 2073 548 2141 Ἀφῆκα
575 2074 682 2126 τὸν
701 2070 872 2126 οἶκόν
895 2092 1037 2143 μου,
1061 2077 1534 2142 ἐγκαταλέλοιπα
1570 2081 1685 2147 τὴν

99 2154 510 2222 κληρονομίαν
535 2170 675 2221 μου.
707 2154 874 2206 Ὅταν
891 2153 948 2206 δὲ
973 2156 1002 2206 ὁ
1024 2154 1156 2218 Θεὸς
1180 2157 1316 2227 ἀφῇ,
1353 2160 1482 2212 ποία
1503 2161 1686 2215 λοιπὸν

101 2233 380 2302 σωτηρίας
414 2229 598 2296 ἐλπίς,
636 2233 804 2284 Ὅταν
833 2234 862 2283 ὁ
910 2233 1041 2297 Θεὸς
1081 2235 1215 2306 ἀφῇ,
1248 2237 1517 2307 δαιμόνων
1554 2255 1686 2294 κατι

97 2313 418 2381 οικητήριον
446 2311 652 2378 γίνεται
694 2313 868 2364 ἐκεῖνο
904 2312 964 2364 τὸ
1004 2314 1220 2384 χωρίον.
1266 2316 1424 2370 Ἀλλά
1467 2320 1684 2382 πάντως

97 2391 342 2461 ἐροῦσιν,
375 2392 456 2444 ὅτι
496 2391 590 2442 καὶ
625 2391 779 2444 αὐτοὶ
804 2391 895 2443 τὸν
924 2392 1053 2445 Θεὸν
1084 2397 1511 2462 προσκυνοῦσιν·
1548 2399 1684 2451 ἀλλά

99 2473 180 2540 μῆ
213 2471 422 2538 γένοιτο
449 2469 605 2521 τοῦτο
637 2470 841 2521 εἰπεῖνί
875 2471 1064 2534 Οὐδεὶς
1098 2473 1347 2537 Ἰουδαῖος
1388 2482 1684 2546 προσκυνεῖ

96 2553 190 2604 τὸν
221 2551 374 2604 Θεόν.
415 2550 510 2612 Τίς
551 2548 725 2601 ταῦτά
770 2566 965 2618 (manv;
1010 2551 1066 2604 Ὀ
1099 2552 1225 2617 Υἱὸς
1273 2557 1366 2608 τοῦ
1406 2557 1562 2611 θεοῦ.
1615 2563 1682 2612 El

96 2634 159 2683 ni
171 2650 208 2682 ν
221 2630 454 2697 Πατέρα
483 2628 593 2696 γάρ
616 2646 734 2696 μου
768 2629 982 2697 ᾔδειτε,
1009 2635 1330 2702 φησ“ι,κάμὲ
1360 2637 1554 2705 ᾔδειτε
1584 2639 1679 2693 ἄν·

96 2714 238 2764 οὔτε
273 2710 339 2761 δὲ
366 2710 470 2778 ἐμὲ
505 2708 724 2771 οἴδατε,
762 2711 899 2762 οὔτε
929 2713 1035 2762 τὸν
1061 2714 1292 2780 Πατέρα
1312 2733 1431 2784 μου
1458 2719 1680 2772 οἴδατε.

98 2792 265 2844 Ποίαν
281 2789 481 2858 ταύτης
509 2789 954 2860 ἀξιοπιστοτέραν
971 2793 1276 2862 μαρτυρίαν
1299 2799 1605 2865 παραγάγω
1623 2807 1645 2834 ε
1665 2814 1680 2857 ;

171 2873 235 2924 El
270 2871 450 2923 τοίνυν
485 2868 574 2920 τὸν
608 2868 827 2939 Πατέρα
861 2871 1134 2936 ἀγνοοῦσι,
1182 2873 1274 2924 τὸν
1316 2874 1442 2928 Υίον
1488 2877 1683 2928 ἐσταύ-

96 2965 308 3020 ρωσαν,
349 2943 442 2997 τοῦ
480 2942 793 3013 Ιινεύματος
833 2946 930 3016 τὴν
973 2945 1224 3018 βοήθειαν
1254 2952 1681 3020 ἀπεκρούσαντο,

94 3047 181 3091 τ;ς
211 3028 310 3080 ούκ
339 3027 402 3078 ἂν
429 3022 644 3096 θαρρῶν
672 3025 1045 3095 ἀποφήνηται,
1072 3027 1180 3080 τῶν
1211 3029 1482 3098 δαιμόνων
1512 3051 1682 3086 κατα-

95 3111 300 3178 γώγιον
334 3102 471 3158 εἶναι
502 3105 593 3157 τὸν
625 3105 824 3169 τόπον;
858 3107 930 3157 Οὐ
969 3113 1352 3178 προσκυνεῖται
1387 3113 1518 3176 θεὸς
1548 3116 1681 3178 ἐκεῖ,

98 3189 177 3260 μὴ
235 3187 480 3255 γένοιτο·
529 3184 643 3237 ἀλλ’
694 3184 1139 3258 εἰδωλολατρείας
1169 3192 1342 3242 ἐκεῖνο
1393 3192 1452 3244 τὸ
1485 3193 1684 3265 χωρίον

94 3269 288 3321 λοιπόν
320 3264 470 3338 [591]
494 3266 643 3316 ἐστιν
664 3280 676 3292 °
705 3264 818 3316 ἀλλ’
853 3266 1004 3335 ὅμως
1032 3268 1174 3331 τινὲς
1200 3269 1274 3332 ώς
1299 3275 1516 3340 σεμνοῖς
1545 3264 1686 3326 ἐκεί-

95 3366 212 3413 νοις
241 3352 354 3410 τοῖς
375 3347 564 3407 τόποις
595 3345 946 3416 προσέχουσι.

170 3432 285 3483 Καὶ
309 3429 482 3481 ταῦτα
517 3427 638 3496 οὐχὶ
669 3427 1062 3499 στοχαζόμενος
1090 3429 1255 3498 λέγω.
1297 3433 1412 3486 ἀλλ’
1444 3437 1580 3505 αὖτῇ
1617 3441 1681 3509 τῇ

97 3515 271 3584 πείρᾳ
296 3509 502 3580 μαθών.
525 3509 636 3560 Καὶ
653 3508 760 3578 γὰρ
789 3509 893 3579 πρὸ
911 3509 1115 3563 τούτων
1145 3511 1253 3565 τῶν
1273 3515 1439 3584 τριῶν
1462 3508 1685 3588 ἡμερῶν

97 3590 548 3663 (πιστεύσατε,ού
570 3588 859 3658 ψεύδομαι)
877 3591 1111 3657 γυναῖκά
1134 3608 1252 3643 τινα
1269 3594 1581 3665 εὐσχήμονα
1593 3600 1687 3652 καὶ

94 3672 416 3742 ἐλευθέραν,
445 3670 678 3738 κοσμίαν
716 3671 809 3720 καὶ
835 3671 1051 3740 πιστὴν,
1077 3669 1215 3723 εἶδον
1238 3675 1685 3748 ἀναγκαζομένην

97 3753 208 3806 ὑπό
246 3767 390 3813 τινος
428 3746 622 3819 μιαροῦ
681 3750 774 3801 καὶ
821 3751 1178 3820 ἀναισθήτου,
1216 3753 1496 3820 δοκοῦντος
1523 3746 1687 3811 εἷναι

95 3827 435 3902 Χριστιανοῦ
469 3828 571 3897 (οὐ
608 3827 716 3896 γάρ
747 3827 813 3881 ἂν
856 3831 1067 3901 ειποιμι
1101 3831 1190 3884 τὸν
1220 3833 1290 3885 τά
1315 3836 1538 3888 τοιαῦτα
1571 3840 1688 3890 τολ-

100 3912 296 3983 μῶντα
334 3908 658 3979 Χριστιανὸν
692 3907 1016 3979 εἰλικρινῆ),
1049 3911 1130 3974 είς
1167 3911 1232 3964 τὰ
1273 3913 1379 3966 τῶν
1426 3916 1689 3987 Ἐϐραίων

97 3988 393 4051 εἰσελθεῖν,
426 3987 590 4038 κάκεῖ
635 3991 937 4057 παρασχεῖν
995 3989 1156 4058 ὅρκον
1192 3993 1319 4060 περὶ
1361 3994 1468 4046 τῶν
1520 3998 1690 4065 ἀμφι·

101 4069 491 4140 σϐητουμένων
521 4065 669 4136 αὐτῷ
703 4067 1046 4137 πραγμάτων
1068 4085 1080 4098 ο
1123 4069 1198 4130 ὡς
1227 4069 1283 4122 δέ
1318 4073 1690 4141 προσελθοῦσα

101 4154 137 4221 ἠ
171 4149 313 4220 γυνὴ
340 4148 472 4218 πρὸς
507 4148 826 4216 συμμαχίαν
857 4149 1065 4214 ἐκάλει,
1087 4151 1181 4201 καὶ
1209 4149 1306 4220 τὴν
1335 4153 1533 4222 ἄνομον
1569 4155 1689 4224 βίαν

101 4227 401 4290 malagma
449 4225 604 4295 ἠξίου
657 4228 756 4294 (οὐ
789 4227 898 4298 γὰρ
947 4224 1084 4280 εἶναι
1132 4230 1348 4297 θεμιτὸν
1395 4234 1530 4303 αὐτῇ
1581 4236 1689 4287 τῶν

103 4311 270 4362 θείων
329 4305 679 4378 μετασχούσῃ
735 4307 1089 4378 μυστηρίων,
1147 4309 1284 4381 πρὸς
1348 4312 1552 4364 ἐκεῖνον
1599 4314 1691 4366 τὸν

98 4389 272 4442 τόπον
299 4387 530 4458 ἐλθεῖν),
568 4387 909 4458 ἐμπρησθεὶς
942 4384 1036 4440 οὖν
1071 4389 1174 4442 ὑπὸ
1201 4387 1366 4460 ζήλου
1391 4395 1541 4455 ,ικαὶ
1589 4411 1692 4446 πυ⁴

104 4468 331 4542 ρωθεὶς,
360 4469 452 4521 καὶ
476 4466 791 4530 διαναστὰς,
822 4467 1025 4540 ταύτην
1059 4470 1158 4539 μὲν
1187 4469 1286 4520 οὐκ
1313 4471 1470 4524 εἴασα
1507 4471 1692 4527 λοιπὸν

105 4553 202 4603 ἐπὶ
232 4549 330 4618 τὴν
359 4545 702 4617 παρανομίαν
733 4547 1059 4618 ἑλκυσθῆναι
1090 4549 1324 4620 ἐκείνην,
1358 4550 1643 4622 ἐξήρπασα
1667 4562 1690 4592 ο

99 4631 162 4682 δὲ
183 4630 284 4698 τῆς
305 4627 491 4680 ἀδίκου
514 4625 718 4695 ταύτης
747 4627 1070 4698 ἀπαγωγῆς.
1105 4629 1252 4682 Ἐπεὶ
1276 4629 1334 4683 δέ
1356 4629 1445 4682 τὸν
1466 4631 1692 4686 ἕλκοντα

102 4711 324 4783 ἠρόμην
378 4711 426 4760 εἰ
479 4707 803 4778 Χριστιανὸς
843 4707 959 4778 εἴη,
1011 4709 1263 4772 κάκεῖνος
1309 4709 1688 4781 ὡμολόγησεν,

103 4789 408 4859 ἐπεκείμην
463 4787 704 4858 σφοδρῶς
726 4826 741 4849 ,
789 4787 1144 4856 ἀναισθησίαν
1184 4787 1433 4857 ἐγκαλῶν
1465 4792 1559 4843 καὶ
1593 4794 1694 4865 τὴν

102 4869 345 4939 ἐσχάτην
373 4869 588 4930 ἄνοιαν,
626 4869 720 4919 καὶ
760 4867 894 4920 ὅνων
922 4867 1074 4920 οὐδὲν
1117 4870 1339 4938 ἄμεινον
1389 4870 1691 4924 διακεῖσθαι

101 4955 313 5021 ἔλεγον,
337 4953 384 5004 εἰ
410 4952 502 5003 τὸν
531 4951 764 5020 Χριστὸν
785 4950 958 5018 λέγων
980 4956 1324 5023 προσκυνεῖν,
1353 4955 1444 5006 ἐπὶ
1464 4954 1533 5006 τὰ
1555 4958 1694 5024 σπή-

98 5035 238 5089 λαια
264 5032 370 5084 τῶν
413 5030 702 5091 Ἰουδαίων,
734 5031 843 5082 τῶν
878 5034 1306 5102 σταυρωσάντων
1337 5033 1520 5098 αὑτὸν,
1546 5035 1692 5088 ἐλκοι

101 5112 258 5167 τινὰ·
285 5111 379 5163 καὶ
397 5111 606 5181 μακρὸν
632 5111 916 5163 κατέτεινα
935 5113 1072 5180 πρὸς
1097 5112 1258 5164 αὑτὸν
1282 5112 1455 5181 λόγον,
1480 5116 1693 5184 πρῶτον

107 5195 234 5262 μὲν,
257 5193 338 5243 ὅτι
364 5191 425 5242 οὐ
456 5190 612 5260 θέμις
638 5190 772 5253 ὅλως
797 5191 1176 5260 ὀμνύναι,ούδέ
1201 5193 1445 5263 ἀνάγκην
1467 5196 1694 5262 ἐπάγειν

103 5271 591 5345 ὃρκων,διδάσκων
625 5271 733 5323 ἀπὸ
759 5272 866 5323 τῶν
897 5271 1056 5324 θείων
1081 5271 1427 5340 Εύαγγελίων
1446 5291 1458 5302 ’
1482 5275 1690 5342 ἔπειτα,

216 5423 323 5490 [luo
347 5437 457 5473 mss.
474 5422 658 5472 habent
674 5424 851 5486 τόλμαν
872 5427 1047 5484 μᾶλλον
1067 5443 1258 5487 καταγ.,
1280 5427 1452 5476 elSav.
1471 5428 1521 5474 in
1541 5441 1692 5490 marg.

170 5485 202 5526 δ
228 5486 353 5535 'l‘res
374 5499 486 5538 mss.
512 5490 795 5548 προέστηκε.

174 5549 200 5579 ⁸
238 5549 322 5596 Sic
345 5549 497 5599 Savil.
524 5546 574 5595 iii
601 5557 758 5605 lexin,
805 5547 978 5596 Morel.
1025 5553 1076 5596 et
1100 5551 1306 5597 maxima
1345 5563 1456 5610 pars
1474 5563 1586 5598 mss.
1607 5565 1619 5610 ;
1644 5549 1692 5600 in

105 5622 266 5676 marg.
295 5610 709 5676 συιειιιγδιινὶικοι
724 5613 821 5676 άυο
844 5613 1188 5676 ῐῃεαιπαράξω.
1216 5611 1340 5659 infra
1360 5612 1555 5672 quidam
1575 5627 1690 5661 mss.

104 5672 486 5736 ἐποφήναιτοξτὸ
508 5671 762 5733 δαιμόνιον.
802 5672 926 5721 Infra
951 5673 980 5718 2
1000 5671 1112 5721 mlas.
1139 5675 1302 5728 τόποις
1380 5671 1530 5736 ίοστρὲ
1565 5691 1691 5723 ουσι.

173 5737 200 5773 d
231 5731 382 5782 Saxil.
427 5743 480 5797 ει
514 5736 732 5797 quinque
769 5746 882 5782 mss.
909 5736 990 5782 καὶ
1031 5737 1116 5793 τήν
1141 5687 1454 5797 ἄνομονπὲίαν
1477 5692 1691 5784 κωχλῦσαι

303 5748 382 5781 \ll.
427 5748 480 5782 el
514 5748 732 5782 numque
769 5748 882 5782 mss.
909 5748 990 5782 και
1031 5748 1116 5782 τὴν
1141 5748 1316 5782 ανοιιον
1353 5748 1454 5782 mam
1477 5752 1506 5782 κ

173 5743 200 5773 ιι
231 5743 382 5782 sam.
427 5743 480 5784 el
514 5747 732 5795 qumque
769 5746 882 5782 mss.
909 5743 990 5782 και
1031 5743 1116 5793 τήν
1141 5743 1316 5796 άνομον
1352 5743 1454 5797 βίαν
1477 5743 1691 5784 κωλῦσαι

110 5797 268 5862 (quod
292 5794 598 5864 fgcepjmug).
639 5796 806 5864 Morel.
850 5803 902 5844 ει
937 5797 1020 5845 alii
1066 5798 1144 5844 καὶ
1179 5797 1264 5854 τὴν
1291 5797 1488 5858 ἀνομίαν
1529 5797 1688 5845 κωλῦ-

107 5857 194 5912 σαι
220 5866 271 5916 (a
290 5857 459 5919 Manli.
484 5857 683 5918 editum)

172 5926 194 5947 '
213 5921 316 5975 Alii
339 5917 538 5979 ἐκείνην’
568 5917 675 5970 ἀλλ’
694 5919 948 5984 ἐξήρπασα.
986 5919 1107 5972 Ibid.
1132 5920 1216 5971 alii
1242 5920 1318 5970 ἐπὶ
1340 5917 1392 5969 δέ
1411 5919 1492 5968 τὸν
1512 5921 1613 5970 ἓλκ.

1303 298 1677 358 ADVERSUS
1711 299 2018 361 JUDEOS.
2036 301 2075 362 ί.

3265 311 3369 365 813

1787 421 1869 474 ὅτι
1893 422 1954 474 ού
1985 423 2147 493 μόνον
2170 420 2188 458 τ
2216 423 2340 493 οὐχὶ
2361 424 2559 495 πιστὴν
2584 425 2677 479 καὶ
2708 440 2890 495 μεμυη
2900 423 3087 495 μένην.
3115 423 3227 477 ἀλλ’
3249 426 3372 481 οὐδε

1787 501 2034 570 ἀμύητόν
2055 518 2176 554 τινα
2199 503 2336 572 πρὸς
2358 503 2563 573 ταύτην
2584 504 2761 557 ἕλκειν
2783 504 2950 574 ἐχρῆν
2977 503 3074 574 τὴν
3103 503 3368 575 ἀνάγκην.

1800 580 1886 640 Ὡς
1913 581 1970 633 δὲ
2006 580 2256 644 ἐξέϐαλον
2295 580 2383 633 διὰ
2428 582 2638 635 πολλῶν
2669 583 2762 635 καὶ
2803 581 3240 654 μακρῶνλόγων
3273 583 3372 655 τὴν

1789 658 2214 730 πεπλανημένην
2244 660 2502 714 ὑπόνοιαν
2534 663 2633 732 τῆς
2663 663 2874 715 ἐκείνου
2907 663 3102 732 ψυχῆς,
3140 661 3372 734 ἠρώτων

1786 735 1882 807 τὴν
1911 738 2110 797 αἰτίαν.
2145 740 2212 792 δι’
2233 740 2300 808 ἣν
2327 740 2426 811 τὴν
2462 741 2791 811 Ἐκκλησίαν
2831 742 3009 810 ἀφεὶς,
3041 743 3132 794 ἐπὶ
3165 742 3234 794 τά
3261 740 3371 794 τῶν

1799 814 2063 886 Ἐϐραίων
2096 816 2242 871 εἷλκε
2271 821 2296 858 5
2332 819 2602 889 συνεδρια.
2643 822 2701 874 '0
2729 822 2786 874 δὲ
2829 822 3055 885 πολλοὺς
3095 822 3199 891 ἔφη
3232 822 3371 891 πρὸς

1787 895 1947 946 αὑτὸν
1981 897 2282 965 εἰρηκέναι,
2313 897 2720 970 φοϐερωτέρους
2753 902 2877 963 τοὺς
2907 902 3023 953 ἐκεῖ
3051 901 3370 971 γινομένους

1785 974 1980 1042 ὅρκους
2019 971 2180 1030 εἶναι.
2217 977 2339 1029 Ἐπὶ
2364 978 2574 1040 τούτοις
2599 978 2884 1042 ἐστέναξα,
2912 981 3004 1032 καὶ
3028 979 3370 1050 ἐνεπρήσθην

1788 1054 1892 1106 ὑπὸ
1924 1053 2120 1124 θυμοῦ,
2161 1057 2254 1108 καὶ
2291 1056 2430 1126 μετὰ
2458 1056 2631 1110 ταῦτα
2671 1058 2876 1125 ἐγέλων
2911 1059 3092 1114 πάλιν.
3129 1059 3239 1128 Τὴν
3273 1059 3369 1128 μὲν

1785 1132 1894 1204 γὰρ
1939 1134 2032 1186 τοῦ
2071 1135 2318 1188 διαϐόλου
2363 1137 2698 1206 κακουργίαν
2729 1137 2871 1207 όρῶν
2891 1178 2905 1200 ,
2936 1137 3250 1200 ἐστέναζον,
3281 1131 3370 1189 οἷα

1784 1212 1910 1274 τοὺς
1935 1211 2256 1283 ἀνθρώπους
2281 1214 2596 1268 ἀναπείθειν
2631 1215 2818 1286 ἴσχυσε
2839 1234 2853 1246 ·
2888 1216 2984 1288 τὴν
3018 1216 3074 1268 δέ
3097 1217 3230 1287 ραθυ
3241 1215 3369 1285 μίαν

1785 1290 1891 1345 τῶν
1917 1291 2296 1362 ἀπατωμένων
2318 1293 2683 1365 λογιζόμενος,
2705 1298 3130 1368 ἐνεπιμπράμην
3153 1297 3254 1348 ὑπὸ
3274 1294 3368 1347 τοῦ

1787 1369 1960 1440 θυμοῦ
1981 1389 1993 1401 ·
2027 1373 2118 1424 καὶ
2161 1373 2257 1444 τὴν
2304 1375 2487 1428 ἄνοιαν
2515 1377 2676 1429 πάλιν
2705 1377 2814 1431 τῶν
2852 1379 3240 1448 ἀπατηθέντων
3267 1376 3367 1444 ὅση

1786 1452 1880 1503 καὶ
1913 1451 2074 1520 ἡλίκη
2108 1471 2192 1515 τις
2237 1449 2307 1523 ἦν
2342 1457 2559 1507 σκοπῶν
2580 1497 2595 1520 ,
2631 1457 2854 1525 ἐγέλων.
2897 1457 3082 1509 Ταῦτα
3109 1456 3166 1508 δέ
3218 1450 3370 1506 εἷπον

1788 1531 1922 1600 πρὸς
1955 1531 2097 1601 ὑμᾶς
2141 1533 2235 1584 καὶ
2293 1533 2644 1606 διηγησάμην
2674 1579 2687 1600 ,
2737 1536 2923 1607 ἐπειδὴ
2977 1537 3114 1606 πρὸς
3149 1537 3274 1598 τοὺς
3302 1535 3372 1586 τὰ

1783 1607 2010 1663 τοιαῦτα
2042 1612 2138 1664 καὶ
2168 1611 2456 1674 ποιοῦντας
2493 1614 2588 1665 καὶ
2631 1614 2940 1684 πάσχοντας
2987 1614 3372 1683 ἀπανθρώπως

1787 1691 1882 1742 xal.
1911 1689 2229 1761 ἀναλγήτως
2257 1691 2532 1744 διάκεισθε
2554 1708 2566 1720 ·
2611 1692 2715 1746 κᾶν
2751 1694 2897 1762 ἴδητέ
2929 1710 3054 1746 τινα
3085 1693 3193 1745 τῶν
3219 1691 3372 1745 ἀδελ-

1788 1769 1905 1836 φῶν
1930 1768 2036 1822 τῶν
2069 1769 2350 1840 ὑμετέρων
2389 1771 2468 1832 είς
2519 1772 2865 1841 παρανομίας
2921 1773 3176 1834 τοιαύτας
3209 1772 3372 1840 ἐμπί-

1787 1864 2010 1914 πτοντα,
2029 1848 2336 1919 ἀλλοτρίαν,
2362 1849 2462 1900 οὐκ
2484 1852 2691 1903 οἰκείαν
2720 1852 2937 1920 ἡγεῖσθε
2963 1852 3060 1923 τὴν
3087 1851 3372 1923 συμφορὰν

1786 1921 1950 1987 εἶναι,
1970 1927 2066 1980 κα)⁸
2098 1927 2233 1996 πρὸς
2262 1929 2388 1990 τοὺς
2414 1927 2783 1996 ἐγκαλοῦντας
2811 1921 3193 1998 ἀπολογεῖσθαι
3219 1921 3372 2000 νομί-

1786 2006 1929 2070 ζετε,
1961 2004 2230 2073 λέγοντες,
2270 2005 2422 2075 Ἐμοὶ
2455 2007 2563 2076 γὰρ
2592 2009 2643 2059 τί
2681 2009 2862 2078 μέλει;
2885 2009 2966 2071 τίς
2988 2010 3042 2061 δέ
3075 2027 3164 2079 μοι
3194 2010 3370 2077 κοινῆς

1786 2082 1922 2153 πρὸς
1951 2084 2154 2135 ἐκεῖνόν
2180 2085 2296 2135 ἐστι
2333 2084 2488 2151 λόγος
2515 2102 2528 2146 ;
2557 2087 2791 2155 ἐσχάτης
2832 2087 3247 2158 μισανθρωπίας
3278 2089 3373 2140 καὶ

1786 2162 2090 2233 Σατανικῆς
2131 2162 2414 2232 ὠμότητος
2449 2163 2812 2234 φθεγγόμενοι
2847 2167 2874 2205 ιλ
2906 2169 3145 2238 ῥήματα.
3188 2167 3252 2218 Τί
3285 2166 3372 2217 λέ-

1785 2257 1938 2309 γεις;
1975 2239 2070 2293 ἀνθ
2079 2257 2262 2311 ρωπος
2284 2240 2378 2298 ὢν.
2405 2245 2498 2294 καὶ
2521 2244 2621 2312 τῆς
2647 2245 2816 2315 αὐτῆς
2840 2247 3110 2299 κοινωνῶν
3135 2245 3370 2315 φύσεως,

1790 2318 1990 2389 μᾶλλον
2020 2318 2095 2384 δέ,
2131 2319 2178 2369 εί
2211 2319 2290 2370 δεῖ
2328 2319 2546 2388 φύσεως
2579 2328 2868 2379 κοινωνίαν
2899 2327 3094 2388 εἰπεῖν,
3129 2324 3370 2394 κεφαλὴν

1788 2397 1914 2469 μίαν
1948 2396 2086 2468 ἔχων
2119 2397 2212 2449 τὸν
2249 2397 2503 2468 Χριστὸν,
2533 2400 2736 2471 τολμᾷς
2771 2403 2966 2466 εἰπεῖν,
3002 2403 3080 2454 ὅτι
3107 2403 3258 2454 οὐδέν
3290 2419 3371 2454 σοι

1785 2477 1962 2531 κοινόν
1997 2479 2111 2528 ἐστι
2147 2477 2282 2547 πρὸς
2311 2479 2379 2530 τά
2413 2478 2548 2550 μέλη
2583 2480 2652 2531 τὰ
2693 2481 2802 2548 σά;
2834 2481 2952 2545 Ιίῶς
2984 2477 3076 2534 οὖν
3110 2481 3202 2533 τὸν
3233 2483 3370 2552 Χρι-

1789 2557 1912 2610 στὸν
1957 2556 2239 2626 ὁμολογεῖς
2281 2559 2344 2610 σὺ
2385 2553 2623 2629 κεφαλὴν
2669 2556 2813 2614 εἶναι
2861 2561 2960 2628 τῆς
3007 2560 3370 2629 Ἐκκλησίας;

1787 2637 1881 2689 καὶ
1910 2635 2019 2705 γὰρ
2049 2639 2080 2702 ὴ
2112 2635 2322 2706 κεφαλὴ
2357 2638 2530 2689 πάντα
2555 2639 2623 2690 τὰ
2656 2639 2788 2708 μέλη
2817 2641 3108 2692 συνάπτειν
3138 2641 3371 2707 πέφυκε,

1787 2715 2043 2782 καὶπρὸς
2087 2714 2257 2767 ἐαυτά
2289 2715 2428 2783 μετά
2458 2717 2743 2787 ἀκριϐείας
2791 2719 3140 2788 ἐπιστρέφειν
3177 2735 3236 2770 τε
3277 2720 3373 2770 καὶ

1788 2793 2016 2846 συνδεῖν.
2049 2793 2112 2843 Ei
2138 2792 2194 2844 δὲ
2228 2793 2394 2862 μηδὲν
2425 2796 2604 2847 κοινὸν
2628 2795 2773 2866 ἔχεις
2805 2797 2941 2862 πρὸς
2965 2796 3027 2848 τὸ
3065 2796 3222 2864 μέλος
3254 2802 3369 2856 σου,

1784 2874 1904 2928 οὑδέ
1930 2871 2064 2942 πρὸς
2101 2871 2190 2924 τὸν
2226 2871 2454 2942 ἀδελφόν
2491 2891 2585 2926 σου
2625 2875 2770 2945 ἔχεις
2802 2892 2854 2926 τι
2887 2876 3090 2938 κοινὸν,
3130 2875 3250 2926 ούδέ
3278 2891 3371 2927 κε·

1787 2953 1961 3022 φαλὴν
1995 2950 2136 3022 ἔχεις
2165 2952 2254 3003 τὸν
2287 2953 2542 3023 Χριστόν.
2580 2953 2666 3017 Ὠς
2695 2955 2882 3008 παιδία
2919 2955 3090 3026 μικρᾲ
3116 2952 3373 3022 φοϐοῦσιν

1787 3034 1931 3104 ὑμᾶς
1963 3031 2238 3098 Ἰουδαῖοι,
2272 3035 2367 3085 καὶ
2412 3037 2512 3086 οὐκ
2565 3034 2904 3088 αἰσθάνεσθε.
2959 3035 3224 3103 Καθάπερ
3264 3034 3373 3103 γὰρ

1786 3117 1895 3174 τοῖς
1947 3111 2180 3174 παιδίοις
2226 3111 2456 3175 ἐκείνοις
2509 3118 2826 3183 προσωπεῖα
2867 3112 3021 3186 [592]
3064 3110 3372 3172 δεικνύντες

1788 3192 1993 3262 φοϐερά
2023 3191 2117 3243 καὶ
2148 3191 2530 3259 καταγέλαστα
2559 3193 2668 3244 τῶν
2691 3193 2905 3263 μιαρῶν
2931 3190 3158 3243 οἰκετῶν
3187 3187 3372 3240 πολλοὶ

1789 3271 1887 3342 (οὐ
1922 3271 2028 3339 γάρ
2062 3271 2178 3321 ἐστι
2229 3268 2390 3338 φύσει
2425 3270 2668 3340 φοϐερὰ,
2701 3269 2836 3324 ἀλλὰ
2885 3271 2972 3323 διὰ
3009 3271 3069 3322 τὸ
3103 3269 3318 3329 ειτελις
3351 3268 3366 3307 ί

1785 3349 1885 3422 τῆς
1904 3349 2141 3411 διανοίας
2160 3349 2383 3402 τοιαῦτα
2400 3350 2677 3418 φαίνεται)
2700 3351 2866 3404 πολὺν
2904 3349 3114 3404 κινοῦσι
3137 3349 3368 3418 γέλωτα·

1787 3430 1927 3482 οὕτω
1951 3430 2013 3500 δὴ
2043 3430 2284 3488 καὶτοὺς
2317 3430 2709 3501 ἀτελεστέρους
2738 3429 2846 3481 τῶν
2877 3427 3215 3499 Χριστιανῶν
3249 3443 3374 3496 μορ-

1791 3508 2145 3578 μολύττονται
2182 3508 2442 3561 Ἰουδαῖοι.
2481 3510 2603 3572 Πῶς
2639 3511 2746 3581 γάρ
2776 3509 2843 3561 τὰ
2891 3510 3019 3580 παρ’
3057 3509 3236 3568 αὐτοῖς
3277 3522 3372 3574 φο-

1789 3587 1948 3657 ϐερὰ,
1988 3588 2055 3638 τά
2092 3587 2292 3657 πολλῆς
2325 3587 2588 3658 αἰσχύνης
2617 3590 2712 3640 καὶ
2739 3588 2975 3653 γέλωτος
3009 3588 3266 3657 γέμοντα,
3304 3586 3374 3638 τὰ

1789 3666 1897 3720 τῶν
1927 3665 2469 3737 προσκεκρουκότων,
2489 3708 2492 3710 .
2511 3669 2577 3718 τά
2603 3666 2712 3718 τῶν
2743 3668 3127 3736 ἡτιμωμένων,
3161 3665 3230 3718 τὰ
3265 3666 3370 3718 τῶν

1792 3746 2097 3800 καταδίκων
2124 3762 2138 3811 ;

1861 3829 1924 3882 δ’.
1961 3825 2100 3880 Ἀλλ’
2127 3826 2186 3879 ού
2215 3825 2284 3878 τὰ
2312 3825 2558 3897 ἡμέτερα
2579 3826 2820 3892 τοιαῦτα,
2845 3826 2960 3880 ἀλλ’
2979 3826 3144 3889 ὅντως
3172 3829 3378 3900 φοϐερὰ

1793 3909 1888 3964 καὶ
1915 3907 2113 3977 φρίκης
2148 3908 2450 3976 ἀνάμεστα.
2474 3905 2644 3958 Ἔνθα
2665 3908 2772 3977 γὰρ
2796 3909 2926 3969 Θεὸς
2963 3909 3078 3958 ἐστι
3114 3906 3257 3975 ζωῆς
3279 3906 3373 3957 καὶ

1792 3987 2024 4041 θανάτου
2055 3985 2300 4051 ἐξουσίαν
2327 3986 2488 4054 ἒχων,
2521 3981 2674 4049 οὗτος
2707 3986 2935 4056 φοϐερὸς
2969 3988 2996 4040 ὁ
3025 3986 3186 4048 τόπος
3207 4004 3219 4016 ’
3245 3985 3374 4037 ἔνθα

1794 4068 1981 4138 μυρίοι
2009 4066 2137 4136 περὶ
2172 4064 2442 4116 κολάσεων
2470 4063 2753 4118 ἀθανάτων
2776 4066 2943 4134 λόγοι,
2976 4066 3105 4137 περὶ
3132 4066 3241 4116 τῶν
3273 4081 3374 4116 πυ*

1793 4148 1954 4222 ρίνων
2004 4146 2304 4214 ποταμῶν,
2343 4147 2470 4215 περὶ
2515 4145 2610 4197 τοῦ
2664 4145 2944 4216 σκώληκος
2989 4145 3084 4198 τοῦ
3141 4143 3370 4206 ίοϐόλου,

1791 4230 1919 4297 περὶ
1953 4225 2062 4279 τῶν
2093 4223 2308 4294 δεσμῶν
2344 4225 2453 4276 τῶν
2489 4226 2813 4296 ἀρρήκτων,
2848 4226 2974 4296 περὶ
3002 4225 3098 4277 τοῦ
3147 4225 3373 4287 σκότους

1791 4307 1884 4361 τοῦ
1913 4304 2203 4378 ἐξωτέρου.
2243 4305 2470 4361 Ἐκεῖνοι
2495 4305 2552 4359 δέ
2573 4305 2778 4358 τούτων
2808 4307 2906 4376 μὲν
2936 4305 3087 4358 οὐδὲν
3117 4305 3221 4357 οὐδ’
3243 4305 3374 4374 ὄναρ

1794 4388 1956 4454 ίσασι,
1977 4390 2041 4457 τῇ
2069 4385 2268 4456 γαστρὶ
2301 4384 2524 4450 ζῶντες,
2545 4385 2682 4454 πρὸς
2702 4386 2770 4437 τὰ
2792 4385 3032 4455 παρόντα
3068 4387 3375 4456 κεχηνότες,

1791 4468 1901 4522 ὑῶν
1933 4470 2025 4522 καὶ
2052 4467 2270 4536 τράγων
2302 4466 2452 4518 οὐδὲν
2481 4466 2700 4536 ἄμεινον
2731 4466 3083 4536 διακείμενοι,
3109 4468 3250 4519 κατά
3280 4467 3372 4518 τὸν

1791 4549 1888 4618 τῆς
1923 4547 2214 4614 ἀσελγείας
2257 4545 2412 4612 λόγον
2461 4546 2555 4597 καὶ
2595 4547 2694 4614 τὴν
2727 4546 2822 4615 τῆς
2861 4547 3169 4617 ἀδηφαγίας
3201 4547 3372 4616 ὑπερ-

1793 4628 1990 4698 ϐολήν⁶
2046 4627 2102 4678 ἐν
2151 4626 2208 4678 δὲ
2244 4628 2561 4679 ἐπίστανται
2614 4628 2795 4696 μόνον,
2840 4628 3230 4698 γαστρίζεσθαι
3278 4629 3376 4681 καὶ⁵

1796 4707 2036 4777 μεθύειν,
2069 4706 2208 4775 ύπέρ
2241 4706 2523 4777 ὀρχηστῶν
2555 4708 3014 4770 κατακόπτεσθαι,
3053 4710 3192 4780 ὑπὲρ
3225 4708 3373 4778 ήνιό-

1793 4804 1902 4857 χων
1928 4785 2416 4858 τραυματίζεσθαι.
2453 4788 2639 4839 Ταῦτα
2685 4783 2800 4848 οὖν,
2841 4788 2964 4840 είπέ
3026 4805 3146 4857 μοι,
3199 4788 3374 4858 σεμνά

1794 4870 1888 4921 καὶ
1916 4867 2157 4939 φοϐερά;
2183 4869 2278 4921 καὶ
2301 4869 2383 4932 τίς
2408 4867 2474 4921 ἂν
2497 4870 2656 4921 τοῦτο
2678 4870 2821 4922 εἴποι
2842 4886 2856 4933 ;
2883 4869 3051 4921 Πόθεν
3072 4865 3165 4922 οῦν
3193 4874 3325 4939 ἡμῖν
3344 4882 3364 4918 ι

1793 4949 1976 5014 ἔδοξαν
2017 4945 2155 5001 εἶναι
2186 4949 2413 5019 φοϐερὰ,
2456 4948 2596 5020 πλὴν
2619 4952 2666 5002 εί
2703 4948 2777 5020 μὴ
2807 4949 2901 5002 καὶ
2936 4951 3061 5012 τοῦς
3091 4952 3374 5021 ἠτιμωμέ-

1793 5045 1914 5086 νους
1943 5029 2051 5082 τῶν
2084 5029 2330 5094 οἰκετῶν,
2348 5031 2442 5081 καὶ
2471 5031 2597 5090 τοὺς
2619 5029 3120 5100 ἀπαρρησιάστους,
3152 5030 3246 5082 καὶ
3269 5033 3372 5102 τῆς

1793 5112 2119 5182 δεσποτικῆς
2170 5113 2345 5175 οἰκίας
2378 5113 2744 5176 ἐκπεσόντας,
2797 5115 3060 5186 φοϐερούς
3102 5133 3186 5181 τις
3228 5113 3366 5172 εἶναι

1792 5193 1938 5259 λέγοι
1965 5194 2074 5254 τοῖς
2107 5190 2453 5260 εὐδοκιμοῦσι
2480 5191 2575 5245 καὶ
2605 5196 2919 5264 παρρησίαν
2943 5197 3188 5266 ἔχουσιν;
3230 5199 3366 5251 Ἀλλ’

1792 5274 1892 5326 οὐκ
1921 5273 2035 5324 ἐστι
2059 5271 2250 5336 ταῦτα,
2281 5271 2380 5323 ούκ
2412 5269 2590 5323 ἐστιν’
2621 5274 2741 5326 ἐπεὶ
2771 5276 2903 5344 μηδὲ
2943 5279 3233 5347 πανδοχεῖα
3261 5281 3371 5332 τῶν

1796 5354 2096 5425 βασιλικῶν
2129 5351 2307 5405 αὐλῶν
2340 5351 2670 5421 σεμνότερα,
2706 5356 2905 5423 μᾶλλον
2949 5357 3006 5410 δέ
3041 5358 3134 5410 καὶ
3171 5361 3369 5413 πανδο-

1793 5433 1938 5503 χείου
1965 5430 2165 5494 παντὸς
2198 5433 2521 5504 ἀτιμότερον
2551 5434 2612 5486 τὸ
2663 5437 2761 5504 τῆς
2806 5437 3127 5507 συναγωγῆς
3169 5441 3372 5512 χωρίον

1859 5612 1875 5647 ί
1901 5613 1984 5679 εἰς
2005 5627 2148 5679 unus_
2167 5615 2272 5679 eqd.
2306 5616 2356 5663 [n
2378 5617 2488 5666 aliis
2511 5617 2736 5666 omnibus
2756 5627 2857 5668 tum
2881 5621 3016 5679 edd.,
3041 5627 3143 5670 tum
3166 5635 3280 5670 mss.
3309 5624 3366 5672 οὐ

1794 5675 1933 5744 μόνον
1945 5676 2103 5744 (lgest.
2119 5675 2217 5744 8ςᾴ
2233 5679 2316 5744 Ηιο
2330 5689 2578 5744 οξρίιηιειο
2590 5683 2746 5744 oratio
2761 5694 2958 5742 prorsus
2969 5675 3134 5734 uiauca
3151 5687 3366 5736 videtur.

1857 5739 1881 5776 8
1905 5737 2004 5785 Alii
2031 5751 2139 5785 cum
2166 5737 2335 5788 Morel.
2365 5737 2439 5788 ἐπὶ
2461 5743 2522 5788 τὰ
2546 5743 2725 5790 τούτων
2745 5737 2887 5794 ε’ίλκε.

1850 5795 1882 5867 1}
1905 5799 2016 5867 élii
2028 5801 2347 5867 φθεγγόμενος,
2371 5803 2450 5851 alii
2472 5804 2786 5867 φθεγγόμενοι.

1859 5860 1878 5930 ᾖ
1908 5859 2057 5930 quil.
2085 5859 2357 5930 gl’qhitlam
2384 5859 2498 5930 mss}
2522 5859 2601 5930 διά
2619 5859 2672 5914 τὸ
2695 5868 2872 5921 ἀτελές.

1859 5923 1876 5973 i
1908 5923 2009 5971 Alii
2033 5923 2164 5986 ὑμῖν,
2196 5931 2249 5976 et
2270 5937 2381 5976 mox
2406 5927 2612 5992 φοϐεροί,
2635 5942 2723 5992 pro
2743 5933 2931 5996 $06396.
