3920 6238
120 306 219 360 8-19

121 446 250 486 num
292 438 382 485 est
427 427 702 485 habitatio.
733 426 843 483 lmo
892 442 994 481 non
1044 424 1335 498 Synagogzn
1378 427 1571 489 solum,
1615 425 1708 480 sed

120 522 252 591 ipsa:
274 522 441 576 etiam
467 519 770 574 Iudaeorum
797 518 987 572 anima:
1020 533 1033 571 :
1060 518 1201 587 quod
1226 516 1482 570 orationis
1502 517 1709 587 epilogo

120 610 367 667 conabor
390 611 777 665 demonstrare.
802 610 977 677 Quare
1000 624 1094 663 vos
1120 608 1324 673 hortor,
1350 618 1407 663 ut
1432 607 1587 677 hujus
1612 624 1707 679 po-

126 705 398 760 tissimum
442 702 839 772 disceptationis
881 702 1247 756 memineritis.
1295 700 1414 756 Non
1456 702 1599 756 enim
1643 700 1710 755 ad

118 796 560 860 ostentationem,
594 809 764 862 neque
810 802 1024 861 propter
1066 793 1375 863 applausum
1408 806 1549 846 nunc
1573 790 1708 845 dici-

121 903 245 943 mus
272 904 288 941 :
316 887 413 943 sed
444 898 496 940 ut
526 886 833 941 medeamur
858 886 1049 939 animis
1078 886 1286 941 vestris.
1327 883 1457 939 Nam
1487 886 1606 953 quis
1632 893 1714 938 est

122 979 277 1034 vobis
298 993 478 1034 sermo
502 978 860 1032 excusationis
896 978 1159 1047 reliquus,
1192 979 1234 1031 si
1268 980 1318 1031 in
1351 986 1492 1031 tanta
1541 976 1709 1031 medi-

121 1086 310 1128 corum
342 1084 494 1138 ccpm
522 1069 683 1137 aliqui
713 1068 1006 1137 aegrotent?

195 1162 377 1231 Major
397 1179 516 1232 pars
543 1160 679 1214 urbis
707 1160 987 1214 Antiochia:
1013 1159 1298 1213 Christiana
1323 1169 1449 1212 erat.
1471 1189 1541 1199 —
1567 1160 1709 1213 Duo-

124 1254 303 1308 decim
354 1262 505 1308 erant
544 1252 792 1324 apostoli,
821 1261 876 1307 et
900 1252 1203 1307 universum
1234 1250 1487 1306 mundum
1514 1251 1713 1306 allexe-

126 1355 256 1402 runt
283 1364 297 1401 :
331 1345 502 1415 major
546 1360 669 1414 pars
694 1345 840 1399 urbis
865 1354 947 1400 est
970 1345 1295 1411 Christiana,
1326 1353 1379 1399 et
1402 1343 1574 1398 adhuc
1593 1344 1713 1413 qui-

124 1440 251 1494 dam
307 1438 499 1511 morbo
542 1436 799 1492 Judaismi
858 1436 1123 1491 laborant.
1172 1437 1235 1490 Et
1278 1451 1379 1506 qua
1442 1450 1540 1489 nos
1600 1436 1715 1489 sani

125 1530 445 1585 defensione
469 1527 713 1583 utemur?
740 1528 891 1598 Digni
920 1543 1050 1583 sane
1088 1528 1245 1583 etiam
1285 1526 1469 1597 aegroti
1499 1527 1568 1581 illi
1595 1538 1717 1581 sunt

125 1621 356 1677 crimine
402 1638 414 1673 :
457 1619 551 1675 sed
597 1634 769 1688 neque
815 1634 912 1673 nos
949 1633 1199 1673 vacamus
1245 1619 1436 1688 culpa,
1488 1619 1615 1688 ipsis
1661 1620 1713 1674 in

128 1713 321 1767 morbo
346 1711 622 1781 neglectis.
644 1710 741 1765 Vix
772 1711 911 1765 enim
938 1726 999 1764 ac
1028 1727 1096 1765 ne
1127 1712 1210 1765 vix
1237 1711 1448 1781 quidem
1479 1712 1523 1766 si
1552 1712 1717 1766 multa

129 1816 318 1861 nostra
346 1821 472 1860 cura
504 1805 822 1868 fruerentur,
847 1804 1042 1858 infirmi
1072 1819 1189 1860 esse
1220 1815 1515 1874 pergerent.
1535 1805 1710 1872 Quare

125 1898 431 1966 anticipans
474 1895 588 1949 haec
614 1910 754 1949 nunc
784 1895 921 1960 dico,
952 1906 1010 1948 ut
1035 1894 1257 1964 quilibet
1279 1904 1512 1949 vestrum
1551 1903 1716 1948 attra-

127 1988 222 2042 hat
252 1987 496 2051 fratrem,
526 1988 687 2041 etiam
713 1985 758 2040 si
784 1986 1071 2041 necessitas
1101 1984 1416 2054 imponenda
1445 1986 1532 2051 sit,
1559 1985 1717 2040 etiam

127 2082 172 2135 si
221 2081 311 2134 vis
354 2078 610 2141 facienda,
640 2079 799 2134 etiam
839 2078 883 2131 si
917 2078 1252 2132 contumeliis
1289 2086 1344 2132 et
1377 2077 1718 2132 contentione

128 2172 293 2228 fuerit
319 2187 457 2242 opus
489 2188 503 2226 :
534 2187 744 2225 omnem
789 2177 1001 2225 moveto
1039 2169 1291 2240 lapidem,
1322 2169 1490 2238 ipsum
1520 2180 1576 2223 ut
1603 2169 1719 2223 dia—

128 2265 238 2318 boli
279 2264 474 2333 laqueo
498 2263 721 2325 eximas,
765 2261 1061 2329 liberesque
1091 2276 1119 2313 a
1149 2261 1469 2314 commercio
1509 2275 1714 2323 eorum,

129 2357 221 2427 qui
269 2354 543 2410 Christum
584 2354 701 2409 neci
746 2353 1024 2407 dederunt.
1052 2352 1105 2408 Si
1138 2354 1346 2408 videres
1373 2354 1424 2407 in
1452 2354 1565 2409 foro
1596 2352 1716 2408 duci

127 2447 441 2517 quempiam
467 2446 533 2500 ad
575 2445 910 2514 supplicium,
958 2444 1161 2498 calculo
1196 2444 1341 2513 justo
1387 2444 1716 2510 damnatum,

129 2540 338 2608 tibique
380 2538 604 2592 liberum
645 2534 897 2590 essetde
942 2535 1206 2589 carnificis
1256 2535 1504 2589 manibus
1547 2536 1719 2603 ipsum

128 2644 344 2698 rapere,
376 2643 554 2682 annon
585 2626 794 2697 quidvis
822 2624 1047 2689 faceres,
1079 2636 1139 2679 ut
1161 2624 1548 2681 abduceretur?
1572 2624 1721 2681 Nunc

128 2737 253 2775 cum
284 2735 479 2775 cernas
507 2719 720 2773 fratrem
748 2727 892 2772 tuum
918 2733 1024 2772 non
1050 2732 1077 2769 a
1104 2717 1311 2782 lictore,
1337 2718 1430 2772 sed
1456 2732 1485 2770 a
1511 2717 1722 2771 diabolo

134 2816 201 2869 ad
230 2813 551 2884 perditionis
594 2812 901 2866 barathrum
929 2822 1113 2866 contra
1136 2810 1223 2880 jus
1252 2818 1306 2865 et
1331 2810 1409 2864 fas
1437 2810 1607 2873 trahi,
1635 2809 1721 2864 vel

129 2909 435 2975 symbolam
466 2908 701 2977 gravaris
726 2906 875 2967 dare,
902 2921 1005 2976 qua
1056 2905 1226 2974 ipsum
1273 2903 1559 2973 iniquitatis
1600 2904 1719 2956 viu-

129 3002 255 3056 culo
294 3001 519 3054 eximas.
554 2998 619 3052 Et
660 2996 925 3066 quomodo
962 2994 1117 3051 venia
1146 2994 1219 3049 sis
1248 2992 1590 3065 dignus?Sed
1619 3008 1714 3047 va-

128 3097 331 3152 lentior
371 3103 423 3148 te
465 3100 567 3157 est,
602 3099 656 3145 et
681 3090 969 3160 potentior.
1019 3088 1144 3143 Mihi
1190 3088 1361 3157 ipsum
1405 3086 1713 3141 ostendito:

129 3186 434 3257 periculum
479 3182 668 3252 capitis
708 3181 899 3236 subibo
938 3180 1131 3250 potius,
1161 3195 1318 3249 quam
1346 3188 1400 3232 ut
1430 3178 1599 3247 patiar
1627 3191 1717 3230 sa-

128 3292 351 3333 crorum
398 3274 545 3329 illum
600 3271 802 3341 ingredi
849 3270 1145 3336 vestibula,
1188 3270 1233 3325 si
1279 3270 1620 3338 pertinaciter
1667 3268 1720 3323 in

130 3367 417 3439 praposito
460 3364 734 3419 manserit.
759 3362 897 3430 Quid
937 3362 1079 3416 enim
1111 3360 1207 3415 tibi
1235 3377 1355 3415 cum
1381 3360 1570 3420 libera,
1598 3375 1720 3415 cum

128 3458 339 3515 caelesti
384 3456 678 3512 Jerusalem
717 3452 1037 3508 commune?
1081 3450 1333 3522 Delegisti
1383 3461 1719 3517 terrestrem;

126 3566 255 3605 cum
288 3563 353 3602 ea
408 3545 607 3601 servito
636 3562 651 3598 ε
680 3558 801 3597 nam
828 3548 883 3597 et
919 3542 1030 3611 ipsa
1073 3556 1196 3597 cum
1240 3540 1361 3597 filiis
1402 3541 1511 3597 suis
1555 3542 1723 3597 servit

128 3640 436 3698 secundum
469 3635 710 3707 Apostoli
737 3635 897 3691 verba
923 3633 1121 3703 (Galat.
1148 3635 1201 3688 4.
1222 3633 1338 3705 25).
1357 3634 1573 3703 Jejunas
1599 3651 1721 3689 cum

127 3730 624 3797 Judmis?Depone
670 3728 844 3781 soleas
890 3741 1102 3796 quoque
1153 3740 1273 3779 cum
1319 3726 1453 3792 istis,
1472 3736 1525 3782 et
1568 3727 1723 3782 nudis

130 3827 182 3879 in
216 3826 338 3878 foro
366 3822 585 3890 pedibus
609 3821 820 3875 ambula
864 3822 1129 3890 particeps
1173 3819 1409 3875 indecori
1452 3829 1633 3890 gestus
1667 3829 1723 3875 et

129 3919 273 3971 risus
304 3931 513 3971 eorum.
541 3914 655 3969 Hoc
696 3913 836 3967 haud
885 3913 1060 3967 facere
1100 3912 1293 3983 gesties
1323 3931 1336 3965 :
1367 3913 1531 3980 pudet
1555 3913 1718 3979 enim,

132 4020 186 4063 et
216 4007 420 4061 rubore
441 4004 780 4059 sulfunderis.
800 4002 917 4057 Jam
947 4002 1180 4071 gestibus
1208 4017 1393 4055 eorum
1416 4001 1493 4055 uti
1518 4001 1679 4069 pudet
1704 4019 1720 4058 :

132 4097 431 4167 impietatis
461 4110 587 4149 vero
611 4092 922 4148 eorumdem
954 4092 1128 4146 socius
1157 4107 1275 4146 esse
1302 4106 1406 4145 non
1428 4092 1721 4147 erubescis.

131 4189 276 4256 Quid
323 4196 502 4241 autem
534 4187 704 4239 venite
728 4183 1057 4253 impetrabis,
1089 4198 1208 4238 cum
1236 4183 1309 4237 sis
1338 4182 1722 4237 semichristia-

131 4280 275 4335 nus?
314 4278 370 4332 ln
398 4277 585 4346 capitis
625 4276 913 4330 discrimen
960 4275 1108 4345 prius
1151 4274 1425 4341 adducar,
1471 4275 1674 4330 credite
1704 4317 1719 4341 ,

131 4387 298 4443 quam
344 4371 509 4423 ullum
555 4369 849 4423 istiusmodi
878 4368 1063 4422 morbo
1091 4382 1402 4438 oppressum
1434 4369 1718 4437 negligam,

133 4465 181 4519 si
212 4462 439 4525 videro;
462 4461 545 4515 sin
571 4475 658 4514 me
686 4460 891 4527 latebit,
928 4460 1066 4515 Deus
1091 4460 1579 4530 omninoignoscet.
1600 4459 1724 4514 Hmc

132 4569 326 4610 secum
355 4552 579 4620 quisque
619 4550 779 4606 etiam
824 4559 1055 4604 vestrum
1104 4558 1329 4619 reputet,
1358 4565 1458 4604 nec
1495 4566 1607 4603 rem
1654 4551 1724 4604 ita

132 4646 317 4701 levem
346 4643 599 4712 quasique
614 4641 786 4696 obiter
805 4641 1091 4695 curandam
1114 4642 1397 4696 existimet.
1420 4641 1534 4695 Non
1556 4651 1728 4696 atten-

133 4736 298 4789 distis
328 4733 453 4802 quid
474 4734 525 4785 in
552 4746 702 4786 sacra
728 4732 923 4802 Synaxi
952 4732 1215 4786 Diaconus
1245 4732 1470 4787 subinde
1496 4732 1726 4786 clamet?

132 4829 245 4883 Alii
270 4828 402 4880 alios
431 4827 616 4878 noscite
644 4840 662 4877 :
687 4824 954 4894 quomodo
984 4825 1036 4878 in
1065 4824 1252 4879 fratres
1285 4824 1521 4879 studiose
1551 4824 1725 4892 inqui-

134 4919 292 4975 rendi
328 4917 628 4971 facultatem
654 4915 801 4968 vobis
825 4915 1089 4984 prznbeat?
1124 4916 1262 4970 Idem
1282 4916 1331 4969 iu
1352 4916 1454 4969 illis
1480 4915 1723 4970 observa.

134 5012 189 5065 Si
222 5024 386 5078 quem
415 5007 660 5077 cognoris
678 5005 1036 5075 judaizantem
1057 5048 1071 5071 ,
1097 5006 1382 5075 prehende,
1409 5016 1589 5060 uotum
1622 5004 1724 5069 fac,

135 5116 206 5156 ne
222 5101 366 5154 idem
385 5098 497 5167 ipse
512 5112 721 5167 quoque
740 5097 1026 5165 periculum
1046 5097 1254 5150 subeas.
1267 5096 1395 5150 Nam
1407 5106 1460 5151 et
1476 5097 1527 5150 in
1541 5098 1729 5152 castris

138 5204 472 5253 exterorum,
501 5190 545 5242 si
575 5188 693 5257 quis
742 5189 895 5243 miles
927 5186 1354 5256 deprehendatur
1381 5189 1726 5243 barbarorum

138 5286 536 5351 Persarumque
566 5281 758 5346 fautor,
791 5296 897 5334 non
926 5282 1039 5349 ipse
1062 5280 1233 5335 solum
1260 5279 1432 5349 capite
1457 5280 1725 5350 periclita-

139 5389 250 5438 tur,
276 5374 375 5429 sed
423 5373 643 5443 quilibet
682 5372 798 5442 ejus
821 5372 897 5427 rei
947 5375 1210 5436 conscius,
1235 5386 1333 5426 nec
1357 5370 1479 5425 duci
1526 5371 1729 5425 exerci-

141 5486 229 5527 tus
259 5473 411 5527 illum
440 5470 690 5540 prodens.
723 5470 853 5525 Cum
884 5470 1042 5540 igitur
1064 5479 1120 5524 et
1148 5484 1240 5524 vos
1260 5471 1377 5525 sitis
1409 5468 1605 5525 Christi
1633 5487 1727 5524 ex-

140 5565 377 5625 ercitus,
424 5561 637 5617 curiose
678 5576 741 5615 ac
785 5561 1067 5632 diligenter
1110 5561 1389 5631 inquirite,
1439 5578 1562 5615 num
1611 5561 1729 5629 quis

139 5657 440 5725 alienigena
472 5656 621 5710 vobis
640 5656 706 5711 sit
726 5654 1015 5717 admixtus.
1042 5656 1262 5725 ejusque
1292 5672 1485 5710 nomen
1507 5655 1725 5721 deferte,

142 5763 253 5805 non
278 5758 339 5803 ut
362 5746 690 5808 occidamus,
716 5747 861 5803 velut
897 5747 1009 5813 illi;
1038 5761 1207 5817 neque
1236 5755 1293 5801 ut
1321 5761 1476 5817 paena
1523 5746 1727 5816 suppli-

1336 311 1689 369 ADVERSUS
1725 311 2023 372 JUDIEOS.
2066 316 2105 371 1.

3281 329 3387 383 850

1816 428 1967 483 ciove
1992 427 2284 483 afficiamus
2310 448 2323 485 :
2347 431 2440 486 sed
2473 443 2724 491 uterrore
2754 444 2909 507 atque
2931 436 3198 505 impietate
3218 437 3388 507 ipsum

1816 516 2119 581 liberemus,
2172 520 2483 591 penitusque
2531 535 2770 579 nostrum
2818 525 3119 582 reddamus.
3160 528 3309 596 Quod
3341 531 3387 584 si

1815 610 2015 673 nolitis,
2057 610 2391 680 scientesque
2438 613 2639 679 celetis,
2691 618 2903 673 easdem
2932 636 3058 685 vos,
3103 637 3234 690 quas
3282 622 3387 686 illi,

1816 715 2002 769 pmnas
2026 702 2244 757 daturos
2260 718 2398 763 esse.
2425 707 2587 773 probe
2612 708 2778 762 nostis
2802 752 2818 767 .
2844 710 3042 770 Paulus
3061 714 3389 786 (Rom.l.3'2)

1794 795 2012 848 ctenim
2044 810 2147 848 non
2176 810 2270 850 eos
2313 797 2504 859 solum,
2535 800 2622 867 qui
2668 799 2803 853 mala
2852 812 3175 871 perpetrant,
3204 819 3387 858 verum

1817 895 1871 939 et
1911 885 2291 956 approbatores
2349 904 2518 957 ptume
2557 902 2612 944 et
2646 892 2905 959 supplicio
2942 894 3172 963 subjicit.
3219 896 3391 964 Atque

1817 979 1975 1032 etiam
2006 980 2259 1048 propheta
2279 979 2604 1048 (Ρεαιηι.49.
2628 983 2717 1051 18)
2749 998 2852 1037 non
2884 982 3027 1039 fures
3055 996 3276 1054 tantum,
3297 990 3391 1042 sed

1817 1080 1871 1126 et
1914 1087 2033 1125 cum
2078 1073 2180 1125 illis
2222 1083 2494 1128 currentes
2539 1074 2709 1129 eidem
2760 1091 2932 1145 paenae
2974 1078 3188 1145 addicit,
3237 1080 3394 1149 idque

1818 1167 2028 1220 merito.
2059 1166 2188 1221 Nam
2212 1169 2299 1236 qui
2325 1170 2535 1238 culpam
2581 1171 2799 1225 alterius
2836 1174 3080 1247 conscius
3120 1174 3312 1229 occulit
3340 1185 3393 1230 et

1819 1258 1967 1326 tegit,
1994 1258 2247 1328 majorem
2290 1259 2365 1313 illi
2406 1260 2496 1314 dat
2535 1263 2794 1317 socordize
2822 1278 3026 1330 ansam,
3055 1274 3212 1334 atque
3236 1280 3395 1321 secu-

1821 1349 2020 1404 riorem
2049 1351 2100 1404 iu
2128 1351 2522 1406 committendis
2550 1352 2756 1407 delictis
2785 1355 2979 1408 reddit.

1890 1439 1944 1493 5.
1974 1440 2168 1493 Verum
2198 1440 2264 1494 ad
2292 1451 2524 1510 wgrotos
2564 1457 2749 1495 rursus
2780 1443 3397 1515 redeundum.,Cogitate

1820 1529 1996 1599 igitur,
2026 1530 2335 1600 quibuscum
2362 1530 2397 1584 ii
2426 1532 2803 1585 commercium
2849 1532 3098 1597 habeant,
3130 1535 3219 1604 qui
3258 1551 3398 1590 nunc

1818 1624 2103 1693 jejunant:
2130 1639 2251 1677 cum
2274 1624 2344 1679 iis
2366 1628 2456 1691 qui
2476 1626 2802 1688 clamarunt,
2826 1625 3110 1697 Cruciﬁge,
3135 1608 3387 1695 crtzciﬁgc

1824 1715 1976 1786 (Luc.
1996 1714 2203 1780 25,91l;
2220 1716 2309 1784 qui
2326 1716 2599 1779 dixerunt,
2622 1716 2850 1788 Sanguis
2874 1718 2986 1787 ejus
3019 1734 3173 1785 super
3201 1726 3386 1779 nas,et

1820 1808 2125 1877 superﬁlios
2148 1806 2587 1875 nostros(Matth.
2629 1808 2719 1863 27.
2750 1808 2838 1865 25.
2886 1808 3386 1880 95.)Siquityran—

1818 1897 1963 1952 nidis
1988 1898 2251 1952 affectatae
2268 1899 2593 1952 reidamnati
2631 1908 2836 1964 essent,
2857 1899 3105 1969 nunquid
3126 1899 3386 1955 accedere

1818 1999 1873 2043 et
1908 2005 2211 2044 sermonem
2237 2005 2358 2044 cum
2380 1991 2487 2045 illis
2501 1990 2756 2046 conferre
2776 1991 3047 2047 auderes?
3079 1990 3195 2045 Non
3227 1990 3384 2060 equi-

1816 2077 1938 2133 dem
1959 2086 2109 2149 puto.
2142 2081 2337 2133 Annon
2366 2081 2532 2150 igitur
2553 2082 2877 2147 absurdum,
2908 2098 3003 2137 eos
3025 2083 3119 2151 qui
3146 2083 3197 2135 in
3218 2081 3387 2135 homi-

1816 2184 1938 2224 nem
1976 2172 2276 2240 peccarint,
2309 2180 2417 2224 tam
2452 2172 2699 2227 studiose
2728 2172 2954 2243 fugere;
2981 2190 3103 2228 cum
3129 2173 3197 2227 iis
3231 2187 3405 2257 vero,'

1814 2261 1906 2330 qui
1926 2262 2307 2317 contumeliosi
2328 2263 2381 2317 in
2408 2264 2586 2333 ipsum
2607 2262 2775 2319 Deum
2801 2264 3043 2324 fuerunt,
3066 2265 3385 2319 societatem

1824 2348 1958 2403 inire
1987 2366 2002 2401 :
2030 2357 2083 2401 et
2124 2348 2432 2402 crucifixum
2480 2349 2804 2414 adorantes,
2856 2364 2975 2403 cum
3022 2350 3085 2403 iis
3127 2350 3216 2418 qui
3262 2351 3404 2404 cruci

1823 2439 1969 2493 illum
1996 2438 2216 2494 affixere
2241 2439 2455 2493 feriari?
2482 2439 2632 2506 Quod
2660 2457 2762 2492 non
2791 2439 3072 2495 dementiae
3100 2441 3291 2505 solum,
3311 2441 3405 2495 sed

1822 2537 2075 2583 extrema:
2100 2529 2257 2581 etiam
2285 2537 2367 2582 est
2388 2529 2625 2582 insanire.
2655 2529 2914 2595 Quoniam
2965 2545 3091 2584 vero
3138 2531 3406 2585 nonnullis

1823 2622 2099 2692 Synagoga
2119 2636 2329 2690 quoque
2350 2622 2663 2676 venerabilis
2689 2622 2836 2677 locus
2852 2622 3078 2689 videtur,
3104 2626 3406 2679 necessario

1825 2728 1989 2781 pauca
2012 2713 2170 2766 etiam
2190 2720 2372 2765 contra
2392 2712 2507 2765 illos
2524 2712 2766 2767 dicenda.
2788 2713 2891 2766 Cur
2906 2713 3045 2767 enim
3066 2714 3237 2769 locum
3261 2716 3405 2769 illum

1825 2802 2177 2868 veneramiui,
2194 2804 2280 2873 qui
2300 2804 2738 2866 contemnendus,
2769 2803 3174 2868 abominandus,
3196 2814 3250 2859 et
3267 2806 3416 2863 unde

1824 2895 2166 2950 resiliendum
2214 2895 2398 2950 esset?
2435 2895 2565 2961 Lex,
2612 2897 2807 2964 inquis.
2854 2899 3086 2966 reposita
3129 2899 3198 2953 ibi
3225 2908 3331 2965 est,
3354 2907 3410 2951 et

1826 2986 1942 3038 libri
1974 2984 2287 3054 prophetici.
2337 2985 2471 3054 Quid
2520 2986 2667 3040 tum?
2711 2987 2927 3042 Librinc
2970 2988 3286 3049 istiusmodi,
3319 2986 3413 3040 uhi

1824 3087 1965 3141 sunt,
1994 3078 2112 3132 loco
2152 3079 2485 3133 sanctitatem
2532 3078 2845 3135 conferunt?
2889 3081 3252 3151 Nequaquam.
3300 3083 3407 3152 Ego

1823 3185 1953 3225 vero
1977 3170 2045 3225 ob
2073 3170 2174 3227 hoc
2203 3172 2372 3241 ipsum
2407 3172 2573 3242 magis
2599 3172 2684 3226 odi
2706 3172 3037 3243 Synagogam
3063 3188 3407 3244 aversorquc,

1823 3262 1965 3332 quod
1992 3263 2277 3332 prophetas
2304 3263 2535 3329 habent,
2565 3279 2666 3319 nec
2710 3265 2774 3319 iis
2811 3265 3035 3320 credunt
3065 3284 3077 3319 :
3106 3267 3290 3321 literas
3327 3282 3409 3319 sa-

1824 3367 1943 3409 cras
1963 3355 2163 3424 legunt,
2184 3369 2281 3408 nec
2298 3354 2600 3408 testimonia
2628 3364 2906 3425 acceptant
2934 3375 2946 3410 :
2969 3356 3110 3427 quod
3135 3357 3408 3411 hominum

1824 3456 1907 3502 est
1954 3462 2111 3517 supra
2161 3446 2377 3501 modum
2425 3448 2821 3515 injuriosorum.
2864 3448 2996 3502 Nam
3022 3449 3143 3515 ,die
3180 3449 3331 3514 mibi,
3365 3450 3409 3503 si

1824 3539 2185 3595 venerabilem
2218 3538 2524 3608 quemdam,
2553 3540 2835 3610 insignem,
2866 3550 3024 3609 atque
3050 3540 3309 3595 illustrem
3333 3542 3411 3595 vi-

1825 3648 1942 3686 rum
1967 3634 2018 3685 in
2045 3646 2338 3701 cauponam
2383 3632 2525 3696 duci,
2568 3644 2659 3686 aut
2696 3633 2747 3686 in
2776 3633 3080 3703 speluncam
3122 3633 3409 3700 latronum,

1826 3734 2008 3793 postea
2048 3725 2402 3788 contumeliis,
2444 3726 2781 3791 verberibus,
2815 3736 2974 3796 atque
3024 3726 3231 3796 injuriis
3272 3728 3410 3784 affici

1826 3818 2077 3872 extremis
2125 3833 2376 3872 cerneres
2413 3836 2426 3873 :
2470 3817 2852 3873 admirandane
2902 3819 2993 3873 tibi
3039 3833 3279 3887 caupona
3319 3829 3411 3874 aut

1826 3910 2074 3978 spelunca
2112 3909 2398 3972 videretur,
2442 3924 2507 3964 eo
2545 3910 2684 3978 quod
2732 3910 3019 3979 prmclarus
3043 3910 3133 3965 ille
3160 3926 3412 3981 magnus-

1826 4018 1930 4070 que
1976 4002 2117 4056 intus
2164 4002 2389 4065 steterit,
2423 4010 2477 4056 et
2506 4003 2895 4058 contumeliose
2932 4011 3189 4058 tractatus
3224 4003 3413 4059 fuerit?

1826 4091 1939 4147 Non
1977 4091 2207 4146 arbitror
2232 4092 2514 4161 equidem;
2546 4094 2638 4146 sed
2669 4093 2768 4147 hac
2815 4094 2925 4162 ipsa
2957 4094 3023 4148 de
3064 4110 3220 4149 causa
3269 4095 3411 4149 illam

1826 4184 2157 4254 potissimum
2179 4183 2385 4238 odisses
2401 4195 2779 4254 aversatusque
2796 4200 2963 4239 esses.
2985 4184 3126 4240 Idem
3156 4184 3413 4256 judicium

1826 4275 1892 4330 de
1916 4274 2189 4346 Synagoga
2222 4283 2358 4329 esto.
2383 4274 2516 4328 Nam
2552 4275 2835 4344 prophetas
2873 4284 2927 4329 et
2969 4276 3184 4348 Moysen
3231 4292 3412 4333 secum

1826 4365 1951 4420 illuc
1972 4369 2341 4470 importarqnh
2374 4380 2480 4419 non
2511 4374 2566 4418 ut
2590 4364 2934 4429 honorarent,
2958 4366 3051 4420 sed
3080 4378 3135 4419 ut
3160 4366 3415 4436 injuriose

1826 4474 2054 4529 cumque
2075 4455 2357 4527 ignominia
2381 4465 2686 4510 tractarent.
2708 4455 2841 4510 Cum
2864 4457 3005 4510 enim
3028 4472 3124 4512 eos
3142 4457 3413 4512 Christum

1831 4550 2065 4612 novisse,
2089 4558 2144 4601 et
2163 4548 2229 4602 de
2253 4548 2368 4617 ejus
2393 4548 2621 4601 adventu
2649 4546 2937 4616 quidquam
2969 4546 3168 4601 dixisse
3198 4558 3411 4617 negent,

1829 4659 1929 4712 qua
1963 4641 2164 4711 majore
2190 4641 2378 4709 injuria
2406 4650 2602 4710 queant
2630 4651 2843 4693 sanctos
2862 4639 2980 4692 illos
3000 4639 3235 4704 afficere,
3256 4656 3415 4710 quam

1830 4733 2164 4795 accusando,
2213 4748 2365 4787 suum
2410 4734 2552 4801 ipsos
2595 4731 2874 4785 Dominum
2918 4731 3209 4797 ignorasse,
3239 4732 3415 4786 etim-

1833 4820 2042 4890 pietatis
2084 4818 2259 4872 socios
2287 4817 2575 4871 asserendo
2599 4817 2622 4868 ?
2650 4818 2827 4882 Quare
2856 4815 2975 4869 ideo
3003 4816 3169 4884 magis
3193 4826 3246 4869 ct
3271 4816 3415 4885 ipsos

1831 4921 1885 4967 et
1909 4911 2239 4981 Synagogam
2284 4911 2575 4974 oderimus,
2609 4909 2748 4979 quod
2780 4910 2830 4962 in
2862 4918 3073 4963 sanctos
3115 4908 3236 4962 illos
3279 4908 3415 4963 adeo

1830 5004 2248 5058 debacchentur.
2269 5003 2335 5056 At
2357 5001 2480 5070 quid
2498 5001 2563 5054 de
2581 4999 2725 5053 libris
2747 5014 2809 5053 ac
2826 5000 2955 5053 locis
2971 4998 3131 5052 dico?
3148 4999 3414 5067 Tempore

1831 5095 2300 5167 persequutionum
2329 5091 2605 5147 carnifices
2630 5106 2853 5159 corpora
2884 5101 3171 5160 martyrum
3198 5101 3409 5158 tenent,

1833 5187 2085 5253 lacerant,
2114 5185 2334 5255 flagellis
2362 5183 2570 5237 czedunt
2603 5200 2615 5234 :
2647 5198 2768 5235 num
2812 5182 2969 5250 igitur
2997 5195 3183 5234 manus
3224 5196 3410 5237 eorum

1833 5288 2028 5335 sanctre
2052 5320 2067 5345 ,
2117 5277 2261 5347 quod
2299 5285 2590 5346 martyrum
2630 5289 2852 5343 corpora
2914 5274 3230 5328 tenuerint?
3268 5273 3412 5329 Nihil

1832 5376 2025 5427 minus.
2054 5371 2171 5426 Jam
2220 5383 2430 5433 manus,
2459 5384 2576 5435 qua:
2617 5377 2917 5421 sanctorum
2958 5382 3179 5435 corpora
3226 5376 3411 5423 tenue-

1832 5477 1974 5531 runt,
1994 5466 2168 5534 impiae
2190 5471 2425 5527 manent,
2442 5462 2559 5515 ideo
2581 5461 2758 5531 utique
2774 5460 2911 5530 quod
2931 5459 3091 5529 impie
3105 5469 3407 5527 tenuerunt;

1834 5571 1887 5616 et
1912 5561 1970 5623 ii,
1995 5560 2083 5629 qui
2110 5560 2301 5628 scripta
2338 5566 2640 5611 sanctorum
2671 5564 2896 5609 tractant
2914 5570 3035 5609 cum
3057 5556 3244 5623 injuria
3264 5598 3280 5619 ,
3305 5570 3411 5609 non

1834 5653 2009 5705 minus
2034 5666 2190 5719 quam
2216 5648 2490 5703 carnifices
2521 5655 2812 5717 martyrum
2840 5661 3059 5705 corpora
3079 5685 3095 5711 ,
3122 5645 3414 5699 venerandi

1837 5752 2113 5816 propterea
2143 5739 2335 5798 erunt?
2364 5741 2552 5794 Annon
2581 5745 2837 5795 extremae
2854 5736 2957 5793 hoc
2972 5733 3132 5791 fuerit
3154 5730 3413 5792 insanin?
