3920 6242
555 322 656 381 851

558 451 612 508 Si
645 451 785 506 enim
812 459 1013 504 tantum
1063 447 1230 510 abest,
1259 445 1292 499 ii
1319 445 1485 500 sancti
1511 452 1568 497 ut
1595 444 1740 506 liant,
1784 439 1873 509 qui
1913 447 2134 505 corpora

559 541 722 610 impie
768 547 1069 602 tenuerunt,
1099 547 1155 591 ut
1190 534 1360 604 magis
1395 535 1554 588 etiam
1599 532 1898 601 polluantur
1927 547 1941 583 :
1975 527 2140 582 multo

561 636 737 687 minus
761 631 951 700 scripta
976 630 1091 684 sine
1118 629 1219 683 fide
1249 629 1382 681 lecta
1404 627 1688 680 lectoribus
1713 619 2142 722 umquam-prod-

559 741 679 781 esse
705 733 972 794 poterunt.
1004 722 1114 775 lloc
1164 722 1332 789 ipsum
1374 719 1530 788 igitur
1557 717 1773 784 majoris
1808 714 1927 768 illos
1955 713 2140 780 impie-

566 818 688 870 tatis
727 815 1024 875 convincit,
1069 813 1232 866 libros
1259 825 1322 865 eo
1349 809 1570 864 consilio
1616 807 1905 874 possidere.
1951 803 2129 904 Neque

562 907 702 960 enim
735 914 936 966 tantum
963 910 1289 956 mererentur
1303 901 1522 959 crimen,
1543 898 1584 950 si
1619 895 1987 965 prephetarum
2005 895 2140 946 scri-

563 998 669 1066 ptis
703 995 1034 1056 caruissent;
1079 1006 1182 1046 non
1227 1001 1332 1043 tam
1377 987 1566 1056 impuri
1603 995 1658 1040 et
1695 984 1895 1054 profani
1939 991 2136 1047 essent,

561 1087 662 1140 nisi
692 1086 853 1139 libros
899 1084 1168 1152 legissent.
1215 1081 1364 1134 Nune
1405 1079 1542 1132 rutila
1574 1077 1699 1146 ipsis
1725 1076 2024 1174 reliquaest
2052 1087 2141 1125 vc-

564 1178 672 1240 nia,
697 1190 966 1243 praecones
986 1171 1220 1224 veritatis
1237 1185 1355 1223 cum
1386 1169 1633 1232 habeant,
1657 1175 1710 1218 et
1732 1173 1838 1217 tam
1863 1165 1968 1264 illis
1983 1176 2138 1231 quam

563 1267 771 1320 veritati
799 1265 972 1318 hostili
999 1263 1174 1316 animo
1205 1265 1468 1316 resistant.
1490 1258 1743 1324 Quocirca
1756 1271 1820 1310 eo
1838 1258 2002 1323 magis
2023 1267 2142 1322 pro-

561 1358 667 1410 fani
691 1368 848 1426 alque
878 1353 1064 1424 impuri
1111 1362 1251 1415 sunt,
1282 1353 1420 1422 quod
1459 1348 1743 1420 prophetas
1775 1348 1988 1410 habent,
2017 1359 2139 1398 eos—

561 1465 662 1518 que
712 1449 972 1502 hostiliter
1018 1454 1259 1499 tractant.
1299 1444 1471 1510 Quare
1496 1450 1553 1494 ut
1595 1439 1801 1509 fugiatis
1838 1437 2055 1499 hortor,
2087 1442 2143 1488 et

561 1543 628 1594 ab
646 1551 830 1595 eorum
857 1538 1233 1592 conventiculis
1248 1534 1515 1588 resiliatis.
1539 1531 1650 1585 Non
1674 1543 1888 1599 parvum
1909 1528 2028 1580 hinc
2041 1526 2142 1579 fra—

563 1632 732 1684 tribus
752 1629 1125 1684 infirmioribus
1143 1627 1411 1686 damnum,
1431 1638 1528 1678 nec
1550 1621 1751 1718 modica
1773 1619 2143 1718 ill-isnbincsu-

564 1722 756 1788 perbia:
781 1733 928 1773 ansa.
954 1718 1082 1772 Nam
1102 1718 1146 1770 si
1165 1715 1392 1770 viderint
1409 1727 1523 1777 vos,
1538 1712 1624 1782 qui
1641 1707 2141 1765 adoratisChrist‘um

562 1813 627 1863 ub
655 1809 783 1879 ipsis
817 1807 1146 1871 crucifixum,
1191 1805 1518 1860 ceremonias
1557 1803 1765 1857 illorum
1808 1801 2049 1904 persequi
2087 1808 2144 1852 et

567 1902 696 1954 lauti
727 1901 900 1954 facere
929 1916 942 1952 :
973 1897 1240 1966 quomodo
1269 1909 1371 1948 non
1400 1893 1801 1963 praeclarissime
1827 1893 2002 1944 omnia
2026 1905 2054 1942 a
2085 1905 2144 1944 se

563 2001 707 2060 gustu
729 2005 847 2043 esse
873 1990 1153 2056 putabunt,
1182 1996 1464 2053 nostraque
1489 1983 1682 2038 nullius
1709 1984 1861 2050 pretii
1886 2019 1900 2046 ,
1929 1999 2046 2036 cum
2077 1997 2140 2036 ea

563 2082 748 2133 eolatis
771 2089 824 2133 et
849 2077 1143 2132 observetis
1184 2076 1416 2143 quidem,
1442 2075 1536 2129 sed
1569 2090 1690 2128 cum
1719 2075 1804 2138 iis,
1833 2073 1928 2142 qui
1955 2072 2139 2126 eadem

562 2172 860 2233 destruunt,
893 2168 1153 2223 curratis?
1178 2168 1238 2222 Si
1281 2169 1413 2238 quis,
1441 2167 1610 2236 inquit
1637 2167 1939 2234 Apostolus,
1965 2167 2142 2220 viderit

567 2275 614 2314 te
654 2263 741 2331 qui
788 2262 936 2314 habes
977 2261 1232 2315 scientiam
1269 2261 1319 2312 iu
1350 2257 1514 2311 idolio
1543 2259 1906 2313 recumbentem
1935 2275 1953 2314 :
1980 2275 2144 2313 nonne

567 2355 864 2407 conscientia
891 2355 1021 2424 ejus,
1048 2353 1131 2420 qui
1150 2352 1380 2417 inﬁrmas
1400 2359 1474 2403 est
1492 2391 1506 2412 ,
1537 2350 1866 2416 redi/imbitur
1903 2353 1970 2403 ad
1988 2352 2138 2404 eden-

493 2462 496 2465 '
567 2446 688 2498 dum
715 2462 772 2498 ea
813 2461 924 2514 qua!
962 2453 1077 2496 sunt
1122 2443 1272 2496 idolis
1310 2442 1569 2494 immolata
1597 2442 1673 2508 (l.
1703 2441 1822 2494 Cor.
1849 2440 1902 2496 8.
1926 2443 2051 2510 l0)?
2078 2443 2142 2496 Et

567 2551 667 2603 ego
701 2535 841 2595 dico,
869 2535 909 2587 si
933 2535 1052 2604 quis
1090 2533 1279 2585 viderit
1309 2541 1380 2593 te,
1422 2531 1508 2599 qui
1536 2530 1807 2584 scientiam
1847 2532 2031 2595 babes,
2073 2532 2139 2585 ad

566 2628 892 2696 Syuagogam
935 2628 1101 2689 abire,
1125 2625 1274 2679 tubas
1315 2632 1589 2692 Spectare:
1621 2636 1794 2680 nonne
1815 2627 2138 2684 conscientia

566 2721 701 2787 ejus,
729 2733 848 2770 cum
893 2717 1133 2771 infirmus
1171 2715 1258 2783 sit,
1283 2724 1582 2769 cxstrnemr
1604 2716 1669 2769 ad
1695 2729 1868 2771 rerum
1891 2718 2138 2772 .ludaica-

566 2827 684 2864 rum
702 2810 1098 2864 admirationem
1119 2809 1142 2860 ν
1165 2808 1260 2874 Qui
1284 2808 1441 2870 cadit,
1463 2823 1564 2861 non
1589 2809 1763 2876 lapsus
1782 2810 1937 2861 modo
1959 2823 2140 2876 plenas

566 2901 674 2962 dat.
707 2901 797 2954 sed
825 2900 941 2968 quia
965 2901 1096 2952 alios
1121 2894 1674 2962 etiamsupplantavit,
1691 2894 1938 2962 punitur:
1956 2910 2143 2964 quem-

565 2990 856 3043 admodum
909 2997 1082 3050 stans,
1141 2996 1245 3036 non
1295 2994 1510 3052 propter
1534 2987 1777 3041 virtutem
1820 2998 2018 3043 tantum
2045 3007 2138 3044 eo-

563 3080 806 3129 ronatur;
835 3070 924 3122 scd
949 3073 1068 3139 quia
1094 3073 1339 3126 eumdem
1369 3076 1419 3126 in
1449 3075 1566 3128 aliis
1587 3077 1758 3130 zelum
1787 3080 2051 3145 excitavit,
2082 3083 2131 3134 in

561 3161 908 3214 admiratione
947 3171 1048 3214 est.
1092 3161 1304 3216 lllorutn
1351 3164 1507 3232 igitur
1551 3175 1914 3223 ctconvcntus
1942 3171 2132 3226 etloca

562 3250 755 3319 fugite;
784 3265 879 3304 nec
929 3253 1204 3320 quisquam
1255 3264 1467 3322 prepter
1493 3255 1655 3309 libros
1681 3257 2008 3328 Synagogam
2038 3277 2132 3314 ve-

561 3349 812 3402 neretur,
860 3340 955 3394 sed
1002 3352 1216 3410 propter
1269 3345 1386 3397 illos
1431 3345 1566 3400 hanc
1609 3347 1731 3401 odio
1787 3363 2136 3420 prosequatur

561 3428 918 3498 fastidiatque.
965 3430 1094 3484 Nam
1142 3433 1192 3485 iu
1228 3435 1601 3490 contumeliam
1645 3448 1858 3493 sanctos
1915 3449 2131 3507 tenent,

559 3520 679 3587 quia
709 3521 880 3575 verbis
907 3521 1113 3575 illorum
1141 3523 1294 3577 fidem
1315 3525 1586 3596 derogant,
1602 3529 1726 3597 quia
1743 3539 1996 3585 extrema:
2015 3533 2134 3588 illos

556 3611 840 3679 impietatis
866 3629 984 3668 reos
1013 3614 1226 3668 faciunt.

628 3703 680 3755 6.
736 3701 921 3756 Veteris
973 3703 1276 3760 Testamenti
1329 3710 1671 3780 interpretatio
1720 3715 1813 3768 sub
1857 3715 2134 3773 Ptolemwo

557 3791 920 3863 Philadelpho.
944 3796 1097 3849 -Αι
1138 3807 1196 3850 ut
1235 3803 1594 3867 cognoscatis,
1645 3805 1805 3859 libros
1845 3807 1972 3861 nihil
2015 3808 2134 3863 loco

561 3884 855 3938 sanctitatis
883 3885 1145 3952 conferre,
1176 3888 1270 3942 sed
1298 3892 1458 3957 pollui
1492 3894 1644 3946 istum
1673 3911 1880 3961 eorum,
1913 3899 2000 3966 qui
2029 3900 2134 3954 illic

562 3973 884 4026 conveniunt
908 4016 921 4035 ,
971 3977 1208 4028 instituto
1234 3996 1246 4030 :
1273 3979 1545 4035 historiam
1574 3995 1803 4039 veterem
1834 3988 1981 4041 vobis
2011 4005 2134 4043 nar.

557 4062 708 4115 rabo.
759 4062 892 4115 Cum
923 4063 1239 4119 Ptolema-us
1276 4069 1678 4138 Philadelphus,
1726 4074 1874 4130 libris
1903 4079 2132 4148 undique

557 4151 818 4216 collectis,
864 4157 1228 4222 cognovisset,
1281 4161 1414 4226 apud
1460 4161 1669 4218 Judaeos
1717 4167 1875 4220 etiam
1923 4179 2132 4226 exstare

553 4239 746 4309 scripta
768 4281 782 4304 ,
815 4257 932 4309 qua:
971 4242 1038 4297 de
1079 4244 1186 4296 Deo
1212 4256 1370 4316 atque
1399 4251 1595 4318 optima
1626 4254 1931 4323 reipublicat
1963 4259 2130 4315 forma

553 4339 787 4395 agerent,
809 4332 1079 4385 accersitis
1095 4349 1125 4387 e
1141 4333 1322 4388 Judzca
1355 4338 1478 4393 viris
1505 4341 1554 4393 in
1582 4357 1812 4410 grmcum
1828 4363 2127 4405 sermonem

551 4417 639 4471 illa
671 4418 781 4488 ipsa
819 4435 912 4489 per
931 4438 1024 4477 eos
1051 4429 1407 4481 convertenda
1429 4435 1662 4498 curavit,
1706 4447 1860 4506 atque
1889 4440 1940 4493 in
1971 4440 2128 4496 Ser-a-

553 4510 690 4577 pidis
722 4514 917 4579 templo
959 4517 1359 4585 rchsuit:erat
1387 4524 1527 4577 enim
1559 4525 1715 4583 homo
1740 4545 1959 4599 graecus,
1994 4546 2043 4589 et
2076 4538 2126 4590 in

552 4598 691 4652 hunc
730 4601 871 4655 diem
907 4621 1074 4674 usque
1104 4607 1358 4664 librorum
1409 4616 1835 4683 propheticorum
1867 4624 2126 4695 interpre-

550 4689 682 4742 tatio
713 4691 782 4743 ibi
813 4705 1072 4748 servatur.
1111 4698 1313 4767 Ergone
1340 4706 1589 4772 templum
1619 4709 1887 4778 Serapidis
1915 4689 2128 4783 propter

550 4774 716 4832 libros
745 4791 983 4837 sanctum
1013 4787 1148 4839 erit?
1176 4789 1343 4844 Absit.
1370 4792 1473 4847 Sed
1495 4809 1587 4849 sua
1617 4799 1717 4853 illis
1746 4813 1828 4855 est
1852 4807 2123 4872 sanctitas,

548 4882 706 4936 quam
736 4885 854 4924 cntn
884 4873 1000 4926 loro
1029 4891 1132 4928 non
1155 4884 1550 4938 communicant
1579 4900 1793 4957 propter
1819 4908 2002 4948 eorum
2034 4899 2122 4967 qui

545 4955 653 5012 illic
703 4965 1028 5018 Conveniunt
1073 4967 1450 5036 impuritatem.
1505 4977 1642 5032 Idem
1673 4955 1821 5037 etde
1850 4955 2124 5058 Synagoga

544 5053 871 5106 censendum
905 5067 1004 5108 est.
1035 5057 1252 5113 Etiamsi
1299 5066 1438 5120 enim
1468 5071 1666 5125 nullum
1696 5075 1761 5127 ibi
1793 5077 1991 5133 Idolum
2018 5083 2120 5148 sit,

553 5149 728 5195 tamen
757 5143 1026 5201 dmmones
1055 5149 1224 5203 locum
1256 5153 1507 5210 incolunt.
1537 5160 1686 5225 Quod
1715 5179 1818 5217 non
1845 5167 1912 5221 de
1937 5185 2000 5223 ea
2031 5185 2123 5225 so-

541 5234 650 5284 lum
700 5234 974 5306 Synagoga
1024 5239 1181 5305 dico,
1233 5260 1351 5312 qua:
1402 5247 1486 5302 hic
1529 5261 1650 5316 est;
1701 5257 1791 5309 scd
1838 5268 1892 5312 ct
1934 5260 2022 5314 illa
2069 5265 2120 5318 in

542 5321 759 5389 Daphne
775 5363 788 5386 ,
821 5327 909 5380 ubi
937 5327 1240 5385 barathrum
1263 5335 1514 5401 deterius,
1549 5343 1687 5410 quod
1708 5344 1958 5404 Matrona:
1980 5352 1996 5382 ¹
2019 5368 2114 5407 vo-

603 5454 619 5483 ι
643 5459 846 5542 Μειιῖρηθ
866 5458 1004 5542 cujus
1025 5460 1182 5542 cultus
1201 5465 1249 5513 iu
1289 5469 1543 5542 Antiochiae
1577 5475 1804 5542 suburbio
1827 5482 2021 5542 Daphne
2045 5486 2122 5539 hic

540 5523 833 5563 memoratur
859 5525 911 5565 Cl.
931 5523 1158 5581 carpitur,
1197 5527 1318 5587 apud
1343 5532 1571 5590 quosdam
1595 5523 2116 5610 Juno

540 5576 674 5610 r-ning
700 5584 832 5610 prum
857 5577 1047 5610 Αἶνον-ενι
1074 5586 1194 5610 ...ωτι
1221 5592 1370 5610 ......;....
1400 5600 1539 5610 -Λ-.,
1715 5600 1723 5608 .
1885 5607 1892 5610 ,
1951 5607 1957 5610 _

538 5576 836 5662 Cluilia-'3'"-
857 5576 1048 5629 ἀίνθνέθ
1073 5576 1194 5644 τηνιὶᾱ
1221 5576 1374 5637 varias“
1395 5576 1573 5652 genie;

538 5643 660 5662 l‘ulu.)
684 5647 723 5662 lu
772 5649 907 5662 ..Λα-ι-
956 5647 1153 5662 ιιΑιμ..-
1200 5653 1224 5662 μ
1249 5660 1255 5662 .
1298 5651 1310 5662 ι
1542 5659 1548 5662 .

1199 5651 1374 5724 uagina
1396 5637 1977 5724 Et

539 5694 664 5746 (tute
690 5695 794 5746 loco
816 5712 1026 5764 nomen;
1051 5707 1134 5753 sed
1161 5694 1248 5758 hac
1265 5694 2044 5790 ﬁé‘ie'iii'rilitii'iidiiﬁ

1308 329 1364 384 S.
1394 324 1671 384 JOANNIS
1708 314 2182 379 CIIRYSOSTOMI
2220 309 2536 371 ARCHIEP.
2573 316 3106 374 CONSTANTINOP.

3707 310 3817 364 852

2246 444 2388 484 cant.
2431 430 2560 484 Nam
2605 433 2799 487 multos
2829 431 3013 488 ﬁdeles
3043 436 3166 490 illuc
3203 437 3495 494 ascendere
3524 442 3702 497 audiri
3721 487 3734 508 ,
3768 458 3818 501 et

2240 519 2388 588 juxta
2431 524 2604 576 locum
2641 523 2894 578 dormire.
2936 526 3042 580 Sed
3088 527 3258 593 absit,
3309 529 3428 584 illos
3471 549 3723 602 umquam
3766 553 3817 591 ut

2242 611 2426 664 fideles
2445 612 2729 680 appellem.
2760 613 2885 668 Mihi
2911 623 2961 668 et
2994 615 3245 672 Matrona:
3264 660 3278 684 ,
3307 631 3362 674 et
3385 623 3649 690 Apollinis
3679 638 3814 682 tem-

2244 703 2410 770 plum,
2434 705 2549 770 pari
2573 704 2776 759 ratione
2794 706 3058 773 impurum
3080 717 3180 762 est.
3203 710 3351 775 Quod
3377 715 3420 766 si
3447 727 3536 770 me
3557 719 3815 788 quispiam

2243 794 2476 849 audaciae
2499 796 2838 862 condemnet,
2869 814 2986 852 eum
3019 815 3120 869 ego
3145 803 3374 858 vicissim
3400 817 3659 864 extrema:
3681 814 3818 866 insa-

2241 887 2344 939 niae
2369 887 2755 942 condemnabo.
2785 890 2937 953 Nam,
2967 891 3057 946 dic
3085 894 3232 961 mihi,
3265 898 3350 951 ubi
3376 899 3650 957 daemoiies
3673 905 3815 958 habi-

2247 986 2395 1036 tant,
2430 991 2612 1032 nonne
2658 979 2939 1048 impietatis
2987 983 3074 1037 ille
3111 983 3281 1050 locus,
3327 989 3533 1045 etiamsi
3575 995 3719 1047 nulla
3749 999 3817 1052 ibi

2243 1077 2413 1121 statua
2450 1069 2556 1122 sit?
2585 1069 2680 1125 Ubi
2715 1072 2911 1128 Christi
2957 1075 3323 1133 interfectores
3361 1087 3778 1153 congrediuntur
3800 1133 3815 1154 ,

2244 1157 2333 1210 ubi
2379 1173 2510 1211 crux
2540 1160 2884 1226 exturbatur,
2935 1165 3024 1218 ubi
3075 1166 3213 1221 Deus
3253 1169 3682 1242 blasphematur,
3734 1182 3818 1234 ubi

2245 1248 2402 1302 Pater
2428 1250 2699 1318 ignoratur
2723 1293 2736 1316 ,
2769 1253 2855 1307 ubi
2883 1255 3045 1311 Filius
3074 1263 3408 1317 contumeliis
3437 1265 3700 1335 afﬁcitur,
3732 1274 3816 1325 ubi

2242 1339 2479 1408 Spiritus
2505 1345 2670 1410 gratia
2703 1345 2937 1414 rejicitur
2957 1367 2967 1400 :
2990 1350 3114 1418 quin
3135 1392 3149 1414 ,
3190 1367 3307 1406 cum
3345 1356 3441 1424 ipsi
3470 1364 3683 1429 quoque
3708 1364 3817 1416 dae-

2244 1447 2430 1486 moues
2475 1434 2614 1499 sint,
2675 1451 2856 1494 annon
2905 1441 3072 1510 majus
3119 1445 3238 1498 hinc
3269 1446 3818 1513 detrimentumilllic

2245 1525 2384 1578 enim
2410 1525 2550 1579 nuda
2577 1535 2660 1581 est
2686 1537 2740 1582 et
2764 1533 3044 1600 conspicua
3077 1535 3338 1605 impietas,
3367 1551 3487 1610 quae
3519 1559 3624 1600 non
3664 1547 3818 1606 facile

2245 1625 2421 1670 mente
2448 1618 2722 1686 prscditum
2762 1632 2813 1675 et
2847 1635 3034 1678 sanum
3075 1628 3350 1695 pellexerit
3396 1645 3486 1688 aut
3523 1637 3814 1710 deceperit.

2245 1707 2343 1763 llic
2368 1725 2515 1772 vero,
2543 1727 2663 1766 cum
2689 1729 2748 1768 se
2768 1716 2990 1772 adorare
3015 1719 3191 1775 dicant
3225 1723 3387 1778 Deum
3416 1737 3467 1781 et
3499 1729 3637 1784 idola
3668 1747 3816 1787 aver-

2243 1803 2384 1867 sari,
2429 1805 2719 1874 prophetas
2764 1807 2961 1865 habere
3011 1822 3064 1867 et
3112 1814 3402 1885 honorare,
3446 1825 3627 1879 verbis
3675 1827 3818 1884 hisce

2249 1894 2469 1948 multum
2500 1909 2635 1951 escae
2681 1909 2994 1968 praeparant,
3037 1913 3093 1958 et
3135 1907 3479 1976 simpliciores
3523 1923 3685 1985 atque
3723 1919 3817 1972 im-

2245 1984 2534 2052 prudentes
2559 1987 2797 2043 incautos
2827 1992 3087 2048 irretinnt.
3126 1998 3303 2063 Quare
3342 1984 3704 2070 impietasiest
3728 2024 3816 2062 ea-

2245 2077 2364 2130 dem
2382 2085 2435 2131 et
2457 2079 2582 2147 ipsis
2601 2081 2866 2137 etGraecis
2885 2102 2899 2138 :
2917 2087 3202 2155 impostnra
3225 2102 3397 2165 autem
3425 2104 3646 2151 utuntur
3667 2100 3816 2172 longe

2247 2170 2643 2236 perniciosiore.
2690 2173 2819 2229 Nam
2862 2193 3005 2232 aram
3039 2180 3238 2238 fraudis
3279 2185 3472 2242 habent
3512 2206 3619 2245 non
3662 2210 3816 2264 aspe-

2246 2260 2492 2315 ctabilem
2538 2264 2634 2333 ipsi
2681 2279 2890 2337 quoque
2913 2309 2926 2332 ,
2964 2271 3052 2325 ubi
3097 2288 3199 2327 noo
3227 2291 3350 2331 oves
3381 2289 3432 2332 ct
3455 2281 3686 2350 vitulos,

2249 2351 2454 2406 animas
2497 2353 2767 2410 hominum
2809 2368 3059 2416 mactant.
3113 2365 3346 2436 Denique
3392 2371 3434 2424 si
3477 2372 3698 2429 Iudaica
3729 2379 3814 2433 tibi

2247 2441 2648 2500 admirationem
2667 2460 2899 2514 movent,
2923 2468 3043 2520 qua:
3068 2455 3162 2509 tibi
3190 2460 3324 2514 ratio
3353 2462 3635 2520 nobiscum
3665 2483 3812 2522 como

2249 2532 2468 2588 munis?
2497 2531 2630 2587 Nam
2652 2535 2701 2590 si
2747 2539 2832 2594 illa
2866 2541 3167 2600 Judwomtn
3193 2552 3493 2606 veneranda
3523 2567 3577 2609 et
3627 2573 3808 2628 magna

2247 2634 2387 2691 sunt,
2420 2637 2600 2682 nostra
2625 2643 2783 2705 erunt
2807 2631 2959 2700 falsa,
2992 2635 3072 2691 sin
3108 2635 3216 2694 haec
3248 2649 3394 2705 vera,
3424 2645 3600 2714 qualia
3637 2652 3813 2726 utique

2251 2728 2374 2770 sunt
2395 2758 2410 2781 ,
2457 2719 2546 2772 illa
2575 2732 2731 2776 erunt
2762 2723 2960 2782 fraudis
2985 2729 3159 2796 plena.
3199 2731 3312 2787 Non
3340 2740 3516 2798 divina
3545 2745 3670 2801 dico
3700 2719 3814 2802 οξ-ι.-

2241 2806 2390 2872 cuia;
2434 2809 2604 2876 absit,
2650 2812 2764 2867 haec
2789 2817 2928 2870 enim
2959 2829 3044 2873 me
3067 2821 3134 2880 ad
3159 2820 3424 2884 Christum
3466 2839 3620 2903 quasi
3665 2856 3814 2894 manu

2246 2897 2512 2955 duxemnt
2545 2917 2560 2958 :
2591 2905 2684 2959 sed
2733 2907 3055 2977 impietatem
3106 2916 3313 2974 illorum
3347 2934 3398 2977 et
3431 2897 3696 2982 insaniam
3728 2933 3814 2984 hoc

2242 2988 2504 3046 diurnam.
2550 2997 2618 3049 At
2656 3000 2794 3052 enim
2840 3009 3048 3071 tempus
3097 3012 3348 3078 requirit,
3401 3025 3456 3069 ut
3500 3021 3812 3085 ostendam,

2244 3082 2513 3138 daemones
2553 3088 2714 3143 etiam
2756 3086 2824 3144 ibi
2863 3088 3136 3166 habitare,
3170 3117 3339 3171 neque
3380 3101 3434 3160 in
3475 3107 3568 3163 illo
3617 3121 3813 3168 tantum

2243 3172 2396 3240 loco,
2443 3177 2536 3230 sed
2580 3187 2634 3232 et
2669 3183 2719 3233 in
2764 3182 2891 3250 ipsis
2930 3184 3232 3246 Judaeorum
3261 3195 3470 3251 animis.
3518 3199 3665 3256 Nam
3708 3221 3814 3259 cum

2243 3265 2536 3321 immundus
2561 3271 2786 3338 spiritus,
2815 3275 2985 3346 inquit
3003 3279 3243 3337 Christus
3259 3325 3274 3348 ,
3305 3289 3478 3341 exierit
3504 3291 3566 3343 ab
3597 3293 3811 3363 herniae,

2243 3356 2467 3409 ambulat
2496 3376 2583 3426 per
2607 3362 2752 3415 arida
2787 3364 2926 3432 loca,
2969 3387 3192 3436 quaerens
3221 3378 3433 3444 requiem
3457 3421 3471 3442 ,
3502 3391 3553 3435 et
3576 3400 3695 3436 cum
3724 3404 3813 3440 non

2241 3445 2452 3506 invenit:
2494 3462 2730 3519 revertar,
2769 3455 2964 3527 inquit,
3009 3463 3062 3514 in
3103 3464 3305 3518 domum
3354 3486 3533 3524 meam.
3589 3473 3662 3526 Et
3708 3491 3814 3531 ruta

2242 3540 2393 3602 venit,
2421 3543 2607 3595 m'enit
2633 3557 2743 3598 eam
2763 3557 3040 3618 vacantem,
3069 3558 3234 3624 scopis
3259 3561 3566 3628 mandatam,
3599 3577 3647 3619 et
3669 3585 3813 3620 orna-

2243 3635 2365 3679 tam.
2389 3627 2531 3682 Tunc
2552 3631 2706 3700 vadit,
2724 3647 2774 3688 et
2798 3641 3006 3693 assumit
3033 3653 3216 3712 septem
3244 3648 3369 3700 alios
3393 3653 3602 3719 spiritus
3625 3672 3813 3722 secum,

2242 3720 2498 3787 nequiores
2522 3738 2596 3786 se,
2628 3737 2676 3778 et
2703 3727 3001 3797 ingreditur,
3035 3745 3080 3787 et
3108 3747 3254 3791 erunt
3284 3742 3551 3796 nouissima
3599 3747 3812 3804 bonum;

2237 3809 2378 3863 illius
2430 3815 2604 3883 pejora
2655 3820 2922 3886 prioribus.
2977 3825 3069 3879 Sic
3116 3831 3210 3881 erit
3246 3839 3294 3884 et
3338 3838 3649 3904 generationi
3701 3845 3813 3895 huic

2243 3898 2454 3969 (Matth.
2487 3904 2572 3966 19,
2601 3907 2796 3972 43—45;
2828 3910 2952 3966 Luc.
2985 3914 3068 3969 11.
3097 3915 3327 3984 24-26),

2305 3994 2500 4050 Animae
2522 3997 2819 4055 Judteorum
2839 4005 3122 4062 daemonum
3145 4013 3448 4068 habitacula.
3473 4048 3543 4058 —
3565 4019 3732 4077 Vides
3762 4025 3809 4079 in

2237 4083 2468 4153 ipsorum
2499 4091 2687 4146 animis
2709 4105 2847 4150 nilne
2869 4097 3103 4156 habitare
3127 4103 3394 4161 datmones
3425 4111 3690 4176 prioribus
3713 4117 3809 4170 de-

2237 4177 2495 4234 teriores?
2523 4196 2692 4252 neque
2733 4185 2784 4240 id
2828 4187 3040 4256 injuria.
3073 4192 3220 4248 Tunc
3247 4198 3386 4251 enim
3431 4201 3480 4253 in
3524 4205 3809 4272 prophetas

2237 4270 2557 4338 peccabant,
2589 4291 2730 4331 nunc
2759 4279 2928 4347 ipsmn
2959 4285 3331 4353 prophetarum
3373 4270 3648 4348 dominum
3679 4313 3809 4352 cou-

2232 4361 2448 4415 tumelia
2484 4362 2848 4435 insequuntur.
2892 4372 3022 4426 Cum
3064 4377 3362 4433 hominibus
3406 4382 3582 4450 igitur,
3626 4386 3805 4452 dicite,

2234 4447 2595 4520 daemoniacis,
2628 4458 2817 4525 quibus
2839 4469 2916 4514 tot
2944 4473 3065 4518 sunt
3094 4467 3282 4536 impuri
3311 4447 3543 4539 spiritus,
3567 4447 3626 4528 in
3654 4447 3806 4547 jugn;

2234 4540 2392 4597 lando
2435 4553 2489 4598 et
2521 4549 2814 4606 occidendo
2856 4557 3098 4610 enutritis
3125 4569 3282 4628 atque
3318 4563 3582 4631 educatis,
3616 4540 3803 4624 eodem

2234 4631 2350 4688 loco
2375 4641 2786 4707 congregamini,
2819 4657 2991 4712 neque
3018 4647 3358 4704 horrescitis?
3382 4652 3514 4706 Num
3542 4658 3686 4710 enim
3716 4675 3804 4713 sa-

2233 4723 2500 4782 lutationis
2523 4729 2709 4785 horum
2735 4737 3010 4804 participes
3033 4753 3171 4802 esse,
3196 4753 3245 4794 et
3265 4744 3576 4813 simpliciter
3598 4763 3805 4805 sermo-

2148 4869 2150 4871 ,
2233 4831 2353 4869 nem
2380 4819 2620 4875 conferre
2645 4835 2868 4892 oportet,
2897 4844 2959 4883 ac
2987 4842 3090 4885 non
3132 4835 3302 4901 potius
3339 4851 3430 4890 eos
3469 4849 3526 4892 ut
3565 4854 3804 4897 commn-

2231 4921 2352 4959 nem
2399 4908 2540 4964 luem
2586 4921 2639 4966 et
2684 4917 2926 4971 morbum
2979 4922 3138 4975 totius
3189 4925 3332 4979 orbis
3375 4930 3646 4984 aversari?
3690 4932 3805 4999 Quo

2231 4999 2448 5054 sceleris
2483 5016 2682 5072 genere
2725 5023 2829 5062 nou
2875 5017 2998 5067 sunt
3037 5014 3304 5070 defuncti?
3343 5017 3525 5075 Nonne
3567 5026 3802 5080 omnium

2233 5093 2605 5161 prophetarum
2634 5102 2917 5158 conciones
2944 5105 3141 5160 crebrae
3161 5119 3212 5162 et
3234 5113 3449 5178 prolixa:
3478 5114 3528 5166 in
3556 5115 3621 5168 iis
3645 5132 3801 5171 accu.

2230 5184 2410 5238 sandis
2437 5199 2763 5260 consumth
2783 5195 2938 5247 sunt?
2962 5196 3127 5263 Quam
3161 5203 3492 5268 tragoediam,
3525 5208 3666 5274 quod
3704 5212 3800 5262 ini-

2228 5275 2443 5341 quitatis
2487 5283 2787 5349 exemplum
2832 5287 2942 5340 suis
2989 5290 3065 5343 illi
3110 5291 3321 5348 nefariis
3364 5296 3662 5353 homicidiis
3699 5317 3796 5354 non

2225 5369 2618 5422 obscurarum?
2663 5372 3005 5432 lmmolarunt
3056 5380 3190 5436 filios
3234 5393 3287 5437 et
3342 5385 3475 5442 filias
3520 5388 3795 5445 dannonits

2230 5453 2400 5524 (Paul.
2431 5457 2552 5512 105.
2582 5461 2695 5531 37),
2737 5474 2974 5520 naturam
3019 5482 3294 5534 exuerunt,
3342 5475 3583 5531 dolorum
3620 5491 3795 5548 partes

2226 5545 2374 5600 obliti
2423 5560 2579 5616 sunt,
2635 5553 2999 5611 educationem
3048 5556 3334 5618 liberorum
3384 5571 3791 5636 proculcatunt,

2225 5636 2368 5704 leges
2383 5643 2848 5711 consanguinitatis
2865 5646 3096 5704 funditus
3115 5663 3437 5716 everterunt.
3459 5657 3792 5713 humaniores

2228 5729 2373 5782 omni
2405 5729 2570 5785 bestia
2599 5733 2719 5789 facti
2746 5746 2888 5792 sunt.
2915 5738 3048 5794 Nam
3074 5740 3258 5798 bestiae
3285 5758 3656 5816 smpenumero
3683 5753 3791 5804 ani-
