3920 6246
555 354 660 412 855

555 472 720 542 θηρία
766 472 863 541 μὲν
907 470 1016 542 γὰρ
1055 489 1147 524 και
1184 471 1282 540 τὴν
1322 469 1498 541 ψυχὴν
1538 469 1814 522 ἐπιδίδωσι
1847 468 2140 532 πολλάκις,

554 557 650 610 καὶ
697 555 796 624 τῆς
821 555 1028 617 οἰκείας
1063 557 1399 623 καταφρονεῖ
1434 553 1742 623 σωτηρίας,
1791 551 1931 604 ὥστε
1975 552 2144 621 ὑπερ-

553 639 778 692 ασπίσαι
803 637 911 690 τῶν
939 638 1178 706 ἐκγόνων
1196 654 1209 666 ·
1236 630 1382 690 οῦτοι
1405 637 1462 689 δὲ
1493 636 1749 705 οὐδεμιᾶς
1779 635 2026 706 ἀνάγκης
2054 635 2144 688 οῦ-

556 739 654 791 cm;
678 723 803 784 τοὺς
842 720 899 786 ἑξ
936 720 1114 773 αὐτῶν
1148 719 1351 788 φύντας
1377 722 1497 782 ταῖς
1530 719 1755 781 οἰκείαις
1784 717 2131 787 κατέσφαξαν

555 820 758 876 χερσιν,
791 805 880 858 ἵνα
919 806 1046 868 τοὺς
1092 804 1322 876 ἐχθροὺς
1352 803 1451 874 τῆς
1487 802 1764 873 ἡμετέρας
1797 802 1944 873 ζωῆς
1968 840 1983 863 ,
2013 802 2141 864 τοὺς

553 889 857 959 ἀλάστορας
889 886 1268 958 θεραπεύσωσι
1311 885 1590 956 δαίμονας.
1624 883 1690 936 Τί
1729 885 1795 938 άν
1827 901 1913 947 τις
1957 883 2140 937 αὐτῶν

555 971 859 1042 ἐκπλαγείη
899 972 1181 1042 πρότερον,
1219 970 1318 1041 την
1358 969 1613 1022 ἀσέϐειαν
1644 967 1676 1036 ἢ
1717 966 1814 1037 τὴν
1843 967 2138 1037 ὠμότητα,

555 1055 650 1107 καὶ
679 1053 777 1125 τὴν
809 1053 1240 1125 ἀπανθρωπίανς
1281 1055 1364 1106 ὅτι
1393 1053 1520 1114 τοὺς
1553 1051 1703 1114 υἱοὺς
1737 1051 1957 1114 ἑθυσαν,
1994 1050 2028 1120 ἦ
2057 1051 2140 1102 ὅτι

554 1141 666 1201 τοῖς
692 1138 989 1209 δαιμονίοις
1018 1137 1214 1190 ἔθυσαν
1241 1153 1255 1200 ;
1301 1134 1460 1188 Ἀλλά
1487 1132 1774 1202 ἀσελγείας
1803 1132 1990 1186 ’ἐνεκεν
2019 1131 2139 1202 οὑχί

557 1222 650 1274 καὶ
681 1220 748 1272 τὰ
776 1221 1079 1288 λαγνότατα
1105 1219 1215 1272 τῶν
1247 1218 1456 1286 ἀλόγων
1488 1216 1841 1287 ἀπέκρυψανς
1872 1217 2140 1268 Ἄκουσον

555 1305 649 1360 τοῦ
696 1307 998 1377 προφήτου,
1031 1305 1083 1358 τί
1125 1321 1256 1374 φησι
1303 1305 1430 1374 περὶ
1462 1303 1562 1372 τῆς
1593 1301 1890 1363 ἀκολασίας
1917 1301 2098 1355 αὐτῶν
2121 1315 2136 1328 ·

557 1390 758 1444 "hmo:
771 1395 885 1458 0n.1
895 1390 1135 1458 υμανεῖς
1146 1387 1444 1458 ἐγένοντοο
1465 1386 1722 1452 ἕκαστος
1743 1383 1890 1457 [597]
1906 1384 2001 1437 ἐπὶ
2023 1383 2136 1451 τὴν

555 1473 810 1542 γυναῖκα
837 1472 942 1526 τοῦ
977 1472 1247 1540 πλησίον
1273 1470 1461 1525 αὐτοῦ
1493 1468 1878 1538 ἐχρεμέτιζεν.
1913 1470 2027 1522 Ούκ
2056 1465 2135 1522 εἶ-

555 1572 676 1617 πεν,
726 1557 956 1619 ἕκαστος
994 1556 1093 1625 τῆς
1137 1555 1393 1623 γυναικὸς
1429 1553 1522 1606 τοῦ
1573 1553 1800 1624 πλησίον
1834 1551 2137 1622 ἐπεθύμει,

554 1643 668 1696 ἀλλ’
697 1642 1155 1713 ἑμφαντικῶτατα
1179 1643 1246 1712 τῇ
1268 1641 1374 1693 τῶν
1405 1639 1614 1708 ἀλόγων
1640 1641 1791 1709 φωνῇ
1821 1637 1921 1708 τὴν
1949 1637 2014 1690 ἑκ
2041 1639 2140 1708 τῆς

551 1727 840 1796 ἀσελγείας
872 1725 1231 1794 ἑγγινομένην
1265 1725 1448 1786 αὐτοῖς
1476 1721 1676 1790 μανίαν
1711 1721 1991 1791 ἐνέφηνεν.

625 1809 688 1874 ζ’.
708 1809 772 1862 Τί
791 1808 1042 1878 βούλεσθε
1055 1808 1143 1860 ἓτε
1153 1824 1240 1879 ρον
1253 1807 1390 1858 εἴπω
1406 1823 1419 1865 ;
1435 1806 1534 1868 τὰς
1547 1805 1823 1876 ἁρπαγάς,
1842 1805 1942 1866 τὰς
1959 1802 2140 1857 πλεον-

549 1894 704 1961 εξίας
723 1935 737 1954 ,
762 1893 862 1957 τὰς
895 1893 1005 1945 τῶν
1033 1895 1280 1963 πενήτων
1310 1891 1599 1960 προδοσίας
1620 1929 1634 1953 ,
1663 1891 1762 1954 τὰς
1790 1887 2018 1953 κλοπάς,
2040 1887 2139 1953 τὰς

553 1979 891 2049 καπηλείας;
939 1977 1078 2030 Ἀλλ’
1113 1976 1233 2029 οὐδὲ
1267 1977 1413 2029 πᾶσα
1442 1977 1573 2045 ἡμῖν
1611 1973 1748 2044 πρὸς
1795 1974 2001 2044 ταύτην
2041 1972 2139 2044 ἀρ-

549 2061 703 2114 κέσει
739 2061 838 2131 τὴν
867 2060 1118 2130 διήγησιν
1155 2060 1192 2128 ἡ
1221 2059 1422 2128 ἡμέρα.
1473 2055 1613 2108 Ἀλλ’
1650 2056 1706 2107 αἰ
1736 2055 1921 2128 ἑορταὶ
1958 2054 2138 2106 αὐτῶν

554 2147 752 2215 σεμνὸν
783 2145 965 2215 ἔχουσί
997 2162 1047 2196 τι
1081 2144 1175 2195 καὶ
1210 2142 1392 2212 μέγα;
1427 2141 1536 2193 Καὶ
1566 2138 1735 2202 αύτάς
1769 2138 1868 2208 μὲν
1894 2133 1987 2191 οῦν
2013 2137 2139 2190 ταύ-

551 2247 651 2293 τας
699 2228 1043 2300 ἀκαθάρτους
1089 2225 1375 2288 ἀπέδειξαν
1415 2233 1456 2277 ⁸.
1525 2224 1793 2274 Ἀκουσον
1844 2220 1976 2290 γοῦν
2029 2223 2138 2274 τῶν

553 2311 870 2382 προφητῶν,
923 2310 1122 2380 μᾶλλον
1154 2309 1210 2362 δὲ
1249 2309 1480 2361 ἄκουσον
1511 2304 1601 2358 τοῦ
1637 2304 1771 2358 Θεοῦ
1793 2345 1808 2368 ,
1853 2303 1972 2374 μεθ’
2007 2304 2137 2375 ὅσης

551 2395 724 2458 αύτάς
774 2393 1178 2464 ἀποστρέφεται
1243 2391 1341 2460 τῆς
1390 2388 1723 2460 ὑπερϐολῆς
1788 2389 2134 2456 Μεμίσηκα,

551 2476 832 2545 ἀπῶσμαι
861 2475 967 2540 τὰς
1007 2474 1211 2542 ἑορτὰς
1253 2470 1437 2541 ὑμῶν.
1475 2472 1536 2525 ’0
1569 2470 1702 2534 Θεὸς
1737 2472 1915 2540 μισεῖ,
1943 2469 2036 2521 καὶ
2071 2469 2136 2522 σὺ

553 2563 860 2624 κοινωνεῖς;
897 2558 1007 2612 Καὶ
1047 2559 1148 2611 οὐκ
1177 2553 1322 2618 εἷπε,
1353 2555 1569 2627 τήνδεή
1601 2555 1758 2626 τήνδε
1788 2553 1888 2626 τὴν
1920 2553 2134 2626 ἑορτὴν,

553 2645 687 2699 ἀλλά
721 2645 900 2706 πάσας
926 2641 1084 2714 ὁμοῦ.
1121 2640 1310 2694 Βούλει
1347 2641 1497 2702 ἰδεῖν,
1525 2640 1606 2692 ὅτι
1641 2640 1735 2693 καὶ
1757 2637 1856 2710 τὴν
1884 2635 1974 2691 διὰ
1996 2651 2136 2707 τυμ-

555 2729 741 2793 πάνων
767 2727 860 2781 καὶ
888 2729 989 2797 τῆς
1021 2724 1254 2797 κιθάρας
1283 2725 1379 2779 καὶ
1424 2723 1534 2777 τῶν
1559 2722 1878 2794 ψαλτηρίων
1906 2721 2003 2776 καὶ
2029 2721 2138 2775 τῶν

551 2812 730 2868 ἄλλων
762 2810 1011 2886 ὁργάνων
1047 2809 1306 2880 λατρείαν
1350 2811 1527 2879 μισεῖς
1581 2805 1987 2875 Πετάστησον
2032 2807 2135 2861 ἀπ’

551 2894 696 2963 ἐμοῦ
723 2887 880 2961 ἦχον
905 2891 1073 2959 ᾠδῶν
1103 2908 1241 2958 σου,
1278 2892 1430 2962 φησὶ.
1462 2891 1557 2945 καὶ
1588 2890 1838 2960 ψαλμὸν
1867 2890 2138 2960 ὀργάνων

549 2993 670 3034 σου
703 2981 814 3032 οὐκ
848 2979 1200 3046 ἀκούσομαι.
1269 2977 1329 3028 '0
1360 2976 1492 3039 Θεδς
1521 2975 1700 3043 λέγει,
1736 2973 2137 3041 Μετάστησον

550 3062 654 3118 ἀπ’
683 3062 829 3132 ἐμοῦ
852 3078 865 3093 ·
899 3062 995 3115 καὶ
1033 3061 1098 3114 σὺ
1128 3061 1340 3132 τρέχεις
1365 3060 1731 3128 ἀκουσόμενος
1759 3058 1869 3110 τῶν
1900 3057 2134 3126 σαλπίγ-

552 3163 699 3214 γων;
740 3145 881 3198 Ἀλλ’
921 3138 1082 3199 αὗται
1111 3146 1166 3199 αἰ
1211 3145 1392 3197 θυσίαι
1435 3144 1529 3196 καὶ
1573 3145 1629 3196 αἱ
1678 3142 1985 3213 προσφοραὶ
2015 3141 2136 3211 ούχὶ

553 3228 838 3298 βδελυκταί
856 3245 870 3294 ;
890 3225 894 3230 ’
916 3227 1061 3282 Ἐὰν
1095 3226 1312 3296 φέρητέ
1335 3243 1437 3294 μοι
1466 3225 1807 3294 σεμίδαλιν,
1845 3223 2131 3294 μάταιον·

552 3313 814 3381 θυμίαμα
847 3309 1169 3380 ,βδέλυγμά
1193 3311 1299 3380 μοί
1335 3310 1487 3362 ἐστι.
1530 3309 1792 3378 Θυμίαμα
1825 3307 2133 3379 βδέλυγμα,

553 3396 649 3449 καὶ
689 3397 718 3448 ὁ
763 3397 926 3459 τόπος
975 3394 1034 3447 ού
1072 3393 1374 3464 βδέλυγμας
1417 3393 1527 3447 Καὶ
1563 3392 1691 3446 πότε
1733 3392 1791 3445 δὲ
1822 3391 2131 3464 βδέλυγμα;

553 3479 745 3550 Πρὶνῆ
777 3479 839 3532 τὸ
866 3477 1164 3547 κεφάλαιον
1194 3477 1391 3540 αὐτοὺς
1424 3475 1761 3548 ἐργάσασθαι
1789 3475 1901 3529 τῶν
1926 3475 2134 3542 κακῶν,

553 3561 740 3632 πρὶνή
775 3562 866 3615 τὸν
899 3561 1108 3616 ἑαυτῶν
1136 3561 1342 3614 ἀνελεῖν
1369 3560 1668 3631 Δεσπότην,
1709 3561 1814 3632 πρὸ
1845 3559 1942 3613 τοῦ
1979 3577 2138 3613 σταυ-

552 3645 669 3716 ροῦ,
697 3645 803 3718 πρὸ
829 3646 929 3716 τῆς
956 3646 1375 3717 Χριστοκτονίας
1401 3645 1462 3698 τὸ
1491 3645 1765 3715 βδέλυγμα
1787 3664 1800 3677 ·
1829 3646 1921 3698 καὶ
1947 3644 2041 3698 νῦν
2074 3645 2134 3698 οὐ

552 3730 733 3801 πολλῷ
769 3731 1010 3801 μᾶλλονς
1043 3731 1236 3785 Καίτοι
1265 3731 1316 3783 τί
1345 3731 1692 3801 θυμιάματος
1736 3731 2132 3800 εύωδέστερον;

561 3814 702 3867 Ἀλλ’
727 3816 788 3867 ού
819 3818 886 3886 τῇ
934 3815 1094 3884 φύσει
1145 3813 1252 3867 τῶν
1283 3813 1490 3884 δώρων,
1523 3813 1659 3866 ἀλλὰ
1707 3815 1770 3881 τῇ
1820 3813 2135 3883 προαιρέσει

549 3899 657 3953 τῶν
687 3899 1072 3970 προσαγόντων
1108 3899 1392 3970 προσέχων
1413 3900 1439 3949 ό
1467 3897 1619 3961 Θεὸς,
1663 3895 1806 3951 οὕτω
1833 3897 2009 3968 κρίνει
2035 3898 2136 3959 τὰς

551 3983 892 4054 προσφοράς.
926 3982 1236 4053 Προσέσχεν
1267 3981 1356 4032 ἑπὶ
1393 3979 1578 4040 Ἀϐελ,
1617 3981 1709 4032 καὶ
1743 3979 1864 4032 τότε
1899 3980 1993 4032 ἑπ¹ι
2022 3982 2137 4042 τοῖς

545 4063 741 4139 ¹δώροις
769 4065 932 4119 αὑτοῦ
953 4083 966 4096 ·
1001 4061 1122 4118 εἶδε
1157 4064 1262 4118 τὸν
1292 4063 1458 4124 Κιίῖν,
1492 4063 1586 4116 καί
1623 4065 1755 4116 τότε
1783 4064 1890 4129 τὰς
1920 4063 2136 4128 θυσίας

549 4149 736 4203 αὑτοῦ
781 4147 1158 4216 ἀπεστράφη.
1216 4144 1339 4198 Ἐπὶ
1376 4144 1486 4216 γὰρ
1529 4145 1690 4207 Κάῖν,
1723 4146 1889 4215 φησὶ,
1922 4145 2016 4198 καὶ
2045 4145 2136 4198 em

551 4234 672 4294 ταῖς
699 4232 911 4295 θυσίαις
938 4231 1103 4284 αὑτοῦ
1135 4231 1196 4284 ού
1225 4230 1548 4301 προσέσχεν.
1590 4229 1648 4281 '0
1675 4228 1796 4280 Νῶε
1824 4228 2017 4292 θυσίας
2037 4230 2132 4282 ἀνι-

551 4321 750 4388 ήνεγκε
783 4316 864 4387 τῷ
891 4315 1010 4386 Θεῷ
1041 4314 1332 4388 προϐάτων
1367 4314 1461 4366 καὶ
1495 4313 1712 4383 μόσχων
1742 4314 1835 4366 καὶ
1867 4312 2095 4383 ὀρνίθων
2117 4331 2130 4343 ⁸

551 4401 644 4455 καί
689 4403 908 4472 φησινή
944 4400 1172 4471 Γραφὴ,
1202 4399 1283 4452 δτι
1322 4395 1658 4466 Ὠσρράνθη
1695 4397 1909 4464 Κύριος
1935 4397 2135 4465 ὀσμὴν

550 4485 827 4552 εὐωδίας·
877 4485 1177 4543 τουτέστιν,
1214 4481 1428 4547 ἐδέξατο
1459 4481 1527 4534 τά
1560 4479 2009 4550 προσενεχθέντα.
2057 4482 2130 4532 Ού

551 4569 658 4641 γάρ
679 4569 743 4641 δὴ
766 4569 908 4640 ῥῖνές
933 4569 1038 4620 εἰσι
1067 4567 1194 4638 περὶ
1223 4565 1374 4628 Θεὸν,
1406 4562 1543 4616 ἀλλὰ
1565 4562 1856 4634 ἀσώματον
1879 4563 1938 4616 τὸ
1969 4562 2128 4616 θεῖον.

549 4658 741 4711 Καίτοι
775 4655 846 4710 τά
883 4655 1267 4726 ἀναφερόμενα
1308 4652 1517 4706 ἐκεῖθεν
1552 4654 1748 4706 κνίσσα
1789 4654 1882 4704 καὶ
1927 4653 2131 4718 καπνὸς

551 4741 819 4812 σωμάτων
853 4739 1158 4808 καιομένων
1182 4755 1196 4769 ο
1227 4737 1326 4806 τῆς
1353 4735 1410 4789 δὲ
1436 4735 1689 4806 τοιαύτης
1717 4735 1943 4806 κνίσσης
1979 4737 2132 4788 οὐδὲν

549 4824 984 4896 δυσωδέστερον·
1030 4822 1148 4876 ἀλλ’
1201 4822 1289 4874 ἴνα
1325 4820 1540 4893 μάθῃς,
1573 4821 1654 4873 δτι
1703 4822 1768 4890 τῇ
1813 4819 2132 4890 προαιρέσει

547 4909 656 4962 τῶν
697 4907 1119 4982 προσφερόντων
1155 4904 1438 4976 προσέχων
1461 4905 1489 4955 ὁ
1523 4903 1655 4966 Θεὸς
1684 4903 1778 4955 καὶ
1801 4902 2012 4972 δέχεται
2038 4904 2132 4955 καὶ

547 4992 947 5063 ἀποστρέφεται
982 4989 1080 5053 τὰς
1115 4988 1307 5050 θυσίας
1329 5028 1344 5051 ,
1388 4986 1487 5056 τὴν
1531 4987 1628 5056 μὲν
1657 4986 1879 5038 κνίσσαν
1915 4986 2010 5038 καὶ
2039 4986 2130 5037 τὸν

547 5078 752 5131 καπνὸν
781 5076 956 5148 ὀσμήν
994 5073 1222 5136 εὐωδίας
1263 5071 1438 5136 καλεῖ,
1472 5069 1532 5122 τὸ
1564 5070 1621 5122 δὲ
1659 5069 1912 5139 θυμίαμα
1947 5067 2131 5137 βδέλυ-

546 5177 695 5231 γμα,
724 5161 914 5231 ἐπειδὴ
944 5158 1148 5228 πολλῆς
1176 5156 1442 5218 δυσωδίας
1473 5156 1506 5225 ἡ
1536 5154 1645 5206 τῶν
1670 5152 2130 5223 προσαγαγόντων

547 5246 866 5315 προαίρεσις
907 5244 1126 5313 ἔγεμεν.
1173 5239 1360 5292 Βούλει
1403 5238 1590 5306 μαθεῖν
1619 5236 1700 5288 ὅτι
1731 5237 1867 5305 μετὰ
1898 5235 2004 5286 τῶν
2039 5235 2132 5288 θυ-

549 5328 702 5392 σιῶν,
743 5329 840 5382 καὶ
887 5327 997 5380 τῶν
1039 5323 1309 5396 ὀργάνων,
1348 5324 1440 5376 καὶ
1484 5321 1592 5373 τῶν
1639 5319 1862 5390 ἑορτῶν,
1901 5319 1993 5372 καὶ
2021 5319 2128 5372 τῶν

546 5410 929 5482 θυμιαμάτων,
960 5410 1053 5465 καὶ
1079 5409 1170 5460 τὸν
1193 5407 1317 5460 ναὸν
1337 5403 1845 5475 ἀποστρέφεταιδιὰ
1861 5403 1986 5466 τοὺς
2015 5403 2128 5454 εἰσ-

549 5497 728 5560 ιόντας
782 5499 931 5560 ἑκεῖ;
991 5493 1243 5547 Μάλιστα
1289 5493 1388 5562 μὲν
1437 5488 1605 5552 ἔδειξε
1639 5488 1727 5541 διὰ
1773 5488 1882 5541 τῶν
1931 5487 2126 5558 ἔργων,

545 5578 666 5630 τότε
721 5579 818 5647 μὲν
861 5577 1224 5648 βαρϐαρικαῖς
1275 5575 1430 5646 χερσὶ
1467 5572 1780 5644 παραδοὺς,
1813 5571 2039 5642 ὕστερον
2071 5571 2126 5623 δὲ

545 5663 626 5724 εἰς
645 5661 797 5725 τέλος
827 5659 1071 5713 καθελών
1096 5675 1110 5690 ·
1142 5660 1292 5728 ὅμως
1335 5657 1391 5710 δὲ
1437 5657 1531 5709 καὶ
1560 5655 1666 5726 πρὸ
1696 5655 1796 5724 τῆς
1826 5671 2127 5724 καταστρο-

546 5744 656 5814 φῆς
681 5744 770 5797 διά
794 5744 889 5798 τοῦ
920 5744 1198 5814 προφήτου
1233 5742 1332 5813 βοᾷ
1357 5743 1451 5794 καὶ
1481 5740 1654 5808 λέγει,
1677 5741 1736 5792 Μ
1744 5739 1776 5806 ἡ
1806 5740 2125 5793 πεποίθατε

546 5828 643 5880 ἐπὶ
663 5828 863 5897 λόγοις
887 5826 1202 5896 ψευδέσιν,
1234 5825 1322 5877 ὅτι
1353 5826 1462 5878 οὐκ
1487 5822 1920 5890 ὠφελήσουσιν
1945 5819 2120 5891 ὑμᾶς,

610 5952 636 6015 "_
662 5949 863 6015 Aliquot
882 5966 998 6002 mss.
1025 5950 1317 6012 ἀκαθάρτους
1336 5948 1575 6008 ἀπέφηναν
1591 5983 1604 6008 ,
1628 5945 1800 5997 Morel.
1828 5955 1878 5998 el
1903 5949 1986 5996 alii
2011 5948 2128 5995 ἀπέ-

549 6011 718 6066 Cuim-

1252 349 1310 403 ὃ.
1351 351 1635 404 JUANMS
1673 351 2160 409 CIIRYSOSTOMI
2205 353 2517 412 ARCHIEP.
2561 358 3109 417 CONSTANTINOP.

3727 348 3831 408 855

2249 468 2550 537 λέγοντες,
2585 468 2725 536 ναός
2770 469 3013 538 Κυρίου,
3049 469 3194 536 ναός
3222 473 3444 539 Κυρίου
3482 472 3680 528 ἐστίν.
3724 477 3834 546 Ούχ

2249 552 2278 603 ὁ
2303 552 2426 615 ναὸς
2453 552 2689 620 ἁγιάζει,
2719 555 2874 623 φησὶ,
2906 557 3030 617 τοὺς
3068 554 3368 617 συνιόντας,
3403 555 3519 608 ἀλλ’
3551 558 3603 608 οἱ
3635 563 3837 612 συνιόν-

2249 650 2341 696 τες
2363 635 2457 688 τὸν
2491 635 2617 688 ναὸν
2642 635 2796 704 ἀγιον
2825 637 3088 691 ποιοῦσιν.
3117 639 3180 690 Εἰ
3206 637 3262 690 δὲ
3299 639 3416 690 τότε
3449 639 3551 691 οὐκ
3579 640 3782 708 ὠφέλει
3809 644 3834 685 δ

2249 716 2278 769 ό
2304 718 2452 782 ναὸς,
2483 719 2568 772 ὅτε
2599 721 2668 773 τὰ
2698 721 3000 790 Χερουϐὶμ,
3031 721 3119 774 ὅτε
3149 723 3182 791 ή
3205 720 3458 786 κιϐωτὸς,
3491 723 3676 794 πολλῷ
3711 725 3835 794 μᾶλα

2249 799 2342 854 λον
2375 800 2462 854 ὅτε
2503 803 2680 855 πάντα
2711 805 2897 856 ἐκεῖνα
2925 805 3218 875 ἀνῄρηται,
3273 805 3362 857 ὅτε
3394 805 3577 858 τελεία
3620 810 3654 874 ἡ
3704 809 3835 860 ἀπο·

2250 886 2456 955 στροφὴ
2487 884 2580 938 τοῦ
2611 885 2745 938 Θεοῦ
2796 887 3041 954 γέγονεν,
3071 889 3158 940 ὅτε
3190 887 3390 940 πλείων
3427 887 3529 956 τῆς
3557 889 3763 959 ἔχθρας
3803 893 3835 960 ή

2249 967 2526 1031 ὑπόθεσις.
2551 970 2742 1038 Πόσης
2771 966 2862 1023 οὖν
2892 971 3076 1034 ἀνοίας
3105 973 3172 1024 ἂν
3210 973 3293 1042 εἰη
3328 973 3421 1024 καὶ
3455 973 3630 1042 πόσης
3658 990 3837 1044 παρα-

2249 1052 2556 1123 φροσύνης,
2598 1054 2724 1116 τοὺς
2765 1055 3186 1124 ὴτιμωμένους,
3227 1057 3348 1116 τοὺς
3391 1055 3497 1108 ὑπὸ
3548 1054 3648 1108 τοῦ
3700 1055 3833 1108 Θεοῦ

2249 1134 2693 1204 προδεδομένους,
2725 1137 2848 1199 τοὺς
2886 1135 3036 1209 [598]
3071 1136 3163 1190 τὸν
3189 1139 3466 1209 Δεσπότην
3494 1139 3836 1211 παροξύναν-

2245 1234 2366 1282 τας,
2398 1217 2617 1280 τούτους
2645 1223 2934 1282 κοινωνοὺς
2963 1219 3232 1272 ποιεῖσθαι
3267 1220 3325 1272 ἑν
3358 1222 3611 1290 ὲορταῖς;
3648 1221 3720 1274 Εἰ
3754 1239 3832 1284 τις

2246 1301 2338 1353 τὸν
2367 1301 2480 1352 υἱὸν
2511 1301 2686 1355 ἀνεῖλε
2721 1302 2812 1354 τὸν
2844 1303 2956 1364 σὸν,
2986 1302 3107 1355 εἰπέ
3137 1321 3248 1373 μοι,
3281 1302 3386 1374 ἆρα
3416 1304 3482 1357 ἂν
3505 1305 3676 1357 αὑτὸν
3709 1303 3833 1359 ἰδεῖν

2249 1384 2585 1454 ύπέμεινας;
2617 1380 2725 1454 ἆρα
2757 1384 2824 1438 ἂν
2862 1385 3092 1439 ἀκοῦσαι
3137 1387 3235 1456 τῆς
3268 1389 3682 1459 προσηγορίαςς
3721 1389 3830 1440 ἀλλ’

2247 1469 2343 1537 οὐχ
2364 1468 2438 1530 ὡς
2465 1469 2692 1539 δαίμονα
2722 1471 2978 1540 πονηρὸν,
3012 1470 3126 1523 ἀλλ’
3167 1472 3265 1542 οὐχ
3291 1471 3367 1534 ὡς
3405 1472 3568 1525 αὑτὸν
3596 1473 3693 1526 τὸν
3722 1473 3832 1526 διάο

2248 1551 2402 1605 ϐολον
2427 1551 2626 1621 ἔφυγες
2649 1553 2712 1605 ἄν
2739 1570 2752 1618 ;
2780 1553 2888 1606 Τοῦ
2916 1555 3183 1608 Δεσπότου
3210 1570 3302 1608 σου
3328 1557 3417 1610 τὸν
3447 1557 3576 1609 Υἰὸν
3601 1558 3830 1622 ἀνεῖλον,

2246 1637 2341 1688 καὶ
2384 1635 2589 1707 τολμᾷς
2621 1637 2807 1700 αὐτοῖς
2846 1639 2926 1700 εἰς
2964 1639 3162 1692 ταυτὸν
3195 1642 3460 1705 συνιέναι;
3497 1643 3612 1695 Καὶ
3659 1645 3691 1696 ὁ
3737 1647 3831 1714 μὲν

2246 1718 2554 1790 ἀναιρεθεὶς
2584 1718 2726 1772 οὕτω
2760 1736 2819 1772 σε
2848 1721 3128 1799 ἑτίμησεν,
3153 1722 3230 1786 ῶς
3255 1723 3481 1793 ἀδελφόν
3518 1742 3578 1778 σε
3606 1727 3828 1796 ποιῆσαι

2248 1804 2343 1856 καὶ
2369 1803 2814 1874 συγκληρονόμον
2839 1804 3034 1857 αὐτοῦ·
3067 1807 3131 1860 σὺ
3155 1806 3212 1860 δὲ
3241 1807 3404 1860 αὑτὸν
3429 1806 3608 1871 οὕτως
3634 1810 3827 1880 ἀτιμά-

2247 1884 2361 1951 ζεις
2379 1929 2394 1954 ,
2425 1887 2500 1951 ὡς
2529 1889 2655 1951 τοὺς
2682 1887 2889 1941 ἑκείνου
2927 1888 3122 1956 φονέας
3150 1889 3242 1943 καὶ
3274 1891 3703 1964 σταυρώσαντας
3735 1895 3826 1946 a5-

2245 1971 2336 2024 τὸν
2363 1972 2529 2042 τιμᾷν
2561 1972 2655 2026 καὶ
2688 1969 3015 2043 θεραπεύειν
3052 1976 3118 2044 τῇ
3160 1973 3268 2027 τῶν
3297 1974 3499 2046 ἑορτῶν
3533 1978 3825 2048 κοινωνίᾳ,

2246 2055 2341 2108 καὶ
2375 2057 2456 2118 εἰς
2499 2055 2626 2118 τοὺς
2660 2054 2920 2125 βεϐήλους
2969 2057 3146 2110 αὐτῶν
3175 2058 3373 2122 τόπους
3415 2060 3690 2130 ἀπαντᾷν,
3739 2063 3824 2113 καὶ

2245 2137 2353 2191 τῶν
2395 2138 2722 2209 ἀκαθάρτων
2752 2139 3055 2193 ἐπιίὶαίνειν
3084 2139 3392 2212 προθύρων,
3426 2143 3523 2194 καὶ
3549 2149 3822 2197 κοινωνεῖη.

2246 2221 2526 2293 τραπέζης
2546 2223 2836 2292 δαιμονίων
2857 2240 2870 2252 ο
2903 2222 3044 2276 οὓτω
3073 2225 3180 2294 γὰρ
3209 2223 3317 2291 ἑγὼ
3348 2224 3612 2295 πείθομαι
3649 2227 3822 2280 καλεῖν

2249 2305 2388 2375 μετά
2428 2307 2526 2377 τὴν
2572 2305 2886 2360 θεοκτονίαν
2933 2307 3031 2379 τὴν
3067 2308 3176 2361 τῶν
3235 2310 3506 2362 Ἰουδαίων
3549 2314 3820 2379 νηστείαν.

2245 2391 2356 2443 Καὶ
2407 2391 2525 2454 πῶς
2571 2390 2682 2460 γάρ
2723 2393 2845 2462 οὐχὶ
2883 2391 3140 2462 δαίμονας
3188 2393 3593 2464 θεραπεύουσιν
3627 2399 3657 2448 ό
3700 2397 3818 2450 Θεοῖ

2246 2475 2462 2528 ὲναντία
2483 2474 2975 2545 διαπραττόμενοι;
3025 2476 3184 2530 Ἀλλά
3216 2477 3512 2548 θεραπείαν
3545 2482 3613 2532 ἑκ
3643 2480 3818 2551 δαιμό-

2245 2576 2350 2612 νων
2397 2558 2703 2628 ἑπιζητεῖς;
2757 2560 2884 2611 Ὅτε
2929 2561 3010 2622 εἰς
3051 2561 3266 2630 χοίρους
3316 2561 3586 2615 εἰσελθεῖν
3636 2566 3819 2627 αὑτοὺς

2247 2640 2543 2714 συνεχώρει
2581 2643 2609 2694 ό
2638 2641 2874 2712 Χριστὸς
2893 2680 2907 2701 ,
2937 2644 3058 2695 τότε
3100 2645 3180 2707 εἰς
3208 2643 3441 2712 πέλαγος
3468 2645 3680 2710 εὐθέως
3709 2667 3818 2701 κατ.

2245 2724 2558 2779 επόντισαν·
2585 2725 2938 2796 ἀνθρωπείων
2977 2726 3034 2779 δὲ
3060 2726 3336 2794 φείσονται
3366 2729 3679 2798 σωμάτων;
3711 2729 3822 2784 Εἴθε

2247 2808 2346 2878 μὲν
2373 2804 2466 2861 οὖν
2501 2808 2576 2880 μὴ
2622 2809 2999 2871 ἀπεκτίννυον,
3044 2807 3155 2861 εἴθε
3199 2810 3278 2881 μὴ
3309 2811 3697 2867 ἐπεϐούλευον.
3730 2815 3828 2869 Τοῦ

2243 2893 2570 2964 παραδείσου
2620 2891 2894 2958 ἐξέϐαλον,
2945 2892 3045 2961 τῆς
3086 2892 3251 2963 τιμῆς
3304 2893 3696 2966 ἀπεστέρησαν
3736 2899 3826 2967 τῆς

2243 2977 2468 3038 ἀνωθεν,
2519 2977 2615 3029 καὶ
2665 2976 2726 3029 τὸ
2768 2975 2927 3046 σῶμα
2976 2975 3406 3046 θεραπεύσουσι;
3440 2979 3626 3042 Γέλως
3663 2981 3828 3034 ταῦτα

2244 3061 2340 3113 καὶ
2385 3058 2564 3130 μῦθοι.
2598 3058 3004 3112 Ἑπιϐουλεύειν
3049 3059 3145 3112 καὶ
3186 3060 3619 3127 καταϐλάπτειν,
3655 3064 3717 3116 οὐ
3747 3065 3828 3116 θεο

2245 3143 2502 3214 ραπεύειν
2544 3144 2722 3196 ἴσασιν
2768 3144 2818 3196 οἰ
2852 3143 3126 3212 δαίμονες.
3157 3141 3270 3214 Τῆς
3311 3144 3494 3216 ψυχῆς
3519 3147 3582 3198 ού
3630 3148 3829 3215 φείδον-

2242 3244 2356 3292 ται,
2391 3227 2487 3280 καὶ
2507 3226 2616 3279 τῶν
2644 3227 2931 3295 σωμάτων,
2964 3225 3084 3280 είπέ
3121 3243 3229 3297 μοι,
3264 3229 3542 3296 φείσονται
3568 3246 3582 3293 ;
3614 3231 3717 3301 τῆς
3740 3232 3828 3301 βα-

2246 3310 2450 3374 σιλείας
2481 3309 2848 3379 ἐπιχειροῦσιν
2875 3309 3146 3374 ἐκϐαλεῖν,
3175 3313 3268 3366 καὶ
3294 3312 3623 3383 νοσημάτων
3656 3315 3825 3367 ἀπαλ-

2244 3391 2458 3446 λάττειν
2501 3392 2856 3462 αἱρήσονται;
2886 3393 2999 3447 Ούκ
3029 3394 3270 3464 ῆκουσας
3299 3395 3393 3448 τοῦ
3421 3398 3709 3466 προφήτου
3742 3398 3823 3450 λέ-

2243 3493 2432 3544 γοντος
2451 3515 2465 3537 ,
2503 3474 2703 3545 μᾶλλον
2735 3474 2793 3528 δὲ
2840 3475 2932 3528 τοῦ
2959 3476 3096 3529 Θεοῦ
3125 3475 3214 3529 διὰ
3254 3477 3369 3530 τοῦ.
3393 3480 3684 3548 προφήτου
3707 3523 3721 3547 ,
3751 3482 3825 3533 δτι

2243 3560 2364 3614 οὐδὲ
2409 3559 2836 3630 ἀγαθοποιῆσαι,
2880 3559 3000 3613 οὐδὲ
3041 3561 3405 3632 κακοποιῆσαι
3438 3562 3735 3629 δύνανται;
3768 3565 3824 3618 Εἰ

2243 3644 2301 3698 δὲ
2351 3646 2446 3696 καὶ
2495 3643 2757 3714 ἠδύναντο
2806 3643 3152 3715 θεραπεύειν,
3200 3646 3292 3698 καὶ
3325 3645 3646 3710 ἐϐούλοντο,
3694 3649 3825 3719 ὅπερ

2243 3727 2523 3791 ἀδύνατον,
2557 3726 2694 3780 ἀλλὰ
2733 3727 2814 3779 δεῖ
2855 3744 2912 3780 σε
2954 3729 3028 3799 μὴ
3068 3728 3298 3797 κέρδους
3331 3727 3528 3799 μικροῦ
3557 3732 3658 3783 καὶ
3683 3731 3827 3798 φθει-

2246 3811 2475 3881 ρομένου
2539 3811 2743 3881 ζημίαν
2801 3811 3074 3882 ἄφθαρτον
3131 3812 3224 3865 καὶ
3274 3811 3486 3865 αἰώνιον
3563 3814 3825 3866 ἀνταλλά-

2245 3892 2458 3957 ξασθαι.
2510 3893 2675 3964 Σῶμα
2715 3893 3113 3966 θεραπεύσεις,
3155 3896 3241 3948 ίνα
3292 3896 3469 3964 ψυχὴν
3516 3897 3822 3967 ﬁmus-5;;

2244 3977 2318 4030 Οὐ
2348 3977 2484 4048 καλή
2511 3988 2534 4016 ο
2577 3994 2668 4030 σου
2700 3979 2732 4048 ή
2761 3979 3029 4049 ἐμπορία’
3064 3979 3156 4031 τὸν
3190 3979 3419 4048 ποιητὴν
3445 3979 3539 4031 τοῦ
3571 3979 3822 4050 σώματος

2243 4059 2596 4132 παροργίζεις
2624 4061 2775 4124 Θεὸν,
2823 4063 2917 4115 καὶ
2948 4062 3042 4114 τὸν
3089 4062 3180 4114 σὸν
3219 4061 3496 4116 ἐπίϐουλον
3541 4064 3624 4125 εἰς
3663 4065 3820 4133 θερα-

2240 4145 2404 4197 πείαν
2433 4145 2707 4215 ἑπικαλῇ;
2746 4145 2853 4198 Καὶ
2888 4145 3003 4208 πῶς
3034 4146 3096 4198 σέ
3133 4163 3218 4208 τις
3250 4145 3350 4214 τῆς
3409 4145 3666 4216 ἰατρικῆς
3708 4149 3821 4198 ἑπι-

2243 4228 2458 4298 στήμης
2485 4227 2654 4296 αὐτῆς
2679 4228 2840 4282 ἓνεκα
2862 4228 3211 4299 δεισιδαίμων
3241 4229 3527 4299 ἄνθρωπος
3558 4228 3823 4299 Ἑλλήνων

2241 4310 2383 4370 θεοῖς
2427 4309 2524 4379 οὐχ
2572 4309 2788 4362 ἑλκύσει
2838 4312 3213 4381 προσκυνῆσαι
3259 4310 3498 4384 ρᾳδίωςς
3554 4313 3668 4366 Καὶ
3717 4315 3821 4382 γὰρ

2239 4395 2436 4446 ἐκεῖνοι
2476 4393 2645 4448 πολλὰ
2683 4394 2946 4457 πολλάκις
2974 4395 3060 4448 διὰ
3089 4395 3188 4464 τῆς
3216 4395 3397 4449 αὐτῶν
3425 4396 3625 4466 τέχνης
3665 4401 3820 4464 νοσή-

2245 4494 2390 4548 ματα
2431 4479 2739 4548 ἀπήλασαν,
2786 4479 2879 4532 καὶ
2915 4479 3050 4550 πρὸς
3090 4480 3299 4547 ὑγίειαν
3341 4480 3465 4542 τοὺς
3513 4482 3820 4549 κάμνοντας

2242 4563 2608 4631 ἐπανήγαγον.
2634 4561 2699 4614 Τί
2727 4559 2842 4624 οὖν,
2872 4562 3198 4632 κοινωνῆσαι
3223 4562 3303 4614 δεῖ
3331 4563 3426 4632 τῆς
3453 4563 3711 4626 ἀσεϐείας
3737 4565 3820 4616 διὰ

2235 4645 2430 4710 ’τοῦτος
2460 4646 2550 4716 Μὴ
2596 4651 2825 4713 γένοιτο.
2885 4647 3149 4699 Ἄκουσον
3181 4646 3236 4697 τί
3279 4662 3444 4716 φησιν
3488 4647 3764 4708 Ἰουδαίοις
3794 4652 3818 4699 ὁ

2239 4729 2508 4798 Μωῠσῆς·
2559 4730 2698 4783 Ἐὰν
2728 4728 2968 4797 ἀναστῇ
3021 4729 3334 4797 προφήτης
3376 4728 3447 4781 ἐν
3506 4729 3672 4797 ὑμῖν,
3720 4734 3816 4781 ἐν·

2239 4809 2666 4882 υπνιαζόμενος
2687 4813 2978 4866 ἐνύπνιον
3017 4813 3116 4865 καὶ
3141 4809 3224 4876 δῷ
3244 4811 3500 4879 σημεῖον
3538 4813 3576 4879 ἢ
3613 4814 3785 4879 τέρας
3803 4854 3814 4870 .

2239 4895 2338 4949 καὶ
2381 4893 2532 4963 ἔλθῃ
2562 4896 2627 4948 τὸ
2659 4895 2914 4965 σημεῖον
2939 4895 2977 4961 ἢ
3017 4895 3085 4948 τὸ
3121 4895 3295 4963 τέρας
3318 4895 3348 4948 ὃ
3385 4894 3690 4962 ἐλάλησε,
3724 4900 3814 4949 καὶ

2237 4979 2380 5047 εἴπῃ
2432 4973 2578 5043 πρὸς
2606 4974 2903 5046 σὲμὶέγων
2923 4989 2937 5004 ⁸
2957 4977 3344 5046 Πορευθῶμεν
3369 4978 3468 5032 καὶ
3483 4981 3817 5046 λατρεύσει-

2233 5079 2350 5132 μεν⁴
2391 5062 2547 5127 θεοῖς
2594 5062 2819 5132 ἑτέροις
2867 5057 2958 5127 οἷς
3003 5064 3114 5115 οὐκ
3166 5061 3420 5130 ᾔδεισαν
3465 5063 3521 5114 οἱ
3569 5063 3816 5130 auri-{sc

2239 5146 2407 5215 ἡμῶν
2431 5162 2444 5176 ο
2469 5149 2581 5200 οὐκ
2608 5147 2950 5200 ἀκούσεσθε
2972 5142 3085 5212 τῆς
3117 5143 3324 5213 φωνῆς
3350 5144 3455 5197 τοῦ
3481 5146 3812 5215 προφήτου,

2238 5230 2276 5299 ἣ
2317 5230 2424 5284 τοῦ
2451 5229 2956 5296 ἐνυπνιαζομένου
2995 5227 3061 5280 τὸ
3106 5227 3416 5280 ἐνύπνιον.
3454 5229 3522 5280 Ὃ
3555 5227 3613 5280 δὲ
3651 5230 3810 5296 λέγει,

2236 5313 2477 5368 τοιοῦτόν
2513 5315 2688 5367 ἐστιν’
2726 5313 2822 5365 έάν
2844 5329 2928 5375 τις
2952 5311 3158 5382 ἀναστῇ
3193 5311 3504 5381 προφήτης,
3540 5314 3698 5383 φησι,
3730 5315 3813 5364 καὶ

2237 5399 2438 5468 ποιήσῃ
2471 5399 2713 5468 σημεῖον,
2746 5397 2780 5466 ἦ
2808 5395 3000 5466 νεκρὸν
3029 5393 3238 5465 ἐγείρῃ,
3270 5393 3304 5463 ἢ
3347 5393 3546 5464 λεπρὸν
3579 5396 3810 5466 καθαρῃ,

2237 5481 2269 5551 ἢ
2315 5481 2489 5550 πηρὸν
2525 5481 2778 5550 ἰάσηται,
2815 5479 2906 5531 καὶ
2941 5476 3078 5549 μετὰ
3111 5477 3176 5530 τὸ
3216 5477 3438 5548 ποιῆσαι
3473 5476 3538 5531 τὸ
3573 5484 3813 5549 σημεῖον,

2235 5564 2439 5634 καλέσῃ
2469 5580 2526 5615 σε
2559 5565 2639 5627 εἰς
2662 5562 2940 5627 ἀσέϐειαν,
2981 5561 3055 5633 μὴ
3086 5560 3312 5633 πεισθῇς
3345 5561 3434 5615 διὰ
3463 5562 3564 5631 τὴν
3595 5561 3815 5616 εκϐόσιν

2233 5649 2327 5701 τοῦ
2353 5664 2416 5718 ση
2427 5647 2600 5717 μείου.
2623 5645 2723 5699 Διά
2749 5646 2829 5711 τίς
2862 5644 3122 5715 Πειράζει
3144 5644 3254 5714 γάρ
3277 5658 3350 5697 σε
3378 5646 3592 5712 Κύριος
3614 5650 3649 5699 ό
3682 5649 3814 5710 Θεές

2233 5747 2349 5784 σου
2381 5730 2556 5795 ἰδεῖν,
2587 5734 2640 5785 εἰ
2672 5731 2907 5799 ἀγαπᾷς
2938 5730 3126 5785 αὑτὸν
3151 5730 3220 5794 ἐξ
3247 5730 3398 5797 ὅλης
3431 5728 3544 5797 τῆς
3571 5729 3815 5797 καρδίας

2297 5814 2324 5853 b
2350 5817 2447 5879 Alii
2469 5817 2600 5864 οὐδὲν
2624 5819 2811 5879 ὠφέλει.
2890 5871 2892 5873 _

2301 5882 2323 5908 ο
2350 5878 2553 5937 Aliquot
2578 5874 2694 5926 mss'.
2721 5874 2987 5940 θεραπεύεις
3011 5877 3089 5923 ἵνα
3121 5877 3415 5940 ψυχήνάπρ)
3426 5876 3565 5936 ἐσῃςς
3590 5878 3656 5940 ᾡς
3680 5877 3812 5930 καλή.

2238 5940 2364 5990 Infra
2406 5942 2592 6000 aliquot
2637 5954 2751 5988 mss.
2776 5937 2866 5986 ’καί
2908 5940 3011 5992 πῶς
3050 5940 3105 5986 σέ
3136 5937 3204 5992 τις
3237 5939 3295 5984 δι’
3322 5937 3471 6000 ,αὐτῆς
3495 5943 3580 5992 τῆς
3612 5939 3815 6000 ἰατρικῆς

2239 6003 2498 6062 ἐπιστήμης
2521 6001 2824 6064 δεισιδαίμων
2844 6000 3023 6056 Ἕλλην
3051 6001 3116 6047 ὢν
3142 6001 3260 6055 θεοῖς
3283 5999 3369 6060 οὐχ
3391 5999 3606 6057 ἑλκύσεις
