3832 6270
103 385 216 414 ουτ

105 385 224 439 8ζῖὶό
1168 339 1178 360 ἱ
1369 391 1663 446 ADVEllSl

1771 391 2056 450 lUD/EOS.
2095 396 2136 451 Ι.

99 522 252 560 mam
281 507 438 560 etiam
478 505 695 572 dedunt,
731 504 1021 574 posthabita
1059 505 1137 557 sui
1167 505 1596 566 conservatione,
1632 515 1686 558 ιιι

100 601 250 653 fetus
299 597 582 651 defendant
624 615 636 649 :
685 605 738 650 at
783 596 858 662 hi,
906 595 1046 650 nulla
1090 605 1308 665 urgente
1350 597 1682 659 necessitate,

100 699 268 745 natos
307 704 376 742 ex
408 703 528 741 sese
570 703 726 741 manu
758 702 852 741 sua
881 696 1195 752 mactarunt,
1238 696 1295 741 ut
1337 688 1454 741 vitae
1493 697 1685 744 nostra:

104 783 314 842 hostes,
347 779 566 832 infestos
594 778 883 842 daemones,
919 777 1175 832 colerent.
1200 777 1317 844 Quo
1340 794 1522 832 eorum
1548 779 1685 832 facto

103 873 229 939 plus
282 871 488 924 attoniti
541 870 859 924 reddantur?
908 871 1209 940 impietate,
1262 886 1329 924 an
1375 871 1685 948 crudelitate

95 975 268 1033 atque
291 962 705 1031 inhumanitate?
731 962 869 1031 quod
901 963 1035 1016 ﬁlios
1062 962 1404 1028 immolarint,
1429 974 1518 1017 aut
1544 965 1682 1033 quod

96 1058 387 1111 dminoniis
439 1057 558 1108 illos
603 1054 986 1108 sacriﬁcarint?
1025 1054 1129 1109 Sed
1174 1070 1351 1108 annon
1402 1054 1682 1109 immodica

96 1147 322 1202 lascivia
372 1157 424 1201 et
481 1147 766 1215 petulantia
826 1146 1098 1200 libidinem
1144 1162 1354 1216 quoque
1407 1150 1681 1200 brutorum

95 1238 392 1291 maximam
440 1236 820 1291 obscurarum?
864 1237 1001 1292 Audi
1046 1237 1394 1306 prophetam,
1439 1238 1565 1306 quid
1613 1237 1680 1293 de

93 1330 343 1397 ipsorum
375 1329 718 1384 immoderata
739 1329 879 1383 dicat
904 1329 1307 1399 intemperantia
1334 1348 1348 1384 :
1372 1330 1504 1400 Equi
1533 1333 1680 1385 emis-

89 1422 223 1474 sarii
261 1421 384 1489 {acti
420 1429 559 1487 sunt,
599 1420 932 1487 unusquisque
974 1420 1042 1473 ad
1084 1438 1291 1474 uxorem
1333 1423 1549 1491 proximi
1597 1424 1679 1476 sui

91 1514 358 1566 [tinniebat
397 1512 609 1582 (Jerem.
643 1513 696 1566 5.
728 1512 805 1583 8).
842 1512 956 1566 Non
1001 1511 1156 1578 dixit,
1197 1514 1423 1582 proximi
1459 1530 1674 1569 uxorem

86 1603 325 1672 quisque
364 1603 786 1671 concupiscebat,
829 1603 922 1657 sed
964 1603 1360 1659 evidentissime
1402 1605 1674 1660 brutorum

87 1694 476 1749 vociferatione
505 1695 735 1748 libidinis
765 1695 1003 1764 ipsorum
1033 1695 1290 1748 insaniam
1318 1697 1598 1764 expressit.

166 1787 222 1840 7.
251 1787 385 1855 Quid
407 1787 547 1842 aliud
576 1787 748 1842 dicam
779 1787 966 1841 vobis?
991 1789 1221 1858 rapinas,
1247 1789 1515 1856 avaritias,
1542 1805 1673 1858 pau-

86 1893 284 1944 perum
318 1877 661 1944 proditiones,
695 1875 851 1941 furta,
875 1886 1016 1931 artes
1043 1879 1430 1948 cauponarias?
1457 1879 1536 1932 Ad
1561 1880 1673 1933 bzec

82 1969 358 2023 narranda
399 1985 464 2024 ne
489 1969 602 2024 dies
630 1970 841 2038 quidem
867 1969 1068 2038 integer
1096 1969 1383 2024 sull‘ecerit.
1404 1970 1472 2023 At
1501 1970 1666 2034 ferite,

83 2060 293 2129 inquis,
339 2059 544 2113 illorum
590 2060 785 2128 aliquid
831 2075 992 2128 grave
1038 2068 1094 2114 et
1135 2075 1380 2130 maguum
1425 2060 1665 2116 habent:

79 2151 239 2221 atqui
289 2160 344 2203 et
391 2150 486 2203 has
529 2151 668 2220 ipsas
708 2150 940 2220 in-puras
983 2159 1485 2205 commonstrarunt.
1529 2153 1668 2207 Audi

81 2241 414 2310 prophetas;
441 2242 567 2310 quin
598 2241 758 2294 Deum
801 2240 943 2306 audi,
976 2256 1132 2310 quam
1173 2241 1516 2297 vehementer
1549 2244 1667 2300 illas

76 2335 460 2388 abominetur:
489 2333 606 2400 Odi,
637 2334 824 2404 projeci
850 2334 1004 2403 ferias
1030 2345 1216 2389 vestras
1241 2335 1416 2403 (Amos
1462 2338 1514 2392 5.
1545 2338 1663 2410 21).

83 2424 236 2477 heus
259 2423 388 2486 odit,
417 2435 470 2477 et
509 2433 562 2477 tu
592 2423 895 2492 participas.
925 2423 1105 2494 Neque
1133 2425 1266 2480 dixit
1303 2425 1398 2483 has
1430 2428 1511 2482 vel
1546 2429 1666 2483 illas

77 2513 270 2576 ferias,
308 2513 400 2566 sed
441 2515 492 2566 in
540 2514 839 2567 universum
876 2530 1083 2569 omnes.
1128 2515 1286 2571 Visne
1319 2532 1661 2588 cognoscere,

74 2603 232 2672 quod
260 2603 399 2658 Deus
429 2604 578 2658 illum
603 2606 762 2658 etiam
801 2605 1000 2658 cultum
1027 2605 1216 2673 oderit,
1244 2608 1332 2676 qui
1371 2607 1428 2661 ﬁt
1456 2617 1664 2679 tympa-

77 2699 190 2762 nis,
223 2695 456 2757 cithara,
489 2695 754 2765 psalteriis
791 2704 846 2749 et
884 2696 1000 2750 aliis
1029 2698 1279 2766 organis?
1308 2697 1464 2768 Aufer
1493 2715 1526 2750 a
1564 2715 1659 2765 me,

77 2787 278 2857 inquit,
309 2787 528 2841 sonitum
551 2787 859 2840 canticorum
885 2795 1103 2851 tuorum,
1128 2796 1173 2840 et
1199 2788 1448 2858 psalmum
1469 2789 1662 2843 instru-

79 2888 368 2930 mentorum
411 2887 609 2929 tuorum
654 2892 754 2928 non
791 2875 997 2928 audiam
1029 2874 1188 2948 (Ibid.
1219 2893 1268 2931 υ.
1297 2876 1412 2949 25).
1451 2878 1608 2949 Aufer
1632 2897 1666 2932 a

75 2983 182 3031 nte,
215 2967 382 3036 inquit
401 2966 538 3020 Deus
567 2983 581 3020 :
614 2976 666 3020 tu
696 2966 970 3022 auditurus
993 2969 1146 3022 tubas
1175 2968 1390 3023 curris?
1413 2968 1518 3024 Sed
1548 2971 1663 3027 haec

73 3058 341 3112 sacriﬁcia
369 3068 423 3113 et
449 3057 528 3112 hae
551 3058 844 3112 oblationes
878 3075 1053 3114 nonne
1094 3071 1219 3114 sunt
1248 3061 1664 3118 abominabiles?

75 3151 146 3204 Si
171 3148 399 3215 oﬂ'eratis
420 3149 541 3203 milii
565 3150 919 3219 similaginem,
948 3155 1171 3221 frustra;
1197 3153 1454 3207 incensum
1472 3156 1663 3209 abomi-

74 3243 223 3295 natio
243 3251 312 3295 est
333 3241 456 3293 mihi
480 3239 682 3312 (IIesai.
712 3243 762 3295 1.
792 3241 904 3312 15).
935 3242 1212 3300 incensum
1232 3243 1584 3310 abominatio;
1608 3256 1663 3301 et

73 3337 234 3391 locus
264 3350 368 3388 non
391 3333 776 3389 abominandus
791 3335 814 3386 ’ἒ
838 3334 904 3388 Ει
933 3333 1143 3404 quando
1166 3322 1489 3392 abominatio
1507 3337 1530 3389 ?
1551 3340 1662 3392 An—

77 3439 297 3496 tequam
326 3441 590 3480 summum
617 3425 790 3480 scelus
814 3424 1158 3487 admiserant,
1194 3435 1476 3496 antequam
1505 3442 1659 3483 suum

77 3519 321 3585 ipsorum
366 3516 646 3570 Dominum
697 3515 1040 3582 suStulerant,
1089 3525 1212 3571 ante
1255 3532 1487 3585 crucem,
1535 3529 1659 3575 ante

73 3609 280 3662 Christi
302 3622 506 3672 necem,
528 3607 868 3662 abominatio.
892 3609 1080 3662 Annon
1103 3607 1269 3661 multo
1292 3609 1456 3680 magis
1482 3611 1659 3664 nunc?

79 3704 151 3755 L't
175 3717 303 3755 sane
327 3701 450 3770 quid
471 3710 554 3755 est
581 3698 896 3755 sufﬁmentis
916 3698 1272 3770 fragrantius?
1299 3699 1492 3756 Verum
1522 3703 1661 3758 Deus

78 3810 192 3848 non
233 3794 612 3848 sacriﬁciorum
644 3802 909 3857 naturam,
943 3793 1035 3846 sed
1081 3793 1313 3846 animum
1356 3809 1539 3848 eorum
1569 3797 1658 3865 qui

76 3885 316 3939 offerunt
341 3883 606 3947 observat,
639 3881 844 3951 hocque
876 3881 1170 3935 oblationes
1201 3881 1436 3936 metitur.
1467 3885 1656 3938 Atten-

78 3980 165 4031 dit
197 3977 261 4029 ad
287 3975 416 4030 Abel
442 3983 496 4030 et
523 3974 588 4028 ad
617 3991 834 4028 munera
861 3975 976 4043 ejus
1009 3993 1020 4025 :
1051 3974 1179 4027 vidit
1201 3972 1420 4028 Cainum
1442 4017 1456 4041 ,
1487 3984 1541 4029 et
1569 3990 1658 4028 sa-

75 4069 284 4125 criﬁcia
311 4069 424 4138 ejus
455 4079 563 4121 tum
593 4078 862 4122 aversatus
889 4077 987 4120 est.
1019 4066 1149 4121 Nam
1178 4067 1246 4119 ad
1279 4066 1432 4132 Cain,
1466 4069 1654 4138 inquit,

78 4172 134 4215 et
159 4162 227 4213 ad
247 4159 544 4213 oblationem
565 4160 671 4228 ejus
696 4175 807 4211 non.
819 4157 1029 4210 attendit
1063 4156 1211 4225 (Gen.
1244 4158 1296 4210 4.
1329 4157 1406 4228 5).
1434 4156 1545 4212 Noe
1571 4173 1659 4212 sa-

75 4252 281 4305 criﬁcia
307 4251 504 4315 ovium,
528 4249 831 4312 vitulorum,
855 4258 908 4302 et
931 4248 1106 4300 avium
1136 4247 1242 4301 Deo
1265 4246 1453 4301 obtulit
1476 4264 1489 4300 :
1522 4247 1657 4300 Odo-

78 4356 324 4411 ratusque
349 4354 423 4396 est
462 4342 706 4396 Dominus
733 4341 938 4395 odorem
963 4341 1242 4406 suavitatis,
1285 4341 1450 4410 inquit
1476 4341 1657 4412 Scrip-

81 4449 206 4491 tura
233 4433 340 4505 (Id.
369 4433 421 4488 8.
463 4431 574 4503 21),
602 4432 654 4486 id
694 4441 795 4498 est,
819 4430 992 4486 oblata
1019 4430 1276 4500 probavit.
1309 4429 1490 4500 Neque
1516 4431 1659 4486 enim

82 4528 202 4580 Deo
231 4539 384 4578 nares
410 4531 552 4590 sunt,
585 4522 677 4577 sed
704 4537 897 4575 numen
929 4531 1009 4576 est
1037 4521 1428 4591 incorporeum.
1459 4521 1660 4589 Quam—

78 4634 248 4690 quam
273 4634 353 4678 ea,
381 4634 496 4686 quae
527 4632 590 4670 ex
620 4616 768 4670 altari
799 4630 1009 4669 sursum
1034 4612 1292 4677 feruntur,
1318 4613 1470 4667 nidor
1499 4623 1553 4667 et
1581 4613 1660 4667 fu-

81 4727 208 4766 mus
237 4718 358 4763 sunt
394 4707 786 4761 combustorum
815 4719 1095 4774 corporum
1122 4721 1135 4756 :
1166 4720 1270 4774 quo
1300 4702 1490 4758 faetore
1527 4704 1658 4757 nihil

81 4801 278 4857 tetrius
303 4809 402 4853 est.
437 4798 627 4852 Verum
658 4804 715 4849 ut
741 4797 932 4860 discas,
963 4795 1124 4849 Deum
1150 4795 1374 4864 probare
1399 4794 1656 4848 sacriﬁcia

79 4905 142 4948 et
161 4892 417 4958 aversari,
447 4906 540 4958 pro
565 4888 755 4942 affectu
785 4887 1074 4950 olferentis,
1108 4886 1345 4940 nidorem
1373 4895 1428 4939 et
1456 4885 1657 4939 furnum

79 4986 308 5043 odorem
337 4995 489 5038 vocat
514 4982 806 5045 suavitatis,
839 4980 1134 5043 incensum,
1167 4978 1611 5032 abominatiooem
1643 4996 1655 5032 :

81 5078 211 5147 quia
240 5075 404 5128 multo
434 5074 619 5128 lictore
644 5087 796 5126 mens
821 5055 1157 5125 offerentium
1193 5071 1394 5138 repleta
1424 5069 1535 5123 fuit.
1567 5069 1647 5123 Li-

83 5171 251 5223 betue
279 5179 616 5233 cognoscere,
647 5163 790 5233 quod
828 5161 1080 5231 templum
1108 5160 1268 5214 etiam
1307 5174 1426 5213 cum
1454 5159 1657 5213 sacriﬁ-

79 5263 206 5325 ciis,
229 5259 458 5330 organis,
479 5258 638 5321 feriis,
659 5266 712 5311 ct
731 5255 958 5310 incensis
971 5262 1244 5309 aversetur
1267 5253 1423 5317 Deus,
1443 5261 1659 5323 propter

85 5368 186 5407 eos
213 5351 298 5421 qui
332 5351 454 5404 illuc
485 5349 885 5418 ingrediuntur?
911 5345 966 5399 ld
996 5346 1105 5414 ipsa
1133 5361 1190 5400 re
1219 5344 1448 5398 maxime
1479 5355 1658 5398 esten-

81 5447 188 5512 dit,
217 5444 340 5498 olim
369 5442 713 5496 barbarorum
737 5439 979 5493 manibus
1011 5437 1136 5490 illud
1165 5435 1444 5501 tradendo,
1477 5444 1657 5504 postea

85 5549 312 5614 prorsus
339 5531 588 5588 dolendo.
619 5531 994 5586 Verumtamen
1022 5536 1145 5581 ante
1169 5526 1499 5582 eversionem
1528 5541 1660 5595 quo—

83 5644 194 5697 que
225 5626 362 5678 illius
389 5639 480 5694 per
507 5623 820 5693 prophetarit
849 5622 1060 5684 clamat,
1089 5619 1339 5688 dicitque,
1379 5615 1462 5670 Ne
1496 5616 1658 5684 conﬁ-

82 5718 219 5772 datis
249 5717 298 5769 in
336 5715 494 5768 verbis
521 5713 801 5778 mendacii,
829 5713 947 5781 quia
978 5727 1080 5763 non
1114 5709 1384 5779 proderunt
1413 5707 1547 5762 vobis
1577 5706 1658 5759 di-

83 5810 308 5866 centibus
331 5825 348 5862 :
366 5805 604 5877 templum
625 5803 850 5869 Domini,
873 5802 1112 5872 templum
1133 5800 1337 5856 Domini
1358 5810 1425 5856 est
1443 5799 1650 5871 (Jerem.

3250 407 3281 461 8
3289 407 3317 460 Ii
3326 408 3355 459 ι

1799 506 1849 558 7.
1878 507 1952 574 4).
1985 507 2100 561 Νοιι
2143 508 2416 577 templum,
2446 511 2632 578 mquit,
2674 523 2882 568 sanctos
2922 529 3013 568 eos
3051 515 3240 581 reddit,
3272 523 3360 589 qui

1792 598 2200 668 congrediuntur
2235 617 2248 651 :
2282 601 2374 653 sed
2399 600 2448 652 hi
2477 601 2602 654 illud
2631 613 2869 658 sanetum
2902 607 3112 661 faciunt.
3139 610 3289 676 Quod
3315 616 3358 666 si

1793 698 1900 742 tum
1929 689 1999 742 nil
2031 689 2279 758 proderat
2309 691 2582 760 templum,
2617 697 2963 760 praesentibus
2991 698 3278 754 Cberubim
3311 715 3362 754 et

1789 792 1909 831 arca
1943 796 1955 830 :
1984 781 2150 833 midto
2181 782 2354 836 minus
2390 785 2497 851 jam
2519 825 2532 847 ,
2565 785 2808 838 munibus
2837 787 2899 841 iis
2931 789 3149 843 sublatis
3170 833 3183 853 ,
3218 805 3363 858 post-

1788 883 1942 936 quam
1988 871 2125 925 Deus
2170 871 2288 926 illos
2327 886 2546 942 prorsus
2593 887 2888 941 aversatur,
2932 891 2985 932 et
3025 883 3239 949 gravior
3277 895 3360 936 est

1790 959 1943 1029 hujus
1968 962 2074 1018 odii
2098 977 2274 1018 causa.
2299 966 2519 1044 Quantae
2540 965 2698 1035 igitur
2721 971 2966 1023 amentiae
2993 971 3166 1036 fuerit,
3190 990 3358 1044 quau-

1791 1059 1960 1120 tteque
1990 1054 2322 1123 iusipientiae,
2355 1037 2562 1110 inﬂatos
2593 1057 2898 1127 ignominia,
2929 1077 2957 1114 a
2989 1063 3094 1116 Deo
3123 1037 3359 1132 proditos

1785 1158 1898 1207 eos,
1931 1145 2019 1214 qui
2052 1146 2330 1200 Dominum
2364 1149 2414 1200 in
2448 1150 2579 1202 iram
2605 1150 2939 1216 concitarint,
2971 1156 3144 1208 socios
3170 1157 3267 1210 sibi
3301 1159 3356 1211 iu

1784 1233 1930 1289 feriis
1963 1237 2262 1291 asciscere?
2299 1238 2352 1291 Si
2388 1247 2534 1292 tuum
2563 1241 2682 1310 quis
2723 1242 3004 1296 oecidiSSet
3046 1245 3238 1310 lilium,
3271 1247 3357 1302 dic

1783 1324 1909 1378 mihi
1931 1367 1946 1391 ,
1978 1326 2162 1396 cjusne
2185 1339 2525 1397 conspectum
2555 1331 2879 1386 sustinercs?
2905 1335 3201 1389 Andiresnc
3227 1339 3355 1390 allo-

1781 1418 2066 1483 quentem?
2092 1417 2276 1474 Nonne
2305 1429 2359 1472 ut
2393 1420 2689 1489 improbum
2729 1423 3023 1478 daemonem
3043 1468 3056 1489 ,
3089 1437 3143 1481 ut
3184 1429 3354 1497 ipsum

1780 1505 2048 1561 diabolum
2088 1509 2332 1578 fugeres?
2373 1510 2579 1565 Domini
2612 1513 2682 1564 tui
2730 1513 2894 1567 ﬁlium
2925 1516 3268 1582 occiderunt,
3301 1531 3356 1574 et

1778 1597 1830 1651 in
1861 1599 2105 1653 eumdem
2144 1617 2264 1656 cum
2294 1603 2395 1656 illis
2435 1603 2635 1672 ingredi
2674 1606 2846 1660 locum
2886 1609 3086 1663 audes?
3115 1612 3354 1684 Cumque

1777 1689 1982 1742 occisus
2006 1689 2216 1756 abillis,
2249 1701 2450 1746 tantum
2481 1705 2530 1746 te
2553 1695 2841 1761 honorarit,
2867 1708 2923 1751 ut
2948 1700 3162 1754 fratrem
3187 1713 3241 1756 et
3262 1718 3352 1757 co-

1778 1778 2029 1835 heredem
2067 1783 2403 1838 constituerit
2437 1802 2453 1838 :
2489 1793 2630 1838 tanta
2678 1797 2728 1838 tu
2774 1789 3018 1842 eumdem
3061 1793 3349 1860 ignominia

1775 1872 1963 1939 afﬁcis,
1995 1885 2051 1927 ut
2087 1875 2203 1944 ejus
2233 1875 2641 1941 interfectores,
2671 1879 2759 1948 qui
2784 1881 2926 1934 cruci
2964 1882 3135 1950 ipsum
3161 1885 3349 1938 afﬁxe—

1775 1971 1916 2029 runt,
1942 1969 2316 2020 communione
2345 1966 2594 2022 feriarum
2626 1970 2854 2037 ipsarum
2895 1973 3038 2026 colas
3064 1983 3222 2044 atque
3250 1977 3349 2030 ob-

1773 2067 1975 2119 serves,
2001 2065 2055 2109 et
2071 2055 2138 2110 ad
2161 2056 2377 2126 profana
2401 2056 2614 2112 illorum
2644 2059 2758 2113 loca
2787 2076 2989 2124 curras,
3023 2063 3227 2132 impura
3261 2082 3347 2119 ve-

1773 2144 1963 2199 stibula
1988 2146 2172 2210 intres,
2201 2163 2503 2218 mensaeque
2527 2149 2909 2206 daemoniorum
2941 2156 3202 2225 particeps
3229 2156 3340 2212 ﬁas.

1771 2233 1848 2288 Ita
1875 2236 2018 2289 enim
2053 2235 2357 2292 Iudaeorum
2391 2239 2650 2308 jejunium
2697 2251 2752 2295 ut
2789 2243 3080 2312 appellem,
3114 2247 3349 2303 adducor

1767 2347 1920 2396 nece,
1949 2348 2107 2402 quam
2135 2333 2245 2388 Deo
2272 2335 2579 2389 intulerunt.
2603 2336 2717 2402 Quo
2737 2339 2878 2391 enim
2903 2348 3055 2407 pacto
3076 2340 3347 2397 daemones

1770 2437 1876 2476 non
1902 2421 2146 2477 dicantur
2163 2423 2344 2478 colere
2369 2424 2426 2490 ii,
2460 2425 2548 2495 qui
2578 2426 2686 2480 Deo
2715 2426 2933 2481 adversa
2964 2431 3259 2498 peragunt?
3282 2435 3350 2486 At

1769 2512 2084 2566 medicinam
2123 2529 2154 2566 a
2199 2513 2530 2568 daemonibus
2573 2517 2810 2585 expetis?
2859 2515 2991 2571 Cum
3040 2520 3247 2574 abirent
3293 2523 3345 2578 in

1770 2618 1980 2672 porcos,
2031 2604 2228 2682 Christi
2272 2609 2553 2676 permissu,
2601 2608 2892 2675 daemones,
2947 2621 3054 2664 tum
3100 2614 3151 2666 in
3199 2633 3344 2670 mare

1768 2695 1887 2750 illos
1929 2698 2107 2752 statim
2148 2699 2545 2770 praecipitarunt
2578 2718 2590 2752 :
2623 2709 2677 2753 et
2719 2700 2993 2757 hominum
3033 2707 3344 2772 corporibus

1767 2800 1983 2858 parcent
2012 2787 2220 2858 (Matth.
2253 2789 2305 2843 8.
2330 2789 2421 2844 3i.
2452 2790 2624 2860 sqq.)?
2648 2791 2820 2860 Atque
2845 2793 3040 2847 utinam
3066 2811 3170 2848 non
3198 2797 3342 2851 occi-

1766 2877 1970 2942 derent,
1999 2880 2197 2932 utinam
2228 2896 2334 2934 non
2360 2881 2758 2936 insidiareutur!
2791 2882 3074 2950 Ejecerunt
3098 2902 3158 2940 ex
3187 2903 3343 2956 para-

1767 2966 1902 3034 diso,
1942 2969 2146 3023 honore
2187 2971 2384 3024 caelesti
2429 2972 2715 3038 orbarunt,
2746 2982 2800 3026 et
2825 2988 3014 3043 corpus
3043 2977 3340 3032 curabunt!

1767 3057 2006 3114 Ridicule
2041 3061 2188 3126 haec,
2220 3071 2276 3116 et
2301 3062 2514 3117 fabulae.
2550 3064 2826 3119 Daemones
2867 3067 3100 3121 insidiari
3131 3069 3340 3130 sciunt.

1766 3163 1829 3204 ac
1857 3165 2067 3214 nocere,
2098 3166 2203 3206 non
2229 3152 2428 3208 mederi
2456 3171 2468 3207 :
2499 3155 2690 3208 animae
2721 3172 2824 3210 non
2857 3169 3107 3226 parcunt,
3141 3169 3194 3213 et
3219 3176 3341 3215 eor-

1766 3241 1984 3310 poribus
2013 3243 2269 3320 parcent?
2295 3244 2337 3297 E
2364 3259 2525 3314 regno
2562 3245 2754 3315 ejicere
2784 3259 3042 3301 ctniantur
3071 3267 3084 3303 :
3115 3262 3168 3304 et
3193 3267 3340 3305 mor-

1763 3331 1845 3385 bis
1866 3332 2041 3387 levare
2067 3348 2163 3388 nos
2192 3334 2443 3403 cupient?
2469 3335 2584 3390 Non
2616 3337 2767 3391 audis
2795 3339 3107 3408 prophetam
3135 3343 3337 3410 dicere,

1763 3433 1921 3494 atque
1951 3425 2121 3492 ipsum
2155 3425 2328 3494 potius
2351 3427 2513 3480 Deum
2542 3443 2637 3495 per
2659 3428 2991 3498 prophetam,
3021 3431 3140 3485 illos
3170 3449 3342 3503 neque

1762 3513 1898 3568 bene
1943 3530 2114 3584 neque
2153 3517 2290 3570 male
2321 3533 2475 3586 posse
2520 3518 2733 3573 facere?
2759 3523 2931 3590 Atque
2974 3522 3095 3576 licet
3137 3525 3339 3580 mederi

1762 3606 1927 3659 velint
1953 3622 2015 3658 ac
2044 3607 2271 3676 possint,
2302 3609 2443 3678 quod
2470 3609 2581 3663 ﬁeri
2611 3613 2793 3679 nequit
2823 3630 2834 3664 :
2868 3614 2936 3666 ob
2958 3613 3207 3668 lucellum
3235 3618 3340 3671 exi-

1762 3695 1848 3764 gui
1897 3699 2148 3765 temporis
2188 3697 2480 3766 periculum
2519 3708 2837 3752 aeternarum
2880 3716 3153 3770 poenarum
3200 3704 3335 3758 haud

1765 3785 2095 3839 subeundmn
2135 3797 2234 3840 est.
2263 3786 2470 3856 Corpus
2498 3789 2728 3852 curabis,
2771 3799 2825 3841 ut
2852 3793 3081 3844 animam
3111 3793 3339 3859 perdas?

1763 3875 1876 3930 Non
1911 3877 2160 3945 praeclara
2188 3887 2270 3932 est
2310 3879 2619 3932 nundinatio
2652 3891 2735 3934 tua
2768 3898 2780 3932 :
2815 3884 3053 3950 corporis
3093 3885 3337 3936 condito-

1764 3983 1876 4022 rem
1907 3970 2193 4022 exacerbas
2224 3970 2410 4036 Deum,
2442 3979 2495 4026 et
2523 3971 2842 4026 insidiatoris
2867 3976 2936 4026 tui
2960 3975 3210 4028 auxilium
3239 3977 3338 4030 im-

1763 4061 1959 4130 ploras.
1991 4062 2179 4115 Annon
2218 4064 2314 4115 hac
2347 4064 2581 4127 ratione,
2613 4075 2827 4133 prOpter
2857 4067 3129 4120 medicinae
3158 4069 3337 4124 scien-

1764 4153 1913 4220 tiam,
1953 4153 2096 4206 nullo
2137 4154 2348 4224 negotio
2388 4155 2558 4221 quivis
2602 4157 2998 4224 superstitiosus
3043 4158 3232 4222 homo,
3274 4176 3338 4211 eo

1765 4252 1816 4298 te
1870 4245 2203 4311 pertraxcrit,
2255 4243 2504 4299 Gentium
2555 4257 2607 4298 et
2655 4247 2784 4299 deos
2839 4255 2894 4299 ut
2939 4247 3167 4302 adores?
3207 4245 3338 4304 Nam

1763 4334 1957 4389 cthnici
1979 4351 2187 4406 quoque
2215 4336 2399 4389 borum
2427 4345 2538 4389 arte
2569 4337 2780 4390 morbos
2810 4353 2951 4406 saepe
2978 4348 3252 4404 curarunt,
3285 4348 3340 4394 et

1764 4437 1990 4499 aegrotos
2016 4428 2225 4482 sanitati
2255 4429 2616 4482 restituerunt.
2651 4429 2842 4483 ldeone
2869 4431 3152 4498 impietatis
3180 4432 3340 4499 parti.

1763 4521 1910 4590 cipes
1939 4520 2171 4574 erimus?
2192 4520 2360 4574 Absit.
2392 4520 2527 4574 Audi
2553 4521 2678 4590 quid
2706 4521 2911 4591 Moyses
2930 4521 3127 4577 Jud.eis
3152 4525 3292 4577 dicat
3321 4542 3334 4574 :

1766 4610 1827 4665 Si
1874 4611 2140 4664 surrexerit
2191 4611 2243 4663 in
2290 4610 2451 4662 medio
2495 4612 2565 4662 tui
2617 4613 2898 4680 propheta,
2949 4623 3037 4666 aut
3083 4616 3339 4671 somnians

1765 4704 2036 4762 somnium,
2065 4710 2112 4754 et
2150 4703 2340 4753 dederit
2368 4702 2454 4753 tibi
2482 4703 2681 4772 signum
2720 4705 2794 4756 rel
2820 4715 3135 4773 portentum;
3161 4723 3336 4761 evene-

1763 4795 1924 4861 ritque
1951 4793 2149 4862 signum
2168 4791 2244 4844 vel
2272 4803 2572 4862 portentum,
2598 4795 2731 4862 quod
2757 4795 2989 4862 loquutus
3009 4805 3101 4861 est,
3126 4807 3172 4849 et
3197 4799 3342 4850 dixe-

1763 4886 1829 4936 rit
1855 4884 1921 4935 ad
1947 4894 1992 4936 te
2020 4900 2037 4936 :
2065 4900 2236 4937 eamus
2265 4893 2312 4937 et
2332 4885 2604 4938 serviamus
2630 4885 2727 4937 diis
2755 4887 2951 4951 alienis,
2981 4905 3102 4955 quos
3123 4905 3222 4941 non
3244 4905 3338 4941 no-

1767 4989 1940 5031 verunt
1969 4988 2135 5046 patres
2157 4978 2316 5030 nostri
2344 4993 2361 5030 :
2387 4994 2484 5030 non
2506 4979 2741 5030 obedietis
2765 4979 2922 5030 verbis
2947 4980 3222 5048 map/tene,
3253 4989 3340 5034 aut

1764 5069 2081 5122 somniatoris
2122 5069 2260 5121 illius
2303 5066 2476 5139 (Deut.
2519 5068 2607 5121 15.
2655 5066 2725 5137 1).
2774 5070 3007 5133 Quorum
3053 5070 3336 5126 verborum

1766 5159 1880 5214 haec
1906 5170 1989 5215 est
2016 5160 2276 5214 sententia
2307 5177 2318 5211 :
2346 5157 2400 5214 Si
2430 5159 2685 5228 propheta
2709 5159 2989 5228 quiSpiam,
3014 5161 3199 5228 inquit,
3221 5177 3342 5216 surc-

1764 5251 1982 5317 rexerit,
2014 5260 2068 5305 et
2107 5251 2316 5321 signum
2354 5249 2598 5315 ediderit,
2640 5251 2722 5304 vel
2767 5261 3030 5304 mortuum
3073 5252 3334 5318 excitarit,

1765 5343 1850 5397 vel
1873 5343 2143 5413 leprosum
2170 5341 2522 5406 mundaverit,
2550 5341 2634 5396 vel
2655 5342 2885 5396 debilem
2914 5345 3134 5408 satiarit,
3158 5345 3341 5414 signo-

1767 5450 1871 5504 que
1915 5435 2058 5488 edito
2105 5433 2172 5487 ad
2215 5433 2539 5502 impietatem
2587 5443 2638 5486 te
2680 5432 2912 5486 invitarit
2956 5451 2968 5485 :
3017 5449 3084 5488 ne
3121 5445 3342 5506 propter

1766 5528 1900 5598 signi
1928 5535 2181 5581 eventum
2205 5525 2441 5579 obedias.
2472 5523 2685 5589 Quare?
2735 5523 2914 5577 Tentat
2936 5525 3066 5577 enim
3088 5535 3134 5579 te
3155 5526 3339 5579 Domi-

1769 5636 1862 5674 nus
1887 5617 2026 5671 Deus
2046 5626 2178 5680 tuus,
2201 5625 2254 5667 ut
2283 5615 2465 5680 videat,
2489 5631 2555 5668 an
2575 5613 2758 5685 diligas
2778 5615 2946 5684 ipsum
2959 5631 3025 5667 ex
3045 5626 3146 5668 toto
3195 5621 3351 5673 corde

1769 5724 1874 5773 tuo,
1904 5721 1948 5762 et
1979 5725 2039 5762 ea:
2067 5716 2169 5760 tota
2197 5706 2367 5758 anima
2396 5720 2482 5759 tua
2535 5704 2713 5776 (Ibid.
2742 5723 2790 5759 v.
2836 5706 2913 5773 5).
2946 5704 3095 5760 Unde
3134 5716 3344 5762 constat

1773 5801 2042 5855 damuottes
2068 5812 2176 5852 non
2201 5794 2423 5852 mederi.
2454 5795 2606 5864 Quod
2628 5797 2694 5863 si,
2730 5798 2838 5854 Deo
2859 5795 3219 5867 permittente,
3246 5796 3344 5853 alt-
