3920 6238
532 347 636 405 855

525 462 738 533 quando
784 457 1112 519 medeantur,
1157 451 1599 524 quemadmodum
1645 449 1919 510 homines.
1963 461 2087 517 per-

528 556 709 610 missio
746 553 844 605 ista
880 549 936 602 fit
962 548 1028 600 ad
1067 546 1140 600 tui
1172 543 1608 612 explorationem,
1645 554 1748 592 non
1786 537 1925 608 quod
1953 538 2094 591 Deus

531 646 749 706 neseiat,
777 640 870 695 sed
896 647 952 692 ιιι
978 639 1152 692 discas
1178 649 1272 690 eos
1291 634 1451 688 etiam
1476 631 1666 685 missos
1696 629 1869 684 facere
1891 629 2092 682 dmmo-

530 751 644 798 nas,
670 731 758 801 qui
791 727 1088 783 medentur.
1115 725 1191 778 Ac
1213 722 1336 791 quid
1361 719 1428 775 de
1463 719 1718 774 medicina
1748 719 1984 788 corporis
2011 716 2092 770 lo-

527 825 697 895 quor?
723 822 778 878 Si
817 820 936 890 quis
963 817 1258 888 gehennam
1292 813 1522 867 minetur
1546 809 1661 874 tibi,
1693 809 1792 862 nisi
1829 808 2095 862 Christum

530 917 782 984 abneges,
813 927 940 965 num
976 923 1097 964 eum
1135 903 1420 961 admittes?
1457 901 1515 956 Si
1557 899 1675 969 quis
1715 912 1932 968 regnum
1970 910 2093 965 pro-

529 1008 720 1065 mittat,
750 1013 807 1058 ut
833 1002 903 1056 ab
930 998 1200 1069 unigenito
1226 996 1358 1050 Filio
1386 993 1476 1048 Dei
1503 991 1738 1053 deficias,
1771 990 1916 1042 illum
1943 1001 2096 1041 aver-

531 1110 695 1161 sator,
731 1095 960 1163 odioque
991 1090 1338 1160 prosequitor,
1370 1095 1419 1140 et
1460 1084 1606 1140 Pauli
1633 1081 1923 1151 discipulus
1949 1085 2096 1142 esto;

533 1206 726 1260 easque
751 1200 908 1240 voces
926 1183 1220 1246 aemulator,
1248 1193 1377 1249 quas
1397 1177 1580 1231 beatus
1606 1175 1715 1238 ille,
1741 1181 1795 1227 et
1811 1182 2100 1243 generosus

533 1286 740 1338 animtts
762 1293 951 1347 magno
978 1291 1096 1329 cum
1125 1272 1358 1326 clamore
1381 1267 1545 1323 edidit
1573 1283 1585 1320 :
1617 1264 1792 1319 Certus
1815 1279 1924 1318 sum
1946 1262 2096 1323 enim,

537 1375 726 1443 inquit,
769 1368 904 1439 quod
945 1381 1100 1434 neque
1144 1378 1300 1422 mors,
1344 1375 1501 1427 neque
1543 1357 1664 1421 uita,
1715 1371 1870 1424 neque
1915 1352 2101 1423 angeli,

537 1478 691 1531 neque
720 1458 1048 1530 principatus,
1077 1467 1231 1520 neque
1250 1451 1469 1512 virtutes,
1493 1461 1649 1516 neque
1673 1443 1928 1506 instantia,
1950 1456 2106 1509 neque

540 1558 730 1624 futura,
777 1565 931 1618 neque
967 1545 1211 1603 altitudo,
1250 1557 1404 1609 neque
1440 1539 1776 1610 profundum,
1806 1551 1963 1624 neque
1998 1532 2105 1586 ulla

540 1646 641 1696 alia
669 1650 898 1695 creatura
939 1636 1117 1707 poterit
1148 1649 1238 1687 nos
1267 1646 1501 1700 separare
1540 1645 1571 1680 a
1605 1628 1810 1680 caritate
1850 1623 1961 1688 Dei,
1996 1638 2108 1693 qua:

537 1749 608 1790 est
639 1738 690 1788 in
728 1732 924 1786 Christo
964 1728 1088 1782 Jcsu
1128 1725 1341 1778 Domino
1381 1731 1548 1776 nostro
1575 1720 1748 1789 (Rom.
1786 1718 1844 1772 8.
1879 1716 1967 1770 58.
1990 1715 2107 1786 59).

545 1829 693 1882 Illum
717 1839 819 1878 non
849 1821 1041 1892 angeli,
1065 1833 1174 1872 non
1203 1817 1447 1878 virtutes,
1481 1827 1583 1866 non
1607 1810 1875 1874 instantia,
1899 1823 2002 1860 non
2031 1807 2109 1860 fu-

545 1932 678 1982 tura,
714 1930 820 1970 non
847 1913 949 1967 alia
977 1919 1219 1965 creatura
1241 1922 1270 1960 a
1307 1904 1527 1960 caritate
1551 1901 1747 1957 Christi
1773 1907 1983 1968 separat
2011 1916 2023 1950 :
2055 1905 2111 1952 et

545 2022 595 2066 te
614 2023 739 2064 cura
761 2002 998 2074 corporis
1022 1999 1087 2054 ad
1119 1997 1464 2052 defectionem
1492 1991 1743 2060 impellit?
1763 1990 1938 2059 Ecqua
1960 1988 2110 2043 venia

546 2103 710 2174 possit
730 2093 1042 2168 impetrari?
1069 2093 1253 2147 Merito
1277 2091 1417 2144 enim
1445 2087 1558 2157 ipsa
1586 2085 1828 2155 gehenna
1858 2080 2110 2136 formida-

547 2170 702 2248 bilior
738 2187 890 2243 nobis
917 2194 1000 2241 est
1023 2181 1281 2242 Christus,
1315 2189 1369 2233 et
1409 2177 1526 2246 ipso
1552 2189 1715 2244 regno
1749 2174 1940 2243 potior.
1967 2170 2115 2226 Licet

547 2289 862 2349 :cgrotetuus
886 2292 898 2326 :
934 2282 1148 2343 pra-stat
1175 2286 1268 2323 nos
1299 2268 1484 2322 morbo
1509 2265 1693 2334 aﬂligi,
1720 2279 1898 2334 quam,
1931 2271 1989 2318 ut
2014 2262 2116 2316 hoc

553 2372 803 2430 levcmttr,
855 2365 921 2419 ad
971 2365 1293 2432 impietatem
1345 2358 1567 2429 prolabi.
1615 2355 1686 2412 Ut
1733 2355 1873 2412 enim
1918 2353 2117 2409 sanarit

553 2461 784 2520 daemon,
808 2457 922 2525 plus
945 2452 1134 2519 obfuit,
1163 2467 1318 2522 quam
1346 2448 1562 2521 profuit.
1593 2448 1725 2503 Nam
1754 2447 1965 2518 corpori
1997 2446 2115 2516 qui-

549 2553 670 2605 dem
695 2549 1053 2603 emolumeuto
1081 2545 1304 2610 fuit,cui
1325 2544 1542 2597 omnino
1561 2550 1646 2597 est
1669 2541 1824 2610 paulo
1852 2549 1972 2609 post
1999 2553 2117 2594 mo-

553 2642 812 2704 riendum,
834 2639 1080 2710 quodque
1101 2644 1366 2706 putrescat
1391 2652 1404 2687 :
1431 2635 1609 2688 animo
1633 2642 1808 2687 autem
1832 2629 2120 2686 immortali

551 2735 923 2789 detrimentum
951 2730 1144 2784 attulit.
1177 2729 1255 2783 Ac
1283 2724 1728 2797 quemadmodum
1749 2721 1986 2793 plagiarii
2011 2721 2122 2776 bel-

545 2823 703 2889 laria,
748 2825 1039 2895 placentas,
1077 2820 1233 2884 talos,
1278 2828 1436 2888 atque
1474 2814 1524 2870 id
1561 2829 1728 2886 genus
1755 2814 1856 2868 alia
1893 2811 2123 2884 parvulis

553 2935 694 2988 saepe
728 2915 902 2986 pueris
930 2915 1222 2985 porrigunt,
1262 2911 1454 2980 quibus
1491 2909 1753 2964 inescatos
1795 2905 2036 2960 libertate
2069 2911 2123 2958 et

551 3010 658 3062 vita
691 3010 799 3077 ipsa
831 3008 1034 3075 privant
1075 3021 1088 3056 :
1120 3001 1188 3056 ad
1211 3000 1453 3056 eumdem
1489 3001 1649 3054 etiam
1680 2995 1893 3051 modum
1927 2995 2124 3049 daemo-

555 3117 650 3155 nes
674 3099 892 3153 membri
915 3111 1094 3150 curam
1119 3095 1450 3164 pollicentur,
1471 3101 1524 3146 et
1548 3105 1760 3145 omnem
1787 3091 1946 3142 animi
1973 3087 2121 3142 salu-

557 3201 659 3243 tent
682 3187 1000 3257 prmcipitem
1017 3192 1195 3254 agunt.
1216 3181 1429 3246 Verum,
1449 3179 1642 3243 dilecti,
1662 3195 1728 3234 ne
1744 3177 1796 3233 id
1814 3179 2118 3240 toleremus;

557 3281 650 3334 sed
685 3279 753 3332 ab
795 3278 1062 3346 impietate
1101 3274 1460 3328 liberationem
1501 3273 1686 3340 quovis
1723 3269 1882 3324 modo
1916 3283 2124 3338 qnmra-

558 3387 692 3425 mus.
718 3370 904 3422 Annon
925 3365 1114 3426 Jobus,
1139 3379 1326 3434 passus
1362 3362 1460 3419 sibi
1487 3363 1555 3417 ab
1584 3377 1748 3416 uxore
1781 3359 2116 3432 persuaderi,

559 3437 923 3528 blaSphemare
944 3456 995 3510 in
1031 3457 1190 3508 Deum
1221 3454 1493 3522 potuisset,
1525 3462 1578 3507 et
1597 3467 1695 3521 qua
1726 3451 2009 3521 urgebatur
2034 3465 2123 3504 ca-

559 3552 795 3606 lamitate
819 3548 1065 3603 liberari?
1099 3547 1190 3598 Dic
1218 3546 1435 3606 uerbum,
1466 3542 1652 3612 inquit,
1683 3543 1917 3596 adversus
1940 3539 2121 3594 Domi-

559 3659 699 3705 num,
729 3650 774 3694 et
802 3655 992 3694 morere
1019 3637 1139 3709 (Job
1181 3636 1236 3689 2.
1280 3635 1359 3703 9).
1383 3634 1579 3688 Verum
1603 3633 1648 3686 is
1670 3633 1893 3687 cruciari
1917 3632 2119 3697 maluit,

557 3745 611 3788 et
661 3732 938 3792 macerari,
987 3731 1297 3799 plagamque
1345 3728 1485 3780 illam
1528 3725 1669 3782 ferre
1708 3725 2120 3790 intolerabilem,

557 3839 712 3892 quam
737 3822 1124 3890 blasphemare,
1145 3828 1199 3874 et
1220 3818 1373 3870 malis
1401 3811 1746 3886 prmsentibus
1771 3816 1952 3871 eximi.
1978 3815 2124 3870 Hunc

563 3928 615 3966 ιιι
642 3927 849 3981 quoque
873 3892 1141 3973 tumulare,
1189 3909 1428 3978 quamvis
1464 3907 1662 3961 infinita
1698 3907 1974 3972 malorum,
2003 3907 2121 3976 qui-

564 4010 659 4059 ltus
682 4005 963 4068 divexaris,
989 4003 1194 4056 daemon
1223 4000 1453 4055 remedia
1483 4001 1787 4068 polliceatur
1821 4017 1833 4052 :
1862 4014 1929 4053 ne
1965 3999 2122 4054 fidem

565 4098 776 4160 habeas,
821 4110 991 4163 neque
1032 4093 1256 4156 toleres;
1299 4091 1740 4160 quemadmodum
1784 4106 1954 4161 neque
1981 4090 2125 4161 justo

566 4187 636 4240 illi
665 4185 983 4254 persuadere
1011 4197 1140 4237 uxor
1171 4181 1354 4251 potuit.
1386 4180 1490 4234 Sed
1521 4181 1758 4234 morbum
1795 4180 1916 4234 forti
1947 4181 2126 4235 animo

567 4278 738 4345 potius
785 4273 977 4344 perfer,
1020 4287 1176 4341 quam
1228 4271 1383 4325 fidem
1430 4280 1484 4325 et
1521 4271 1744 4324 salutem
1790 4271 1978 4324 animm
2024 4281 2126 4324 tum

567 4365 893 4436 pessumdes.
937 4363 1117 4432 Neque
1161 4362 1300 4416 enim
1348 4363 1486 4419 licus
1531 4371 1582 4416 te
1619 4361 1938 4430 derelinquit
1973 4379 1986 4414 :
2032 4363 2125 4416 sed

568 4459 733 4529 magis
779 4457 1120 4526 conspicuum
1173 4464 1232 4508 ut
1282 4453 1502 4517 reddat,
1554 4455 1791 4523 corporis
1836 4455 2124 4508 infirmitati

565 4564 706 4618 θωνα
744 4546 976 4616 subjicit.
1009 4544 1190 4599 Perfer
1225 4544 1399 4612 igitur,
1436 4553 1494 4598 ut
1532 4555 1585 4598 tu
1623 4558 1831 4614 quoque
1872 4544 2000 4599 illud
2029 4559 2127 4600 au-

567 4643 715 4694 .lias:
745 4638 881 4692 Num
907 4647 960 4692 tu
986 4653 1174 4696 censes.
1199 4653 1277 4689 me
1308 4637 1462 4689 aliam
1495 4637 1556 4690 ob
1592 4653 1794 4690 causam
1829 4637 1916 4690 tibi
1944 4653 2124 4691 oracu-

568 4733 670 4784 fum
698 4729 929 4794 edidisse,
956 4743 1108 4798 quam
1133 4737 1186 4781 ut
1202 4728 1374 4798 justus
1393 4740 1638 4796 apparens
1657 4726 1775 4798 (Job
1789 4725 1878 4781 40.
1905 4722 1956 4778 5.
1989 4726 2034 4793 )?

639 4823 688 4876 8.
723 4821 942 4874 Possent
985 4819 1132 4888 plura
1178 4818 1336 4872 etiam
1381 4827 1572 4886 prteter
1600 4818 1713 4871 haec
1753 4817 1854 4872 dici
1887 4835 1902 4870 :
1933 4821 2026 4872 sed
2072 4827 2128 4872 ut

562 4929 680 4983 qua:
700 4911 809 4981 jam
836 4907 1056 4963 audistis
1080 4908 1147 4961 ab
1173 4907 1438 4961 oblivione
1461 4905 1791 4961 vindicentur
1812 4949 1825 4970 ,
1858 4907 2013 4960 finem
2043 4907 2127 4962 hic

561 5003 788 5056 orationi
839 5001 1063 5065 faciam,
1119 4998 1206 5051 ubi
1261 4997 1453 5068 Moysis
1495 4998 1652 5051 verba
1701 4999 1842 5066 prius
1889 4999 2122 5053 dixero:

566 5094 739 5148 Testor
763 5092 1022 5145 adversum
1051 5105 1133 5143 vos
1159 5088 1306 5142 hodie
1331 5087 1505 5142 cwlum
1532 5097 1576 5142 et
1605 5100 1787 5142 terram
1816 5089 1834 5157 (
1859 5084 2004 5142 Deut.
2035 5089 2122 5145 50.

563 5183 669 5252 i9)
699 5224 715 5250 ,
744 5183 788 5236 si
829 5181 1085 5253 quispiam
1113 5189 1344 5233 vestrum
1375 5193 1606 5247 prmsens
1647 5181 1904 5234 absensve
1927 5221 1942 5244 ,
1975 5183 2126 5237 tubas

563 5283 855 5342 spectatum
903 5272 1126 5333 abierit,
1173 5281 1261 5324 aut
1289 5271 1354 5324 ad
1383 5270 1711 5342 Synagogam
1757 5272 2124 5338 contenderit,

564 5377 655 5420 aut
690 5366 754 5420 ad
793 5365 1042 5419 Matrona:
1068 5347 1344 5418 delubrum
1372 5364 1704 5428 ascenderit,
1733 5373 1822 5417 aut
1856 5363 2042 5434 jejunii
2073 5375 2127 5420 et

565 5457 912 5512 Sabbatorum
954 5456 1212 5525 particeps
1239 5455 1432 5520 fuerit,
1463 5463 1553 5508 aut
1576 5454 1733 5508 alium
1762 5455 1917 5509 ritum
1943 5455 2125 5510 Judai-

565 5561 684 5600 cum
733 5559 1116 5613 quemcumque
1166 5544 1559 5606 observaverit,
1611 5545 1878 5598 innoxium
1928 5561 2011 5600 me
2061 5547 2127 5601 ab

566 5639 803 5693 omnium
839 5632 1068 5690 vestrum
1097 5651 1347 5703 sanguine
1387 5651 1527 5690 esse.
1557 5636 1618 5690 Ili
1663 5651 1933 5692 sermones
1963 5639 2012 5692 in
2042 5639 2127 5694 die

570 5728 775 5786 Domini
803 5726 966 5782 nostri
995 5725 1118 5782 Jesu
1141 5726 1334 5782 Christi
1359 5737 1412 5783 et
1437 5727 1562 5782 mihi
1587 5737 1638 5784 et
1665 5728 1814 5783 vobis
1839 5731 2122 5786 sistentur:

1222 339 1280 394 S.
1320 335 1594 393 JOANNIS
1628 331 2095 389 CliBYSOSTOMI
2139 331 2458 388 ABCHIEP.
2503 327 3030 386 CONSTANTINOP.

3658 324 3765 378 85'}

2199 458 2250 500 et
2277 447 2323 501 si
2351 445 2671 504 obedieritis.
2703 443 2926 496 nmltum
2957 442 3105 496 vobis
3131 440 3324 496 dabunt
3359 439 3564 494 fiducia:
3588 457 3601 491 :
3625 441 3769 508 quod

2197 537 2241 590 si
2280 552 2382 590 non
2409 536 2712 607 parueritis,
2742 544 2832 588 aut
2857 530 3110 601 quosdam
3141 531 3260 586 talia
3286 545 3444 585 ausos
3466 532 3773 585 occultave-

2198 628 2332 692 ritis,
2363 637 2627 695 tamquam
2654 639 2804 679 acres
2829 633 3163 679 accusatores
3187 639 3250 677 ex
3279 623 3504 677 adverso
3530 622 3770 677 stabunt.

2203 716 2322 770 Non
2365 717 2496 770 enim
2539 715 2853 786 subterfugi,
2900 731 2998 780 quo
3041 715 3204 768 minus
3249 715 3599 767 annuatim
3637 711 3776 767 IOth

2200 826 2346 864 omne
2375 809 2464 863 Dei
2504 807 2769 862 consilium
2794 809 2812 876 (
2838 808 2948 861 Act.
2974 809 3065 862 20.
3095 806 3163 862 27
3185 807 3204 877 )
3227 848 3242 869 ,
3287 807 3378 861 sed
3408 816 3462 861 et
3490 805 3776 860 mensariis

2202 901 2474 972 pectmiam
2519 900 2782 955 commisi.
2822 900 3097 970 Reliquum
3127 907 3210 953 est
3253 909 3308 951 ut
3333 898 3629 968 depositam
3676 912 3776 951 au-

2201 1005 2406 1064 geatis,
2455 993 2730 1062 fructuque
2774 994 3044 1048 concionis
3089 993 3156 1048 ad
3203 991 3421 1046 fratrum
3472 1001 3778 1047 vestrorum

2204 1087 2425 1141 salutem
2455 1086 2690 1141 utamini.
2723 1087 2789 1139 At
2833 1085 3110 1139 molestum
3140 1092 3195 1139 et
3219 1083 3457 1139 odiosum
3486 1093 3570 1138 est
3612 1084 3664 1136 in
3694 1081 3783 1136 his

2205 1185 2483 1246 peccantes
2506 1175 2756 1230 deferre?
2780 1175 2962 1229 Itidem
2991 1185 3042 1228 et
3072 1174 3248 1228 silere.
3276 1173 3403 1226 Tam
3433 1174 3576 1227 enim
3600 1173 3778 1239 vobis,

2205 1268 2292 1335 qui
2320 1266 2512 1335 legitis,
2542 1281 2701 1335 quam
2727 1266 2826 1319 illis
2853 1266 2940 1334 qui
2968 1265 3151 1331 latent,
3177 1263 3442 1317 silentium
3471 1264 3573 1318 hoc
3596 1266 3784 1332 perni-

2207 1359 2340 1413 ciem
2369 1359 2560 1421 affert,
2595 1358 2758 1411 Deum
2800 1357 2951 1410 nobis
2993 1357 3261 1410 inimicum
3289 1355 3537 1408 reddens.
3567 1356 3786 1421 Quanto

2209 1458 2384 1502 autem
2414 1456 2643 1516 praestat,
2664 1447 2714 1500 itt
2741 1461 3113 1502 conservorum
3141 1445 3264 1499 odio
3291 1460 3407 1500 esse
3433 1444 3498 1498 ad
3527 1445 3781 1509 salutem,

2209 1553 2365 1609 quam
2398 1537 2602 1591 Domini
2644 1539 2778 1592 iram
2807 1538 3060 1592 adversus
3088 1552 3186 1592 nos
3225 1537 3522 1591 concitari?
3566 1537 3785 1591 Illorum

2210 1629 2348 1682 enim
2377 1628 2693 1698 quicumque
2716 1670 2732 1692 ,
2765 1637 2821 1681 ut
2857 1627 2966 1697 jam
3012 1627 3308 1697 indignetur
3331 1668 3344 1688 ,
3371 1626 3622 1681 damnum
3651 1626 3788 1680 dare

2213 1735 2316 1773 non
2345 1719 2571 1788 poterit,
2601 1719 2726 1786 quin
2751 1734 2845 1787 pro
2869 1718 3124 1772 medicina
3154 1718 3348 1786 gratias
3377 1717 3586 1770 tandem
3613 1727 3736 1786 aget
3771 1735 3786 1767 :

2214 1811 2352 1864 Deus
2393 1825 2556 1875 vero,
2605 1810 2689 1864 ubi
2739 1810 2964 1864 tacueris
3005 1819 3060 1864 et
3102 1810 3394 1864 occulueris
3443 1811 3492 1862 iu
3535 1810 3788 1863 conservi

2213 1901 2456 1970 gratiam,
2487 1914 2607 1954 eum
2637 1898 2794 1967 hujus
2822 1899 3070 1969 pernicie,
3106 1914 3285 1968 poenas
3313 1901 3408 1953 abs
3438 1907 3490 1953 te
3515 1907 3789 1954 extremas

2215 2001 2442 2061 expetet.
2469 1991 2644 2058 Quare
2669 1991 2890 2046 tacendo
2929 2001 2980 2044 et
3009 1991 3170 2045 Deum
3200 1991 3290 2044 tibi
3317 1991 3520 2044 hostem
3549 1989 3748 2044 reddes
3771 2031 3789 2053 ,

2217 2092 2272 2136 et
2296 2082 2509 2136 nocebis
2534 2080 2682 2135 fratri
2701 2097 2714 2133 :
2734 2081 3017 2136 deferendo
3035 2091 3208 2134 autem
3238 2082 3376 2135 hunc
3399 2091 3452 2135 et
3479 2080 3790 2146 indicando,

2217 2182 2270 2228 et
2313 2175 2477 2228 Deum
2508 2173 2726 2228 habebis
2765 2175 3083 2243 propitium,
3112 2184 3165 2228 et
3206 2175 3418 2228 lratrem
3445 2173 3750 2228 lucrifacies
3775 2215 3789 2236 ,

2219 2267 2550 2335 amicumque
2592 2265 2800 2334 parabis
2823 2275 2976 2319 antea
3021 2265 3352 2319 furibundum
3377 2306 3393 2331 ,
3419 2267 3749 2335 experientia
3774 2309 3790 2328 ,

2222 2357 2318 2426 ipsi
2349 2366 2399 2411 te
2421 2357 2552 2412 bene
2577 2355 2786 2421 fecisse,
2818 2357 3084 2411 edoctum.
3112 2356 3188 2411 Ne
3216 2358 3392 2425 itaque
3420 2372 3515 2411 vos
3541 2356 3792 2410 fratribus

2220 2447 2502 2518 gratiﬁcari
2549 2449 2775 2517 putetis,
2808 2447 2853 2502 si
2895 2447 3109 2504 absurdi
3137 2447 3260 2517 quid
3302 2462 3396 2501 eos
3435 2448 3627 2502 sectari
3672 2462 3792 2500 cer-

2223 2539 2360 2592 natis
2383 2579 2399 2604 ,
2444 2554 2615 2607 neque
2639 2537 2782 2592 omni
2799 2539 2966 2592 animi
2992 2540 3331 2593 contentione
3369 2537 3513 2607 ipsos
3535 2538 3793 2606 arguatis.

2223 2633 2428 2686 Amissa
2458 2641 2624 2697 veste,
2655 2648 2720 2686 an
2753 2630 2922 2686 furem
2953 2641 3176 2699 tantum,
3206 2649 3312 2686 non
3341 2632 3460 2686 furti
3490 2633 3789 2694 conscium,

2223 2737 2394 2792 neque
2422 2721 2736 2777 indicantem
2763 2765 2777 2785 ,
2823 2722 3063 2777 similiter
3091 2738 3185 2792 pro
3214 2722 3365 2776 hoste
3391 2722 3542 2776 ducis
3561 2722 3587 2774 ?
3629 2721 3794 2776 Mater

2225 2824 2405 2868 nostra
2429 2814 2726 2868 communis
2770 2813 3002 2868 Ecclesia
3039 2829 3141 2867 non
3187 2822 3385 2867 vestem
3408 2852 3425 2877 ,
3452 2813 3544 2867 sed
3565 2809 3794 2867 fratrem

2225 2906 2436 2972 amisit;
2483 2920 2640 2976 quem
2683 2905 2923 2960 diabolus
2963 2906 3098 2960 clam
3141 2914 3379 2973 ereptum
3423 2905 3475 2958 in
3518 2903 3795 2958 Judaismo

2226 2999 2426 3055 detinet
2456 3016 2470 3053 :
2502 2999 2638 3053 nosti
2685 3007 2948 3068 raptorem
2973 3038 2989 3060 ,
3039 2998 3172 3052 nosti
3219 3007 3424 3064 raptum
3458 3014 3472 3049 :
3508 2995 3660 3050 vides
3713 3013 3798 3051 me

2225 3089 2478 3146 doctrinae
2508 3103 2806 3144 sermonem
2854 3099 3115 3158 tamquam
3162 3087 3428 3153 lucernam
3456 3087 3795 3150 accendere,

2227 3183 2418 3250 ubique
2441 3195 2560 3236 cum
2590 3181 2802 3251 planctu
2828 3194 3067 3250 quaerere
3089 3194 3104 3231 :
3127 3186 3180 3232 et
3205 3187 3258 3232 tu
3281 3177 3442 3233 silens
3465 3187 3602 3242 stas,
3627 3192 3798 3244 neque

2228 3272 2460 3328 indicas?
2480 3273 2607 3338 Quae
2633 3270 2724 3324 tibi
2750 3270 2933 3324 venia?
2951 3269 3136 3324 Nonne
3163 3283 3258 3338 pro
3282 3282 3488 3322 summo
3516 3267 3798 3322 habeberis

2227 3365 2438 3420 inimico
2466 3364 2712 3420 Ecclesim
2737 3404 2750 3424 .
2783 3372 2939 3432 teque
2966 3363 3054 3417 illa
3083 3361 3287 3416 hostem
3309 3359 3568 3430 judicabit
3592 3369 3650 3415 et
3679 3375 3797 3429 pro-

2225 3441 2494 3511 ditorem?
2523 3455 2713 3510 Verum
2744 3454 2915 3520 absit,
2945 3464 3003 3508 ut
3025 3454 3298 3524 quisquam
3323 3469 3504 3508 eorum
3529 3494 3545 3518 ,
3577 3455 3670 3524 qui
3702 3455 3797 3506 hoc

2226 3549 2501 3604 consilium
2543 3547 2762 3602 audiunt
2783 3589 2796 3609 ,
2831 3547 2986 3601 talem
3013 3546 3221 3616 culpam
3265 3545 3544 3610 admittat,
3578 3545 3798 3600 fratrem

2229 3653 2284 3695 ut
2327 3641 2551 3710 prodat,
2595 3655 2691 3709 pro
2733 3655 2838 3710 quo
2863 3637 3102 3694 Christus
3143 3647 3224 3694 est
3264 3647 3520 3693 mortuus.
3553 3637 3801 3692 Christus

2228 3733 2533 3801 sanguinem
2557 3729 2737 3786 effudit
2773 3738 2988 3800 propter
3013 3731 3182 3798 ipsum
3216 3746 3229 3782 :
3263 3739 3318 3783 tu
3341 3746 3407 3783 ne
3430 3729 3654 3783 verbum
3679 3731 3798 3798 qui-

2227 3824 2346 3878 dem
2378 3832 2590 3893 propter
2627 3823 2796 3892 ipsum
2827 3821 3044 3876 fundere
3071 3820 3343 3878 sustines?
3369 3820 3445 3875 Ne
3472 3819 3797 3874 cunctamini

2229 3913 2414 3969 hortor
2444 3931 2458 3968 :
2491 3913 2584 3968 sed
2625 3913 2801 3968 statim
2829 3911 2953 3966 hinc
2987 3910 3212 3980 digressi
3253 3910 3318 3964 ad
3348 3910 3478 3964 hanc
3521 3919 3797 3979 capturatu

2229 4004 2536 4068 incitemini,
2556 4013 2610 4058 et
2636 4001 2857 4073 quilibet
2874 4012 3102 4057 vestrum
3130 4001 3258 4055 ntibi
3282 4000 3505 4055 adducat
3533 4000 3799 4069 ejusmodi

2228 4097 2414 4151 morbo
2440 4095 2745 4150 obnoxium.
2774 4095 2907 4162 Quin
2946 4094 3086 4148 absit
3123 4094 3294 4164 potius
3315 4132 3334 4159 ,
3364 4103 3418 4146 ut
3446 4103 3519 4145 tot
3547 4092 3801 4146 homines

2230 4187 2415 4240 morbo
2443 4185 2543 4240 isto
2571 4195 2868 4240 teneantur.
2899 4183 3011 4237 Biui
3038 4192 3092 4238 et
3118 4183 3250 4238 terni
3278 4197 3308 4237 e
3337 4181 3501 4241 vobis,
3519 4191 3612 4235 aut
3638 4183 3800 4235 etiam

2230 4279 2351 4333 deni
2393 4289 2446 4333 ct
2492 4277 2661 4332 viceni
2707 4293 2864 4331 unum
2916 4275 3221 4331 adducant:
3255 4284 3351 4342 ut,
3393 4284 3608 4343 captura
3657 4274 3801 4328 velut

2231 4371 2450 4440 piscium
2478 4369 2562 4422 die
2588 4369 2677 4422 illo
2701 4377 2980 4438 conspecta
3008 4368 3144 4421 inter
3169 4366 3319 4429 retia,
3348 4366 3620 4420 lautiorem
3649 4381 3800 4418 men-

2231 4476 2342 4514 sam
2370 4459 2517 4514 vobis
2541 4473 2822 4528 apponam.
2866 4458 2964 4514 Ubi
2993 4459 3134 4512 enim
3179 4457 3484 4511 hodiernum
3514 4457 3799 4511 consilium

2231 4565 2393 4619 opere
2416 4551 2668 4618 compleri
2695 4550 2898 4616 videro,
2932 4547 3249 4619 promptiore
3263 4549 3438 4602 animo
3463 4564 3650 4602 curant
3685 4550 3801 4602 illn-

2232 4655 2348 4694 rutn
2378 4640 2657 4709 suscipiam
2679 4681 2694 4705 ,
2725 4639 2931 4707 eritque
2957 4649 3058 4693 tam
3080 4637 3248 4703 vobis,
3274 4653 3429 4708 quam
3460 4639 3566 4692 illis
3591 4640 3798 4693 lucrum

2231 4727 2418 4798 majus.
2445 4727 2523 4783 Ne
2560 4730 2716 4798 igitur
2744 4729 3018 4799 negligatis
3048 4745 3062 4780 :
3093 4728 3185 4783 sed
3211 4737 3263 4781 et
3299 4727 3506 4782 femina:
3533 4728 3755 4782 feminas
3782 4772 3794 4787 .

2231 4829 2285 4874 et
2329 4821 2424 4874 viri
2467 4821 2642 4886 viros,
2693 4829 2747 4875 et
2772 4821 2910 4875 servi
2939 4834 3120 4874 servos
3142 4860 3157 4883 ,
3188 4827 3242 4874 et
3286 4818 3434 4873 liberi
3462 4818 3660 4874 liberos
3682 4862 3697 4883 ,
3745 4831 3800 4874 et

2232 4913 2379 4981 pueri
2425 4926 2614 4981 pueros
2637 4953 2651 4972 ,
2685 4911 2873 4981 singuli
2914 4910 3141 4980 denique
3165 4910 3306 4964 omni
3332 4908 3506 4964 studio
3550 4910 3601 4962 id
3632 4924 3799 4979 genus

2231 5004 2429 5057 morbis
2459 5014 2729 5073 correptos
2743 5002 2984 5071 captetis,
3002 5008 3056 5056 et
3083 5001 3152 5055 ita
3179 5000 3485 5054 concionem
3503 4999 3798 5068 proximam

2233 5091 2612 5162 frequentetis,
2662 5102 2717 5147 ut
2763 5101 2872 5146 eta
2902 5092 3053 5146 nobis
3097 5090 3307 5145 laudent
3353 5091 3794 5159 consequamini,

2231 5193 2286 5238 et
2301 5195 2423 5237 ante
2440 5183 2696 5251 praeconia
2713 5192 2892 5237 nostra
2905 5181 3121 5237 multam
3136 5196 3166 5233 a
3183 5179 3290 5235 Deo
3304 5187 3462 5248 atque
3478 5179 3797 5234 ineffabilem

2233 5275 2565 5341 mercedem,
2597 5289 2818 5345 qumque
2845 5273 3054 5330 labores
3084 5273 3332 5343 praeclare
3359 5286 3477 5327 sese
3505 5274 3794 5342 serentium

2234 5367 2454 5419 nmltum
2481 5367 2707 5431 excedit,
2729 5365 2984 5420 referatis.
3003 5363 3153 5433 Quod
3175 5365 3370 5417 utinam
3387 5363 3540 5417 nobis
3561 5363 3796 5431 obtingat

2233 5458 2492 5512 universis
2515 5497 2530 5522 ,
2574 5459 2740 5528 gratia
2782 5467 2835 5513 et
2873 5457 3194 5527 benignitate
3224 5455 3431 5511 Domini
3475 5455 3646 5509 nostri
3672 5455 3795 5509 Jesu

2231 5549 2447 5614 Christi,
2467 5565 2560 5618 per
2574 5566 2730 5619 quem
2756 5559 2944 5605 etcum
2969 5563 3073 5618 quo
3088 5549 3156 5602 sit
3176 5545 3340 5617 gloria
3355 5545 3517 5610 Patri,
3535 5547 3794 5617 simulque

2232 5639 2447 5709 Spiritui
2465 5649 2664 5706 sancto,
2681 5655 2818 5696 nunc
2833 5649 3108 5710 etsemper
3119 5647 3169 5693 et
3181 5636 3235 5692 in
3249 5638 3439 5692 sazcula
3456 5642 3788 5697 sectdortmt.

2232 5735 2421 5787 Amen.
3703 5744 3728 5772 ρ
