3832 6262
57 332 175 388 855

57 465 207 508 σου,
242 444 339 499 καί
365 443 434 508 ἐξ
464 442 610 509 ὅλης
631 440 743 509 τῆς
764 438 973 511 ψυχῆς
998 454 1136 495 σου.
1170 438 1332 491 Ὅθεν
1360 437 1538 508 δῆλον,
1566 438 1649 489 δτι

59 533 321 601 δαίμονες
350 528 411 581 οὑ
435 524 846 597 θεραπεύουσιν.
872 523 936 577 Εἰ
954 523 1011 577 δέ
1033 540 1165 576 ποτε
1189 523 1283 576 καὶ
1308 520 1655 592 συγχωροῦν-

62 637 159 681 τος
192 617 292 671 τοῦ
336 612 471 667 Θεοῦ
502 609 809 681 ἐπιτύχοιέν
837 626 983 673 τινος
1030 607 1325 679 θεραπείας
1347 647 1362 670 ,
1402 605 1654 677 καθάπερ

64 703 166 757 ἀνθ
178 717 370 773 ρωποι,
395 698 474 759 εἰς
500 694 727 765 δοκιμὴν
746 692 845 764 τὴν
871 692 969 763 σὴν
992 694 1025 763 ή
1048 689 1395 761 συγχώρησις
1424 690 1651 773 γίνεται,

62 770 385 854 οὑκ-ἐπειδὴ
414 780 547 843 Θεὸς
579 779 782 846 ἀγνοεῖ,
815 776 930 831 ἀλλ’
958 776 1045 829 ἴνα
1068 775 1132 828 σὺ
1157 773 1475 844 παιδευθῇς,
1500 770 1651 844 [599]

69 869 213 941 μηδέ
266 861 675 937 θεραπευόντων
716 858 1005 930 ἀνέχεσθαι
1053 857 1162 910 τῶν
1196 856 1493 941 δαιμόνων.
1548 856 1656 908 Καὶ

65 938 148 1007 τί
182 952 323 1021 λέγω
374 944 672 1019 θεραπείαν
727 942 1012 1014 σώματος;
1058 941 1131 994 Εἴ
1167 940 1251 1004 τίς
1298 956 1378 993 σοι
1432 938 1658 1007 γέενναν

68 1037 323 1099 ἀπειλεῖ,
364 1032 506 1085 ὥστε
552 1026 894 1100 ἀρνήσασθαι
925 1025 1016 1078 τὸν
1061 1023 1319 1095 Χριστὸν,
1375 1022 1450 1094 μὴ
1485 1039 1657 1075 κατα-

65 1122 204 1193 δέξῃ
227 1138 242 1151 ο
272 1119 325 1171 ετ
349 1134 434 1180 τις
468 1112 744 1186 βασιλείαν
778 1108 1164 1178 ἐπαγγέλλοιτο
1184 1148 1213 1193 ,Α
1248 1105 1390 1159 ὥστε
1419 1104 1660 1193 ἀποστή-

68 1187 304 1259 ναίάπὸ
329 1197 424 1254 τοῦ
459 1194 780 1270 μονογενοῦς
811 1193 941 1247 Υίοῦ
964 1193 1057 1246 τοῦ
1080 1191 1240 1253 Θεοῦ,
1274 1187 1660 1259 ἀποστράφηθι

69 1291 173 1343 καὶ
206 1286 459 1358 μίσησον,
492 1282 588 1335 καὶ
612 1278 768 1348 γενοῦ
813 1277 1026 1331 Παύλου
1061 1274 1331 1358 μαθητὴς,
1361 1274 1455 1358 καὶ
1485 1270 1659 1358 ζήλω-

75 1391 173 1427 σον
203 1354 303 1434 τὰς
328 1354 523 1437 φωνὰς
563 1364 780 1425 ἐκείνας
801 1400 817 1425 ,
850 1361 916 1424 ἃς
958 1362 992 1431 ή
1026 1357 1274 1431 μακαρία
1309 1356 1403 1411 καὶ
1439 1354 1661 1423 γενναία

70 1456 343 1525 ἀνεϐόησε
397 1450 567 1521 ψυχή.
629 1447 960 1514 Πέπεισμαι
997 1444 1130 1513 γὰρ,
1176 1442 1365 1513 φησὶν,
1400 1440 1489 1525 ὅτι
1523 1439 1663 1525 οὔτε

73 1522 361 1603 θάνατος,
410 1534 549 1588 οὔτε
593 1530 736 1599 ζωὴ,
782 1530 920 1585 οὐτε
953 1528 1233 1597 ἄγγελοι,
1287 1526 1423 1579 οὔτε
1461 1522 1661 1592 ἀρχαὶ,

72 1625 223 1679 οὔτε
254 1618 559 1687 δυνάμεις,
610 1615 748 1668 οὔτε
799 1612 1119 1673 ἐνεστῶτα,
1154 1610 1292 1664 οὔτε
1327 1608 1661 1671 μέλλοντα,

74 1710 222 1763 οὔτε
248 1701 631 1773 ὕψωμα,οῦτε
645 1697 857 1764 βάθος,
880 1696 1018 1750 οὔτε
1043 1713 1132 1761 τις
1159 1693 1355 1757 κτίσις
1375 1690 1547 1757 ἑτέρα
1562 1689 1666 1773 δυτ

71 1772 335 1861 ’θήσεται
369 1783 526 1854 ἡμᾶς
556 1782 803 1853 χωρίσαι
837 1779 956 1835 ἀπὸ
986 1778 1095 1847 τῆς
1117 1775 1355 1861 ἀγάπης
1383 1774 1489 1861 τοῦ
1518 1772 1665 1861 Θεοῦ

74 1858 195 1943 τῆς
224 1875 294 1927 ἐν
332 1867 565 1939 Χριστῷ
612 1864 817 1932 Ἰησοῦ
844 1863 923 1928 τῷ
960 1863 1155 1930 Κυρίῳ
1198 1859 1388 1929 ἡμῶν.
1428 1858 1665 1943 ’.Εκεῖνον

73 1940 185 2013 οὑκ
217 1956 459 2026 ἄγγελοι,
477 1953 536 2005 οὑ
563 1950 845 2019 δυνάμεις,
863 1948 963 2000 οὑκ
988 1943 1279 2007 ἐνεστῶτα,
1298 1943 1359 1996 οὑ
1381 1940 1664 2026 μέλλοντα,

72 2046 141 2097 οὐ
186 2023 365 2103 κτίσις
412 2035 576 2107 ἐτέρα
612 2030 840 2104 χωρίζει
870 2029 977 2084 ἀπὸ
1009 2029 1109 2098 τῆς
1152 2027 1374 2097 ἀγάπης
1410 2023 1504 2077 τοῦ
1531 2024 1668 2094 Χρι-

75 2127 234 2181 στοῦο
268 2124 361 2178 καὶ
388 2122 448 2174 σὲ
470 2118 720 2188 σώματος
751 2114 1017 2186 θεραπεία
1048 2112 1348 2184 ἀφίστησι;
1386 2109 1480 2163 καὶ
1508 2108 1668 2170 ποίας

79 2214 152 2265 ἂν
174 2208 436 2280 τύχοιμεν
475 2200 837 2271 συγγνώμης;
868 2199 978 2280 Καξι
998 2198 1107 2267 γὰρ
1134 2196 1230 2249 καὶ
1257 2194 1485 2280 γεέννης
1515 2192 1669 2280 φοβε-

79 2276 500 2367 ρώτερονήήμῖν
537 2286 629 2339 τὸν
653 2281 889 2354 Χριστὸν
924 2278 1064 2333 εἶναι
1096 2280 1215 2367 δεῖ,
1252 2279 1353 2367 και
1388 2276 1669 2367 βασιλείας

78 2362 494 2446 ποθεινότερον
540 2370 645 2424 κᾶν
694 2367 1013 2435 νοσήσωμεν
1033 2405 1046 2427 ,
1091 2362 1300 2433 βέλτιον
1339 2364 1397 2414 ἐν
1419 2365 1538 2425 ταῖς
1568 2363 1669 2433 ἀρ-

82 2462 351 2537 ρωστίαις
378 2460 579 2529 μεῖναι,
609 2453 641 2524 ἢ
670 2451 760 2505 διά
788 2447 1229 2537 τὴνῳάπαλλαγὴν
1258 2447 1358 2537 τῆς
1386 2446 1670 2537 ἀσθενείας

79 2529 167 2611 είς
190 2545 443 2600 ἀσέϐειαν
471 2539 821 2593 καταπεσεῖψ
842 2533 944 2587 κᾶν
968 2532 1077 2603 γὰρ
1103 2530 1419 2603 θεραπεύσῃ
1439 2529 1668 2601 δαίμων,

84 2631 279 2703 μεῖζον
310 2622 644 2692 κατέϐλαψεν
668 2620 701 2691 ἢ
724 2618 1027 2703 ὠφέλησεν.
1058 2615 1317 2686 Ὠφέλησε
1338 2614 1589 2703 μὲν-γὰρ
1610 2615 1672 2667 τὸ

84 2697 287 2785 σῶμα,
322 2710 383 2764 τὸ
440 2709 656 2769 πάντως
707 2698 1396 2785 ἀποθανούμενονῃμικρὸν
1446 2697 1671 2785 ὓστερον

84 2783 187 2854 καῖ
213 2792 483 2868 σήπεσθαι
516 2790 708 2861 μέλλον
730 2828 745 2850 ,
792 2783 1099 2854 κατέϐλαψε
1141 2783 1199 2868 δέ
1238 2784 1336 2853 τὴν
1363 2783 1543 2855 ψυχὴν
1572 2783 1673 2855 τὴν

83 2882 379 2938 ἀθάνατον.
408 2877 518 2930 Καὶ
547 2874 795 2943 καθάπερ
816 2873 864 2924 οἱ
894 2867 1315 2940 ἀνδραποδισταὶ
1346 2868 1673 2941 τραγήματα

83 2969 187 3022 καὶ
234 2954 577 3023 πλακοῦντας
620 2958 716 3011 καὶ
763 2953 1144 3025 ἀστραγάλους
1192 2952 1285 3005 καὶ
1330 2950 1496 3019 ἕτερά
1552 2968 1674 3003 τινα

81 3050 319 3105 τοιαῦτα
342 3045 600 3108 πολλάκις
630 3044 743 3104 τοῖς
766 3042 978 3111 μικροῖς
1004 3037 1410 3109 προτεινόμενοι
1442 3035 1675 3099 παιδίοις

85 3136 189 3190 καὶ
216 3132 576 3195 δελεάζοντες,
615 3128 714 3196 τῆς
763 3123 1076 3194 ἐλευθερίας
1114 3120 1254 3174 αὑτά
1290 3119 1382 3172 καὶ
1403 3118 1505 3190 τῆς
1530 3118 1674 3190 ζωῆς

80 3214 492 3287 ἀποστεροῦσιν
518 3211 687 3281 αὐτῆς
708 3224 721 3237 ·
764 3207 908 3261 οὑτω
938 3206 1003 3277 δὴ
1044 3206 1139 3257 καλ⁸
1165 3205 1229 3287 oi,
1262 3201 1538 3287 δαίμονες,
1581 3202 1675 3273 μέ-

86 3302 220 3363 λους
249 3284 667 3368 ὑπισχνούμενοι
693 3290 1009 3362 θεραπείαν,
1031 3287 1159 3358 ὃλην
1183 3286 1283 3356 τῆς
1313 3284 1494 3368 ψυχῆς
1510 3301 1680 3368 κατα-

83 3367 406 3446 ποντίζουσι
425 3381 522 3450 τὴν
550 3375 846 3447 σωτηρίαν.
877 3372 1017 3427 ’Δλλ’
1042 3374 1204 3443 ήμεῖς
1235 3370 1309 3440 μὴ
1333 3367 1678 3439 ἀνεχώμεθα,

80 3465 393 3535 ἀγαπητοὶ,
425 3462 540 3517 ἀλλ’
575 3463 640 3513 ἐκ
670 3458 872 3521 παντὸς
908 3455 1111 3529 τρόπου
1146 3453 1399 3524 ζητῶμεν
1426 3452 1679 3515 ἀσεϐείας

84 3548 439 3617 ἀπαλλαγήν.
473 3544 565 3615 Μὴ
596 3542 705 3613 γὰρ
733 3542 834 3594 οὐκ
866 3540 1096 3610 ἠδύνατο
1126 3541 1155 3592 6
1204 3535 1322 3589 Ἰὼϐ
1368 3539 1433 3607 τῇ
1460 3535 1680 3603 γυναικὶ

88 3632 342 3695 πεισθεὶς
368 3628 757 3700 βλασφημῆσαι
779 3627 859 3689 εἰς
882 3624 973 3676 τὸν
999 3622 1152 3683 Θεὸν,
1175 3622 1270 3675 καὶ
1298 3619 1683 3689 ἀπαλλαγῆναι

87 3720 194 3790 τῆς
219 3712 568 3785 ἐπικειμένης
592 3710 913 3782 συμφορᾶς;
944 3705 1089 3790 Εἰπέ·
1108 3704 1217 3790 γάρ
1244 3721 1319 3790 τι,
1346 3704 1501 3775 φησὶ,
1517 3701 1684 3790 ρῇμα

89 3786 249 3869 πρὸς
291 3799 541 3866 Κύριον,
601 3794 701 3848 καί
733 3792 1001 3845 τελεύτα.
1063 3789 1201 3840 Ἀλλ’
1250 3788 1423 3843 εἵλετο
1482 3786 1682 3858 μᾶλλον

86 3881 388 3937 ὀδυνᾶσθαι
428 3881 522 3933 καὶ
568 3876 855 3950 τήκεσθαι,
900 3875 993 3928 κα)⁸
1030 3873 1127 3943 τὴν
1160 3872 1435 3943 ἀφόρητον
1462 3870 1681 3941 ἐκείνην

91 3966 316 4038 πληγὴν
359 3964 626 4030 ἐνεγκεῖν,
664 3961 697 4031 ἢ
751 3958 1150 4029 βλασφημήσας
1202 3955 1543 4026 ἀπηλλάχθαι
1576 3954 1684 4038 τῶν

91 4037 468 4119 ἐπικειμένων
518 4046 725 4099 κακῶν.
771 4042 974 4095 Τοῦτον
1016 4040 1109 4094 καὶ
1162 4041 1226 4093 σὺ
1273 4038 1544 4109 ζήλωσον’
1580 4037 1685 4093 κᾶν

94 4134 303 4207 μυρίας
330 4134 358 4186 ό
396 4130 602 4200 δαίμων
630 4125 1025 4197 ἐπαγγείληται
1069 4124 1177 4177 τῶν
1196 4121 1573 4207 ἐπικειμένων
1603 4138 1684 4207 σοι

89 4203 286 4279 λύσεις
316 4212 521 4276 κακῶν,
558 4211 633 4283 μὴ
658 4210 907 4280 πεισθῇς,
944 4208 1079 4279 μηδέ
1107 4206 1339 4275 ἀνάσχῃ,
1376 4203 1626 4274 καθάπερ
1657 4206 1685 4257 6

87 4302 309 4363 δίκαιος
344 4299 447 4351 οὑκ
492 4294 721 4364 ἐπείσθη
772 4296 839 4363 τῇ
881 4290 1137 4361 γυναικί·
1174 4289 1288 4344 ἁλλ’
1322 4287 1442 4341 ἑλοῦ
1485 4287 1684 4358 μᾶλλον

90 4381 508 4456 ἐγκαρτερῆσαι
542 4378 620 4449 τῷ
649 4378 954 4448 νοσήματι,
1006 4375 1040 4447 ἢ
1093 4376 1193 4446 τὴν
1240 4373 1425 4425 πίστιν
1466 4372 1557 4425 καὶ
1585 4372 1685 4442 τὴν

92 4465 375 4538 σωτηρίαν
400 4464 499 4535 τῆς
535 4462 636 4532 σῆς
668 4460 931 4514 ἀπολέσαι
958 4458 1156 4530 ψυχῆς.
1192 4459 1266 4512 Οὑ
1300 4456 1410 4526 γὰρ
1450 4457 1685 4524 ἐγκατα-

89 4552 388 4622 λιμπάνων
425 4564 483 4600 σε
516 4549 544 4599 6
570 4544 723 4608 Θεὸς,
749 4544 883 4596 ἀλλά
907 4543 1285 4614 λαμπρότερον
1316 4541 1538 4611 ποιῆσαι
1561 4539 1684 4610 βου-

91 4635 349 4706 λόμενος,
378 4632 572 4701 ἀφίησι
605 4630 729 4691 ταῖέ
752 4626 1087 4700 ἀρρωστίαις
1114 4627 1376 4697 ἐμπεσεῖν
1402 4624 1682 4687 πολλάκις.

90 4718 247 4773 Μένε
277 4708 456 4770 τοίνυν
484 4711 792 4784 καρτερῶν,
820 4711 905 4763 ἴνα
931 4710 1026 4763 καὶ
1059 4710 1122 4763 σὺ
1156 4709 1418 4781 ἀκούσῃς,
1451 4710 1506 4760 Μ
1514 4706 1547 4775 ὴ
1576 4707 1690 4760 ἆλ-

86 4809 223 4867 λως
256 4818 332 4870 με
372 4799 484 4854 οἴει
530 4811 629 4851 σοι
673 4794 1208 4864 κεχρηματικέναι,
1246 4792 1284 4861 ἢ
1322 4793 1421 4845 ἵνα
1456 4790 1686 4857 δίκαιος

88 4883 421 4955 ἀναφανῇς
440 4900 457 4947 ;

171 4971 245 5023 θ’.
263 4968 420 5039 Ἐνῆν
435 4967 532 5037 μὲν
550 4961 643 5020 οὖν
658 4964 754 5018 καὶ
779 4961 985 5016 τούτων
1003 4961 1173 5015 πλείω
1187 4960 1381 5026 εἰπεῖν,
1411 4958 1526 5013 ἀλλ’
1544 4959 1685 5013 ὥστε

95 5054 181 5127 μὴ
204 5051 315 5106 τῶν
338 5050 641 5122 εἰρημένων
675 5048 775 5119 τὴν
810 5047 1028 5118 μνήμην
1060 5044 1420 5115 λυμήνασθαι,
1456 5041 1686 5127 ἐνταῦθα

92 5125 396 5192 καταλύσω
426 5134 518 5186 τὸν
549 5132 727 5200 λόγον,
756 5131 825 5184 τὰ
843 5128 939 5182 τοῦ
964 5128 1207 5191 Μωσέως
1241 5129 1462 5197 ῥήματα
1492 5125 1680 5181 εἰπών·

91 5218 573 5289 Διαμαρτύρομαι
611 5215 755 5285 ὑμῖν
804 5215 913 5267 τὸν
962 5210 1228 5281 οὐρανὸν
1258 5210 1357 5263 καὶ
1390 5210 1506 5277 τὴν
1532 5209 1681 5279 γῆν,

90 5309 185 5359 ὅτι
217 5304 313 5357 ἐάν
351 5301 489 5371 τιςῆ
518 5300 627 5353 τῶν
657 5299 941 5369 παρόντων
967 5295 1155 5366 ὑμῶν,
1193 5294 1227 5364 ἦ
1258 5294 1370 5346 τῶν
1394 5293 1643 5347 ἀπόντων
1665 5335 1680 5359 ,

93 5389 242 5461 πρὸς
271 5387 369 5458 τὴν
397 5385 632 5457 θεωρίαν
651 5382 866 5453 ἀπέλθῃ
900 5380 1011 5433 τῶν
1040 5378 1383 5447 σαλπίγγων,
1416 5378 1451 5450 ἦ
1482 5379 1562 5461 εἰς
1585 5376 1685 5448 τὴν

94 5458 428 5540 συναγωγὴν
455 5469 764 5540 ἀπαντήσῃ,
794 5466 827 5536 ἣ
863 5467 943 5528 είς
967 5464 1036 5518 τὰ
1070 5462 1378 5534 Ματρώνης
1403 5458 1622 5533 ἀνέλθῃ,
1650 5460 1684 5533 ἢ

90 5555 327 5627 νηστείᾳ
362 5553 685 5622 κοινωνήσῃ,
722 5551 756 5620 ἢ
784 5548 1072 5603 σαϐϐάτων
1106 5547 1385 5618 μετάσχῃ,
1430 5544 1612 5616 ἧάλλο
1632 5561 1684 5597 τι

94 5638 362 5713 μικρὸνή
402 5636 546 5707 μέγα
582 5633 871 5687 Ἰουδαϊκὸν
922 5631 1040 5695 ἐθος
1084 5631 1392 5713 ἐπιτελέσῃ,
1446 5627 1687 5713 καθαρὸς

89 5707 219 5794 ἐγω
243 5707 360 5774 ἀπὸ.
379 5720 473 5773 τοῦ
505 5719 735 5791 αἵματος
768 5716 921 5787 ὑμῶν
954 5717 1195 5770 πάντων.
1241 5707 1402 5768 Οὗτοι
1444 5714 1494 5765 οί
1536 5712 1687 5794 λόγοι

89 5793 544 5877 παραστήσονται
570 5805 627 5854 ἐν
660 5804 726 5871 τῇ
753 5800 933 5871 ἡμέρᾳ
959 5799 1051 5852 τοῦ
1075 5799 1281 5869 Κυρίου
1311 5795 1471 5867 ήμῶν
1503 5793 1677 5867 Ἰησοῦ

92 5888 341 5960 Χριστοῦ
370 5888 466 5940 καὶ
490 5887 612 5957 ἐμοὶ
640 5886 734 5939 καὶ
760 5885 904 5955 ὑμῖν,
925 5884 1028 5937 κᾶν
1055 5885 1151 5952 μὲν
1177 5880 1455 5952 πεισθῆτε,
1479 5879 1677 5949 πολλὴν

92 5977 231 6046 ὑμῖν
279 5971 574 6045 παρέξουσι
617 5967 766 6042 [600]
806 5968 904 6040 τὴν
940 5966 1281 6039 παρρησίαν·
1327 5965 1391 6019 ἂν
1434 5964 1488 6019 δὲ
1532 5980 1673 6036 παρ-

1269 336 1639 395 ADVERSUS
1669 331 1962 391 JUDIEOS
2001 329 2041 382 1.

3232 328 3336 385 ὸόϐ

1759 436 2025 506 ἀκούσητε
2045 478 2060 500 ,
2098 438 2131 507 ή
2171 453 2320 500 τινας
2344 436 2453 490 τῶν
2479 438 2547 492 τὰ
2578 438 2806 494 τοιαῦτα
2870 434 3189 508 τολμώντων
3206 439 3341 489 ἀπο-

1755 520 2023 591 κρύψῃτε,
2056 517 2245 589 ὥσπερ
2280 523 2574 593 κατήγοροι
2606 522 2823 593 σφοδροὶ
2850 519 3339 578 ἀντικαταστήσον-

1753 622 1842 658 ται
1869 605 2017 674 ὑμῖν.
2048 604 2130 656 Οὺ
2153 603 2263 673 γὰρ
2285 605 2357 656 ὑλ
2369 591 2864 673 ὲστειλὰμηνντοῦ
2885 604 2970 673 μὴ
2992 603 3339 674 ἀναγγεῖλαι

1755 689 1898 758 ὑμῖν
1924 686 2131 742 πᾶσαν
2154 687 2269 756 τὴν
2285 688 2533 754 βουλὴν
2563 690 2666 743 τοῦ
2691 690 2859 751 Θεοῦ,
2894 689 3030 743 ἀλλά
3061 688 3155 743 καὶ
3182 689 3340 742 κατέ-

1757 772 1919 824 ϐαλον
1957 771 2017 825 τὸ
2042 771 2302 844 ἀργύριον
2331 771 2425 825 ἐπὶ
2456 773 2580 835 τοὺς
2609 773 2964 842 τραπεζίτας.
3007 773 3191 843 ’Υμῶν
3226 776 3341 825 ἐστι

1757 854 1941 908 λοιπὸν
1963 855 2253 909 πλεονάσαι
2278 854 2340 908 τὸ
2376 854 2712 926 καταϐληθὲν
2733 898 2747 919 ,
2784 857 2879 910 καὶ
2920 860 2987 927 τῇ
3012 857 3110 926 τῆς
3136 857 3339 927 ἀκροάη

1761 956 1898 1002 σεως
1944 939 2182 1010 ὠφελείᾳ
2244 939 2382 1011 πρὸς
2430 940 2525 1011 τὴν
2580 940 2853 1011 σωτηρίαν
2904 941 3014 992 τῶν
3059 939 3341 1011 ὑμετέρων

1760 1022 2004 1091 ἀδελφῶν
2038 1023 2479 1094 ἀποχρήσασθαι.
2516 1024 2677 1077 Ἀλλά
2703 1024 2960 1095 φορτικὸν
2991 1024 3083 1076 καὶ
3105 1025 3341 1094 ἐπαχθὲς

1761 1107 2154 1175 καταγγέλλειν
2188 1110 2314 1171 τοὺς
2351 1109 2421 1161 τά
2448 1106 2677 1161 τοιαῦτα
2705 1108 3120 1177 ἁμαρτάνοντας
3148 1123 3161 1169 ;
3206 1108 3343 1177 Φορ-

1760 1192 1909 1245 τικὸν
1941 1192 2039 1263 μὲν
2068 1188 2161 1246 οῦν
2186 1192 2281 1245 καὶ
2312 1192 2550 1261 ἐπαχθὲς
2590 1193 2768 1262 σιγᾷν.
2801 1192 2911 1244 Καὶ
2937 1192 3043 1260 γάρ
3079 1192 3207 1261 ὑμῖν
3232 1195 3344 1254 τοῖς

1762 1276 2195 1346 ἀποκρύπτουσι,
2216 1277 2491 1339 κάκείνοις
2515 1279 2627 1339 τοῖς
2656 1274 3010 1329 λανθάνουσιν
3035 1275 3228 1343 ἐπάγει
3250 1275 3343 1328 τὸν

1761 1360 1980 1431 ὀλεθρον
2016 1359 2156 1430 αὕτη
2195 1364 2228 1431 ἡ
2269 1361 2415 1431 σιγὴ,
2464 1360 2553 1413 τὸν
2586 1360 2718 1415 Θεὸν
2768 1359 2897 1431 ὑμῖν
2941 1359 3338 1429 ἐκπολεμοῦσα.

1764 1446 1921 1516 Πόσῳ
1963 1446 2019 1499 δὲ
2061 1446 2265 1515 βέλτιον
2314 1448 2426 1509 τοῖς
2472 1444 2776 1508 συνδούλοις
2814 1443 3216 1515 ἀπεχθάνεσθαι
3251 1444 3347 1496 ἐπὶ

1766 1530 2030 1602 σωτηρίᾳ,
2060 1530 2092 1600 ἢ
2134 1530 2226 1584 τὸν
2260 1530 2537 1599 Δεσπότην
2581 1528 2901 1601 παροξύνειν
2944 1528 3067 1582 καθ’
3101 1528 3306 1581 ἑαυτῶν
3328 1569 3341 1589 ,

1765 1608 1932 1678 Οὑτος
1961 1614 2057 1683 μὲν
2078 1613 2187 1684 γάρ
2216 1614 2319 1667 κᾶν
2351 1614 2713 1686 ἀγανακτήσῃ
2736 1612 2850 1680 νῦν,
2884 1613 3037 1666 οὐδέν
3061 1630 3119 1665 σε
3145 1611 3348 1682 βλάψαι

1764 1699 2079 1768 δυνήσεται,
2130 1698 2330 1769 μᾶλλον
2376 1698 2431 1751 δέ
2479 1698 2573 1751 καὶ
2623 1698 2782 1768 χάριν
2832 1697 3037 1750 εἴσεταί
3078 1714 3161 1749 σοι
3205 1696 3343 1767 μετά

1764 1782 1936 1837 ταῦτα
1960 1782 2068 1854 ,τῆς
2101 1782 2359 1854 ἰατρείας·
2393 1785 2421 1835 6
2449 1783 2504 1836 δὲ
2540 1782 2693 1845 Θεὸς,
2737 1782 2803 1835 ἂν
2835 1781 2915 1851 τῷ
2940 1780 3213 1851 συνδούλῳ
3245 1798 3342 1834 σου
3404 1801 3409 1807 ·

1765 1869 1864 1937 τὴν
1897 1852 2169 1937 ἐπιϐλαϐἦ
2195 1852 2560 1938 χαριζόμενος
2597 1866 2779 1936 χάριν.
2812 1867 3047 1936 σιγήσῃς
3079 1866 3175 1918 καὶ
3202 1867 3343 1919 ἀπο-

1765 1951 2001 2021 κρύψῃς,
2036 1951 2134 2021 τὴν
2167 1952 2401 2021 ἐσχάτην
2432 1951 2726 2020 ἀπαιτήσει
2762 1967 2820 2001 σε
2850 1949 3026 2020 δίκην.
3059 1950 3221 2003 Ὥστε
3258 1968 3342 2003 σι-

1767 2035 1879 2102 γῶν
1907 2036 2024 2106 μὲν,
2054 2034 2257 2088 καὶτὸν
2279 2033 2411 2087 Θεὸν
2442 2033 2846 2103 ὲκπολεμώσεις
2878 2033 3111 2102 σεαυτῷ,
3142 2035 3237 2086 καὶ
3254 2035 3359 2088 τὸν.

1767 2117 1994 2186 ἀδελφὸν
2028 2117 2271 2189 βλάψεις·
2290 2116 2678 2185 καταγγέλλων
2694 2116 2749 2170 δὲ
2773 2116 2868 2170 καὶ
2901 2116 3134 2189 φανερὸν
3156 2118 3344 2177 ποιῶν,

1767 2202 2015 2255 κάκεῖνον
2044 2202 2187 2266 ἔξεις
2214 2201 2394 2262 ἵλεων,
2412 2201 2506 2254 καὶ
2532 2200 2721 2255 τοῦτον
2753 2200 3051 2272 κερδανεῖς,
3075 2204 3169 2255 καὶ
3195 2202 3349 2271 φίλον

1770 2287 1944 2357 κτήσῃ
1971 2286 2216 2356 μανικὸν,
2236 2288 2302 2357 τῇ
2328 2285 2494 2356 πείρα
2520 2284 2618 2355 τὴν
2638 2285 2957 2356 εὐεργεσίαν
2979 2286 3236 2357 μαθόντα.
3259 2286 3353 2356 Μὴ

1767 2370 1947 2423 τοίνυν
1974 2369 2224 2440 νομίζετε
2259 2368 2580 2439 χαρίζεσθαι
2611 2371 2724 2431 τοῖς
2748 2369 3039 2441 ὑμετέροις
3074 2370 3347 2438 ἀδελφοῖς,

1769 2451 1822 2504 εί
1844 2470 1899 2505 τι
1925 2452 2035 2505 τῶν
2060 2453 2277 2506 ἀτόπων
2306 2452 2541 2522 ὁρῶντες
2570 2451 2876 2523 μετιόντας,
2898 2452 2972 2523 μὴ
3005 2454 3143 2522 μετὰ
3169 2453 3355 2523 πάσης

1770 2536 2042 2606 ἐλέγχοιτε
2072 2537 2170 2607 τῆς
2199 2536 2577 2607 σφοδρότητος.
2632 2535 2869 2606 Ἰμάτιον
2912 2536 3006 2589 ἐὰν
3042 2536 3314 2608 ἀπολέσῃς
3334 2578 3350 2601 ,

1774 2622 1848 2689 μὴ
1880 2620 1970 2673 τὸν
1995 2620 2296 2688 κεκλοφότα
2327 2618 2507 2688 μόνον,
2554 2618 2676 2687 οὐχὶ
2724 2618 2820 2671 καὶ
2853 2618 2946 2671 τὸν
2971 2619 3244 2673 συνειδότα
3272 2619 3369 2691 τῷ·

1771 2703 1981 2778 κλέπτῃ
2035 2704 2126 2761 καὶ
2186 2703 2267 2773 μὴ
2328 2702 2803 2770 καταγγέλλοντα,
2860 2702 3061 2772 ὁμοίως
3110 2704 3351 2774 νομίζεις

1771 2788 1994 2858 ἐχθρόν;
2047 2788 2109 2840 'H
2146 2785 2514 2857 μήτηρήμῶν
2553 2787 2585 2856 ή
2628 2786 2783 2855 κοινὴ
2825 2788 2925 2857 οὑχ
2967 2787 3202 2857 ἱμάτιον,
3231 2788 3351 2841 ἀλλ’

1772 2871 2000 2939 ἀδελφὸν
2033 2868 2345 2923 ἀπώλεσεν·
2400 2868 2627 2938 ἔκλεψεν
2662 2870 2826 2923 αὑτὸν
2877 2872 2906 2923 ὁ
2951 2869 3218 2935 διάϐολος,
3258 2870 3371 2925 καὶ»

1773 2954 1991 3026 κατέχει
2019 2954 2114 3007 νῦν
2146 2956 2202 3007 ἐν
2234 2953 2311 3024 τῷ
2354 2952 2672 3024 ίουδαῖσμῷο
2718 2950 2866 3015 οἶδας
2895 2953 2986 3007 τὸν
3012 2955 3317 3024 κεκλοφότα
3336 2994 3353 3017 ,

1772 3034 1920 3101 οἶδας
1964 3038 2056 3091 τὸν
2099 3038 2413 3091 κλαπέντα·
2463 3039 2597 3108 ὁρᾷς
2650 3038 2784 3107 ἐμὲ,
2831 3036 3085 3109 καθάπερ
3128 3039 3352 3111 λύχνον,

1774 3123 2015 3178 ἆπτοντα
2061 3122 2162 3192 τῆς
2206 3120 2554 3184 διδασκαλίας
2593 3120 2686 3174 τὸν
2712 3120 2897 3188 λόγον,
2942 3122 3036 3175 καὶ
3080 3126 3357 3196 πανταχοῦ

1775 3206 2039 3276 ζητοῦντα
2063 3207 2158 3259 καὶ
2182 3205 2535 3275 κοπτόμενον’
2561 3206 2656 3260 καὶ
2691 3206 2754 3259 σὺ
2778 3206 3015 3276 ἕστηκας
3049 3210 3239 3277 σιγῶν,
3262 3210 3359 3264 καὶ

1774 3292 1835 3345 οὑ
1873 3290 2297 3359 καταγγέλλεις;
2323 3292 2418 3343 καὶ
2457 3290 2613 3344 ποίαν
2644 3290 2789 3355 ἔξεις
2837 3292 3198 3363 συγγνώμηνς
3239 3294 3360 3358 πῶς

1774 3375 1831 3428 δὲ
1858 3376 1960 3428 οὑκ
1984 3377 2042 3427 ἐν
2073 3377 2182 3437 τοῖς
2203 3373 2454 3444 ἐσχάτοις
2488 3391 2548 3426 σε
2580 3374 2690 3427 τῶν
2734 3374 2948 3446 ἐχθρῶν
2985 3378 3018 3447 ή
3063 3377 3360 3449 Ἐκκλησία

1775 3458 2056 3527 λογιεῖται,
2084 3458 2180 3511 καὶ
2207 3458 2464 3527 πολέμιον
2487 3458 2750 3527 ἡγήσεται
2772 3460 2866 3512 καὶ
2896 3459 3147 3531 λυμεῶνα
3165 3479 3182 3528 ;
3201 3462 3360 3516 Ἀλλά

1781 3542 1857 3612 μὴ
1883 3541 2094 3610 γένοιτο
2125 3540 2331 3611 μηδένα
2365 3538 2473 3592 τῶν
2514 3540 2716 3612 ταύτης
2748 3542 3055 3597 ἀκουόντων
3091 3546 3192 3613 τῆς
3222 3563 3360 3615 συμ-

1780 3625 1997 3696 ϐουλῆς,
2014 3623 2269 3694 τοιαύτην
2297 3623 2573 3694 ἁμαρτίαν
2593 3625 2724 3678 ποτέ
2750 3626 3035 3696 ἁμαρτεῖν,
3054 3626 3195 3680 ῶστε
3224 3644 3360 3698 προ-

1778 3709 1962 3762 δοῦναι
1991 3708 2240 3776 ἀδελφὸν,
2272 3708 2411 3779 ὑπὲρ
2435 3704 2495 3762 οὑ
2528 3707 2761 3779 Χριστὸς
2802 3709 3093 3763 ἀπέθανεν.
3138 3711 3195 3763 '0
3222 3712 3358 3782 Χρι-

1782 3792 1905 3855 στὸς
1938 3792 1998 3844 τὸ
2032 3786 2172 3861 αἷμα
2225 3790 2438 3859 ἐξέχεεν
2482 3791 2552 3843 δι’
2587 3790 2783 3844 αὑτόν·
2830 3791 2895 3843 σὺ
2926 3790 2983 3844 δὲ
3035 3792 3157 3845 οὑδέ
3199 3792 3379 3860 λόγον»

1781 3874 2043 3945 προέσθαι
2083 3874 2150 3927 δι’
2178 3874 2341 3927 αὑτὸν
2379 3875 2703 3945 ὑπομένεις;
2739 3876 2854 3946 Μὴ,
2888 3876 3207 3946 παρακαλῶ.
3243 3876 3358 3931 ἀλλ’

1782 3959 1983 4021 εὑθέως
2008 3956 2257 4011 ἐντεῦθεν
2283 3958 2755 4029 ἀναχωρήσαντες,
2780 3961 2871 4013 ἐπὶ
2904 3960 3003 4031 τήν
3029 3960 3204 4031 θήραν
3227 3960 3360 4015 ταύο

1783 4059 1883 4112 την
1914 4040 2230 4112 ἐπείχθητε,
2260 4042 2355 4093 καὶ
2391 4040 2621 4105 ἕκαστος
2660 4040 2815 4113 ὑμῶν
2837 4046 2931 4099 ἕνα
2968 4062 3057 4116 μοι
3080 4045 3383 4115 κομισάτωη

1782 4127 1890 4179 τῶν
1919 4126 1989 4179 τὰ
2018 4128 2245 4180 τοιαῦτα
2289 4125 2623 4179 νοσούντων*
2678 4128 2877 4198 μᾶλλον
2927 4128 2983 4183 δὲ
3031 4129 3106 4199 μὴ
3155 4130 3364 4197 γένοιτο

1781 4211 2070 4274 τοσούτους
2110 4206 2250 4263 εἶναι
2299 4209 2428 4273 τοὺς
2480 4210 2806 4276 νοσοῦντας·
2844 4213 2947 4267 ’δύο
2986 4214 3079 4266 καὶ
3124 4216 3274 4284 τρεῖς
3304 4213 3366 4278 ἐξ

1783 4295 1960 4366 ὑμῶν,
1994 4294 2028 4365 ἢ
2059 4294 2153 4348 καῖ⁹
2178 4294 2311 4347 δέκα
2336 4294 2430 4345 καὶ
2464 4294 2659 4357 εἰκοσι,
2681 4295 2779 4348 ἕνα
2820 4314 2908 4366 μοι
2933 4296 3320 4367 κομισάτωσαν
3344 4338 3361 4361 ,

1785 4380 1871 4433 ἵνα
1904 4379 2044 4432 κατά
2066 4378 2165 4449 τὴν
2212 4378 2426 4449 ἡμέραν
2470 4378 2690 4449 ἐκείνην
2722 4378 2844 4433 ἰδὼν
2871 4382 2969 4449 τὴν
3010 4382 3185 4452 ἄγραν
3233 4382 3369 4435 εῖσωη

1783 4465 1893 4518 τῶν
1915 4461 2146 4516 δικτύων
2175 4462 2475 4533 γενομένην
2500 4475 2549 4527 ει,
2566 4463 2956 4534 δαψιλεστέραν
2979 4466 3106 4535 ὑμῖν
3134 4465 3368 4535 παραθῶ

1783 4548 1881 4620 τὴν
1921 4546 2223 4619 τράπεζαν.
2257 4548 2355 4599 Ἂν
2389 4547 2499 4617 γὰρ
2536 4546 2630 4600 ἴδω
2651 4547 2751 4619 τὴν
2777 4551 3014 4622 σήμερον
3057 4537 3366 4619 συμϐουλὴν

1785 4635 1865 4696 είς
1901 4631 2061 4703 ἔργον
2098 4630 2500 4700 ἐκϐεϐηκυῖαν,
2549 4631 2687 4700 μετά
2740 4632 2982 4695 πλείονος
3026 4632 3235 4703 ἅψομαι
3263 4633 3365 4703 τῆς

1786 4714 2097 4787 προθυμίας
2144 4714 2242 4783 τῆς
2280 4714 2417 4785 πρὸς
2455 4714 2695 4778 ἐκείνους
2741 4715 3011 4786 ἰατρείας,
3071 4717 3165 4769 καὶ
3204 4716 3365 4770 πλέον

1785 4798 1938 4855 ἔσται
1960 4798 2021 4850 τὸ
2050 4796 2237 4869 κέρδος
2268 4797 2364 4850 καὶ
2387 4798 2525 4863 ὑμῖν
2542 4799 2835 4861 κάκείνοις.
2863 4800 2954 4869 Μὴ
2972 4798 3148 4851 τοίνυν
3170 4799 3364 4866 ὀλιγω-

1788 4884 2029 4955 ρήσητε,
2065 4881 2200 4934 ἀλλά
2248 4883 2343 4935 καὶ⁵
2387 4885 2646 4950 γυναῖκες
2687 4885 2983 4951 γυναῖκας,
3030 4882 3122 4935 καὶ
3174 4881 3364 4953 ἄνδρες

1784 4966 2001 5036 ἄνδρας,
2054 4966 2147 5019 καὶ
2180 4966 2361 5019 δοῦλοι
2409 4965 2650 5030 δούλους,
2693 4966 2788 5019 καὶ⁸
2832 4965 3107 5035 ἐλεύθεροι
3152 4964 3366 5018 ἐλευθέ-

1787 5067 1934 5121 ρους,
1961 5052 2053 5103 καὶ
2090 5050 2278 5113 παῖδες
2328 5048 2545 5112 παῖδας,
2596 5050 2687 5101 καὶ
2749 5049 2949 5111 πάντες
2999 5048 3187 5112 ἀπλῶς
3227 5048 3365 5119 μετά

1784 5120 2068 5206 ἀκριϐείας
2104 5134 2321 5205 ἀπάσης
2354 5136 2479 5198 τοὺς
2507 5134 2577 5187 τὰ
2601 5134 2825 5186 τοιαῦτα
2852 5134 3140 5198 νοσοῦντας
3165 5133 3363 5205 θηρεύ-

1786 5234 1998 5280 σαντες,
2028 5217 2202 5278 οὕτως
2234 5220 2315 5280 είς
2342 5222 2439 5287 τὴν
2464 5217 2724 5271 ἐπιοῦσαν
2750 5218 3096 5287 ἀπαντήσατε
3123 5217 3364 5285 σύναξιν,

1784 5300 1873 5353 ἵνα
1911 5301 2004 5353 καὶ
2030 5299 2125 5353 τοῦ
2149 5302 2277 5369 παρ’
2298 5302 2330 5369 ή
2341 5301 2457 5371 μῶν
2484 5301 2709 5354 ἐπαίνου
2746 5300 2968 5372 τύχητε,
3004 5302 3099 5355 καί
3124 5302 3228 5373 πρὸ
3259 5302 3366 5355 τῶν

1783 5384 2068 5453 ἡμετέρων
2103 5384 2395 5454 ἐγκωμίων
2428 5384 2524 5437 τὸν
2544 5383 2698 5456 παρὰ
2722 5384 2817 5438 τοῦ
2842 5385 2977 5440 Θεοῦ
3006 5386 3195 5459 μισθὸν
3214 5386 3364 5460 [601]

1785 5466 2166 5538 ἐπισπάσησθε
2193 5466 2285 5519 τὸν
2315 5467 2483 5524 πολὺν
2510 5469 2604 5522 καὶ
2629 5468 2857 5538 ἄφατον,
2894 5473 2989 5524 καὶ
3017 5472 3143 5535 τοὺς
3173 5472 3367 5534 πόνους

1783 5550 1891 5604 τῶν
1932 5550 2342 5621 κατορθούντων
2380 5551 2779 5623 ὑπερϐαίνοντα
2822 5554 3003 5625 πολλῷ
3030 5555 3108 5625 τῷ
3145 5556 3364 5625 μέτρῳ’

1783 5630 1845 5689 οὑ
1879 5634 2086 5702 γένοιτο
2116 5634 2323 5699 πάντας
2353 5637 2503 5705 ἡμᾶς
2532 5639 2832 5716 ἐπιτμχεῖν,
2854 5640 3036 5710 χάριτι
3063 5641 3156 5692 καὶ
3181 5639 3366 5707 φιλαν-

1786 5717 2004 5788 θρωπία
2035 5718 2130 5771 τοῦ
2157 5719 2361 5789 Κυρίου
2390 5721 2543 5790 ήμῶν
2588 5715 2763 5792 Ἰησοῦ
2796 5723 3054 5794 Χριστοῦ,
3087 5724 3154 5775 δι’
3186 5715 3246 5775 οὗ
3272 5723 3367 5776 καὶ

1794 5802 1912 5871 μεθ’
1946 5797 2007 5856 οῦ
2039 5802 2115 5873 τῷ
2139 5804 2309 5873 Πατρῖ
2336 5805 2481 5871 δόξα,
2526 5806 2641 5876 ἆμα
2668 5806 2749 5876 τῷ
2772 5806 2910 5875 ἁγίῳ
2937 5806 3235 5875 Πνεύματι,
3271 5806 3375 5864 νῦν.

1786 5886 1879 5937 καὶ.
1907 5886 2012 5947 ἀεὶ,
2040 5887 2134 5939 καὶ
2162 5890 2243 5950 εἰς
2271 5891 2397 5951 τοὺς
2420 5889 2619 5952 αἰῶνας
2654 5889 2761 5942 τῶν
2789 5889 3018 5943 αἰώνων.
3066 5889 3263 5961 Ἀμήν..

1845 5974 1861 5996 ⁸
1883 5975 1977 6025 Alii
2000 5980 2324 6041 γεγενημένην.
