3920 6242
86 321 169 372 κςίῖ
753 310 820 367 IN
861 307 991 366 EOS
1027 305 1144 374 QUI
1182 303 1321 360 CUM
1357 301 1502 359 JUD.
1543 297 1905 356 JEJUNANT.
1949 294 2304 352 ADV'ERSUS
2341 293 2485 350 JUD.
2529 293 2592 350 ll.

3238 264 3302 318 83'
3309 269 3342 322 8

118 431 3332 469 _________________.______.____._—_———_—__———_—___

84 547 386 590 emensus
449 545 563 588 eos
618 542 725 596 QUI
769 536 1130 583 JUDEORUM
1171 531 1484 577 JEJUNIUM
1527 525 1868 576 JEJUNANT,
1898 523 1978 566 ET
2020 521 2340 566 snvensus
2386 521 2550 563 IPSOS
2593 521 2846 565 somnos

2894 524 2909 562 ζ
2959 523 3144 566 υιετιι
3229 521 3344 566 EST

114 650 316 695 AL'TEM
364 647 642 693 HOMILIA
684 641 965 698 θυωροε
990 636 1217 683 ωειιυε
1261 634 1428 680 ANTE
1470 628 1675 682 JEJUNI

1781 629 1784 668 ζ
1829 624 2126 680 ιρεοιιυω,
2160 624 2239 666 ΕΤ
2265 623 2394 665 CUM
2426 622 2571 665 ΔιιΑ
2602 622 2784 666 PRIUS
2819 625 3051 667 ΗΑΒΙΤΔ
3088 624 3298 668 ESSET.

1481 763 1900 819 (30³000100ὶῶ

601 916 798 958 ORATIO
825 915 1078 956 SECUNDL.

133 1003 173 1054 Ι.
196 1000 390 1052 Avocat
410 993 479 1046 ab
502 992 781 1050 immundis
804 993 1102 1046 Juda'orum
1136 986 1368 1059 jejuniis.
1417 1013 1488 1024 -ο
1535 980 1651 1035 Jam

84 1095 298 1160 iniquum
332 1089 465 1145 illud
513 1097 568 1141 et
610 1084 940 1140 immundum
968 1081 1270 1139 Judaeorum
1309 1074 1569 1146 jejunium
1601 1072 1652 1124 in

85 1185 263 1239 foribus
304 1182 482 1236 adest.
515 1178 691 1233 Nolite
732 1190 860 1231 vero
890 1172 1108 1235 mirari,
1138 1170 1183 1225 si
1225 1166 1482 1238 jejunium
1528 1163 1654 1216 illud

85 1273 394 1329 immundum
424 1269 687 1340 appellavi
708 1286 721 1323 :
742 1265 884 1338 quod
910 1265 1052 1320 enim
1080 1270 1272 1333 praeter
1299 1258 1390 1313 Dei
1421 1265 1652 1310 mentem

87 1367 169 1431 fu,
195 1367 302 1421 sive
345 1363 673 1418 sacrificium
715 1361 828 1414 sive
850 1356 1111 1427 jejunium
1155 1353 1260 1416 sit,
1293 1350 1530 1404 omnium
1575 1355 1658 1400 est

88 1459 512 1527 impurissimum.
537 1455 778 1524 Iniquum
805 1452 964 1522 igitur
991 1450 1228 1519 ipsorum
1251 1443 1508 1514 jejunium
1537 1447 1659 1511 post

85 1550 294 1618 quinque
321 1548 582 1616 deinceps
605 1545 718 1600 dies
749 1544 926 1605 instat,
955 1549 1010 1594 at
1033 1554 1130 1608 ego
1156 1545 1278 1590 ante
1321 1534 1506 1588 decem
1545 1529 1658 1584 dies

90 1645 161 1696 vel
203 1644 402 1714 plures,
433 1639 858 1695 cohortationem
903 1633 968 1689 ad
1001 1648 1095 1687 vos
1135 1628 1331 1691 habui,
1367 1637 1424 1680 ut
1470 1624 1660 1678 fratres

87 1747 273 1789 vestros
301 1729 892 1804 prmmunirem.Nemo
911 1737 1084 1782 autem
1103 1723 1396 1779 orationem
1424 1726 1682 1808 nostram'

89 1828 215 1882 velut
256 1825 681 1896 intempestivam
729 1829 980 1885 accuset,
1013 1816 1154 1889 quod
1197 1829 1315 1870 eam
1367 1820 1442 1866 tot
1473 1808 1660 1864 diebus

89 1928 194 1970 ante
213 1917 661 1984 pnemiserimus:
685 1928 806 1968 nam
824 1921 878 1965 et
893 1907 1104 1979 quando
1123 1905 1286 1961 febris
1302 1909 1659 1971 exspectatur,

91 2018 166 2060 aut
205 2007 335 2061 alius
378 2006 575 2076 aliquis
602 2003 858 2067 morbus,
890 2000 1058 2055 multo
1103 2008 1225 2052 ante
1268 2008 1460 2062 corpus
1501 1993 1617 2060 ejus
1642 2031 1658 2055 ,

92 2115 229 2167 quem
279 2099 448 2154 febris
503 2107 811 2166 correptura
868 2103 987 2156 est,
1040 2089 1203 2143 variis
1258 2081 1663 2142 medicamentis

95 2191 429 2258 praemuniunt
459 2187 744 2248 medici,et
769 2195 1050 2253 antequam
1079 2197 1138 2236 re
1165 2180 1277 2250 ipsa
1304 2179 1394 2231 fiat
1418 2188 1664 2230 accessus

96 2285 268 2351 morbi,
287 2285 354 2338 ab
370 2280 776 2336 imminentibus
792 2275 917 2332 illud
935 2275 1089 2330 malis
1104 2271 1372 2327 vindicare
1389 2268 1660 2324 festinant.

95 2375 294 2441 Quando
348 2375 515 2444 igitur
567 2387 664 2427 nos
717 2385 927 2441 quoque
976 2363 1344 2437 gravissimum
1387 2360 1665 2416 imminere

97 2467 317 2520 morbum
345 2465 592 2520 videmus
615 2506 630 2530 ,
661 2463 810 2532 prius
849 2476 911 2516 ac
936 2459 1102 2514 multo
1144 2467 1268 2514 ante
1299 2464 1537 2523 tempore
1563 2451 1664 2506 ob-

99 2569 330 2613 testamur
351 2599 368 2624 ,
396 2568 457 2611 ut
483 2566 769 2624 antequam
803 2569 898 2608 nos
928 2568 988 2606 re
1028 2554 1140 2621 ipsa
1184 2548 1380 2603 malum
1410 2545 1620 2601 invadat
1646 2584 1661 2607 ,

99 2649 370 2702 remedium
404 2647 574 2718 possit
609 2645 872 2701 adhiberi.
919 2643 1204 2712 Propterea
1237 2655 1340 2693 non
1390 2638 1518 2708 ipsis
1561 2636 1665 2691 illis

99 2739 264 2794 diebus
306 2738 687 2794 instituendam
716 2735 899 2792 censui
926 2732 1347 2788 adhortationem
1373 2771 1388 2792 ,
1421 2744 1488 2786 ne
1529 2728 1666 2782 forte

103 2832 334 2900 angustiis
372 2842 673 2900 temporum
705 2826 940 2897 impediti
982 2834 1198 2894 captare
1238 2820 1428 2878 fratres
1457 2829 1667 2874 vestros

101 2935 153 2974 ac
178 2919 349 2974 venari
381 2937 492 2976 non
539 2919 762 2989 possetis
786 2960 802 2984 ,
830 2917 924 2972 sed
952 2915 1235 2970 multorum
1264 2913 1468 2966 dierum
1495 2909 1666 2980 spatio

102 3011 208 3064 dato
231 3026 415 3068 secure
433 3011 664 3082 possetis
679 3023 791 3075 eos,
811 3008 901 3079 qui
917 3005 1177 3078 ejusmodi
1197 3003 1385 3058 morbo
1402 3002 1664 3064 laborant,

105 3105 331 3176 indagare
357 3117 519 3176 atque
548 3105 615 3160 ab
645 3106 742 3158 hac
765 3111 913 3174 peste
942 3114 1215 3156 revocare.
1244 3099 1319 3153 Ita
1348 3112 1560 3168 quoque
1586 3095 1668 3150 fa-

106 3215 210 3255 cere
234 3203 425 3266 solent,
455 3199 546 3271 qui
577 3198 787 3267 nuptias
815 3195 1110 3261 celebrant,
1139 3201 1194 3247 et
1212 3192 1382 3247 lautas
1402 3191 1670 3246 instruunt

105 3303 266 3348 ctenas
307 3311 458 3348 :non
504 3291 634 3362 ipsis
675 3289 892 3353 diebus,
923 3286 1017 3341 sed
1049 3285 1215 3340 multo
1258 3293 1382 3339 ante
1429 3291 1670 3353 tempore

109 3387 376 3453 piscatores
408 3385 633 3456 piscium
665 3390 720 3437 et
747 3380 924 3435 avium
949 3390 1182 3446 aucupes
1215 3375 1573 3444 alloquuntur,
1605 3387 1670 3425 ne

107 3476 251 3530 ullum
295 3477 428 3546 ipsis
472 3475 541 3529 ab
586 3469 844 3543 angustiis
894 3467 1146 3536 temporis
1190 3465 1256 3520 ad
1305 3461 1670 3519 instruendam

107 3584 324 3624 mensam
367 3566 814 3638 impedimentum
861 3561 1193 3616 adhibeatur.
1241 3555 1466 3625 Quando
1515 3555 1674 3626 igitur

109 3676 192 3715 nos
214 3676 424 3731 quoque
454 3671 694 3714 mensam
725 3654 876 3710 vobis
912 3651 1169 3706 adversus
1211 3647 1516 3704 Judzeorum
1559 3653 1675 3700 stu-

112 3769 273 3822 porem
311 3751 610 3824 apposituri
651 3763 866 3804 eramus
884 3788 900 3814 ,
931 3749 1078 3817 prius
1107 3758 1202 3798 vos
1229 3742 1520 3812 piscatores
1546 3738 1680 3794 allo-

66 3875 70 3882 -
112 3845 319 3914 quimur,
351 3854 415 3900 ut
453 3841 773 3899 infirmiores
802 3855 871 3894 ex
909 3836 1161 3892 fratribus
1198 3833 1390 3889 vestris
1419 3831 1678 3902 indagetis

113 3946 250 4007 atque
273 3936 524 4006 capietis,
554 3942 609 3990 et
635 3932 700 3987 ad
723 3929 1017 3986 audiendos
1039 3922 1316 3982 sermones
1343 3932 1553 3979 nostros
1581 3921 1680 3978 de-

115 4028 317 4084 ducatis.
347 4029 623 4096 Quotquot
671 4024 830 4096 igitur
871 4021 982 4092 jam
1015 4018 1202 4090 piscati
1244 4017 1409 4082 estis,
1453 4022 1510 4069 ct
1540 4014 1679 4069 intra

116 4121 230 4182 retia
253 4129 438 4191 captos
476 4131 666 4172 secure
709 4114 931 4176 tenetis,
965 4118 1176 4166 manete
1201 4123 1263 4162 ac
1292 4104 1684 4163 cohortationis

119 4211 222 4266 illos
247 4226 496 4268 sermone
524 4207 870 4277 constringite
895 4223 908 4258 :
941 4209 1200 4275 quotquot
1225 4207 1405 4254 autem
1445 4197 1682 4270 nondum

119 4304 412 4370 praiclaram
439 4303 582 4356 illam
614 4298 846 4370 praedam
877 4295 1092 4366 cepistis
1114 4335 1130 4361 ,
1157 4291 1427 4348 sufficiens
1451 4291 1685 4361 quinque

119 4396 305 4452 dierum
345 4397 576 4466 spatium
621 4391 862 4456 habetis,
897 4399 954 4442 ut
998 4387 1085 4442 illa
1125 4393 1342 4457 captura
1388 4380 1686 4453 potiamini.

121 4487 482 4558 Expandamus
507 4485 664 4557 igitur
683 4481 939 4537 doctrinm
969 4478 1099 4534 retia
1117 4517 1133 4543 ,
1161 4477 1566 4532 circumstemus
1593 4486 1694 4528 eos

122 4579 169 4633 in
203 4580 380 4635 orbem
409 4588 676 4646 tamquam
704 4570 930 4628 venatici
960 4582 1148 4635 canes,
1177 4565 1528 4635 undequaque
1567 4562 1691 4616 illos

125 4670 174 4724 in
196 4671 329 4742 leges
357 4669 610 4726 Ecclesia;
644 4664 1026 4734 compellamus
1053 4679 1066 4716 :
1098 4659 1356 4730 optimum
1383 4667 1559 4710 autem
1589 4654 1690 4708 illis

125 4775 444 4828 venatorem,
490 4761 534 4814 si
563 4758 798 4822 videtur,
836 4754 1050 4809 beatum
1083 4750 1304 4805 Paulum
1345 4746 1692 4802 adhibeamus

126 4854 425 4910 clamantem
450 4866 513 4906 ac
535 4849 800 4905 dicentem
827 4861 840 4900 ;
869 4843 1000 4898 Ecce
1032 4858 1121 4913 ego
1150 4839 1346 4893 Paulus
1375 4837 1488 4891 dico
1520 4835 1690 4900 vobis,

127 4947 344 5015 quondam
371 4947 416 5002 si
443 4937 870 4998 circumcidamini
891 4978 906 5002 ,
937 4933 1168 4990 Christus
1196 4931 1331 4985 vobis
1357 4927 1486 4982 nihil
1508 4926 1693 4998 prode-

129 5039 186 5090 rit
235 5038 372 5111 (Gal.
408 5039 462 5094 5.
488 5035 566 5106 2).
594 5034 729 5089 Nam
768 5039 823 5087 et
859 5029 1021 5085 multa
1059 5026 1166 5082 fera
1194 5031 1248 5080 et
1275 5023 1536 5079 silvestria
1577 5021 1694 5075 ani-

133 5131 296 5193 malia,
318 5131 362 5187 si
387 5127 600 5200 quando
620 5125 722 5181 sub
741 5121 972 5178 arbustis
991 5119 1324 5182 delitescant,
1353 5115 1441 5169 ubi
1467 5113 1698 5183 primum

134 5222 384 5278 venatoris
425 5234 608 5274 vocem
636 5215 958 5278 exaudiunt,
994 5226 1103 5282 pra:
1132 5217 1276 5264 metu
1318 5206 1564 5262 exsiliunt
1590 5247 1605 5272 ,
1635 5220 1699 5260 ac

133 5315 269 5370 vocis
293 5313 609 5370 necessitate
633 5307 908 5379 compulsa
929 5346 944 5371 ,
985 5302 1180 5372 saepius
1203 5299 1363 5354 etiam
1405 5297 1566 5352 invita
1593 5297 1700 5352 cla-

139 5425 274 5464 more
299 5409 558 5466 concitata
586 5406 639 5460 in
675 5406 816 5474 ipsas
839 5413 1019 5456 casses
1061 5394 1413 5454 detruduntur
1437 5409 1450 5446 :
1475 5392 1547 5447 ita
1568 5407 1704 5462 quo-

139 5515 232 5569 que
253 5501 437 5556 fratres
463 5498 644 5563 vestri,
677 5495 789 5567 qui,
818 5503 1086 5562 tamquam
1114 5490 1165 5544 in
1191 5487 1408 5543 arbusto
1435 5483 1663 5556 quodam
1683 5525 1698 5550 ,

143 5591 189 5646 in
215 5593 482 5649 Judaismo
510 5587 911 5650 delitescebant,
935 5584 982 5640 si
1013 5581 1160 5638 Pauli
1191 5595 1376 5635 vocem
1399 5576 1700 5644 audierint,

143 5682 285 5741 facile
309 5687 358 5740 in
384 5684 571 5739 salutis
607 5681 742 5737 retia
772 5677 1042 5743 incident,
1074 5684 1156 5731 sat
1184 5673 1316 5738 scio,
1345 5680 1400 5726 et
1426 5669 1702 5726 Judaicum

1761 881 2014 950 loquitur,
2045 880 2135 935 sed
2165 879 2408 934 Christus
2427 921 2441 942 ,
2484 878 2571 948 qui
2600 880 2831 932 animam
2863 880 2978 947 ejus
3009 889 3206 935 movet.
3235 880 3337 935 Ita-

1759 989 1861 1041 que
1892 989 2010 1025 eum
2047 974 2361 1026 clamantem
2404 970 2548 1024 illum
2587 969 2737 1024 audis
2766 985 2829 1023 ae
2875 969 3137 1025 dicentem
3167 1013 3177 1024 .
3215 972 3343 1027 Ecce

1758 1079 1850 1131 ego
1901 1061 2095 1115 Paulus
2137 1062 2248 1112 dico
2291 1061 2455 1125 vobis,
2500 1060 2737 1129 quoniam
2783 1061 2829 1114 si
2877 1061 3342 1125 circumcidamini,

1761 1153 1987 1205 Christus
2018 1151 2152 1205 vobis
2180 1151 2306 1204 nihil
2343 1152 2599 1220 proderit,
2631 1153 2798 1206 solam
2833 1168 3015 1206 vocem
3049 1152 3197 1207 Pauli
3225 1171 3345 1210 esse

1761 1254 1908 1312 puta,
1943 1259 2158 1297 sensum
2188 1252 2363 1296 autem
2395 1252 2447 1296 ct
2485 1242 2674 1313 dogma
2703 1243 2899 1298 Christi
2927 1259 3046 1300 esse
3071 1261 3099 1298 a
3125 1259 3230 1315 quo
3256 1247 3348 1300 in-

1766 1343 1849 1388 tus
1879 1335 2190 1388 docebatur.

1836 1423 2276 1480 Circumcisionem
2303 1425 2560 1479 observare
2587 1427 2814 1480 noxium.
2842 1457 2913 1466 —
2939 1426 3042 1482 Sed
3070 1427 3210 1483 dicet
3237 1427 3349 1482 for-
3435 1437 3452 1471 ί

1767 1526 1906 1572 tasse
1943 1517 2204 1586 quispiam
2238 1535 2250 1568 :
2293 1517 2505 1587 Ergone
2550 1525 2750 1571 tantum
2792 1519 3215 1573 circumcisionis
3261 1527 3349 1574 est

1763 1609 2013 1660 damnum
2037 1648 2052 1671 ,
2088 1619 2141 1661 ut
2173 1618 2334 1662 totam
2363 1607 2560 1662 Christi
2605 1607 3055 1676 dispensationem
3102 1610 3339 1664 inutilem

1768 1699 1990 1753 reddat?
2020 1699 2108 1754 Sic
2151 1709 2258 1765 est;
2290 1707 2490 1754 tantum
2531 1709 2612 1754 est
2641 1700 2890 1754 damnum
2922 1702 3342 1756 circumcisionis

1769 1807 1872 1844 non
1901 1791 1969 1846 ob
1996 1791 2263 1861 propriam
2288 1801 2549 1856 naturam,
2575 1791 2667 1845 sed
2691 1793 2760 1845 ob
2785 1792 3193 1861 improbitatem.
3222 1791 3347 1846 Fuit

1766 1885 1891 1940 olim
1921 1895 2150 1954 tempus,
2177 1900 2296 1940 cum
2340 1886 2481 1939 utilis
2526 1892 2581 1938 et
2610 1885 2907 1939 necessaria
2938 1885 3021 1939 lex
3051 1893 3203 1939 erat:
3232 1885 3344 1956 jam

1767 1991 1896 2030 vero
1923 1976 2150 2029 cessavit
2180 1984 2232 2029 ct
2254 1976 2423 2030 otiosa
2455 1983 2555 2029 est.
2588 1973 2644 2029 Si
2679 1975 2838 2045 igitur
2877 1975 3251 2044 intempestive
3278 1975 3345 2029 il-

1769 2068 1872 2121 lam
1903 2068 1993 2122 tibi
2019 2067 2291 2128 concilies,
2341 2067 2537 2122 Christi
2566 2068 2762 2122 donum
2790 2069 2974 2123 inutile
3002 2069 3097 2122 tibi
3137 2068 3343 2124 reddet.

1769 2158 2054 2228 Propterea
2085 2158 2328 2214 Christus
2372 2159 2524 2213 vobis
2571 2159 2701 2212 nihil
2751 2159 3020 2228 proderit,
3073 2159 3194 2228 quia
3238 2176 3349 2215 non

1766 2251 1926 2305 vultis
1955 2250 2232 2306 accedere.
2265 2251 2394 2306 Nam
2422 2252 2467 2307 si
2494 2253 2613 2322 quis
2638 2253 2690 2306 iu
2719 2252 2980 2308 adulterio
3009 2269 3072 2308 ac
3103 2255 3348 2325 turpissi-

1768 2342 1870 2396 mis
1925 2342 2248 2398 facinoribus
2295 2343 2666 2413 deprehensus
2732 2359 2999 2400 carcerem
3049 2345 3348 2414 habitaret,

1767 2433 1960 2488 deinde
1996 2450 2116 2489 cum
2146 2435 2574 2490 constituendum
2598 2435 2706 2505 jam
2735 2444 2878 2490 esset
2919 2435 3173 2492 adversus
3201 2433 3350 2493 illum

1765 2525 2017 2596 judicium
2038 2568 2052 2592 ,
2082 2536 2137 2581 et
2174 2526 2436 2581 sententia
2465 2526 2822 2582 damnationis
2865 2527 3081 2583 ferenda
3101 2569 3117 2594 ,
3150 2530 3355 2585 veniret

1770 2619 1910 2687 regis
1943 2619 2167 2688 epistola
2187 2661 2202 2686 ,
2247 2634 2365 2688 qum
2394 2627 2614 2674 cunctos
2639 2633 2853 2674 carcere
2879 2620 3125 2675 detentos
3150 2620 3355 2692 absque

1774 2712 1979 2765 ratione
2003 2725 2066 2767 ac
2099 2710 2471 2781 disquisitione
2499 2711 2602 2764 ulla
2633 2709 2954 2776 dimitteret,
2987 2711 3032 2766 is
3058 2713 3146 2783 qui
3188 2713 3356 2768 nollet

1769 2803 1910 2858 dono
1955 2802 2090 2869 frui,
2124 2802 2218 2856 sed
2255 2802 2512 2870 judicium
2553 2803 2735 2858 subire
2775 2803 2961 2858 mallet
3001 2819 3063 2858 ac
3094 2805 3354 2860 rationem

1770 2896 2016 2962 reddere,
2045 2895 2473 2966 suppliciumque
2504 2896 2768 2968 sustinere
2797 2895 3170 2962 contenderet,
3194 2897 3354 2953 bene-

1771 2990 1890 3045 ficio
1915 3007 2017 3044 non
2044 2991 2271 3060 amplius
2295 2991 2369 3044 uti
2400 3000 2594 3061 posset.
2625 2990 2760 3046 Cum
2790 2992 2934 3047 enim
2960 2993 3249 3048 obnoxium
3271 2993 3363 3064 jn-

1772 3085 1910 3140 dicio
1937 3099 2000 3138 ac
2026 3084 2306 3140 sententim
2331 3100 2391 3141 se
2420 3084 2759 3150 reddidisset,
2789 3093 2981 3156 sponte
3007 3088 3237 3156 seipsum
3264 3102 3356 3142 re-

1770 3177 1858 3248 gio
1887 3177 2028 3233 dono
2054 3178 2315 3249 privasset
2342 3197 2354 3231 :
2389 3179 2457 3233 ita
2485 3193 2696 3249 quoque
2721 3177 2920 3235 Iudaeis
2947 3180 3143 3236 evenit.
3168 3179 3360 3236 Videte

1774 3283 2002 3340 namque
2027 3287 2039 3324 :
2067 3269 2496 3338 turpissimorum
2525 3285 2616 3326 rea
2644 3269 2935 3326 facinorum
2961 3273 3203 3328 convicta
3235 3273 3356 3328 fue~

1773 3368 1856 3414 rat
1881 3359 2157 3415 hominum
2189 3360 2438 3415 universa
2483 3370 2710 3416 natura:
2744 3378 2916 3416 omnes
2955 3364 3088 3416 enim
3126 3381 3361 3434 peccave-

1774 3461 1893 3506 runt
1921 3451 2091 3522 (Rom.
2125 3453 2179 3508 5.
2207 3452 2322 3523 23),
2354 3453 2545 3519 inquit,
2575 3462 2626 3507 et
2669 3463 2936 3524 tamquam
2965 3470 3184 3510 carcere
3229 3472 3366 3524 prm-

1775 3545 2114 3600 varicationis
2143 3544 2428 3600 maledicto
2450 3545 2614 3603 clausi
2641 3555 2794 3599 erant
2817 3562 2831 3598 :
2851 3544 2960 3615 jam
2986 3545 3205 3601 ferenda
3245 3556 3363 3602 erat

1774 3635 1970 3706 judicis
1999 3636 2256 3691 adversus
2296 3635 2412 3690 illos
2458 3635 2719 3691 sententia
2739 3678 2754 3702 ,
2785 3637 2931 3692 venit
2957 3653 2989 3692 e
3031 3640 3175 3694 cmlis
3202 3639 3364 3710 Regis

1779 3727 2000 3799 epistola
2021 3769 2036 3793 ,
2083 3728 2190 3782 imo
2223 3742 2353 3782 vero
2380 3727 2492 3782 Rex
2541 3727 2653 3798 ipse
2683 3728 2862 3793 venit,
2894 3728 2984 3798 qui
3028 3728 3228 3800 absque
3256 3730 3375 3786 ulla
3405 3713 3408 3716 ί

1781 3820 2190 3892 disquisitione,
2249 3819 2557 3887 nullamque
2608 3819 2869 3875 rationem
2917 3819 3135 3892 exigens
3177 3835 3370 3877 omnes

1784 3914 1986 3984 peccati
2017 3912 2245 3966 vinculis
2271 3912 2534 3967 liberavit.

1854 4003 1910 4056 2.
1940 4002 2137 4057 Omnes
2177 4003 2352 4073 igitur,
2382 4003 2471 4073 qui
2501 4010 2807 4070 accurrunt,
2849 4001 2992 4059 dono
3016 4003 3284 4069 fruuntur,
3314 4015 3371 4061 et

1785 4093 1952 4164 gratia
1983 4093 2116 4148 salvi
2164 4093 2335 4148 fiunt:
2365 4094 2452 4164 qui
2484 4109 2612 4150 vero
2639 4109 2735 4164 per
2773 4095 2943 4164 legem
2979 4095 3255 4166 justilicari
3283 4110 3371 4151 vo-

1786 4187 1922 4254 lunt,
1956 4188 2114 4242 etiam
2155 4202 2184 4242 a
2213 4188 2381 4258 gratia
2411 4187 2678 4243 excident.
2707 4187 2894 4257 Neque
2917 4189 3060 4244 enim
3092 4189 3239 4260 regia
3264 4187 3371 4245 frui

1787 4283 2069 4339 clementia
2095 4293 2367 4354 poterunt,
2400 4285 2488 4356 qui
2518 4285 2746 4355 propriis
2774 4285 2975 4344 viribus
3001 4287 3226 4346 salutem
3257 4288 3372 4344 adi-

1790 4377 1922 4446 pisci
1953 4376 2306 4444 contendunt,
2335 4386 2390 4432 et
2411 4378 2512 4432 sibi
2541 4377 2883 4434 maledictum
2911 4379 3044 4449 legis
3070 4391 3370 4447 accersens,

1789 4470 2038 4539 quoniam
2082 4485 2147 4524 ex
2177 4470 2429 4539 operibus
2475 4471 2607 4542 legis
2647 4487 2753 4526 non
2797 4472 3175 4541 justiﬁcabitur
3199 4475 3375 4530 omnis

1790 4576 1934 4615 caro.
1967 4560 2168 4617 Idcirco
2193 4561 2356 4626 dicit,
2395 4561 2455 4616 Si
2477 4563 2909 4618 circumcidamiui
2928 4607 2943 4630 ,
2981 4565 3208 4622 Christus
3238 4567 3375 4621 vobis

1792 4653 1921 4708 nihil
1962 4655 2184 4722 proderit
2225 4654 2365 4720 (Gal.
2395 4655 2447 4711 5.
2476 4656 2554 4727 ἓ).
2585 4656 2715 4712 Nam
2742 4658 2833 4727 qui
2873 4673 2937 4712 ex
2965 4659 3097 4730 legis
3125 4659 3376 4730 operibus

1792 4747 1970 4802 salvus
2000 4747 2112 4802 fieri
2142 4748 2434 4812 contendit,
2464 4749 2598 4804 nihil
2625 4750 2784 4805 habet
2807 4766 3090 4808 commune
3117 4767 3236 4810 cum
3261 4767 3377 4822 gra-

1795 4838 1890 4892 tia.
1937 4837 2090 4906 Quod
2133 4839 2305 4909 ipsum
2337 4841 2519 4910 utique
2548 4840 2745 4897 Paulus
2784 4841 3090 4912 significans
3118 4841 3329 4900 dicebat
3361 4859 3374 4894 :

1797 4927 1860 4982 Si
1883 4928 2071 4997 gratia,
2085 4930 2197 4999 jam
2231 4946 2332 4984 non
2359 4947 2422 4984 ex
2449 4930 2681 5000 operibus
2704 4945 2722 4984 :
2747 4930 2937 5002 alioqui
2958 4931 3123 5000 gratia
3137 4931 3252 5002 jam
3279 4946 3380 4985 non

1796 5030 1870 5074 est
1892 5021 2074 5091 gratia.
2121 5020 2182 5076 Si
2209 5031 2378 5075 autem
2403 5039 2466 5076 ea:
2493 5022 2756 5092 operibus,
2774 5022 2891 5091 jam
2933 5038 3032 5076 non
3057 5030 3131 5074 est
3168 5022 3334 5092 gratia
3361 5037 3381 5077 :

1798 5115 2025 5185 alioquin
2061 5130 2188 5183 opus
2203 5116 2316 5186 jam
2346 5123 2541 5168 nonest
2568 5131 2695 5184 opus
2729 5115 2902 5183 (Rom.
2935 5115 3024 5168 Η.
3056 5112 3134 5185 6).
3174 5115 3240 5169 Ει
3266 5130 3386 5168 rur-

1801 5223 1925 5275 sus,
1959 5207 2021 5262 Si
2048 5209 2181 5261 enim
2221 5224 2310 5278 per
2333 5207 2490 5280 legem
2517 5208 2750 5278 justitia,
2800 5223 2919 5278 ergo
2954 5207 3113 5278 gratis
3151 5206 3384 5264 Christus

1800 5310 2027 5352 mortuus
2069 5308 2153 5370 est.
2175 5297 2317 5368 (Gal.
2355 5297 2412 5352 2.
2439 5297 2534 5367 21)
2558 5340 2571 5352 .
2603 5297 2672 5352 Et
2695 5311 2884 5354 rursus
2913 5318 2927 5352 :
2959 5297 3061 5366 Qui
3088 5298 3140 5352 in
3171 5298 3278 5369 lege
3293 5300 3388 5370 ju-

1801 5392 2111 5460 sti/immitti,
2141 5407 2173 5443 α
2199 5391 2365 5461 gratia
2393 5390 2650 5445 excidislis
2675 5389 2818 5458 (Gal.
2850 5391 2903 5446 5.
2930 5391 3008 5461 4).
3035 5391 3385 5448 Mortiﬁcatus

1804 5498 1864 5538 es
1905 5483 2041 5553 legi,
2073 5493 2314 5539 mortuus
2357 5497 2416 5538 es
2463 5482 2668 5538 factus:
2701 5497 2806 5538 non
2835 5483 3066 5554 amplius
3102 5483 3202 5540 sub
3237 5483 3386 5556 jugo,

1805 5591 1910 5630 non
1941 5576 2168 5646 amplius
2196 5575 2298 5630 sub
2323 5575 2440 5645 ejus
2467 5575 2787 5632 necessitate
2810 5575 3078 5632 versaris:
3112 5575 3238 5648 quid
3261 5591 3388 5646 ergo

1804 5666 2001 5723 frustra
2028 5667 2121 5722 tibi
2146 5676 2202 5722 et
2225 5667 2342 5723 sine
2375 5681 2536 5722 causa
2576 5667 2846 5736 negotium
2887 5666 3140 5723 exhibere
3168 5677 3381 5723 conten-

141 5790 344 5836 omucm
373 5791 610 5836 errorem
641 5771 913 5841 abjicient.
942 5768 1058 5826 Non
1086 5766 1228 5824 enim
1259 5764 1453 5823 Paulus
1481 5772 1582 5832 est,
1614 5759 1712 5833 qui
1810 5760 1931 5817 dis?
1959 5762 2029 5818 At
2070 5761 2214 5820 enim
2239 5775 2343 5834 qua
2379 5760 2448 5817 de
2475 5775 2636 5819 causa
2665 5777 2860 5818 nomen
2889 5777 3042 5818 suum
3087 5762 3260 5826 posuit
3291 5762 3392 5818 hoc
