3832 6242
561 346 667 403 859

561 459 683 515 loco
714 456 907 513 Paulus
927 498 941 520 ,
982 471 1153 527 neque
1193 453 1507 524 simpliciter
1537 452 1707 508 dixit:
1739 466 1864 506 ecce
1893 465 1992 520 ego
2020 449 2141 504 dico

561 549 753 605 vobis?
780 548 1048 602 “evocare
1078 545 1243 600 voluit
1268 544 1372 599 illis
1400 545 1454 598 in
1483 552 1714 598 mentem
1747 541 1875 595 illud
1905 540 2138 596 studimn

561 656 738 704 svum,
763 637 904 710 quod
927 652 1050 707 erga
1081 635 1411 692 Judaismum
1433 632 1762 690 ostenderat.
1784 631 1916 687 Nam
1945 631 1989 686 si
2015 631 2137 701 qui-

560 736 681 786 dem
711 745 886 786 essein
911 744 980 785 ex
1003 728 1272 799 gentibus,
1305 726 1494 795 inquit,
1523 733 1578 780 ct
1599 740 1682 778 res
1707 723 1954 778 Judaieas
1983 721 2134 793 igno-

558 838 756 886 rarem,
789 821 992 876 diceret
1015 819 1242 876 fortasse
1272 819 1463 889 aliquis
1482 861 1496 881 ,
1526 815 1666 887 quod
1697 816 1840 872 illius
1867 814 2139 885 religiOnis

559 914 829 986 mysteriis
849 911 1086 969 initiatus
1106 927 1210 966 non
1237 910 1476 975 fuissem,
1504 923 1567 963 ac
1591 908 1698 962 vim
1720 905 2140 962 circumcisionis

558 1006 894 1075 ignorarem,
927 1003 1126 1058 idcirco
1156 1018 1242 1058 me
1267 1002 1333 1057 ab
1374 1000 1628 1056 Ecclesiae
1671 1000 1862 1054 ritibus
1905 999 2046 1052 illam
2076 1014 2139 1051 ac

555 1095 891 1166 dogmatibus
917 1094 1183 1164 ablegare.
1229 1093 1515 1162 Propterea
1556 1106 1748 1147 nomen
1778 1105 1931 1144 suum
1975 1104 2136 1158 appo-

555 1190 683 1254 suit,
708 1203 770 1244 ea
797 1201 1053 1243 revocans
1084 1187 1188 1242 illis
1215 1187 1268 1242 in
1302 1184 1635 1248 memoriam,
1678 1199 1795 1254 quae
1822 1183 1953 1253 legis
1978 1195 2136 1237 causa

556 1279 906 1350 przestiterat,
939 1277 1088 1347 quasi
1131 1276 1368 1330 diceret:
1399 1291 1503 1328 non
1547 1273 1670 1330 odio
1715 1273 2137 1328 circumcisionis

555 1371 698 1428 istud
722 1385 841 1440 ago,
869 1369 964 1426 sed
992 1370 1042 1422 in
1071 1369 1340 1439 agnitione
1371 1368 1630 1421 veritatis.
1674 1365 1787 1436 Ego
1814 1365 2008 1420 Paulus
2035 1363 2138 1418 hoc

555 1463 696 1528 dico,
730 1462 921 1526 Paulus
947 1461 1034 1518 ille
1059 1502 1075 1528 ,
1119 1461 1468 1518 circumcisus
1493 1468 1681 1513 octavo
1709 1459 1815 1523 die,
1857 1466 1914 1512 et
1941 1471 2136 1528 genere

556 1556 790 1616 Israelita
813 1597 827 1621 ,
875 1555 1132 1609 Hebraeus
1161 1570 1225 1608 ex
1257 1552 1524 1616 llebratis,
1553 1550 1621 1606 de
1650 1551 1788 1605 tribu
1820 1550 2097 1619 Benjamin
2118 1591 2132 1612 ,

551 1648 843 1713 secundum
865 1647 1036 1718 legem
1062 1646 1360 1702 Phariszeus
1377 1643 1634 1718 (Philipp.
1659 1645 1712 1699 5.
1735 1644 1816 1711 5),
1839 1644 2130 1698 secundum

551 1741 942 1800 mitiulationetn
975 1751 1302 1808 persequens
1331 1736 1621 1792 Ecclesiam
1647 1775 1661 1798 ,
1689 1735 1779 1805 qui
1811 1750 1906 1806 per
1947 1734 2134 1788 domos

551 1831 833 1895 intrabam,
863 1839 918 1884 et
945 1827 1218 1884 trahebam
1241 1828 1386 1881 viros
1415 1843 1478 1881 ac
1502 1827 1774 1890 mulieres,
1801 1835 1856 1880 et
1880 1826 1931 1878 in
1961 1833 2135 1879 custo-

549 1923 690 1982 diam
717 1923 988 1978 tradebam
1015 1941 1028 1977 :
1063 1920 1257 1990 quibus
1277 1919 1525 1974 omnibus
1549 1922 1708 1973 etiam
1732 1917 1884 1972 valde
1905 1917 2130 1988 stupidis

548 2013 872 2086 persuadere
901 2027 1119 2082 possum
1167 2027 1254 2065 me
1294 2026 1398 2065 non
1428 2009 1553 2064 odio
1587 2010 1798 2078 aliquo,
1842 2008 1926 2063 vel
1952 2023 2129 2062 rerum

547 2105 890 2167 Judaicarum
955 2102 1326 2173 ignoratione,
1387 2102 1482 2162 sed
1531 2111 1752 2174 propter
1806 2101 2129 2155 eminentem

548 2197 828 2260 scientiam
867 2195 992 2256 .lesu
1019 2193 1216 2254 Christi
1249 2193 1416 2262 legem
1447 2191 1583 2244 hanc
1623 2192 1828 2245 tulisse.
1870 2190 2132 2258 Testiﬁcor

549 2299 714 2346 autem
741 2304 948 2352 rursus,
985 2285 1190 2356 inquit,
1237 2285 1373 2338 omni
1401 2284 1590 2337 homini
1629 2284 2000 2337 circamcidenti
2037 2300 2088 2336 se
2111 2324 2126 2347 ,

547 2381 786 2451 quoniam
810 2379 1002 2442 debitor
1031 2388 1102 2430 est
1122 2380 1366 2432 universa:
1393 2377 1514 2446 legis
1540 2375 1877 2445 adimplenda?
1906 2374 2048 2444 (Gal.
2072 2374 2125 2430 5.

547 2473 627 2542 5).
654 2471 827 2539 Quare
868 2487 972 2535 non
1001 2469 1162 2535 dixit,
1208 2467 1462 2526 denuntio
1491 2476 1667 2522 autem
1688 2506 1702 2528 ,
1753 2466 1835 2520 vel
1883 2465 2129 2534 praecipio

545 2575 746 2631 autem,
777 2572 868 2617 aut
894 2561 1015 2616 dico
1039 2570 1237 2623 autem,
1268 2559 1360 2614 sed
1401 2557 1719 2613 'l‘estilicor?
1746 2557 1815 2613 Ut
1843 2557 1943 2610 hoc
1965 2557 2128 2611 verbo

547 2657 702 2712 nobis
731 2655 966 2710 futurum
989 2653 1248 2725 judicium
1278 2653 1330 2708 in
1355 2652 1668 2711 memoriam
1696 2659 1991 2704 revocaret.
2027 2648 2124 2704 Ubi

542 2750 686 2817 cnim
718 2757 880 2803 testes
909 2755 1068 2813 sunt,
1114 2745 1184 2799 ibi
1208 2744 1465 2814 judicium
1509 2751 1565 2799 et
1589 2741 1874 2798 sententia.
1907 2739 2129 2794 Audito-

540 2857 658 2899 rem
696 2854 826 2909 ergo
851 2847 1018 2900 terret
1047 2837 1178 2912 regii
1223 2836 1362 2890 illius
1404 2835 1581 2890 throni
1623 2833 1934 2890 memoriam
1981 2830 2127 2887 refri-

543 2950 707 2997 cans,
737 2944 793 2989 et
836 2932 1076 2987 indicans
1115 2929 1513 2984 hos‘sermones
1538 2926 1612 2981 illi
1656 2934 1821 2980 testes
1849 2925 1901 2978 in
1924 2924 2011 2978 illa
2038 2925 2126 2980 die

541 3030 774 3091 futuros,
805 3039 926 3080 cum
958 3022 1320 3092 unusquisque
1360 3035 1540 3078 rerum
1586 3034 1613 3070 a
1647 3032 1705 3073 se
1733 3025 2001 3087 gestarum
2023 3057 2037 3079 ,
2072 3025 2126 3071 et

541 3136 728 3186 eorum
770 3133 886 3189 qua:
915 3116 1076 3180 dixit,
1108 3125 1159 3170 et
1202 3130 1322 3184 qua:
1362 3112 1597 3175 audivit,
1630 3110 1889 3165 rationem
1915 3109 2121 3164 reddet.

543 3213 669 3268 llaec
696 3210 982 3272 audiebant
1005 3218 1114 3262 tum
1141 3206 1363 3271 Galatae,
1394 3205 1611 3261 audiant
1639 3217 1769 3258 vero
1797 3217 1937 3257 nunc
1964 3202 2123 3256 etiam

540 3306 628 3376 qui
654 3305 959 3361 Galatarum
992 3301 1178 3356 morbo
1209 3299 1472 3363 laborant,
1503 3297 1602 3352 etsi
1637 3313 1740 3350 non
1771 3295 1997 3358 adsunt;
2030 3308 2124 3348 ve-

539 3407 838 3458 rumtamen
855 3410 950 3468 per
968 3409 1060 3447 vos
1075 3391 1291 3447 audiant
1309 3389 1528 3444 Paulum
1544 3390 1860 3444 clamantem
1877 3401 1940 3441 ac
1953 3386 2126 3440 dicen-

540 3501 647 3551 tem
674 3487 832 3559 (Ibid.
886 3490 928 3558 ),
945 3485 1208 3553 Testiﬁcor
1223 3493 1391 3536 autem
1403 3481 1544 3534 omni
1561 3479 1754 3536 homini
1765 3477 2124 3535 circumciden-

539 3583 578 3636 ti
614 3596 688 3646 se,
732 3579 970 3650 quoniam
1018 3575 1212 3636 debitor
1246 3584 1316 3629 est
1337 3588 1588 3627 universa:
1613 3571 1738 3642 legis
1766 3568 2122 3639 adimplenda.

610 3669 935 3732 Circumcisio
962 3678 1120 3726 totum
1136 3667 1323 3744 jugum
1345 3666 1468 3736 legis
1495 3665 1732 3733 imponit.
1750 3693 1821 3703 —
1839 3661 1956 3718 Noli
1983 3662 2123 3718 enim

537 3763 669 3820 mihi
695 3761 875 3817 dicere
906 3775 1068 3814 unum
1118 3757 1422 3811 mandatum
1454 3770 1572 3810 esse
1617 3755 2075 3810 circumcisionem
2109 3770 2121 3806 :

537 3870 700 3915 unum
734 3851 861 3910 illud
905 3849 1214 3905 mandatum
1259 3856 1423 3900 totum
1455 3846 1545 3900 tibi
1569 3847 1750 3915 jngum
1797 3846 1924 3914 lgis
1953 3846 2126 3914 impo-

535 3946 635 4007 nit.
658 3944 792 3999 Cum
835 3942 976 3997 enim
1009 3955 1104 4010 per
1131 3954 1288 3993 unam
1317 3949 1515 4007 partem
1559 3937 1658 3992 sub
1699 3939 1951 3992 ditionem
1996 3937 2126 4007 legis

537 4045 590 4091 te
618 4033 886 4104 subjugas,
917 4045 1138 4086 necesse
1177 4039 1259 4085 est
1285 4040 1342 4083 ut
1379 4029 1432 4082 in
1461 4029 1678 4098 reliquis
1707 4028 1985 4098 imperanti
2011 4043 2124 4083 mo-

535 4141 652 4190 rem
681 4109 876 4194 geras:
905 4123 1046 4194 quod
1094 4122 1140 4176 si
1185 4137 1292 4175 non
1334 4120 1649 4189 adimplcas,
1693 4120 1847 4189 plane
1876 4136 2125 4174 necessa-

537 4219 678 4280 rium
706 4227 807 4284 est,
836 4224 894 4270 ut
918 4214 1152 4284 puniaris
1180 4223 1234 4268 et
1265 4211 1604 4266 maledictum
1635 4211 1727 4265 tibi
1757 4226 2022 4267 accersas.
2057 4211 2124 4266 Et

536 4309 982 4382 quemadmodum
1004 4322 1125 4363 eum
1152 4306 1203 4360 in
1233 4305 1474 4374 laqueum
1501 4319 1685 4374 passer
1713 4304 1911 4368 incidit,
1942 4321 2126 4371 quam-

534 4401 619 4458 vis
643 4400 758 4456 solo
784 4397 919 4470 pede
958 4405 1224 4462 teneatur,
1258 4404 1424 4450 totum
1454 4395 1713 4464 reliquum
1743 4409 1937 4464 corpus
1967 4397 2126 4450 inter-

535 4482 749 4564 cc'ptum
775 4499 858 4550 est
884 4505 898 4544 :
929 4489 999 4544 ita
1039 4487 1128 4558 qui
1175 4502 1338 4541 unum
1382 4485 1688 4540 mandatum
1730 4485 1858 4556 legis
1900 4485 2122 4556 implet,

535 4583 652 4639 sive
696 4580 1159 4637 circumcisionem
1186 4578 1299 4634 sive
1335 4577 1616 4648 jejunium,
1662 4587 1823 4633 totam
1855 4593 2004 4633 suam
2033 4595 2128 4652 po-

539 4684 782 4732 testatem
821 4689 917 4744 per
955 4672 1060 4728 hoc
1101 4687 1262 4726 unum
1310 4672 1363 4726 in
1413 4671 1581 4742 legem
1625 4673 1922 4737 transtulit,
1956 4688 2126 4742 neque

537 4769 721 4840 fugere
751 4767 977 4839 poterit,
1004 4765 1257 4836 quamdiu
1303 4765 1376 4818 illi
1405 4765 1592 4820 saltem
1619 4780 1681 4818 ex
1716 4773 1864 4835 parte
1894 4765 2127 4821 voluerit

540 4862 782 4917 obedire.
812 4859 936 4914 Haec
965 4874 993 4913 a
1026 4858 1177 4912 nobis
1201 4856 1471 4922 dicuntur,
1501 4871 1604 4909 non
1634 4866 1690 4909 ut
1717 4857 1884 4925 legem
1908 4871 2126 4912 accuse-

535 4968 674 5017 mus,
703 4953 862 5017 absit,
903 4949 995 5008 sed
1021 4949 1162 5020 quod
1191 4947 1518 5002 abundantes
1554 4948 1738 5017 gratia:
1766 4947 1960 5002 Christi
1988 4948 2125 5001 divi-

541 5050 640 5102 tias
669 5044 954 5101 ostendere
981 5043 1225 5107 velimus.
1272 5039 1387 5096 Non
1433 5041 1574 5094 enim
1617 5039 1833 5094 Christo
1861 5041 2126 5095 contraria

539 5140 631 5193 lex
677 5147 761 5192 est
791 5154 805 5189 :
836 5136 925 5207 qui
955 5134 1098 5189 enim
1129 5142 1293 5198 esset,
1321 5147 1442 5186 cum
1473 5131 1540 5184 ab
1581 5131 1695 5199 ipso
1723 5130 1792 5184 sit
1831 5130 1974 5198 data,
2004 5145 2123 5186 cum

535 5229 602 5284 ad
635 5230 804 5299 ipsum
833 5227 985 5298 quasi
1015 5225 1332 5296 paedagogus
1361 5238 1460 5278 nos
1485 5223 1684 5277 ducat?
1712 5222 1807 5278 sed
1833 5223 1902 5276 ob
1932 5223 2124 5276 intem-

539 5323 796 5393 pestivam
821 5337 1006 5385 eorum
1037 5322 1455 5388 contentionem,
1482 5320 1572 5390 qui
1599 5334 1660 5374 ea
1692 5334 1796 5372 non
1830 5327 1886 5372 ut
1915 5325 2125 5386 oportet

544 5423 785 5478 utuntur,
831 5412 946 5468 haec
983 5412 1163 5467 omnia
1200 5411 1379 5474 dicere
1424 5411 1683 5479 cogimur.
1729 5409 1807 5464 Illi
1834 5409 1974 5463 enim
2005 5419 2127 5480 sunt

544 5502 632 5570 qui
661 5500 830 5570 legem
859 5502 1097 5559 alliciunt
1120 5501 1460 5564 contumelia,
1489 5502 1576 5571 qui
1605 5500 1851 5555 nimirum
1871 5501 2032 5554 semel
2059 5500 2127 5556 ab

550 5607 616 5643 eo
659 5592 952 5658 desciscere
990 5593 1196 5659 iubent,
1242 5601 1295 5648 et
1337 5592 1402 5646 ad
1432 5590 1698 5646 Christum
1745 5591 2016 5652 accedere,
2066 5608 2128 5644 ac

547 5695 730 5745 rursus
779 5681 852 5735 illi
901 5682 1191 5737 adhaerent.
1248 5683 1682 5751 Quandoquidem
1735 5684 2018 5752 plurimum
2063 5683 2128 5736 de

545 5784 732 5843 natura
762 5785 938 5832 nostra
965 5777 1100 5838 bene
1131 5777 1371 5830 meritam
1395 5791 1513 5832 esse
1541 5777 1706 5853 legem
1751 5778 2005 5832 conﬁteor
2031 5790 2127 5850 ego

1304 335 1361 394 S.
1404 335 1682 394 JOANNIS
1717 332 2187 390 CllRYSOSTOMl
2231 333 2544 390 ARClllEP.
2590 332 3124 391 CONSTANTINOP.
3656 330 3715 387 860

3765 91 3770 368 τ

2249 467 2479 522 quoque,
2511 467 2610 507 nec
2661 467 2908 523 umquam
2939 455 3244 524 negaverim
3278 475 3291 509 :
3322 458 3414 515 sed
3437 467 3489 516 tu
3511 462 3586 534 qui
3605 479 3723 531 prtia
3767 377 3769 492 b

2247 545 2536 615 legitimum
2585 555 2795 616 tempus
2839 547 2912 604 illi
2955 547 3218 617 adhaeres,
3266 565 3369 605 non
3413 551 3564 620 sinis,
3601 569 3641 609 ut
3658 561 3724 624 eius

2246 636 2487 691 utilitatis
2537 637 2843 708 magnitudo
2884 647 3158 710 appareat.
3203 638 3332 694 Nam
3379 643 3722 712 quemadmodm

2245 741 2308 781 ea
2336 727 2472 783 solet
2498 742 2618 783 esse
2661 729 2932 800 pzedagngi
2979 729 3094 786 laus
3135 731 3384 798 maxima,
3413 733 3456 787 si
3485 734 3649 800 juvenis
3676 741 3724 794 ille

2244 832 2401 886 quem
2449 817 2762 888 paedagagus
2805 820 2940 874 rexit
2983 820 3284 890 aliquando,
3328 821 3396 876 ad
3424 829 3722 893 temperantiam

2245 911 2358 980 ejus
2383 911 2625 966 custodia
2654 927 2758 966 non
2787 913 3015 982 amplius
3034 924 3204 983 egeat,
3231 914 3372 981 quod
3395 915 3598 984 majores
3615 917 3726 975 fixerit

2247 1004 2296 1059 in
2327 1005 2520 1061 virtute
2542 1019 2858 1076 progressus
2891 1030 2905 1060 :
2938 1008 3008 1061 ita
3034 1023 3243 1078 quoque
3273 1008 3406 1078 legis
3432 1023 3488 1064 ea
3519 1009 3613 1063 laus
3635 1012 3726 1065 fuerit

2243 1096 2490 1161 maxima,
2519 1096 2562 1150 si
2591 1110 2688 1151 nos
2713 1097 2826 1165 ejus
2849 1095 3089 1152 subsidio
3109 1113 3212 1152 non
3230 1099 3454 1168 amplius
3468 1115 3679 1169 egeamus.
3697 1105 3727 1157 ll

2243 1186 2382 1239 enim
2436 1186 2587 1241 nobis
2631 1185 2894 1242 beneflcio
2937 1187 3069 1258 legis
3116 1187 3320 1258 obtigit,
3369 1200 3426 1242 ut
3461 1191 3520 1242 ad
3558 1192 3727 1259 majorem

2241 1275 2632 1345 suscipiendam
2683 1276 3070 1347 philosophiam
3112 1279 3283 1349 aptior
3325 1279 3495 1334 anima
3533 1293 3668 1336 nostra
3693 1287 3729 1337 sit

2241 1367 2466 1421 reddita.
2497 1365 2677 1438 Itaque
2702 1367 2748 1423 is
2775 1369 2863 1438 qui
2891 1368 3065 1424 adhuc
3091 1370 3164 1424 illi
3191 1370 3425 1436 assidet,
3457 1386 3729 1442 nequepotest

2240 1459 2364 1528 quid
2398 1458 2566 1528 majus
2594 1475 2750 1529 quam
2781 1475 2901 1530 qua-
2943 1461 3139 1530 scripta
3177 1472 3302 1516 sunt
3338 1462 3541 1526 intueri,
3569 1481 3647 1518 non
3668 1483 3729 1519 ιω.
3772 1458 3773 1530 Ῑ

2239 1565 2398 1620 gnum
2429 1565 2501 1604 ex
2527 1564 2590 1604 ea
2615 1559 2874 1620 quaastum
2905 1550 3050 1606 fecit.
3079 1553 3147 1606 At
3172 1568 3272 1622 ego
3297 1553 3383 1607 illa
3405 1553 3640 1618 derelicta,
3663 1574 3726 1611 ne

2239 1656 2342 1707 que
2367 1640 2433 1694 ad
2479 1640 2787 1695 sublimiora
2817 1639 3012 1696 Christi
3041 1643 3272 1698 evehens
3296 1644 3556 1714 dogmata,
3582 1649 3728 1703 maxime
3772 1643 3773 1648 “

2241 1731 2378 1786 illam
2409 1747 2603 1788 ornare
2634 1747 2869 1804 possum,
2897 1735 3036 1805 quod
3063 1751 3149 1792 me
3173 1736 3332 1792 talem
3360 1737 3596 1801 eﬂecerit,
3620 1750 3660 1792 ut
3678 1758 3728 1808 po-

2239 1823 2427 1878 tuerim
2471 1839 2655 1879 eorum
2687 1841 2805 1896 qum
2852 1826 3047 1896 scripta
3096 1826 3150 1880 in
3195 1843 3255 1880 ea
3294 1836 3450 1891 sunt,
3482 1829 3730 1898 exiguitatem

2236 1932 2631 1988 supergressus,
2660 1919 2725 1972 ad
2766 1918 3022 1974 doctrina:
3071 1920 3452 1976 sublimitatem
3493 1924 3727 1982 ascendere.

2235 2025 2351 2079 qua:
2378 2009 2573 2065 Christi
2603 2011 2861 2066 beneﬁcio
2891 2011 3042 2066 nobis
3066 2011 3271 2083 obtigit.

2307 2103 2414 2158 Lex
2443 2103 2728 2158 hominibus
2765 2115 3008 2176 quantum
3047 2107 3311 2175 profuerit.
3341 2137 3415 2147 —
3438 2107 3628 2162 Multum
3662 2126 3729 2178 pro

2236 2195 2333 2249 fuit
2364 2196 2448 2250 lex
2495 2207 2697 2250 natura:
2727 2207 2944 2263 nostrae,
2973 2197 3065 2253 sed
3093 2199 3137 2253 si
3181 2199 3395 2254 sincere
3424 2215 3518 2254 nos
3550 2201 3605 2255 ad
3643 2203 3730 2255 Chr}

2233 2297 2371 2340 stnrn
2421 2287 2720 2342 deduxerit.
2763 2290 2971 2358 Alioqui
3018 2290 3070 2344 ni
3116 2290 3166 2344 id
3219 2293 3350 2356 liat,
3385 2293 3539 2346 etiam
3566 2293 3729 2346 damnis:

2235 2377 2426 2440 intulit,
2478 2378 2870 2448 majoribusque
2918 2394 3016 2433 nos
3066 2381 3348 2446 fraudavit,
3381 2382 3504 2436 dum
3546 2384 3730 2437 adlth

2237 2468 2533 2523 minoribus
2558 2468 2704 2534 fecit,
2734 2478 2790 2524 et
2819 2485 2914 2525 nos
2941 2471 2991 2525 in
3019 2470 3312 2528 innumeris
3345 2475 3728 2544 transgressionem

2231 2559 2539 2614 vulneribus
2580 2559 2755 2616 adhuc
2783 2561 3027 2617 detinuit.
3058 2562 3189 2618 Nam
3229 2567 3272 2618 si
3318 2581 3444 2620 eum
3486 2568 3581 2622 duo
3613 2568 3729 2620 media

2230 2661 2429 2717 essent,
2458 2669 2595 2707 unus
2627 2653 2910 2720 inlirmior,
2942 2656 3076 2711 alter
3101 2657 3352 2724 validior,
3381 2667 3437 2714 et
3462 2675 3582 2713 unus
3601 2660 3732 2711 nihil.

2237 2745 2304 2798 tis
2325 2745 2591 2800 ulceribus
2614 2747 2726 2801 suis
2751 2747 3001 2803 remediis
3030 2765 3133 2805 non
3162 2752 3398 2819 potuerit
3427 2761 3648 2822 aegrotum
3675 2752 3729 2803 ὼ·
3776 2759 3777 2770 ‘

2231 2834 2347 2890 lore
2370 2851 2435 2891 ex
2464 2836 2567 2891 illis
2599 2848 2718 2892 orto
2747 2839 3064 2895 liberarem.
3091 2842 3108 2872 ¹

2299 2926 2353 2980 5.
2399 2931 2442 2950 ’⁹
2510 2925 2694 2982 Frater
2761 2940 2915 2995 tum,
2972 2931 3196 2998 relinque
3265 2950 3456 2987 munus
3517 2944 3631 2988 tum
3669 2948 3733 2986 na

2229 3017 2392 3072 altare
2440 3028 2490 3071 et
2546 3019 2691 3084 vade,
2739 3021 2878 3091 prius
2934 3023 3262 3077 reconciliare
3307 3027 3465 3094 fratri
3491 3036 3643 3091 tuo,ct
3669 3039 3734 3077 tua

2229 3111 2428 3165 veniens
2465 3109 2593 3178 offer
2632 3129 2813 3166 manus
2857 3123 2997 3166 tuum
3045 3113 3258 3185 (Matth.
3306 3117 3365 3171 5.
3417 3117 3505 3173 25.
3542 3119 3633 3186 ει).
3669 3118 3733 3171 lion

2229 3200 2396 3263 dixit,
2452 3202 2637 3257 omitte
2684 3202 3037 3270 sacriﬁcium,
3085 3221 3146 3258 ac
3201 3205 3404 3262 deinde
3445 3208 3733 3264 discedezsel

2230 3291 2598 3362 imperfectum
2640 3310 2858 3350 manere
2907 3298 3188 3364 permitte,
3237 3308 3293 3353 et
3343 3299 3528 3354 abiens
3572 3302 3734 3354 recorri-

2229 3381 2360 3437 liare
2389 3382 2539 3438 fratri
2580 3393 2691 3438 tuo.
2731 3383 2912 3455 Neque
2940 3395 3142 3441 tantum
3173 3388 3274 3443 hoc
3301 3390 3425 3445 loco
3466 3391 3515 3444 id
3537 3391 3651 3457 fecit,
3684 3393 3736 3446 sed

2229 3485 2282 3530 et
2304 3475 2428 3531 alibi
2455 3492 2662 3532 rursus.
2692 3476 2825 3532 Nam
2851 3479 2896 3533 si
2926 3480 3043 3549 quis
3068 3480 3334 3537 infidelem
3367 3483 3551 3539 habeat
3574 3501 3733 3542 uxorem.

2231 3567 2331 3622 hoc
2375 3577 2476 3633 est,
2522 3569 2793 3639 gentilem,
2823 3569 3017 3640 ejicere
3063 3571 3207 3625 illam
3255 3574 3480 3630 minime
3505 3578 3683 3642 cogitur.
3709 3579 3740 3631 Si

2227 3663 2336 3732 quis
2360 3663 2512 3728 enim,
2535 3662 2722 3733 inquit,
2751 3680 2960 3718 uxorem
2997 3663 3140 3717 habet
3182 3665 3465 3733 infidelem,
3495 3680 3537 3722 et
3559 3670 3730 3723 harm-

2228 3755 2376 3808 sentit
2398 3755 2621 3809 habitare
2644 3772 2760 3809 cum
2797 3755 2909 3821 illo,
2939 3772 3038 3809 non
3067 3755 3284 3810 dimittat
3325 3760 3474 3812 illam
3499 3762 3566 3830 (ί.
3603 3761 3734 3815 Cani.

2230 3847 2317 3918 12)
2345 3864 2359 3909 ;
2391 3848 2435 3901 si
2467 3863 2594 3903 vero
2622 3849 2957 3903 meretricem
2978 3857 3032 3903 et
3051 3849 3370 3913 adulteram,
3394 3852 3578 3921 ejicere
3594 3854 3737 3908 minime

2229 3938 2559 4008 prohibetur.
2613 3938 2850 4010 Quisquis
2893 3941 3058 4004 enim,
3106 3941 3294 4010 inquit,
3327 3943 3570 3999 dimiserit
3601 3963 3738 4000 nam

2229 4049 2373 4087 suam
2421 4043 2629 4103 excepta
2663 4033 3014 4104 fornicationis
3044 4051 3199 4091 causa
3219 4076 3234 4099 ,
3265 4039 3396 4106 facit
3429 4057 3533 4094 eam
3577 4040 3737 4091 marha-1

2229 4124 2442 4193 (Matth.
2464 4125 2518 4181 5.
2563 4125 2678 4194 52).
2725 4125 2906 4197 itaque
2955 4127 3318 4187 fornicationis
3361 4133 3435 4187 ob
3459 4129 3738 4187 causamlit-tt

2228 4216 2515 4273 dimittere.
2547 4216 2709 4272 Vides
2747 4217 3122 4290 benignitatem
3157 4223 3252 4277 Dei
3277 4239 3343 4278 ac
3388 4222 3735 4279 sollicitudinem.

2229 4307 2286 4362 Si
2315 4310 2531 4381 gentilis
2555 4310 2641 4374 sit,
2670 4311 2859 4380 inquit,
2889 4328 3041 4379 uxor,
3069 4329 3136 4370 ne
3164 4315 3348 4385 ejicias
3383 4335 3397 4370 :
3429 4319 3508 4371 sin
3545 4314 3736 4371 meretrix.

2229 4400 2280 4455 id
2310 4399 2485 4456 facere
2513 4417 2617 4456 non
2650 4401 2925 4471 prohibeo.
2957 4404 3012 4460 Si
3043 4407 3095 4460 in
3139 4423 3246 4474 mc,
3281 4408 3477 4477 inquit,
3521 4408 3650 4477 impia
3667 4405 3736 4456 lut-

2230 4492 2319 4559 rit,
2346 4509 2412 4548 ne
2433 4493 2614 4563 ejicias
2645 4511 2660 4548 :
2687 4496 2732 4549 si
2765 4507 2817 4551 te
2859 4497 3050 4568 injuria
3084 4500 3337 4566 allecerit,
3373 4518 3531 4558 nemo
3553 4500 3735 4571 probiltl.

2229 4602 2335 4656 quo
2361 4587 2535 4642 minus
2559 4588 2761 4658 ejicias.
2808 4589 3019 4662 Ergone
3047 4593 3188 4648 Deus
3229 4605 3440 4649 tantum
3471 4595 3607 4650 nobis
3629 4594 3736 4646 bono-

2229 4694 2344 4734 rem
2390 4679 2599 4747 detulit,
2630 4691 2684 4736 et
2711 4698 2811 4738 nos
2835 4683 2981 4738 illum
3012 4687 3126 4754 pari
3155 4686 3302 4746 cultu
3329 4703 3440 4742 non
3470 4686 3734 4755 dignabitur.

2228 4771 2322 4826 sed
2348 4785 2377 4825 a
2423 4772 2619 4834 nostris
2663 4789 2784 4829 eum
2827 4776 3078 4830 uxoribus
3117 4775 3258 4831 allici
3307 4777 3616 4832 contumelia
3651 4776 3736 4828 sine

2231 4877 2350 4918 mus
2405 4881 2416 4916 :
2477 4863 2635 4942 idque
2685 4880 2804 4918 cum
2864 4868 3150 4923 maximum
3210 4879 3458 4937 paratum
3506 4866 3735 4936 suppliriun

2230 4954 2554 5016 noverimus,
2586 4954 2629 5008 si
2678 4955 2901 5010 salutem
2947 4971 3167 5011 uxorum
3216 4957 3630 5028 neglexerimus?
3657 4955 3735 5009 Ρη)-

2230 5056 2409 5116 pterea
2458 5063 2686 5117 namque
2735 5048 2969 5103 mulieris
3014 5057 3066 5103 te
3109 5059 3267 5119 caput
3315 5051 3484 5119 fecit,
3540 5060 3734 5120 proptere:

2229 5141 2484 5220 prtecepit
2510 5151 2564 5197 et
2605 5142 2800 5197 Paulus
2829 5161 2842 5196 :
2869 5144 2932 5198 Si
2963 5145 3086 5213 quid
3106 5145 3278 5203 volunt
3317 5146 3511 5200 discere
3544 5144 3731 5197 malam.

2230 5233 2367 5286 domi
2402 5234 2534 5292 viros
2573 5250 2691 5294 suos
2718 5235 3023 5312 interrogent
3050 5237 3126 5306 (1.
3158 5235 3278 5291 Cor.
3307 5238 3395 5292 Η.
3430 5239 3521 5302 55)
3548 5255 3560 5289 :
3586 5247 3630 5288 ut
3650 5244 3730 5285 tatr-

2229 5340 2386 5394 quam
2419 5325 2687 5396 magister,
2717 5334 2771 5380 et
2795 5341 3030 5393 curator,
3059 5343 3120 5382 ac
3163 5329 3446 5397 pnelectus
3472 5329 3534 5383 ad
3564 5329 3731 5395 pietatem

2231 5409 2396 5482 ipsam
2442 5400 2649 5470 incites.
2701 5415 2810 5470 Vos
2855 5431 3030 5471 autem
3075 5418 3200 5472 dum
3231 5427 3444 5490 tempus
3488 5412 3731 5473 collecta-ad

2233 5505 2522 5560 Ecclesiatn
2569 5507 2771 5571 invitat,
2820 5510 3127 5579 pigrttantcs
3166 5527 3271 5564 non
3315 5513 3731 5566 excitatiszatcua

2231 5597 2474 5652 diabolus
2493 5598 2557 5652 ad
2587 5599 2739 5665 tubas
2766 5599 2881 5654 illas
2909 5601 3110 5665 invitat,
3141 5616 3384 5673 prompte
3411 5607 3729 5658 audientesm

2232 5689 2500 5753 detinetis,
2548 5691 2640 5744 sed
2672 5689 2954 5758 impietatis
3000 5694 3308 5749 criminibus
3353 5696 3520 5749 sinitis
3545 5693 3730 5753 obiit”.-

2300 5786 2311 5814 ³
2341 5790 2519 5846 Desunt
2535 5781 2769 5848 quietiam.

3769 674 3771 788 γ
