3832 6262
82 356 191 416 859

82 471 230 532 τίνος
270 466 454 522 ἕνεκεν
492 464 552 519 τδ
591 464 761 536 ὄνομα
788 465 851 518 τὸ
876 464 1069 518 ἐαυτοῦ
1099 462 1337 518 τέθεικεν
1374 466 1403 517 6
1448 462 1655 525 ῐΙαῦλος

84 551 342 616 ἐνταῦθα,
367 551 462 606 καὶ
501 550 602 603 οὐκ
637 545 791 603 εἶπεν
814 548 1018 614 ἁπλῶς·
1052 549 1158 602 Ἴδε
1191 550 1302 618 ἐγὼ
1326 548 1469 615 λέγω
1496 546 1656 619 ὑμῖν;

98 636 436 708 ’Δναμνῆσαι
476 634 800 704 βουλόμενος
832 634 1024 698 αὑτοὺς
1053 634 1151 704 τῆς
1184 632 1415 703 σπουδῆς
1442 626 1509 702 ἦς
1534 630 1661 702 περὶ

88 723 182 777 τὸν
199 719 518 789 ’ίουδαῖσμὸν
549 716 881 783 ἐπεδείξατο.
911 718 973 770 Εἰ
1008 716 1106 788 μὲν
1138 716 1243 791 γὰρ
1268 717 1439 788 ήμην,
1474 715 1658 785 φησὶν,

88 814 150 880 ἐξ
182 811 371 875 ἐθνῶν,
409 809 502 863 καὶ
533 806 742 877 ἀγνοῶν
781 806 850 860 τά
888 807 1175 873 Ἰουδαϊκὰ,
1207 809 1338 869 ῐσως
1369 805 1434 860 ἄν
1465 822 1549 868 τις
1582 798 1660 856 εί-

89 914 193 950 πεν
221 896 303 950 δτι
335 893 422 947 διὰ
454 892 514 946 τὸ
562 892 637 963 μὴ
680 891 1069 963 μετεσχηκέναι
1126 908 1193 960 με
1240 893 1341 963 τῆς
1389 888 1662 951 πολιτείας

90 978 325 1049 ἐκείνης,
354 976 562 1044 ἀγνοῶν
606 976 701 1044 τῆς
747 975 1044 1046 περιτομῆς
1075 974 1173 1045 τὴν
1209 975 1381 1045 ίσχὺν,
1417 972 1663 1027 ἐκϐάλλω

85 1062 201 1116 τῶν
248 1061 350 1130 τῆς
388 1058 710 1129 Ἐκκλησίας
756 1058 1038 1129 δογμάτων
1069 1058 1259 1129 αὑτήν.
1289 1060 1388 1112 Διά
1415 1057 1573 1111 τοῦτο
1604 1058 1665 1109 τὸ

87 1146 269 1215 ὄνομα
306 1143 469 1198 αὑτοῦ
502 1142 762 1203 τέθεικεν,
800 1144 878 1206 είς
920 1145 1138 1214 μνήμην
1188 1143 1337 1211 άγων
1368 1143 1564 1207 αὑτοὺς
1590 1136 1664 1195 ὧν

89 1230 346 1299 ἐποίησεν
372 1228 509 1298 ὑπὲρ
532 1226 623 1279 τοῦ
656 1227 817 1296 νόμου
839 1246 851 1258 ·
886 1228 1165 1298 μονονουχὶ
1198 1227 1370 1296 λέγων
1393 1246 1404 1258 ·
1427 1228 1540 1284 Οὐκ
1562 1230 1665 1281 άπ-

90 1314 281 1384 εχθείᾳ
313 1312 412 1381 τῆς
447 1312 749 1381 περιτομῆς
773 1311 928 1365 τοῦτο
958 1313 1114 1378 ποιῶ,
1143 1312 1257 1365 ἀλλ’
1286 1314 1342 1367 ἐν
1377 1313 1665 1381 ἐπιγνώσει

92 1400 197 1469 τῆς
223 1396 493 1468 ἀληθείας.
514 1390 653 1464 Ἐγὼ
680 1395 888 1459 Παῦλος
918 1396 1075 1450 τοῦτο
1100 1397 1259 1466 λέγω,
1286 1396 1494 1460 Παῦλος
1522 1399 1664 1451 ἐκεῖ-

89 1503 179 1549 νος
205 1487 233 1537 ό
260 1486 316 1536 ἐν
354 1484 618 1554 περιτομῇ
652 1482 1009 1553 ὀκταήμερος,
1036 1484 1063 1535 6
1090 1482 1153 1534 ἐκ
1181 1482 1369 1550 γένους
1398 1482 1663 1553 Ἰσραηλί-

89 1585 213 1639 της,
230 1566 475 1638 Ἐϐραῖος
520 1566 577 1633 ἐξ
612 1566 893 1637 Ἐϐραίων,
930 1568 991 1619 ἐκ
1030 1567 1200 1637 φυλῆς
1225 1568 1499 1638 Βενιαμὶν,
1525 1569 1666 1622 κατά

91 1656 258 1724 νόμον
273 1654 583 1724 Φαρισαῖος,
604 1652 743 1705 κατὰ
772 1651 931 1720 ζῆλον
958 1651 1169 1704 διώκων
1188 1652 1283 1723 τὴν
1318 1653 1664 1722 Ἐκκλησίαν,

90 1741 122 1793 6
148 1736 601 1807 εἰσπορευόμενος
624 1738 704 1799 εἰς
728 1734 824 1796 τὰς
844 1734 1019 1797 οἰκίας
1039 1736 1132 1788 καὶ
1154 1734 1332 1807 σύρων
1358 1737 1556 1808 ἄνδρας
1573 1737 1668 1789 καὶ

91 1825 381 1892 γυναῖκας,
408 1820 501 1872 καὶ
536 1819 861 1891 παραδιδοὺς
900 1820 979 1882 εἰς
1008 1819 1254 1899 φυλακήν
1275 1839 1287 1852 ·
1325 1822 1468 1895 ἅπερ
1496 1821 1665 1875 ἅπαν-

92 1924 162 1960 τα
192 1906 287 1958 καὶ
314 1904 439 1966 τοὺς
484 1901 685 1973 σφόδρα
712 1901 1051 1973 ἀναισθήτως
1079 1903 1451 1975 διακειμένους
1483 1908 1666 1959 πεῖσαι

91 1988 296 2044 δύναιτ’
331 1986 417 2049 ἂν,
442 1986 517 2049 ὡς
546 1986 646 2039 οὑκ
682 1986 849 2059 ἔχθρᾳ
870 1986 997 2050 τινὶ,
1024 1987 1143 2040 οὑδὲ
1171 1988 1362 2065 ἀγνοίᾳ
1394 1988 1502 2043 τῶν
1544 1991 1671 2042 Ἰου-

91 2075 319 2137 δαϊκῶν,
348 2070 462 2125 ἀλλ’
492 2069 782 2138 ἐπιγνώσει
827 2071 926 2140 τῆς
968 2071 1224 2142 ἀληθείας
1245 2073 1345 2143 τῆς
1378 2075 1672 2147 ὑπερεχού-

96 2175 201 2229 σης
229 2154 325 2210 τοῦ
357 2157 615 2229 Χριστοῦ,
647 2157 834 2211 τοῦτον
858 2157 1078 2212 τέθεικα
1102 2159 1194 2214 τὸν
1226 2159 1407 2231 νόμον.
1440 2161 1674 2227 Μαρτύ-

83 2258 268 2310 ρομαι
293 2241 361 2295 δὲ
394 2239 597 2300 πάλιν.
632 2242 783 2313 φησὶ,
807 2243 985 2296 παντὶ
1019 2243 1302 2312 ἀνθρώπῳ
1332 2261 1673 2314 περιτεμνοο

85 2324 276 2394 μένῳ,
318 2324 407 2378 ὅτι
433 2325 743 2393 ὀφειλέτης
776 2326 948 2380 ἐστὶν
984 2328 1131 2382 ὅλον
1161 2328 1266 2383 τὸν
1295 2331 1483 2399 νόμον
1518 2336 1671 2397 πλη-

82 2408 304 2479 ρῶσαι.
338 2410 435 2463 Διά
464 2411 516 2463 τί
546 2412 645 2465 οὑκ
682 2409 800 2465 εἷπε
822 2430 834 2442 ·
870 2415 1238 2485 Παραγγέλλω
1264 2416 1342 2481 δέ,
1369 2418 1400 2487 ἢ
1436 2417 1674 2471 ἐντέλλο-

99 2513 201 2566 μαι
231 2496 305 2558 δέ,
338 2495 370 2567 ῆ
412 2495 552 2564 λέγω
596 2496 672 2559 δὲ,
704 2497 858 2561 ἀλλὰ,
890 2500 1278 2573 Μαρτύρομαι;
1308 2504 1424 2556 Ἵνα
1464 2503 1550 2556 διὰ
1579 2503 1672 2556 τοῦ

98 2581 347 2651 ῥήματος
376 2579 565 2633 τούτου
594 2580 686 2634 τοῦ
715 2582 1062 2655 δικαστηρίου
1091 2586 1184 2640 τοῦ
1219 2588 1504 2657 μέλλοντος
1526 2590 1673 2658 ἡμᾶς

96 2663 388 2734 ἀναμνήσῃ
409 2680 421 2693 ·
450 2664 583 2717 ὅπου
605 2666 712 2738 γὰρ
744 2668 1040 2738 μάρτυρες,
1066 2671 1181 2723 ἐκεῖ
1209 2671 1555 2743 δικαστήριον
1582 2674 1675 2726 καὶ

91 2748 296 2818 ψῆφος.
335 2748 494 2800 Φοϐεῖ
545 2748 719 2802 τοίνυν
768 2750 859 2803 τὸν
908 2752 1202 2824 ἀκροατὴν,
1244 2756 1673 2827 ἀναμιμνήσκων

93 2836 195 2886 τοῦ
231 2832 503 2903 βασιλικοῦ
534 2834 744 2908 θρόνου,
775 2836 868 2890 καὶ
910 2835 1122 2900 δεικνὺς
1158 2839 1240 2891 ὅτι
1270 2833 1414 2893 οῦτοι
1443 2842 1492 2893 οἱ
1526 2839 1674 2909 λόγοι

106 2920 383 2989 μάρτυρες
425 2919 632 2973 ἔσονται
681 2920 828 2989 αὑτῷ
876 2921 1015 2974 κατά
1054 2923 1152 2993 τὴν
1198 2923 1411 2994 ἡμέραν
1438 2925 1671 2994 ἐκείνην,

99 3003 237 3056 ὅταν
276 3004 500 3067 ἕκαστος
533 3004 639 3057 τῶν
663 3005 841 3075 ἐαυτῷ
868 3006 1285 3077 πεπραγμένων,
1323 3008 1414 3061 καὶ
1450 3001 1523 3061 ὧν
1553 3005 1674 3061 εἷπε

97 3088 198 3141 καὶ
232 3082 305 3141 ὧν
326 3089 574 3159 ῆκουσεν,
597 3088 772 3162 ὑπέχῃ
800 3089 975 3159 λόγον.
1007 3091 1189 3144 Ταῦτα
1216 3093 1413 3163 ῆκουον
1436 3094 1534 3163 μὲν
1556 3094 1676 3146 τότε

99 3173 363 3237 Γαλάται,
402 3172 747 3227 άκουέτωσαν
791 3173 846 3228 δέ
888 3176 982 3229 καὶ
1017 3174 1112 3230 νῦν
1139 3177 1188 3228 οἱ
1216 3177 1285 3229 τά
1308 3176 1560 3231 Γαλατῶν
1588 3194 1676 3231 νο-

100 3257 345 3321 σοῦντες,
376 3257 423 3310 εί
448 3257 542 3311 καὶ
573 3258 646 3329 μὴ
678 3257 957 3330 πάρεισιν·
988 3260 1123 3314 άλλά
1148 3261 1214 3315 δι’
1234 3263 1386 3333 ὑμῶν
1410 3265 1679 3320 ἀκουέτω-

102 3359 207 3396 σαν
240 3340 467 3411 βοῶντος
498 3341 708 3395 Παύλου
748 3344 841 3395 καί
890 3343 1137 3412 λέγοντος
1158 3363 1170 3376 ·
1203 3349 1581 3418 Μαρτύρομαι
1610 3348 1678 3403 δὲ

100 3426 287 3481 παντί
335 3426 622 3494 ἀνθρώπῳ
672 3430 1176 3498 περιτεμνομένῳ,
1219 3431 1307 3485 ὅτι
1364 3434 1677 3504 ὀφειλέτης

97 3508 280 3561 ἐστὶν
309 3507 453 3562 ὅλον
488 3508 589 3562 τὸν
616 3511 805 3578 νόμον
837 3512 1170 3581 πληρῶσαι.

176 3594 270 3665 Μὴ
296 3593 403 3665 γάρ
441 3608 528 3664 μοι
557 3594 717 3665 εἴπῃς
742 3595 823 3649 ὅτι
863 3596 959 3666 μία
996 3599 1179 3671 ἐντολή
1213 3602 1360 3655 ἐστιν
1392 3604 1424 3673 ή
1461 3622 1679 3676 περιτο-

103 3681 217 3751 μή·
241 3681 274 3749 ή
300 3679 399 3749 μία
429 3678 616 3749 ἐντολὴ
644 3679 828 3751 ἐκείνη
860 3680 1148 3753 ὀλόκληρον
1177 3686 1452 3759 ἐπιτίθησί
1481 3706 1562 3743 σοι
1583 3690 1676 3759 τοῦ

99 3763 273 3834 νόμου
320 3760 412 3815 τὸν
456 3760 815 3846 ζυγόν,”οταν
848 3764 955 3836 γάρ
987 3765 1073 3820 διά
1098 3767 1192 3821 τοῦ
1225 3758 1423 3842 μέρους
1455 3758 1679 3846 είσάγῃς

104 3846 304 3900 σαυτὸν
328 3846 408 3909 είς
437 3846 535 3916 τήν
558 3845 651 3901 τοῦ
676 3848 841 3918 νόμου
866 3849 1201 3915 δεσποτείαν,
1233 3855 1443 3927 ἀνάγκη
1472 3860 1565 3912 καὶ
1611 3860 1682 3913 τὰ

101 3930 273 3983 λοιπά
336 3930 616 3985 πείθεσθαι
673 3933 1050 3987 ἐπιτάττοντι·
1111 3936 1185 4008 μὴ
1252 3939 1561 4009 πληροῦντα
1624 3944 1679 3997 δὲ

102 4015 327 4084 ἀνάγκη
374 4014 523 4068 πᾶσα
573 4014 897 4081 κολάζεσθαι
930 4019 1023 4072 καὶ
1048 4019 1146 4090 τήν
1174 4021 1313 4091 ἀρὰν
1335 4022 1533 4080 ἕλκειν.
1572 4027 1681 4080 Καὶ

104 4097 360 4169 καθάπερ
383 4099 461 4161 είς
485 4097 684 4167 παγίδα
706 4100 1032 4170 ἐμπεσόντος
1057 4103 1339 4175 στρουθοῦ.
1366 4106 1469 4160 κᾶν
1496 4110 1524 4161 6
1547 4109 1681 4173 ποῦς

103 4184 405 4254 κατέχηται
454 4184 631 4254 μόνον,
662 4187 756 4239 καὶ
803 4186 863 4238 τὸ
910 4185 1093 4242 λοιπὸν
1122 4189 1268 4244 ἅπαν
1300 4192 1441 4245 ἐάλω
1488 4196 1675 4266 σῶμα·

101 4270 252 4323 οῦτω
283 4270 377 4322 καί
404 4270 432 4322 6
467 4271 594 4339 μίαν
624 4270 839 4343 ἐντολὴν
866 4272 958 4326 τοῦ
985 4274 1148 4345 νόμου
1180 4276 1419 4349 πληρῶν,
1449 4280 1549 4335 κᾶν
1582 4299 1679 4334 πε-

107 4356 360 4427 ριτομήν,
402 4353 503 4407 κᾶν
531 4357 803 4426 νηστείαν,
835 4359 1051 4414 ἃπασαν
1087 4362 1280 4416 ἐαυτοῦ
1313 4364 1409 4435 τὴν
1436 4365 1681 4429 ἐξουσίαν

100 4445 196 4499 διὰ
226 4446 325 4514 τῆς
356 4445 483 4514 μιᾶς
513 4444 715 4515 ταύτης
746 4445 825 4515 τῷ
856 4447 1004 4518 νόμῳ
1037 4450 1340 4521 παρέδωκε,
1373 4454 1466 4506 καὶ
1494 4454 1555 4507 οὑ
1588 4454 1680 4507 δυ-

102 4530 331 4597 νήσεται
359 4528 657 4596 διαφυγεῖν,
683 4528 787 4590 ἓως
830 4529 896 4583 ἂν
928 4532 1077 4603 αὑτῷ
1102 4532 1202 4587 κᾶν
1232 4536 1296 4587 ἐκ
1331 4535 1528 4607 μέρους
1558 4539 1679 4591 πεί-

103 4610 301 4664 θεσθαι
328 4610 604 4681 βούληται.
639 4611 824 4665 Ταῦτα
843 4613 906 4667 οὑ
940 4616 1372 4686 κατηγοροῦντες
1400 4620 1494 4673 τοῦ
1516 4622 1680 4690 νόμου

100 4697 361 4765 λέγομεν,
392 4694 466 4765 μὴ
494 4695 734 4763 γένοιτοι
773 4696 909 4750 ἀλλά
952 4696 1045 4751 τὸν
1076 4700 1480 4772 ὑπερϐάλλοντα
1516 4706 1679 4759 πλοῦ-

100 4797 200 4832 τον
248 4778 348 4849 τῆς
383 4776 478 4831 τοῦ
521 4778 758 4849 Χριστοῦ
801 4780 1020 4851 χάριτος
1048 4781 1216 4847 δεῖξαι
1243 4784 1570 4857 βουλόμενοι.
1606 4792 1678 4842 Οὑ

100 4862 220 4934 γάρ
266 4865 433 4945 ἐστιν
453 4863 483 4915 6
528 4860 691 4945 νόμος
721 4863 957 4927 ἐναντίος
980 4865 1056 4935 τῷ
1089 4868 1307 4938 Χριστῷ
1332 4887 1345 4902 ·
1376 4872 1491 4936 πῶς
1519 4874 1627 4945 γάρ
1653 4878 1681 4929 6

102 4948 202 5002 ὑπ’
229 4946 393 4999 αὑτοῦ
422 4944 568 5017 [604]
596 4945 788 5009 δοθεὶς,
813 4947 842 4998 6
878 4948 1013 5018 πρὸς
1038 4950 1371 5023 αὑτὸν⁴ημᾶς
1403 4944 1679 5024 παιδαγω-

101 5031 255 5098 γῶν;
297 5028 432 5083 ἀλλὰ
477 5028 567 5082 διὰ
598 5030 697 5100 τὴν
726 5031 951 5102 ἄκαιρον
973 5033 1303 5101 φιλονεικίαν
1334 5039 1440 5091 τῶν
1470 5042 1566 5093 οὑκ
1600 5044 1679 5105 εἰς

99 5115 231 5167 δέον
273 5112 420 5182 αὑτῷ
455 5114 748 5184 χρωμένων
778 5114 954 5167 πάντα
980 5116 1152 5170 ταῦτα
1179 5118 1355 5188 λέγειν
1382 5123 1681 5192 ἀναγκαζό-

104 5196 276 5269 μεθα.
295 5196 519 5249 Ἐκεῖνοι
548 5194 657 5267 γάρ
689 5198 826 5249 εἰσιν
865 5199 913 5250 οἱ
941 5198 1031 5253 τὸν
1063 5201 1225 5272 νόμον
1273 5203 1602 5274 ὑϐρίζοντες,
1630 5212 1680 5263 οἱ

102 5276 425 5341 κελεύοντες
448 5279 749 5348 ἀποστῆναι
773 5279 1022 5348 καθάπαξ
1050 5284 1234 5348 αὑτοῦ,
1251 5286 1345 5339 καὶ
1370 5288 1445 5358 τῷ
1461 5291 1680 5363 Χριστῷ

105 5360 452 5432 προσελθεῖν,
488 5362 582 5415 καὶ
612 5363 955 5434 ἀντεχόμενοι
1000 5366 1161 5419 πάλιν
1202 5369 1385 5425 αὑτοῦ.
1408 5360 1557 5426 Ἐπεὶ
1598 5360 1679 5429 ὅτι

101 5444 348 5529 μέγιστα
390 5445 488 5514 τὴν
519 5444 685 5529 φύσιν
706 5446 953 5519 ὠφέλησε
1000 5451 1097 5522 τὴν
1137 5453 1411 5525 ἡμετέραν
1435 5459 1464 5510 6
1498 5459 1677 5529 νόμος,

98 5526 359 5595 ὁμολογῶ
400 5528 576 5596 κάγὼ,
608 5528 701 5581 καὶ
734 5530 833 5584 οὐκ
875 5532 941 5586 ἂν
986 5535 1277 5607 ἀρνηθείην
1316 5539 1462 5593 ποτέ.
1483 5526 1620 5596 Ἀλλ’
1652 5549 1680 5600 6

100 5608 265 5698 παρὰ
293 5610 483 5698 καιρδν
510 5612 870 5698 ἀντεχόμενος
889 5618 1053 5670 αὑτοῦ
1078 5621 1142 5673 σὺ
1167 5623 1226 5673 ού
1246 5631 1553 5697 συγχωρεῖς
1575 5646 1677 5698 φα-

98 5693 269 5785 νῆνῗι
296 5694 395 5763 τῆς
427 5692 691 5785 ῷφελείας
720 5696 884 5785 αὑτοῦ
904 5699 978 5785 *τὸ
1008 5702 1252 5769 μέγεθος.
1285 5692 1545 5781 Καθάπερ
1572 5692 1679 5785 γὰρ

108 5774 467 5849 παιδαγωγοῦ
498 5778 750 5849 μέγιστον
781 5782 1048 5855 ἐγκώμιον
1089 5786 1281 5855 γένοιτ’
1319 5789 1400 5857 ἂν,
1427 5794 1485 5845 τὸ
1510 5774 1675 5867 ίιηγκέί

767 351 835 409 ΙΝ
872 352 1005 409 EOS
1037 349 1155 419 QUI
1192 350 1331 409 CUM
1363 350 1511 408 JUD.
1550 343 1933 403 JEJUNANT.
1974 345 2339 403 ADVERSUS
2376 346 2524 404 JUD.
2558 344 2625 402 ll.

3227 347 3335 406 860

1762 478 1815 513 τι
1846 459 2048 512 δεῖσθαι
2091 461 2189 529 τῆς
2232 459 2361 530 παρ’
2389 459 2551 513 αὑτοῦ
2587 459 2832 531 φυλακῆς
2868 460 2947 523 εἰς
2984 461 3340 535 σωφροσύνην

1762 553 1853 605 τὸν
1881 553 1971 605 ὑπ’
1996 550 2160 605 αὑτοῦ
2196 552 2677 622 παιδαγωγηθέντα
2705 552 2844 614 νέον,
2869 553 2947 615 είς
2975 552 3194 622 μείζονα
3218 554 3336 610 ἐπι-

1763 642 1920 698 δόντα
1964 644 2166 715 ἀρετήν
2188 659 2201 671 ·
2242 642 2384 697 οὓτω
2412 645 2503 697 καὶ
2531 644 2678 714 νόμῳ
2714 645 2969 715 μέγιστος
2996 644 3215 709 ἔπαινος
3247 646 3338 715 γέ-

1764 737 1894 789 νοιτ’
1933 736 2020 798 ἂν,
2058 736 2118 790 τὸ
2155 737 2349 807 μηκέτι
2384 737 2573 808 χρείαν
2598 737 2740 807 ἔχειν
2784 739 2927 808 ἡμᾶς
2951 739 3049 809 τῆς
3076 738 3205 809 παρ’
3237 740 3337 793 αὑ-

1764 830 1857 883 τοῦ
1891 829 2160 901 βοηθείας.
2193 829 2333 882 Δὺτὸ
2363 830 2470 900 γὰρ
2503 829 2567 900 δὴ
2589 828 2747 882 τοῦτο
2778 830 2927 902 παρά
2950 833 3042 883 τοῦ
3064 834 3236 905 νόμου
3255 832 3341 901 γέ-

1765 938 1920 989 γονεν
1950 924 2101 993 ἡμῖν,
2130 922 2191 975 τὸ
2241 921 2377 993 πρὸς
2430 921 2671 992 μείζονος
2720 922 3035 991 φιλοσοφίας
3074 925 3341 994 ὑποδοχὴν

1765 1014 2201 1086 ἐπιτηδειοτέραν
2227 1016 2355 1085 ἡμῖν
2384 1014 2636 1082 γενέσθαι
2662 1015 2759 1086 τὴν
2782 1015 3148 1087 ψυχήν.Ὢστε
3182 1017 3210 1068 6
3242 1018 3340 1087 μὲν

1767 1108 1846 1161 ἔτι
1882 1107 2343 1179 παρακαθήμενος
2388 1106 2556 1178 αὑτῷ,
2604 1109 2697 1161 καὶ
2733 1108 2806 1179 μὴ
2835 1108 3127 1179 δυνάμενος
3161 1109 3342 1179 μεῖζόν

1766 1219 1819 1254 τι
1852 1200 1958 1254 τῶν
1993 1203 2107 1254 ἐκεῖ
2130 1200 2533 1272 γεγραμμένων
2569 1202 2719 1267 ἰδεῖν,
2748 1201 2899 1254 οὑδέν
2929 1201 3181 1271 ἐκέρδανε
3212 1205 3341 1273 παρ’

1768 1294 1931 1347 αὐτοῦ
1967 1296 2125 1363 μέγα.
2146 1294 2284 1363 Ἐγὼ
2311 1293 2366 1347 δέ
2405 1295 2432 1346 ὁ
2470 1295 2658 1347 τοῦτον
2691 1295 2786 1365 μὲν
2812 1295 2990 1364 ἀφεὶς,
3030 1293 3161 1365 πρὸς
3191 1294 3246 1347 δέ
3275 1293 3345 1347 τά

1769 1388 2075 1459 ὑψηλότερα
2102 1388 2195 1441 τοῦ
2220 1388 2454 1460 Χριστοῦ
2477 1388 2726 1458 δόγματα
2750 1386 2992 1459 δραμὼν,
3024 1388 3254 1460 μάλιστα
3278 1386 3345 1441 ἂν

1769 1482 1931 1534 αὑτὸν
1959 1482 2225 1553 δυναίμην
2264 1482 2569 1552 σεμνύνειν,
2595 1482 2675 1534 ὅτι
2712 1498 2780 1551 με
2820 1480 3060 1533 τοιοῦτον
3085 1481 3346 1551 είργάσα-

1768 1593 1849 1639 το,
1875 1576 1950 1639 ὼς
1974 1553 2264 1647 δυνηθῆναι
2296 1575 2402 1627 τῶν
2423 1576 2481 1627 ἐν
2505 1573 2651 1643 αὑτῷ
2680 1574 3079 1645 γεγραμμένων
3106 1575 3203 1645 τὴν
3229 1590 3347 1643 σμι-

1772 1670 2009 1740 κρότητα
2050 1669 2382 1740 ὑπερϐάντα,
2418 1668 2554 1739 πρὸς
2588 1668 2647 1720 τὸ
2693 1668 2791 1737 τῆς
2834 1668 3179 1729 διδασκαλίας
3213 1667 3346 1737 ῦψος

1771 1762 2034 1832 ἀναϐῆναι
2060 1762 2158 1830 τῆς
2184 1762 2331 1833 παρὰ
2356 1762 2446 1815 τοῦ
2474 1760 2709 1833 Χριστοῦ
2739 1762 3035 1833 γενομένης
3069 1764 3217 1832 ἡμῖν.

1842 1860 2069 1928 Μεγάλαι
2094 1861 2192 1931 τὴν
2219 1859 2377 1929 φύσιν
2410 1860 2510 1930 τὴν
2542 1859 2816 1930 ἡμετέραν
2863 1859 3143 1929 ὠφέλησεν
3194 1862 3221 1912 6
3262 1859 3347 1913 νό-

1777 1972 1895 2024 μος,
1927 1954 2040 2007 ἀλλ’
2076 1954 2169 2008 ἐὰν
2223 1953 2295 2023 τῷ
2340 1953 2558 2024 Χριστῷ
2605 1954 2928 2024 προσαγάγῃ
2974 1953 3242 2023 γνησίως·
3271 1950 3347 2015 ὡς

1775 2049 1868 2102 ἐὰν
1897 2048 1971 2120 μὴ
1995 2046 2153 2100 τοῦτο
2178 2042 2233 2121 ᾖ,
2267 2046 2359 2099 καὶ
2393 2046 2718 2115 κατέϐλαψε.
2754 2046 3012 2117 μειζόνων
3046 2047 3350 2118 ἀποστερή-

1775 2161 1873 2207 σας
1901 2143 2047 2212 ήμᾶς
2077 2144 2142 2211 τῇ
2169 2142 2277 2193 τῶν
2303 2140 2598 2194 ἐλαττόνων
2624 2142 2940 2212 προσεδρίᾳ,
2970 2142 3066 2195 καὶ
3092 2140 3169 2211 τῷ
3190 2141 3349 2195 πάλιν

1772 2237 1829 2289 ἐν
1861 2239 1974 2298 τοῖς
2007 2237 2221 2307 μυρίοις
2250 2235 2356 2288 τῶν
2381 2236 2743 2306 παραϐάσεων
2771 2236 3078 2307 τραύμασιν
3110 2236 3189 2289 ἔτι
3221 2253 3351 2288 κατε⁹

1774 2331 1938 2402 έχειν.
1962 2331 2074 2384 Καὶ
2102 2331 2209 2401 γὰρ
2239 2331 2287 2383 εἰ
2312 2329 2455 2383 δυοῖν
2489 2331 2687 2401 ἰατρῶν
2715 2330 2905 2397 ὄντων,
2936 2330 3028 2383 τοῦ
3068 2331 3166 2399 μὲν
3194 2331 3351 2383 ἀσθε-

1774 2427 2049 2496 νεστέρου,
2067 2423 2160 2475 τοῦ
2186 2422 2242 2475 δέ
2266 2422 2651 2494 δυνατωτέρου,
2679 2426 2707 2476 6
2739 2424 2837 2494 μὲν
2869 2428 2980 2487 τοῖς
3009 2424 3189 2477 ἕλκεσι
3215 2424 3352 2495 φάρ-

1780 2534 1929 2588 μακα
1954 2515 2217 2578 ἐπιτιθεὶς
2250 2516 2323 2585 μὴ
2361 2515 2572 2568 δύναιτο
2601 2516 2905 2582 ἀπαλλάξαι
2955 2516 3211 2580 καθάπαξ
3258 2516 3352 2587 τῆς

1777 2613 1834 2679 ἐξ
1870 2614 2092 2665 ἐκείνων
2119 2610 2310 2681 ὀδύνης
2337 2611 2427 2662 τὸν
2460 2611 2761 2682 ἄρρωστον.
2784 2650 2798 2664 .
2820 2651 2835 2664 .
2869 2611 3109 2680 (λείπει).
3129 2651 3141 2663 .
3160 2653 3174 2665 .

1845 2727 1918 2786 γ’.
2023 2721 2054 2772 ό
2076 2718 2335 2786 ἀδελφός
2361 2731 2497 2780 σου,
2516 2717 2657 2785 ἄφες
2689 2717 2755 2770 τὸ
2777 2716 2968 2785 δῶρόν
2982 2718 3113 2770 ’σσυ
3137 2718 3352 2785 ἐμπρο-

1777 2816 1924 2866 σθεν
1957 2811 2062 2866 τοῦ
2080 2811 2533 2878 θυσιαστηρίου,
2562 2810 2659 2863 καὶ
2691 2810 2900 2879 ὕπαγε·
2930 2809 3163 2877 πρῶτον
3191 2809 3352 2862 διαλ·

1775 2906 1990 2977 λάγηθι
2018 2904 2098 2972 τῷ
2122 2903 2362 2975 ἀδελφῷ
2385 2922 2521 2966 σου,
2555 2904 2651 2956 καὶ
2681 2904 2813 2957 τότε
2832 2903 3028 2958 ἐλθὼν
3054 2904 3354 2973 πρόσφερε

1777 3001 1844 3054 τὸ
1869 3000 2061 3070 δῶρόν
2092 3019 2227 3055 σου.
2264 3000 2376 3053 Ούκ
2411 2996 2551 3063 εἷπε,
2582 2997 2862 3051 Σύστειλον
2894 3000 2993 3069 τὴν
3021 2998 3239 3064 θυσίαν,
3264 2998 3357 3052 καὶ

1778 3095 1897 3148 τότε
1924 3094 2147 3151 ἄπελθε,
2173 3093 2309 3160 ἀλλ’,
2348 3097 2516 3164 ’Ἄφες
2548 3094 2728 3164 μένειν
2762 3093 3106 3165 άπλήρωτον,
3140 3080 3228 3146 καὶ
3250 3094 3350 3147 ἀπο

1780 3186 1952 3241 ελθὼν
1983 3186 2299 3259 διαλλάγηθι
2348 3186 2427 3257 τῷ
2465 3186 2680 3258 ἀδελφῷ
2712 3204 2825 3241 σου.
2859 3188 2968 3240 Καὶ
2995 3187 3096 3239 οὑκ
3126 3186 3358 3241 ἐνταῦθα

1778 3281 1937 3336 τοῦτο
1972 3282 2132 3353 μόνον
2172 3281 2447 3353 ἐποίησεν,
2472 3280 2609 3335 ἀλλά
2648 3284 2742 3346 καὶ
2773 3282 2999 3353 ἑτέρωθι
3034 3282 3216 3337 πάλιν.
3236 3283 3356 3336 Ἐάν

1784 3374 1882 3446 μὲν
1927 3375 2037 3446 γὰρ
2076 3375 2303 3429 ἄπιστον
2336 3376 2432 3446 ἔχῃ
2464 3377 2699 3444 γυναῖκά
2723 3394 2825 3440 τις.
2860 3377 3354 3449 τουτέστιν,Ἐλλη·

1781 3470 1916 3533 νίδα,
1948 3472 2048 3524 οὐκ
2071 3471 2437 3539 ἀναγκάζεται
2472 3471 2746 3523 ἐκϐαλεῖν·
2780 3472 2854 3525 Ei
2882 3489 2970 3536 τις
3008 3474 3139 3542 γάρ,
3172 3472 3356 3543 φησὶν,

1779 3568 1903 3636 ἔχει
1943 3566 2195 3635 γυναῖκα
2234 3566 2512 3630 ἄπιστον,
2543 3566 2639 3617 καὶ
2682 3564 2835 3632 αὐτὴ
2879 3565 3236 3620 συνευδοκεῖ
3275 3568 3366 3620 οι-

1781 3658 1911 3713 κεῖν
1943 3658 2069 3727 μετ’
2098 3658 2307 3720 αὑτοῦ,
2337 3660 2423 3727 μὴ
2453 3659 2669 3726 ἀφιέτω
2700 3658 2926 3723 αὑτήν·
2966 3658 3032 3711 ἂν
3060 3658 3118 3710 δὲ
3156 3660 3358 3731 πόρνην

1781 3752 1875 3803 καὶ
1905 3750 2209 3822 μοιχαλίδα,
2240 3752 2299 3803 ού
2344 3751 2608 3804 κωλύεται
2644 3751 2926 3804 ἐκϐάλλειν
2945 3768 2957 3781 ·
3005 3755 3099 3817 Ὃς
3126 3755 3235 3827 γάρ
3262 3754 3357 3817 ἂν,

1781 3847 1966 3918 φησὶν,
2003 3847 2300 3901 ἀπολύσει
2346 3846 2460 3914 τὴν
2502 3847 2758 3916 γυναῖκα
2806 3848 3013 3911 αὐτοῦ,
3069 3854 3355 3919 παρεκτὸς

1780 3941 1965 4010 λόγου
2005 3940 2305 4007 πορνείας,
2346 3940 2503 3994 ποιεῖ
2542 3940 2738 4008 αὐτὴν
2777 3941 3356 4011 μοιχευθῆναι.”Ωστε

1782 4038 1872 4087 ἐπὶ
1924 4033 2082 4102 λόγου
2128 4034 2381 4105 πορνείας
2419 4033 2626 4099 ἔξεστιν
2673 4034 2957 4089 ἀπολῦσαι.
2994 4034 3145 4103 Εἶδες
3176 4040 3359 4109 φιλανο

1784 4127 2029 4199 θρωπίαν
2057 4127 2191 4181 Θεοῦ
2218 4128 2313 4182 καὶ
2344 4129 2795 4200 κηδεμονίαν.’¹Λν
2830 4131 3070 4203 Ἑλληνὶς
3093 4130 3148 4206 ᾗ,
3172 4137 3358 4203 φησὶν,

1782 4226 1814 4293 ἡ
1851 4222 2007 4293 γυνὴ,
2047 4223 2121 4294 μὴ
2148 4222 2449 4294 ἐκϐάλλῃς·
2488 4223 2553 4276 ἂν
2586 4223 2641 4275 δὲ
2668 4224 2861 4295 πόρνη,
2893 4226 2954 4277 ού
2989 4226 3183 4280 κωλύω
3206 4229 3361 4284 τοῦτο

1786 4314 2136 4385 ποιῆσαι.“Δν
2165 4316 2246 4377 είς
2283 4315 2402 4385 ἐμὲ,
2430 4317 2610 4384 φησὶν,
2646 4318 2909 4387 ἀσεϐήσῃ,
2945 4316 3019 4388 μὴ
3052 4319 3319 4391 ἐκϐάλλῃς
3343 4340 3357 4354 ·

1783 4406 1850 4460 ἂν
1875 4406 1932 4459 δέ
1958 4408 2038 4469 εἰς
2067 4406 2125 4457 σὲ
2154 4405 2376 4477 ὑϐρίσῃ,
2410 4407 2584 4471 οὐδεὶς
2617 4411 2643 4461 ὁ
2674 4407 2896 4460 κωλύων
2927 4411 3195 4465 ἐκϐαλεῖν.
3229 4410 3361 4467 Εἶτα

1782 4500 1810 4550 6
1844 4497 1943 4568 μὲν
1972 4497 2102 4561 Θεὸς
2133 4496 2367 4569 τοσαύτῃ
2398 4501 2527 4569 τιμῇ
2562 4499 2821 4571 κέχρηται
2847 4500 2981 4571 πρὸς
3007 4503 3173 4573 ἡμᾶς,
3198 4507 3359 4577 ἡμεῖς

1783 4593 1840 4647 δέ
1871 4593 1993 4646 οὑδέ
2025 4592 2133 4647 τῶν
2162 4595 2294 4647 ῖσων
2324 4595 2485 4648 αὑτὸν
2511 4594 2833 4667 ἀξιώσομεν,
2864 4598 2978 4651 ἀλλ’
3007 4600 3361 4673 ὑϐριζόμενον

1782 4686 1943 4739 αὑτὸν
1978 4684 2126 4756 παρά
2160 4685 2271 4738 τῶν
2315 4686 2598 4758 ἡμετέρων
2644 4690 3017 4762 περιοψόμεθα
3062 4696 3357 4762 γυναικῶν,

1786 4778 1881 4832 καὶ
1917 4776 2091 4833 ταῦτα
2112 4777 2333 4843 εἰδότες,
2360 4780 2442 4832 ὅτι
2468 4781 2700 4852 μεγίστη
2728 4784 2948 4848 κόλασις
2980 4788 3110 4857 ἡμῖν
3137 4792 3361 4844 ἀποκείο

1786 4888 1937 4926 σεται
1962 4875 2056 4925 καὶ
2086 4872 2345 4944 τιμωρία,
2368 4873 2496 4926 ὅταν
2524 4875 2624 4942 τῆς
2648 4876 2757 4929 τῶν
2782 4880 3054 4943 γυναικῶν
3077 4882 3358 4954 ὑπερορῶ-

1785 4983 1885 5037 μεν
1917 4966 2221 5036 σωτηρίας;
2254 4965 2351 5019 Διὰ
2379 4971 2488 5037 γάρ
2515 4968 2673 5020 τοῦτο
2699 4970 2938 5041 κεφαλήν
2968 4990 3026 5025 σε
3053 4976 3151 5045 τῆς
3180 4992 3359 5043 γυναι-

1782 5058 1877 5122 κὸς
1906 5058 2151 5128 ἐποίησε,
2179 5057 2265 5111 διὰ
2301 5058 2449 5131 [605]
2494 5060 2654 5113 τοῦτο
2702 5063 2796 5115 καὶ
2829 5064 2857 5114 6
2892 5066 3100 5130 Παῦλος
3145 5070 3359 5125 ἐκέλευ-

1784 5164 1903 5203 σεν·
1945 5152 2018 5204 Εἰ
2044 5168 2097 5203 τι
2123 5150 2337 5218 μαθεῖν
2371 5151 2658 5205 θέλουσιν
2689 5157 2747 5207 αἱ
2774 5157 3074 5224 γυναῖκες.
3107 5161 3178 5214 ἐν
3215 5164 3359 5229 οἴκῳ

1780 5242 1921 5308 τοὺς
1951 5242 2139 5307 ἰδίους
2166 5243 2388 5310 ἄνδρας
2414 5244 2734 5315 ἐπερωτᾷν,
2773 5250 2858 5303 ἵνα
2887 5251 3076 5325 ῶσπερ
3102 5256 3357 5313 διδάσκα-

1783 5334 1872 5398 λος
1902 5336 1994 5387 καὶ
2025 5335 2274 5407 κηδεμὼν
2305 5338 2396 5389 καὶ
2421 5339 2750 5411 προστάτης,
2778 5344 2857 5404 είς
2884 5344 3164 5403 εὐσέϐειαν
3188 5351 3356 5424 αὑτὴν

1780 5427 1998 5497 ἐνάγῃς.
2031 5428 2217 5498 Ὑμεῖς
2262 5428 2337 5488 δέ,
2375 5429 2501 5483 ὅταν
2549 5432 2646 5501 μὲν
2685 5436 2874 5506 καιρὸς
2920 5439 3190 5507 συνάξεως
3221 5446 3359 5516 πρὸς

1779 5520 1878 5591 τὴν
1902 5520 2197 5591 ἐκκλησίαν
2226 5522 2386 5593 καλῇ,
2430 5524 2778 5594 ῥᾳθυμούσας
2805 5531 2867 5583 οὑ
2896 5532 3189 5607 διεγείρετε
3216 5555 3229 5567 '
3260 5539 3355 5594 τοῦ

1778 5611 1836 5664 δὲ
1880 5612 2125 5666 διαϐόλου
2161 5614 2297 5685 πρὸς
2342 5617 2440 5679 τάς
2487 5617 2790 5687 σάλπιγγας
2825 5625 2994 5689 αὑτὰς
3041 5629 3354 5695 καλοῦντος,

1780 5706 2010 5775 ἑτοίμως
2054 5706 2428 5772 ἐπακουούσας
2474 5710 2534 5762 οὑ
2583 5712 2859 5784 κατέχετε,
2888 5719 3023 5772 ἀλλὰ
3067 5729 3351 5797 περιορᾶτε

1781 5802 1892 5863 τοῖς
1921 5798 2016 5872 τῆς
2044 5796 2293 5863 ἀσεϐείας
2324 5800 2661 5873 ἐγκλήμασιν
2695 5806 3069 5881 ἁλισκομένας,
3097 5817 3189 5869 καὶ
3218 5827 3352 5893 πρὸς
