3832 6266
53 313 142 369 861

54 431 198 489 atque
238 421 302 475 ad
346 421 797 492 intemperantiam
827 433 1078 500 pertrahi.
1125 436 1393 506 Siquidem
1432 453 1600 494 mere-

57 516 199 565 trices
224 527 285 565 ac
332 513 536 578 molles,
566 525 619 569 et
647 526 786 573 totus
815 524 1102 579 orchestrae
1125 527 1321 582 chorus
1359 528 1484 584 illuc
1508 542 1598 582 so-

57 603 122 654 liti
149 610 265 654 sunt
289 616 624 660 concurrere.

119 689 303 744 Anima:
328 690 621 748 Juda'orum
665 707 709 749 et
749 697 1034 771 Synagoga:
1071 720 1102 757 a
1131 706 1435 764 dwmonibus
1459 729 1606 766 occu—

62 793 248 851 pantur.
273 813 341 822 -—
372 784 473 837 Sed
503 787 623 854 quid
654 804 752 859 ego
798 793 1187 864 fornicationes,
1217 815 1332 867 qua:
1376 803 1482 856 illic
1508 805 1604 858 ad-

61 875 317 927 mittuntur
365 880 764 934 commemoro?
813 882 924 935 Non
983 886 1156 950 times,
1188 904 1255 943 ne
1290 905 1319 943 a
1365 891 1607 948 dmmone

62 973 283 1034 correpta
325 984 454 1021 uxor
480 970 622 1024 illinc
649 978 975 1030 revertatur?
1001 977 1114 1032 Non
1137 967 1347 1048 audisti,
1376 984 1425 1037 in
1446 985 1606 1053 priori

64 1065 264 1110 tractatu
312 1074 466 1126 quam
515 1061 656 1116 clare
700 1062 856 1118 fuerit
904 1069 1144 1123 oratione
1193 1071 1607 1130 demonstratum

65 1147 191 1214 ipsas
231 1148 429 1202 animas
472 1149 770 1206 Judteorum
822 1165 874 1209 et
918 1157 1030 1212 loca
1080 1160 1130 1214 in
1179 1162 1610 1233 quibuscongre-

67 1249 240 1306 gantur
279 1255 307 1291 a
371 1240 700 1298 daemonibus
765 1247 1025 1304 habitari?
1077 1251 1351 1317 Quomodo
1410 1257 1608 1324 igitur,

66 1344 246 1397 quaso,
289 1331 472 1395 audes,
502 1335 710 1403 agitatis
753 1352 871 1392 cum
916 1341 1242 1396 daemonibus
1283 1345 1516 1412 choreis,
1545 1347 1609 1402 ad

68 1421 402 1489 apostolorum
434 1436 626 1480 emtum
660 1429 875 1486 redire?
901 1431 998 1499 Qui
1030 1434 1142 1489 ﬁeri
1172 1445 1344 1505 potest
1367 1449 1442 1504 ut,
1491 1456 1610 1494 cum

69 1512 272 1577 abieris,
319 1523 373 1568 et
422 1529 540 1570 cum
589 1519 691 1573 illis
745 1526 1242 1592 communicaveris,
1287 1531 1375 1598 qui
1421 1529 1610 1587 Christi

69 1604 353 1672 sanguinem
381 1607 695 1676 eﬂ'uderunt,
747 1629 850 1667 non
881 1615 1096 1672 horreas
1136 1621 1336 1686 venire,
1369 1631 1422 1676 ct
1451 1638 1614 1678 sacra:

71 1711 248 1749 mensre
271 1701 679 1768 communicare,
728 1721 789 1760 ac
819 1708 1033 1774 pretiosi
1058 1713 1326 1781 sanguinis
1355 1716 1614 1784 particeps

70 1785 208 1838 ﬁeri?
235 1786 341 1840 Non
374 1789 576 1855 horres,
618 1811 722 1850 non
756 1799 928 1864 times,
960 1815 1078 1855 cum
1107 1804 1226 1855 talia
1267 1807 1466 1860 scelera
1496 1822 1617 1876 per-

73 1878 268 1944 petres?
292 1879 404 1933 Non
435 1899 669 1940 mensam
697 1888 860 1957 ipsam
889 1897 1188 1948 revereris?
1216 1895 1306 1950 His
1325 1911 1424 1968 ego
1444 1899 1617 1954 verbis

71 1981 155 2021 vos
181 1969 475 2039 alloquutus
521 1991 658 2042 sum,
692 1978 774 2033 his
803 1997 896 2036 vos
926 1983 1042 2037 illos
1066 1995 1118 2039 et
1149 1987 1220 2040 illi
1263 2003 1384 2042 suas
1427 2004 1618 2044 uxores

74 2057 384 2127 alloquentur
417 2081 431 2116 :
461 2064 739 2136 ﬁdiﬁcate
781 2071 907 2125 alter
955 2074 1166 2128 alterum
1216 2077 1291 2145 (1.
1341 2077 1512 2132 Thess.
1561 2079 1614 2134 5.

74 2148 171 2214 11).
201 2150 273 2203 Ae
297 2151 339 2203 si
364 2152 576 2221 quidem
618 2157 686 2212 sit
710 2161 1120 2218 catechumenus
1149 2166 1212 2232 is,
1244 2167 1332 2236 qui
1363 2167 1618 2236 ejusmodi

74 2237 239 2331 inorbo
266 2241 488 2309 laborat,
519 2261 548 2298 a
579 2250 835 2331 vestibulo
860 2255 1037 2322 templi
1072 2267 1313 2310 arceatur
1344 2275 1358 2312 :
1387 2260 1466 2311 sin
1494 2257 1619 2313 fide-

74 2329 128 2380 lis
151 2344 206 2384 ae
247 2335 512 2402 mysteriis
556 2329 806 2404 initiatus,
835 2357 863 2395 a
903 2357 1050 2398 sacra
1091 2361 1271 2400 mensa
1315 2347 1615 2416 repellatur.

74 2419 233 2490 Neque
258 2425 392 2477 enim
423 2427 788 2487 exhortatione
829 2448 892 2488 ac
915 2435 1138 2489 consilio
1176 2437 1408 2506 indigent
1432 2449 1618 2492 cuncta

77 2523 287 2579 peccata,
326 2517 418 2570 sed
465 2530 586 2574 sunt
612 2537 728 2591 qua:
775 2523 919 2579 brevi
949 2533 1000 2579 et
1028 2526 1301 2580 celerrima
1342 2527 1511 2583 solent
1538 2544 1624 2582 se-

77 2605 230 2658 ctione
257 2608 450 2661 curari.
480 2609 545 2664 Et
588 2615 1026 2682 quemadmodum
1072 2617 1209 2672 inter
1236 2620 1473 2684 vulnera,
1504 2635 1621 2688 quae

79 2693 401 2750 tolerabiliora
458 2709 596 2764 sunt,
630 2702 915 2759 lenioribus
953 2707 1144 2761 cedunt
1183 2709 1616 2775 medicamentis,

79 2800 179 2852 qua:
205 2801 321 2841 vero
347 2792 635 2857 putrefacta
664 2805 786 2849 sunt
812 2807 864 2851 et
892 2797 1216 2864 incurabilia,
1251 2816 1472 2870 quzeque
1497 2801 1621 2855 reli-

82 2915 232 2932 ψ

727 312 793 368 ΙΝ
830 314 956 372 EOS
993 317 1106 385 QUI
1149 318 1409 376 PASCIIA
1443 320 1807 391 JEJUNANT.
1847 323 2201 392 ADVERSUS
2239 324 2380 382 JUD.
2424 325 2511 381 III.

3162 347 3270 403 832

1702 458 1863 511 quum
1905 459 2100 513 corpus
2122 443 2494 513 depascuntnr.
2521 447 2762 500 acumine
2791 445 2913 501 ferri
2956 448 3270 518 flammaque

1703 533 1938 603 indigent
1968 552 1982 588 :
2009 535 2087 588 sic
2113 535 2356 589 nimirum
2381 545 2433 589 et
2457 536 2593 590 inter
2613 547 2846 605 peccata,
2879 553 3000 607 (rga
3031 539 3269 606 quaedam

1705 624 1971 692 prolixiori
2001 626 2364 680 cohortatione
2410 641 2542 694 opus
2585 637 2684 689 est,
2737 638 2926 682 caetera
2969 628 3268 683 durioribus

1705 723 1830 767 sunt
1871 714 2368 781 reprehensionibus
2413 717 2732 784 castiganda.
2779 718 3060 785 Propterea
3115 717 3272 786 jussit

1705 819 1912 873 quoque
1939 805 2126 858 Paulus
2156 821 2258 858 non
2289 807 2338 859 in
2369 807 2612 860 omnibus
2651 809 3011 862 cohortatione
3052 809 3148 872 uti,
3179 806 3270 861 sed

1707 903 1763 947 et
1810 895 2080 962 increpare
2106 895 2254 960 dure,
2295 897 2372 950 sic
2399 896 2579 950 dicens
2610 914 2623 949 :
2655 896 2819 962 Quam
2863 897 2921 950 ob
2952 914 3156 949 causam
3195 897 3275 949 in-

1709 1000 1857 1053 crepa
1898 985 2012 1038 illos
2047 986 2170 1040 dure
2207 985 2329 1055 (Tit.
2364 987 2415 1038 1.
2464 986 2568 1054 15).
2602 985 2933 1054 Increpemus
2975 986 3128 1054 igitur
3158 986 3275 1038 illos

1705 1075 1813 1145 jam
1841 1075 1991 1140 dure,
2017 1083 2073 1130 ut
2099 1091 2216 1130 cum
2244 1076 2309 1128 ob
2333 1077 2504 1144 priora
2521 1076 2714 1133 fuerint
2738 1076 2938 1146 pudore
2964 1075 3167 1140 suli'usi,
3187 1090 3272 1128 sc-

1710 1179 1812 1232 que
1859 1164 2000 1232 ipsos
2048 1164 2464 1226 condemnat-int.
2497 1181 2601 1218 non
2641 1165 2863 1234 amplius
2903 1164 3274 1217 detrimentum

1713 1269 1773 1307 ex
1803 1253 1963 1320 iniqui
1999 1254 2179 1323 jejunii
2207 1254 2571 1308 observatione
2615 1255 2896 1324 patiantur.
2929 1253 3069 1318 Quas
3097 1253 3164 1305 ob
3191 1268 3275 1304 res

1713 1360 1811 1413 ego
1857 1361 2066 1416 quoque
2090 1362 2117 1397 a
2144 1346 2508 1400 cohortatione
2547 1346 2794 1414 deinceps
2833 1345 3101 1399 abstinens
3131 1341 3265 1396 obte-t

1713 1446 1826 1490 stor
1877 1447 1930 1490 et
1974 1436 2164 1501 clamo,
2215 1437 2276 1491 Si
2317 1437 2425 1505 quis
2471 1453 2571 1489 non
2609 1445 2744 1488 amat
2791 1435 3060 1487 Dominum
3102 1432 3275 1486 Iesum

1714 1526 1982 1591 Christum,
2028 1529 2090 1582 sit
2119 1527 2384 1580 anathema
2420 1528 2493 1594 (1.
2537 1525 2898 1595 Cor.16.2°2):
2931 1529 3155 1592 quonam
3183 1537 3276 1574 au-

1718 1629 1822 1674 tem
1857 1620 2042 1688 majori
2070 1628 2379 1689 argumento
2407 1635 2437 1672 a
2464 1634 2521 1673 se
2549 1635 2650 1672 non
2678 1620 2840 1672 amari
2877 1619 3148 1671 Dominum
3181 1633 3274 1683 po-

1717 1718 1822 1764 test
1865 1710 2001 1764 ullus
2029 1710 2327 1772 ostendere,
2361 1725 2514 1778 quam
2543 1709 2586 1763 si
2617 1709 2761 1762 festis
2800 1710 3005 1762 illorum
3035 1723 3274 1760 commu-

1718 1800 1875 1860 nicet,
1908 1817 1936 1854 a
1963 1815 2066 1869 quo
2105 1800 2193 1854 ille
2219 1799 2314 1852 fuit
2338 1799 2578 1853 occisus?
2618 1799 2724 1853 llos
2765 1814 2868 1851 non
2907 1813 3004 1868 ego
3044 1797 3275 1866 percussi

1717 1891 2073 1954 anathemate,
2103 1890 2204 1944 sed.
2225 1891 2418 1944 Paulus
2451 1907 2463 1942 :
2496 1890 2602 1944 imo
2630 1905 2756 1942 vero
2799 1905 2902 1942 non
2928 1889 3034 1956 jam
3064 1887 3274 1951 Paulus,

1718 1979 1812 2035 sed
1849 1979 2105 2044 Christus,
2139 1983 2223 2049 qui
2254 1996 2348 2049 per
2373 1979 2516 2033 illum
2544 1979 2791 2048 loquitur,
2821 1990 2873 2032 et
2901 1979 2950 2031 in
2981 1977 3279 2046 pra‘eeden—

1721 2073 1859 2126 tibus
1887 2071 2036 2135 dixit,
2067 2071 2317 2138 Quoniam
2344 2071 2429 2141 qui
2453 2073 2503 2123 in
2529 2072 2633 2140 lege
2653 2070 3018 2138 justiﬁcantur,
3050 2084 3082 2119 a
3117 2067 3280 2136 gratia

1719 2161 2008 2215 exciderunt
2063 2160 2199 2230 (Gal.
2256 2161 2309 2215 5'.
2360 2159 2436 2230 4).
2469 2159 2592 2213 llmc
2639 2159 2742 2212 illis
2799 2157 2955 2212 verba
3009 2156 3185 2222 dicite,
3217 2170 3278 2208 ac

1719 2254 2011 2310 sententias
2063 2254 2161 2306 illis
2212 2252 2448 2310 recitato.
2498 2265 2721 2318 cumque
2750 2249 2891 2302 omni
2943 2262 3062 2300 cum
3105 2244 3280 2299 studio

1721 2360 1783 2400 ac
1807 2344 2072 2414 diligentia
2103 2343 2274 2396 salvos
2299 2358 2388 2396 eos
2414 2341 2644 2394 feceritis
2666 2348 2717 2393 et
2742 2354 2806 2392 ex
2837 2336 3026 2390 diaboli
3049 2335 3280 2388 faucibus

1721 2436 2038 2505 eripueritis,
2086 2436 2135 2486 in
2165 2433 2250 2488 die
2288 2431 2470 2502 jejunii
2519 2429 2668 2484 nobis
2695 2428 2954 2491 adducite,
2988 2434 3043 2480 ut
3081 2433 3131 2478 et
3162 2438 3282 2492 pro-

1723 2528 1868 2582 missi
1922 2526 2177 2596 reliquam
2233 2535 2434 2594 partem
2495 2529 2803 2590 praestantes
2871 2533 2976 2571 uno
3021 2529 3281 2569 consensu

1722 2632 1933 2686 unoque
1961 2632 2053 2670 ore
2078 2631 2195 2670 cum
2223 2614 2470 2668 fratribus
2495 2613 2689 2666 nostris
2712 2608 3062 2679 glorificemus
3087 2606 3282 2668 Deum,

1724 2718 1778 2764 et
1805 2709 2012 2762 Patrem
2058 2705 2263 2759 Domini
2296 2704 2460 2759 nostri
2490 2703 2618 2758 Jesu
2662 2699 2878 2766 Christi,
2909 2697 3154 2768 quoniam
3185 2695 3283 2764 ipsi

1721 2799 1884 2869 gloria
1914 2799 1966 2852 in
1999 2797 2210 2852 smcula.
2247 2797 2435 2849 Amen.

233 2918 3284 2947 W

914 3007 995 3069 IN
1037 3007 1184 3070 EOS
1208 3010 1342 3084 QUI
1381 3008 1628 3070 PRIMO
1667 3007 1971 3070 PASCHA
2010 3005 2419 3067 JEJUNANT.

614 3245 807 3286 ORATIO
845 3248 1058 3290 TERTIA.

147 3314 191 3366 1.
220 3315 412 3372 Rursus
456 3325 806 3376 necessarium
838 3327 1097 3394 quoddam
1133 3339 1185 3382 et
1226 3343 1418 3399 urgens
1451 3346 1614 3400 nego-

89 3406 200 3458 tium
224 3424 422 3472 eorum,
449 3427 565 3480 qua:
595 3429 762 3483 nuper
788 3416 923 3470 dicta
951 3427 1092 3484 sunt,
1116 3421 1308 3473 seriem
1339 3422 1618 3476 interrum-

87 3509 199 3562 peus
237 3499 298 3552 ad
327 3502 556 3571 seipsum
587 3507 877 3560 orationem
915 3509 1168 3574 traducit,
1205 3521 1257 3564 et
1299 3527 1327 3564 a
1366 3514 1620 3581 susceptis

87 3603 190 3639 cum
217 3587 473 3646 haireticis
511 3597 884 3652 certaminibus
926 3599 1081 3656 hodie
1109 3617 1203 3656 nos
1229 3604 1458 3658 abducit.
1488 3605 1618 3659 Nam

91 3693 174 3729 nos
199 3681 399 3748 quidem
451 3700 634 3740 rursus
675 3686 742 3742 de
769 3687 1043 3760 Unigeuiti
1067 3692 1232 3762 gloria
1260 3696 1416 3749 verba
1450 3695 1622 3752 facere

89 3769 143 3820 ad
170 3773 428 3828 caritatem
459 3788 684 3832 vestram
713 3783 876 3848 parati
905 3798 1112 3838 eramus
1139 3802 1152 3837 :
1183 3787 1272 3839 sed
1296 3766 1498 3841 eorum
1535 3791 1620 3858 qui

93 3862 240 3926 primo
282 3865 478 3921 Pascha
517 3869 758 3938 jejunant
794 3874 1086 3941 importuna
1130 3878 1396 3930 contentio
1424 3878 1622 3933 doctri-

95 3967 197 4004 nam
221 3969 423 4012 omnetn
457 3971 689 4015 nostram
720 3964 856 4033 cogit
882 3964 1138 4019 hodierno
1166 3967 1250 4020 die
1281 3977 1441 4022 totam
1471 3971 1519 4023 in
1547 3971 1624 4025 cis

91 4047 312 4100 curandis
341 4052 607 4120 occupari.
653 4053 782 4107 Nam
814 4065 866 4109 et
908 4056 1073 4109 bonus
1104 4069 1282 4126 pastor
1325 4075 1427 4113 non
1473 4061 1625 4130 lupos

92 4137 233 4206 abigit
260 4143 423 4196 solum
447 4186 461 4210 ,
494 4146 586 4198 sed
617 4154 670 4199 et
714 4147 936 4214 pecudes
969 4159 1283 4219 mgrotantes
1320 4167 1437 4205 cum
1481 4153 1622 4207 omni

93 4231 420 4290 sollicitudine
461 4249 651 4292 curat:
684 4241 807 4309 quid
846 4243 984 4294 enim
1031 4244 1274 4311 prodest,
1308 4245 1445 4314 quod
1485 4245 1623 4300 fera-

94 4333 192 4371 rum
218 4337 300 4376 ora
331 4342 514 4396 greges
543 4329 772 4394 evitent,
805 4330 848 4382 si
893 4331 1090 4386 morbis
1135 4334 1355 4387 confecti
1395 4336 1624 4388 morian-

96 4412 206 4464 tur?
231 4415 312 4467 Sic
341 4427 392 4470 et
423 4419 652 4486 Optimus
683 4419 967 4488 imperator
995 4438 1097 4476 non
1129 4423 1396 4478 machinas
1425 4434 1624 4478 tantum

99 4507 363 4573 propulsat,
389 4510 480 4562 sed
507 4519 657 4564 antea
682 4510 940 4568 seditione
964 4523 1278 4567 commotam
1299 4515 1481 4568 urbem
1506 4531 1625 4569 cum

97 4593 246 4661 seipsa
276 4599 595 4664 reconciliet,
626 4615 746 4654 cum
777 4604 939 4670 probe
970 4604 1170 4658 noverit
1198 4604 1327 4658 nihil
1355 4615 1627 4660 externam

99 4689 342 4742 Victoriam
391 4692 753 4759 profuturam,
799 4695 1046 4763 quamdiu
1091 4696 1233 4750 intus
1277 4697 1444 4750 civilia
1494 4697 1628 4752 bella

99 4784 474 4842 permanserint.
528 4785 593 4839 Ut
636 4794 810 4840 autem
855 4788 1111 4857 intelligas
1151 4788 1216 4842 ad
1262 4791 1530 4844 ittteritum
1569 4805 1632 4845 ac

103 4872 362 4936 pcmiciem
394 4878 524 4930 nihil
554 4893 702 4947 teque
729 4894 790 4934 ac
815 4879 1126 4934 seditionem
1153 4889 1208 4934 et
1243 4883 1631 4936 contentionem

100 4963 282 5029 valere,
312 4968 428 5021 audi
460 4970 582 5038 quid
613 4971 853 5025 Christus
875 4971 1014 5024 dicat
1046 4989 1058 5024 :
1086 4970 1308 5042 Regnum
1336 4973 1389 5025 in
1417 4973 1632 5040 seipsum

101 5055 290 5111 diuisum
311 5077 406 5114 non
428 5062 574 5115 stabit
595 5062 802 5129 (Matth.
827 5063 914 5116 19..
937 5062 1053 5132 25).
1078 5062 1306 5117 Tametsi
1328 5063 1449 5132 quid
1472 5078 1634 5134 regno

104 5150 375 5217 potentius,
421 5153 510 5207 ubi
557 5153 893 5221 pecuniarum
942 5161 1252 5222 proventus,
1297 5163 1351 5207 et
1394 5169 1539 5208 arma
1583 5165 1637 5208 et

105 5241 221 5292 muri
258 5253 307 5295 et
335 5246 720 5313 propugnacula
759 5254 815 5299 et
855 5254 1030 5299 tantus
1056 5245 1275 5298 militum
1307 5259 1556 5298 numerus
1583 5254 1638 5313 et

107 5330 211 5397 equi
249 5340 301 5386 et
333 5333 430 5387 alia
476 5335 750 5389 innumera
775 5377 788 5399 ,
829 5351 946 5403 quin
987 5335 1176 5388 multas
1204 5335 1344 5388 vires
1384 5311 1636 5402 suppedi-

108 5425 240 5477 tant?
268 5424 627 5482 Verumtamen
667 5438 808 5482 tanta
837 5428 1064 5497 potentia
1092 5427 1372 5497 dissipatur
1395 5441 1517 5481 cum
1545 5442 1638 5495 per

108 5512 353 5571 dissidium
383 5518 436 5573 in
466 5520 690 5589 seipsam
731 5519 970 5590 insurgit.
1014 5519 1151 5574 Nihil
1183 5520 1320 5573 enim
1365 5518 1638 5574 imbecilli-

113 5613 252 5661 tatem
275 5609 403 5664 adeo
431 5625 618 5680 parare
643 5610 796 5674 solet,
825 5621 882 5665 ut
905 5612 1014 5665 rixa
1044 5619 1097 5666 et
1123 5608 1426 5666 contentio:
1453 5624 1638 5678 quem-

115 5695 368 5755 admodum
395 5701 522 5756 nihil
551 5700 682 5757 adeo
703 5703 838 5758 vires
864 5710 914 5758 et
945 5701 1249 5773 potentiam,
1275 5715 1338 5754 ac
1367 5698 1556 5756 caritas
1585 5707 1637 5753 et

1722 3239 2024 3294 concordia.
2069 3235 2219 3305 Quod
2247 3251 2366 3290 eum
2411 3233 2720 3301 intelligeret
2766 3229 3015 3284 Salomon
3055 3227 3282 3294 dicebat,

1724 3329 1905 3383 Frater
1930 3329 2014 3398 qui
2041 3328 2311 3392 adiuvatur
2345 3343 2376 3377 a
2406 3325 2561 3392 fratre
2581 3365 2594 3387 ,
2638 3321 2779 3394 quasi
2807 3321 2978 3374 civitas
3009 3319 3157 3386 ﬁrma
3176 3359 3190 3381 ,
3238 3328 3286 3371 et

1723 3423 1950 3476 clausum
1975 3429 2104 3472 vecte
2130 3434 2332 3488 regnum
2363 3416 2539 3486 (Prov.
2564 3416 2649 3470 18.
2674 3414 2785 3484 19).
2819 3413 2974 3466 Vides
3000 3419 3191 3481 quanta
3217 3410 3287 3464 sit

1722 3516 1802 3569 vis
1831 3511 2170 3569 concordiae?
2197 3519 2448 3579 quantum
2474 3507 2828 3561 contentionis
2868 3504 3286 3559 detrimentum?

1725 3607 1961 3676 Regnum
2006 3605 2266 3658 seditione
2309 3602 2531 3656 divisutn
2571 3600 2906 3659 dissolvitur.
2951 3598 3054 3652 duo
3079 3613 3204 3650 vero
3231 3599 3286 3650 in

1725 3712 1885 3750 unum
1928 3695 2091 3765 juncti
2133 3703 2188 3747 et
2226 3693 2361 3746 inter
2403 3707 2461 3745 se
2489 3690 2716 3744 devincti
2746 3690 2912 3758 magis
2937 3703 3092 3757 quam
3121 3688 3285 3742 ullum

1728 3787 2173 3857 propugnaculum
2200 3793 2321 3837 sunt
2367 3781 2764 3850 insuperabiles.
2795 3780 2871 3832 Ac
2896 3781 3006 3832 scio
3046 3777 3287 3846 equidem

1728 3892 1822 3946 per
1846 3877 1939 3930 Dei
1967 3875 2187 3943 gratiam
2215 3874 2470 3942 potiorem
2501 3871 2661 3939 hujus
2678 3869 2852 3939 gregis
2877 3877 3078 3938 partem
3104 3867 3170 3919 ab
3193 3866 3290 3920 hac

1727 3965 2036 4034 :rgritudine
2062 3964 2345 4016 immunem
2373 3975 2512 4024 esse,
2553 3969 2606 4014 et
2643 3975 2840 4030 pauws
2867 3959 3107 4012 morbum
3138 3959 3284 4011 inva-

1729 4058 1881 4117 sisse,
1911 4071 2015 4108 non
2043 4063 2216 4108 tamen
2245 4054 2441 4108 idcirco
2466 4061 2545 4107 est
2573 4053 2776 4105 curatio
2800 4050 3130 4121 negligenda.
3155 4050 3288 4104 Nam

1719 4148 1828 4204 etsi
1849 4147 2031 4202 decem
2063 4155 2285 4209 tantum,
2327 4146 2425 4199 etsi
2452 4146 2702 4214 quinque,
2735 4143 2832 4197 etsi
2861 4143 2987 4207 duo,
3028 4143 3127 4195 etsi
3154 4157 3292 4196 unus

1730 4248 1932 4292 tantum
1964 4246 2106 4292 esset
2135 4248 2379 4306 argrotns,
2429 4251 2494 4290 ne
2534 4236 2612 4289 sic
2650 4235 2860 4302 quidem
2906 4233 3095 4302 negligi
3129 4247 3291 4300 opor—

1733 4339 1882 4384 teret.
1910 4329 2057 4383 Licet
2081 4329 2221 4382 enim
2248 4328 2331 4381 vel
2358 4342 2491 4380 unus
2519 4327 2586 4380 sit
2613 4326 2732 4378 vilis
2759 4335 2812 4378 et
2837 4325 3101 4391 ahjectus,
3134 4322 3292 4376 frater

1733 4432 1905 4475 tamen
1951 4429 2034 4474 est
2077 4429 2291 4488 propter
2335 4433 2490 4486 quem
2537 4425 2776 4470 mortuus
2818 4426 2902 4469 est
2925 4413 3203 4477 Christus,
3237 4420 3292 4466 et

1732 4526 1974 4580 magnam
2004 4509 2182 4562 vilium
2225 4507 2479 4561 rationem
2509 4507 2665 4560 habet
2691 4506 2952 4560 Christus.
2989 4504 3295 4571 Quicumque

1732 4598 2162 4664 scandalizaverit,
2194 4597 2391 4666 inquit,
2421 4611 2577 4649 unum
2603 4594 2666 4648 de
2693 4593 2888 4664 pusillis
2915 4593 3050 4657 istis,
3095 4591 3296 4659 expedit

1732 4693 1796 4757 ei,
1819 4701 1872 4743 ut
1896 4689 2230 4758 suspendatur
2255 4688 2388 4740 mola
2413 4685 2634 4739 asinaria
2658 4686 2710 4737 in
2730 4685 2861 4737 collo
2883 4684 2991 4754 ejus
3035 4692 3079 4736 et
3103 4682 3293 4734 demer-

1733 4793 1880 4854 gatur
1908 4784 1961 4836 in
1986 4798 2123 4834 mare
2150 4779 2358 4851 (Matth.
2386 4779 2470 4834 18.
2494 4779 2546 4847 6)
2575 4795 2586 4829 :
2610 4785 2666 4831 et
2691 4790 2891 4839 rursus,
2921 4774 3171 4840 Quamdiu
3192 4789 3295 4825 non

1734 4877 1918 4947 fecistis
1954 4876 2041 4928 uni
2083 4874 2145 4926 de
2171 4873 2440 4927 minoribus
2469 4871 2568 4936 his,
2614 4885 2702 4922 nec
2747 4868 2870 4921 mihi
2915 4866 3101 4933 fecistis
3161 4861 3292 4931 (Id.

1735 4970 1824 5024 25.
1851 4967 1959 5037 45)
1988 4984 2001 5019 :
2028 4975 2081 5020 et
2108 4981 2290 5019 rursus
2309 5005 2324 5027 ,
2355 4963 2472 5016 Non
2500 4971 2573 5014 est
2605 4961 2830 5014 voluntas
2845 4965 2965 5010 ante
2984 4958 3183 5012 Patrem
3209 4969 3294 5005 ve-

1737 5071 1916 5120 strum,
1939 5060 2024 5119 qui
2052 5059 2104 5110 in
2133 5057 2267 5110 carlis
2295 5064 2365 5108 est
2386 5095 2401 5116 ,
2440 5062 2495 5105 ut
2525 5061 2691 5120 pereat
2714 5065 2842 5102 unus
2869 5049 2930 5101 de
2955 5046 3150 5116 pusillis
3188 5044 3296 5096 istis

1739 5151 1860 5220 (Id.
1916 5151 2002 5204 18.
2052 5125 2162 5218 14).
2208 5148 2395 5201 Annon
2450 5144 2607 5212 igitur
2653 5137 2937 5193 absurdum
2968 5145 3069 5198 est,
3099 5135 3142 5187 si
3176 5149 3294 5187 cum

1735 5242 1978 5298 Christus
2003 5239 2306 5308 pusillorum
2334 5242 2532 5287 tantam
2554 5245 2730 5284 curam
2754 5235 2920 5297 gerat,
2947 5239 3044 5278 nos
3067 5239 3162 5279 eos
3189 5238 3296 5292 prae

1737 5331 1936 5386 desidia
1956 5323 2390 5384 contemnamus?
2410 5321 2527 5375 Noli
2555 5321 2655 5373 hoc
2677 5317 2873 5380 dicere,
2895 5329 3032 5369 unus
3053 5320 3153 5377 est,
3177 5312 3296 5378 sed,

1739 5436 1876 5476 unus
1917 5425 2250 5486 contemptus
2278 5412 2520 5468 morbum
2564 5407 2886 5464 transmittat
2921 5403 2989 5459 ad
3030 5411 3296 5458 caeteros:

1740 5511 1998 5568 Modicum
2023 5509 2154 5562 enim
2183 5511 2508 5576 fermentum,
2540 5499 2740 5569 inquit,
2769 5506 2923 5550 totam
2946 5509 3162 5548 massam
3187 5496 3296 5563 fer-

1739 5611 1924 5658 mentat
1949 5599 2088 5670 (Gal.
2112 5599 2162 5654 5.
2191 5597 2265 5664 9).
2291 5597 2460 5663 Atque
2489 5591 2589 5647 hoc
2616 5597 2701 5645 est
2741 5585 2881 5657 quod
2916 5587 3090 5640 omnia
3132 5587 3307 5651 perdit

1739 5711 1802 5752 ac
1843 5691 2103 5756 destruit,
2150 5687 2287 5759 quod
2331 5685 2546 5757 pusillos
2591 5695 2978 5753 aspernemur:
3025 5691 3297 5747 propterea
