3920 6262
544 347 651 403 865

549 479 737 534 magna
765 463 894 519 llunt
919 464 1116 531 ulcera,
1141 463 1591 534 quemadmodum
1619 462 1730 518 fere
1758 464 1834 527 lit,
1859 472 1916 517 ut
1940 474 2127 531 magna

549 557 676 611 fiant
700 558 919 627 exigua,
951 558 994 611 si
1022 557 1347 611 conveniens
1376 570 1498 610 cura
1528 556 1597 611 sit
1622 555 1876 609 adhibita.

621 645 768 699 Nihil
811 648 1125 700 contentione
1166 648 1309 717 pejus
1354 647 1406 699 in
1450 645 1932 705 Ecclesia.:——Hoc
1972 643 2130 713 igitur

548 738 775 807 primum
823 738 924 793 illis
966 739 1224 801 dicinms,
1270 739 1609 794 contentione
1655 752 1930 808 pugnaque
1978 735 2129 807 pejus

548 830 680 885 nihil
716 844 866 897 esse,
897 839 989 886 aut
1026 831 1068 883 si
1101 830 1338 885 Ecclesia
1378 830 1727 899 discerpatnr,
1754 836 1807 883 et
1836 828 2012 882 tunica
2040 842 2126 893 ea,

546 936 704 993 quam
730 921 1061 992 disrumpere
1093 924 1325 977 latrones
1374 938 1480 977 non
1509 923 1624 977 ausi
1651 930 1807 987 sunt,
1840 921 1891 975 in
1933 920 2127 975 multas

546 1023 725 1083 partes
748 1013 1033 1068 dividatur.
1061 1013 1176 1068 Non
1206 1013 1474 1067 sufﬁciunt
1502 1012 1719 1082 reliquae
1746 1012 1999 1077 hmreses,
2028 1012 2127 1066 nisi

546 1123 647 1163 nos
695 1107 793 1178 ipsi
844 1123 940 1162 nos
981 1107 1329 1161 dividamus?
1370 1106 1484 1160 Non
1514 1113 1568 1159 tu
1600 1105 1819 1160 Paulum
1862 1103 2128 1159 dicentem

546 1198 700 1255 audis
720 1240 733 1263 ,
776 1201 924 1267 Quod
952 1200 994 1254 si
1024 1200 1232 1254 invicem
1261 1198 1521 1262 mordetis,
1553 1206 1599 1250 et
1624 1198 1882 1251 comeditis
1904 1236 1920 1262 ,
1967 1195 2130 1250 videte

548 1310 612 1347 ne
638 1295 701 1347 ab
731 1294 939 1372 invicem
967 1292 1332 1346 consumamini
1361 1289 1515 1362 (Gal.
1544 1291 1594 1345 5.
1621 1289 1727 1360 15)
1754 1292 1777 1343 ?
1808 1289 1975 1344 Extra
2002 1304 2127 1359 gre—

547 1401 667 1455 gem
705 1386 980 1449 ambulas,
1025 1396 1081 1441 et
1128 1387 1334 1439 leonem
1382 1384 1509 1438 foris
1552 1384 1968 1438 circumeuntem
2022 1396 2126 1436 non

550 1478 749 1532 times?
792 1478 1121 1533 Adversarius
1165 1480 1296 1534 enim
1338 1486 1500 1531 vester
1542 1486 1797 1548 tamquam
1828 1474 1903 1530 leo
1928 1476 2124 1542 circuit,

548 1569 740 1640 inquit,
770 1571 975 1640 rugiens
1000 1579 1044 1623 et
1070 1585 1318 1638 quaerens,
1345 1584 1492 1638 quem
1517 1568 1682 1637 rapiat
1710 1569 1787 1635 (1.
1810 1566 1944 1620 Petr.
1972 1568 2024 1623 5.
2048 1566 2124 1637 8).

548 1659 684 1716 Vide
725 1661 1037 1731 sapientiam
1072 1660 1298 1731 pastoris
1328 1677 1342 1714 :
1374 1673 1546 1730 neque
1586 1659 1797 1729 reliquit
1825 1659 1966 1714 intus
1992 1660 2130 1713 inter

546 1764 676 1805 oves
699 1792 715 1817 ,
761 1766 829 1805 ne
867 1766 1082 1821 gregem
1114 1749 1554 1819 perterrefaceret
1580 1767 1593 1801 :
1624 1764 1797 1821 neque
1838 1750 1905 1803 ab
1932 1749 2128 1803 exteris

546 1841 679 1896 locis
704 1841 914 1913 abegit,
948 1851 1003 1896 ut
1052 1841 1241 1896 bellum.
1271 1851 1412 1896 metu
1452 1852 1672 1897 cunctos
1711 1845 1851 1896 intus
1889 1850 2124 1911 cogeret.

546 1931 662 1986 Non
710 1933 975 1987 revereris
1021 1933 1270 2002 patrem?
1311 1932 1585 1988 Inimicum
1616 1932 1900 1989 reformida
1929 1951 1943 1988 :
1972 1934 2016 1987 si
2047 1943 2127 1987 te-

548 2024 722 2093 ipsum
753 2039 782 2077 a
820 2040 981 2094 grege
1008 2025 1286 2090 avulseris,
1335 2026 1426 2080 ille
1469 2026 1584 2081 sine
1610 2025 1773 2080 dubio
1803 2035 1852 2080 te
1878 2026 2126 2095 excipiet.

548 2115 766 2171 Poterat
805 2116 1019 2186 quidem
1050 2117 1208 2171 etiam
1236 2118 1304 2171 ab
1339 2118 1535 2172 exteris
1562 2117 1692 2171 locis
1718 2117 1864 2171 illum
1890 2116 2131 2171 Christus

547 2207 810 2278 abigere:
852 2207 946 2263 sed
992 2218 1048 2262 ut
1094 2207 1335 2263 efficeret
1364 2217 1420 2262 ut
1447 2208 1725 2279 vigilares.
1770 2223 1834 2263 ac
1873 2209 2131 2264 sollicitus

548 2313 720 2366 esses,
766 2309 924 2369 atque
972 2300 1037 2353 ad
1084 2310 1307 2354 matrem
1351 2315 1563 2369 semper
1603 2300 1955 2369 confugeres,
2004 2299 2132 2355 foris

552 2389 704 2444 illum
734 2391 911 2458 rngire
939 2390 1197 2459 permisit,
1230 2400 1285 2445 ut
1319 2392 1408 2462 qui
1447 2400 1570 2445 sunt
1601 2392 1761 2455 intus,
1792 2392 1914 2445 dum
1946 2407 2130 2447 vocem

550 2484 693 2539 illius
716 2483 958 2550 audiunt,
992 2484 1160 2555 magis
1185 2485 1517 2555 copulentur,
1542 2495 1594 2540 et
1621 2485 1686 2539 ad
1714 2501 1773 2540 se
1798 2494 1981 2539 mutuo
2005 2501 2132 2541 con-

550 2575 770 2645 fugiant.
814 2576 888 2629 Ita
917 2592 1129 2647 quoque
1171 2586 1368 2631 matres
1398 2576 1593 2632 faciunt
1621 2578 1907 2632 liberorum
1945 2592 2133 2632 aman-

552 2677 652 2732 tes,
684 2668 872 2725 ﬂentes
900 2668 1190 2725 infantulos
1218 2669 1522 2740 frequenter
1550 2685 1609 2725 se
1635 2670 1773 2740 lupis
1803 2669 2132 2726 devorandos

550 2758 855 2827 objecturas
885 2760 1176 2826 tninantur,
1205 2777 1312 2815 non
1342 2772 1397 2817 ut
1422 2761 1759 2831 objiciautur,
1787 2762 1879 2817 sed
1907 2766 1963 2816 ut
1986 2762 2132 2816 desi-

551 2860 680 2907 nant
722 2851 1003 2922 indignari.
1052 2853 1339 2922 Propterea
1383 2852 1624 2908 Christus
1667 2856 1849 2908 omnia
1890 2854 2031 2919 fecit,
2078 2862 2134 2908 ut

551 2958 735 3014 pacem
762 2943 1022 3008 colamus,
1052 2952 1112 2999 ut
1135 2943 1405 3014 conjuncti
1443 2944 1581 2998 inter
1607 2960 1705 2999 nos
1732 2946 1920 2999 simus.

620 3034 676 3092 2.
719 3035 923 3092 Idcirco
971 3037 1131 3091 etiam
1182 3037 1377 3093 Paulus
1428 3053 1548 3092 cum
1604 3037 1904 3092 Corinthios
1956 3037 2135 3091 multis

551 3127 864 3198 magnisque
884 3127 952 3182 de
977 3128 1138 3182 rebus
1161 3143 1414 3184 accusare
1437 3138 1614 3198 posset
1636 3143 1697 3182 ac
1719 3128 2131 3198 reprehendere,

552 3218 693 3273 nulla
722 3218 791 3274 de
834 3234 894 3274 re
933 3220 1036 3274 alia
1066 3220 1232 3288 prius,
1264 3235 1421 3291 quam
1462 3219 1530 3275 de
1570 3220 1669 3275 ista
1699 3220 1985 3274 accusavit.
2029 3219 2135 3275 Sed

550 3327 674 3366 eum
703 3312 770 3369 de
810 3311 1159 3372 fornicatione
1189 3323 1371 3384 posset
1408 3314 1526 3371 illos
1564 3330 1844 3380 accusare,
1884 3315 1952 3370 de
1979 3330 2133 3370 arro-

552 3404 750 3472 gantia,
773 3404 841 3459 de
872 3404 1105 3474 profanis
1128 3405 1363 3474 judiciis,
1400 3405 1469 3461 de
1493 3407 1751 3461 conviviis
1776 3408 1829 3462 in
1858 3408 1995 3463 fanis
2023 3407 2137 3461 ido-

554 3494 749 3561 lorum,
773 3497 1020 3567 quodque
1042 3497 1291 3553 mulieres
1311 3498 1525 3568 quidem
1549 3499 1721 3569 capita
1750 3516 1852 3553 non
1875 3498 2135 3563 velarent,

552 3587 799 3645 homines
838 3600 1014 3646 autem
1055 3589 1109 3646 id
1150 3600 1398 3662 agerent,
1437 3600 1640 3648 etcum
1681 3591 1764 3647 his
1793 3593 2040 3647 omnibus
2067 3591 2138 3646 ob

553 3681 851 3751 neglectum
880 3697 1171 3753 pauperum
1198 3693 1253 3739 et
1278 3684 1512 3738 innatam
1544 3684 1649 3739 illis
1667 3683 1738 3738 ob
1760 3684 1895 3738 dona
1919 3685 2137 3754 Spiritus

553 3774 946 3844 arrogantiam,
993 3786 1048 3830 et
1090 3775 1158 3831 de
1203 3791 1485 3847 corporum
1532 3778 1970 3832 resurrectione:
2015 3790 2136 3831 cum

552 3865 714 3920 etiam
741 3872 937 3936 prmter
965 3868 1079 3923 haec
1106 3870 1284 3923 omnia
1316 3880 1495 3940 posset
1525 3870 1645 3925 illos
1673 3870 1742 3925 ob
1770 3870 2137 3925 contentiones

554 3972 619 4012 ac
646 3957 865 4012 dissidia
904 3960 1044 4015 inter
1071 3959 1193 4016 illos
1222 3969 1406 4016 exorta
1439 3962 1733 4033 castigare,
1768 3962 2139 4031 praetermissis

554 4050 767 4104 cmteris
797 4050 1044 4106 omnibus
1084 4052 1214 4107 illud
1259 4055 1405 4123 prius
1449 4054 1684 4123 corrigit.
1734 4057 1811 4107 Ac
1856 4054 1955 4108 nisi
2005 4053 2139 4107 forte

556 4139 740 4194 videar
768 4140 980 4195 tmdium
1020 4156 1228 4210 parere,
1258 4142 1309 4197 id
1338 4158 1405 4197 ex
1434 4143 1562 4212 ipsis
1587 4143 1730 4197 Pauli
1756 4144 1934 4199 verbis
1958 4153 2140 4199 osten-

556 4230 703 4293 dam,
734 4246 855 4285 cum
882 4230 951 4287 de
974 4233 1220 4289 omnibus
1246 4235 1354 4289 illis
1381 4249 1476 4291 eos
1504 4244 1683 4305 posset
1707 4251 1977 4299 accusare,
2008 4237 2141 4291 nihil

558 4340 667 4394 prie
700 4325 802 4379 isto
829 4336 1127 4408 correctum
1170 4327 1237 4383 ab
1267 4328 1357 4382 illo
1386 4328 1570 4385 fuisse.
1616 4329 1747 4383 Nam
1779 4329 1898 4384 illos
1923 4330 2140 4399 quidem

557 4432 676 4473 esse
709 4416 996 4475 fornicatus
1022 4420 1142 4475 audi
1173 4437 1279 4491 quo
1308 4431 1461 4491 pacto
1488 4431 1666 4477 narret
1693 4440 1707 4476 :
1744 4422 1962 4477 Omnino
1988 4424 2142 4475 audi-

557 4519 639 4563 tur
664 4511 795 4566 inter
831 4527 918 4567 vos
954 4514 1220 4583 fornicatio
1248 4515 1340 4585 (1.
1366 4513 1485 4570 Cor.
1509 4516 1611 4570 5.1
1642 4516 1684 4582 ).
1726 4515 1892 4570 Porro
1933 4515 2143 4571 inﬂatos

559 4606 721 4661 etiam
747 4606 869 4661 illos
893 4607 1056 4663 fuisse
1076 4648 1090 4671 ,
1122 4617 1175 4664 et
1202 4609 1253 4664 in
1283 4609 1586 4681 superbiam
1620 4609 1789 4663 elatos
1819 4627 1832 4663 :
1862 4607 2142 4681 Tamquam

561 4718 663 4758 non
685 4711 922 4756 venturus
945 4703 1043 4757 sint
1064 4704 1131 4756 ad
1157 4720 1265 4768 vos,
1287 4704 1359 4757 sic
1387 4703 1554 4772 inﬂati
1592 4712 1707 4755 sunt
1729 4703 1936 4769 quidam
1976 4702 2139 4773 (Ibid.

560 4794 751 4867 4.18).
778 4795 930 4863 Quod
969 4804 1149 4850 autem
1196 4809 1378 4849 rursus
1420 4795 1570 4861 foris,
1621 4803 1675 4849 et
1713 4794 1850 4863 apud
1893 4795 2143 4864 profanos

556 4890 760 4962 judicio
802 4889 1189 4945 mntenderent
1232 4887 1441 4942 :Audet
1486 4887 1670 4957 aliquis
1698 4898 1915 4941 vestrum
1958 4886 2143 4940 habens

562 4983 813 5053 negotium
847 4981 1085 5035 adversus
1124 4980 1338 5035 alterum
1355 4979 1584 5050 judicari
1613 4979 1751 5050 apud
1777 4978 2007 5046 inﬁdeles
2033 4976 2140 5048 (Ib.

559 5080 612 5131 ti.
640 5074 695 5146 1)
715 5074 739 5115 ν
766 5073 917 5141 Quod
946 5084 1121 5128 autem
1155 5071 1446 5142 idolothyta
1470 5071 1833 5136 comederent,
1862 5069 1980 5123 Non
2004 5080 2146 5140 pote-

561 5167 651 5220 stis
679 5181 865 5220 mensa:
891 5163 1096 5218 Domini
1124 5164 1392 5233 participes
1422 5178 1546 5224 esse,
1578 5172 1623 5214 et
1652 5177 1837 5215 niensw
1863 5161 2142 5214 dtetnonio-

563 5274 676 5311 runt
727 5256 834 5328 (Ib.
887 5257 974 5312 10.
1022 5254 1139 5326 21).
1178 5254 1438 5324 Quodque
1475 5253 1726 5308 mulieres
1775 5251 1994 5305 minime
2046 5265 2144 5304 ve-

565 5353 820 5414 larentur,
848 5349 941 5404 sed
973 5348 1075 5403 viri
1097 5358 1283 5403 contra
1310 5348 1632 5410 velarentur,
1660 5343 1783 5399 audi
1812 5343 2005 5414 quibus
2026 5356 2145 5396 ver-

568 5442 648 5495 bis
688 5455 783 5496 eos
822 5441 1091 5510 castiget:
1137 5439 1313 5492 Omnis
1354 5438 1431 5492 vir
1473 5452 1657 5500 orans,
1704 5444 1793 5488 aut
1840 5436 2146 5504 prophetans

566 5537 727 5593 velato
748 5538 928 5606 capite,
953 5539 1187 5604 deturpat
1212 5544 1361 5604 caput
1386 5550 1533 5587 suum
1557 5548 1577 5588 :
1597 5532 1759 5587 omnis
1777 5540 1943 5584 autem
1967 5528 2147 5582 mulier

568 5644 718 5685 orans
745 5638 831 5681 aut
859 5629 1163 5697 prophetam
1201 5644 1301 5681 non
1328 5627 1489 5681 velato
1517 5626 1700 5693 capite,
1722 5625 1963 5693 deturpat
1991 5633 2144 5692 caput

569 5737 717 5777 suum
742 5718 848 5784 (Ib.
888 5720 974 5775 11.
1013 5719 1067 5774 4.
1107 5720 1183 5787 5).
1209 5720 1277 5774 At
1325 5719 1443 5774 illos
1471 5732 1730 5789 pauperes
1755 5718 2146 5787 contempsisse

572 5818 897 5896 signiﬁcavit
931 5815 1088 5870 etiam
1135 5828 1257 5871 cum
1305 5812 1437 5869 dixit
1482 5831 1493 5867 :
1534 5813 1675 5869 Alius
1717 5812 1919 5883 quidem
1964 5812 2143 5878 esurit,

1291 348 1351 407 S.
1388 348 1668 408 JOANNlS
1701 345 2174 406 CHRYSOSTOMI
2210 343 2527 402 ARCHIEP.
2568 343 3098 401 CONSTANTINOP.

3711 350 3819 405 861»

2239 456 2373 511 alius
2400 467 2566 511 autem
2595 456 2760 511 ebrius
2788 467 2861 511 est
2887 456 2963 530 (1.
2985 456 3104 513 Cor.
3131 458 3218 514 11.
3240 457 3334 531 21)
3360 477 3373 512 :
3407 468 3459 515 et
3486 476 3696 526 rursus,
3716 464 3818 521 Aut

2237 549 2518 604 Ecclesium
2547 549 2640 603 Dei
2664 551 2982 605 contemnitis
3001 591 3017 616 ,
3046 561 3094 605 et
3120 552 3434 622 confunditis
3457 571 3544 608 eos
3562 598 3577 617 .
3609 558 3694 623 qui
3717 575 3821 611 non

2238 644 2425 698 habent
2449 642 2557 713 (Ib.
2581 659 2630 696 υ.
2657 643 2753 714 22)
2777 645 2800 698 ?
2838 644 3100 710 Quoniam
3128 655 3305 701 autem
3331 648 3395 701 ad
3438 648 3644 717 majora
3684 650 3819 706 dona

2235 736 2412 791 cuncti
2438 734 2630 805 cupide
2657 736 3003 803 accedebant,
3025 746 3080 791 et
3099 738 3303 793 minora
3330 754 3487 794 nemo
3510 742 3815 810 recipiebat,

2234 827 2313 884 sic
2337 828 2412 882 ait
2435 846 2449 885 :
2474 826 2736 898 Numquid
2759 844 2931 882 omnes
2953 828 3218 898 apostoli?
3239 832 3483 899 numquid
3504 849 3678 885 omnes
3700 851 3819 902 pro-

2236 918 2399 989 phetae
2446 918 2553 993 (Ib.
2577 918 2667 973 12.
2687 918 2845 991 ‘29)?
2897 919 3065 975 Porro
3112 919 3180 975 de
3231 923 3627 978 resurrectione
3684 940 3820 995 quo.

2234 1027 2340 1083 que
2367 1011 2637 1069 dubitasse
2664 1014 2783 1070 illos
2809 1030 2874 1069 ex
2904 1015 2986 1069 his
3016 1015 3233 1086 colliges
3265 1034 3278 1071 :
3308 1004 3413 1071 Sed
3450 1018 3583 1073 dicet
3615 1021 3817 1089 aliquis,

2233 1107 2481 1174 quomodo
2501 1118 2768 1178 resurgunt
2788 1109 3019 1163 mortui?
3036 1109 3179 1177 quali
3196 1119 3365 1162 autem
3386 1127 3598 1181 corpore
3617 1114 3821 1166 veniunt
3886 1158 3895 1164 .

2237 1200 2343 1272 (Ib.
2389 1202 2478 1257 15.
2514 1202 2650 1272 35)?
2680 1202 3053 1258 Verumtamen
3085 1218 3205 1258 cum
3254 1205 3416 1259 multa
3473 1216 3657 1273 posset
3714 1209 3819 1263 illis

2232 1292 2361 1347 vitio
2386 1302 2595 1348 vertere
2616 1333 2631 1356 .
2663 1292 2793 1347 nihil
2830 1293 2879 1348 ei
2908 1293 3004 1347 fuit
3032 1295 3320 1363 antiquius,
3346 1311 3506 1364 quam
3537 1307 3593 1350 ut
3621 1298 3690 1352 de
3713 1298 3821 1352 dis-

2233 1383 2370 1438 sidio
2394 1398 2447 1438 et
2472 1384 2812 1439 contentione
2838 1399 2960 1438 cum
2990 1384 3094 1438 illis
3118 1396 3298 1454 ageret
3324 1402 3339 1439 :
3364 1387 3541 1455 itaque
3563 1390 3676 1455 jam
3700 1390 3821 1443 inde

2233 1490 2264 1529 a
2294 1474 2549 1544 principio
2569 1474 2807 1545 epistolae
2830 1475 2906 1530 sic
2933 1474 3041 1529 ait:
3068 1474 3287 1529 Obsecro
3311 1487 3478 1529 autem
3500 1495 3585 1531 vos
3612 1480 3818 1546 fratres,

2235 1585 2324 1639 per
2348 1584 2528 1622 nomen
2554 1568 2761 1622 Domini
2790 1568 2948 1622 nostri
2969 1566 3097 1622 Jesu
3120 1566 3327 1633 Christi,
3355 1578 3411 1621 ut
3437 1571 3661 1639 idipsum
3684 1571 3822 1623 dica-

2234 1662 2298 1715 tis
2334 1676 2524 1726 omnes,
2550 1670 2596 1714 et
2625 1672 2727 1714 nan
2768 1661 2866 1715 sint
2916 1662 2968 1714 in
2998 1660 3134 1715 vobis
3181 1661 3455 1715 schismata
3499 1661 3606 1735 (Ib.
3630 1664 3817 1732 1.10).

2233 1752 2447 1807 Sciebat
2488 1752 2705 1823 quippe,
2752 1751 2953 1807 sciebat
2998 1751 3163 1820 probe
3208 1752 3311 1807 hoc
3354 1768 3473 1808 esse
3520 1753 3667 1825 quod
3711 1769 3820 1823 pne

2232 1847 2442 1899 caeteris
2482 1844 2720 1913 urgebat.
2760 1842 3071 1898 Fornicator
3109 1843 3154 1897 si
3193 1842 3499 1914 frequenter
3537 1845 3589 1898 in
3628 1844 3816 1900 Eccle-

2234 1935 2365 1989 siam
2398 1934 2755 2006 ingrediatur,
2796 1943 2851 1990 et
2879 1934 3179 2004 superbus,
3224 1945 3317 1997 δια
3359 1937 3449 2006 qui
3476 1936 3608 1990 vitio
3634 1938 3820 2006 quovis

2234 2028 2339 2084 alio
2366 2028 2592 2093 laboret,
2624 2029 2761 2094 cito,
2792 2027 2918 2083 dum
2945 2030 3157 2085 assidue
3182 2030 3418 2084 doctrina
3451 2030 3669 2097 fruitur,
3695 2032 3818 2086 illud

2234 2121 2487 2191 expellet,
2533 2131 2587 2177 et
2631 2123 2904 2192 pristinam
2948 2124 3168 2193 recipiet
3214 2124 3492 2179 sanitatem
3527 2142 3542 2177 :
3572 2127 3664 2196 qui
3695 2142 3816 2182 vero

2235 2214 2467 2284 seipsum
2498 2214 2566 2269 ab
2610 2214 2711 2269 hoc
2751 2224 3013 2270 conventu
3043 2216 3355 2285 sejunxerit,
3406 2226 3461 2271 et
3500 2217 3721 2273 Patrqu
3760 2234 3818 2274 se

2236 2306 2494 2362 doctrina:
2522 2307 2877 2373 subtraxerit,
2905 2317 3064 2378 atque
3094 2325 3122 2362 a
3162 2308 3351 2363 medici
3393 2310 3605 2363 oﬂicina
3639 2312 3815 2381 procul

2236 2401 2543 2466 recesserit,
2564 2401 2806 2472 quamvis
2826 2415 2959 2456 sano
2975 2416 3200 2472 corpore
3219 2416 3338 2457 esse
3358 2402 3623 2469 videatur,
3644 2418 3818 2474 quarm

2236 2497 2463 2565 primum
2492 2495 2546 2549 in
2582 2493 2826 2548 morbum
2858 2493 3075 2550 incidet.
3110 2493 3179 2549 Et
3205 2495 3655 2565 quemadmodum
3683 2500 3815 2565 opti-

2237 2603 2355 2642 mus
2379 2586 2648 2652 medicus,
2676 2584 2857 2641 sedata
2886 2585 3031 2654 prius
3056 2595 3109 2641 et
3136 2586 3395 2641 exstincta
3426 2585 3595 2652 febri,
3624 2586 3815 2641 deinde

2236 2677 2505 2733 ulceribus
2528 2691 2591 2732 ac
2616 2676 2953 2746 ruptionibus
2975 2675 3251 2732 medetur:
3276 2677 3345 2731 ita
3373 2675 3496 2731 fecit
3520 2688 3577 2731 et
3603 2678 3814 2738 Paulus.

2237 2768 2383 2839 prius
2427 2767 2763 2822 dissensione
2805 2766 3032 2833 sublata,
3077 2775 3187 2821 tum
3229 2766 3443 2821 demum
3486 2767 3815 2836 singulonun

2238 2860 2454 2914 vulnera
2498 2857 2857 2914 membrorum
2902 2857 3126 2913 curavit.
3175 2858 3463 2929 Propterea
3502 2874 3720 2929 quoque
3753 2860 3817 2915 de

2238 2951 2341 3007 hoc
2365 2960 2493 3006 ante
2520 2949 2697 3005 omnia
2727 2949 2889 3006 verba
2916 2950 3064 3016 facit,
3098 2958 3156 3005 ut
3192 2965 3364 3021 neque
3405 2951 3542 3005 inter
3570 2964 3628 3004 se
3658 2951 3819 3005 dissi.

2238 3041 2418 3105 deant,
2451 3056 2623 3112 neque
2659 3040 2903 3111 preprios
2940 3040 3040 3095 sibi
3068 3050 3302 3096 rectores
3336 3042 3645 3111 assignent,
3690 3056 3820 3095 nere

2238 3134 2432 3188 multas
2460 3133 2513 3188 in
2540 3143 2720 3203 partes
2757 3131 2994 3187 dividant
3026 3131 3220 3186 Christi
3247 3145 3457 3202 corpus.
3488 3131 3616 3187 llaec
3638 3139 3817 3186 autem

2240 3241 2347 3280 non
2376 3224 2481 3279 illis
2516 3224 2690 3280 solum
2717 3223 2925 3279 dicebat
2944 3266 2962 3292 ,
2987 3223 3082 3279 sed
3107 3232 3162 3280 et
3197 3221 3280 3278 bis
3306 3231 3424 3292 post
3461 3223 3584 3277 illos
3608 3223 3705 3293 qui
3727 3238 3817 3277 eo-

2240 3318 2363 3374 dem
2383 3317 2569 3372 morbo
2590 3315 2854 3382 laborant,
2874 3332 3005 3386 quos
3020 3315 3263 3387 equidem
3285 3315 3585 3369 sciscitarer
3606 3315 3816 3376 lubens,

2238 3409 2363 3478 quid
2392 3408 2463 3463 sit
2487 3406 2688 3462 Pascha
2709 3447 2727 3474 ,
2765 3406 2891 3476 quid
2919 3406 2989 3461 sit
3012 3404 3465 3477 Quadragesima?
3501 3415 3557 3459 et
3595 3405 3731 3474 quid
3753 3407 3819 3458 sit

2239 3500 2516 3556 Judaicum
2538 3540 2557 3566 ,
2585 3498 2714 3569 quid
2754 3499 2824 3553 sit
2867 3507 3107 3552 nostrum
3137 3516 3152 3553 :
3180 3507 3271 3553 aut
3297 3512 3454 3567 quam
3494 3497 3567 3552 ob
3605 3512 3816 3552 causam

2241 3594 2368 3648 illud
2408 3591 2623 3663 quidem
2663 3590 2829 3647 semel
2870 3591 3024 3645 annis
3062 3590 3285 3661 singulis
3326 3590 3504 3656 ﬁeret,
3553 3589 3659 3644 hoc
3698 3605 3818 3644 vero

2242 3684 2461 3756 singulis
2503 3685 2554 3738 in
2582 3683 2823 3739 collectis
2849 3683 3151 3737 celebretur
3178 3700 3195 3737 :
3223 3682 3348 3756 quid
3375 3683 3475 3737 sibi
3509 3682 3680 3736 velint
3702 3696 3821 3752 azy-

2242 3792 2350 3841 ma,
2393 3784 2447 3832 et
2473 3776 2575 3831 alia
2619 3775 2702 3830 his
2741 3775 2907 3829 multo
2949 3774 3098 3844 plura
3121 3816 3136 3837 ,
3165 3789 3281 3842 quae
3309 3773 3375 3827 ad
3405 3773 3510 3827 hoc
3552 3773 3823 3842 pertinent

2241 3876 2632 3939 argumentum.
2665 3866 2800 3921 Tum
2826 3881 2953 3920 vero
2980 3866 3144 3935 probe
3173 3864 3523 3934 cognoscetis,
3550 3880 3717 3934 quam
3744 3867 3820 3919 in-

2234 3960 2555 4030 tempestiva
2601 3958 2813 4013 illorum
2857 3958 2925 4010 sit
2968 3957 3276 4021 contentio,
3318 3956 3407 4025 qui
3450 3971 3519 4010 ne
3559 3958 3819 4011 rationem

2244 4050 2459 4121 quidem
2499 4048 2724 4105 reddere
2763 4048 2830 4104 de
2876 4048 2980 4102 illis
3021 4056 3244 4118 possunt
3270 4062 3389 4113 qua:
3434 4046 3675 4114 faciunt,
3706 4048 3820 4103 licet

2244 4144 2490 4198 omnibus
2517 4144 2625 4198 sint
2650 4141 3019 4211 sapientiores,
3051 4155 3223 4211 neque
3249 4140 3457 4194 discant
3495 4156 3564 4196 ex
3592 4143 3818 4205 caeteris,

2244 4233 2387 4306 quod
2412 4233 2768 4288 damnandum
2795 4242 2879 4287 est
2913 4234 3141 4285 maxime
3159 4274 3176 4298 ,
3222 4247 3341 4286 cum
3369 4246 3469 4286 nec
3498 4232 3603 4301 ipsi
3632 4234 3817 4297 sciant,

2245 4341 2420 4395 neque
2447 4338 2540 4379 eos
2574 4325 2666 4394 qui
2706 4323 2879 4378 sciunt
2925 4322 3087 4376 duces
3114 4331 3438 4392 sequantur,
3485 4322 3583 4377 sed
3627 4334 3821 4378 temere

2246 4416 2564 4472 inconsultae
2591 4414 2801 4470 cuidam
2827 4413 3197 4469 consuetudini
3239 4429 3326 4468 res
3354 4429 3477 4469 suas
3509 4416 3819 4485 permitten-

2249 4518 2330 4565 tes
2355 4510 2406 4564 in
2433 4507 2680 4563 barathra
2705 4516 2761 4562 et
2789 4506 3077 4575 praecipitia
3103 4505 3360 4560 ferantur.

2318 4604 2373 4658 3.
2395 4603 2525 4670 Quis
2548 4615 2709 4670 porro
2737 4601 2949 4670 sapiens
2972 4608 3055 4654 est
3090 4599 3296 4653 illorum
3323 4613 3522 4665 sermo,
3562 4614 3690 4654 cum
3717 4602 3817 4654 ha‘c

2249 4694 2355 4749 illis
2384 4692 2703 4763 objicimus?
2730 4691 2859 4756 Vos,
2902 4690 3182 4759 inquiunt,
3216 4704 3389 4763 nonne
3424 4690 3527 4743 hoc
3562 4691 3817 4760 jejunium

2249 4796 2405 4840 antea
2450 4783 2855 4838 observabatis?
2899 4782 3010 4835 lloc
3050 4796 3177 4835 vero
3222 4790 3367 4834 tuum
3412 4794 3518 4834 non
3566 4792 3657 4837 est
3700 4782 3818 4836 mihi

2251 4878 2450 4939 dicere,
2475 4874 2569 4931 sed
2591 4873 2692 4928 hoc
2719 4874 2831 4943 ipse
2858 4872 2949 4928 tibi
2972 4872 3093 4943 jure
3116 4870 3366 4936 dixerim,
3390 4886 3488 4925 nos
3511 4888 3729 4942 quoque
3751 4875 3817 4927 sic

2250 4980 2404 5026 antea
2428 4970 2721 5038 jejunasse,
2751 4976 3114 5023 verumtamen
3144 4974 3439 5034 temporqu
3465 4965 3815 5021 observationi

2250 5061 2636 5135 prmferendam
2660 5059 2998 5116 concordiam
3022 5059 3294 5113 censuisse
3319 5076 3333 5112 :
3357 5057 3609 5129 quodque
3628 5060 3816 5115 Calatis

2251 5156 2462 5213 dicebat
2494 5154 2689 5210 Paulus
2709 5192 2724 5215 ,
2758 5152 2859 5206 hoc
2893 5161 2948 5207 et
2974 5150 3125 5204 vobis
3152 5150 3265 5220 ipse
3300 5148 3421 5204 dico
3450 5167 3464 5203 :
3495 5148 3675 5205 Estote
3700 5152 3815 5204 sicut

2251 5266 2363 5321 ego,
2391 5249 2512 5320 quia
2535 5256 2579 5301 et
2606 5262 2696 5317 ego
2720 5246 2847 5300 sicut
2871 5261 2958 5299 vos
2982 5242 3123 5314 (Gal.
3148 5242 3201 5297 4.
3226 5241 3336 5313 12).
3362 5240 3498 5309 Quid
3526 5241 3633 5298 hoc
3670 5259 3814 5313 porro

2250 5342 2350 5399 sibi
2377 5340 2535 5395 vult?
2561 5338 2899 5393 Persuaserat
2923 5335 3053 5401 illis,
3079 5342 3137 5388 ut
3161 5348 3190 5386 a
3219 5333 3623 5389 circumcisione
3650 5334 3802 5389 ἀίει»

2251 5434 2463 5497 derent,
2491 5431 2705 5488 sabbata
2729 5436 3157 5503 aspernarentur,
3189 5435 3244 5481 et
3275 5425 3392 5481 dies
3416 5434 3470 5480 et
3502 5426 3606 5480 alia
3636 5439 3811 5481 cncta

2253 5528 2385 5599 legis
2410 5525 2685 5580 instituta:
2712 5521 2927 5587 deinde,
2949 5519 3196 5590 quoniam
3229 5517 3344 5572 illos
3365 5518 3540 5572 vereri
3569 5518 3810 5573 eernelnt

2251 5637 2315 5676 ac
2341 5617 2722 5683 reformidare,
2763 5631 2831 5670 ne
2866 5612 3006 5669 forte
3048 5611 3480 5681 transgressionis
3520 5625 3732 5681 penam
3759 5627 3813 5665 ac

2252 5714 2568 5784 supplicium
2610 5712 2974 5774 sustinerent,
3014 5721 3111 5762 suo
3157 5705 3260 5761 illis
3298 5703 3543 5772 exemplo
3584 5706 3810 5759 animum

2254 5809 2416 5873 addit.
2448 5822 2565 5864 cum
2593 5805 2701 5871 ait,
2731 5802 2897 5859 Estote
2920 5800 3047 5857 sicut
3076 5813 3199 5871 ego,
3224 5798 3342 5869 quia
3369 5806 3414 5852 st
3440 5811 3533 5868 ego
3557 5798 3688 5851 sicut
3714 5814 3807 5852 eos.
