3832 6260
35 341 144 398 8υὸ

35 466 98 517 ἂν
123 461 327 530 γένοιτο
362 458 533 531 μικρά
563 457 666 529 τῆς
699 459 1082 532 προσηκούσης
1111 459 1450 514 ἀπολαύοντα
1481 463 1598 513 ἐπι-

35 545 269 617 μελείεις.

99 712 264 765 Τοῦτο
291 710 472 764 τοίνυν
513 709 649 781 πρὸς
682 711 895 774 αὑτοὺς·
924 711 1159 782 λέγομεν
1191 711 1476 782 πρότερον,
1516 711 1597 764 ὅτι

35 796 180 850 νύδέν
204 796 380 864 χεῖρον
409 793 742 863 φιλονεικίας
765 794 856 847 καὶ
883 793 1058 864 μάχης
1084 794 1179 847 καὶ
1210 793 1304 849 τοῦ
1333 797 1431 864 τὴν
1474 793 1596 846 Ἐκ-

35 879 249 951 ιιλησίαν
275 878 530 948 διασπᾷν,
573 879 668 931 καὶ
693 877 784 932 τὸν
826 879 1047 948 χιτῶνα,
1077 879 1137 932 ὃν
1165 879 1263 932 οὑκ
1289 877 1593 948 ἐτόλμησαν

35 968 70 1017 αἱ
119 960 306 1035 λῃσταὶ
353 962 667 1032 διαρρῆξαι,
704 961 891 1014 τοῦτον
935 964 1016 1024 εἰς
1049 960 1218 1016 πολλὰ
1265 963 1592 1031 κατατεμεῖν

35 1049 188 1118 μέρη.
235 1046 348 1098 υύκ
397 1046 661 1116 ἀρκοῦσιν
707 1047 761 1097 αἱ
791 1045 976 1098 λοιπαὶ
1015 1045 1278 1115 αἱρέσεις,
1324 1044 1459 1099 ἀλλὰ
1498 1046 1592 1098 καὶ

35 1134 182 1200 ἡμεῖς
207 1128 432 1190 ἑαυτοὺς
473 1127 903 1198 κατατέμωμενς
940 1127 1053 1181 Οὑκ
1081 1127 1298 1191 ἀκούεις
1324 1128 1418 1194 τοῦ
1447 1128 1591 1180 Παύ-

35 1229 112 1265 ιου
161 1213 442 1280 λέγοντοςι
481 1215 548 1266 Εἰ
581 1211 649 1264 δὲ
679 1212 995 1278 ἀλλήλους
1031 1213 1281 1268 δάκνετε
1308 1214 1405 1267 καί
1450 1211 1611 1266 κατέ

35 1300 268 1358 ςσθίετε,
297 1295 565 1360 ,βλέπετε
592 1297 678 1364 μὴ
726 1295 845 1349 ὑπὸ
886 1297 1176 1364 ἀλλήλων
1207 1295 1588 1364 ἀναλωθῆτε;

35 1383 169 1446 Ἐξω
197 1385 285 1451 τῆς
324 1381 528 1452 ἀγέλης
563 1380 816 1450 βαδίζεις,
841 1381 962 1434 εἰπέ
989 1399 1102 1452 μοι,
1135 1382 1226 1434 καὶ
1257 1383 1317 1435 οὑ
1349 1380 1590 1444 δέδοικας

35 1465 105 1518 τὸν
149 1465 334 1516 λέοντα
371 1463 464 1517 τὸν
515 1464 710 1530 ἔξωθεν
746 1463 1058 1534 περιϊόντα;
1120 1465 1172 1516 Ὁ
1220 1464 1434 1534 ἐχθρὸς
1481 1465 1589 1534 γὰρ

35 1546 203 1616 Τιμῶν,
249 1547 329 1612 ὠς
367 1546 554 1615 λέων,
593 1547 985 1617 περιέρχεται,
1035 1550 1220 1618 φησὶν,
1255 1549 1590 1618 ὼρυόμενος

35 1633 112 1684 ταὶ
167 1629 348 1698 ζητῶν
383 1631 520 1683 τίνα
553 1631 817 1700 ἁρπάσῃ.
870 1634 1012 1703 Ὅρα
1058 1633 1249 1701 σοφίαν
1301 1631 1585 1700 ποιμένος’

35 1713 136 1767 δῦτε
181 1715 322 1767 ἔνδον
355 1714 571 1784 ἀφῆκεν
608 1711 747 1768 εἷναι
799 1719 856 1768 ἐν
888 1719 998 1779 τοῖς
1043 1717 1358 1786 προϐάτοις,
1395 1716 1480 1769 ἵνα
1512 1717 1586 1786 μὴ

35 1797 428 1868 ιαταπλήξηται
465 1797 564 1868 τὴν
599 1799 866 1868 ποίμνην·
901 1797 1024 1852 οὔτε
1056 1799 1254 1864 ἔξωθεν
1277 1801 1584 1869 ἀπήγαγεν,
1614 1807 1617 1812 ‘

35 1883 102 1934 ’να
129 1881 206 1951 τῷ
233 1881 382 1952 φόϐῳ
406 1879 502 1934 τοῦ
532 1880 724 1953 θηρίου
759 1883 969 1945 πάντας
1002 1884 1110 1936 ἕσω
1140 1883 1438 1954 συναγάγῃ.
1473 1885 1586 1937 Ούκ

35 1967 133 2034 ιίδῇ
157 1967 247 2018 τὸν
273 1966 515 2034 πατέρα;
558 1965 820 2038 φοϐήθητι
849 1966 938 2020 τὸν
955 1966 1176 2038 ἐχθρόν·
1207 1967 1254 2019 εἰ
1282 1966 1585 2038 ἀποσχίσῃς

35 2051 208 2104 ιαυτὸν
235 2050 335 2120 τῆς
355 2050 576 2122 ἀγέλης,
605 2051 812 2114 ἐκεῖνός
841 2067 898 2104 σε
918 2051 1125 2115 δέξεται
1153 2052 1387 2114 πάντως.
1431 2050 1584 2103 Ἡδύ-

35 2153 140 2187 ιατο
166 2134 265 2206 μὲν
290 2134 397 2205 γὰρ
423 2135 516 2186 καὶ
538 2134 738 2200 ἔξωθεν
760 2136 925 2188 αὑτὸν
945 2135 1254 2204 ἀπαγαγεῖν
1277 2137 1304 2189 6
1329 2127 1581 2207 Χριστὸς,

35 2219 122 2270 ιλλ·
163 2220 249 2272 ἵνα
278 2236 336 2270 σε
367 2217 765 2290 παρασκευάσῃ
801 2220 991 2290 νήφειν
1016 2219 1108 2272 καὶ
1133 2218 1422 2288 ἐναγώνιον
1444 2213 1595 2272 εἶναι

35 2304 104 2356 ιαί
138 2302 271 2374 πρὸς
315 2302 415 2372 τὴν
465 2302 675 2373 μητέρα
721 2302 956 2372 συνεχῶς
989 2304 1344 2371 καταφυγεῖν,
1374 2303 1582 2372 ἀφῆκεν

44 2386 204 2451 ξωθεν
240 2385 534 2458 ὠρύεσθαι,
579 2387 664 2440 ἵνα
707 2388 754 2440 οἱ
809 2387 1045 2449 ἔνδοθεν,
1086 2386 1374 2450 ἀκούοντες
1415 2386 1580 2440 αὑτοῦ

35 2471 109 2540 τῆς
131 2470 337 2540 φωνῆς,
367 2469 567 2541 μᾶλλον
595 2471 1023 2540 συσφίγγωνται,
1053 2471 1296 2542 καὶπρὸς
1322 2471 1581 2543 ἀλλήλους

35 2554 449 2624 ιαταφεύγωσιν.
482 2554 639 2607 Οὕτω
667 2555 762 2607 καὶ
791 2554 1022 2626 μητέρες
1056 2553 1271 2607 ποιοῦσι
1299 2555 1580 2624 φιλόστορ-

35 2645 117 2703 γοι·
147 2637 211 2691 τὰ
242 2637 435 2691 παιδία
469 2637 985 2709 κλαυθμυριζόμενα
1021 2637 1279 2700 πολλάκις
1301 2638 1580 2691 ἀπειλοῦσι

35 2725 119 2784 ;οῖς
154 2722 382 2794 στόμασι
427 2721 536 2775 τῶν
569 2721 750 2775 λύκων
794 2723 1028 2792 ῥίπτειν,
1068 2721 1166 2791 οὑχ
1196 2721 1280 2774 ἵνα
1328 2721 1578 2792 ριφῶσιν,

35 2807 124 2859 ιλλ’
162 2807 246 2860 ἶνα
291 2807 542 2860 παύσωσι
584 2807 1023 2878 δυσχεραίνοντα.
1061 2807 1246 2859 Πάντα
1277 2809 1306 2858 6
1349 2806 1580 2877 Χριστὸς

35 2890 96 2942 ἱιὰ
127 2891 281 2944 τοῦτο
317 2891 569 2962 ἐποίησεν
608 2892 692 2944 ἵνα
714 2891 1102 2962 εἰρηνεύωμεν,
1134 2891 1219 2945 ἵνα
1245 2891 1382 2962 πρὸς
1416 2888 1582 2960 ἀλλή-

35 2991 131 3037 .ους
165 2971 312 3046 ὦμεν
343 2975 738 3043 συνδεδεμένοι.

84 3121 122 3190 β’
171 3121 269 3174 Διά
290 3121 449 3174 τοῦτο
471 3122 564 3174 καὶ
591 3121 798 3184 Παῦλος
821 3120 988 3172 πολλά
1018 3121 1110 3172 καὶ
1147 3119 1354 3189 μεγάλα
1379 3120 1577 3190 Κοριν-

35 3204 141 3267 lina;
172 3204 422 3272 ἐγκαλεῖν
460 3207 620 3275 ἔχων.
665 3205 817 3258 οὐδὲν
863 3205 1147 3258 ἐνεκάλεσε
1201 3204 1308 3273 πρὸ
1347 3203 1574 3257 τούτου·

35 3289 122 3341 ﬂ)“
155 3290 290 3359 ἔχων
338 3291 520 3352 αὑτοῖς
564 3289 854 3356 ἐγκαλέσαι
885 3291 976 3342 καὶ
1011 3289 1138 3359 περὶ
1179 3287 1454 3359 πορνείας,
1483 3288 1578 3341 καὶ

35 3373 134 3442 περὶ
158 3373 437 3438 ἀπονοίας,
461 3374 554 3426 καὶ
584 3373 692 3426 τῶν
720 3373 824 3437 ἔξω
849 3372 1230 3442 δικαστηρίων,
1257 3372 1350 3424 καὶ
1381 3371 1490 3424 τῶν
1521 3372 1578 3422 ἐν

35 3459 118 3520 τοῖς
148 3458 439 3521 είδωλείοις
462 3458 800 3528 συμποσίων,
835 3459 929 3511 καί⁹
959 3459 1043 3510 ὅτι
1066 3459 1319 3528 γυναῖκες
1356 3455 1454 3526 μέν
1478 3455 1577 3508 οῦκ

35 3541 370 3593 εκαλύπτοντο
401 3541 501 3604 τὰς
535 3541 796 3610 κεφαλὰς,
842 3541 1032 3612 ἄνδρες
1059 3540 1115 3593 δὲ
1145 3539 1303 3593 τοῦτο
1338 3539 1574 3603 ἐποίουν,

35 3625 102 3676 ιαί
141 3625 276 3695 μετά
323 3624 528 3677 τούτων
580 3626 833 3679 ἁπάντων
880 3624 968 3678 διὰ
1027 3624 1124 3692 τὴν
1167 3623 1275 3675 τῶν
1328 3622 1577 3692 πενήτων

35 3706 329 3778 ὅπεροψίαν,
364 3709 458 3761 καὶ
478 3708 574 3778 τὴν
603 3710 664 3760 ἐκ
692 3706 800 3760 τῶν
834 3707 1188 3778 χαρισμάτων
1222 3699 1576 3776 ἐγγίνομένην

35 3791 187 3856 ιὺτοῖς
218 3792 500 3853 ἀπόνοιαν,
524 3793 617 3844 καὶ
647 3793 776 3864 περὶ
801 3792 899 3860 τῆς
923 3791 1029 3842 τῶν
1051 3788 1317 3859 σωμάτων
1346 3790 1578 3842 ἀναστά-

35 3892 176 3939 ςεως·
220 3877 357 3946 ἔχων
392 3876 449 3929 δέ
486 3875 624 3945 μετά
672 3875 874 3927 τούτων
907 3874 1160 3927 ἁπάντων
1204 3873 1298 3925 καὶ
1330 3874 1455 3943 περὶ
1480 3873 1578 3942 τῆς

35 3962 143 4029 πρὸς
185 3960 452 4031 ἀλλήλους
504 3959 838 4029 φιλονεικίας
877 3958 969 4010 καὶ
1007 3955 1350 4024 διχοστασίας
1395 3956 1578 4019 αὑτοῖς

35 4046 348 4114 επιτιμῆσαι,
406 4044 583 4097 πάντα
635 4043 704 4095 τὰ
756 4042 890 4096 ἄλλα
943 4038 1347 4112 παραδραμὼν,
1403 4041 1579 4092 ἐκεῖνο

35 4128 310 4198 Ξιορθοῦται
359 4127 647 4198 πρότερον.
702 4127 809 4178 Καὶ
843 4127 892 4177 εἱ
925 4123 998 4194 μὴ
1030 4124 1172 4176 δοκῶ
1207 4122 1577 4193 παρενοχλεῖν,

35 4211 106 4262 ἅτ’
129 4212 302 4265 αὑτῶν
330 4211 426 4265 τοῦ
459 4210 672 4264 Παύλου
701 4208 960 4281 ῥημάτων
988 4207 1145 4259 τοῦτο
1180 4207 1390 4277 ποιήσω
1420 4222 1582 4274 φανε-

35 4296 125 4358 οὸν,
149 4297 228 4350 ὃτι
252 4297 434 4350 πάντα
459 4295 643 4347 ἐκεῖνα
672 4293 809 4361 ἒχων
834 4290 1109 4359 ἐγκαλεῖν,
1141 4290 1292 4343 οὐδὲν
1325 4289 1430 4360 πρὸ
1458 4287 1580 4340 τού-

35 4395 105 4430 του
144 4378 472 4450 διώρθωσεν.
520 4378 639 4430 Ὅτι
684 4377 780 4446 μέν
814 4375 922 4446 γὰρ
974 4374 1297 4444 ἐπόρνευονζ
1349 4373 1580 4426 ἄκουσον

35 4464 69 4514 :i
113 4481 270 4535 φησιν
293 4482 305 4495 ·
337 4465 524 4529 ’Ὁλως
561 4461 838 4516 ἀκούεται
870 4461 939 4512 ἐνν-
970 4457 1114 4528 ὺμῖν
1143 4457 1408 4525 πορνεία.
1460 4459 1577 4510 Ὅτι

35 4545 72 4597 Ξέ
114 4548 202 4601 καὶ
253 4547 630 4617 πεφυσίωνται
679 4545 772 4596 καὶ⁵
831 4542 1306 4616 μέγανέφρόνουν·
1364 4541 1459 4607 Ὠς
1491 4541 1576 4608 μὴ

35 4631 332 4700 ἐρχομένου
357 4630 424 4684 δέ
443 4648 563 4699 μου
593 4628 742 4698 πρὸς
773 4625 929 4695 ὑμᾶς
951 4623 1376 4695 ἐφυσιώθησάν
1397 4642 1575 4690 τινες.

36 4713 132 4766 Ὀτι
169 4715 223 4768 δέ
266 4716 363 4769 καὶ
398 4713 504 4778 ἔξω
553 4713 715 4767 πάλιν
762 4709 1102 4775 ἐδικάζοντο³
1157 4707 1350 4778 Τολμᾷ
1392 4725 1477 4774 τις
1511 4709 1578 4771 ἐξ

35 4797 190 4864 ὑμῶν,
221 4797 462 4868 πρᾶγμα
489 4797 647 4867 ἔχων
688 4793 839 4863 πρὸς
885 4794 991 4847 τὸν
1014 4792 1239 4861 ἕτερον,
1273 4792 1579 4860 κρίνεσθαι

35 4879 111 4932 ἐπὶ
141 4881 256 4935 τῶν
301 4882 610 4945 ἀπίστων;
644 4881 766 4932 Ὅτι
792 4878 848 4930 δέ
883 4878 977 4931 καὶ
1010 4875 1332 4929 εἰδωλόθυτα
1359 4874 1543 4946 ήσθιον
1562 4891 1576 4906 ·

35 4965 100 5017 Οὐ
133 4965 392 5020 δύνασθε
431 4961 724 5033 τραπέζης
758 4962 984 5028 Κυρίου
1007 4959 1283 5029 μετέχειν
1316 4960 1410 5012 καὶ
1442 4976 1578 5027 τρα-

35 5045 179 5115 πέζης
218 5047 562 5116 δαιμονίων.
597 5044 702 5098 Καὶ
745 5045 875 5114 περὶ
909 5039 1061 5114 [608]
1099 5041 1194 5094 τοῦ
1226 5040 1300 5112 μὴ
1334 5057 1577 5093 κατακα-
1622 5049 1624 5051 ’

35 5128 301 5185 λύπτεσθαι
336 5131 394 5184 δὲ
438 5129 537 5192 τὰς
575 5131 864 5198 γυναῖκας,
909 5124 1044 5180 ἀλλά
1075 5125 1201 5188 τοὺς
1244 5124 1443 5195 ἄνδρας
1483 5125 1578 5177 ἀπ’

35 5215 272 5280 ἐναντίας,
307 5215 536 5268 ἄκουσον
569 5213 683 5276 πῶς
719 5213 901 5274 αὑτοῖς
945 5211 1173 5281 ἐπιτιμᾷ
1213 5209 1422 5278 λέγων’
1453 5207 1593 5292 Πᾶς,

35 5297 164 5367 ἀνὴρ
197 5299 684 5368 προσευχόμενος
713 5296 750 5365 ἢ
787 5295 1182 5364 προφητεύων
1214 5295 1366 5347 κατὰ
1399 5309 1580 5362 acesca-

35 5381 130 5446 λῆς
178 5385 364 5452 ἔχων,
419 5382 811 5448 καταισχύνει
868 5379 983 5446 τὴν
1033 5375 1310 5446 κεφαλὴν
1360 5376 1576 5431 αὐτοῦ’

35 5460 176 5516 πᾶσα
200 5465 266 5519 δὲ
303 5463 462 5534 γυνὴ
509 5462 989 5531 προσευχομένη,
1028 5460 1067 5528 ἢ
1117 5460 1578 5528 προφητεύουσα

35 5546 482 5615 ἀκατακαλύπτῳ
534 5546 610 5616 τῇ
646 5545 904 5616 κεφαλῇ,
934 5545 1320 5614 καταισχύνει
1342 5544 1457 5612 τὴν
1489 5562 1582 5598 κε-

35 5630 215 5697 φαλὴν
252 5631 465 5699 αὐτῆς.
512 5633 621 5684 Καὶ
649 5631 729 5683 ὅτι
773 5629 882 5682 τῶν
931 5631 1179 5698 πενήτων
1216 5627 1578 5698 ὑπερεώρων,

36 5713 112 5764 καὶ
151 5715 300 5769 τοῦτο
333 5715 602 5786 ἐδήλωσεν
645 5713 848 5767 εἰπών·
889 5715 992 5779 Ὃς
1025 5713 1142 5781 μὲν
1174 5710 1371 5778 πεινᾷ,
1411 5712 1478 5777 ὃς
1516 5711 1584 5765 δὲ

36 5799 242 5859 mm-
275 5801 367 5855 καὶ
407 5799 592 5865 πάλιν,
641 5800 716 5853 “II
751 5798 860 5865 τῆς
895 5798 1264 5866 Ἐκκλησίας
1293 5796 1396 5854 τοῦ
1435 5796 1580 5852 Θεοῦ

740 343 806 400 ΙΝ
844 343 974 400 EOS
1010 342 1129 412 QUI
1169 342 1442 402 PASCHA
1485 341 1854 401 JEJIYNANT.
1897 348 2267 408 ADVERSL'S
2302 350 2448 410 JUD.
2492 353 2577 410 l".

3159 368 3264 423 864

1704 480 1918 534 καταρι
1938 466 2150 526 ονεῖτε.
2205 470 2302 522 καὶ
2350 472 2786 542 καταισχύνετε
2818 469 2960 538 τοὺς
2979 471 3066 542 μὴ
3096 473 3260 542 ἕχον-

1701 561 1844 628 τας;
1881 547 2096 620 Ἐπειδὴ
2134 551 2204 628 δέ
2227 554 2320 607 καὶ
2359 557 2469 618 τοῖς
2515 556 2724 625 μείζοσι
2764 555 2873 608 τῶν
2916 558 3262 628 χαρισμάτων

1701 627 1937 694 ἅπαντες
1969 633 2064 685 ἐπε
2074 624 2277 705 πήδών,
2299 637 2473 691 καὶτὸ
2501 624 2716 692 ἔλαττον
2731 638 2902 703 οὐδεὶς
2918 624 3263 710 κατεδέχετο,

1699 713 1831 782 φησί
1857 730 1868 743 ·
1907 715 2004 782 Μὴ
2032 717 2253 784 πάντες·
2281 721 2615 776 ἀπόστολοι
2639 739 2657 786 ;
2681 721 2766 791 μὴ
2787 722 3009 790 πάντες
3035 721 3262 794 προφῆ-

1697 810 1792 847 ται
1815 812 1834 859 ;
1868 796 1990 850 Ὀτι
2021 799 2078 852 δὲ
2107 802 2201 854 καὶ
2231 803 2357 874 περὶ
2382 805 2481 874 τῆς
2511 805 2862 868 ἀναστάσεως
2892 807 3259 877 ἀμφέϐαλλον,

1708 877 1859 934 Ἀλλ’
1895 881 2020 947 ἐρεῖ
2042 900 2152 949 τις,
2195 887 2348 956 φησὶ,
2392 887 2528 956 Πῶς
2556 889 2882 958 ἐγείρονται
2924 897 2977 946 οί
3021 892 3220 960 νεκροί
3239 908 3259 955 ;

1694 963 1843 1044 ποίῳ
1888 962 1956 1016 δὲ
1999 965 2222 1036 σώματι
2264 969 2578 1039 ἕρχονται;
2642 973 2780 1026 Ἀλλ’
2828 975 2976 1044 ὅμως
3025 973 3260 1027 τοσαῦτα

1693 1039 1830 1128 ἔχων
1860 1047 2174 1114 ἐγκαλέσαι,
2205 1052 2357 1106 οὐδὲν
2377 1053 2484 1124 πρὸ
2513 1055 2719 1108 ἐκείνου
2757 1039 2892 1128 πρὸς
2916 1056 3110 1118 αὑτοὺς
3139 1052 3260 1110 εἷπε

1691 1126 1791 1196 τῆς
1837 1128 2172 1198 διαστάσεως
2221 1138 2314 1189 καὶ
2361 1137 2460 1208 τῆς
2495 1126 2860 1208 φιλονεικίαις⁸
2894 1138 3008 1192 ἀλλ’
3057 1138 3261 1203 εὐθέως

1691 1208 1992 1281 ἀρχόμενος
2023 1216 2123 1286 τῆς
2175 1219 2500 1290 ἐπιστολῆς,
2535 1220 2678 1274 οὑτω
2725 1221 2842 1285 πώς
2873 1239 3026 1292 φησι.
3062 1225 3260 1291 Παρα-

1690 1292 1858 1347 καλῶ
1885 1295 1954 1349 δὲ
2001 1296 2176 1366 ὑμᾶς,
2215 1301 2488 1371 ἀδελφοί,
2525 1303 2624 1358 διὰ
2672 1305 2779 1358 τοῦ
2824 1305 3113 1374 ὀνόματος
3148 1303 3259 1358 τοῦ

1690 1379 1912 1446 Κυρίου
1938 1380 2116 1468 ’ἡμῶν
2166 1385 2369 1468 Ἰησοῦ
2402 1388 2681 1468 ξίριστοῆ,
2730 1389 2829 1442 ἵνα
2861 1388 2926 1441 τὸ
2965 1391 3109 1442 αὐτὸ
3155 1387 3258 1441 λέ-

1689 1477 1831 1529 γητε
1868 1463 2112 1531 πάντες,
2149 1466 2353 1536 καὶμὴ
2386 1463 2425 1539 ᾖ
2456 1470 2528 1522 ἑν
2553 1463 2695 1540 ὑμῖν
2726 1473 3051 1541 σχίσματα.
3103 1471 3256 1541 ᾜδει

1688 1542 1817 1614 γὰρ.
1849 1546 1966 1617 ᾔδει
2002 1548 2210 1618 σαφῶς,
2246 1551 2327 1604 ὅτι
2352 1550 2512 1606 τοῦτο
2543 1554 2804 1625 πρότερον
2831 1550 2898 1624 ἦν
2923 1554 2984 1606 τὸ
3014 1555 3258 1606 κατεπεῖ-

1687 1642 1802 1694 γον.
1864 1629 1920 1684 Ὀ
1957 1632 2237 1703 πορνεύων
2277 1634 2343 1688 ἂν
2400 1637 2641 1706 συνεχῶς
2683 1640 2762 1700 εἰς
2815 1638 2914 1708 τὴν
2963 1635 3260 1706 ἐκκλησίαν

1687 1710 1860 1783 είσίῃ,
1893 1714 2042 1768 καὶὸ
2084 1717 2320 1782 ἀλαζὼν,
2363 1720 2457 1772 καὶ
2493 1721 2521 1772 6
2565 1720 2742 1773 ὁτιοῦν
2775 1720 2914 1790 ἔχων
2948 1720 3252 1790 ἐλάττωμα,

1684 1796 1896 1864 ταχέως
1941 1799 2074 1852 αὑτὸ
2121 1801 2377 1871 συνεχοῦς
2429 1804 2717 1858 ἀπολαύων
2752 1804 3100 1867 διδασκαλίας
3145 1804 3251 1856 ἀπ-

1685 1878 1976 1950 ωθήσεται,
2010 1883 2103 1936 καὶ
2141 1885 2277 1954 πρὸς
2305 1885 2402 1956 τὴν
2437 1886 2646 1954 ὑγίειαν
2692 1887 2948 1959 ἐπανήξει
2969 1904 2982 1918 ⁸
3015 1889 3043 1939 6
3072 1887 3253 1958 μέντοι

1685 1961 1782 2031 τῆς
1817 1965 2036 2019 συνόδου
2061 1967 2264 2037 ταύτης
2298 1969 2486 2021 ἐαυτὸν
2520 1971 2857 2042 ἀπορρήξας,
2889 1972 2983 2024 καί⁸
3009 1971 3108 2042 τῆς
3143 1971 3254 2023 τῶν

1687 2045 1938 2116 πατέρων
1983 2047 2332 2112 διδασκαλίας
2387 2051 2767 2122 ὑπεξαγαγὼν,
2812 2055 2905 2107 καὶ
2934 2054 2996 2106 τὸ
3025 2055 3254 2124 ἰατρεῖον

1685 2129 1895 2198 φυγὼν,
1947 2132 2051 2184 κᾶν
2086 2133 2352 2202 ὑγιαίνειν
2385 2135 2539 2206 δοκῇ,
2574 2136 2783 2206 ταχέως
2821 2139 2903 2201 είς
2944 2137 3255 2204 ἀρρωστίαν

1685 2213 1948 2269 πεσεῖται.
1981 2215 2092 2269 Καὶ
2132 2215 2384 2292 καθάπερ
2426 2220 2606 2290 ίατρὸς
2646 2220 2868 2292 ἀριστος
2903 2221 2994 2274 τὸν
3021 2222 3256 2292 πυρετὸν

1685 2299 1901 2368 πρῶτον
1947 2300 2166 2366 σϐέσας,
2200 2302 2322 2354 τότε
2365 2303 2434 2355 τὰ
2471 2303 2602 2376 ἕλκη
2644 2306 2739 2359 καὶ
2775 2305 2845 2359 τὰ
2878 2307 3134 2378 ῥήγματα
3176 2305 3254 2358 δι·

1683 2382 1969 2452 ορθοῦται·
1996 2385 2139 2439 οὕτω
2177 2388 2270 2439 καὶ⁵
2309 2386 2521 2450 Παῦλος
2551 2389 2796 2456 ἐποίησε,
2842 2391 3106 2462 πρότερον
3154 2391 3256 2461 τὴν

1681 2465 1961 2521 διάστασιν
2002 2467 2227 2534 ἀνελὼν,
2270 2471 2392 2522 τότε
2429 2470 2498 2523 τὰ
2528 2470 2651 2526 καθ’
2686 2472 2913 2526 ἕκαστον
2949 2474 3107 2544 μέλος
3133 2473 3256 2526 ἐθε-

1685 2549 1924 2619 ράπευσε
1963 2550 2273 2622 τραύματα.
2308 2553 2407 2605 Διά
2437 2553 2595 2606 τοῦτο
2620 2557 2712 2607 καὶ
2745 2556 2886 2627 ὑπὲρ
2921 2556 3112 2610 τούτου
3140 2558 3257 2612 δια-

1681 2631 1896 2702 λέγεται
1919 2635 2025 2706 πρὸ
2056 2637 2280 2698 τούτων,
2316 2638 2452 2708 μηδὲ
2476 2639 2787 2703 στασιάζειν
2815 2641 2951 2709 πρὸς
2967 2641 3251 2714 ἀλλήλους,

1681 2718 1818 2788 μηδέ
1846 2720 2079 2784 οἰκείους
2100 2722 2367 2792 ἄρχοντας
2385 2723 2807 2794 ἐπιγράφεσθαι,
2829 2725 2962 2795 μηδέ
2987 2728 3065 2789 είς
3086 2726 3255 2781 πολλά

1681 2806 2006 2874 κατατεμεῖν
2043 2805 2181 2876 μέρη
2234 2806 2470 2877 Χριστοῦ
2508 2807 2568 2859 τὸ
2613 2807 2792 2878 σῶμα.
2839 2808 3023 2863 Ταῦτα
3049 2809 3106 2862 δὲ
3153 2809 3253 2862 οὑκ

1681 2885 1908 2950 ἐκείνοις
1941 2886 2090 2956 ἐλεγε
2126 2889 2308 2960 μόνον,
2344 2890 2478 2942 ἀλλά
2518 2893 2611 2944 καὶ
2636 2891 2846 2955 τούτοις
2873 2893 2987 2963 μετ’
3013 2893 3253 2956 ἐκείνους

1679 2969 1749 3021 τὰ
1781 2971 1920 3024 αύτά
1949 2971 2192 3024 νοσοῦσιν
2216 2973 2471 3036 ἐκείνοις·
2506 2974 2600 3038 οὓς
2629 2975 2797 3046 ἡδέως
2823 2976 2996 3044 ἔγωγε
3016 2975 3081 3029 ἂν
3107 2977 3253 3048 ἐροί-

1685 3071 1813 3124 μην,
1851 3055 1902 3107 τί
1937 3057 2067 3109 ποτέ
2108 3059 2225 3110 ἐστι
2259 3060 2466 3129 πάσχα,
2508 3059 2560 3112 τί
2592 3060 2721 3112 ποτέ
2756 3063 2874 3114 ἐστι
2920 3077 3246 3131 τεσσαρακο-

1681 3139 1780 3208 στή
1811 3147 1857 3168 ⁸·
1894 3140 1988 3192 καί
2015 3141 2067 3192 τί
2098 3141 2195 3211 μὲν
2227 3141 2286 3194 τὸ
2328 3143 2639 3204 Ἰουδαϊκὸν,
2671 3143 2722 3194 τί
2759 3142 2817 3195 δὲ
2849 3143 2909 3195 τὸ
2952 3145 3249 3216 ἡμέτερονο

1680 3223 1774 3274 καὶ
1811 3222 1955 3286 τίνος
1984 3223 2170 3277 ἕνεκεν
2201 3225 2378 3278 ἐκεῖνο
2410 3226 2508 3296 μὲν
2534 3222 2682 3290 ἅπαξ
2713 3226 2807 3280 τοῦ
2841 3228 3084 3281 ἐνιαυτοῦ
3115 3247 3251 3282 παν-

1677 3306 1768 3370 τὸς
1804 3308 2038 3375 ἐγένετο,
2067 3308 2225 3362 τοῦτο
2243 3310 2299 3363 δὲ
2322 3310 2446 3364 καθ’
2476 3313 2712 3383 ἑκάστην
2741 3313 2976 3366 τελεῖται
2998 3314 3212 3380 σύναξιν
3232 3331 3250 3348 ο

1676 3392 1730 3443 τί
1755 3391 2000 3461 βούλεται
2030 3392 2096 3446 τὰ
2123 3393 2334 3464 ἄζυμα·
2373 3397 2468 3447 καὶ
2491 3394 2654 3466 ἐτερα
2683 3396 2861 3465 πολλῷ
2889 3397 3111 3450 πλείονα
3132 3398 3253 3452 τού-

1678 3491 1788 3527 των
1807 3476 1887 3536 είς
1907 3475 2077 3547 αὑτὴν
2106 3477 2310 3548 ταύτην
2331 3477 2689 3531 συντελοῦντα
2718 3479 2814 3548 τὴν
2841 3479 3114 3532 ὑπόθεσιν.
3142 3483 3253 3536 Καὶ

1678 3559 1799 3612 τότε
1832 3558 1898 3612 ἂν
1933 3559 2136 3628 ἔγνωτε
2190 3561 2370 3625 καλῶς
2418 3561 2597 3614 αὑτῶν
2635 3563 2735 3632 τὴν
2761 3564 2988 3635 ἄκαιρον
3018 3565 3252 3634 φιλονει-

1680 3643 1824 3708 κίαν,
1853 3643 1900 3696 οἳ
1939 3643 2073 3714 μηδέ
2095 3643 2253 3711 λόγον
2293 3645 2422 3712 περὶ
2460 3639 2535 3698 ὧν
2561 3645 2805 3698 ποιοῦσιν
2843 3647 3134 3701 ἀποδοῦναι
3163 3649 3253 3702 δυ-

1679 3728 1921 3797 νάμενοι,
1965 3727 2216 3798 καθάπερ
2243 3729 2269 3767 5
2301 3729 2554 3782 ἁπάντων
2585 3730 2737 3792 ὄντες
2769 3729 3086 3803 σοφώτεροι,
3126 3731 3250 3786 οὔτε

1681 3811 1812 3881 παρ’
1843 3810 2044 3882 ἐτέρων
2092 3812 2474 3881 μανθάνουσιν.
2507 3815 2645 3884 ὅπερ
2671 3815 2907 3885 ἐσχάτης
2938 3816 3054 3869 ἐστὶ
3085 3835 3251 3872 κατα-

1679 3893 1934 3962 γνώσεως
1969 3896 2105 3964 μήτε
2133 3895 2330 3959 αὐτοὺς
2353 3897 2572 3958 εἰδέναι,
2603 3900 2738 3968 μήτε
2760 3901 2871 3960 τοῖς
2897 3899 3253 3971 ἐπιτεταγμέ-

1681 3993 1792 4040 νοις
1822 3976 2071 4043 ἕπεσθαι,
2121 3979 2233 4032 ἀλλ’
2273 3980 2457 4044 ἁπλῶς
2507 3981 2683 4052 ἀλόγῳ
2724 3981 2982 4054 συνηθείᾳ
3011 3985 3080 4036 τὰ
3127 3984 3250 4037 καθ’

1682 4060 1904 4123 ἑαυτοὺς
1930 4061 2341 4133 ἐπιτρέψαντες,
2370 4064 2510 4118 κατά
2545 4064 2832 4137 βαράθρων
2860 4066 3114 4136 φέρονται
3155 4067 3253 4122 καὶ

1681 4161 1962 4217 κρημνων.

1750 4321 1818 4383 γ’.
1851 4313 2004 4368 Ἀλλά
2021 4313 2102 4379 τίς
2119 4316 2146 4366 6
2162 4314 2323 4383 σοφὸς
2347 4316 2527 4370 αὑτῶν
2542 4317 2717 4386 λόγος,
2733 4318 2859 4372 ὅταν
2877 4319 3048 4374 ταῦτα
3071 4322 3255 4389 αὐτοῖς

1680 4398 2082 4468 ἀντιλέγωμεν;
2129 4399 2336 4468 Ὑμεῖς,
2372 4402 2558 4473 φησὶν,
2590 4403 2651 4454 ού
2699 4403 2904 4475 ταύτην
2934 4407 3252 4476 ἐνηστεύετε

1679 4482 1776 4553 τὴν
1811 4481 2065 4553 νηστείαν
2113 4482 2410 4554 πρότερον;
2463 4485 2633 4537 Τοῦτο
2665 4487 2726 4539 οὑ
2773 4487 2864 4540 σόν
2904 4489 3050 4541 ἐστιν
3079 4492 3254 4544 εἰπεῖν

1679 4566 1816 4635 πρός
1847 4582 1938 4635 με,
1969 4564 2080 4617 ἀλλ’
2117 4566 2215 4634 ἐμὲ
2241 4566 2448 4618 δίκαιον
2478 4567 2543 4620 ἂν
2570 4571 2654 4640 εἴη
2690 4571 2825 4640 πρὸς
2858 4573 2916 4623 σὲ
2950 4572 3145 4640 λέγειν,
3172 4576 3253 4630 ὅτι

1680 4652 1772 4703 καὶ
1813 4650 1972 4719 ἡμεῖς
2009 4648 2181 4710 οὕτως
2229 4649 2588 4720 ἐνηστεύομεν
2628 4653 2914 4724 πρότερον,
2962 4657 3075 4709 ἀλλ’
3107 4657 3255 4727 ὅμως

1681 4733 2127 4803 προετιμήσαμεν
2145 4731 2242 4802 τὴν
2268 4735 2584 4802 συμφωνίαν
2602 4736 2700 4804 τῆς
2721 4736 2828 4788 τῶν
2856 4737 3062 4808 χρόνων
3081 4757 3256 4811 παρα-

1679 4815 1980 4886 τηρήσεως.
2022 4815 2131 4867 Kal
2157 4816 2294 4886 ὅπερ
2318 4818 2346 4868 6
2378 4815 2590 4880 Παῦλος
2635 4819 2770 4890 πρὸς
2818 4821 3060 4884 Γαλάτας
3102 4820 3252 4895 [609]

1679 4898 1852 4967 ἔλεγε,
1881 4898 2039 4951 τοῦτο
2079 4899 2172 4952 καὶ
2214 4899 2325 4968 ἐγὼ
2353 4899 2480 4970 ὑμῖν
2510 4901 2652 4969 λέγω
2670 4919 2684 4932 ·
2720 4904 2976 4957 Γίνεσθε
3005 4907 3085 4970 ὼς
3115 4907 3252 4974 ἐγὼ,

1678 4982 1767 5035 ὅτι
1805 4982 1966 5051 κάγὼ
2001 4983 2082 5049 ὡς
2115 4983 2304 5052 ὑμεῖς.
2348 4984 2412 5036 Τί
2459 4983 2514 5036 δὲ
2561 4985 2714 5038 τοῦτό
2764 4987 2944 5040 ἐστινε
3000 4989 3254 5043 Ἔπειθεν

1678 5067 1873 5130 αὑτοὺς
1905 5067 2207 5138 ἀποστῆναι
2239 5068 2560 5138 περιτομῆς,
2595 5071 3004 5143 καταφρονῆσαί
3042 5071 3255 5125 Σαϐϐά-

1677 5167 1786 5203 των
1816 5149 1908 5204 καὶ
1933 5151 2156 5222 ήμερῶν
2186 5152 2281 5204 καὶ
2313 5150 2424 5203 τῶν
2459 5151 2632 5203 ἀλλων
2675 5151 2784 5204 τῶν
2813 5154 3060 5223 νομίμων
3085 5155 3256 5208 ἀπάν-

1678 5251 1804 5286 των.
1842 5230 1994 5297 Εἷτα,
2018 5233 2205 5301 ἐπειδὴ
2231 5234 2536 5297 δεδοικότας
2570 5234 2718 5307 ἐώρα
2747 5237 2841 5289 καὶ
2867 5236 3251 5308 φοϐουμένους,

1682 5319 1891 5388 μήποτε
1936 5317 2297 5388 παραϐάσεως
2327 5317 2547 5370 κόλασιν
2586 5319 2918 5389 ὑπομείνωσι
2951 5322 3044 5374 καὶ
3081 5339 3256 5393 τιμω-

1681 5403 1825 5472 ρίαν,
1862 5403 1969 5455 ἀπὸ
1993 5402 2100 5454 τῶν
2127 5401 2249 5454 καθ’
2273 5402 2461 5455 ἐαυτὸν
2489 5404 2826 5473 πραγμάτων
2850 5407 2928 5468 εἰς
2951 5406 3012 5458 τὸ
3033 5406 3258 5478 θαρρεῖν

1679 5488 1874 5551 αὐτοὺς
1904 5487 2106 5554 ἐνάγει,
2152 5485 2324 5553 λέγων
2347 5502 2359 5514 ·
2394 5487 2650 5540 Γίνεσθε
2685 5487 2764 5552 ὠς
2797 5486 2932 5557 ἐγὼ,
2965 5489 3054 5543 ὅτι
3095 5489 3258 5558 κάγὼ

1679 5571 1760 5634 ὠς
1786 5569 1974 5639 ὑμεῖς.
2024 5570 2116 5641 Μὴ
2158 5568 2267 5639 γὰρ
2299 5568 2355 5636 ἐξ
2405 5568 2572 5622 ἐθνῶν
2599 5565 2795 5640 ἦλθον;
2843 5573 3006 5643 φησί⁹
3053 5570 3127 5642 μὴ
3157 5577 3264 5642 γὰρ

1746 5745 1773 5774 ⁸
1806 5743 1977 5792 Morel.
2000 5745 2324 5801 πεντηκοστή;
2350 5743 2500 5794 Savil.
2527 5745 2706 5794 melius
2725 5747 3106 5804 τεσσαρακοστή.

1747 5806 1775 5846 δ
1799 5806 1876 5856 Sic
1904 5815 2038 5855 recte
2065 5805 2174 5855 Sav.
2207 5805 2368 5855 Moulf.
2393 5807 2576 5869 καίπερ.
2610 5808 2740 5858 Enn.
