3920 6254
541 365 643 421 865

544 482 766 550 ἄπειρος
793 478 940 548 ἤμην
969 475 1069 546 τῆς
1105 475 1334 546 νομικῆς
1373 473 1665 536 πολιτείας,
1699 471 1910 540 καὶτῆς
1941 487 2113 538 τιμω-

549 565 667 634 ρίας
711 561 812 629 τῆς
857 560 1114 630 κειμένης
1170 561 1280 622 τοῖς
1329 556 1726 628 παραϐαίνουσι
1771 555 1862 607 τὸν
1917 553 2114 622 νόμον;

558 643 821 713 Ἐϐραῖος
869 642 936 706 ἐξ
991 637 1289 709 Ἑϐραίων,
1343 638 1493 692 κατὰ
1533 640 1718 706 νόμον
1775 636 2114 704 φαρισαῖος,

546 728 694 781 κατὰ
742 725 925 792 ζῆλον
953 723 1181 777 διώκων
1223 724 1338 790 τὴν
1385 721 1764 787 Ἐκκλησίαν.
1813 719 1990 773 Ἀλλὰ
2023 717 2117 770 καί

546 812 717 865 ᾶτινα
753 805 832 877 ἦν
863 827 963 876 μοι
997 807 1195 876 κέρδη,
1228 807 1414 860 ταῦτα
1449 805 1669 873 ἥγημαι
1711 803 1807 856 διὰ
1846 802 1951 855 τὸν
1984 803 2119 869 Χρι-

547 892 697 947 στὸν
734 892 977 960 ζημίαν·
1006 891 1300 954 τουτέστιν,
1345 890 1610 959 Ἀπέστην
1635 886 1815 942 αὐτῶν
1844 883 2117 948 καθάπαξ.

549 976 764 1029 Γίνεσθε
827 972 920 1030 οὖν
969 975 1044 1038 ὡς
1096 972 1287 1043 κάγώ·
1344 974 1438 1026 καὶ
1483 972 1593 1044 γὰρ
1637 970 1794 1040 κάγὼ
1839 969 1915 1034 ὡς
1965 970 2120 1040 ὑμεῖς

549 1062 715 1131 ήμην.

623 1189 732 1242 Καὶ
761 1189 812 1241 τί
843 1187 986 1257 λέγω
1034 1186 1160 1259 1:591
1205 1183 1477 1256 ἐμαυτοῦ;
1525 1183 1825 1254 τριακόσιοι
1865 1181 2120 1250 πατέρες,

551 1273 584 1344 ἢ
620 1276 713 1326 καὶ
760 1272 998 1335 πλείους,
1043 1273 1121 1333 είς
1152 1269 1252 1340 τὴν
1285 1267 1524 1322 Βιθυνῶν
1561 1267 1744 1338 χώραν
1780 1265 2122 1328 συνελθόντες

551 1355 720 1410 ταῦτα
742 1356 1132 1427 ἐνομοθέτησαν
1149 1370 1161 1383 ’
1189 1353 1282 1406 καὶ
1315 1353 1518 1414 πάντας
1537 1349 1822 1420 ἀτιμάζεις
1848 1350 2120 1414 ἐκείνους;

553 1441 708 1492 Δυοῖν
733 1439 840 1509 7&9
879 1439 1124 1507 θάτερον,
1154 1437 1186 1505 ἦ
1220 1437 1403 1490 ἄνοιαν
1430 1433 1609 1487 αὐτῶν
1643 1434 1717 1498 ὡς
1741 1433 1852 1506 ,οὑκ
1882 1431 2124 1504 ἀκριϐῶς

554 1522 771 1574 εἰδότων
805 1519 1254 1589 καταγινώσκεις,
1304 1519 1337 1590 ἢ
1382 1517 1604 1582 δειλίαν,
1626 1516 1701 1580 ὡς
1749 1517 1973 1570 εἰδότων
2007 1515 2124 1584 μὲν,

555 1606 998 1678 ὑποκριναμένων
1063 1604 1132 1670 δὲ,
1171 1603 1265 1656 καὶ
1323 1602 1626 1672 προδόντων
1681 1600 1778 1671 τὴν
1845 1599 2126 1670 ἁλῄθειαν.

555 1689 724 1743 Ὀταν
769 1687 875 1760 γάρ
917 1689 990 1758 μὴ
1038 1687 1203 1758 μένῃς
1238 1685 1321 1754 ἐφ’
1366 1680 1447 1748 οἷς
1480 1684 1877 1755 ἐνομοθέτησαν
1907 1684 2124 1742 ἐκεῖνοι.

553 1771 725 1825 ταῦτα
759 1773 950 1824 ἕπεται
973 1771 1208 1831 πάντως.
1242 1770 1360 1820 Ὅτι
1403 1768 1460 1820 δέ
1489 1769 1586 1822 καὶ
1607 1768 1798 1836 σοφίαν
1817 1765 2013 1836 πολλὴν
2035 1764 2131 1819 καὶ

555 1855 713 1924 ἄνδρε
723 1855 806 1906 ίαν
821 1853 1159 1918 ἐπεδείξαντο
1180 1852 1322 1916 τότε,
1339 1851 1405 1904 τὰ
1419 1850 1759 1921 γεγενημένα
1791 1849 2008 1904 ἅπαντα
2037 1847 2101 1918 δη
2113 1875 2132 1886 -

554 1937 656 1991 λοῖ.
686 1938 796 2010 Τὴν
834 1939 931 2007 μὲν
965 1937 1073 2006 7&9
1090 1935 1280 2004 σοφίαν
1299 1935 1479 1988 αὐτῶν
1505 1935 1818 2004 δείκνυσινη
1839 1933 1960 1986 τότε
1980 1934 2133 1986 ἐκτε-

557 2021 709 2074 θεῖσα
736 2021 940 2083 πίστις,
976 2021 1067 2072 καὶ
1092 2020 1160 2072 τὰ
1185 2019 1292 2070 τῶν
1326 2016 1616 2088 αίρετικῶν
1645 2014 1974 2087 ἐμφράξασα
2013 2015 2133 2069 στό-

560 2122 725 2176 ματα,
760 2106 852 2158 καὶ
897 2104 1147 2174 καθάπερ
1187 2106 1364 2173 τεῖχος
1401 2103 1641 2175 ἀρραγές
1689 2100 1786 2163 τὰς
1842 2099 2134 2163 ἐπιϐουλὰς

556 2187 734 2242 αὐτῶν
783 2187 1241 2258 ἀποκρουσαμένη
1297 2187 1509 2252 πάσας·
1563 2186 1662 2257 τὴν
1704 2186 1761 2240 δέ
1807 2185 2059 2256 ἀνδρείαν
2105 2186 2134 2238 6

557 2272 884 2342 προσφάτως
916 2270 1262 2342 παυσάμενος
1289 2271 1546 2344 διωγμὸς,
1575 2273 1670 2326 καὶ
1697 2273 1726 2324 ὁ
1757 2270 1866 2324 τῶν
1911 2269 2137 2340 Ἐκκλη-

560 2353 691 2407 σιῶν
727 2353 984 2424 πόλεμος.

628 2464 896 2536 Καθάπερ
959 2463 1068 2534 γάρ
1117 2465 1360 2535 ἀριστεῖς
1408 2481 1556 2527 τινες
1615 2464 1785 2534 μυρία
1837 2464 2136 2535 στήσαντες

558 2547 817 2618 τρόπαια,
849 2548 943 2600 καὶ
973 2547 1142 2600 πολλά
1171 2548 1453 2618 δεξάμενοι
1485 2547 1796 2619 τραύματα,
1827 2546 1970 2600 οὕτω
2003 2564 2137 2599 παν-

557 2631 787 2702 ταχόθεν
831 2631 1140 2702 ἐπανῄεσαν
1189 2631 1310 2683 τότε
1353 2630 1461 2684 τῶν
1529 2630 1865 2702 Ἐκκλησιῶν
1909 2632 1959 2683 οἱ
2010 2647 2139 2699 προ-

559 2715 749 2768 στάται
784 2715 850 2768 τά
880 2715 1153 2785 στίγματα
1201 2713 1297 2766 τοῦ
1346 2713 1580 2785 Χριστοῦ
1633 2714 2014 2784 βαστάζοντες,
2046 2715 2137 2766 καὶ

560 2797 760 2862 πολλὰς
799 2798 1012 2868 ἔχοντες
1050 2797 1301 2868 ἀριθμεῖν
1333 2797 1624 2867 τιμωρίας,
1654 2797 1719 2860 ἃς
1751 2797 1840 2850 διὰ
1882 2798 1981 2868 τὴν
2008 2799 2138 2868 ὁμο-

558 2881 744 2951 λογίαν
775 2882 1094 2952 ὑπέμειναν.
1141 2882 1204 2933 Οί
1237 2881 1333 2950 μέν
1360 2882 1470 2951 γὰρ
1516 2876 1660 2949 εἶχον
1695 2883 1868 2934 εἰπεῖν
1900 2881 2136 2950 μέταλλα

560 2965 655 3018 καὶ
687 2965 785 3036 τὴν
818 2967 874 3017 ἐν
901 2965 1085 3027 αὑτοῖς
1119 2964 1513 3032 ταλαιπωρίαν,
1541 2967 1589 3016 οἱ
1621 2965 1678 3017 δὲ
1702 2965 1996 3035 δημεύσεις
2027 2965 2136 3018 τῶν

559 3048 728 3102 ὄντων
750 3047 1025 3111 ἁπάντων,
1060 3047 1110 3099 οί
1137 3047 1192 3099 δὲ
1213 3047 1424 3117 λιμοὺς,
1456 3049 1506 3100 οί
1536 3045 1592 3100 δέ
1617 3047 1846 3117 πληγὰς,
1859 3051 2101 3117 συνεχεῖς
2118 3066 2134 3083 σ

563 3134 656 3187 καὶ
689 3133 740 3184 οῖ
771 3133 867 3203 μὲν
893 3131 992 3194 τὰς
1024 3130 1264 3200 πλευρὰς
1293 3131 1706 3200 κατεξεσμένας,
1734 3133 1781 3184 οἱ
1814 3131 1870 3184 δέ
1897 3133 1964 3185 τὰ
1993 3132 2136 3186 νῶτα

565 3215 936 3288 συντριϐέντα,
983 3215 1029 3267 οί
1074 3214 1130 3266 δὲ
1172 3217 1296 3277 τοὺς
1328 3214 1636 3283 ὀφθαλμοὺς
1679 3215 2057 3286 ἐξορυγέντας,
2089 3219 2137 3270 οί

561 3299 621 3352 δέ
649 3299 778 3353 ἄλλο
804 3315 858 3350 τι
887 3297 980 3350 τοῦ
1008 3295 1258 3367 σώματος
1293 3297 1456 3368 μέρος
1480 3299 1868 3370 ἀφῃρημένους
1912 3300 2138 3364 ἑαυτοὺς

563 3381 649 3436 διὰ
691 3383 782 3435 τὸν
825 3381 1056 3451 Χριστὸν
1097 3381 1506 3434 ἐπιδείκνυσθαι
1539 3377 1703 3451 εἶχον.
1741 3383 1851 3436 Καὶ
1890 3383 1999 3436 ἀπὸ
2029 3385 2139 3438 τῶν

563 3465 809 3537 ἀθλητῶν
826 3466 1028 3519 τούτων
1049 3467 1080 3536 ἡ
1113 3464 1326 3528 σύνοδος
1353 3465 1537 3519 ἅπασα
1560 3481 1763 3533 συγκεκ
1773 3466 1966 3536 ρότητο
1993 3468 2134 3532 τότε,

565 3551 659 3603 καὶ⁸
693 3549 830 3620 μετά
857 3550 954 3616 τῆς
986 3548 1221 3612 πίστεως
1254 3549 1346 3601 καὶ
1377 3547 1534 3601 τοῦτο
1559 3547 1974 3619 ἐνομοθέτησαν,
1998 3551 2137 3602 ὥστε

564 3637 716 3704 κοινῇ
767 3634 862 3686 καὶ
907 3632 1212 3703 συμφώνως
1245 3634 1347 3704 τὴν
1378 3632 1569 3704 ἐορτὴν
1601 3632 1804 3704 ταύτην
1847 3633 2134 3687 ἐπιτελεῖν.

563 3720 626 3771 Oi
655 3719 832 3771 τοίνυν
867 3717 966 3788 τὴν
996 3717 1181 3770 πίστιν
1215 3719 1288 3788 μὴ
1320 3717 1604 3787 προδόντες
1635 3718 1691 3769 ἐν
1720 3716 1862 3770 οὕτω
1893 3717 2138 3788 χαλεπω-

561 3802 742 3864 τάτοις
769 3804 998 3872 καιροῖς,
1033 3796 1175 3856 οὗτοι
1211 3802 1278 3854 δι’
1303 3801 1525 3873 ἡμερῶν
1563 3803 1943 3874 παρατήρησιν
2005 3801 2137 3854 καθ-

564 3885 950 3955 υποκρίνεσθαι
983 3883 1239 3954 ἐμελλονς
1279 3885 1420 3956 Ὅρα
1446 3885 1498 3936 τί
1520 3888 1691 3948 ποιεῖς
1723 3885 2009 3948 τοσούτους
2035 3903 2135 3939 κα-

562 3972 832 4040 τακρίνων
861 3969 1120 4040 πατέρας,
1167 3969 1338 4031 οὕτως
1379 3969 1655 4040 ἀνδρείους
1697 3970 1790 4022 καί⁵
1820 3969 2036 4039 σοφούς.
2075 3971 2136 4023 EE

563 4055 672 4125 γάρ
699 4053 940 4124 τελώνην
969 4054 1302 4125 κατακρίνας
1325 4056 1353 4106 6
1379 4055 1686 4124 Φαρισαῖος,
1719 4055 1896 4108 πάντα
1924 4053 2138 4109 ἀπώλε-

564 4155 656 4190 σεν
684 4138 826 4208 άπερ
851 4133 992 4206 εἶχεν
1031 4137 1228 4205 ἀγαθὰ,
1257 4137 1379 4190 τίνα
1402 4137 1544 4203 ἕξεις
1591 4139 1940 4209 συγγνώμην,
1979 4141 2137 4192 ποίαν

563 4221 622 4274 δέ
648 4219 940 4288 ἀπολογίαν
965 4218 1232 4273 τοσούτων
1257 4219 1779 4292 κατεξανιστάμενος
1805 4222 2136 4276 διδασκάλων

563 4303 672 4356 τῶν
700 4302 778 4373 τῷ
804 4303 922 4374 Θεῷ
951 4302 1141 4371 φίλων,
1176 4303 1268 4354 καὶ
1299 4301 1472 4356 ταῦτα
1497 4303 1697 4366 ἀδίκως
1726 4306 1819 4357 καὶ
1842 4305 1977 4375 μετὰ
2003 4306 2136 4358 πολ-

564 4386 663 4452 λῆς
697 4387 798 4456 τῆς
835 4385 1084 4455 άλογίας;
1123 4385 1236 4438 Οὐκ
1269 4387 1506 4456 ἤκουσας
1551 4385 1714 4439 αὐτοῦ
1763 4387 1858 4440 τοῦ
1900 4388 2136 4462 Χριστοῦ

565 4470 809 4538 λέγοντος
850 4471 948 4536 ὅτι,
985 4471 1175 4522 Ὅπου
1217 4469 1328 4522 δύο
1355 4470 1394 4538 ἣ
1433 4469 1590 4538 τρεῖς
1625 4473 1742 4523 εισι
1769 4472 2138 4542 συνηγμένοι

563 4555 652 4620 είς
695 4554 760 4606 τὸ
806 4552 954 4621 ἐμὸν
999 4552 1204 4622 ὄνομα,
1255 4553 1378 4606 ἐκεῖ
1425 4556 1538 4623 ειμι
1580 4554 1650 4607 ἐν
1691 4555 1858 4624 μέσῳ
1901 4555 2136 4620 αὑτῶν;

565 4637 628 4690 Εἰ
647 4635 704 4689 δὲ
734 4637 865 4688 ὅπου
895 4634 988 4688 δύο
1020 4635 1052 4706 ἢ
1079 4638 1248 4708 τρεῖς,
1295 4637 1455 4706 μέσος
1495 4639 1642 4691 ἐστὶν
1668 4640 1695 4689 6
1721 4639 1972 4710 Χριστὸς,
2003 4641 2136 4694 ὅπου

563 4717 862 4789 τριακόσιοι
893 4719 986 4772 καὶ
1014 4719 1192 4789 πολλῶ
1225 4720 1439 4784 πλείους
1471 4722 1741 4792 παρῆσαν,
1776 4721 1920 4794 [610]
1961 4724 2138 4795 πολλῷ

567 4801 766 4872 μᾶλλον
802 4801 1005 4872 παρῆν,
1032 4803 1124 4855 καὶ
1150 4805 1326 4857 πάντα
1356 4803 1552 4857 ἐτύπου
1581 4806 1674 4858 καὶ
1701 4807 2028 4876 ἐνομοθέτει.
2064 4810 2136 4861 Σὺ

561 4887 619 4942 δὲ
663 4887 724 4940 ού
759 4886 917 4957 μόνον
953 4887 1174 4941 ἐκείνων
1221 4888 1671 4957 καταγινώσκεις,
1720 4890 1854 4943 ἀλλά
1900 4893 1992 4944 καὶ
2039 4893 2138 4962 τῆς

562 4971 885 5043 οίκουμένης
914 4972 1149 5044 ἁπάσης,
1171 4974 1218 5044 -ἥ
1251 4973 1347 5027 καὶ
1369 4975 1467 5044 τὴν
1496 4976 1717 5027 ἐκείνων
1747 4974 1972 5046 γνώμην
2001 4979 2135 5049 ἐπῄ-

562 5071 735 5108 νεσεν.
771 5049 841 5107 Ἢ
867 5057 959 5109 καὶ
999 5057 1110 5110 τῶν
1154 5057 1463 5127 ἁπανταχοῦ
1493 5058 1590 5128 τῆς
1629 5058 1732 5128 γῆς
1772 5060 2020 5128 πατέρων
2051 5078 2137 5112 σο-

565 5141 841 5210 φωτέρους
897 5140 1180 5205 Ἰουδαίους
1215 5137 1353 5195 εἷναι
1392 5141 1653 5211 νομίζεις,
1700 5143 1995 5196 καὶταῦτα
2038 5146 2137 5215 τῆς

565 5223 822 5295 πατρῴας
849 5225 1179 5288 ἐκπεσόντας
1208 5225 1498 5288 πολιτείας,
1529 5226 1622 5278 καὶ
1663 5226 1854 5296 ἐορτὴν
1879 5227 2135 5298 οὐδεμίαν

562 5308 886 5372 τελοῦντας;
922 5311 1044 5362 Ὅτι
1078 5309 1186 5381 γάρ
1218 5311 1318 5363 οὐκ
1352 5309 1497 5362 ἐστιν
1543 5309 1727 5379 ἄζυμα
1762 5311 1890 5381 παρ’
1930 5313 2133 5377 αὐτοῖς,

563 5391 684 5444 ούδέ
728 5392 911 5461 πάσχα
962 5393 1077 5461 (καὶ
1133 5391 1242 5465 γὰρ
1299 5395 1390 5446 καὶ
1435 5393 1592 5446 τοῦτο
1643 5394 1825 5448 ἀκούω
1871 5395 2135 5464 λεγόντων

563 5475 796 5541 πολλῶν,
827 5477 908 5529 ὅτι
943 5478 1078 5547 μετά
1121 5478 1214 5530 τοῦ
1253 5476 1462 5547 άξύμου
1492 5477 1552 5530 τδ
1586 5481 1772 5548 πάσχα
1800 5479 1989 5549 ἐστίν),
2020 5481 2132 5534 ἀλλ’

563 5559 646 5612 ὅτι
676 5559 775 5612 οὐκ
804 5560 916 5613 ἐστι
946 5563 1074 5633 παρ’
1120 5563 1301 5625 αὐτοῖς
1346 5560 1549 5632 ἄζυμα,
1578 5562 1807 5616 ἄκουσον
1850 5563 1946 5616 τοῦ
1974 5583 2132 5635 νομο-

565 5643 720 5695 θέτου
749 5643 1016 5711 λέγοντος,
1054 5647 1135 5699 Οὐ
1162 5645 1502 5710 δυνήσεσθε
1529 5643 1776 5712 ποιῆσαι
1807 5647 1874 5699 τὸ
1918 5647 2134 5717 Πάσχα

559 5725 631 5778 ὲν
671 5723 916 5793 οὐδεμιᾷ
955 5724 1072 5779 τῶν
1107 5726 1342 5781 πόλεών
1379 5744 1518 5792 σου,
1549 5722 1636 5782 ὧν
1664 5730 1878 5797 Κύριος
1925 5735 1957 5784 ό
1988 5735 2133 5798 Θεός

563 5827 680 5865 σου
725 5808 936 5865 δίδωσί
980 5826 1098 5880 σοι,
1137 5811 1274 5865 ἀλλ’
1310 5811 1346 5880 ἣ
1384 5815 1471 5878 εἰς
1503 5812 1608 5867 τὸν
1645 5815 1851 5881 τόπον,
1886 5815 1977 5887 γόν
2009 5818 2133 5891 ⁸ἐιίν

1204 359 1262 415 S.
1301 357 1587 415 JOANNIS
1622 354 2116 412 CIIRYSOSTOMI
2153 354 2468 409 AKCIIIEI’.
2505 355 3052 413 CONSTANTINOP.

3685 359 3778 411 866

2214 469 2507 539 ἐπικληθῇ
2549 472 2615 523 τὸ
2650 473 2837 540 ὄνομα
2865 473 3084 526 αὐτοῦ’
3124 473 3248 543 1:591
3289 472 3387 542 τῆς
3435 471 3781 544 Ἰερουσαλὴμ

2215 563 2408 632 λέγων.
2452 566 2614 637 Ὀρᾷς
2664 567 2780 631 πῶς
2832 571 2911 629 εἰς
2963 568 3092 637 μίαν
3139 568 3292 619 πόλιν
3338 569 3665 635 συγκλείσας
3694 567 3781 635 τὴν

2218 659 2430 728 ἑορτὴν,
2471 657 2695 730 ὕστερον
2729 663 2823 713 καί
2855 663 2953 731 τὴν
2987 663 3141 715 πόλιν
3190 662 3434 716 καθεῖλεν
3467 661 3664 730 αὐτὴν.
3707 662 3784 712 ἶνα

2217 752 2311 804 καὶ
2337 752 2568 814 ἄκοντας
2597 753 2795 815 αὐτοὺς
2823 753 3084 826 ἀπαγάγῃ
3117 755 3215 826 τῆς
3243 754 3518 816 πολιτείας
3546 753 3782 825 ἐκείνης

2222 844 2342 896 Ὅτι
2388 843 2493 916 γάρ
2545 845 2758 914 προεῖδε
2791 845 2851 898 τὸ
2883 847 3147 917 ἑπόμενον
3183 860 3208 887 ι
3244 851 3273 900 6
3307 847 3459 910 Θεὸς,
3497 846 3660 900 παντί
3696 862 3786 898 που

2218 933 2373 1006 δῆλόν
2406 937 2541 989 ἐστι.
2587 937 2740 1000 Τίνος
2774 934 2865 991 οὖν
2901 942 3082 995 ἕνεκεν
3117 943 3232 993 ἐκεῖ
3276 941 3572 1010 συνήλασεν
3600 937 3789 1001 αὐτοὺς

2221 1028 2328 1083 ἀπὸ
2352 1029 2449 1098 τῆς
2474 1030 2796 1100 οἰκουμένης
2831 1033 3069 1102 ἀπάσης,
3102 1033 3363 1104 προειδὼς
3404 1033 3486 1085 ὅτι
3514 1032 3791 1084 ἀπολεῖται

2221 1123 2253 1193 ἡ
2303 1123 2491 1188 πόλις;
2531 1123 2631 1176 οὐκ
2666 1125 2907 1196 εὔδηλον,
2952 1128 3034 1180 ὅτι
3071 1128 3435 1196 καταλυθῆναι
3476 1125 3793 1196 βσυλόμενος

2221 1216 2320 1287 τὴν
2353 1217 2578 1286 ἐορτήν;
2622 1217 2682 1269 '0
2707 1217 2838 1280 Θεὸς
2874 1219 3041 1290 αὐτὴν
3070 1219 3353 1281 κατέλυσε,
3384 1220 3476 1271 καὶ
3525 1218 3794 1278 Ἰουδαίοις

2223 1309 2554 1372 άκολουθεὶς.
2589 1311 2716 1382 περὶ
2745 1304 2820 1364 ὧν
2849 1330 3011 1383 φησιν
3045 1313 3073 1363 6
3102 1315 3417 1383 προφήτης·
3450 1313 3554 1367 Καὶ
3585 1313 3681 1376 τίς
3705 1329 3795 1363 tv-

2225 1403 2399 1470 φλὸς,
2429 1403 2568 1456 ἀλλ’
2617 1403 2654 1472 ἢ
2685 1407 2740 1458 οἱ
2771 1404 2978 1471 παῖδές
3003 1423 3144 1474 μου,
3189 1406 3284 1460 καὶ
3324 1405 3544 1474 κωφὸς,
3581 1404 3723 1458 ἀλλ’
3763 1405 3794 1470 ἢ

2227 1498 2280 1549 οὶ
2315 1496 2693 1561 κυριεύοντες
2714 1495 2945 1560 αὑτῶν;
2974 1499 3106 1568 Περὶ
3135 1497 3256 1551 τίνα
3283 1497 3390 1568 7&9
3419 1500 3517 1550 οὐκ
3551 1496 3798 1565 ἐγένοντο

2227 1586 2544 1657 ἀγνώμονες
2583 1588 2780 1642 ἐκεῖνοι
2817 1591 2909 1643 καὶ
2953 1591 3268 1660 ἀναίσθητοι
3295 1609 3306 1620 ’
3347 1592 3473 1660 περὶ
3505 1593 3634 1654 τοὺς
3670 1592 3798 1642 ἁπο-

2232 1680 2470 1747 στόλους,
2507 1682 2634 1751 περὶ
2665 1681 2792 1745 τοὺς
2825 1685 3127 1754 προφήτας,
3164 1685 3295 1755 1:591
3333 1684 3458 1747 τοὺς
3505 1683 3690 1737 αὐτῶν
3727 1683 3802 1734 δι-

2229 1774 2563 1839 δασκάλους;
2598 1774 2703 1828 Καὶ
2731 1775 2785 1828 τί
2817 1778 2922 1847 χρὴ
2961 1777 3142 1845 λέγειν
3170 1777 3518 1840 διδασκάλους
3547 1779 3642 1829 καὶ
3674 1792 3802 1845 προσ

2232 1870 2427 1939 φήτας,
2471 1868 2672 1937 ὅπουγε
2707 1869 2798 1922 καὶ
2829 1870 3026 1933 αὐτοὺς
3056 1871 3183 1934 τοὺς
3231 1871 3380 1933 υίοὺς
3423 1870 3604 1922 αὐτῶν
3639 1869 3800 1922 κατέ·

2233 1959 2475 2031 σφαξαν;
2536 1961 2776 2015 Ἐθυσαν
2818 1963 2928 2034 γὰρ
2967 1947 3092 2025 τοὺς
3139 1964 3287 2026 υἱοὺς
3337 1961 3517 2015 αὐτῶν
3563 1962 3662 2014 καὶ
3710 1961 3804 2021 τὰς

2232 2055 2538 2126 θυγατέρας
2565 2055 2743 2108 αὐτῶν
2773 2058 2883 2119 τοῖς
2922 2055 3230 2126 δαιμονίοις.
3277 2056 3386 2124 Τὴν
3417 2055 3580 2124 φύσιν
3606 2055 3805 2123 ἠγνόηο

2233 2165 2353 2212 σαν,
2412 2149 2509 2200 καὶ
2555 2146 2772 2218 ἠμέρας
2819 2147 3052 2217 ἡμελ).ον
3098 2151 3474 2218 παρατηρεῖνς
3513 2147 3637 2200 είπέ
3685 2157 3808 2217 μοι’

2232 2242 2330 2314 τὴν
2370 2241 2689 2310 συγγένειαν
2737 2242 3141 2312 κατεπάτησαν,
3199 2241 3304 2296 τῶν
3354 2241 3563 2294 τέκνων
3614 2241 3806 2295 ἐπελά-

2235 2336 2414 2401 θοντο,
2455 2333 2620 2388 αὑτοῦ
2671 2333 2763 2387 τοῦ
2807 2335 3166 2404 πεποιηκότος
3207 2334 3401 2398 αὐτοὺς
3437 2333 3573 2386 Θεοῦ
3615 2335 3807 2388 ἐπελά-

2235 2426 2388 2480 θοντο
2411 2443 2424 2456 ο
2445 2427 2593 2480 Θεὸν
2609 2425 2736 2496 7&9,
2763 2426 2914 2496 φησὶ,
2949 2427 3054 2480 τὸν
3081 2427 3459 2496 γεννήσαντὰ
3487 2445 3563 2481 σε
3593 2429 3805 2495 ἐγκατ-

2233 2517 2457 2584 έλιπες,
2503 2518 2600 2572 καί
2631 2518 2928 2572 ἐπελάθου
2978 2519 3124 2572 Θεοῦ
3181 2519 3286 2572 τοῦ
3327 2521 3660 2587 τρέφοντάς
3701 2537 3803 2574 σε·

2234 2611 2325 2664 τὸν
2363 2610 2498 2663 Θεὸν
2529 2609 2905 2677 ἐγκατέλιπον,
2937 2610 3031 2662 καὶ
3063 2611 3256 2680 ἑορτὰς
3303 2610 3590 2678 φυλάττειν
3639 2613 3806 2682 ἠμελ-

2235 2703 2353 2765 λον;
2385 2703 2478 2755 καὶ
2502 2703 2584 2766 τίς
2609 2703 2675 2756 ἂν
2696 2701 2854 2755 τοῦτο
2885 2703 3060 2768 είποι;
3105 2703 3255 2756 Ἐπεὶ
3288 2704 3381 2756 καὶ
3406 2706 3434 2758 6
3464 2706 3699 2773 Χριστὸς
3726 2707 3808 2758 διὰ

2234 2794 2392 2848 τοῦτο
2429 2797 2542 2866 μετ’
2576 2795 2752 2848 αὐτῶν
2780 2796 2840 2848 τδ
2871 2795 3053 2866 πάσχα
3083 2795 3353 2865 ἐποίησεν,
3381 2796 3478 2866 οὐχ
3519 2797 3610 2851 ἵνα
3643 2798 3809 2850 ποιῶ·

2239 2905 2336 2956 μεν
2368 2889 2527 2958 ἡμεῖς
2576 2889 2691 2957 μετ’
2726 2887 2970 2946 ἐκείνων.
3005 2887 3118 2940 ἀλλ’
3148 2888 3236 2941 ἵνα
3263 2891 3329 2959 τῇ
3371 2891 3498 2959 σκιᾷ
3543 2891 3645 2958 τὴν
3681 2891 3809 2960 ἁλή-

2237 2979 2386 3032 θειαν
2426 2979 2697 3049 ἐπαγάγῃ.
2745 2980 2852 3031 Καὶ
2887 2981 2993 3050 7&9
3040 2980 3133 3032 καὶ
3183 2982 3481 3051 περιτομὴν
3527 2982 3811 3052 ὑπέμεινε,

2237 3071 2331 3124 καὶ
2381 3070 2624 3124 σάϐϐατα
2663 3071 2920 3141 ἐτήρησε,
2976 3073 3070 3125 καὶ
3121 3072 3312 3143 ἐορτάς
3362 3073 3669 3136 ἐπετέλεσε,
3722 3080 3813 3128 καὶ

2237 3164 2419 3234 ἄζυμα
2464 3163 2655 3232 ἔφαγε,
2690 3164 2784 3216 καὶ
2833 3165 2890 3217 ἐν
2931 3163 3322 3235 Ἰεροσολύμοις
3359 3163 3532 3218 ταῦτα
3577 3166 3812 3236 ἔπραξεν

2239 3255 2470 3310 ἅπαντα.
2518 3254 2655 3308 Ἀλλ’
2683 3255 2858 3308 οὐδενὶ
2880 3256 3082 3310 τούτων
3105 3259 3265 3328 ἡμεῖς
3293 3257 3654 3327 ὑποκείμεθα,
3679 3260 3811 3312 ἀλλὰ

2241 3347 2338 3419 βοᾷ
2369 3347 2577 3410 Παῦλος
2608 3348 2813 3414 λέγων’
2879 3349 3018 3402 Ἐὰν
3057 3349 3505 3418 περιτέμνησθε,
3559 3353 3812 3417 Χριστὸς

2239 3440 2394 3508 ὑμᾶς
2438 3439 2617 3493 οὐδὲν
2644 3439 2964 3509 ὠφελήσει.
3001 3441 3112 3495 Καὶ⁸
3150 3440 3408 3512 περὶτῶν
3439 3441 3669 3511 ἀζύμων
3714 3445 3815 3495 πά-

2239 3533 2349 3585 λιν·
2380 3533 2564 3586 ’Ώστε
2592 3531 2972 3601 ἑορτάζωμεν,
2996 3533 3082 3601 μὴ
3104 3534 3173 3586 ἐν
3204 3534 3348 3603 ζύμῃ
3382 3533 3631 3599 παλαιᾷ,
3662 3536 3815 3602 μηδὲ

2237 3625 2306 3676 ἐν
2332 3623 2477 3693 ζύμη
2509 3626 2721 3691 κακίας
2755 3625 2851 3678 καὶ
2891 3627 3198 3693 πονηρίας,
3233 3628 3370 3680 ἀλλ’
3390 3627 3458 3678 ἑν
3475 3627 3721 3695 ἀζύμοις
3740 3632 3812 3680 εί-

2237 3717 2566 3784 λικρινείας
2596 3718 2695 3771 καὶ
2723 3717 3022 3786 ἀληθείας.
3071 3720 3131 3771 Ἦ
3141 3720 3254 3790 μῶν
3285 3719 3391 3790 γὰρ
3409 3719 3479 3771 τά
3502 3720 3691 3790 ἄζυμα
3720 3722 3811 3774 οὐκ

2238 3808 2461 3878 ἄλευρον
2493 3808 2899 3878 πεφυραμένον,
2941 3809 3052 3861 ἀλλ’
3085 3810 3381 3882 εἰλικρινὴς
3423 3811 3696 3875 πολιτεία,
3726 3814 3814 3864 καὶ

2240 3900 2351 3970 βίος
2386 3902 2656 3973 ἐνάρετος.

2230 4037 2234 4041 ’
2305 4041 2368 4095 δ’.
2395 4042 2550 4102 Τίνος
2575 4038 2667 4094 οὖν
2687 4042 2872 4094 ’ένεκεν
2899 4042 3149 4112 ἐποίησεν
3167 4045 3193 4095 6
3211 4042 3441 4114 Χριστὸς
3463 4043 3616 4106 τότε;
3649 4045 3816 4097 Ἐπει-

2236 4132 2300 4201 δὴ
2321 4132 2381 4184 τὸ
2409 4132 2639 4185 παλαιὸν
2673 4133 2855 4202 πάσχα
2881 4131 3048 4198 τύπος
3065 4129 3132 4203 ἦν
3155 4133 3244 4187 τοῦ
3273 4133 3552 4204 μέλλοντος
3573 4137 3812 4205 ἔσεσθαι,

2237 4223 2343 4278 ἔδει
2384 4225 2439 4277 δὲ
2471 4225 2569 4296 τὴν
2607 4225 2861 4295 ἀλήθειαν
2890 4225 3204 4295 ἐπιτεθῆναι
3234 4225 3310 4296 τῷ
3334 4225 3512 4296 τύπῳ,
3553 4229 3813 4301 πρότερον

2236 4316 2416 4382 δείξας
2459 4317 2557 4386 τὴν
2598 4317 2774 4379 σκιὰν,
2811 4317 2932 4370 τότε
2981 4319 3228 4387 ἐπήγαγε
3275 4317 3371 4389 τὴν
3417 4318 3681 4388 ἀλήθειαν
3728 4322 3814 4373 ἐπὶ

2236 4407 2337 4476 τῆς
2363 4409 2642 4480 τραπέζης
2662 4425 2673 4436 ·
2709 4410 2806 4479 τῆς
2832 4409 3086 4480 ἀληθείας
3115 4409 3169 4462 δέ
3192 4409 3597 4480 ἐπενεχθείσης,
3631 4415 3664 4482 ἡ
3693 4414 3815 4467 σκιά

2237 4501 2422 4555 λοιπὸν
2473 4502 2922 4572 ἀποκρύπτεται,
2979 4503 3072 4554 καὶ
3117 4501 3236 4555 οὐδέ
3291 4504 3478 4574 καιρὸν
3531 4505 3671 4574 ἔχει.
3729 4507 3811 4576 Μὴ

2237 4596 2414 4649 τοίνυν
2443 4594 2600 4647 τοῦτο
2645 4595 2970 4665 προϐάλλου,
3017 4596 3132 4648 ἀλλ’
3161 4597 3335 4650 ἐκεῖνό
3370 4614 3457 4666 μοι
3505 4597 3704 4663 δεῖξον,
3736 4601 3811 4652 ὅτι

2237 4687 2410 4750 οὕτως
2433 4687 2683 4740 ἐκέλευσε
2707 4691 2878 4741 ποιεῖν
2909 4689 2936 4740 6
2967 4690 3218 4760 Χριστός.
3267 4688 3405 4756 Ἐγὼ
3452 4691 3560 4759 7&9
3592 4693 3812 4747 τούνανο

2236 4779 2347 4830 τίον
2375 4778 2640 4848 δείκνυμι,
2675 4779 2754 4832 ὅτι
2780 4781 2840 4833 οὐ
2875 4781 3034 4850 μόνον
3065 4782 3164 4834 οὐκ
3195 4782 3441 4834 ἐκέλευσε
3473 4790 3809 4856 παρατηρεῖν

2237 4870 2482 4942 ἡμέρας,
2537 4870 2671 4923 άλλά
2733 4872 2829 4926 καὶ
2883 4872 3149 4926 ἀπέλυσεν
3205 4876 3351 4944 ἡμᾶς
3399 4875 3501 4944 τῆς
3562 4877 3808 4946 ἀνάγκης

2237 4963 2457 5032 ταύτης.
2499 4965 2762 5016 Ἀκουσον
2795 4964 2923 5031 γοῦν
2960 4966 3012 5018 τί
3048 4983 3210 5036 φησιν
3253 4969 3282 5020 6
3315 4967 3560 5030 Παῦλος·
3601 4969 3732 5020 ὅταν
3756 4969 3808 5022 δὲ

2235 5055 2326 5108 τὸν
2363 5055 2573 5109 Παῦλον
2617 5051 2775 5119 εἴπω,
2827 5055 2916 5110 τὸν
2968 5059 3201 5129 Χριστὸν
3249 5058 3422 5126 λέγω·
3459 5062 3670 5123 ἐκεῖνος
3707 5062 3806 5128 γάρ

2237 5146 2387 5220 [611]
2424 5149 2571 5201 ἐστιν
2600 5149 2628 5201 6
2656 5148 2752 5218 τὴν
2783 5147 2996 5201 Παύλου
3024 5150 3187 5203 κινῶν
3213 5150 3411 5221 ψυχήν.
3443 5150 3508 5204 Τί
3534 5148 3627 5205 οὖν
3661 5147 3806 5217 οὗτός

2237 5259 2436 5310 φησιν;
2511 5241 2765 5310 Ἡμέρας
2819 5241 3254 5309 παρατηρεῖσθε
3311 5243 3408 5295 καὶ
3452 5243 3660 5312 μῆνας
3717 5248 3802 5298 καὶ

2236 5335 2479 5400 καιροὺς
2531 5333 2627 5386 καὶ
2660 5334 2994 5398 ἐνιαυτούς.
3047 5334 3342 5404 Φοϐοῦμαι
3376 5333 3554 5404 ὑμᾶς,
3595 5337 3800 5405 μήπως

2235 5422 2364 5491 εἰκῆ
2396 5426 2722 5478 κεκοπίακα
2758 5427 2846 5492 είς
2877 5424 3054 5495 ὑμᾶς.
3095 5425 3206 5480 Καὶ
3240 5426 3422 5488 πάλιν,
3462 5428 3714 5494 Ὁσάκις
3735 5428 3805 5482 ἂν

2233 5518 2471 5585 ἐσθίητε
2495 5517 2601 5570 τὸν
2627 5517 2810 5583 ἄρτον
2835 5517 3070 5582 τοῦτον,
3105 5517 3203 5571 καί
3232 5517 3297 5570 τὸ
3327 5518 3614 5587 ποτήριον
3639 5520 3804 5574 τοῦτο

2234 5610 2462 5673 πίνητε,
2502 5610 2610 5664 τὸν
2642 5611 2902 5665 θάνατον
2950 5611 3056 5666 τοῦ
3099 5613 3320 5680 Κυρίου
3355 5611 3803 5682 καταγγέλλετε.

2245 5700 2478 5767 Ὁσάκις
2515 5703 2570 5756 δέ
2617 5702 2817 5769 εἰπὼν,
2863 5703 3052 5777 κύριον
3089 5704 3309 5777 ἐποίησε
3355 5705 3446 5759 τὸν
3492 5706 3806 5778 προσιόντα,

2301 5830 2326 5859 ⁸
2352 5829 2474 5894 Rrg.
2497 5830 2550 5880 τὸ
2575 5830 2813 5892 ἐσόμενον.
