3920 6236
117 356 210 409 86-5

115 477 241 532 Num
271 477 417 532 enim
454 493 517 534 ex
561 479 837 548 gentibus,
886 480 1078 550 inquit,
1122 482 1285 536 veni?
1326 480 1460 536 Nmn
1506 481 1689 550 legalis

116 573 527 626 conversationis
555 573 831 644 imperitus
857 589 1042 639 eram,
1081 584 1174 628 aut
1208 589 1380 644 ptenze
1421 590 1538 644 qua:
1578 575 1692 644 lege

119 663 624 734 transgredientibus
679 673 763 719 est
812 666 1136 736 proposita?
1189 665 1432 720 Hebrwus
1474 683 1584 718 sum
1629 681 1693 719 ea:

121 756 356 822 Hebra’is,
389 759 664 811 secundum
691 758 850 828 legem
883 757 1176 812 Phariswus
1195 800 1210 823 ,
1239 758 1508 812 secundum
1531 774 1690 811 temu-

119 850 344 905 lutionem
386 866 686 921 persequens
719 849 1001 904 Ecclesium
1027 867 1045 906 :
1077 851 1166 905 sed
1193 866 1305 920 qua:
1332 851 1453 903 mihi
1485 855 1689 921 fuerunt

119 942 248 994 lucra
265 978 282 1005 ,
312 941 423 994 hwc
452 942 724 995 arbitratus
749 960 860 996 sum
885 952 1087 1014 pt'Opler
1112 941 1368 997 Christum
1397 944 1692 996 detrimenta

124 1029 382 1101 (Philipp.
411 1033 590 1088 5.5-7
615 1034 655 1102 ).
697 1033 810 1089 Hoc
839 1045 938 1101 cst,
988 1036 1152 1090 semel
1183 1033 1250 1088 ab
1299 1035 1403 1089 illis
1446 1035 1689 1090 discessi.

122 1127 293 1181 Estote
318 1143 452 1198 ergo
476 1129 614 1183 sicut
639 1138 693 1183 et
713 1143 813 1198 ego
843 1146 857 1183 :
884 1143 1002 1182 nam
1027 1138 1082 1183 et
1102 1130 1239 1182 sicut
1263 1144 1356 1183 vos
1381 1144 1547 1183 eram.

186 1219 399 1272 Nic-ama
451 1221 691 1292 Synodus
736 1224 798 1275 de
847 1221 1100 1276 Paschate
1144 1223 1396 1277 decretum
1444 1225 1578 1294 fecit.
1621 1252 1693 1264 --

121 1310 244 1378 Quid
271 1321 451 1364 autem
479 1311 546 1365 de
571 1327 657 1366 me
686 1312 917 1382 loquor?
945 1312 1186 1367 Trecenti
1224 1308 1408 1367 Patres
1428 1315 1510 1368 vel
1531 1313 1689 1368 etiam

123 1405 309 1472 plures,
342 1418 466 1458 cum
497 1407 549 1456 iu
593 1404 808 1473 regione
837 1405 1099 1476 Bithynia:
1139 1405 1544 1470 convenissent,
1578 1403 1693 1459 ba'c

122 1493 464 1549 decreverunt
497 1513 509 1548 :
544 1506 597 1550 et
628 1507 678 1548 ut
713 1495 832 1550 illos
861 1510 1049 1550 omnes
1081 1496 1276 1566 probro
1303 1493 1512 1550 afticis!
1546 1495 1690 1548 Duo-

123 1605 230 1642 rum
272 1588 417 1642 euim
457 1589 721 1653 altertnn,
767 1597 858 1642 aut
905 1587 1024 1644 illos
1073 1588 1296 1642 insciti-.e
1343 1587 1688 1653 condemnas,

123 1682 258 1752 quasi
306 1697 414 1734 non
458 1683 590 1737 satis
617 1693 867 1737 accurate
911 1683 1216 1748 novissent,
1248 1693 1339 1736 aut
1377 1681 1689 1750 timiditatis,

121 1774 256 1843 quasi
288 1777 566 1830 novissent
595 1777 806 1846 quidem
825 1818 839 1841 ,
885 1777 978 1832 sed
1009 1776 1436 1831 dissimulassent
1461 1793 1525 1832 ac
1548 1777 1692 1844 veri-

124 1878 272 1921 tatem
301 1868 682 1937 prodidissent.
715 1869 846 1922 Cum
885 1870 1026 1923 enim
1067 1885 1170 1923 non
1198 1878 1307 1924 stes
1336 1870 1399 1923 iis
1421 1911 1435 1934 ,
1483 1885 1599 1937 quae
1627 1870 1694 1924 ab

122 1957 216 2012 illis
243 1959 456 2014 decreta
489 1969 647 2025 sunt,
680 1961 792 2014 ha-e
819 1960 995 2015 omnia
1026 1969 1335 2030 sequuntur.
1365 1960 1539 2015 Multa:
1567 1976 1694 2014 vero

122 2053 384 2120 sapientia}
434 2067 500 2108 ac
542 2054 864 2108 fortitudinis
911 2055 1187 2122 Specimen
1237 2053 1305 2109 ab
1343 2054 1447 2108 illis
1491 2054 1690 2108 editum

124 2141 271 2197 fuisse
304 2153 415 2198 tum
460 2147 713 2214 temporis
733 2187 746 2209 ,
788 2148 964 2200 omnia
995 2162 1113 2215 qua:
1141 2147 1384 2204 aecidcre
1411 2155 1691 2201 testantur.

123 2236 241 2290 Nam
269 2237 587 2303 sapientiam
628 2238 838 2308 quidem
869 2239 1080 2292 illorum
1105 2281 1120 2304 ,
1161 2255 1278 2310 qua:
1308 2249 1418 2294 tum
1448 2239 1584 2294 edita
1612 2249 1696 2294 est

125 2329 244 2382 fides
274 2330 505 2393 indicat,
549 2345 668 2400 qua:
697 2341 750 2385 et
781 2331 1149 2386 hmreticorum
1195 2347 1256 2385 os
1294 2332 1595 2399 obturavit,
1641 2340 1696 2386 ct

127 2429 381 2490 tamquam
430 2436 618 2476 murus
649 2423 1067 2492 inexpugnabilis
1099 2438 1283 2477 omnes
1314 2423 1523 2477 illorum
1562 2422 1694 2477 insi-

123 2511 228 2566 dias
272 2513 603 2583 propulsavit
644 2531 658 2568 :
702 2513 1064 2570 fortitudinem
1107 2523 1283 2570 autem
1329 2515 1688 2586 persequutio,

123 2619 229 2673 qua:
254 2605 418 2674 paulo
441 2616 567 2660 ante
595 2606 778 2662 sedata
808 2606 1010 2671 fuerat,
1041 2617 1092 2662 et
1122 2607 1262 2675 quod
1291 2606 1546 2662 Ecclesiis
1573 2605 1692 2662 fue-

124 2703 196 2746 rat
223 2695 427 2750 illatum
457 2696 674 2750 bellum.

188 2787 400 2842 Patrum
443 2788 772 2844 Nictenorum
819 2791 1061 2862 dignitas.
1104 2821 1179 2832 —
1213 2790 1501 2861 Tamquam
1548 2791 1691 2846 enim

123 2883 312 2936 strenui
342 2883 559 2953 quidam
589 2883 891 2944 bellatores,
922 2885 1213 2938 innumeris
1241 2885 1456 2954 tr0pa2is
1475 2884 1689 2952 erectis,

123 2988 178 3027 ac
202 2975 376 3029 multis
409 2977 646 3044 ειουῃιὶε
672 2977 1010 3041 vulneribus,
1041 2976 1271 3045 undique
1296 2987 1404 3032 tum
1428 2977 1694 3032 Ecclesia-

125 3083 228 3120 rum
245 3068 502 3138 pra'sules
522 3071 919 3124 revertebantur
935 3069 1173 3139 stigmata
1187 3069 1381 3124 Christi
1399 3078 1689 3139 portantes,

123 3159 202 3228 qui
231 3160 457 3228 plurima
486 3170 730 3230 poterant
773 3177 1088 3215 enumerare
1114 3161 1390 3230 supplicia,
1419 3177 1536 3232 qua:
1563 3175 1689 3216 cou-

122 3249 354 3307 fessionis
407 3269 535 3322 ergo
580 3254 956 3308 toleraverant.
1003 3254 1274 3323 Siquidem
1317 3253 1405 3307 alii
1445 3262 1692 3323 poterant

123 3347 321 3401 metalla
361 3363 604 3410 narrare,
635 3363 696 3401 ac
723 3348 996 3411 miserias,
1028 3361 1160 3418 quas
1187 3347 1257 3401 ibi
1288 3348 1428 3416 passi
1457 3349 1686 3412 fuerant,

122 3439 201 3491 alii
223 3438 486 3494 honorum
512 3440 747 3493 omnium
780 3439 1164 3508 publicationes
1183 3481 1198 3505 ,
1226 3438 1312 3492 alii
1342 3439 1569 3502 famem,
1599 3437 1688 3492 alii

122 3530 407 3602 frequentia
435 3533 688 3595 vulnera,
735 3532 860 3587 dum
910 3531 1029 3587 aliis
1070 3533 1236 3586 latera
1280 3529 1684 3597 deraderentur,

120 3626 227 3678 aliis
264 3633 412 3696 terga
441 3625 899 3680 cuntundereutur
921 3665 936 3689 ,
968 3625 1054 3679 alii
1091 3625 1314 3680 ell‘ossos
1341 3625 1524 3679 oculos
1549 3666 1564 3691 ,
1597 3625 1686 3678 alii

120 3728 256 3784 parte
279 3717 456 3788 aliqua
483 3719 723 3788 corporis
753 3727 966 3787 propter
992 3716 1259 3772 Christum
1286 3732 1344 3770 se
1373 3715 1539 3772 fuisse
1566 3733 1686 3770 mu-

123 3809 284 3864 tilatos
327 3818 576 3880 poterant
615 3810 870 3865 indicare.
899 3812 1073 3880 Atque
1111 3825 1177 3864 ex
1219 3809 1300 3863 his
1329 3809 1543 3864 athletis
1571 3809 1686 3862 col-

121 3900 240 3954 lecta
267 3911 379 3956 tum
409 3901 579 3956 fuerat
611 3902 849 3973 synodus
879 3903 1142 3974 universa,
1188 3901 1564 3972 communique
1589 3900 1686 3956 de-

120 3994 344 4053 ﬁnitione
396 3995 518 4051 ﬁdei
573 3997 673 4051 hoc
719 3998 930 4067 quoque
986 3995 1374 4060 decreverunt,
1425 4004 1481 4048 ut
1529 3994 1685 4073 simu}

120 4105 317 4160 unoque
338 4106 607 4146 consensu
648 4089 841 4144 festum
881 4089 1019 4144 istud
1063 4089 1441 4143 celebraretur.
1479 4089 1686 4158 Ergone

118 4183 196 4250 qui
239 4183 397 4237 fidem
429 4182 757 4252 temporibus
799 4181 934 4236 adeo
961 4179 1267 4236 difficilibus
1297 4196 1402 4234 non
1433 4179 1684 4250 prodide-

121 4285 262 4340 runt,
305 4274 363 4329 hi
406 4283 628 4344 propter
666 4274 871 4328 dierum
911 4271 1339 4328 observationem
1381 4272 1685 4326 dissimula-

119 4366 250 4421 tione
293 4369 369 4422 uti
415 4366 745 4437 putueruut?
790 4365 919 4420 Vide
960 4365 1084 4436 quid
1131 4380 1294 4435 agas,
1335 4365 1460 4419 dum
1511 4375 1687 4418 tantos

119 4456 291 4514 Patres
319 4459 648 4515 condemnas
669 4499 684 4524 ,
717 4457 851 4512 adeo
894 4459 1088 4520 fortes,
1119 4457 1358 4526 adeoque
1396 4457 1682 4526 sapientes.

118 4547 237 4604 Nam
281 4552 327 4607 si
374 4551 714 4622 publicanum
759 4549 1120 4604 condemnaus
1163 4550 1465 4604 Phariszeus
1509 4548 1684 4602 ouinia

118 4639 243 4697 bona
272 4643 524 4714 perdidit,
565 4659 686 4712 qua:
712 4641 940 4696 habebat
968 4659 980 4694 :
1011 4657 1114 4709 qua
1144 4642 1296 4694 venia
1328 4641 1549 4710 dignus,
1580 4655 1683 4708 qua

117 4730 415 4789 defensione
441 4734 769 4794 censeberis,
801 4734 888 4803 qui
918 4733 1174 4788 adversus
1203 4742 1278 4786 tot
1306 4733 1554 4787 doctores
1579 4734 1685 4786 1,)υο

116 4839 277 4892 atros,
326 4829 486 4899 idque
533 4828 724 4898 injuria
763 4838 818 4883 et
865 4837 1046 4881 contra
1091 4829 1350 4880 rationem
1401 4826 1685 4895 insurgas?

117 4915 220 4972 Non
244 4921 436 4975 audisti
463 4919 733 4976 Christum
765 4920 1050 4985 dicentem,
1087 4917 1184 4972 Ubi
1212 4922 1312 4972 duo
1340 4919 1414 4972 rel
1443 4929 1542 4972 tres
1568 4928 1684 4972 sunt

119 5011 162 5063 in
189 5017 387 5070 nomine
431 5032 540 5070 meo
583 5015 894 5086 congregati,
945 5012 1012 5065 ibi
1053 5029 1166 5066 sum
1209 5013 1262 5064 in
1305 5013 1469 5066 medio
1512 5028 1685 5065 eorum

121 5102 318 5172 (Matth.
349 5105 435 5160 18.
457 5103 589 5178 20)7
613 5105 763 5174 Quod
790 5105 834 5160 si
862 5104 948 5158 ubi
975 5103 1079 5158 duo
1109 5112 1281 5158 tresve
1303 5114 1446 5168 sunt,
1475 5103 1682 5158 medius

119 5205 190 5249 est
217 5197 457 5252 Christus
488 5217 501 5252 :
535 5197 622 5252 ubi
667 5198 890 5252 trecenti
931 5211 993 5250 ac
1022 5197 1188 5250 multo
1230 5194 1410 5264 plures
1439 5195 1679 5261 aderant,

118 5290 273 5343 multo
300 5292 466 5362 magis
492 5292 716 5356 aderat,
747 5293 1032 5362 omniaque
1061 5291 1372 5360 designabat
1400 5307 1464 5346 ac
1491 5291 1682 5346 decer-

117 5379 285 5433 nebat.
316 5383 386 5435 At
427 5390 481 5435 tu
528 5397 634 5437 non
678 5382 798 5437 illos
845 5391 1048 5437 tantum
1088 5383 1450 5449 condemnas,
1495 5383 1588 5438 sed
1627 5392 1683 5438 et

115 5473 290 5529 Orbem
319 5487 579 5534 terrarqu
607 5483 944 5545 universum,
973 5481 1062 5552 qui
1108 5481 1423 5537 sententiam
1469 5482 1678 5538 illorum

116 5571 488 5639 cornprohavit.
531 5573 614 5627 An
656 5590 781 5628 vero
819 5575 1034 5632 Judaeos
1078 5575 1238 5630 etiam
1271 5576 1501 5631 universi
1531 5577 1677 5632 orbis

120 5667 366 5718 terrarum
393 5664 639 5720 Patribus
668 5667 1014 5736 sapientiores
1051 5668 1326 5724 arbitraris
1347 5709 1364 5735 ,
1409 5667 1674 5735 homines,

120 5750 344 5826 inquam,
373 5757 559 5828 patriis
587 5759 775 5814 ritibus
800 5761 1047 5827 orbatos,
1079 5772 1136 5818 et
1159 5763 1248 5833 qui
1276 5777 1346 5819 ne
1375 5763 1538 5816 ullum
1563 5763 1682 5832 qui-

119 5846 227 5903 dem
257 5853 444 5909 festum
473 5851 787 5910 celebrant?
835 5854 962 5910 Nam
1010 5870 1108 5912 nec
1150 5855 1290 5927 apud
1335 5853 1456 5914 illos
1493 5869 1677 5928 azyma

846 367 910 423 IN
952 367 1076 424 EOS
1111 367 1227 436 QUI
1265 367 1526 425 PASCHA
1565 369 1928 428 JEJUNANT.
1969 372 2338 432 ADVERSUS
2376 375 2518 432 JUD.
2562 377 2645 434 111.

3269 373 3374 428 81ι6

1799 499 1947 549 esse,
1989 501 2086 540 nec
2118 485 2313 541 Pascha
2349 487 2566 557 (multos
2590 489 2783 559 quippe
2807 489 2983 545 dicere
3028 492 3163 546 istud
3213 496 3370 547 audio

1795 576 1992 630 Pascha
2021 592 2140 631 esse
2181 594 2300 633 cum
2343 581 2573 650 azymo),
2618 581 2710 635 sed
2759 584 2894 652 apud
2942 583 3058 637 illus
3105 602 3206 637 non
3251 600 3371 639 esse

1793 683 1999 739 azyma,
2028 686 2089 722 ex
2122 669 2203 723 his
2232 669 2546 738 legislatoris
2574 671 2746 726 verbis
2775 673 2998 744 collige,
3029 673 3148 726 Non
3181 674 3370 742 poteri-

1795 760 1858 812 tis
1883 760 2048 830 [acere
2070 760 2266 815 Pascha
2295 763 2345 814 in
2376 762 2481 815 ulla
2505 764 2699 815 urbium
2731 773 2950 832 tuarum,
2978 783 3101 833 quas
3126 765 3372 819 Dominus

1796 852 1930 907 Deus
1959 865 2073 906 tuus
2093 855 2178 906 dat
2203 853 2288 906 tibi
2308 896 2321 918 ,
2351 855 2439 908 sed
2467 855 2518 908 in
2548 854 2676 919 loco,
2706 856 2756 908 in
2785 873 2881 924 quo
2908 860 3191 910 invocatum
3218 857 3372 928 fuerit

1794 962 1973 1000 nomen
2015 948 2123 1015 ejus
2163 947 2335 1018 (Deut.
2361 947 2446 1003 16.
2473 949 2604 1016 5.6)
2636 966 2648 1000 :
2676 948 2743 1003 de
2783 949 3078 1004 Jerusalem
3125 952 3367 1020 loquens.
3443 935 3448 942 ί

1798 1038 1955 1092 Vides
1983 1055 2088 1109 quo
2117 1049 2289 1108 pacto,
2316 1054 2434 1093 cum
2474 1040 2526 1094 in
2559 1057 2714 1095 unam
2763 1041 2944 1095 urbem
2986 1041 3176 1096 festum
3207 1043 3374 1095 inclu-

1792 1129 1970 1195 sisset,
2015 1131 2264 1200 deinceps
2291 1141 2341 1184 et
2373 1131 2540 1200 ipsam
2571 1132 2756 1186 urbem
2785 1135 3070 1194 everterit,
3106 1143 3160 1186 ut
3187 1135 3265 1188 vel
3293 1135 3377 1187 in-

1795 1223 1928 1277 vitos
1977 1223 2094 1278 illos
2141 1225 2208 1276 ab
2252 1223 2335 1277 illa
2384 1223 2638 1294 religione
2684 1227 3002 1280 revocaret?
3049 1226 3186 1281 Nulli
3233 1228 3374 1281 cnim

1794 1313 2049 1379 dubium,
2093 1317 2219 1387 quin
2265 1316 2402 1371 Deus
2431 1333 2546 1386 quze
2587 1328 2741 1372 erant
2768 1330 3157 1388 consequutura
3188 1319 3380 1388 pra-vi-

1795 1406 1963 1461 deret.
1991 1407 2157 1474 Quam
2192 1408 2350 1477 igitur
2377 1407 2446 1462 ob
2472 1423 2683 1462 causam
2713 1408 2819 1462 illic
2848 1426 2941 1466 eos
2969 1425 3033 1464 ex
3067 1419 3176 1464 toto
3207 1417 3379 1462 terra-

1794 1515 1914 1553 rum
1941 1499 2071 1553 orbe
2095 1502 2453 1569 congregavit,
2475 1514 2594 1555 cum
2620 1499 2731 1554 fore
2753 1501 3085 1569 praeviderrt,
3112 1511 3166 1553 ut
3191 1501 3379 1553 civitas

1795 1594 2125 1648 vastaretur?
2158 1596 2350 1648 Annon
2379 1593 2502 1648 hinc
2532 1595 2694 1663 liquet
2721 1594 2865 1647 illum
2898 1594 3006 1649 tolli
3039 1595 3374 1649 festivitatem

1795 1684 2068 1738 voluisse?
2102 1685 2238 1740 Deus
2277 1685 2418 1739 illam
2441 1685 2653 1739 sustulit
2673 1728 2687 1748 ,
2721 1695 2774 1739 et
2803 1695 2856 1739 tu
2881 1684 3092 1739 Iudaeos
3131 1685 3374 1750 Sectaris,

1794 1776 1862 1830 de
1889 1777 2078 1847 quibus
2107 1777 2182 1830 ait
2207 1776 2484 1847 propheta,
2515 1775 2583 1830 Et
2609 1778 2720 1847 quis
2744 1793 2935 1841 cwcus,
2965 1777 3061 1830 nisi
3090 1777 3231 1846 pueri
3259 1777 3375 1841 mei,

1794 1881 1839 1924 et
1865 1869 2048 1925 surdus
2069 1912 2083 1935 ,
2117 1871 2213 1925 nisi
2255 1872 2342 1941 qui
2383 1871 2708 1925 dominantur
2744 1887 2914 1924 eorum
2947 1868 3098 1944 (Isai.
3123 1869 3212 1924 42.
3245 1869 3378 1937 l9)?

1795 1965 1932 2035 Erga
1965 1980 2121 2036 quem
2150 1963 2293 2018 enim
2324 1965 2397 2019 illi
2440 1981 2544 2019 non
2591 1964 2804 2019 fuerunt
2833 1964 3021 2035 ingrati
3053 1979 3114 2016 ac
3140 1960 3379 2031 stupidi?

1795 2076 1918 2130 erga
1949 2058 2251 2129 apostolos,
2281 2073 2405 2128 erga
2433 2057 2750 2128 prophetas,
2783 2072 2904 2124 erga
2936 2055 3184 2109 doctores
3209 2053 3378 2107 suos?

1794 2151 1928 2219 Quid
1957 2161 2130 2204 autem
2158 2165 2289 2219 opus
2315 2149 2482 2204 estde
2508 2148 2814 2204 doctoribus
2837 2164 2898 2201 ac
2925 2147 3196 2216 prophetis
3219 2145 3378 2199 verba

1797 2243 1969 2296 facere
1988 2283 2002 2306 ,
2045 2258 2163 2294 cum
2194 2250 2246 2295 et
2275 2241 2418 2311 ipsos
2448 2241 2643 2295 liberos
2671 2255 2795 2295 suos
2822 2240 3108 2295 occiderint
3132 2239 3156 2292 ?
3187 2239 3379 2292 Immo-

1795 2333 1967 2387 larunt
1997 2334 2136 2386 enim
2171 2333 2308 2386 ﬁlios
2337 2347 2462 2386 suos
2492 2343 2545 2388 et
2585 2332 2718 2386 tilias
2750 2349 2873 2386 suas
2901 2332 3178 2387 dmmoniis
3205 2331 3376 2404 (Psal.

1797 2429 1918 2482 103.
1945 2427 2011 2482 57
2032 2429 2072 2497 ).
2115 2426 2366 2481 Naturam
2402 2428 2748 2494 ignorarunt,
2795 2443 2919 2480 nunt
2951 2427 3143 2497 igitur,
3176 2442 3377 2496 qua-sn,

1795 2521 1909 2576 dies
1930 2531 2079 2574 erant
2100 2520 2474 2575 observaturi?
2504 2521 2955 2588 Propinquitatem
2979 2522 3377 2586 conculcaruut,

1795 2623 1848 2667 et
1879 2613 2104 2666 filiorum
2135 2612 2284 2666 obliti
2311 2621 2469 2676 sunt,
2502 2612 2592 2666 Dei
2623 2613 2808 2681 ipsius,
2841 2628 2870 2665 a
2901 2629 3004 2681 quo
3032 2612 3227 2665 conditi
3261 2611 3378 2666 fue-

1795 2715 1936 2766 rant.
1963 2715 2086 2758 sunt
2113 2703 2282 2758 obliti.
2313 2699 2478 2757 Deum
2504 2703 2671 2766 enim,
2705 2704 2892 2771 inquit,
2922 2703 3229 2772 dereliquisti
3248 2745 3260 2763 .
3293 2702 3380 2771 qui

1796 2809 1844 2851 te
1866 2806 2139 2868 genuerat,
2185 2805 2232 2850 et
2267 2796 2449 2849 oblitus
2478 2812 2529 2848 es
2563 2792 2658 2848 Dei
2688 2795 2952 2848 nutrientis
2982 2805 3028 2848 te
3065 2798 3083 2864 (
3108 2793 3260 2847 Deut.
3285 2793 3375 2848 52.

1795 2888 1920 2958 18).
1959 2888 2124 2942 Demu
2155 2888 2586 2957 dereliquerunt,
2627 2895 2682 2941 et
2710 2886 3074 2942 solemnitates
3101 2891 3254 2940 erant
3278 2885 3374 2940 oh-

1794 2982 2097 3038 scrvaturi?
2137 2981 2265 3050 Quis
2293 2981 2393 3035 hoc
2420 2979 2604 3035 dicat?
2643 2979 2912 3071 Siquidem
2948 2978 3192 3034 Christus
3215 2983 3374 3033 etiam

1792 3077 1988 3131 idcirco
2016 3091 2136 3129 cum
2168 3076 2272 3130 illis
2315 3074 2516 3129 Pascha
2562 3073 2718 3140 fecit,
2761 3089 2865 3128 non
2907 3083 2962 3127 ut
3002 3089 3098 3127 nos
3128 3089 3245 3126 cum
3275 3073 3378 3126 illis

1795 3167 2070 3232 faciamus,
2097 3168 2189 3222 sed
2221 3176 2276 3221 ut
2302 3182 2395 3236 per
2417 3165 2658 3220 umbram
2683 3166 2957 3220 veritatem
2991 3163 3374 3217 introduceret.

1791 3258 1921 3313 Nam
1950 3267 2004 3312 et
2029 3257 2485 3314 circumcisionem
2514 3271 2701 3327 passus
2727 3265 2842 3321 est,
2874 3265 2928 3310 et
2952 3255 3167 3310 sabbata
3198 3270 3379 3308 serva-

1791 3354 1901 3418 vit,
1949 3361 2002 3407 et
2045 3352 2172 3407 festa
2219 3351 2539 3414 celebravit,
2573 3360 2626 3405 et
2654 3365 2837 3421 azyma
2869 3349 3131 3410 comedit,
3164 3358 3218 3402 et
3263 3348 3376 3400 ha‘c

1790 3447 1968 3499 omnia
2005 3444 2351 3516 Jerosolymis
2392 3445 2631 3514 peregit;
2677 3444 2770 3498 sed
2803 3443 2932 3496 nulli
2979 3453 3151 3498 tamen
3185 3441 3374 3494 horum

1791 3555 1889 3594 nos
1916 3538 2128 3592 obnoxii
2159 3554 2343 3592 sumus
2363 3580 2378 3604 ,
2407 3554 2468 3592 ac
2495 3539 2687 3592 clamat
2716 3536 2912 3589 Paulus
2941 3535 3152 3602 dicens,
3187 3533 3245 3588 Si
3275 3536 3376 3587 cir-

1788 3629 2144 3682 cumcidamini
2163 3670 2178 3695 ,
2209 3627 2438 3683 Christus
2462 3627 2600 3681 vobis
2629 3627 2757 3679 nihil
2798 3625 3020 3694 proderit
3048 3623 3190 3694 (Cal.
3214 3626 3265 3679 5.
3292 3622 3372 3694 2).

1791 3723 1857 3778 Et
1882 3723 1948 3777 de
1975 3723 2176 3792 azymis
2201 3737 2407 3784 rursus,
2436 3721 2617 3788 Itaque
2641 3723 2820 3790 festum
2844 3719 3168 3781 celebremus,
3197 3734 3295 3770 non
3319 3718 3372 3770 in

1781 3819 2032 3886 fermento
2055 3815 2234 3880 veteri,
2268 3830 2424 3883 neque
2455 3813 2506 3864 in
2541 3814 2782 3884 fermento
2810 3811 3018 3864 malitia:
3042 3819 3087 3863 et
3115 3809 3368 3876 nequititz',

1789 3908 1876 3960 sed
1913 3908 1966 3960 in
2003 3907 2194 3978 azymis
2234 3906 2534 3961 sinceritatis
2578 3916 2624 3956 et
2664 3903 2886 3956 veritatis
2931 3903 3025 3973 (1.
3049 3899 3166 3955 Cor.
3191 3901 3244 3954 5.
3275 3901 3372 3967 8).

1788 4002 1976 4056 Nostra
2006 4001 2148 4055 enim
2190 4014 2372 4070 azyma
2412 4008 2535 4052 sunt
2566 4011 2671 4051 non
2704 3994 2873 4049 farina
2916 3993 3236 4054 commixta,
3280 3989 3375 4045 sed

1788 4092 2122 4149 conversatio
2147 4092 2352 4146 sincera
2382 4101 2433 4144 et
2463 4090 2567 4143 vita
2595 4105 2689 4158 per
2716 4087 2966 4141 virtutem
2997 4092 3282 4140 transacta.

1857 4187 1914 4240 4.
1953 4182 2056 4240 Cur
2098 4184 2323 4238 Christus
2364 4180 2568 4235 Pascha
2612 4178 2873 4233 celebrarit
2914 4176 3006 4231 illo
3053 4187 3378 4245 tempore.—
3433 4211 3435 4213 -

1788 4278 1954 4344 Quam
1988 4277 2144 4345 igitur
2167 4276 2236 4328 ob
2265 4289 2480 4328 causam
2519 4281 2627 4326 tum
2657 4269 2910 4340 temporis
2937 4268 3059 4322 fecit
3087 4265 3373 4322 Christus?

1788 4370 2046 4438 Quoniam
2077 4377 2224 4423 vetus
2268 4366 2466 4421 Pasrha
2501 4365 2656 4418 futuri
2700 4373 2814 4418 erat
2862 4363 3048 4432 figura,
3095 4361 3374 4415 veritatem

1789 4471 1963 4515 autem
1991 4461 2224 4530 oportuit
2248 4459 2367 4512 addi
2393 4458 2592 4524 figurae,
2616 4472 2736 4511 cum
2763 4455 2909 4526 prius
2937 4454 3176 4507 umbram
3200 4463 3373 4507 osten-

1789 4553 1975 4616 disset,
2008 4553 2282 4606 veritatem
2325 4549 2518 4604 deinde
2562 4549 2614 4602 in
2662 4547 2847 4602 eadem
2895 4561 3077 4599 mensa
3129 4544 3370 4598 induxit:

1793 4661 1949 4714 porro
1973 4645 2080 4714 jam
2115 4643 2256 4697 illata
2287 4643 2531 4704 veritate,
2563 4640 2749 4695 utnbra
2796 4639 3052 4708 deinceps
3092 4638 3376 4693 abscondi-

1791 4751 1892 4800 tur,
1923 4753 2095 4808 neque
2117 4736 2227 4807 jam
2253 4736 2482 4805 amplius
2509 4733 2822 4805 tempestiva
2848 4743 2949 4788 est.
2983 4732 3098 4786 Noli
3124 4747 3251 4801 ergo
3274 4730 3374 4784 hoc
3405 4747 3415 4758 '

1789 4830 2099 4893 obtendere,
2127 4831 2218 4884 sed
2262 4828 2392 4882 mihi
2421 4826 2550 4882 illud
2580 4825 2822 4890 ostende,
2858 4825 2924 4878 ita
2956 4823 3068 4878 fieri
3098 4823 3370 4877 Christum

1782 4923 2025 4993 jUSSlSSQ.
2072 4923 2201 4976 Nam
2249 4937 2347 4991 ego
2385 4921 2598 4990 quidem
2625 4918 2948 4973 contrarium
2987 4914 3229 4978 ostendo,
3267 4927 3369 4966 non

1788 5017 1947 5071 modo
1976 5031 2080 5071 non
2117 5017 2342 5084 iussisse
2373 5015 2486 5070 dies
2513 5013 2808 5074 observari,
2855 5010 2948 5064 sed
2979 5012 3138 5064 etiam
3177 5009 3244 5060 ab
3274 5007 3372 5061 hac

1789 5127 1887 5166 nos
1918 5109 2236 5165 necessitate
2266 5107 2541 5163 liberasse.
2570 5104 2704 5158 Audi
2734 5117 2862 5158 sane
2888 5101 3011 5170 quid
3056 5101 3196 5153 dicat
3239 5099 3372 5152 Pau-

1789 5203 1892 5269 lus,
1925 5217 2043 5258 eum
2073 5217 2198 5255 vero
2226 5199 2443 5254 Paulum
2461 5197 2601 5262 dico,
2622 5197 2742 5249 dico
2763 5193 3028 5249 Christum
3057 5210 3068 5245 :
3099 5192 3210 5260 ipse
3229 5190 3368 5243 enim

1787 5303 1869 5349 est
1892 5295 1982 5364 qui
2013 5293 2160 5348 Pauli
2189 5292 2418 5344 animam
2448 5297 2659 5342 movet:
2689 5287 2815 5357 qttid
2864 5285 3022 5356 igitur
3064 5281 3164 5336 iste
3207 5282 3372 5336 dicit?

1785 5387 1907 5441 Dies
1935 5386 2204 5442 observatis
2229 5394 2274 5438 et
2308 5399 2521 5447 menses,
2565 5390 2612 5434 et
2640 5390 2885 5449 tentpora,
2915 5386 2960 5432 et
2987 5392 3166 5429 annos.
3195 5371 3371 5428 Timeo

1785 5497 1890 5546 vos,
1921 5499 1982 5534 ne
2009 5481 2138 5551 forte
2162 5479 2269 5533 sine
2296 5493 2448 5531 causa
2489 5474 2817 5529 laboraverim
2865 5474 2917 5526 in
2961 5472 3099 5526 vobis
3138 5468 3281 5535 (Cal.
3313 5469 3366 5523 4.

1787 5575 1874 5631 10.
1905 5575 1992 5647 11)
2017 5593 2031 5630 :
2055 5585 2107 5629 et
2129 5587 2331 5636 rursus,
2363 5570 2779 5638 Quotiescumque
2792 5568 3173 5625 manducabitis
3187 5579 3368 5634 panem

1785 5671 1934 5733 huttc,
1965 5679 2012 5724 et
2037 5668 2244 5722 calicem
2271 5666 2462 5728 bibatis,
2511 5673 2719 5716 mortem
2761 5664 2965 5716 Donum
3007 5659 3367 5714 annuntinbitis

1789 5764 1864 5834 (1.
1908 5762 2025 5817 Cor.
2058 5762 2145 5817 11.
2177 5758 2292 5830 26).
2335 5759 2771 5826 Quotiescumque
2820 5769 2949 5810 vero
2994 5769 3114 5809 cum
3147 5750 3360 5811 dixerit,

1784 5856 2025 5928 permisit
2055 5855 2158 5911 hoc
2185 5853 2303 5926 ejus
2328 5851 2568 5921 arbitrio,
2595 5851 2681 5924 qui
2709 5848 2934 5915 accedit,
2961 5857 3190 5916 eumque
3217 5839 3362 5897 omni
