3920 6242
543 332 647 388 867

537 434 741 489 dierum
770 434 1137 488 observatione
1162 434 1435 490 liberavit.
1486 435 1599 490 Non
1646 436 1787 489 enim
1820 435 1957 490 idem
1988 444 2111 491 sunt

541 525 739 579 Pascha
780 537 833 580 et
877 525 1286 594 Quadragesuna
1329 526 1463 580 :sed
1510 526 1649 581 aliud
1700 527 1921 593 Pascha,
1968 527 2111 581 aliud

537 616 949 686 Quadragesima
972 635 985 672 :
1012 617 1270 687 siquidem
1288 618 1693 687 Quadragesima
1710 619 1877 675 semel
1896 620 1947 674 in
1973 635 2111 673 anno

540 709 618 775 lit,
652 710 851 765 Pascha
882 711 955 781 (a)
978 726 1103 766 vero
1128 721 1209 766 ter
1237 714 1288 766 in
1319 711 1642 766 hebdomada
1668 753 1682 777 ,
1716 728 2110 783 nonnumquam

535 803 696 857 etiam
718 810 925 872 quater,
950 802 1032 857 vel
1064 804 1238 872 potius
1262 804 1697 873 quotiescumque
1724 804 1987 860 volumus.
2016 804 2113 859 Est

535 892 676 947 enim
698 893 897 947 Pascha
918 908 1022 947 non
1041 892 1322 961 jejunium,
1342 893 1437 948 sed
1453 893 1674 960 oblatio,
1692 902 1746 948 et
1764 892 2108 961 sacriﬁcium,

533 985 676 1055 quod
709 985 759 1038 iu
790 987 1010 1054 singulis
1037 986 1093 1038 Iit
1116 986 1373 1039 collectis.
1404 986 1516 1041 Hoc
1539 995 1716 1041 autem
1748 986 1817 1041 ita
1846 1001 1986 1053 esse,
2005 986 2109 1041 cul-

535 1077 637 1146 lige
658 1092 723 1131 ex
755 1076 838 1129 his
860 1076 1007 1131 Pauli
1036 1078 1227 1141 verbis,
1258 1076 1460 1131 Pascha
1478 1086 1702 1131 nostrum
1727 1095 1818 1147 pro
1847 1078 1987 1133 nobis
2014 1079 2111 1132 im-

534 1170 751 1224 molatus
776 1179 848 1223 est
872 1168 1099 1224 Christus
1140 1172 1214 1242 (l.
1254 1170 1370 1225 Cor.
1411 1172 1463 1226 5.
1489 1171 1567 1241 7),
1608 1180 1662 1226 et
1694 1171 2111 1244 Quotiescumque

534 1260 900 1316 manducabitis
946 1279 1125 1332 panem
1168 1264 1318 1328 hunc,
1362 1272 1409 1315 et
1441 1263 1646 1317 calicem
1683 1264 1872 1331 bibetis,
1899 1275 2109 1318 mortem

542 1352 743 1406 Domini
788 1354 1149 1408 annuntiabitis
1197 1354 1303 1424 (Ib.
1356 1355 1441 1408 ll.
1483 1354 1598 1425 26).
1651 1354 1827 1425 Itaque
1869 1357 2107 1425 quoties-

534 1457 760 1513 cumque
798 1460 917 1498 cum
948 1446 1267 1500 conscientia
1297 1445 1489 1500 munda
1519 1447 1747 1512 accedis,
1782 1446 1981 1502 Pascha
2021 1461 2109 1501 ce-

537 1536 729 1602 lebras,
764 1553 868 1592 non
895 1538 1107 1607 quando
1132 1538 1359 1607 jejunas,
1390 1538 1482 1593 sed
1527 1538 1739 1609 quando
1766 1538 2011 1595 sacriﬁcii
2040 1540 2104 1593 il-

534 1625 632 1679 lius
656 1626 716 1680 lis
734 1628 1014 1697 particeps.
1037 1629 1451 1699 Quotiescumque
1474 1630 1603 1683 enim
1627 1630 1995 1685 manducabitis
2016 1648 2108 1699 pa-

535 1737 645 1774 nem
677 1723 829 1781 hunc.
854 1734 898 1776 et
924 1723 1129 1777 calicem
1160 1724 1346 1787 bibetis,
1376 1734 1586 1777 mortem
1609 1723 1814 1779 Domini
1833 1726 2105 1778 annuntia-

532 1811 664 1865 bitis.
696 1812 894 1867 Pascha
926 1830 1055 1869 vero
1100 1825 1181 1868 est
1211 1825 1436 1869 mortem
1462 1816 1796 1870 annuntiare.
1829 1815 1959 1870 Nam
1986 1832 2105 1886 qua:

532 1901 689 1957 hodie
712 1904 768 1957 ﬁt
794 1906 1011 1968 oblatio,
1045 1921 1268 1993 quazque
1310 1906 1561 1961 hesterno
1584 1907 1671 1962 die
1711 1907 2100 1980 celebrataest,

530 2003 585 2048 et
612 2010 730 2064 qua:
758 1996 977 2067 singulis
1002 1996 1209 2061 diebus,
1235 1998 1422 2053 similis
1447 2006 1530 2053 est
1572 2008 1626 2053 et
1663 1998 1849 2054 eadem
1874 2013 1994 2054 cum
2015 2014 2101 2067 ea,

529 2102 648 2156 quae
678 2088 763 2142 die
792 2090 874 2143 illa
914 2091 1116 2146 sabbati
1145 2095 1277 2147 laeta
1307 2101 1408 2157 est,
1431 2103 1483 2147 et
1511 2093 1676 2149 nihilo
1706 2093 1800 2149 fuit
1826 2094 1912 2148 illa
1939 2109 2102 2150 vene-

532 2178 750 2233 rabilior
770 2179 890 2244 ista,
924 2198 1091 2251 neque
1118 2185 1270 2238 vilior
1295 2184 1407 2239 lucc
1429 2202 1584 2255 quam
1614 2186 1725 2254 illa,
1751 2186 1846 2241 sed
1873 2202 1975 2242 una
2005 2201 2102 2242 ea-

529 2266 759 2338 demque
781 2273 976 2336 pariter
1001 2275 1268 2329 tremenda
1301 2284 1354 2329 et
1378 2277 1640 2331 salutaris.

599 2358 702 2413 Cur
723 2378 812 2427 per
836 2361 904 2417 40
924 2364 1029 2417 dies
1041 2365 1402 2434 jejunetur.—
1424 2367 1590 2433 Quam
1624 2368 1781 2439 igitur
1798 2369 1868 2425 ob
1886 2385 2100 2425 causam

528 2449 849 2518 jejuuamus.
903 2454 1089 2523 inquit,
1138 2471 1231 2523 per
1272 2456 1368 2512 hos
1407 2457 1521 2513 dies
1546 2459 1928 2529 Quadraginta?
1954 2460 2100 2516 Multi

530 2540 792 2607 quondam
840 2551 1036 2597 temere
1072 2559 1133 2598 ac
1161 2546 1277 2600 sine
1299 2546 1518 2616 judicio,
1560 2549 1819 2619 praecipue
1846 2566 1973 2605 vero
2001 2551 2101 2607 hoc

527 2641 768 2702 tempore
796 2650 902 2704 quo
928 2636 1167 2691 Christus
1206 2654 1266 2692 ea
1306 2641 1545 2707 tradidit,
1575 2642 1641 2696 ad
1670 2658 1819 2699 sacra
1848 2645 2098 2716 mysteria

522 2724 863 2781 accedebant.
891 2727 1022 2782 Cum
1050 2728 1209 2798 igitur
1236 2731 1586 2803 intelligerent
1612 2735 1816 2802 Patres,
1843 2746 2097 2807 quantum

528 2830 593 2869 ex
621 2820 905 2873 temerario
952 2836 1170 2877 accessu
1218 2822 1519 2879 detrimenti
1561 2836 1855 2897 caperetur,
1903 2843 2098 2885 conve-

522 2908 727 2964 nientes
766 2911 1117 2984 quadraginta
1162 2914 1276 2970 dies
1301 2916 1508 2986 jejunii,
1538 2934 1778 2989 precum,
1811 2921 2098 2977 auditionis

519 3000 667 3055 verbi
696 3002 809 3069 Dei,
841 3014 895 3058 et
922 3017 1276 3061 conventuum
1299 3008 1667 3080 designarunt,
1698 3022 1755 3068 ut
1782 3014 1832 3068 in
1872 3013 1954 3070 his
1982 3016 2097 3069 die-

520 3093 619 3147 bus
644 3109 830 3150 omnes
857 3111 952 3167 per
992 3113 1201 3168 preces,
1235 3115 1330 3169 per
1371 3101 1786 3175 eleemosynam,
1820 3122 1915 3176 per
1948 3107 2092 3177 jeju-

519 3186 685 3252 nium,
715 3202 807 3255 per
834 3189 1053 3257 vigilias,
1086 3205 1178 3258 per
1204 3191 1484 3262 lacrymas,
1507 3210 1598 3261 per
1617 3194 2004 3251 confessionem
2031 3212 2095 3253 ac

520 3290 614 3343 per
642 3286 830 3332 cmtera
858 3280 1032 3333 omnia
1060 3280 1340 3350 diligenter
1379 3285 1673 3354 expurgati,
1716 3286 1783 3340 ita
1814 3304 1907 3356 pro
1935 3299 2092 3358 captu

517 3376 699 3420 nostro
737 3384 855 3422 cum
899 3373 1217 3427 conscientia
1248 3389 1377 3443 pura
1419 3379 1750 3433 accedamus.
1783 3379 1945 3434 Porro
1975 3381 2090 3435 illos

517 3456 615 3512 hac
643 3473 737 3512 sua
769 3461 1221 3519 condescensione
1271 3481 1518 3537 maguum
1549 3467 1673 3535 quid
1723 3480 1777 3523 et
1819 3474 2086 3540 egregium

515 3552 847 3619 prmstitisse,
882 3555 1007 3610 dtnn
1039 3557 1346 3624 ell'eccrunt,
1381 3571 1437 3614 ut
1467 3561 1517 3615 in
1540 3562 1729 3631 jejunii
1749 3564 2089 3619 consuetudi-

514 3659 635 3697 nem
676 3647 998 3715 veniremus,
1053 3651 1176 3705 inde
1221 3664 1451 3709 constat.
1502 3655 1635 3710 Nam
1682 3672 1779 3712 nos
1800 3658 2012 3729 quidem
2043 3661 2087 3715 si

512 3742 621 3788 toto
647 3751 788 3790 anno
814 3739 1046 3795 clamare
1081 3750 1151 3796 ac
1166 3742 1429 3813 jejunium
1454 3747 1742 3816 praedicare
1773 3765 1875 3804 non
1905 3764 2085 3805 cesse-

509 3843 648 3889 mus,
697 3846 853 3886 nemo
879 3833 1054 3888 verbis
1092 3838 1288 3890 nostris
1314 3840 1548 3893 animum
1578 3842 1803 3896 attendit
1828 3859 1840 3892 :
1873 3843 2013 3913 quod
2041 3845 2087 3898 si

510 3926 710 3972 tantmn
738 3921 1164 3991 Quadragesimte
1188 3937 1396 3999 tempus
1416 3931 1711 3998 advenerit,
1745 3934 1867 3989 licet
1895 3935 2086 3989 cohor-

509 4021 647 4071 tctur
676 4030 851 4080 nemo,
902 4019 1022 4071 licet
1057 4020 1337 4075 consilium
1369 4023 1459 4077 det
1487 4040 1662 4089 nemo,
1695 4028 1855 4081 etiam
1898 4027 1963 4094 is,
1995 4028 2083 4097 qui

510 4108 991 4177 negligentissimus
1018 4109 1195 4175 fuerit,
1224 4114 1505 4179 excitatur,
1529 4126 1582 4170 et
1611 4116 1846 4171 oblatum
1872 4118 1941 4172 ab
1967 4119 2084 4187 ipso

506 4209 744 4267 tempore
771 4203 1050 4259 consilium
1082 4212 1134 4256 et
1164 4205 1583 4261 cobortationcm
1609 4208 1861 4264 admittit.
1896 4209 1951 4266 Si
1981 4211 2082 4280 igi-

506 4299 591 4345 tur
616 4290 904 4361 interroget
935 4303 986 4349 te
1008 4293 1223 4350 Iudaeus
1250 4303 1305 4351 et
1331 4294 1558 4353 Gentilis
1581 4314 1683 4368 qua
1710 4299 1779 4355 de
1817 4315 1976 4356 causa
2001 4301 2081 4370 je-

499 4380 679 4452 juues,
712 4399 778 4438 ne
803 4384 947 4441 dicas
986 4396 1200 4456 prepter
1222 4387 1443 4454 Pascha,
1496 4405 1667 4459 neque
1714 4400 1930 4462 propter
1956 4407 2080 4448 cru-

499 4487 653 4528 cem:
680 4476 755 4530 sic
780 4477 920 4531 enim
947 4493 1130 4534 ansam
1162 4480 1234 4534 illi
1266 4496 1364 4535 nos
1390 4484 1641 4552 arguendi
1670 4485 1957 4554 prmberes.
1976 4485 2079 4540 Ne-

500 4580 604 4637 que
619 4567 760 4622 enim
784 4570 851 4624 ob
874 4570 1409 4644 Paschajcjunanms,
1437 4592 1606 4647 neque
1634 4577 1703 4632 ob
1726 4593 1959 4644 crucem,
1984 4580 2079 4635 sed

501 4661 573 4715 ob
596 4670 810 4730 peccata
833 4675 1033 4734 nostra,
1057 4669 1306 4737 quoniam
1326 4670 1393 4725 ad
1417 4672 1667 4742 mysteria
1689 4688 1873 4728 sumus
1899 4689 2080 4729 acces-

499 4753 611 4807 suri
645 4770 658 4806 :
690 4768 811 4810 nam
840 4756 1035 4828 alioqui
1065 4758 1267 4815 Pascha
1303 4776 1407 4815 non
1433 4762 1639 4832 jejunii,
1670 4780 1843 4835 neque
1883 4766 2077 4833 luctus,

496 4846 592 4901 sed
614 4847 788 4918 gaudii
813 4858 867 4904 et
885 4851 1258 4908 exsultationis
1274 4863 1357 4909 est
1377 4857 1605 4911 occasio.
1630 4857 1768 4915 Crux
1789 4860 1929 4915 enim
1953 4876 2079 4930 pec-

494 4946 672 4993 catum
690 4940 923 5007 sustulit,
955 4943 1185 5013 expiatio
1211 4945 1465 5002 Iuitorhis
1487 4957 1766 5016 terrarum,
1797 4952 2077 5007 inveterati

494 5028 601 5085 odii
634 5033 1014 5101 reconciliatio,
1042 5035 1234 5105 januas
1263 5038 1377 5093 caeli
1416 5041 1644 5108 aperuit,
1673 5056 1768 5097 eos
1792 5043 1881 5113 qui
1909 5044 2077 5099 odiosi

494 5133 667 5193 erant,
686 5127 886 5183 amicos
909 5129 1157 5195 reddidit,
1181 5130 1233 5184 in
1262 5132 1449 5187 caelum
1465 5133 1695 5197 reduxit,
1723 5145 1963 5190 naturam
1990 5152 2079 5191 no-

497 5228 661 5274 stram
688 5222 741 5276 in
758 5221 931 5278 throni
957 5223 1173 5279 dextera
1191 5225 1486 5294 collocavit,
1506 5228 1607 5282 alia
1631 5228 1783 5283 nobis
1800 5229 2075 5288 innumera

496 5312 630 5366 bona
658 5313 839 5385 largita
860 5327 961 5371 est.
980 5316 1094 5371 Non
1124 5318 1282 5387 igitur
1302 5320 1482 5390 lugere
1497 5338 1557 5375 ac
1581 5338 1811 5378 maerore
1832 5327 2075 5382 contrahi

495 5415 723 5473 oportet,
781 5407 873 5463 sed
923 5408 1111 5464 horum
1149 5402 1385 5467 omnium
1416 5429 1574 5469 causa
1603 5416 1835 5485 gaudere
1872 5432 1935 5472 ac
1980 5419 2074 5473 la:-

554 5583 626 5644 (a)
646 5585 817 5659 Pascha
840 5587 932 5659 hoc
951 5586 1055 5659 loco
1073 5589 1358 5659 intelligitur
1374 5591 1652 5659 sacriﬁcium
1678 5602 1729 5645 et
1745 5594 2075 5659 litnrgia,quze

492 5644 791 5721 Alesandria:
817 5660 893 5721 ter
921 5652 968 5698 in
1006 5644 1304 5721 bebdpnufda
1338 5653 1695 5721 celebrabatur,
1737 5666 1789 5707 et
1823 5644 2076 5721 aliquando

488 5717 679 5781 quater.
703 5712 1048 5781 (ma_de_re_gad
1072 5713 1253 5781 calcem
1285 5729 1487 5781 operum
1509 5712 1824 5781 Οιιιδξδοειουιί
1850 5712 1953 5770 tuae
1977 5722 2074 5771 dis-

490 5773 749 5831 putabitur,
774 5775 855 5822 ubi
877 5773 939 5821 de
960 5774 1150 5838 liturgta
1166 5773 1330 5826 sermo
1355 5780 1461 5826 erit.

518 6004 537 6029 1

1278 318 1335 376 S.
1375 318 1650 377 JOANNIS
1686 320 2151 377 CIIBYSOSTOMI
2192 318 2505 378 ARCIllEP.
2547 322 3081 381 CONSTAN'I'INOP.

3694 325 3795 382 868

2219 435 2336 488 tari.
2364 435 2653 505 Propterea
2673 452 2882 507 quoque
2904 436 3036 489 dixit
3066 435 3293 491 Paulus:
3317 435 3448 491 Mihi
3474 445 3643 490 autem
3668 440 3795 490 absit

2215 526 2442 596 gloriari,
2474 528 2569 581 nisi
2598 528 2648 580 in
2674 544 2821 581 cruce
2856 527 3058 580 Domini
3093 528 3251 580 nostri
3274 526 3307 579 Ι
3312 544 3399 581 esu
3432 527 3623 583 Christi
3651 529 3787 599 (Gal.

2216 617 2269 672 6.
2315 619 2434 686 M):
2464 626 2516 673 et
2556 634 2740 673 rursus
2768 638 2780 672 :
2812 619 3141 673 Commendat
3169 631 3334 674 autem
3363 622 3625 676 caritatem
3652 640 3791 676 suam

2215 706 2354 762 Deus
2381 726 2498 778 erga
2527 726 2657 764 nos:
2688 712 2924 778 quoniam
2964 728 3079 765 cum
3120 712 3286 765 adhuc
3330 724 3615 780 peccatores
3661 730 3790 767 esse-

2216 816 2347 862 mus,
2377 800 2605 854 Christus
2645 818 2736 871 pro
2781 800 2922 856 nobis
2955 813 3182 857 mortuus
3209 813 3283 858 est
3319 802 3495 872 (Rom.
3528 805 3580 860 5.
3617 805 3715 875 8):
3741 817 3791 861 et

2214 890 2444 947 Joannes
2463 893 2531 946 ita
2553 893 2707 961 plane
2730 894 2960 963 loquitur
2984 913 2996 949 :
3024 895 3113 950 Sic
3132 896 3265 951 enim
3284 895 3417 951 Deus
3440 898 3622 951 dilexit
3640 915 3786 951 mun-

2215 982 2335 1034 dum
2361 982 2539 1051 (Joan.
2574 984 2627 1037 3.
2654 983 2765 1054 16).
2797 984 3097 1052 Quomodo,
3129 986 3345 1056 quaeso?
3376 988 3442 1042 Et
3468 988 3585 1042 aliis
3611 992 3790 1043 omni-

2213 1071 2313 1127 bus
2344 1072 2712 1141 prtetermissis
2737 1090 2947 1130 crucem
2976 1077 3171 1146 posuit.
3212 1077 3345 1131 Cum
3370 1079 3513 1132 enim
3544 1079 3786 1145 dixisset,

2213 1163 2305 1219 Sic
2328 1161 2465 1218 Deus
2484 1164 2658 1219 dilexit
2682 1166 2943 1232 mundum,
2970 1168 3181 1238 adjecit,
3208 1168 3273 1228 Ut
3291 1168 3338 1223 F
3339 1170 3479 1247 ilium
3502 1187 3653 1224 suum
3673 1173 3791 1225 uui-

2212 1259 2432 1329 genitum
2458 1258 2620 1324 daret,
2646 1267 2704 1314 ut
2723 1261 3137 1329 cruciﬁgeretur,
3162 1271 3219 1315 ut
3246 1263 3430 1331 omnis,
3450 1264 3536 1333 qui
3556 1264 3716 1317 credit
3738 1265 3790 1317 in

2212 1367 2342 1414 eum,
2374 1367 2473 1405 non
2500 1360 2687 1422 pereat,
2725 1352 2814 1405 sed
2851 1353 3029 1405 habeat
3070 1354 3223 1407 vitam
3262 1366 3519 1407 (sternam.
3560 1352 3615 1410 Si
3663 1370 3792 1425 ergo

2211 1441 2447 1495 caritatis
2472 1443 2682 1497 occasio
2708 1457 2837 1497 crux
2866 1453 2968 1509 est,
2997 1454 3049 1498 et
3069 1444 3330 1513 gloriatio,
3352 1461 3418 1500 ne
3436 1445 3678 1501 dicamus
3694 1462 3790 1502 nos

2210 1532 2326 1601 ejus
2353 1548 2511 1587 causa
2534 1534 2730 1604 lugere.
2764 1533 2877 1588 Non
2908 1536 3051 1590 enim
3074 1536 3142 1590 ob
3168 1536 3308 1590 illam
3334 1520 3593 1607 lugemus,
3626 1537 3787 1601 absit,

2209 1624 2302 1679 sed
2324 1624 2392 1678 ob
2412 1632 2593 1678 nostra
2623 1636 2855 1694 peccata.
2878 1626 3079 1681 Idcirco
3098 1628 3417 1697 jejunamus.

2280 1716 2333 1769 5.
2374 1715 2722 1771 Catechumeni
2741 1734 2841 1771 non
2866 1718 3114 1772 celebrant
3142 1718 3365 1773 Pascha.
3389 1750 3459 1760 -—
3478 1720 3619 1776 Sane
3642 1720 3792 1777 Cato-

2208 1808 2504 1864 chumenus
2529 1826 2813 1882 numquam
2838 1811 3035 1867 Pascha
3062 1812 3312 1876 celebrat,
3331 1813 3791 1883 quamvisjejnnet

2208 1900 2429 1968 singulis
2470 1903 2642 1966 annis,
2692 1904 2939 1971 quoniam
2971 1902 3221 1958 oblationi
3253 1920 3356 1958 non
3400 1907 3787 1973 communicat,

2208 1990 2652 2060 quemadmodum
2683 2002 2735 2047 et
2754 1993 2842 2063 qui
2869 2009 2975 2046 non
3004 1993 3231 2063 jejunat,
3261 1996 3303 2047 si
3333 2010 3452 2049 cum
3484 2011 3614 2064 pura
3642 2012 3790 2051 acce-

2208 2080 2299 2136 dat
2314 2082 2659 2148 conscientia,
2678 2082 2882 2138 Pascha
2908 2084 3161 2146 celebrat,
3186 2086 3297 2140 sive
3318 2085 3495 2152 hodie,
3512 2086 3626 2141 sive
3643 2103 3785 2153 cras,

2207 2173 2321 2228 sive
2349 2171 2453 2228 alio
2479 2178 2667 2244 quovis
2700 2183 2938 2244 tempore
2966 2176 3351 2231 communionis
3379 2177 3467 2230 tiat
3495 2178 3784 2247 particeps.

2207 2265 2322 2320 Non
2365 2267 2508 2322 enim
2550 2282 2617 2323 ex
2658 2278 2954 2338 temporum
3000 2269 3388 2336 observatione,
3420 2271 3512 2326 sed
3543 2288 3611 2327 es
3653 2288 3787 2341 pura

2206 2358 2527 2413 conscientia
2552 2360 2784 2429 optimus
2808 2360 3074 2429 judicatur
3108 2376 3374 2416 accessus.
3417 2363 3489 2417 At
3530 2378 3629 2416 nos
3667 2380 3788 2418 con-

2208 2446 2422 2504 trarium
2449 2449 2672 2521 agimus,
2692 2460 2920 2507 mentem
2942 2454 3152 2522 quidem
3170 2469 3273 2508 non
3290 2469 3665 2524 espurgamus.
3690 2457 3783 2510 sed

2205 2540 2248 2594 si
2264 2539 2351 2595 die
2376 2540 2465 2595 illo
2485 2542 2813 2605 accedamus,
2838 2544 3107 2599 celebrare
3133 2560 3229 2599 nos
3250 2544 3446 2599 Pascha
3475 2559 3782 2610 censemus,

2204 2635 2542 2703 quantumvis
2572 2637 2802 2705 peccatis
2830 2638 3205 2693 redundemus.
3232 2639 3335 2693 Sed
3366 2656 3471 2693 non
3509 2641 3580 2694 ita
3612 2655 3672 2694 se
3699 2656 3784 2694 res

2205 2724 2385 2791 habet,
2413 2743 2517 2782 non
2543 2729 2612 2783 ita
2639 2729 2812 2798 plane,
2835 2746 3018 2785 verum
3047 2732 3169 2787 licet
3197 2734 3280 2788 vel
3320 2733 3370 2787 in
3402 2734 3516 2803 ipso
3559 2735 3786 2791 sabbato

2203 2831 2322 2872 cum
2354 2834 2513 2888 prava
2552 2823 2840 2877 accesseris
2863 2825 3206 2889 conscientia,
3234 2828 3473 2881 excidisti
3494 2842 3522 2881 a
3548 2843 3784 2882 commuto

2202 2911 2383 2979 nione,
2406 2922 2459 2967 et
2479 2929 2582 2968 non
2611 2915 2877 2970 celebrato
2899 2917 3099 2974 Pascha
3120 2920 3383 2975 recessisti
3404 2937 3418 2976 :
3441 2920 3783 2992 quemadmo-

2201 3002 2326 3058 dum
2360 3015 2562 3072 contra,
2605 3007 2725 3063 licet
2752 3009 2907 3064 hodie
2932 3012 3289 3066 eommuniees
3316 3012 3570 3067 abstersis
3600 3027 3782 3083 pecca-

2203 3095 2289 3162 tis,
2312 3096 2589 3168 diligenter
2626 3099 2826 3155 Pascha
2856 3101 3155 3157 celebrasti.
3200 3102 3345 3157 llanc
3376 3103 3531 3173 igitur
3556 3103 3782 3174 diligen-

2200 3188 2325 3241 tiam
2348 3198 2616 3257 Oporteret
2642 3206 2703 3244 ac
2731 3190 3115 3247 vehementiam
3142 3208 3245 3247 non
3273 3194 3322 3248 in
3354 3203 3650 3262 temporum
3681 3195 3782 3248 ob-

2198 3282 2518 3345 servatione,
2550 3282 2643 3336 sed
2668 3283 2716 3336 in
2744 3298 2961 3338 accessu
2982 3298 3193 3339 servare
3214 3303 3227 3338 :
3250 3297 3304 3340 et
3326 3286 3777 3356 quemadmodum

2199 3373 2406 3441 quidvis
2432 3374 2632 3442 perpeti
2663 3373 2907 3438 malletis,
2938 3390 3097 3444 quam
3123 3376 3557 3430 consuetudinem
3583 3378 3779 3430 immu-

2199 3474 2341 3520 tare:
2370 3467 2440 3520 ita
2470 3467 2736 3537 negligere
2756 3468 2966 3538 quidem
2990 3468 3091 3524 hoc
3118 3480 3405 3538 oporteret,
3426 3470 3637 3540 quidvis
3683 3486 3780 3526 au-

2198 3569 2303 3614 tem
2332 3562 2534 3629 perpeti
2564 3576 2625 3615 ac
2655 3561 2928 3631 perlicere,
2959 3572 3015 3617 ut
3040 3578 3107 3618 ne
3130 3578 3249 3618 cum
3279 3564 3507 3632 peccatis
3542 3564 3776 3618 accede-

2194 3651 2342 3705 rctis.
2373 3651 2442 3707 Ut
2482 3652 2623 3707 enim
2656 3653 2918 3724 intelligas
2960 3653 3124 3709 Deum
3168 3654 3361 3708 nullam
3394 3663 3695 3724 temporum
3724 3664 3778 3710 et

2192 3742 2582 3798 observationis
2620 3744 2771 3799 istius
2801 3745 2995 3801 habere
3020 3747 3300 3812 rationem,
3329 3746 3449 3800 audi
3476 3762 3597 3802 eum
3628 3746 3777 3815 judi-

2191 3837 2329 3889 cium
2378 3846 2719 3893 exercentem
2748 3856 2760 3891 :
2786 3838 3100 3894 Esuricntem
3138 3856 3215 3893 me
3248 3840 3454 3901 vidistis,
3499 3840 3694 3910 inquit,
3729 3851 3775 3894 et

2190 3926 2386 3981 aluistis
2407 3945 2483 3981 me
2498 3942 2519 3983 :
2534 3929 2800 3993 sitientem,
2822 3939 2868 3983 et
2888 3930 3093 3984 dedistis
3114 3931 3235 3983 mihi
3256 3942 3425 3999 potum
3446 3946 3465 3984 .'
3485 3932 3700 3997 nudum,
3727 3942 3775 3985 et

2190 4021 2457 4089 aperuistis
2502 4037 2580 4074 me
2624 4019 2835 4093 (Matth.
2861 4020 2946 4077 25.
2983 4022 3110 4089 55):
3141 4032 3193 4077 et
3237 4022 3319 4077 his
3360 4024 3504 4091 quia
3535 4024 3773 4077 sinistris

2188 4119 2313 4164 sunt
2339 4112 2601 4165 contraria
2621 4113 2921 4181 exprobrat.
2944 4112 3010 4166 Et
3037 4128 3222 4167 rursus
3242 4113 3400 4170 alium
3426 4115 3772 4174 introducens

2188 4205 2259 4258 ob
2287 4204 2708 4259 recordationem
2739 4205 3048 4281 injuriarum
3089 4205 3310 4275 castigat
3344 4222 3359 4261 :
3403 4206 3557 4261 Serve
3599 4212 3770 4276 enim,

2188 4297 2375 4368 inquit,
2409 4315 2642 4369 nequam,
2672 4315 2817 4353 omne
2844 4299 3066 4351 debitum
3094 4299 3224 4353 illud
3260 4300 3427 4353 dimisi
3455 4301 3577 4365 tibi;
3605 4319 3774 4356 nam

2186 4392 2407 4464 Oportuit
2428 4402 2476 4445 et
2504 4403 2549 4445 te
2577 4392 2797 4445 misereri
2824 4392 3045 4446 conservi
3089 4393 3182 4455 tui,
3222 4392 3350 4445 sicut
3376 4402 3422 4446 et
3451 4410 3542 4464 ego
3572 4396 3647 4447 tui
3675 4398 3767 4446 mi.

2185 4495 2346 4540 sertas
2386 4503 2497 4540 sum
2525 4484 2639 4554 (Id.
2697 4484 2782 4539 18.
2818 4485 2941 4553 52)?
2972 4486 3172 4539 Rursus
3213 4486 3465 4555 virgines,
3515 4490 3768 4557 quOniam

2185 4579 2361 4634 oleum
2393 4580 2442 4632 in
2469 4578 2803 4648 lampadibus
2843 4593 2948 4632 non
2977 4578 3239 4633 habebant
3267 4577 3376 4650 (Id.
3399 4580 3489 4635 9.5.
3521 4582 3576 4634 7.
3608 4584 3765 4650 ειμι),

2185 4688 2214 4726 a
2238 4671 2470 4726 thalamo
2490 4670 2667 4740 sponsi
2694 4670 2917 4724 exclusit
2941 4687 2954 4723 :
2986 4670 3169 4729 alium.
3198 4670 3334 4739 quod
3360 4671 3654 4738 nuptialem
3679 4688 3769 4725 ve-

2184 4770 2318 4817 stem
2350 4777 2455 4816 non
2486 4762 2685 4816 habens
2726 4770 2869 4816 esset
2910 4761 3179 4832 ingressus
3218 4760 3326 4831 (Id.
3377 4761 3584 4817 22.11.
3608 4766 3765 4833 ειη),

2183 4854 2277 4909 sed
2298 4854 2525 4909 sordidis
2553 4862 2694 4908 esset
2727 4854 3053 4909 vestimentis
3079 4854 3310 4914 indutus.
3341 4853 3697 4911 fornicatione
3716 4866 3767 4909 ct

2185 4946 2489 5016 impuritate
2516 4955 2833 5015 coopertus:
2858 4945 2995 5015 quod
3023 4954 3198 4999 autem
3231 4944 3329 4999 hoc
3357 4945 3439 4999 vel
3465 4945 3560 5001 illo
3583 4962 3765 5001 mense

2184 5039 2382 5094 Pascha
2414 5038 2619 5104 fecerit,
2648 5053 2804 5093 nemo
2832 5053 3079 5109 umquam
3108 5039 3319 5108 punitus
3340 5046 3437 5103 est,
3462 5049 3556 5094 aut
3585 5055 3765 5110 repre-

2185 5130 2401 5185 hensus.
2429 5130 2533 5185 Sed
2561 5130 2684 5201 quid
2713 5145 2810 5199 ego
2838 5129 2905 5184 de
2942 5130 3092 5185 nobis
3124 5130 3309 5199 loquor
3346 5130 3414 5183 ab
3440 5134 3589 5184 omni
3621 5131 3762 5199 ejus-

2184 5224 2325 5278 modi
2347 5223 2532 5293 quavis
2556 5224 2869 5278 necessitate
2902 5223 3160 5284 liberatis,
3190 5232 3243 5277 et
3268 5237 3491 5292 quorum
3531 5237 3756 5277 conver-

2182 5314 2317 5369 satio
2341 5330 2549 5369 sursum
2596 5315 2645 5368 in
2676 5315 2819 5368 carlis
2848 5324 2948 5380 est,
2981 5314 3069 5369 ubi
3101 5329 3309 5369 menses
3337 5324 3389 5368 et
3416 5312 3498 5366 sol
3529 5323 3583 5366 et
3616 5314 3751 5376 luna,

2182 5418 2235 5461 et
2260 5422 2516 5461 annorum
2548 5422 2651 5461 neu
2680 5417 2763 5462 est
2791 5408 3081 5463 circuitus?
3104 5407 3181 5462 Ne
3222 5406 3356 5477 apud
3398 5405 3617 5459 Iudaeos
3647 5410 3752 5476 qui-

2181 5499 2322 5565 dem,
2374 5500 2417 5553 si
2462 5500 2580 5569 quis
2623 5500 2905 5570 diligeuter
2946 5501 3177 5555 animum
3206 5497 3476 5554 attendere
3505 5498 3749 5557 voluerit,

2183 5592 2433 5663 temporis
2463 5606 2705 5663 magnam
2734 5592 2963 5648 habitam
2991 5608 3110 5649 esse
3133 5593 3387 5649 rationem
3418 5589 3644 5650 videbit.
3664 5588 3750 5643 sed

2182 5684 2634 5753 Jerosnlymorum
2658 5686 2732 5742 illi
2760 5686 2923 5742 fuisse
2942 5688 3111 5742 locum
3137 5685 3439 5738 antelatum.
3468 5680 3604 5736 Nam
3626 5698 3748 5752 quo-

2185 5777 2325 5832 niam
2355 5788 2420 5832 att
2451 5778 2685 5843 Moysem
2712 5783 3025 5842 accedentes
3040 5783 3289 5843 dicebant
3314 5802 3327 5839 :
3351 5780 3629 5837 Immuudi
3665 5792 3749 5833 u-
