3832 6256
41 356 141 404 δύυ

38 483 143 518 mus
174 483 324 536 super
348 468 585 528 animum,
616 465 864 533 quomodo
890 483 990 520 non
1014 469 1366 538 fraudabimur
1391 472 1459 524 ad
1483 472 1608 538 οῇθο

37 558 243 609 rcudum
260 557 393 608 dona
412 555 623 619 Domino
640 554 823 626 (Num.
846 557 898 612 9.
917 558 1008 626 7)?
1030 560 1174 613 State
1196 561 1327 626 istic,
1352 562 1540 632 inquit,
1563 572 1608 616 et

38 649 299 713 o/feremus
345 647 411 697 ad
461 646 620 700 Deum
674 646 783 718 (Ib.
813 667 862 703 tt.
894 651 975 719 8).
1019 652 1216 706 Deinde
1245 667 1363 707 cum
1394 653 1607 708 retulis-

36 746 131 797 set,
163 739 329 806 legem
360 736 565 802 detulit,
600 755 718 807 qua:
745 742 1117 809 prircipiebat:
1144 742 1205 797 Si
1240 744 1351 813 quis
1383 745 1605 798 immun-

36 830 123 879 dus
145 828 294 893 fuerit
313 845 465 896 super
484 830 703 882 animam
723 831 800 884 vel
821 834 871 885 in
893 836 969 885 via
992 832 1163 904 longa,
1185 844 1231 888 et
1248 835 1409 904 primo
1439 853 1606 891 mense

38 918 232 972 Pascha
255 923 417 989 facere
445 938 544 974 non
569 926 802 991 poluerit,
833 926 980 995 faciet
1008 927 1060 980 in
1085 930 1301 981 secundo
1329 927 1604 995 (Ib.v.10).

38 1011 237 1079 Ergone
266 1011 403 1079 apud
428 1011 642 1067 Judmos
673 1016 922 1085 temporis
946 1017 1168 1073 solvitur
1193 1019 1513 1090 observatio,
1547 1033 1604 1079 ut

37 1101 373 1171 .lerosolymis
395 1102 595 1158 Pascha
614 1106 913 1162 celebretur
933 1125 944 1160 :
968 1117 1022 1163 et
1044 1118 1098 1163 tu
1118 1111 1457 1167 concordiam
1480 1129 1599 1169 cum

39 1193 266 1249 Erclesia
299 1196 519 1263 tempori
547 1211 649 1249 non
676 1198 958 1261 anteieres,
985 1201 1077 1255 sed
1103 1211 1157 1255 ut
1177 1202 1292 1258 dies
1317 1204 1602 1261 observare

37 1286 275 1351 videaris,
305 1302 639 1341 communem
669 1292 904 1345 omnium
928 1302 1167 1347 neStrum
1209 1305 1432 1351 matrem
1464 1296 1601 1365 inju-

35 1380 104 1430 ria
130 1378 346 1443 al'licies,
373 1388 428 1433 et
449 1391 767 1435 conventum
795 1397 1004 1439 sacrum
1026 1385 1268 1442 divides?
1289 1388 1416 1454 Quis
1443 1390 1601 1459 igitur

36 1469 175 1522 venia
208 1477 260 1523 te
302 1469 518 1539 dignum
560 1472 819 1540 censebit,
868 1475 957 1545 qui
1001 1476 1145 1532 nulla
1183 1478 1250 1533 de
1287 1495 1445 1535 causa
1478 1480 1597 1537 talia

37 1568 243 1626 peccare
273 1560 438 1613 velis?

102 1648 300 1703 Pascha
326 1666 425 1703 non
456 1667 717 1720 possumus
741 1654 1019 1721 observare,
1071 1676 1169 1729 quo
1206 1660 1289 1715 die
1324 1664 1599 1731 cruciﬁxus

35 1754 100 1793 est
120 1740 360 1794 Christus.
388 1771 458 1781 -—
484 1744 616 1809 Quid
647 1756 822 1799 autem
861 1747 929 1801 de
967 1747 1165 1805 Judteis
1201 1752 1427 1821 loquor?
1464 1753 1596 1810 Nam

38 1852 94 1887 ne
122 1848 214 1886 nos
241 1834 455 1903 quidem
482 1837 639 1890 etiam
665 1840 709 1892 si
734 1839 1077 1896 vehementer
1104 1844 1381 1913 cupiamus
1411 1857 1466 1901 et
1497 1864 1595 1901 an-

37 1926 273 1989 nitamur,
304 1924 443 1979 diem
476 1927 621 1981 illum
669 1932 886 1985 omnino
934 1934 1221 1991 observare
1266 1951 1440 2006 posse,
1488 1954 1594 2009 quo

33 2014 306 2069 cruciﬁxus
349 2027 448 2074 est.
483 2019 604 2074 inde
631 2031 856 2077 constat.
885 2022 1033 2080 Licet
1057 2027 1198 2081 enim
1232 2037 1591 2100 transgresso-

34 2121 110 2160 res
134 2106 298 2161 Judaei
327 2124 430 2163 non
461 2110 700 2176 fuissent,
729 2130 903 2186 neque
930 2120 1119 2188 ingrati
1152 2119 1390 2187 fuissent,
1420 2139 1592 2195 neque

33 2196 229 2265 stupidi,
264 2213 439 2268 neque
464 2201 674 2257 desides
702 2219 765 2259 ac
789 2216 1206 2279 contemptores,
1239 2228 1410 2284 neque
1438 2230 1467 2268 a
1496 2231 1590 2283 pa-

33 2289 179 2342 ternis
198 2288 385 2345 ritibus
407 2292 743 2362 excidissent,
770 2298 861 2352 sed
888 2314 981 2355 eos
1002 2302 1288 2359 etiamnum
1309 2305 1591 2377 diligenter

33 2379 376 2444 observarent,
409 2399 475 2438 ne
503 2385 580 2438 sic
606 2387 819 2456 quidem
849 2388 961 2445 ﬁeri
992 2402 1190 2462 posset,
1243 2405 1302 2451 ut
1341 2414 1441 2454 nos
1468 2400 1591 2455 illo-

33 2486 130 2523 rum
152 2473 385 2543 vestigiis
407 2476 697 2533 insistendo
717 2481 854 2537 diem
878 2484 1033 2539 istum
1056 2502 1162 2556 quo
1186 2490 1466 2547 crucifixus
1481 2505 1583 2557 est,

33 2569 74 2613 et
101 2561 289 2616 Pascha
319 2566 628 2632 celebravit,
651 2586 1076 2642 assequeremur.
1111 2579 1226 2645 Quo
1257 2598 1384 2637 vero
1408 2595 1582 2653 pacto,

33 2667 115 2720 ego
138 2653 324 2707 dicam.
372 2659 593 2723 Quando
634 2664 915 2720 crucifixus
942 2678 1044 2734 est,
1091 2679 1199 2724 tum
1242 2675 1441 2742 primus
1469 2677 1586 2733 dies

33 2756 308 2812 azymorum
337 2758 471 2814 erat,
495 2759 549 2804 et
579 2767 893 2820 parasceve:
926 2758 1040 2813 haec
1066 2762 1206 2816 enim
1232 2773 1452 2836 utraque
1471 2769 1584 2823 tieri

33 2835 207 2903 nequit,
239 2846 293 2891 ut
320 2850 575 2909 perpetuo
600 2857 939 2904 concurrant.
972 2851 1106 2907 Ecce
1128 2869 1355 2925 namque
1377 2835 1584 2927 primus

33 2926 124 2980 dies
147 2943 450 2999 azymorum
476 2932 579 2990 hoc
606 2950 747 2992 anno
773 2939 825 2994 in
849 2940 1169 2999 dominicum
1200 2947 1339 3004 diem
1371 2926 1577 3020 incidit,

33 3027 73 3071 et
94 3022 299 3076 omnino
332 3038 549 3082 necesse
565 3038 666 3093 est,
687 3039 747 3084 ut
771 3040 878 3088 tota
900 3034 1229 3093 hebdomade
1254 3040 1578 3114 jejuncmus,

33 3120 67 3163 et
88 3114 395 3183 cum‘passio
420 3118 754 3187 praeterierit,
777 3133 830 3178 et
850 3139 979 3181 crux
999 3127 1293 3199 advenerit,
1321 3143 1376 3189 et
1400 3151 1577 3192 resur-

33 3202 191 3267 rectio,
222 3219 319 3258 nos
349 3205 525 3262 adhuc
548 3208 853 3278 jejunantes
882 3232 1209 3276 maneamus.
1241 3224 1305 3278 Et
1333 3239 1579 3296 saepenu-

33 3308 153 3349 mero
177 3297 309 3352 istud
336 3301 549 3369 accidit,
580 3315 637 3360 ut
666 3316 784 3375 post
807 3323 1043 3377 crucem,
1087 3326 1203 3384 post
1230 3322 1576 3379 resurrectio-

33 3400 148 3449 nem,
178 3385 502 3447 bebdomada
545 3397 777 3453 nondum
804 3402 1068 3473 absoluta,
1091 3407 1349 3478 jejunium
1391 3414 1574 3472 obser-

33 3492 202 3532 vemus.
232 3481 301 3535 Ita
332 3485 476 3540 nulla
505 3493 757 3559 temporis
782 3504 864 3549 est
892 3497 1213 3556 observatio.

81 3570 127 3623 6.
165 3572 236 3628 Ne
281 3575 441 3645 igitur
482 3584 882 3650 contendamus,
940 3605 1073 3647 neve
1124 3594 1253 3650 illud
1298 3597 1568 3671 dicamus,

34 3674 150 3718 anto
171 3674 405 3737 tempore
419 3670 673 3741 jejunavi,
696 3686 749 3732 et
776 3695 915 3736 nunc
938 3698 1140 3740 morem
1170 3690 1419 3747 mutabo?
1438 3670 1569 3749 Pro?

34 3766 121 3819 iter
139 3755 232 3813 hoc
257 3760 428 3828 ipsum
455 3775 597 3819 muta
619 3784 632 3820 :
655 3770 794 3837 quod
818 3783 921 3827 tam
950 3777 1120 3831 multo
1147 3788 1383 3852 tempore
1408 3785 1569 3842 fueris

34 3847 79 3899 ib
105 3850 323 3907 Ecclesia
353 3855 575 3924 divisus,
617 3860 683 3915 ad
729 3874 951 3921 matrem
983 3868 1232 3943 deinceps
1275 3888 1561 3934 revertere.

33 3937 165 3995 ,‘iemo
190 3943 334 4012 dicit,
368 3949 792 4020 quandoquidem
821 3965 966 4012 tanto
998 3937 1237 4032 tempore
1264 3965 1565 4025 inimicitias

34 4034 228 4102 :xercui,
262 4052 405 4091 nunc
430 4043 758 4098 reconciliari
785 4062 871 4101 me
898 4050 1079 4118 pudet.
1111 4053 1202 4108 Est
1226 4057 1367 4112 enim
1396 4060 1565 4129 pudor

34 4129 65 4172 at
86 4122 356 4191 ignominia
378 4144 483 4184 non
506 4131 557 4185 in
586 4135 775 4191 melius
810 4141 1026 4206 mutari,
1056 4143 1148 4199 sed
1180 4145 1232 4200 in
1258 4147 1561 4219 importuna

34 4218 329 4275 :ontentione
358 4223 661 4291 persistere.
709 4228 820 4284 Hoc
858 4231 1070 4289 Judaaos
1101 4237 1259 4293 etiam
1311 4218 1559 4311 perdidit,

34 4306 92 4371 tui
116 4308 228 4361 dum
269 4322 501 4368 veterem
544 4322 976 4379 consuetudinem
1023 4341 1237 4399 semper
1265 4332 1557 4404 inquirunt,

34 4396 73 4448 Id
88 4397 393 4468 impietatem
422 4404 853 4466 devolvebantur.

78 4490 217 4547 Pauli
263 4492 549 4568 exemplum
579 4506 833 4574 prapouit.
858 4509 1049 4564 --Sed
1090 4513 1213 4581 quid
1248 4529 1347 4584 ego
1370 4516 1438 4573 de
1473 4518 1558 4587 je-

37 4585 141 4635 unio
178 4586 481 4659 dierumque
521 4595 892 4654 observatione
936 4602 1095 4659 verba
1138 4605 1316 4662 facio?
1366 4610 1558 4667 Paulus

34 4687 161 4740 egem
200 4692 408 4736 servare
439 4698 543 4738 non
573 4686 879 4756 desinebat,
922 4705 974 4747 et
1003 4698 1197 4751 multos
1244 4700 1450 4757 labores
1494 4720 1557 4761 ac

34 4762 211 4821 odores
237 4771 558 4838 sustinebat,
587 4784 641 4830 et
673 4780 865 4835 multas
895 4786 1375 4858 peregrinationes,
1419 4797 1556 4849 mul-

34 4864 180 4918 asque
204 4860 334 4914 alias
362 4878 625 4920 :erumnas
654 4868 931 4937 tolerabat,
962 4885 1121 4943 atque
1149 4894 1335 4937 omnes
1365 4895 1555 4940 comta-

34 4961 123 5000 teos
146 4964 263 5004 suos
284 4953 516 5023 diligenti
544 4959 810 5028 religionis
840 4963 984 5019 illius
1007 4968 1376 5029 observatione
1392 4990 1553 5047 supe-

34 5034 173 5089 aliat:
222 5054 580 5101 verumtamen
609 5059 883 5121 postquam
909 5055 974 5109 ad
1000 5071 1262 5115 summum
1284 5034 1553 5136 religionis

34 5124 130 5178 llius
155 5130 406 5201 fastigium
440 5151 787 5209 pervenerat,
829 5159 947 5199 cum
978 5149 1322 5212 intellexisset
1352 5159 1402 5213 in
1432 5176 1553 5229 per-

33 5216 174 5273 lltlcm
199 5238 256 5277 ac
281 5225 649 5285 detrimentum
677 5248 737 5289 se
757 5245 943 5292 cuncta
958 5252 1235 5308 praestare.
1259 5250 1532 5308 confestim

34 5317 217 5402 putatus
256 5326 353 5370 est.
379 5318 489 5374 Nec
536 5323 675 5392 apud
703 5340 763 5380 se
787 5327 921 5384 dixit
949 5348 962 5385 :
1012 5334 1136 5402 quid
1165 5334 1267 5392 hoc
1297 5341 1371 5394 rei
1421 5348 1546 5399 est?

33 5393 49 5443 Γ
52 5407 158 5449 aulo
178 5405 345 5460 studio
370 5408 622 5467 fraudor?
647 5414 873 5473 Tantum
901 5393 1137 5478 laborem
1166 5429 1391 5485 amitto?
1436 5432 1549 5490 lmo

34 5501 121 5540 tero
148 5507 350 5563 propter
377 5501 477 5557 hoc
506 5505 674 5573 ipsum
703 5510 860 5566 citius
882 5523 965 5569 est
993 5526 1223 5575 mutatus
1241 5562 1257 5586 ,
1292 5538 1359 5578 ne
1384 5526 1548 5582 detri-

34 5592 220 5638 nentum
248 5589 369 5645 illud
398 5594 584 5650 iterum
615 5609 903 5671 pateretur,
950 5621 1014 5661 ac
1055 5609 1308 5677 justitiam
1335 5631 1401 5671 ex
1428 5618 1546 5689 lege

34 5679 319 5742 antempsit,
352 5694 405 5736 nt
428 5684 546 5740 ﬁdei
568 5688 826 5756 justitiam
854 5698 1135 5768 acciperet,
1165 5713 1218 5759 et
1237 5706 1432 5764 clamat
1457 5679 1541 5766 di-

34 5766 153 5817 :cnsz
178 5766 295 5832 Quae
314 5774 431 5828 mihi
450 5780 651 5849 [uerunt
676 5788 838 5851 lucra,
870 5789 975 5843 hac
997 5793 1262 5851 arbitratus
1281 5815 1390 5853 sum
1419 5820 1538 5872 pro-

818 351 883 406 lN
917 351 1043 408 EOS
1070 355 1184 421 QUI
1224 356 1484 412 PASCHA
1525 357 1882 416 JEJUNANT.
1925 365 2281 425 ADVERSUS
2316 370 2459 427 .IUD.
2502 372 2587 427 Ill.

3191 365 3299 423 8ἵο

1719 486 1827 544 pter
1875 477 2126 533 Christum
2173 483 2471 541 detrimenta
2512 490 2749 562 (Philip.
2797 495 2850 550 5.
2894 496 2987 569 'I).
3036 500 3097 555 Si
3137 502 3299 571 offers

1718 584 1903 622 munus
1933 580 2076 624 tuum
2112 575 2181 626 ad
2205 577 2368 630 altare
2389 620 2403 645 ,
2437 590 2484 633 et
2524 581 2593 635 ibi
2617 587 2911 643 recordatus
2952 593 3107 660 fueris
3131 635 3146 658 ,
3174 596 3293 664 quia

1712 665 1873 729 frater
1889 673 2004 719 tuus
2024 666 2169 721 habet
2183 669 2378 741 aliquid
2398 673 2659 730 adversum
2675 688 2740 745 te,
2759 680 2903 746 vade,
2924 686 3065 753 prius
3079 689 3293 743 reconci-

1710 752 1835 807 liare
1852 754 1999 823 fratri
2025 767 2129 822 tuo,
2152 769 2196 813 et
2217 770 2334 815 tunc
2351 764 2551 819 veniens
2566 765 2695 834 oﬁer
2714 788 2893 827 munus
2909 752 3047 829 tuum
3074 777 3287 850 (Matth.

1710 843 1767 898 5.
1794 844 1905 917 25).
1936 847 2071 913 Quid
2095 850 2208 905 ais?
2238 851 2291 907 Si
2318 853 2481 909 frater
2499 858 2711 927 quidem
2740 871 2860 917 tuus
2886 843 3290 941 liabeat‘aliquid

1709 936 1988 993 adversum
2014 950 2086 1007 te,
2115 944 2433 999 sacrificium
2463 960 2522 1002 ut
2542 949 2734 1006 oll‘eras
2760 954 2851 1008 tibi
2878 973 2984 1012 non
3012 936 3286 1031 permittit,

1706 1026 1877 1084 donec
1898 1032 2267 1088 reconciliatus
2294 1035 2364 1089 illi
2387 1036 2550 1093 fueris
2567 1077 2584 1106 ,
2607 1055 2727 1095 cum
2749 1059 2878 1099 vero
2899 1026 3288 1119 totaVEcclesia,

1706 1130 1761 1175 et
1787 1129 1891 1175 tam
1924 1124 2074 1177 multi
2118 1125 2300 1181 Patres
2331 1127 2563 1184 habeant
2590 1132 2871 1189 adversum
2905 1147 2991 1204 te,
3036 1140 3202 1198 audes
3227 1158 3290 1199 ac

1706 1214 1936 1268 sustines
1966 1230 2072 1270 non
2116 1217 2359 1287 deposito
2402 1222 2545 1290 prius
2587 1225 2888 1293 importuno
2946 1229 3047 1287 hoc
3074 1233 3197 1288 odio
3220 1236 3287 1290 ad

1707 1317 1981 1360 sacrorum
2004 1309 2461 1376 participationem
2492 1318 2866 1385 mysteriorum
2892 1322 3189 1379 accedere?
3218 1325 3287 1381 Et

1703 1410 1810 1465 quo
1830 1406 1983 1465 pacto
2013 1401 2210 1468 poteris
2234 1402 2311 1457 sic
2345 1402 2561 1459 ail'ectus
2588 1407 2789 1463 Pascha
2819 1411 3134 1469 celebrare?
3160 1415 3288 1472 Haec

1702 1504 1730 1541 a
1763 1504 1848 1544 me
1876 1506 1978 1545 non
2010 1492 2075 1547 ad
2114 1493 2232 1547 illos
2263 1504 2463 1552 tantum
2490 1498 2755 1568 dicuntur,
2787 1504 2879 1558 sed
2908 1506 3066 1560 etiam
3096 1507 3161 1562 ad
3194 1523 3286 1565 vos

1702 1582 1789 1651 qui
1815 1584 1928 1638 sani
1972 1586 2133 1651 estis,
2169 1597 2225 1641 ut
2261 1599 2520 1661 quotquot
2550 1593 2680 1650 tales
2704 1611 2823 1651 esse
2862 1598 3096 1654 videritis
3117 1643 3131 1665 ,
3161 1616 3281 1656 cum

1702 1677 1864 1730 multa
1886 1678 2155 1749 diligentia
2179 1692 2228 1738 et
2263 1683 2477 1740 lenitate
2500 1687 2727 1744 selectos
2745 1693 3098 1762 congregatis,
3124 1703 3283 1765 atque

1698 1768 1764 1821 ad
1791 1778 2013 1825 matrem
2042 1772 2184 1840 ipsos
2208 1774 2493 1830 reducatis.
2521 1778 2669 1833 Licet
2695 1781 2966 1848 resistant,
2993 1783 3116 1840 licet
3144 1786 3281 1838 resi-

1700 1857 1849 1927 liant,
1879 1861 2002 1918 licet
2024 1864 2166 1917 aliud
2195 1866 2403 1935 quidvis
2433 1866 2643 1934 faciant,
2676 1888 2744 1927 ne
2767 1872 3148 1945 defatigemur,
3179 1876 3283 1932 do-

1698 1966 1799 2006 nec
1821 1954 1900 2008 eis
1927 1957 2364 2023 persuaserimus.
2389 1959 2528 2015 Nihil
2552 1962 2694 2017 enim
2722 1974 2822 2029 est,
2845 1968 2984 2036 quod
3005 1983 3124 2024 cum
3146 1986 3280 2041 pace

1701 2044 1871 2100 valeat
1898 2056 1954 2102 et
1976 2050 2257 2106 concordia
2278 2056 2593 2121 comparari.
2618 2057 2900 2127 Propterea
2924 2077 3135 2132 quoque
3154 2080 3278 2119 cum

1699 2136 1992 2205 ingreditur
2020 2138 2193 2208 Pater,
2225 2157 2330 2198 non
2357 2146 2500 2213 prius
2525 2147 2590 2201 ad
2622 2148 2756 2204 hanc
2781 2151 2967 2206 sedem
2995 2154 3270 2220 ascendit,

1693 2240 1849 2295 quam
1891 2228 2041 2284 vobis
2067 2232 2311 2287 omnibus
2353 2250 2533 2303 pacem
2565 2236 2722 2293 fuerit
2766 2251 3041 2310 precatus,
3072 2253 3275 2302 etcum

1692 2319 1900 2387 surgit,
1932 2334 2036 2375 non
2070 2322 2218 2392 prius
2254 2324 2450 2382 docere
2478 2343 2570 2382 vos
2600 2329 2815 2401 incipit,
2842 2349 3000 2404 quam
3028 2337 3272 2393 omnibus

1694 2425 1877 2478 pacem
1916 2412 2144 2469 dederit.
2175 2416 2492 2475 Sacerdotes
2536 2422 2693 2477 etiam
2724 2440 2845 2480 eum
2888 2427 3078 2483 fuerint
3105 2428 3272 2486 bene-

1689 2506 1899 2570 dicturi,
1923 2508 2011 2562 ubi
2032 2510 2177 2580 prius
2199 2511 2299 2567 hoc
2320 2513 2465 2569 vobis
2484 2519 2749 2586 apprecati
2780 2518 2993 2587 fuerint,
3018 2521 3266 2596 deinceps

1690 2597 1946 2666 incipiunt
1992 2601 2325 2660 benedicere.

1759 2688 1975 2746 Diaconi
2012 2711 2108 2749 vox
2144 2696 2196 2749 in
2238 2695 2467 2770 Liturgia
2511 2702 2754 2769 populant
2782 2704 3180 2763 dimittentis.—
3203 2708 3271 2768 Et

1688 2795 1814 2836 vero
1846 2782 2107 2839 Diaconus
2136 2787 2260 2842 dum
2288 2804 2406 2843 cum
2437 2791 2555 2845 aliis
2582 2796 2784 2863 precari
2803 2796 2977 2866 jubet,
3006 2798 3107 2855 hoc
3127 2816 3265 2872 quo-

1684 2886 1791 2944 que
1817 2874 2039 2945 imperat
2068 2876 2118 2932 in
2148 2880 2386 2937 oratione
2405 2924 2421 2947 ,
2446 2895 2503 2937 ut
2527 2885 2770 2955 angelum
2808 2888 2955 2959 pacis
2980 2905 3260 2962 rogemus,

1684 2973 1737 3021 et
1765 2982 1883 3036 qua:
1911 2971 2176 3039 proposita
2207 2982 2329 3028 sunt
2357 2986 2543 3031 cuncta
2570 2979 2809 3046 pacifica,
2838 2991 2889 3036 et
2918 2983 2986 3037 ab
3012 2983 3111 3039 hoc
3135 2999 3265 3042 con-

1686 3067 1843 3115 ventu
1888 3076 1985 3117 vos
2026 3062 2297 3120 dimittens
2342 3067 2441 3123 hoc
2471 3068 2621 3124 vobis
2671 3084 2917 3141 precatur
2957 3075 3170 3133 dicens:
3197 3077 3263 3132 lu

1684 3166 1806 3219 pace
1832 3150 2106 3209 discedite:
2131 3166 2184 3210 et
2228 3157 2357 3212 nihil
2402 3158 2452 3213 in
2486 3162 2790 3218 universum
2837 3175 3013 3235 potest
3036 3168 3121 3224 vel
3154 3169 3260 3226 dici

1679 3242 1765 3296 vel
1792 3243 1904 3299 fieri
1929 3245 2044 3301 sine
2069 3247 2186 3301 ista.
2227 3249 2320 3311 Est
2343 3253 2485 3306 enim
2526 3252 2640 3310 haec
2666 3257 2841 3312 nutrix
2866 3274 2929 3314 ac
2969 3268 3139 3316 mater
3165 3278 3261 3317 no-

1681 3342 1787 3388 stra
1806 3375 1821 3401 ,
1851 3350 1970 3406 quae
2000 3338 2167 3392 multo
2195 3356 2313 3395 cum
2357 3344 2531 3398 studio
2561 3361 2624 3400 ac
2649 3347 2919 3418 diligentia
2965 3368 3064 3409 nos
3091 3352 3256 3412 fovet.

1677 3421 1868 3479 Pacem
1900 3442 2059 3494 porro
2080 3427 2201 3484 dico
2228 3446 2331 3487 non
2361 3432 2496 3489 hanc
2528 3450 2559 3490 a
2603 3438 2715 3491 sola
2757 3442 3130 3511 appellatione,
3160 3462 3257 3503 ne-

1677 3529 1779 3584 que
1808 3516 1949 3571 illam
1975 3534 2094 3589 qua;
2120 3521 2171 3574 in
2200 3538 2397 3578 mensae
2438 3529 2813 3586 communione
2853 3534 3129 3601 consistit,
3160 3539 3253 3594 sed

1678 3624 1858 3679 pacem
1885 3615 2176 3670 secundum
2209 3617 2373 3672 Deum
2398 3658 2413 3683 ,
2445 3636 2565 3688 quae
2593 3637 2656 3677 ex
2689 3624 2945 3692 spirituali
2971 3631 3254 3686 concordia

1674 3702 1909 3757 nascitur
1932 3745 1947 3767 ,
1980 3721 2137 3775 quam
2193 3709 2341 3763 multi
2372 3726 2511 3765 nunc
2555 3712 2850 3784 dissipant,
2893 3733 2921 3769 a
2949 3719 3138 3788 quibus
3167 3736 3254 3779 res

1673 3803 1868 3851 nostra:
1890 3797 2255 3869 intempestiva
2278 3804 2503 3873 quadam
2526 3809 2864 3864 contentione
2885 3810 3246 3881 destruuntur,

1670 3895 1725 3944 et
1763 3904 1850 3943 res
1890 3888 2190 3946 intimorum
2233 3906 2525 3964 augentur,
2555 3898 2678 3954 dum
2709 3916 2803 3956 eos
2846 3904 2946 3958 fide
2980 3905 3250 3975 digniores

1671 3978 1922 4035 doctores
1947 3997 2103 4052 quam
2127 4000 2250 4039 suos
2278 3986 2458 4043 Patres
2485 3991 2825 4060 arbitrantur,
2842 4005 2894 4049 et
2913 3996 3109 4054 Christi
3137 4016 3239 4069 par

1668 4071 1849 4126 ricidis
1890 4073 1956 4127 de
1988 4075 2230 4141 passione
2255 4078 2495 4145 credunt,
2522 4097 2628 4151 quo
2660 4085 2786 4153 quid
2812 4086 3089 4145 absurdius
3132 4090 3240 4149 ﬁeri

1667 4162 1867 4231 possit?
1909 4163 2134 4220 Nescitis
2165 4167 2289 4222 illud
2320 4168 2570 4239 ﬁguram,
2604 4173 2703 4229 hoc
2730 4178 3000 4235 veritatem
3043 4182 3243 4240 fuisse?

1667 4251 1801 4306 Vide
1831 4268 2058 4323 namque
2079 4267 2334 4325 quantum
2364 4260 2435 4314 sit
2474 4261 2787 4320 discrimen.
2824 4268 2954 4325 Illud
2991 4285 3224 4343 corpora.

1664 4344 1767 4399 lem
1800 4355 2022 4402 mortem
2056 4349 2374 4417 prohibebat
2393 4393 2407 4416 ,
2446 4353 2548 4409 hoc
2578 4356 2708 4411 iram
2732 4359 2970 4429 sedavit,
3001 4378 3121 4433 qua:
3145 4366 3233 4421 ad.

1663 4453 1850 4492 versus
1888 4440 2193 4497 universum
2236 4452 2496 4500 terrarum
2528 4449 2710 4505 orbem
2749 4451 3015 4509 ferebatur
3050 4473 3065 4510 :
3110 4455 3236 4514 illud

1662 4530 1731 4584 ab
1768 4530 1999 4602 Egypto
2040 4534 2361 4601 vindicavit,
2394 4537 2495 4593 hoc
2538 4541 2606 4595 ab
2636 4541 2928 4601 idololatria
2959 4547 3229 4604 liberavit:

1663 4622 1785 4675 illud
1814 4623 2141 4679 Pharaonem
2165 4667 2180 4689 ,
2214 4626 2313 4682 hoc
2336 4628 2603 4686 diabolum
2629 4633 2936 4691 suifocavit:
2965 4648 3084 4708 post
3108 4639 3239 4696 illud

1661 4712 1959 4776 Palaestina,
1987 4724 2108 4784 post
2134 4716 2234 4772 hoc
2256 4719 2464 4774 cadum.

1731 4804 1803 4856 Ab
1824 4804 2160 4862 observatione
2186 4809 2372 4863 rituum
2395 4808 2726 4866 Iudaicarum
2753 4816 2983 4871 deterret.
3007 4848 3079 4860 -—
3097 4818 3235 4887 Quid

1659 4894 1819 4963 igitur
1853 4896 2082 4951 lucernae
2126 4900 2365 4964 assides,
2397 4916 2515 4956 cum
2566 4906 2645 4959 sol
2698 4910 3043 4976 apparuerit?
3088 4911 3228 4978 Cur,

1657 5001 1857 5055 quaeso,
1886 4987 2021 5043 lacte
2049 4990 2127 5043 vis
2155 4992 2381 5060 nutriri,
2413 5009 2533 5047 cum
2555 4996 2704 5050 cibus
2744 4998 2833 5051 tibi
2868 5000 3069 5055 solidus
3095 5017 3234 5073 pra:-

1659 5075 1889 5133 beatur?
1916 5080 2197 5150 Propterea
2229 5083 2364 5139 lacte
2391 5088 2615 5142 nutritus
2642 5103 2719 5151 es,
2753 5106 2819 5145 ne
2849 5090 2984 5148 lacte
3007 5106 3227 5151 conten-

1656 5176 1740 5221 tus
1758 5183 1936 5224 esses:
1970 5185 2246 5242 pr0pterea
2269 5174 2357 5229 tibi
2384 5175 2594 5232 lucerna
2615 5181 2873 5249 apparuit,
2898 5192 2955 5237 ut
2972 5184 3040 5239 ad
3061 5186 3229 5241 solem

1653 5258 2011 5317 deducereris.
2043 5264 2173 5319 Cum
2205 5267 2362 5336 igitur
2399 5284 2484 5323 res
2520 5271 2860 5338 perfectiores
2896 5274 3225 5343 advenerint,

1652 5351 1718 5406 ad
1750 5354 1948 5419 priores
1976 5372 2040 5409 no
2069 5372 2402 5414 recurramus
2425 5402 2439 5425 ,
2470 5377 2641 5431 neque
2666 5364 2779 5420 dies
2805 5375 2860 5421 et
2895 5376 3133 5439 tempora
3172 5383 3227 5428 et

1650 5460 1818 5498 annos
1842 5445 2184 5503 observemus
2206 5491 2223 5516 ,
2271 5452 2361 5506 sel
2393 5451 2584 5523 ubique
2628 5454 2906 5526 diligenter
2932 5459 3223 5517 Ecclesiam

1650 5551 1935 5605 sequamur
1952 5550 2003 5594 et
2021 5540 2291 5597 caritatem
2308 5558 2370 5597 ac
2389 5560 2571 5613 pacem
2593 5548 2836 5603 omnibus
2854 5550 3215 5619 prmfemmus.

1651 5626 1799 5682 Licet
1824 5629 1965 5683 enim
1994 5629 2229 5687 Ecclesia
2258 5634 2523 5691 falleretur
2542 5678 2557 5701 ,
2596 5655 2701 5694 non
2730 5649 2931 5696 tantum
2957 5643 3129 5699 laudis
3155 5662 3219 5704 ac

1649 5721 1777 5775 lucri
1806 5734 1871 5775 ex
1899 5730 2194 5792 temporum
2225 5737 2407 5782 exacta
2431 5732 2655 5797 ratione,
2688 5745 2937 5805 quantum
2970 5736 3217 5809 vituperii
3278 5738 3291 5809 ξ

1648 5826 1711 5863 ex
1744 5810 1998 5866 divisione
2024 5828 2085 5868 ac
2119 5816 2401 5875 schismate
2430 5833 2772 5892 nasceretur;
2798 5825 2907 5897 jam
2941 5843 3068 5882 vero
3096 5827 3213 5883 nul-
