3920 6280
529 388 622 441 871
696 451 706 454 η

539 515 642 565 tam
695 525 797 580 ego
831 506 1090 576 temporis
1121 504 1388 558 rationem
1440 500 1645 564 habeo,
1694 493 2120 566 quandoquidem

539 618 708 670 neque
737 599 893 653 habet
925 597 1062 650 Deus
1085 636 1098 658 ,
1130 591 1575 664 quemadmodum
1602 585 2079 642 demonstravimus
2103 623 2118 648 ,

539 712 658 748 cunt
693 698 791 748 hac
818 692 886 746 de
916 705 972 745 re
1009 690 1156 743 multi
1191 687 1355 741 habiti
1395 685 1590 740 fuerint
1631 696 1660 735 a
1685 695 1771 735 me
1808 690 2117 733 sermones:

538 787 632 841 sed
671 801 830 840 unum
874 784 925 840 id
965 797 1168 853 quaero,
1201 791 1257 834 ut
1283 781 1336 833 in
1369 793 1496 849 pace
1519 773 1910 842 concordiaque
1935 780 2122 825 cuncta

539 881 817 942 faciamus,
855 877 1073 933 nedum
1111 889 1208 929 nos
1229 873 1550 943 jejunamns,
1583 883 1644 922 ac
1675 867 1899 939 populus
1927 864 2118 929 omnis,

539 981 593 1026 et
623 986 813 1039 preces
849 985 943 1038 pro
975 980 1233 1022 terrarum
1262 965 1394 1019 orbe
1435 962 1658 1016 fundunt
1691 958 2034 1021 Sacerdotes,
2068 964 2123 1009 tu

541 1062 788 1116 ebrietati
815 1062 957 1114 domi
985 1074 1157 1113 vaces.
1193 1060 1376 1125 Cogita
1401 1070 1557 1124 quam
1578 1052 1679 1107 hoc
1707 1051 1776 1104 sit
1800 1047 2124 1120 operationis

537 1153 821 1209 diabolica:
845 1193 860 1217 ,
889 1167 988 1205 nec
1013 1166 1174 1204 unum
1202 1149 1375 1202 solum
1399 1187 1414 1213 ,
1445 1159 1544 1200 nec
1565 1144 1672 1198 duo
1695 1185 1711 1209 ,
1739 1157 1837 1196 nec
1863 1140 1958 1194 tria
1986 1180 1999 1203 ,
2029 1136 2124 1192 sed

546 1248 712 1302 multo
743 1247 887 1314 plura
921 1255 1132 1314 peccata
1154 1257 1332 1296 secum
1365 1240 1556 1294 trahat.
1580 1240 1623 1292 A
1645 1250 1805 1307 grege
1833 1244 1883 1288 te
1903 1231 2122 1293 divellit,

547 1351 601 1392 et
627 1337 822 1402 efficit,
853 1347 908 1390 nt
951 1347 1057 1390 tam
1097 1335 1293 1389 multos
1322 1331 1511 1386 Patres
1528 1329 1883 1390 condemnes,
1913 1326 1962 1378 in
1994 1338 2125 1378 con-

548 1429 812 1484 tentiones
843 1427 1164 1497 prarcipitat,
1183 1424 1268 1478 'ad
1293 1423 1508 1477 Judmos
1545 1417 1793 1488 expellit,
1822 1415 2124 1470 scandalum

548 1532 605 1578 te
632 1536 816 1576 rursus
839 1530 892 1575 ct
919 1517 1224 1574 domesticis
1266 1526 1318 1570 et
1345 1515 1532 1570 alienis
1559 1512 1823 1582 proponit.
1853 1509 1953 1577 Qui
1980 1522 2128 1562 nant-

548 1627 654 1682 que
683 1613 973 1682 poterimus
999 1609 1117 1664 illos
1143 1606 1533 1678 reprehendere
1557 1646 1571 1671 ,
1601 1604 1644 1657 si
1671 1602 1815 1658 domi
1843 1609 2088 1654 maneant
2111 1640 2125 1663 ,

550 1718 671 1758 cum
703 1713 754 1756 tu
781 1702 843 1755 ad
876 1701 996 1756 illos
1021 1699 1247 1754 curras?
1281 1697 1466 1767 Neque
1505 1709 1634 1750 vero
1657 1692 1774 1748 haec
1810 1692 1978 1744 solum
2003 1703 2129 1760 pec-

549 1805 669 1850 cata
699 1804 823 1849 sunt
841 1835 856 1856 .
887 1795 982 1849 sed
1008 1793 1149 1863 quod
1177 1806 1426 1861 magnum
1453 1789 1829 1844 detrimentum
1855 1785 2094 1855 capiatur
2113 1825 2126 1845 ,

549 1903 671 1943 cuni
699 1902 870 1957 neque
897 1883 1183 1955 Scripturis
1202 1926 1216 1948 ,
1252 1898 1422 1954 neque
1447 1880 1810 1942 concionibus,
1838 1892 2008 1948 neque
2037 1877 2129 1930 be-

553 1979 855 2037 nedictione
880 2020 896 2046 ,
942 1993 1116 2048 neque
1154 1975 1524 2030 communibus
1568 1971 1812 2040 precibus
1840 1969 1890 2023 in
1916 1967 2132 2038 jejuniis

557 2073 664 2129 illis
689 2073 880 2126 fruaris
903 2112 918 2135 ,
960 2070 1055 2125 sed
1085 2084 1204 2123 cum
1235 2081 1390 2135 prava
1435 2063 1758 2120 conscientia
1804 2071 1970 2114 totum
2008 2060 2131 2114 illud

554 2172 765 2234 tempus
793 2161 1038 2216 traducas
1057 2200 1074 2225 ,
1104 2167 1347 2213 metuens
1369 2171 1430 2211 ac
1457 2168 1717 2216 tremens,
1745 2169 1809 2206 ne
1835 2152 2132 2221 deprehen-

555 2254 700 2310 daris
720 2263 988 2322 tamquam
1015 2250 1310 2320 alienigena
1337 2247 1550 2318 quidam
1578 2255 1631 2300 et
1657 2244 1982 2314 peregrinus,
2015 2257 2135 2297 cum

557 2357 612 2404 te
635 2355 907 2418 oporteret
930 2359 1052 2399 cum
1093 2343 1281 2398 fiducia
1333 2351 1388 2396 et
1416 2340 1683 2409 voluptate
1707 2380 1723 2404 ,
1755 2352 1876 2392 cum
1916 2335 2095 2390 laetitia
2120 2377 2134 2400 ,

557 2457 679 2495 cum
707 2437 857 2493 omni
883 2438 1127 2492 libertate
1157 2435 1311 2489 simul
1333 2476 1346 2497 ,
1375 2448 1496 2487 cum
1525 2431 1760 2486 Ecclesia
1783 2437 1975 2484 cuncta
2014 2443 2134 2497 per-

559 2531 739 2585 licere.
785 2528 969 2598 Neque
1011 2526 1152 2582 enim
1180 2524 1422 2580 Ecclesia
1450 2532 1688 2579 exactam
1722 2520 1978 2574 rationem
2009 2526 2141 2570 tem-

561 2636 750 2692 porum
791 2621 966 2673 novit:
999 2617 1090 2672 sed
1119 2617 1367 2688 quoniam
1410 2615 1478 2670 ab
1503 2614 1652 2668 initio
1682 2611 1924 2666 Patribus
1968 2609 2137 2664 visum

1243 385 1282 439 S
1339 380 1614 440 JOANNIS
1653 377 2126 436 CIIltYSOSTOMl
2167 374 2479 429 ARCHIEP.
2522 366 3053 427 CONSTAN'I‘INOP.

3698 373 3800 423 872

2226 499 2308 543 est
2337 489 2454 540 loco
2492 485 2691 539 dissitis
2731 483 2884 537 simul
2915 482 3196 535 convenire
3224 524 3236 545 ,
3285 493 3438 548 atque
3489 483 3629 536 hunc
3661 485 3798 537 diem

2225 581 2450 637 delinire
2472 621 2486 645 ,
2517 593 2837 633 consensum
2871 577 3064 644 ubique
3093 573 3530 643 plurimi'faciens
3551 615 3564 637 ,
3597 585 3656 630 et
3680 592 3805 630 con-

2225 676 2460 733 cordiam
2489 675 2752 743 diligens,
2785 670 2922 740 quod
2954 668 3258 722 mandatum
3305 667 3403 722 fuit
3430 667 3680 736 amplexa
3708 681 3806 722 est.

2226 770 2365 824 Fieri
2394 768 2588 838 quippe
2613 781 2716 818 non
2748 779 2903 831 posse
2925 803 2938 825 ,
2971 769 3028 814 ut
3058 760 3139 813 vel
3171 776 3266 813 nos
3301 758 3384 814 vel
3409 773 3535 823 vos,
3567 757 3655 811 vel
3679 757 3810 810 alius

2225 862 2396 932 quivis
2420 861 2587 929 ipsum
2615 855 2937 910 dominicum
2961 853 3100 908 diem
3125 861 3452 921 assequatur,
3483 848 3813 902 sufﬁcienter

2227 964 2310 1006 est
2344 954 2395 1005 in
2429 948 2847 1020 prmcedemibus
2893 947 3336 1000 demonstratum.
3379 942 3454 996 Ne
3484 943 3648 1012 igitur
3693 955 3812 993 cum

2230 1043 2414 1099 umbra
2445 1040 2795 1111 digladiemnr
2817 1081 2830 1102 ,
2861 1052 3033 1106 neque
3063 1037 3130 1090 de
3161 1035 3319 1088 rebus
3345 1034 3654 1104 vulgaribus
3681 1049 3813 1086 cnn-

2230 1135 2504 1188 tendentes
2531 1135 2582 1186 in
2616 1134 2818 1200 magnis
2844 1144 2940 1183 nos
2967 1129 3108 1197 ipsos
3138 1127 3410 1180 lardamus.
3438 1125 3570 1180 Nam
3604 1126 3706 1179 hoc
3727 1127 3812 1178 vel

2230 1225 2320 1280 illo
2348 1235 2586 1292 tempore
2622 1222 2864 1292 jejunare
2893 1220 3092 1274 nullum
3121 1229 3202 1272 est
3238 1219 3436 1272 crimen
3474 1235 3488 1270 :
3520 1217 3815 1271 Ecclesiam

2235 1326 2415 1370 autem
2442 1315 2680 1369 dividere
2700 1354 2715 1377 ,
2745 1327 2807 1367 ac
2833 1311 3262 1366 contentionibus
3289 1323 3501 1372 vacare,
3527 1317 3582 1363 et
3610 1309 3819 1372 discor-

2229 1410 2342 1464 dias
2367 1423 2547 1462 serere
2572 1451 2585 1473 ,
2621 1422 2782 1477 seque
2815 1421 2968 1460 sacro
2991 1413 3252 1460 conventu
3281 1412 3532 1472 perpetuo
3565 1403 3778 1472 privare
3803 1453 3814 1464 ,

2230 1502 2386 1556 venia
2416 1510 2585 1565 caret,
2615 1499 2987 1554 criminatione
3013 1497 3250 1566 dignum,
3283 1505 3336 1548 et
3361 1494 3526 1547 multo
3554 1494 3817 1563 supplici.»

2232 1600 2314 1646 est
2341 1591 2647 1646 obnoxium.
2678 1593 2753 1643 Ac
2784 1596 3026 1656 poterant
3051 1586 3261 1655 quidem
3300 1585 3443 1654 plura
3471 1584 3600 1649 dici,
3633 1599 3814 1637 verum

2233 1687 2298 1741 iis
2323 1687 2410 1755 qui
2439 1685 2625 1739 attenti
2669 1681 2901 1745 fuerint,
2932 1695 2993 1734 ea
3038 1695 3155 1749 quae
3185 1677 3293 1747 jam
3325 1684 3447 1731 sunt
3482 1677 3628 1731 dicta
3672 1677 3819 1731 sufli-

2234 1778 2410 1832 ciunt:
2441 1775 2614 1828 minus
2638 1773 2853 1826 attentis
2881 1781 3080 1839 autem,
3108 1784 3280 1840 neque
3306 1769 3350 1822 si
3380 1767 3530 1836 plura
3553 1769 3819 1829 dicantur,

2236 1871 2518 1940 quidquam
2551 1867 2808 1936 proderit.
2853 1866 3107 1933 Quocirca
3154 1864 3312 1917 linem
3357 1862 3444 1916 hic
3485 1861 3703 1914 dicendi
3747 1860 3824 1913 fa-

2237 1963 2438 2017 cientes
2463 1974 2648 2015 omnes
2675 1958 2834 2014 simul
2862 1957 3051 2011 fratres
3076 1966 3287 2009 nostros
3310 1968 3524 2007 oremus
3545 1960 3612 2005 ut
3634 1950 3704 2004 ad
3728 1966 3823 2004 nos

2240 2056 2495 2122 redeant,
2527 2064 2584 2109 et
2608 2068 2792 2124 pacem
2825 2051 3238 2120 amplectantur,
3269 2047 3336 2101 ab
3364 2047 3669 2114 importuna
3694 2058 3823 2097 con-

2241 2148 2474 2201 tentione
2499 2145 2792 2208 discedant,
2826 2151 2879 2198 et
2909 2143 2988 2196 his
3028 2141 3239 2208 ineptiis
3282 2138 3536 2208 neglectis
3584 2144 3821 2189 mentem

2239 2250 2294 2294 et
2323 2239 2695 2308 cogitationem
2741 2235 3022 2298 attollant,
3073 2245 3230 2302 atque
3258 2248 3286 2285 a
3311 2242 3614 2299 temporum
3647 2229 3826 2282 obser-

2244 2331 2454 2384 vatione
2498 2330 2786 2384 liberentur
2808 2369 2822 2391 ,
2867 2337 2925 2382 ut
2967 2341 3071 2380 uno
3101 2339 3285 2379 omnes
3311 2323 3488 2377 animo
3527 2330 3696 2390 atque
3726 2335 3825 2373 uno

2243 2442 2338 2479 ore
2366 2423 2724 2494 glorificemns
2751 2424 2915 2476 Deum
2944 2431 2998 2475 et
3023 2420 3232 2476 Patrem
3267 2417 3473 2478 Domini
3504 2417 3675 2470 nostri
3703 2414 3825 2470 Iesu

2247 2516 2473 2580 Christi,
2501 2517 2583 2570 cui
2610 2515 2777 2584 gloria
2805 2523 2857 2568 et
2885 2513 3162 2582 imperium
3193 2525 3330 2565 nunc
3368 2520 3420 2564 et
3449 2523 3667 2577 semper
3695 2516 3748 2560 et
3778 2507 3826 2557 in

2248 2607 2438 2661 saecula
2463 2607 2800 2660 smculorum.
2841 2607 3031 2659 Amen.

565 2744 3825 2774 __________________________.____._______._____..

623 2832 945 2895 CONTRA
973 2828 1293 2893 JUDJEOS
1322 2828 1403 2888 IN
1447 2823 1700 2888 TUBAS
1743 2817 2176 2884 PASCHATIS
2217 2817 2520 2892 EORUM,
2567 2818 3029 2880 ANTIOCHIZE
3071 2820 3375 2881 ΗΑΒΙΤΛ
3418 2819 3497 2880 IN
3541 2819 3828 2880 MAG-NA

1957 2919 2337 2982 ECCLESIA
2363 2919 2403 2978 ⁸.

1141 3226 1334 3266 ennio
1363 3227 1588 3274 quan“.

643 3370 698 3427 1.
733 3371 937 3426 Rursus
965 3369 1201 3424 infelices
1221 3368 1296 3423 illi
1325 3368 1731 3435 mortaliumqne
1771 3368 2008 3420 omnium
2052 3367 2150 3420 mi—

573 3463 784 3519 serrimi
805 3461 974 3517 Judmi
996 3460 1280 3531 jejunaturi
1307 3468 1430 3512 sunt
1461 3477 1473 3512 :
1506 3472 1688 3511 rursus
1712 3455 1906 3512 Christi
1937 3472 2150 3527 gregem

574 3555 877 3611 muniamus
899 3568 1120 3608 necesse
1162 3560 1263 3606 est.
1313 3549 1749 3620 Quandoquidem
1797 3559 1850 3604 et
1890 3559 2150 3616 pastores,

573 3646 827 3717 quamdiu
858 3644 1016 3700 noxia
1045 3644 1213 3698 bestia
1239 3644 1458 3697 molesta
1483 3657 1586 3696 non
1609 3650 1711 3709 est,
1744 3643 1844 3696 sub
1869 3641 2041 3695 ilicem
2065 3650 2155 3694 aut

577 3738 832 3809 populum
863 3735 1112 3806 porrecti,
1136 3734 1307 3788 fistula
1339 3743 1556 3800 canunt,
1577 3733 1813 3788 sinentes
1838 3747 1966 3787 oves
1992 3732 2157 3787 libere

581 3846 677 3902 pro
699 3847 796 3886 suo
818 3831 1072 3885 arbitratu
1104 3843 1323 3898 pascere
1349 3845 1362 3880 :
1394 3843 1573 3881 verum
1595 3827 1753 3882 simul
1781 3834 1938 3896 atque
1964 3839 2149 3880 sense-

575 3926 684 3979 rint
728 3921 971 3976 alicunde
1011 3921 1251 3990 luporum
1289 3920 1646 3973 incursionem
1695 3919 1994 3974 imminere.
2035 3931 2156 3969 mox

577 4016 782 4086 abiecta
812 4013 1005 4077 fistula,
1033 4012 1244 4066 fundam
1281 4011 1561 4079 arripiunt,
1600 4019 1653 4064 et
1689 4010 1889 4063 omisso
1930 4010 2156 4072 calamo,

579 4108 804 4163 fustibus
829 4115 883 4160 et
908 4107 1048 4160 saxis
1077 4104 1353 4161 obarmant
1381 4118 1519 4169 sese,
1562 4118 1762 4171 proque
1812 4101 1934 4154 ovili
1982 4101 2159 4154 censi—

581 4208 805 4260 stentes,
827 4210 1019 4266 magno
1044 4195 1299 4261 clamore,
1326 4195 1629 4264 ingentique
1651 4195 1847 4247 ululatu
1871 4194 2163 4247 vociferan-

587 4303 686 4351 tes,
717 4293 1021 4359 frequenter
1042 4287 1159 4355 ipso
1183 4286 1419 4341 clamore
1439 4284 1628 4350 feram,
1649 4286 1952 4353 priusquam
1983 4285 2165 4337 irrum-

585 4391 696 4452 pat,
723 4380 970 4450 abigunt.
1015 4377 1200 4434 Itidem
1239 4386 1295 4432 et
1336 4391 1432 4432 nos
1477 4375 1841 4445 superioribus
1876 4373 2064 4429 diebus
2112 4377 2163 4428 in

586 4473 880 4542 Scriptura,
911 4469 1056 4524 velut
1093 4469 1144 4523 in
1195 4476 1368 4538 prato,
1411 4466 1654 4522 ludentes
1700 4466 2028 4536 choreasquc
2068 4465 2168 4520 du-

588 4575 792 4629 centes,
823 4563 950 4618 nihil
981 4564 1031 4616 in
1058 4562 1391 4616 enarratione
1415 4561 1683 4631 attigimus
1715 4561 2029 4614 contentiosi
2056 4576 2167 4614 ser-

591 4658 801 4710 monis:
834 4669 900 4710 eo
919 4654 1057 4724 quod
1086 4653 1261 4708 nullus
1293 4663 1454 4718 esset,
1497 4651 1586 4722 qui
1638 4650 1793 4705 nobis
1837 4651 2163 4716 obturbaret,

590 4759 682 4803 ant
727 4747 982 4801 molestus
1017 4754 1178 4799 esset.
1223 4743 1488 4798 Cteterum
1532 4745 1782 4812 quoniam
1834 4742 1988 4798 hodie
2032 4743 2168 4811 lupis

592 4840 842 4894 omnibus
861 4837 1110 4892 saeviores
1142 4820 1310 4891 Judari
1356 4850 1484 4890 oves
1528 4835 1681 4889 nobis
1722 4835 2165 4889 circumvallaturi

591 4941 738 4996 sunt,
757 4931 822 4985 ad
853 4944 1056 5000 pugnos
1081 4938 1135 4982 et
1174 4941 1400 4998 pugnam
1446 4927 1782 4996 accingamur
1820 4936 2052 4994 oportet,
2103 4941 2169 4980 ne

593 5023 718 5095 quid
749 5023 901 5078 nobis
935 5030 1172 5091 ereptum
1220 5020 1372 5074 cedat
1420 5021 1471 5074 in
1520 5019 1750 5090 praedam
1796 5018 2047 5072 ferarum.
2095 5017 2170 5071 Nc

593 5131 724 5172 vero
755 5116 947 5170 mirum
991 5114 1142 5168 vobis
1187 5113 1461 5176 videatur,
1501 5111 1543 5166 si
1582 5127 1703 5166 cum
1749 5112 2002 5181 jejunium
2043 5110 2168 5163 illud

597 5217 718 5276 post
743 5207 924 5262 decem
957 5216 1012 5260 et
1039 5220 1105 5260 eo
1130 5205 1356 5274 amplius
1377 5205 1490 5259 dies
1518 5212 1799 5257 venturum
1847 5203 1936 5266 sit,
1970 5217 2064 5256 nos
2105 5203 2172 5254 ab

601 5299 702 5354 hoc
729 5299 906 5354 statim
930 5308 1165 5369 tempore
1184 5299 1450 5352 muniinns
1470 5306 1523 5350 et
1547 5311 1813 5350 armamus
1843 5296 2044 5350 animas
2081 5312 2172 5350 ve~

601 5402 740 5447 stras
766 5409 780 5445 :
807 5391 1231 5462 quandoquidem
1258 5399 1312 5444 et
1336 5391 1475 5444 inter
1502 5389 1760 5458 agricolas
1780 5389 1868 5457 qui
1898 5387 2174 5456 vigilantes

602 5494 656 5540 et
683 5483 923 5538 industrii
955 5493 1094 5549 sunt,
1129 5497 1248 5537 cum
1277 5481 1472 5536 habent
1491 5482 1721 5535 vicinum
1751 5489 2061 5544 torrentem,
2087 5480 2171 5548 qui

669 5665 685 5691 ι
721 5661 794 5710 sic
817 5668 920 5710 tres
944 5666 1074 5720 Mss;
1096 5665 1386 5720 postremam
1402 5669 1520 5706 vero
1549 5663 1739 5717 partem
1762 5655 1903 5720 tituli,
1923 5653 2179 5720 Antiochiae

604 5721 764 5786 habitu
787 5723 835 5786 in
873 5734 1045 5786 magna
1060 5717 1300 5786 '_écc_lesia,
1339 5719 1488 5770 habet
1524 5727 1669 5786 etiam
1698 5717 1835 5786 savil.
1875 5723 1926 5766 tu
1969 5717 2180 5786 t‘dihone

603 5783 746 5900 uerti!
783 5777 992 5847 legitur",
1037 5781 1250 5846 ejusdem
1273 5777 1437 5831 contra
1458 5781 1652 5832 Jttdwos
1674 5780 1824 5830 oratio
1850 5787 1924 5842 It,
1967 5786 2019 5829 et
2066 5777 2179 5827 nihil

609 5865 710 5902 orte
735 5863 868 5902 erea.

609 5865 868 5914 praeterea.

2257 3216 2431 3272 vexat,
2460 3206 2712 3276 larditquc
2733 3215 2986 3274 segetem,
3013 3220 3116 3258 non
3139 3203 3455 3256 adventante
3499 3202 3703 3268 hieme,
3743 3203 3831 3257 sed

2253 3311 2462 3372 tempus
2487 3300 2613 3355 illud
2643 3307 3023 3370 praevertentes
3053 3307 3107 3353 et
3133 3298 3275 3367 ripas
3312 3297 3616 3366 obsepiunt,
3651 3308 3710 3352 et
3746 3313 3830 3366 ag-

2252 3410 2407 3466 geres
2431 3393 2658 3464 erigunt,
2689 3401 2742 3446 et
2770 3391 2941 3446 fossas
2965 3399 3148 3461 agunt,
3189 3390 3416 3460 denique
3451 3390 3626 3444 modis
3656 3392 3829 3445 omni—

2256 3488 2355 3540 bus
2382 3502 2501 3541 sese
2533 3493 2834 3556 prcharant
2856 3483 3110 3538 adversus
3150 3482 3401 3536 torrentis
3442 3480 3678 3535 futuram
3721 3482 3829 3534 vio-

2255 3579 2494 3634 lentiam.
2530 3578 2661 3632 Dum
2689 3578 2830 3631 enim
2861 3575 3177 3646 tranquillus
3214 3584 3316 3637 est,
3356 3582 3514 3643 atque
3551 3584 3827 3644 angustus,

2258 3670 2414 3726 facile
2440 3677 2523 3725 est
2547 3670 2620 3724 illi
2659 3668 2903 3722 admoliri
2953 3682 3142 3721 manus
3196 3683 3211 3719 :
3261 3680 3444 3720 verum
3488 3676 3829 3735 posteaquam

2260 3762 2503 3828 increvit,
2521 3761 2795 3829 multoque
2821 3774 3078 3830 aquarum
3112 3760 3309 3827 impetu
3335 3756 3512 3811 fertur
3543 3757 3829 3820 violentus.

2261 3873 2366 3910 non
2418 3855 2640 3926 perinde
2681 3853 2834 3909 facile
2874 3863 2955 3908 est
2999 3852 3284 3908 exundanti
3326 3852 3609 3906 obsistere.
3649 3851 3833 3921 Reque

2261 3952 2431 4005 multo
2457 3957 2581 4004 ante
2625 3957 2864 4016 tempore
2915 3947 3244 4015 praeveniunt
3289 3945 3428 3999 illius
3472 3945 3828 4014 emptionem,

2261 4043 2612 4112 undequaque
2639 4049 2999 4110 praeparantes
3033 4036 3285 4107 quidquid
3311 4052 3466 4106 agros
3501 4037 3673 4106 possit
3700 4047 3832 4092 tutas

2263 4137 2509 4191 reddere.
2528 4135 2615 4189 Sic
2634 4141 2688 4187 et
2707 4133 2906 4187 milites
2927 4141 2980 4184 et
3009 4140 3205 4192 nauta,
3235 4137 3290 4184 et
3313 4128 3582 4198 agricoltc,
3613 4139 3669 4183 et
3698 4144 3830 4182 mes-

2263 4246 2413 4285 sores
2447 4229 2620 4283 facere
2661 4234 3071 4282 consueverunt.
3110 4222 3379 4293 Siquidem
3425 4222 3628 4276 milites
3661 4223 3832 4291 prius-

2264 4337 2422 4391 quam
2451 4320 2627 4374 veniat
2666 4316 2930 4388 pugnandi
2972 4323 3198 4383 tempus,
3237 4325 3290 4368 et
3321 4313 3594 4366 thoracem
3629 4312 3831 4366 abster-

2265 4425 2415 4485 gnnt,
2450 4423 2500 4468 et
2526 4422 2732 4467 scutum
2763 4407 3221 4475 circumspiciunt,
3253 4414 3308 4460 et
3350 4405 3530 4458 frenos
3557 4414 3829 4473 apparant,

2267 4517 2320 4563 et
2348 4520 2513 4576 equos
2539 4504 2684 4558 omni
2721 4502 2993 4571 diligentia
3029 4499 3286 4559 nutriunt,
3327 4506 3630 4564 cmteraqne
3665 4496 3832 4548 omnia

2271 4609 2412 4654 recte
2437 4597 2823 4666 diligenterque
2847 4601 3056 4647 curant.
3088 4589 3341 4643 Similiter
3368 4595 3422 4641 et
3451 4596 3632 4641 natiue
3669 4590 3834 4656 prius-

2271 4707 2426 4761 quam
2452 4689 2626 4742 navim
2649 4691 2701 4742 in
2733 4695 2940 4756 portum
2963 4673 3262 4760 detrahant,
3296 4689 3351 4734 et
3392 4680 3631 4734 carinam
3679 4694 3834 4750 appa-

2272 4795 2412 4849 rant,
2435 4793 2489 4839 et
2515 4783 2812 4837 instaurant
2850 4779 3036 4841 latera,
3078 4785 3132 4830 et
3175 4789 3348 4828 remos
3385 4771 3591 4836 dolant,
3631 4781 3687 4825 et
3734 4771 3834 4823 vela

2271 4877 2662 4937 consarcinant,
2697 4871 2928 4939 denique
2967 4866 3221 4936 quidquid
3265 4873 3521 4934 prmterea
3568 4864 3637 4917 ad
3688 4862 3836 4916 totius

2274 4970 2422 5023 navis
2444 4973 2765 5022 armaturam
2793 4960 3040 5031 pertinet,
3072 4957 3351 5026 diligenter
3378 4964 3672 5008 accurant:
3705 4969 3833 5006 mes-

2273 5076 2422 5116 sores
2459 5060 2583 5114 item
2626 5055 2805 5110 multis
2841 5062 2964 5106 ante
2996 5051 3184 5105 diebus
3224 5057 3278 5104 et
3319 5046 3483 5100 falces
3529 5056 3754 5106 acuunt,
3794 5055 3832 5097 et

2273 5170 2450 5211 aream
2482 5157 2807 5222 prmparant,
2861 5147 3024 5201 boves
3074 5145 3199 5199 item
3239 5151 3293 5196 et
3328 5155 3565 5203 currum,
3619 5140 3833 5194 breviter

2275 5245 2526 5319 quidquid
2553 5243 2680 5312 ipsis
2705 5239 2771 5294 ad
2797 5252 3025 5293 messem
3053 5246 3110 5290 et
3133 5230 3369 5288 trituram
3399 5230 3740 5285 conducibile
3762 5229 3834 5298 ju-

2275 5341 2472 5394 dicant.
2501 5335 2610 5390 lnio
2637 5333 2817 5388 videas
2871 5345 3058 5383 omnes
3106 5325 3368 5388 homines,
3415 5323 3458 5376 si
3492 5321 3628 5392 quid
3676 5334 3833 5374 rerum

2277 5433 2538 5506 agendum
2565 5439 2667 5493 est,
2694 5429 2842 5498 prius
2862 5425 3037 5477 adeas
3067 5428 3375 5489 apparatum
3417 5416 3618 5481 facere,
3652 5426 3710 5470 ut
3734 5428 3830 5469 cum

2279 5505 2556 5585 advenerit
2585 5525 2658 5579 rei
2687 5519 2934 5594 gerenda:
2957 5530 3185 5587 tempus,
3208 5511 3359 5568 facile
3387 5511 3696 5577 conﬁciant,
3715 5505 3831 5580 quod

2280 5631 2364 5678 est
2385 5633 2539 5689 opus.

2353 5733 2646 5788 Judteorum
2669 5730 2924 5802 jejunium
2950 5737 3179 5792 impium.
3221 5747 3290 5760 —
3328 5716 3435 5771 Hos
3469 5716 3632 5786 igitur
3667 5725 3720 5768 et
3755 5722 3835 5764 nos

2288 5828 2570 5889 imitantes,
2607 5823 2786 5877 multis
2831 5831 2956 5874 ante
3000 5814 3187 5869 diebus
3227 5806 3616 5881 prtemnnimus
3651 5807 3835 5856 animas
