3832 6256
100 345 203 401 εῖδ

62 472 273 524 vestras,
297 458 642 515 exhortantes
671 468 787 519 vos,
816 461 874 508 ut
906 453 1127 524 impium
1176 452 1277 507 hoc
1319 451 1626 507 Iudaeorum

62 562 113 605 ct
159 552 461 606 sceleratum
481 547 742 619 jejunium
773 547 1006 616 fugiatis.
1034 545 1221 614 Neque
1264 546 1405 599 enim
1448 545 1517 599 ita
1544 546 1628 601 di-

61 644 226 707 xeris,
244 641 482 712 jejunaut
505 658 518 693 :
554 640 680 710 quin
707 639 880 708 potius
907 638 1038 692 illud
1064 637 1191 690 mihi
1216 636 1503 699 ostendito,
1532 651 1629 691 eos

58 753 119 791 ex
175 736 259 791 Dei
301 736 559 790 sententia
608 733 873 803 jejunare.
914 731 1064 798 Quod
1119 730 1172 784 ni
1222 731 1271 784 id
1302 730 1409 795 ﬁat,
1442 734 1629 800 quavis

60 827 306 881 ebrietate
330 824 644 881 sceleratius
665 834 747 879 est
765 823 1048 894 jejunium.
1074 821 1258 891 Neque
1284 821 1425 878 enim
1454 823 1627 878 solum

60 898 495 973 considerandum
537 928 618 972 est
662 916 788 987 quid
833 916 902 969 ab
949 916 1065 969 istis
1110 916 1221 979 liat,
1270 930 1456 969 verum
1500 915 1627 970 illud

58 1010 216 1065 etiam
241 1010 644 1075 observandum,
676 1023 831 1077 quam
857 1007 925 1060 ob
950 1021 1161 1062 causam
1193 1006 1409 1061 faciant.

129 1101 215 1155 Ex
239 1102 488 1156 voluntate
516 1100 611 1155 Dei
641 1110 746 1153 tum
772 1100 956 1153 bonum
1001 1109 1104 1152 tum
1144 1098 1335 1153 malum
1372 1098 1627 1169 penditur.

57 1224 126 1234 --
154 1194 355 1248 Etenim
394 1193 535 1262 quod
576 1191 633 1245 lit
669 1193 818 1259 juxta
858 1189 949 1244 Dei
991 1189 1339 1255 voluntatem,
1387 1189 1631 1258 quamvis

59 1287 296 1340 videatur
323 1284 617 1354 improbum
652 1297 789 1345 esse,
813 1281 1048 1335 omnium
1074 1282 1330 1348 optimum
1358 1289 1456 1334 est.
1487 1282 1629 1335 Con-

59 1390 165 1440 tra,
188 1378 321 1447 quod
351 1377 408 1430 lit
434 1384 624 1446 przrtcr
653 1374 745 1427 Dei
781 1375 1106 1427 voluntatem
1148 1383 1202 1426 et
1232 1374 1502 1442 placitum,
1530 1372 1629 1427 etsi

57 1478 277 1538 putetur
298 1468 575 1538 Optimum,
612 1476 787 1519 tamen
837 1474 921 1519 est
963 1465 1200 1517 omnium
1240 1463 1529 1533 pessimum
1578 1470 1632 1517 et

58 1561 465 1632 iniquissimum.
495 1559 663 1613 Etiam
686 1558 729 1611 si
752 1557 870 1627 quis
897 1556 1104 1612 occidat
1125 1556 1417 1617 hominem,
1443 1556 1511 1610 ita
1541 1571 1636 1610 vo-

54 1657 206 1709 lente
227 1655 349 1716 Deo,
381 1655 566 1723 quavis
592 1651 918 1705 humanitate
944 1651 1134 1705 melius
1158 1659 1243 1705 est
1276 1649 1379 1705 hoc
1405 1649 1633 1704 homici-

52 1750 230 1802 dium.
261 1748 461 1801 Rursus
491 1745 534 1800 si
566 1746 684 1816 quis
715 1752 913 1814 parcat,
945 1754 1000 1799 ct
1027 1743 1370 1798 humanitatis
1397 1743 1633 1798 ofﬁcium

51 1842 331 1896 collocarit
358 1841 408 1893 in
437 1839 738 1909 quempiam
763 1846 955 1907 praeter
988 1836 1079 1891 Dei
1125 1836 1465 1898 sententiam,
1499 1849 1631 1904 qua—

52 1937 137 1991 vis
162 1935 307 1990 aede
332 1932 643 1989 sceleratior
668 1940 750 1986 est
786 1930 902 1986 haec
938 1930 1283 2000 indulgentia.
1327 1928 1443 1984 Non
1490 1929 1634 1983 enim

48 2031 176 2098 ipsa
204 2044 376 2083 rerum
406 2037 590 2080 natum
624 2024 746 2078 facit
785 2032 841 2078 ut
884 2023 1070 2078 eadem
1110 2023 1191 2076 vel
1233 2021 1367 2077 bona
1408 2022 1514 2075 sint
1551 2021 1634 2075 vel

48 2122 221 2185 mala,
249 2119 337 2175 sed
368 2118 462 2173 Dei
486 2117 755 2186 placitum.

122 2212 189 2263 2.
228 2209 296 2265 Ut
337 2218 513 2262 autem
578 2206 841 2274 intelligas
894 2204 995 2259 hoc
1048 2218 1167 2259 esse
1214 2219 1435 2267 verum,
1486 2202 1631 2255 audi.

47 2304 266 2367 Achab,
290 2317 409 2356 cum
437 2315 613 2371 regem
639 2297 919 2368 quemdam
946 2295 1201 2367 Syrorum
1229 2293 1476 2363 cepisset.
1500 2306 1635 2348 con-

46 2407 134 2449 tra
168 2396 260 2450 Dei
284 2395 606 2449 voluntatem
631 2391 777 2446 dedit
804 2390 996 2453 vitam,
1044 2396 1100 2443 et
1133 2402 1349 2442 assessu
1391 2385 1637 2456 dignatus

43 2499 164 2552 est,
191 2488 420 2556 denique
448 2486 611 2539 multa
645 2500 763 2539 cum
810 2480 1206 2536 honoriﬁcentia
1248 2479 1469 2533 dimisit.
1517 2477 1636 2531 Mox

45 2581 319 2649 propheta
346 2577 605 2648 quispiam
624 2576 901 2638 accedens,
922 2574 1053 2628 dixit
1079 2575 1144 2626 ad
1171 2571 1271 2625 sibi
1301 2570 1598 2642 proximum
1620 2583 1635 2622 :

44 2674 119 2727 In
148 2689 377 2727 sermone
410 2670 611 2724 Domini
638 2677 835 2739 percute
872 2682 988 2730 me;
1034 2664 1121 2720 ille
1162 2679 1276 2718 vero
1318 2662 1480 2717 noluit
1526 2677 1639 2714 eum

46 2778 338 2835 pcrcutere.
371 2764 513 2818 Dixit
541 2763 696 2834 igitur
720 2760 789 2814 ad
822 2760 969 2814 illum
994 2758 1108 2815 :Eo
1127 2757 1261 2828 quod
1303 2772 1404 2810 non
1450 2755 1640 2809 audisti

40 2873 230 2910 vocem
255 2854 479 2918 Domini,
509 2871 618 2909 ecce
646 2863 699 2906 tu
725 2852 920 2906 recedes
942 2867 975 2903 a
999 2866 1099 2913 me,
1126 2859 1173 2902 et
1197 2847 1439 2920 percutiet
1467 2854 1514 2899 te
1539 2845 1638 2899 leo.

46 2950 304 3003 Discessit
332 2949 393 3000 ab
420 2948 528 3011 illo,
554 2956 600 2999 et
628 2946 810 3016 reperit
834 2961 945 2998 eum
967 2943 1063 3007 leo,
1095 2951 1142 2996 et
1168 2940 1429 3011 percussit.
1459 2938 1530 2992 Ac
1556 2955 1640 2992 re-

38 3042 189 3110 perit
215 3040 377 3093 alium
404 3039 688 3099 hominem,
716 3036 796 3089 cui
825 3034 951 3087 dixit
976 3050 992 3089 :
1027 3037 1245 3091 Percute
1263 3047 1359 3085 me.
1411 3029 1479 3084 Et
1523 3046 1639 3098 per-

38 3133 217 3185 cussit
258 3147 371 3185 eum
411 3130 560 3184 homo
599 3130 708 3192 ille,
750 3128 1125 3197 vulneravitque
1158 3142 1291 3189 eum,
1330 3141 1391 3178 ac
1424 3123 1510 3178 ille
1549 3124 1642 3177 sibi

35 3222 298 3293 obligavit
344 3222 523 3293 [aciem
566 3219 641 3291 (5.
675 3219 800 3290 Reg.
828 3218 918 3274 20.
967 3218 1183 3287 35-38).
1221 3216 1358 3283 Quid
1394 3216 1496 3271 hoc
1526 3227 1641 3269 stu-

34 3328 193 3383 pore
214 3311 428 3380 dignius
457 3311 568 3365 licri
617 3310 821 3381 possit?
862 3309 961 3377 Qui
1003 3309 1269 3379 percussit
1302 3306 1640 3377 prophetam.

32 3403 235 3460 evasit
264 3402 577 3458 incolumis:
602 3401 692 3472 qui
732 3402 990 3472 pepercit,
1032 3401 1180 3455 dedit
1226 3413 1409 3469 ptenas
1437 3415 1453 3454 :
1483 3397 1642 3452 nimi-

32 3512 177 3551 rum
213 3503 275 3549 ut
316 3493 675 3563 intclligeres,
718 3493 768 3547 in
805 3492 967 3561 jussis
1012 3491 1204 3544 divinis
1246 3506 1350 3544 non
1392 3499 1644 3559 oportere

32 3587 337 3641 curiosum
359 3600 500 3651 esse,
523 3586 937 3655 examinarcque
956 3598 1138 3638 rerum
1175 3598 1295 3652 qua:
1322 3582 1642 3652 praecipiun-

31 3692 143 3734 tur
196 3688 481 3744 naturam,
528 3679 620 3733 sed
677 3678 807 3732 nihil
855 3677 999 3733 aliud
1049 3692 1206 3747 quam
1251 3678 1641 3746 obtemperare.

32 3773 280 3829 Etenim
311 3788 380 3826 ne
412 3772 557 3842 prior
582 3771 673 3827 ille
701 3774 903 3826 veritus
931 3778 1176 3841 parceret
1208 3770 1501 3839 prophetae,
1538 3783 1644 3822 non

31 3866 191 3922 dixit
215 3865 293 3919 illi
314 3864 647 3934 simpliciter,
688 3867 910 3929 Percute
932 3881 1036 3928 me,
1066 3861 1160 3916 sed
1190 3860 1413 3925 addidit,
1442 3858 1511 3914 In
1538 3875 1645 3914 ser-

31 3973 207 4013 mone
235 3955 440 4010 Domini
467 3970 486 4009 :
508 3955 610 4010 hoc
633 3963 735 4018 est,
768 3953 911 4009 Deus
938 3952 1209 4023 przrcepit,
1240 3952 1320 4008 Ne
1344 3965 1525 4022 quaere
1559 3950 1645 4006 ul-

31 4050 231 4105 terius
270 4064 285 4101 :
314 4046 429 4101 Rex
448 4056 529 4101 est
553 4046 644 4115 qui
667 4045 808 4101 hanc
827 4044 1129 4115 praescribit
1154 4043 1321 4113 legem
1352 4043 1647 4098 :Reverere

31 4140 300 4210 iubentis
324 4140 723 4207 auctoritatem,
746 4152 1062 4207 summaque
1092 4150 1214 4190 cum
1261 4135 1424 4189 animi
1465 4148 1647 4205 prom-

31 4233 329 4305 ptitudine
342 4232 675 4301 obtempera.
695 4233 762 4284 At
778 4229 829 4284 id
859 4229 1032 4284 facere
1054 4242 1162 4283 non
1182 4225 1453 4291 sustinuit,
1476 4239 1647 4294 eoque

31 4342 249 4399 pennas
280 4324 812 4396 deditgravissimas,
843 4336 941 4377 suo
971 4319 1220 4390 exemplo
1260 4325 1503 4388 posteros
1549 4314 1647 4368 ad-

31 4428 311 4485 hortans,
335 4424 395 4472 ut
418 4414 672 4487 quidquid
701 4413 1017 4485 praeceperit
1052 4412 1192 4466 Deus
1211 4452 1226 4475 ,
1257 4410 1306 4465 ei
1341 4424 1436 4479 per
1467 4408 1645 4463 omnia

32 4515 501 4580 alitemperarent
527 4522 837 4578 moremque
860 4515 1128 4579 gererent.
1162 4506 1291 4561 Dein
1316 4519 1436 4560 cum
1466 4512 1648 4575 poste-

32 4608 163 4661 -ior
205 4603 304 4658 ille
344 4600 698 4673 percussisset
729 4615 852 4655 eum
891 4607 947 4655 et
984 4598 1345 4660 vulnerasset,
1388 4593 1647 4666 propheta

31 4700 70 4751 .i
86 4698 151 4750 bi
185 4702 357 4764 caput
380 4693 623 4748 obvinxit
648 4693 787 4756 loro,
808 4701 864 4746 et
882 4690 1067 4747 oculos
1085 4689 1315 4751 obtexit,
1343 4688 1573 4759 denique
1592 4685 1647 4741 in

32 4808 89 4843 εει
101 4805 168 4844 ιιι
199 4788 443 4857 speciem
471 4801 591 4841 sese
632 4784 1047 4847 transformavit,
1084 4792 1198 4838 uta
1226 4782 1438 4837 nemine
1466 4788 1647 4851 posset

44 4880 298 4949 gnusci.
329 4879 493 4947 Cujus
513 4880 587 4931 rei
617 4878 785 4948 gratia
811 4876 915 4932 hoc
941 4875 1241 4931 fecit?Erat
1265 4873 1646 4943 redarguturus

32 4980 287 5043 tc-gem,
309 4980 364 5025 et
392 4972 709 5025 sententiam
742 4969 795 5023 in
818 4984 940 5024 eum
971 4968 1177 5022 laturus
1204 4967 1273 5023 de
1306 4966 1477 5022 salute
1506 4967 1647 5036 regis

31 5068 255 5141 lyrire.
288 5066 341 5120 Is
367 5064 529 5135 igitur
553 5081 695 5130 cum,
731 5073 785 5118 ut
807 5071 923 5118 erat
959 5062 1174 5132 impius,
1206 5074 1420 5131 semper
1463 5060 1643 5115 odium

32 5159 313 5214 cssisset
350 5158 605 5213 adversus
634 5156 954 5227 prophetas,
986 5170 1052 5209 ne
1081 5162 1422 5224 conspectum
1469 5154 1643 5223 ipsum

33 5264 64 5306 ι
130 5251 392 5320 agnitum
431 5250 499 5304 ab
539 5249 708 5305 oculis
747 5250 858 5304 suis
893 5247 1252 5308 submoveret.
1297 5262 1467 5317 eoque
1505 5246 1645 5300 facto

33 5362 145 5401 on
194 5343 468 5413 reciperet
495 5344 910 5409 correctionem,
941 5340 1084 5396 velut
1112 5339 1364 5410 propheta
1405 5339 1562 5394 simul
1591 5347 1646 5394 et

32 5437 243 5492 aciem
266 5451 444 5499 suam,
468 5444 521 5489 et
546 5434 739 5504 negotii
766 5432 1147 5500 narrationem,
1170 5440 1228 5486 ut
1246 5440 1300 5489 et
1325 5430 1423 5500 ipsi
1443 5430 1643 5485 contin-

31 5535 198 5585 eret
240 5536 482 5595 potestas
520 5524 727 5579 dicendi
755 5540 872 5594 qure
901 5524 1133 5590 volebat,
1164 5533 1217 5579 et
1246 5523 1404 5594 Regis
1431 5522 1642 5578 confes-

31 5624 258 5675 ionem
285 5626 647 5687 extorqueret.
678 5617 881 5672 Etenim
904 5632 1023 5671 cum
1054 5616 1162 5671 Rex
1198 5617 1510 5683 praeteriret,
1536 5615 1643 5670 cla.-

32 5725 199 5767 »ονε
226 5710 567 5780 compellans
595 5725 737 5773 eum,
764 5708 896 5763 dixit
925 5725 939 5762 :
965 5707 1154 5763 Servus
1182 5718 1295 5762 tuus
1321 5725 1545 5778 egressus
1569 5718 1643 5763 est

32 5810 90 5864 ά
143 5806 413 5861 exercitus
434 5807 624 5871 aciem,
655 5814 701 5859 et
734 5820 845 5859 ecce
881 5803 953 5857 vir
979 5803 1185 5872 quidam
1226 5803 1440 5858 adduxit
1470 5804 1536 5857 ad
1566 5819 1642 5858 me

1272 337 1634 395 ADVERSUS
1668 338 1967 395 ΜΕΝΕΟᾶ
2010 338 2098 393 lV.

3204 345 3307 398 87%

1737 455 1920 521 virum,
1952 455 2178 527 dixitque
2192 453 2382 510 :Serva
2412 458 2538 511 mihi
2562 458 2695 510 Imnc
2722 475 2740 511 :
2761 460 2896 529 quod
2918 460 2959 512 si
2981 461 3179 531 elapsus
3205 478 3319 515 eva-

1734 549 1875 611 serit,
1907 550 2003 602 erit
2029 550 2197 602 anima
2219 558 2306 602 tua
2334 565 2427 619 pro
2454 550 2625 604 anima
2651 552 2812 616 illius,
2841 563 2929 606 aut
2958 554 3208 623 dependes
3234 571 3320 606 ar-

1734 641 1868 712 genti
1900 642 2161 695 talentum.
2195 640 2261 695 Et
2299 643 2486 696 accidit
2522 643 2642 698 dum
2677 659 2847 698 servus
2877 654 2991 698 tuus
3025 646 3324 714 circumspi-

1733 746 1865 790 ceret
1896 736 1994 789 Isuc
2018 745 2066 789 et
2098 735 2243 800 illuc,
2272 745 2318 787 et
2344 752 2456 789 ecce
2480 736 2554 788 vir
2579 753 2676 789 non
2716 738 3053 801 comparebat.
3086 736 3152 790 Et
3191 737 3321 791 dixit

1736 828 1847 883 Rem
1874 827 2039 882 Israel
2063 821 2233 881 :Ecce
2261 829 2422 898 judca:
2463 838 2516 880 tu
2550 829 2690 898 apud
2728 846 2804 881 me
2835 845 2853 882 :
2881 829 3125 883 occidisti.
3158 828 3223 882 Et
3252 830 3319 883 il-

1734 920 1832 973 lico
1862 920 2107 990 propheta
2136 918 2355 973 detraxit
2378 920 2599 973 velamen
2619 921 2681 973 ab
2702 921 2861 973 oculis
2889 922 3015 980 suis,
3044 931 3091 975 et
3117 924 3321 993 agnovit

1732 1012 1879 1066 illum
1911 1010 2024 1065 Rex
2052 1011 2217 1065 Israel
2235 1054 2249 1075 ,
2292 1011 2426 1081 quod
2464 1020 2591 1067 esset
2627 1028 2759 1067 unus
2787 1028 2848 1066 ex
2886 1012 3007 1081 ﬁliis
3040 1014 3319 1085 propheta-

1734 1122 1877 1171 rum,
1902 1106 2128 1176 dixitque
2163 1106 2233 1159 ad
2260 1100 2584 1159 illum:lltec
2612 1105 2733 1157 dicit
2767 1104 3018 1159 Dominus
3049 1106 3162 1160 :Eo
3186 1107 3321 1176 quod

1735 1197 1972 1250 dimisisti
2009 1197 2170 1250 virum
2205 1197 2356 1250 exitio
2385 1196 2594 1268 dignum
2631 1213 2657 1250 e
2685 1214 2843 1250 manu
2869 1206 2975 1263 tua,
3015 1198 3108 1251 erit
3150 1199 3319 1251 anima

1737 1299 1825 1341 tua
1850 1303 1941 1358 pro
1967 1287 2140 1339 anima
2168 1286 2327 1351 illius,
2356 1297 2401 1341 et
2429 1297 2545 1343 tuus
2573 1289 2793 1357 populus
2822 1304 2914 1358 pro
2956 1289 3146 1360 populo
3176 1288 3319 1343 illius

1739 1380 1817 1449 (5.
1862 1374 1991 1443 Reg.
2034 1376 2533 1449 20.56.sqq.)Vides
2575 1379 2715 1450 quod
2738 1396 2842 1435 non
2858 1379 3029 1435 solum
3048 1380 3207 1444 Deus,
3227 1382 3323 1436 sed

1736 1479 1793 1527 et
1816 1472 2059 1527 homines
2084 1472 2242 1526 simili
2265 1470 2703 1541 modojudicant,
2741 1488 2846 1527 non
2876 1473 3223 1543 respicientes
3254 1474 3320 1526 ad

1735 1580 1921 1621 eorum
1965 1580 2084 1635 qua:
2127 1565 2260 1619 ﬁunt
2300 1574 2564 1628 naturam,
2604 1566 2699 1620 sed
2741 1567 2807 1621 ad
2850 1565 3007 1621 linem
3053 1566 3228 1635 potius
3268 1577 3323 1622 et

1736 1658 1956 1717 causas?
1987 1659 2145 1723 Ecce,
2181 1659 2348 1729 inquit
2383 1658 2543 1714 etiam
2573 1660 2686 1729 ipse
2714 1660 2862 1725 Rex,
2899 1671 2952 1713 tu
2983 1660 3149 1729 judex
3181 1660 3319 1730 apud

1736 1766 1845 1816 me,
1898 1751 1987 1821 qui
2038 1750 2316 1806 occideris.
2365 1750 2640 1807 Homicida
2687 1767 2776 1819 es,
2828 1753 3014 1822 inquit,
3062 1767 3128 1813 eo
3180 1752 3323 1822 quod

1739 1843 1946 1898 hostem
1975 1841 2264 1898 dimiseris.
2294 1842 2377 1897 0b
2406 1841 2508 1898 hoc
2531 1842 2673 1898 enim
2703 1843 2958 1913 pr0pheta
2979 1844 3154 1898 velum
3182 1844 3323 1898 addi~

1738 1934 1915 2001 derat,
1944 1942 2000 1989 ct
2032 1932 2177 1989 velut
2209 1935 2261 1989 in
2291 1934 2463 1989 aliena
2496 1949 2655 1990 causa
2681 1933 2826 1990 litem
2855 1934 3090 2001 induxit,
3118 1944 3175 1989 ut
3209 1934 3325 1988 Rex

1739 2025 2059 2080 sententiam
2106 2034 2306 2081 rectam
2355 2025 2722 2095 pronuntiaret
2763 2025 2955 2096 :quod
3006 2033 3059 2081 et
3107 2024 3321 2080 accidit.

1741 2118 1953 2175 Etenim
1985 2127 2262 2189 postquam
2293 2118 2525 2189 seipsum
2551 2133 2646 2174 sua
2676 2119 2937 2174 sententia
2966 2119 3323 2175 condemnas-

1739 2221 1843 2277 set,
1883 2212 2122 2267 detracto
2156 2212 2298 2275 velo,
2335 2210 2469 2266 dixit
2505 2209 2763 2281 propheta
2793 2229 2807 2264 :
2839 2211 3096 2279 Quoniam
3137 2220 3192 2264 tu
3244 2212 3325 2264 di-

1740 2302 1922 2357 misisti
1946 2303 2107 2357 vitum
2137 2302 2289 2357 exitio
2316 2300 2526 2372 dignum
2550 2318 2578 2355 e
2603 2318 2757 2355 manu
2785 2311 2891 2363 tua,
2923 2302 3018 2357 erit
3041 2302 3211 2355 anima
3237 2310 3329 2355 tua

1741 2410 1835 2463 pro
1876 2394 2050 2448 anima
2090 2393 2248 2458 illius,
2292 2402 2340 2447 et
2382 2393 2603 2464 papulas
2641 2402 2760 2448 tuus
2797 2410 2889 2462 pro
2930 2392 3120 2463 populo
3161 2393 3321 2447 illius.

1746 2486 1906 2542 Vides
1933 2500 2068 2556 quas
2091 2500 2189 2557 pro
2216 2484 2538 2540 humanitate
2569 2499 2754 2554 plenas
2783 2483 2940 2539 luerit
2960 2484 3095 2550 Rex,
3126 2499 3329 2554 proque

1742 2577 2116 2647 intempestiva
2145 2576 2425 2632 clementia
2454 2590 2560 2646 quo
2588 2574 2806 2631 allectus
2836 2576 2905 2629 sit
2932 2575 3231 2647 supplicio?
3259 2575 3328 2630 Et

1744 2669 1833 2725 hic
1857 2668 2072 2741 quidem
2100 2669 2192 2739 qui
2231 2667 2489 2735 servavit,
2520 2668 2764 2738 punitur;
2795 2667 2928 2723 alter
2956 2682 3084 2724 vero
3110 2668 3199 2739 qui
3231 2682 3325 2722 oc-

1742 2759 1893 2826 cidit,
1936 2758 2194 2829 probatus
2240 2766 2343 2813 est.
2390 2758 2552 2828 Igitur
2600 2766 2655 2815 et
2697 2757 2949 2823 Phinees,
2999 2757 3087 2827 qui
3136 2756 3329 2812 eodem

1747 2851 2000 2921 temporis
2049 2850 2275 2905 articulo
2318 2848 2514 2920 duplex
2560 2847 2885 2919 perpetravit
2939 2847 3325 2915 homicidium,

1744 2942 2021 3013 virumque
2051 2940 2209 2997 simul
2234 2955 2354 2996 cum
2393 2939 2614 2996 muliere
2638 2939 2881 3006 sustulit,
2908 2939 3205 2995 sacerdotio
3233 2938 3327 2993 ho-

1746 3044 1966 3092 noratur
1985 3034 2171 3108 (Num.
2188 3034 2279 3106 25)
2300 3051 2315 3088 :
2339 3049 2440 3090 nec
2465 3033 2638 3090 solum
2668 3049 2771 3088 non
2797 3033 3093 3104 inquinavit
3112 3048 3329 3088 manum

1744 3129 2025 3200 sanguine,
2066 3144 2250 3184 verum
2292 3128 2452 3183 etiam
2492 3128 2763 3197 puriorem
2805 3125 3053 3182 reddidit.
3098 3126 3330 3181 Proinde

1745 3236 1867 3277 cum
1893 3220 2090 3277 videris
2119 3236 2241 3276 eum
2262 3221 2351 3291 qui
2381 3220 2693 3290 prOphetam
2726 3220 2988 3290 percussit
3009 3233 3129 3275 esse
3148 3234 3329 3280 serva-

1747 3322 1881 3379 tum,
1907 3328 2030 3369 eum
2052 3328 2181 3369 vero
2205 3313 2294 3384 qui
2324 3329 2428 3367 non
2454 3312 2716 3382 percussit
2739 3312 3081 3374 exstinctum,
3107 3320 3162 3365 et
3182 3310 3328 3366 illum

1746 3407 1836 3477 qui
1866 3413 2180 3477 pepercerat
2203 3405 2331 3461 dare
2358 3419 2564 3474 pinnas,
2596 3404 2857 3474 punitum,
2889 3418 3071 3459 rursus
3093 3418 3213 3457 eum
3239 3401 3328 3472 qui

1747 3513 1854 3552 non
1886 3499 2145 3568 pepercit,
2188 3495 2539 3566 approbatum
2584 3512 2598 3548 :
2631 3508 2844 3564 semper
2884 3493 3025 3564 apud
3070 3502 3121 3548 te
3153 3493 3331 3562 potior

1748 3589 1820 3644 sit
1856 3589 2025 3655 ratio,
2054 3586 2182 3658 quid
2211 3588 2352 3642 Deus
2392 3586 2685 3657 praecipiat,
2725 3600 2884 3656 quam
2915 3602 3032 3650 quae
3071 3585 3140 3638 sit
3168 3599 3339 3653 nego-7

1749 3682 1945 3737 tiorum
1970 3689 2157 3735 natura
2189 3698 2203 3735 :
2238 3678 2382 3750 quod
2416 3680 2462 3734 si
2492 3678 2615 3749 quid
2645 3679 2969 3748 compereris
3010 3677 3101 3732 illo
3129 3691 3329 3747 appro-

1747 3777 1910 3833 bante
1936 3774 2069 3846 geri,
2100 3773 2231 3830 illud
2256 3773 2429 3829 solum
2449 3772 2797 3842 amplectere.

1819 3868 1873 3923 5.
1899 3866 2076 3937 Atque
2106 3867 2206 3920 hac
2235 3874 2445 3920 utentes
2469 3864 2649 3935 regula
2670 3903 2686 3928 ,
2714 3872 2768 3918 et
2792 3862 3053 3932 jejunium
3091 3860 3197 3917 hoc
3235 3859 3333 3916 Ju-

1748 3960 1985 4016 dteorum
2016 3956 2401 4027 expendamus.
2428 3955 2640 4011 Etenim
2686 3954 2739 4009 ni
2788 3955 2840 4009 id
2885 3952 3187 4015 fecerimus.
3232 3950 3329 4006 sed

1750 4052 1988 4106 actiones
2013 4047 2203 4114 nudas,
2235 4062 2330 4118 per
2365 4061 2425 4102 se
2456 4054 2656 4101 tantum
2690 4044 2743 4099 in
2781 4044 3023 4100 medium.
3049 4040 3280 4113 prolatas
3302 4082 3321 4106 ,

1750 4142 2152 4199 consideremus
2180 4158 2195 4195 :
2228 4140 2417 4210 ingens
2446 4139 2550 4194 erit
2584 4136 2848 4200 confusio,
2886 4149 3182 4206 magnaque
3210 4147 3329 4203 per-

1752 4234 2004 4290 turbatio.
2030 4232 2163 4287 Nam
2188 4230 2480 4285 latronibus
2505 4229 2806 4285 lacerantur
2830 4227 3104 4296 lateraget
3137 4238 3332 4280 monu-

1750 4335 2052 4382 mentorum
2082 4322 2497 4394 perfossoribus,
2525 4331 2580 4376 et
2607 4319 3079 4391 praestigiatoribus
3104 4335 3116 4372 :
3142 4332 3331 4376 verum

1752 4416 1892 4473 idem
1925 4414 2198 4486 patiuntur
2238 4422 2294 4469 et
2334 4422 2617 4484 martyres.
2654 4410 2816 4465 Facta
2841 4409 3059 4480 quidem
3088 4418 3214 4464 sunt
3239 4422 3329 4463 ea-

1738 4510 1873 4565 dem
1893 4550 1910 4575 ,
1952 4516 2205 4563 caeterum
2251 4505 2461 4560 animus
2490 4512 2544 4560 et
2571 4518 2730 4559 causa
2758 4518 2855 4559 cur
2884 4503 2997 4557 haec
3026 4501 3331 4567 liant,,non

1751 4609 1836 4656 est
1861 4597 2070 4663 eadem,
2102 4611 2273 4668 eoque
2298 4596 2586 4666 plurimum
2614 4602 2699 4649 est
2723 4593 3044 4649 discriminis
3068 4591 3210 4647 inter
3233 4591 3331 4646 hos

1751 4699 1806 4747 et
1846 4689 1984 4745 illos.
2011 4687 2162 4744 Sicut
2208 4687 2368 4757 igitur
2392 4687 2447 4741 in
2477 4685 2582 4741 illis
2623 4700 2728 4740 non
2765 4693 3087 4740 tormentum
3127 4692 3331 4739 tantum

1750 4780 2122 4852 expendimus,
2152 4779 2245 4836 sed
2276 4778 2424 4849 prius
2447 4777 2683 4833 animum
2711 4786 2765 4832 et
2792 4791 3006 4833 causam
3027 4816 3043 4842 ,
3074 4774 3145 4831 ob
3170 4770 3337 4844 quam

1750 4875 2017 4930 cruciatus
2036 4872 2351 4937 inferuntur,
2380 4870 2806 4935 consideramus,
2825 4878 2879 4924 et
2898 4869 2968 4924 ob
2990 4868 3043 4923 id
3068 4875 3332 4938 martyres
3356 4904 3369 4915 .

1751 4981 2011 5032 amamus,
2037 4980 2141 5020 non
2169 4963 2311 5036 quod
2335 4965 2660 5026 crucientur,
2684 4961 2776 5016 sed
2796 4959 2939 5030 quod
2962 4960 3032 5012 ob
3058 4959 3329 5013 Christum

1750 5058 2018 5114 cruciatus
2037 5058 2235 5122 ferant;
2261 5064 2442 5111 contra
2460 5054 2697 5107 latrones
2708 5052 3056 5114 detestamur,
3082 5063 3189 5103 non
3208 5049 3331 5118 quia

1751 5151 2062 5219 puniuntur,
2092 5148 2182 5203 sed
2211 5146 2352 5217 quod
2383 5147 2452 5200 ob
2478 5143 2749 5199 malefacta
2786 5142 3111 5212 puniuntur:
3142 5141 3329 5195 eodem

1750 5244 1909 5299 modo
1930 5244 2029 5298 hac
2052 5245 2100 5297 in
2119 5259 2178 5297 re
2202 5239 2460 5296 calculum
2489 5251 2653 5307 ponas
2677 5254 2690 5290 :
2718 5235 2984 5290 sivideris
3012 5234 3129 5289 illos
3149 5248 3333 5287 amore

1749 5338 1844 5393 Dei
1871 5337 2172 5406 jejunantcs
2190 5376 2205 5401 ,
2233 5332 2554 5403 amplectere
2581 5329 2722 5400 quod
2754 5328 2812 5383 ﬁt
2841 5346 2855 5382 :
2886 5336 2942 5381 at
2974 5327 3022 5382 si
3051 5340 3334 5397 perspexe-

1750 5432 1858 5493 ris,
1890 5430 2009 5483 illos
2036 5429 2135 5483 huc
2176 5436 2369 5496 praeter
2397 5424 2626 5479 divinam
2668 5422 2992 5477 voluntatem
3037 5419 3290 5475 iacientes
3313 5459 3330 5483 ,

1749 5523 1916 5592 magis
1967 5535 2060 5574 eos
2106 5520 2411 5592 detestare,
2457 5515 2763 5584 majoreque
2806 5512 2931 5568 odio
2972 5526 3328 5583 prosequere,

1748 5629 1905 5684 quam
1936 5613 2147 5677 ebrios,
2179 5625 2336 5681 quam
2387 5606 2710 5663 temulentite
2755 5613 2811 5661 et
2852 5602 3331 5659 comessationibus

1750 5708 2103 5778 indulgentes.
2136 5705 2193 5760 ln
2222 5704 2323 5759 hoc
2348 5708 2524 5758 autem
2551 5699 2754 5771 jejunio
2780 5714 2885 5755 non
2926 5698 3054 5753 satis
3092 5704 3177 5752 est
3198 5708 3331 5750 eau-

1757 5816 1869 5857 sam
1917 5800 2180 5871 inquirere
2200 5839 2215 5867 ,
2247 5794 2343 5854 sed
2364 5804 2415 5853 et
2446 5795 2596 5850 locus
2625 5802 2676 5849 et
2705 5803 2918 5865 tempus
2947 5784 3333 5845 consideranda
