3920 6248
563 275 668 332 875

563 404 707 449 sunt.
743 393 941 451 Verum
968 400 1289 472 priusquam
1321 422 1638 469 moveamus
1667 419 1840 474 aciem
1869 422 2132 480 adversus

557 489 795 558 .ludaens,
829 493 1020 549 lubens
1044 499 1348 555 orationem
1372 507 1632 562 verterim
1663 510 1730 565 ad
1758 529 1854 570 eos
1884 518 1976 585 qui
2001 528 2130 572 sunt

558 582 732 636 nostri
750 585 994 652 corporis
1015 587 1256 642 membra
1269 605 1353 652 ,ac
1367 595 1542 647 nostri
1556 598 1773 665 quidem
1787 582 1995 660 ordinis
2006 620 2128 661 esse

554 674 829 740 videntur,
849 686 1104 730 caeterum
1128 679 1344 734 illorum
1367 684 1570 738 cultum
1585 699 2124 766 sequuntur,proque

551 766 661 822 illis
691 766 1049 823 defendendis
1065 771 1199 824 nihil
1231 773 1437 830 laboris
1457 792 1569 832 non
1586 782 1916 853 suscipiunt,
1936 803 2043 858 qua
2065 789 2121 843 in

550 865 702 926 parte
749 858 943 930 dignos
979 876 1106 916 esse
1151 862 1311 919 video
1360 869 1611 936 graviore
1641 875 2117 944 condemnatione,

548 965 712 1018 quam
749 949 970 1008 Judaeos
1010 955 1319 1012 universos.
1354 958 1409 1012 Id
1439 975 1560 1016 esse
1581 979 1792 1032 verum,
1820 984 1928 1022 non
1958 971 2118 1026 modo

549 1041 824 1111 sapientes
839 1051 892 1098 et
910 1044 1336 1108 cordati,verum
1355 1052 1521 1106 etiam
1543 1055 1874 1127 quicumque
1888 1063 2117 1133 vel’pau-

448 1170 458 1183 ι
547 1132 657 1187 lum
688 1134 886 1190 habent
911 1139 1112 1193 mentis
1145 1147 1199 1195 et
1239 1141 1495 1208 rationis,
1531 1161 1744 1203 mecum
1777 1132 2112 1210 fatebuntur.

542 1231 656 1281 Nec
674 1228 818 1281 enim
841 1245 978 1299 opus
1007 1240 1091 1285 est
1116 1233 1572 1300 sophismatibus,
1601 1254 1701 1294 nec
1723 1255 1986 1312 apparatu
2004 1263 2115 1302 ser-

544 1319 746 1386 monis,
764 1337 866 1376 nec
884 1323 1110 1391 prolixis
1134 1327 1375 1393 periodis
1394 1329 1460 1383 ad
1483 1330 1587 1384 hoc
1603 1330 2108 1404 demonstrandum,

543 1425 666 1466 cum
685 1413 820 1468 satis
833 1415 904 1470 sit
917 1415 1037 1471 illos
1058 1415 1291 1488 simplici
1316 1424 1729 1489 percontatione
1743 1428 2110 1502 interrogatos

540 1519 607 1558 ex
627 1503 742 1575 ipsa
761 1510 1118 1578 responsione
1130 1527 1190 1566 ca
1200 1515 1493 1582 pere.Quid
1514 1519 1705 1590 igitur?
1727 1519 2101 1596 Unumquem-

538 1607 646 1660 que
660 1592 768 1650 isto
784 1595 1232 1654 morboall‘ectum
1251 1608 1614 1671 percontabor
1631 1628 1644 1663 :
1661 1592 2009 1672 Christianus
2022 1618 2108 1673 es?
2122 1659 2128 1665 .

535 1683 647 1738 Cur
690 1701 823 1756 ergo
849 1689 1124 1746 aemularis
1152 1691 1412 1750 Iudaica?
1436 1699 1506 1750 At
1542 1699 1762 1759 Judaeus
1810 1707 1905 1760 es?
1933 1707 2107 1774 Quam

541 1775 700 1841 igitur
712 1779 782 1834 ob
802 1795 1021 1864 causam
1039 1786 1298 1842 molestus
1317 1804 1374 1842 es
1391 1789 1671 1864 Ecclesiae?
1690 1793 1792 1858 Qui
1815 1797 1974 1855 l’ersa
1996 1812 2103 1864 est.

539 1860 709 1904 nonne
745 1865 865 1921 quae
907 1852 1187 1912 Persarum
1233 1869 1357 1914 sunt
1392 1862 1582 1918 curat?
1610 1852 1889 1934 Barbarus,
1917 1852 2099 1924 nonne

535 1937 875 1996 barbarorum
923 1945 1056 2001 ritus
1092 1947 1402 2003 aemulatur?
1436 1951 1536 2018 Qui
1574 1952 1773 2010 habitat
1810 1957 1862 2011 in
1901 1959 2099 2016 ditione

537 2027 914 2101 Romanorum,
934 2050 1040 2089 non
1062 2035 1223 2091 utitur
1243 2040 1436 2094 nostris
1459 2042 1693 2111 legibus?
1715 2047 1824 2118 Age
1841 2048 1926 2104 dic
1948 2051 2094 2118 mihi,

534 2132 710 2174 nonne
735 2120 779 2174 si
805 2123 922 2192 quis
948 2122 1135 2180 horum
1159 2167 1173 2190 ,
1204 2129 1294 2197 qui
1322 2131 1460 2197 apud
1485 2148 1581 2187 nos
1602 2135 1818 2203 vivunt,
1850 2155 1966 2195 cum
1994 2143 2096 2198 illis

534 2211 729 2266 sentire
752 2211 912 2269 fuerit
931 2215 1309 2286 deprehensus,
1340 2222 1599 2280 inauditus
1623 2227 1860 2300 citraque
1879 2248 2095 2289 examen

533 2302 764 2370 punitur,
796 2306 999 2361 etiamsi
1028 2308 1226 2365 infinita
1253 2310 1463 2379 habeat,
1494 2317 1683 2386 quibus
1706 2335 1918 2378 causam
1947 2340 2094 2380 suam

533 2395 698 2460 possit
721 2396 1039 2456 defendere?
1064 2401 1131 2456 Et
1154 2403 1200 2458 si
1226 2405 1343 2474 quis
1367 2408 1504 2476 apud
1534 2409 1660 2464 istos
1685 2414 1980 2482 exstiterit,
2009 2419 2095 2486 qui

533 2484 784 2543 Romanis
813 2499 990 2546 utatur
1012 2493 1268 2553 institutis
1291 2540 1306 2564 ,
1339 2514 1515 2554 nonne
1540 2517 1723 2557 rursus
1751 2505 1888 2560 idem
1928 2484 2096 2576 pati—e-

534 2578 656 2632 tur?
696 2579 969 2648 Quomodo
1011 2585 1166 2656 igitur
1209 2599 1264 2644 tu
1306 2592 1393 2660 qui
1437 2593 1502 2646 ad
1543 2594 1758 2664 impium
1804 2598 1930 2654 illud
1975 2602 2096 2658 vita:

533 2669 828 2727 institutum
857 2675 1118 2746 deiecisti,
1151 2681 1313 2737 audes
1338 2695 1555 2753 sperare
1583 2687 1844 2744 salutem?
1869 2693 1948 2746 An
1977 2694 2094 2748 exi-

531 2775 687 2829 guum
714 2763 1042 2822 intervallum
1069 2777 1151 2824 est
1179 2771 1316 2828 inter
1339 2789 1434 2828 nos
1460 2786 1513 2831 et
1539 2776 1788 2834 Judaos?
1806 2785 1886 2836 An
1912 2784 1979 2839 de
2008 2801 2095 2840 re-

534 2852 632 2907 bus
657 2854 858 2912 levibus
882 2867 972 2914 aut
997 2861 1297 2932 vulgaribus
1326 2867 1467 2922 inter
1494 2884 1590 2924 nos
1616 2880 1695 2926 est
1718 2878 2091 2944 controversia,

531 2952 588 2998 ttt
615 2953 667 3000 tu
695 2963 855 3004 unum
897 2960 953 3006 et
997 2953 1134 3009 idem
1163 2971 1284 3012 esse
1308 2959 1495 3014 credas
1526 2973 1761 3017 nostrum
1791 2975 1844 3020 et
1885 2965 2093 3024 illorum

530 3035 864 3094 institutum?
895 3041 1001 3097 Cur
1027 3059 1132 3099 non
1161 3049 1424 3104 miscenda
1455 3052 1685 3107 misces?
1710 3054 1789 3109 llli
1819 3059 2094 3113 crucifixe-

533 3137 652 3182 runt
677 3129 942 3187 Christum
963 3176 976 3200 ,
1007 3151 1162 3204 quem
1191 3147 1245 3192 tu
1270 3140 1479 3195 adoras.
1513 3143 1673 3199 Vides
1717 3157 1967 3214 quantum
2015 3152 2094 3204 iu-

533 3225 728 3278 terest?
751 3225 848 3293 Qui
877 3227 936 3282 lit
961 3229 1134 3299 igitur,
1171 3241 1225 3287 ut
1253 3234 1318 3287 ad
1346 3235 1464 3290 illos
1488 3238 1573 3306 qui
1598 3237 1859 3294 Christum
1885 3243 2092 3298 occide-

532 3321 653 3367 runt
675 3329 856 3371 curras
878 3359 894 3382 ,
925 3320 1179 3388 prolitens
1208 3335 1258 3379 te
1283 3323 1504 3381 adorare
1541 3330 1885 3384 crucifixum?
1913 3331 2093 3402 Neque

531 3417 656 3458 vero
681 3404 795 3474 ipse
822 3406 991 3477 legem
1017 3409 1154 3466 hanc
1183 3411 1295 3469 fero
1320 3456 1336 3483 ,
1381 3431 1484 3486 qua
1531 3418 1646 3472 illos
1689 3419 1959 3484 criminer,
1993 3439 2092 3478 nec

533 3493 667 3550 hanc
693 3499 1040 3556 aecusationis
1080 3501 1302 3559 formam
1350 3507 1545 3561 inveni.
1585 3511 1773 3564 Annon
1821 3497 2088 3581 Scriptura

531 3585 688 3641 simili
713 3589 873 3644 modo
907 3603 1120 3649 accusat
1148 3596 1303 3651 illos?
1326 3598 1462 3653 Audi
1493 3600 1649 3670 igitur
1680 3603 1806 3673 quid
1835 3604 1975 3659 dicat
1997 3605 2092 3662 Je-

531 3677 724 3733 remias
746 3679 995 3737 adversus
1020 3684 1138 3740 illos
1168 3703 1182 3741 :
1207 3687 1349 3743 Abite
1371 3690 1425 3742 in
1451 3687 1631 3755 Cedar,
1661 3704 1707 3746 et
1735 3695 1926 3759 videte;
1946 3699 2091 3750 emit-

531 3767 617 3821 tite
637 3769 706 3822 ad
722 3771 910 3828 insulas
931 3774 1161 3842 Chetiim,
1185 3786 1231 3831 et
1250 3781 1494 3849 judicate,
1519 3798 1637 3836 num
1659 3785 1778 3838 talia
1803 3788 1937 3855 facta
1961 3789 2091 3853 sint;

529 3871 596 3910 an
642 3857 818 3915 Gentes
858 3872 1044 3918 mutent
1085 3866 1203 3921 deos
1229 3885 1346 3922 suos
1368 3911 1383 3934 ,
1414 3879 1459 3923 et
1485 3873 1567 3924 isti
1593 3889 1691 3927 non
1719 3885 1832 3928 sunt
1870 3877 1960 3930 dii.
1991 3875 2091 3931 Vos

529 3956 694 4002 autem
725 3955 951 4007 mutastis
973 3955 1184 4025 gloriam
1209 3968 1418 4013 vestram
1460 3963 1512 4015 in
1554 3979 1695 4028 eam,
1737 3981 1798 4018 ex
1829 3983 1926 4034 qua
1966 3969 2093 4022 nihil

529 4038 757 4095 utilitatis
779 4044 984 4113 capietis
1013 4045 1142 4116 (Jer.
1172 4047 1227 4100 2.
1255 4049 1342 4104 10.
1371 4049 1481 4121 11).
1509 4051 1624 4106 Νοη
1664 4052 1822 4120 dixit,
1851 4059 2090 4113 mutastis

529 4126 657 4182 deos
685 4139 887 4186 vestros
906 4173 920 4197 ,
948 4135 1038 4188 sed
1065 4136 1283 4204 gloriam
1313 4157 1327 4192 :
1361 4140 1409 4193 id
1433 4151 1510 4194 est
1529 4183 1542 4207 ,
1578 4143 1678 4208 illi,
1724 4145 1926 4212 inquit,
1970 4163 2089 4200 cum

529 4219 751 4275 adorent
779 4222 912 4276 idola
933 4266 948 4290 ,
980 4226 1262 4297 colantque
1289 4228 1558 4285 dmmones
1577 4273 1591 4296 ,
1622 4241 1728 4286 tam
1760 4246 2004 4291 conStant
2029 4239 2082 4291 in

529 4325 730 4377 errore,
757 4322 815 4368 ut
843 4330 910 4370 ne
935 4317 1097 4370 velint
1125 4319 1335 4389 quidem
1368 4321 1451 4374 illa
1482 4323 1798 4394 relinquere,
1831 4335 1885 4381 et
1909 4327 1973 4381 ad
2002 4344 2091 4383 vc-

529 4400 739 4457 ritatem
783 4406 1128 4477 transfugere.
1155 4408 1260 4464 Vos
1296 4421 1469 4466 autem
1515 4414 1603 4483 qui
1650 4430 1829 4470 verum
1860 4416 2091 4472 adoratis

533 4490 718 4559 Deum,
745 4495 926 4550 relicta
955 4497 1214 4567 majorum
1239 4501 1512 4571 religione,
1540 4505 1679 4559 ultro
1703 4507 1768 4560 ad
1798 4508 1966 4562 aliena
1992 4509 2088 4563 de-

529 4581 760 4650 fecistis;
788 4600 958 4656 neque
984 4596 1185 4644 tantum
1213 4591 1473 4662 religiosae
1515 4596 1707 4650 mentis
1737 4599 1993 4664 przestatis
2038 4600 2088 4653 in

528 4675 767 4741 veritate,
793 4687 1045 4746 quantum
1067 4681 1140 4735 illi
1163 4693 1412 4751 praestant
1439 4685 1489 4739 in
1515 4701 1613 4741 suo
1637 4703 1836 4743 errore.
1865 4689 2091 4745 Proinde

527 4767 656 4824 dicit
682 4785 696 4822 :
721 4769 782 4825 Si
803 4771 946 4831 istius
970 4775 1106 4827 modi
1124 4775 1258 4843 facta
1277 4785 1413 4844 sunt,
1434 4777 1476 4831 si
1501 4782 1758 4833 mutabunt
1777 4779 1956 4835 Gentes
1974 4781 2091 4836 deos

450 4876 465 4891 ·
525 4875 678 4925 suos,
723 4869 770 4915 et
803 4861 887 4916 isti
925 4879 1024 4918 non
1057 4875 1173 4919 sunt
1196 4867 1307 4921 dii:
1332 4883 1416 4921 vos
1443 4877 1606 4922 autem
1628 4871 1855 4925 mutastis
1880 4871 2091 4942 gloriam

528 4959 759 5019 vestram,
783 4953 916 5007 unde
937 4953 1128 5009 nullam
1154 4957 1357 5024 capietis
1381 4958 1643 5013 utilitatem
1671 4958 1898 5031 (Malae.
1927 4962 1980 5015 5.
2003 4961 2088 5030 6).

526 5036 643 5094 Νοη
685 5041 849 5108 dixit,
891 5046 1133 5099 mutastis
1171 5047 1334 5102 Deum
1359 5058 1589 5104 vestrum
1613 5065 1628 5103 :
1657 5051 1793 5106 Deus
1819 5053 1958 5106 enim
1987 5067 2088 5106 non

528 5139 761 5187 mutatur
786 5151 800 5187 ε
831 5136 948 5202 sed,
979 5136 1214 5192 Mutastis
1247 5140 1460 5210 gloriam
1486 5150 1717 5196 vestram.
1745 5143 1926 5212 Neque
1947 5144 2089 5198 enim

529 5237 615 5277 me
642 5223 874 5292 laesistis,
904 5224 1108 5297 inquit;
1139 5243 1308 5298 neque
1328 5230 1432 5283 ulla
1455 5246 1588 5284 noxa
1619 5231 1683 5284 ad
1706 5247 1790 5285 me
1812 5233 2051 5301 pervenit
2074 5249 2088 5284 :

531 5314 882 5385 vosmetipsos
907 5316 1156 5373 alfecistis
1185 5319 1500 5390 ignominia;
1533 5337 1702 5375 meam
1737 5323 1955 5391 gloriam
1986 5339 2090 5376 non

531 5404 889 5470 itnminuistis,
921 5408 1013 5463 sed
1043 5418 1290 5464 vestram.
1338 5409 1624 5466 Concedite
1666 5427 1793 5468 sane
1841 5413 1988 5477 mihi,
2038 5423 2094 5469 ut

532 5494 674 5551 hunc
714 5511 1014 5553 sermonem
1059 5500 1215 5555 etiam
1245 5501 1310 5554 ad
1342 5511 1549 5556 nostros
1591 5502 2016 5567 accommodem;
2047 5505 2090 5558 si

536 5602 707 5644 tamen
739 5604 834 5658 par
871 5599 953 5645 est
980 5591 1100 5647 illos
1125 5593 1389 5663 appellare
1435 5604 1643 5650 nostros
1665 5637 1678 5659 ,
1712 5597 1800 5665 qui
1833 5611 1954 5650 cum
1987 5596 2090 5651 illis

532 5675 794 5737 sentiunt.
832 5683 985 5740 Abite
1031 5685 1082 5739 in
1125 5683 1424 5756 Synagogas
1453 5695 1504 5742 et
1533 5686 1707 5742 videte
1727 5726 1742 5750 ,
1774 5701 1895 5741 num
1926 5685 2093 5741 Judaei

1190 286 1245 342 S.
1295 289 1578 349 JOANNIS
1636 297 2132 365 CHRYSOSTOMI
2171 310 2481 366 ARCHIEP.
2523 314 3049 375 CONSTANTINOP.

3665 329 3766 384 ετσ

2214 422 2462 474 mutarint
2486 439 2638 476 suum
2665 425 2916 494 jejunium
2937 471 2948 490 ,
2985 446 3107 483 num
3137 432 3208 485 illi
3237 433 3336 488 sub
3362 434 3560 491 Pascha
3589 440 3770 494 uobis-

2208 524 2324 562 cum
2357 512 2675 568 celebrarint
2708 517 2985 584 jejunium,
3017 538 3138 574 num
3168 522 3267 578 hoc
3291 524 3375 579 die
3403 542 3654 595 umquam
3683 545 3770 583 co-

2207 602 2484 656 mederint.
2530 607 2684 674 Atqui
2733 607 2833 661 hoc
2877 625 2982 664 non
3029 622 3112 666 est
3155 613 3450 682 jejunium,
3499 618 3596 672 sed
3646 620 3772 687 legis

2209 695 2556 760 transgressio
2579 736 2592 759 ,
2638 696 2730 748 sed
2774 713 2942 763 error,
2969 701 3064 754 sed
3104 713 3370 770 peccatum
3397 715 3671 760 :attamen
3702 711 3770 762 illi

2206 797 2488 852 numquam
2538 794 2827 840 mutarunt.
2884 789 2988 843 Vos
3019 802 3210 850 autem
3261 797 3502 850 mutastis
3547 797 3770 865 gloriam

2205 883 2456 937 vestram,
2491 875 2627 930 unde
2655 875 2786 930 nihil
2815 879 3051 934 utilitatis
3077 883 3290 950 capietis
3315 925 3329 946 ,
3358 895 3408 938 et
3441 884 3580 940 ultro
3611 888 3678 940 ad
3708 890 3769 941 il-

2204 962 2371 1018 lorum
2404 966 2534 1018 ritus
2561 966 2874 1022 descivistis.
2905 971 3122 1038 Quando
3153 974 3365 1029 Paschze
3388 975 3652 1045 jejunium
3680 993 3769 1034 ce-

2206 1053 2474 1107 lebrarunt
2503 1056 2576 1108 illi
2592 1056 2615 1109 ?
2631 1057 2850 1122 Quando
2866 1070 3152 1130 martyrum
3180 1062 3337 1117 festos
3353 1065 3466 1120 dies
3488 1067 3766 1122 nobiscum

2203 1145 2461 1212 egerunt?
2485 1145 2704 1211 Quando
2732 1148 2869 1202 diem
2893 1149 3299 1219 Epipltaniorum
3327 1156 3598 1211 nobiscum
3627 1161 3766 1212 cele-

2205 1233 2462 1288 hrarunt?
2487 1237 2564 1291 Illi
2592 1253 2696 1291 non
2731 1251 3010 1294 accurrunt
3052 1242 3116 1296 ad
3157 1245 3465 1310 veritatem;
3497 1258 3550 1301 et
3575 1264 3674 1303 vos
3701 1253 3766 1303 aol

2206 1324 2528 1393 iniquitatem
2560 1329 2870 1396 properatis.
2901 1329 3232 1397 lniquitatem
3259 1345 3430 1390 autem
3458 1337 3613 1403 dico,
3644 1342 3765 1409 quia

2203 1413 2302 1467 ieta
2343 1415 2472 1468 fiunt
2513 1432 2618 1470 non
2662 1433 2758 1472 suo
2798 1429 3047 1488 tempore.
3087 1422 3214 1476 Erat
3251 1425 3374 1478 olim
3406 1438 3633 1495 tempus,
3662 1447 3768 1497 quo

2203 1505 2546 1560 conveniebat
2606 1509 2702 1561 ista
2756 1523 3018 1574 servare;
3057 1512 3166 1580 jam
3212 1530 3338 1568 vero
3378 1532 3482 1570 non
3525 1529 3607 1572 est
3647 1536 3765 1572 am-

2202 1597 2358 1667 plius.
2386 1597 2568 1667 quue
2596 1601 2737 1670 quod
2764 1609 2869 1656 tum
2891 1603 3040 1672 juxta
3067 1605 3234 1675 legem
3261 1607 3436 1673 ﬁebat,
3461 1625 3599 1664 nunc
3628 1625 3765 1679 pra:-

2202 1695 2284 1742 ter
2309 1688 2477 1757 legem
2510 1689 2586 1742 lit.

2270 1781 2323 1834 4.
2352 1777 2635 1836 Concedite
2666 1781 2794 1837 mihi
2823 1791 2880 1838 ut
2917 1784 3043 1838 illud
3071 1786 3227 1840 etiam
3271 1787 3432 1843 llclize
3468 1790 3642 1844 dicam
3675 1793 3765 1847 ad.

2200 1887 2382 1926 versus
2409 1887 2520 1927 eos.
2550 1872 2678 1928 Cum
2708 1875 2848 1929 enim
2886 1875 2976 1930 ille
3001 1879 3325 1946 conspiceret
3351 1879 3562 1936 Iudaeos
3601 1883 3766 1953 impie

2200 1961 2455 2026 viventes,
2488 1970 2543 2015 et
2587 1979 2725 2016 nunc
2752 1963 2960 2033 quidem
2990 1966 3414 2036 obtemperantes
3444 1971 3554 2023 Deo
3576 2012 3589 2035 ,
3622 1989 3764 2027 nunc

2199 2067 2383 2106 rursus
2430 2053 2567 2107 idola
2621 2055 2892 2122 colentes,
2937 2057 3002 2111 ad
3051 2059 3192 2114 hunc
3232 2060 3459 2130 loquitur
3496 2065 3762 2121 modum:

2202 2141 2468 2212 Quousque
2492 2143 2786 2198 claudieatis
2812 2156 3019 2214 utroque
3046 2149 3230 2216 peplite
3256 2152 3454 2204 vestro?
3485 2151 3548 2206 Si
3577 2154 3758 2208 Domi-

2199 2249 2294 2287 nus
2314 2244 2384 2288 est
2402 2233 2535 2288 Deus
2557 2237 2824 2301 vobiscum,
2852 2240 3006 2290 venite
3023 2247 3068 2290 et
3083 2240 3341 2308 sequimini
3359 2257 3471 2294 eum
3489 2258 3510 2306 ;
3533 2245 3579 2297 si
3595 2254 3762 2298 autem

2197 2323 2344 2391 Baal,
2378 2328 2446 2379 ite
2471 2336 2580 2396 post
2602 2343 2716 2381 eum
2746 2327 2838 2400 (5.
2867 2328 2992 2399 Reg.
3022 2330 3106 2384 18.
3135 2329 3199 2383 9.1
3226 2331 3265 2400 ).
3294 2332 3434 2386 Idem
3460 2345 3511 2387 ct
3538 2337 3652 2403 ipse
3682 2337 3760 2388 lo-

2198 2430 2331 2484 quor
2351 2415 2416 2468 ad
2446 2417 2593 2470 istos.
2624 2418 2677 2472 Si
2704 2417 3033 2472 Judaismum
3067 2421 3259 2489 putatis
3289 2437 3466 2477 verum
3496 2439 3637 2486 esse,
3666 2441 3762 2480 cur

2198 2505 2502 2576 obstrepitis
2532 2507 2825 2563 Ecclesiae?
2863 2508 3012 2575 Quod
3061 2509 3105 2563 si
3143 2510 3575 2568 Christianismus
3601 2529 3761 2571 verus

2197 2606 2297 2660 εει,
2330 2597 2465 2651 sicut
2492 2612 2672 2651 revera
2701 2607 2782 2652 est
2804 2637 2820 2662 ,
2863 2599 2912 2651 in
2953 2614 3018 2653 eo
3044 2610 3280 2665 manete,
3311 2610 3367 2655 et
3390 2601 3536 2657 illum
3565 2619 3758 2673 sequa-

2197 2687 2345 2740 mini.
2390 2687 2658 2757 Particeps
2701 2704 2758 2743 es
2804 2691 3075 2745 nobiscum
3116 2695 3484 2763 mysteriorum
3511 2713 3525 2748 :
3553 2711 3651 2765 age
3673 2697 3756 2752 dic

2197 2777 2323 2830 mihi
2344 2819 2359 2842 ,
2401 2777 2666 2832 Christum
2695 2778 2884 2833 adoras
2909 2789 2964 2834 ut
2992 2781 3354 2848 Christianus,
3381 2783 3448 2838 ab
3486 2785 3578 2838 illo
3621 2787 3757 2841 bona

2197 2869 2351 2936 petis,
2374 2878 2426 2923 et
2453 2884 2569 2923 cum
2600 2870 2743 2924 illius
2772 2870 3012 2926 hostibus
3039 2871 3227 2926 festum
3259 2874 3496 2930 celebras
3514 2877 3539 2929 ?
3560 2877 3624 2931 Et
3653 2894 3759 2947 quo

2197 2958 2404 3012 tandem
2456 2959 2630 3012 animo
2681 2960 2858 3028 prodis
2910 2961 2960 3014 in
3009 2961 3344 3016 Ecclesiam?
3389 2963 3582 3019 Verum
3641 2967 3756 3021 lucc

2194 3049 2392 3104 dixisse
2419 3049 2643 3104 sulliciat
2669 3050 2733 3104 ad
2766 3051 2883 3105 illos
2923 3053 3010 3120 qui
3052 3053 3338 3122 praedicant
3379 3069 3438 3110 se
3478 3056 3754 3111 nobiscum

2194 3142 2408 3206 sentire,
2440 3156 2560 3196 cum
2586 3156 2672 3196 res
2700 3141 2910 3196 illorum
2957 3143 3244 3199 imitentur.
3270 3145 3401 3211 Quia
3444 3162 3570 3200 vero
3608 3156 3665 3201 et
3688 3147 3752 3202 ad

2194 3231 2313 3284 illos
2333 3230 2451 3286 volo
2478 3231 2702 3300 dirigere
2727 3245 3046 3296 sermonem,
3075 3233 3345 3288 concedite
3367 3233 3494 3287 mibi
3519 3244 3576 3289 ut
3600 3236 3753 3290 liceat

2192 3320 2484 3374 doctrinam
2514 3319 2650 3375 hanc
2674 3320 2831 3374 altius
2857 3329 3116 3390 repetere,
3147 3337 3250 3390 quo
3278 3323 3612 3391 perspicuum
3640 3325 3750 3392 fiat,

2191 3410 2402 3465 Judaeos
2437 3426 2576 3466 nunc
2616 3410 2914 3479 jejunantes
2958 3410 3126 3480 legem
3176 3410 3459 3480 ignominia
3500 3413 3748 3482 afﬁcere,

2194 3505 2388 3572 Deique
2430 3511 2690 3571 praecepta
2736 3503 3066 3566 conculcare,
3106 3517 3316 3572 semper
3358 3519 3419 3558 ea
3464 3505 3749 3571 iacientes,

2192 3609 2309 3662 quae
2336 3594 2473 3649 illius
2503 3593 2713 3662 placitis
2735 3592 3098 3647 adversantur.
3126 3593 3334 3648 Etenim
3360 3609 3479 3648 cum
3513 3595 3634 3650 illos
3660 3612 3752 3649 vo-

2193 3685 2333 3740 lebat
2356 3685 2614 3754 jejunare,
2642 3692 2752 3738 tum
2780 3683 3222 3749 incrassabantur,
3250 3684 3743 3756 dilatabantnrque:

2192 3789 2375 3830 rursus
2401 3775 2487 3829 ubi
2514 3789 2617 3828 non
2640 3773 2849 3828 volebat
2873 3788 2966 3829 eos
2990 3773 3228 3842 jejunare
3251 3816 3266 3841 ,
3294 3776 3389 3844 ipsi
3413 3775 3746 3844 jejunabant.

2191 3865 2321 3920 Cum
2348 3865 2505 3919 vellet
2533 3864 2648 3918 illos
2673 3864 2911 3918 victimas
2939 3863 3156 3927 oﬂ‘erre,
3200 3863 3266 3918 ad
3308 3864 3586 3919 simulacra
3628 3881 3749 3935 pro-

2192 3957 2445 4026 perabant
2471 3974 2483 4010 :
2512 3971 2632 4011 cum
2660 3955 2820 4010 vellet
2865 3956 2980 4010 illos
3022 3956 3287 4010 celebrare
3331 3955 3518 4010 festum
3567 3958 3744 4018 diem,

2192 4066 2296 4104 non
2328 4050 2594 4104 celebrare
2618 4047 2894 4102 curabant.
2921 4045 2990 4100 Et
3027 4045 3146 4100 ideo
3185 4045 3482 4114 Stephanus
3517 4046 3656 4101 dixit
3683 4049 3746 4101 ad

2186 4132 2330 4198 illos,
2347 4132 2446 4186 Vos
2459 4131 3074 4201 semperSpirituisancto
3094 4128 3340 4181 resistitis
3357 4125 3675 4198 (Aet.7.5|).
3695 4125 3749 4180 In

2184 4223 2308 4288 hoc,
2331 4224 2526 4294 inquit,
2552 4223 2725 4278 solum
2768 4221 3116 4281 incubuistis,
3145 4227 3205 4272 ut
3246 4232 3587 4288 quaecunque
3607 4216 3750 4273 Deus

2184 4316 2527 4386 praeceperit,
2556 4314 2625 4369 iis
2646 4312 2922 4368 contraria
2954 4311 3187 4377 faciatis,
3211 4309 3676 4380 quemadmodum
3698 4320 3750 4364 et

2184 4422 2330 4462 nunc
2354 4406 2581 4461 faciunt.
2603 4404 2760 4460 Unde
2779 4403 2833 4459 id
2859 4403 3066 4474 liquet?
3092 4402 3360 4457 Nimirum
3381 4417 3444 4458 ex
3465 4403 3584 4472 ipsa
3609 4403 3746 4473 lege.

2181 4496 2458 4566 Siquidem
2473 4495 2527 4550 in
2544 4495 2676 4566 ipsis
2698 4494 2861 4550 etiam
2878 4493 3032 4551 festis
3045 4493 3290 4548 Judaicis
3307 4507 3413 4547 non
3433 4502 3650 4562 tempus
3663 4508 3750 4550 so-

2183 4585 2293 4640 lum
2305 4626 2318 4648 ,
2329 4601 2515 4641 verum
2531 4593 2584 4641 et
2604 4585 2782 4639 locum
2797 4585 3075 4640 observari
3095 4584 3260 4652 jussit
3280 4585 3394 4652 ipsa
3417 4585 3523 4639 lex.
3545 4583 3682 4638 Nam
3697 4592 3750 4639 et

2182 4679 2250 4736 de
2275 4679 2541 4735 Paschate
2576 4679 2722 4747 quod
2753 4687 2870 4733 erat
2895 4676 3037 4746 apud
3061 4677 3210 4746 ipsos
3239 4677 3539 4740 disserens,
3568 4677 3644 4730 ita
3673 4677 3750 4730 lo—

2181 4772 2368 4842 quitur
2389 4788 2401 4825 :
2423 4769 2545 4824 Non
2564 4771 2778 4840 potestis
2793 4769 3052 4822 eetebrare
3071 4767 3278 4824 Pascha
3290 4770 3339 4821 in
3354 4768 3466 4820 ulla
3480 4769 3749 4820 civitatum

2183 4880 2388 4927 earum,
2406 4880 2537 4934 quas
2552 4863 2808 4916 Dominus
2824 4862 2965 4916 Deus
2992 4863 3086 4914 dat
3107 4860 3247 4915 vobis
3271 4861 3449 4927 (Deut.
3483 4861 3570 4914 16.
3594 4861 3649 4913 5.
3673 4861 3745 4924 6).

2193 4942 2473 5010 ὃεάέἰουι
2497 4934 2703 5005 decimo
2729 4959 2916 5017 quarto
2943 4946 3031 5002 die
3056 4945 3208 5015 primi
3232 4945 3426 4999 mensis
3447 4985 3464 5010 ,
3497 4945 3568 4999 ita
3597 4945 3748 4999 Jero-

2194 5043 2413 5115 solymis
2449 5041 2600 5110 jubet
2643 5038 2768 5094 illud
2796 5038 3009 5107 peragi,
3038 5036 3280 5090 similiter
3303 5035 3460 5088 etiam
3494 5033 3748 5089 Penteco-

2195 5145 2310 5190 sten
2339 5143 2394 5188 et
2419 5133 2518 5187 loci
2537 5140 2590 5186 et
2614 5129 2865 5198 temporis
2902 5126 3267 5181 observatione
3293 5123 3553 5179 conclusit
3583 5142 3600 5178 :
3630 5124 3748 5179 dum

2195 5237 2315 5298 post
2336 5235 2536 5294 septem
2568 5219 2922 5276 hebdomadas
2950 5218 3100 5287 jubet
3129 5216 3230 5270 hoc
3253 5215 3440 5269 festum
3471 5215 3750 5274 celebrari,

2195 5327 2249 5373 et
2272 5331 2484 5373 rursum
2513 5329 2632 5368 cum
2657 5311 2836 5367 addit:
2870 5309 2937 5364 1n
2972 5311 3080 5363 loco
3103 5324 3244 5378 quem
3277 5307 3476 5377 elegerit
3510 5304 3755 5358 Dominus

2197 5410 2334 5465 Deus
2360 5418 2473 5461 tuus
2499 5406 2518 5474 (
2543 5405 2692 5459 Deut.
2722 5403 2806 5458 12.
2837 5403 2895 5456 11
2925 5401 2965 5471 ).
2999 5400 3088 5454 Sic
3120 5395 3383 5453 etfestum
3408 5393 3754 5464 Sccnopegim

2199 5499 2444 5556 instituit.
2473 5496 2575 5552 Sed
2599 5495 2936 5564 dispiciamus
2961 5531 2975 5554 ,
3004 5499 3176 5543 utrum
3213 5484 3422 5539 tandem
3455 5485 3650 5538 horum
3677 5493 3753 5538 est

2198 5595 2364 5663 magis
2390 5589 2768 5652 necessarium,
2801 5585 2949 5639 locus
2987 5597 3055 5636 an
3097 5590 3322 5646 tempus.
3349 5576 3418 5630 Et
3441 5575 3488 5629 si
3521 5590 3628 5629 non
3657 5575 3756 5629 sint

2203 5687 2316 5738 haec
2340 5685 2476 5737 inter
2502 5696 2560 5736 se
2586 5678 2750 5749 paria,
2781 5683 2954 5731 utrum
2982 5669 3366 5728 observandum
3393 5674 3474 5722 est
3510 5676 3718 5738 tempus
3739 5703 3754 5731 ,
