3920 6254
505 319 607 375 δἹῖ

512 467 628 514 σαι,
644 452 870 524 πότερον
892 449 985 504 τοῦ
1007 449 1172 503 τόπου
1197 451 1277 503 δεῖ
1302 449 1730 520 καταφρονῆσαι,
1760 448 1851 500 τὸν
1879 443 2068 516 καιρὸν

508 537 564 592 δὲ
590 535 838 606 φυλάξαι,
861 534 892 604 ἢ
918 533 1012 587 τοῦ
1030 533 1221 605 καιροῦ
1244 534 1777 602 καταφρονήσαντας,
1801 531 1890 583 τὸν
1909 530 2072 582 τόπον

509 622 764 692 τηρῆσαι.
801 621 865 672 Ὀ
899 619 953 671 δὲ
984 618 1146 685 λέγω,
1182 617 1420 669 τοιοῦτόν
1454 619 1602 669 ἐστιν
1622 633 1635 646 ’
1685 613 1941 679 Ἐπέταξε
1979 613 2073 665 καὶ

511 706 568 756 ἐν
606 703 683 773 τῷ
737 702 936 773 πρώτω
969 701 1119 772 μηνὶ,
1166 702 1260 754 καὶ
1288 703 1345 753 ὲν
1381 699 1772 771 Ἱεροσολύμοις
1797 701 1858 753 τὸ
1891 698 2073 768 πάσχα

509 787 786 855 γίνεσθαι.
824 787 917 839 καὶ
954 786 1012 836 ἐν
1053 785 1232 854 καιρῷ
1269 785 1363 836 καὶ
1411 785 1470 835 ἐν
1516 778 1685 852 τόπῳ
1708 782 2068 852 διωρισμένῳ.

519 867 875 936 ’Υποθώμεθα
910 867 1084 919 τοίνυν
1113 866 1205 920 δύο
1229 867 1380 923 τινάς
1409 862 1548 919 εἶναι
1581 863 1863 926 ποιοῦντας
1885 865 1947 918 τὸ
1970 866 2074 918 πά-

510 967 633 1021 σχα,
667 953 760 1003 καὶ
782 953 809 1002 0
841 950 940 1019 μὲν
961 950 1345 1020 παραϐαινέτω
1373 949 1464 1002 τὸν
1483 950 1664 1009 τόπον,
1691 947 1781 1001 τὸν
1802 948 1859 1000 δὲ
1883 947 2073 1016 καιρὸν

508 1034 742 1104 τηρείτω
763 1048 775 1060 ·
805 1035 834 1084 ὁ
865 1033 920 1085 δὲ
967 1033 1201 1103 τηρείτω
1236 1033 1332 1104 μὲν
1364 1033 1454 1085 τὸν
1478 1033 1658 1095 τόπον,
1691 1032 2074 1103 παραϐαινέτω

509 1116 564 1170 δὲ
595 1117 686 1168 τὸν
709 1115 900 1184 καιρόν
919 1131 933 1147 ο
963 1118 1056 1168 καὶ
1086 1115 1305 1168 ποιείτω
1337 1117 1365 1168 0
1406 1115 1504 1184 μὲν
1537 1115 1626 1168 τὸν
1655 1116 1843 1185 καιρὸν
1869 1114 2071 1184 τηρῶν,

509 1198 862 1269 παραϐαίνων
886 1199 942 1251 δὲ
967 1199 1056 1252 τὸν
1084 1199 1244 1252 τόπον
1270 1202 1328 1251 ἐν
1348 1198 1426 1268 τῷ
1447 1199 1645 1268 πρώτῳ
1681 1199 1830 1268 μηνὶ,
1855 1198 2075 1251 καὶτῶν

520 1279 908 1352 Ἱεροσολύμων
940 1282 1044 1347 ἔξω
1079 1299 1181 1335 που
1219 1283 1433 1353 μακράν
1454 1297 1466 1308 ·
1501 1285 1529 1335 0
1561 1281 1616 1334 δὲ
1645 1281 1734 1334 τὸν
1780 1281 1941 1334 τόπον
1975 1298 2073 1351 τη-

512 1365 642 1435 ρῶν,
667 1365 1014 1435 παραϐαίνων
1041 1366 1097 1418 δὲ
1116 1366 1206 1420 τὸν
1231 1366 1438 1435 καιρὸν,
1475 1366 1694 1419 ποιείτω
1732 1365 1830 1436 μὲν
1865 1366 1924 1417 ἐν
1975 1364 2074 1417 Ἰε-

512 1447 830 1520 ροσολύμοις
856 1447 916 1500 τὸ
949 1449 1153 1519 πάσχα,
1193 1449 1267 1520 μὴ
1298 1448 1375 1518 τῷ
1396 1451 1597 1520 πρώτῳ
1629 1447 1685 1501 δὲ
1731 1448 1894 1518 μηνὶ,
1941 1446 2076 1522 ἀλλά

511 1530 588 1602 τῷ
617 1531 848 1603 δευτέρῳ
871 1549 886 1563 ο
919 1527 1037 1584 εἶτα
1069 1533 1265 1602 ἴδωμεν
1293 1534 1374 1596 τίς
1404 1532 1512 1586 τῶν
1537 1531 1628 1585 δύο
1647 1532 1852 1585 τούτων
1876 1530 2022 1583 ἐστὶν
2049 1530 2077 1581 0

511 1612 926 1682 ἐγκαλούμενος,
949 1615 1032 1676 τίς
1051 1614 1106 1666 δὲ
1124 1616 1152 1666 0
1173 1614 1489 1685 εὐδοκιμῶν,
1513 1619 1540 1668 0
1563 1613 1813 1686 παραϐάς
1837 1613 1929 1666 τὸν
1957 1629 2078 1666 και-

515 1697 629 1770 ρὸν,
662 1697 756 1750 καὶ
777 1699 834 1751 ἐν
857 1697 934 1768 τῷ
961 1699 1108 1768 τόπῳ
1138 1700 1386 1767 ποιήσας,
1414 1699 1446 1769 ἢ
1475 1702 1502 1753 0
1530 1698 1620 1752 τὸν
1660 1699 1826 1752 τόπον
1848 1696 2075 1750 καταλιο

510 1779 649 1839 πὼν,
675 1781 884 1834 καὶτὸν
907 1783 1095 1852 καιρὸν
1134 1781 1392 1852 φυλάξας.
1433 1785 1528 1835 Ἂν
1555 1784 1661 1853 γὰρ
1692 1786 1718 1835 0
1746 1783 1837 1835 τὸν
1886 1781 2075 1852 καιρὸν

513 1864 613 1936 μὲν
634 1865 886 1936 παραϐάς
930 1866 1020 1919 ἵνα
1046 1865 1177 1918 εἴσω
1199 1867 1399 1938 ποιήσῃ
1431 1866 1530 1937 τῆς
1551 1866 1776 1929 πόλεως,
1810 1865 2079 1936 ἀποδοχῆς

510 1946 658 2012 ἄξιος
677 1946 752 2000 ὢν
780 1951 944 2020 φανῇ,
972 1951 1001 2002 0
1020 1949 1078 2003 δὲ
1099 1948 1190 2003 τὸν
1213 1949 1402 2018 καιρὸν
1443 1949 1542 2020 μὲν
1568 1948 1828 2018 φυλάξας,
1862 1948 2080 2002 καταλι-

512 2027 631 2082 πὼν
657 2030 714 2083 δέ
732 2031 824 2084 τὸν
856 2031 1036 2094 τόπον,
1075 2031 1436 2102 ἐγκλημάτων
1476 2033 1571 2085 καὶ
1609 2031 1940 2102 κατηγορίας
1973 2031 2080 2086 ὦσ-

512 2128 618 2181 περ
652 2113 946 2183 ἀσεϐήσας,
971 2113 1212 2186 εὔδηλον,
1243 2117 1324 2168 ὅτι
1352 2117 1445 2168 καὶ
1471 2107 1615 2168 οὗτοι
1651 2114 2075 2186 παρανομοῦσιν,

513 2197 572 2247 ἐν
599 2195 678 2264 τῷ
705 2196 853 2266 τόπῳ
880 2197 954 2269 μὴ
991 2197 1286 2261 ποιοῦντες,
1329 2198 1432 2252 κᾶν
1474 2197 1730 2269 μυριάκις
1768 2197 1966 2266 λέγωσι
1990 2198 2079 2249 τὸν

513 2278 706 2348 καιρὸν
742 2282 947 2350 τηρεῖν.
997 2279 1165 2334 Πόθεν
1215 2276 1308 2334 οὖν
1335 2280 1490 2333 τοῦτο
1536 2281 1687 2334 ἔσται
1720 2281 1915 2351 δῆλον;
1962 2281 2078 2332 Ἀπ’

512 2359 678 2414 αὐτοῦ
706 2361 801 2416 τοῦ
826 2363 1120 2426 Μωῦσέως.
1171 2365 1386 2436 Ἐπειδὴ
1434 2364 1542 2435 γὰρ
1573 2365 1834 2436 ἐποίησαν
1877 2365 1982 2430 ἐξω
2017 2365 2078 2416 τὸ

514 2443 720 2512 πάσχα,
751 2446 1074 2516 προσῆλθον.
1104 2448 1256 2517 φησὶ,
1281 2449 1422 2512 τινὲς
1447 2448 1523 2518 τῷ
1551 2449 1778 2518 Μωῦσῇ,
1809 2447 2076 2516 λέγοντες·

525 2523 723 2594 Ἡμεῖς
749 2526 1069 2596 ἀκάθαρτοι
1093 2529 1278 2598 ἐσμεν
1297 2529 1395 2583 ἐπὶ
1425 2529 1595 2599 ψυχῇ
1623 2530 1964 2598 ἀνθρώπου·
1992 2529 2078 2597 μὴ

512 2607 938 2681 ὑστερήσωμεν
957 2611 1382 2680 προσενεγκεῖν
1396 2612 1461 2665 τύ
1485 2612 1675 2680 δῶρον
1691 2613 1910 2682 Κυρίου
1932 2612 2082 2664 κατὰ

515 2696 721 2758 καιρὸν
755 2692 942 2747 αὐτοῦ
987 2694 1058 2748 ἐν
1097 2697 1264 2765 μέσῳ
1303 2695 1445 2748 υἱῶν
1485 2696 1724 2763 Ἰσραήλ
1740 2711 1761 2761 ;
1811 2697 1920 2750 Καὶ
1953 2692 2082 2749 εἷπε

513 2776 666 2843 πρὸς
683 2775 904 2843 αὐτοὺς
933 2777 1223 2845 Μωυσῆς·
1245 2775 1430 2845 Στῆτε
1457 2779 1662 2844 αὑτοῦ,
1696 2779 1795 2832 καί
1821 2779 2080 2833 ἀκούσο-

515 2875 618 2928 μαι
642 2858 700 2911 τί
724 2859 1047 2914 ἐντελεῖται
1079 2863 1291 2929 Κύριος
1306 2861 1439 2928 περὶ
1466 2859 1652 2930 ὑμῶν.
1676 2862 1785 2914 Καὶ
1815 2861 2083 2927 ἐλάλησε

515 2942 730 3008 Κύριος
762 2943 911 3010 πρὸς
931 2945 1212 3011 Μωῦσῆν,
1241 2944 1458 3014 λέγων’
1486 2944 1768 3010 Λάλησον
1791 2943 1913 3009 τοῖς
1935 2943 2084 3008 υίοῒς

514 3023 776 3092 Ἰσραὴλ,
804 3025 998 3094 λέγων
1019 3042 1034 3058 ο
1077 3029 1410 3094 Ἄνθρωπος
1434 3026 1501 3090 ὃς
1532 3026 1640 3080 ἐὰν
1669 3026 1910 3095 γένηται
1941 3027 2085 3080 ἀκά-

515 3109 731 3175 θαρτος
751 3107 844 3160 ἐπὶ
879 3107 1050 3178 ψυχῇ
1085 3109 1418 3176 ἀνθρώπου,
1445 3109 1483 3178 ἢ
1511 3109 1582 3162 ἐν
1623 3109 1739 3174 ὀδῷ
1788 3108 2004 3180 μακρᾷ,
2045 3111 2082 3177 ἣ

515 3188 586 3242 ἐν
608 3189 768 3258 ὑμῖν,
787 3190 857 3243 ἐν
881 3191 1010 3256 ταῖς
1031 3191 1263 3260 γενεαῖς
1291 3191 1476 3260 ὑμῶν,
1507 3195 1747 3260 ποιήσει
1779 3193 1845 3246 τὸ
1877 3195 2086 3262 πάσχα

516 3271 588 3326 ἐν
614 3271 696 3337 τῷ
717 3273 863 3341 μηνὶ
896 3273 976 3338 τῷ
1006 3273 1279 3341 δευτέρῳ.
1314 3279 1379 3328 ὐ
1391 3276 1448 3328 δὲ
1473 3276 1638 3345 λέγει,
1661 3275 1898 3330 τοιοῦτόν
1917 3278 2080 3329 ἐστιν’

522 3356 619 3420 ⁸ος
640 3354 706 3410 ἀν
731 3353 786 3430 ᾗ,
819 3361 1001 3429 φησὶν,
1025 3360 1083 3413 ἐν
1110 3361 1387 3433 ἀποδημία
1404 3362 1545 3416 κατά
1569 3365 1660 3415 τὸν
1681 3363 1894 3434 πρῶτον
1920 3365 2082 3435 μῆνα,

520 3441 598 3510 μὴ
637 3442 856 3519 ποιείτω
880 3441 977 3512 τῆς
1006 3441 1211 3504 πόλεως
1232 3443 1355 3507 ἔξω,
1387 3445 1499 3498 ἀλλ’
1518 3449 1575 3499 ἐν
1602 3446 1680 3517 τῷ
1708 3448 1944 3518 δευτέρῳ
1977 3467 2084 3519 μη-

518 3522 592 3588 νὶ,
625 3517 730 3576 ῐνα’
745 3523 925 3598 φθάσῃ
952 3527 1031 3588 είς
1071 3526 1440 3597 Ἰεροσόλυμα,
1472 3530 1565 3582 καὶ
1594 3517 2086 3600 παραϐαινέτωήτδν

518 3610 728 3680 καιρὸν,
767 3612 854 3665 ἵνα
877 3611 952 3682 μή
979 3611 1077 3682 τῆς
1110 3611 1319 3694 πόλεως
1351 3613 1556 3686 ἐκπέσῃ
1578 3629 1592 3642 ο
1647 3616 1740 3667 ἀπ’
1785 3616 1949 3670 αὐτοῦ
1982 3617 2088 3669 δει-

520 3695 669 3756 κνὺς,
691 3695 774 3748 ὅτι
807 3696 838 3765 ἡ
871 3694 965 3746 τοῦ
1003 3696 1170 3748 τόπου
1206 3698 1585 3768 παρατήρησις
1630 3699 1730 3769 τῆς
1773 3700 1865 3752 τοῦ
1896 3701 2085 3770 καιροῦ

519 3777 954 3849 παρατηρήσεως
985 3780 1134 3832 ἐστιν
1167 3780 1586 3849 ἀναγκαιοτέρα.
1624 3781 1687 3833 Τί
1711 3783 1889 3836 τοίνυν
1915 3784 2086 3852 ἐχοιεν

521 3859 590 3914 ἂν
613 3862 786 3916 εἰπεῖν
806 3864 855 3915 οί
880 3863 977 3933 τῆς
1010 3863 1215 3927 πόλεως
1242 3864 1347 3928 ἔξω
1378 3864 1528 3936 [622]
1578 3865 1855 3930 ποιοῦντες
1880 3881 1894 3932 ;
1921 3867 2087 3921 Ὅταν

520 3944 630 4017 γὰρ
660 3945 722 3998 1:0
746 3947 1170 4018 ἀναγκαιότερον
1200 3948 1539 4016 παραδῶσιν,
1583 3949 1758 4022 ούδέή
1789 3950 1846 4003 ἐν
1887 3949 1964 4021 τῷ
1997 3969 2086 4020 μι-

523 4030 768 4101 κροτέρῳ
815 4034 1196 4103 παρατήρησις
1236 4033 1376 4104 ὑπὲρ
1423 4034 1600 4087 αὐτῶν
1647 4034 2088 4107 ἀπολογήσασθαι

521 4113 764 4168 δύναται.
797 4118 961 4168 Ὥστε
984 4118 1088 4168 κᾶν
1117 4116 1376 4187 μυριάκις
1395 4118 1592 4172 δοκῶσι
1623 4119 1696 4190 μὴ
1736 4120 2090 4190 παραϐαίνειν

482 4239 486 4243 .
522 4197 616 4250 τὸν
649 4199 856 4269 καιρὸν,
899 4200 1134 4269 ἐσχάτην
1175 4203 1517 4272 παρανομίαν
1551 4202 1945 4274 παρανομοῦσι.
1982 4206 2090 4258 Καὶ

523 4281 683 4335 τοῦτο
711 4283 812 4335 ούκ
845 4283 1092 4336 ἐντεῦθεν
1120 4285 1278 4354 δῆλον
1309 4287 1468 4354 μόνον
1488 4326 1503 4350 ,
1545 4287 1680 4339 ἀλλά
1715 4289 1808 4342 καὶ
1852 4289 1957 4342 ἀπὸ
1983 4290 2089 4343 τῶν

525 4365 840 4436 προφητῶν.
903 4367 1070 4419 Ὅταν
1114 4368 1224 4439 γὰρ
1253 4367 1546 4436 φαίνωνται
1580 4372 1797 4436 ἐκεῖνοι,
1837 4374 1974 4444 μήτε
1999 4374 2091 4426 θύ-

528 4466 739 4514 σαντες,
774 4450 909 4521 μήτε
938 4449 1081 4521 ᾠδὴν
1101 4452 1329 4523 ᾄσαντες
1351 4453 1444 4506 ἐπὶ
1479 4453 1582 4525 γῆς
1615 4455 1919 4528 ἀλλοτρίας,
1954 4459 2089 4529 μήτε

527 4535 778 4606 νηστείαν
829 4535 1083 4604 τοιαύτην
1111 4538 1235 4591 τινά
1274 4537 1682 4609 νηστεύσαντες,
1720 4541 1875 4594 ποίαν
1918 4543 2091 4612 ἔχοιεν

527 4619 594 4673 ἂν
624 4612 767 4672 οῦτοι
793 4619 1152 4692 συγγνώμην;
1179 4622 1368 4674 Καίτοι
1389 4639 1452 4690 γε
1475 4624 1668 4678 ἐκεῖνοι
1691 4626 2091 4696 προσδοκῶντες

526 4702 900 4776 ἀπολήψεσθαι
943 4706 1042 4776 τὴν
1089 4705 1345 4777 τοιαύτην
1394 4698 1570 4760 αὐτῶν
1619 4708 1910 4773 πολιτείαν,
1944 4713 2092 4782 ὅμως

526 4787 720 4857 έμενον
744 4785 821 4857 τῷ
854 4788 1003 4858 νόμῳ
1032 4788 1360 4859 πειθόμενοι,
1396 4791 1488 4844 καὶ
1511 4793 1578 4846 τά
1622 4792 1716 4845 τοῦ
1754 4793 1916 4864 νόμου
1956 4795 2093 4866 πλη-

530 4868 750 4941 ροῦντες
777 4886 790 4899 ·
822 4870 979 4923 τοῦτο
1005 4871 1114 4943 γάρ
1150 4875 1180 4924 ό
1211 4872 1371 4943 νόμος
1404 4874 1588 4942 ἔλεγεν
1614 4892 1629 4907 ο
1669 4869 1817 4928 οῦτοι
1857 4877 1914 4929 δὲ
1960 4878 2092 4948 μηδὲ

527 4952 714 5006 ἐλπίδα
737 4953 857 5006 τινὰ
879 4954 1094 5023 ἔχοντες
1122 4956 1220 5026 τὴν
1247 4957 1516 5028 προτέραν
1546 4958 1921 5029 ἀπολήψεσθαι
1943 4960 2095 5012 πολι-

525 5037 676 5090 τείαν
709 5036 833 5107 (ποῦ
859 5036 966 5107 γάρ
991 5037 1205 5107 ἔχουσιν
1242 5050 1269 5078 ι
1307 5041 1415 5093 ἀπὸ
1441 5041 1546 5094 τῶν
1600 5043 1897 5113 προφητῶν
1926 5043 2093 5110 δεῖξαι

527 5121 744 5190 τοῦτος)
774 5120 894 5173 ούδέ
925 5119 1098 5183 οὕτως
1142 5123 1422 5195 ἀνέχονται
1465 5127 1775 5195 ἡσυχάζειν.
1805 5128 1998 5182 Καίτοι
2046 5131 2095 5182 εί

529 5203 625 5256 καὶ
657 5203 1000 5275 προσεδόκων
1046 5205 1448 5276 ἀπολήψεσθαι,
1490 5209 1581 5260 καὶ
1621 5209 1765 5262 οὕτω
1814 5212 2095 5281 μιμεῖσθαι

529 5285 636 5338 εδει
664 5289 790 5349 τοὺς
819 5288 1001 5355 ἀγίους
1036 5289 1297 5354 ἐκείνους,
1328 5292 1421 5343 καὶ
1460 5290 1738 5362 νηστεύειν
1757 5333 1772 5360 ,
1804 5293 1938 5364 μηδὲ
1969 5295 2096 5350 ἄλλο

531 5387 768 5423 τοιουτον
789 5389 980 5425 ποιειν.

605 5459 666 5506 ε’.
687 5455 807 5506 ’Ὀτι
824 5455 931 5525 γάρ
955 5454 1104 5507 οὐδὲν
1127 5454 1328 5508 τούτων
1350 5457 1610 5528 ἐποίησαν
1626 5459 1842 5524 ἐκεῖνοι,
1867 5461 2094 5519 ἄκουσον

596 5695 613 5719 ⁸
632 5695 1008 5765 ῥηίςπολιτείανζ
1033 5697 1088 5765 ού
1107 5697 1197 5760 γάρ
1217 5699 1424 5765 ἔχουσιν,
1444 5699 1575 5761 quod
1597 5699 1770 5765 eodem
1792 5701 1982 5765 recidit.
2014 5701 2094 5752 ln-

529 5763 598 5811 fra
629 5758 854 5809 Savilxt
876 5761 1072 5821 plurimi
1096 5758 1211 5810 mss.
1235 5758 1315 5808 καί
1337 5758 1728 5822 μήτενηστεὺειν.
1753 5764 1871 5829 μήτε
1891 5765 2024 5816 ἄλλα.

1193 337 1249 392 S.
1286 334 1572 392 JOANNIS
1608 330 2073 400 CIIRYSOSIOM

2190 331 2456 413 RCHIEP.
2504 331 3054 388 CONSTANTINUP.

3637 327 3742 382 878

2178 444 2230 496 τί
2271 447 2406 515 πρὸς
2447 448 2571 511 τοὺς
2615 447 2930 518 ἐρωτῶντας
2965 446 3168 514 ἔλεγον.
3225 447 3440 518 Ἐπειδὴ
3472 445 3582 518 γάρ
3623 450 3754 502 ἐπι·

2179 547 2357 582 κειντο
2377 530 2682 602 βιαζόμενοι
2706 533 2798 586 καὶ
2830 531 3230 599 ἀναγκάζοντες
3253 531 3449 594 αὐτοὺς
3477 532 3526 584 οί
3551 531 3756 601 βάρϐα-

2183 629 2261 682 ροι
2284 613 2580 684 κεχρῆσθαι
2601 617 2711 677 τοῖς
2727 615 2978 685 ὀργάνοις
2994 614 3193 677 αὐτῶν,
3218 614 3464 681 λέγοντες
3485 630 3498 642 ·
3527 617 3753 684 ’ᾼσιιτε

2177 695 2321 764 ἡμῖν
2341 697 2456 765 τὴν
2493 697 2659 767 ᾠδὴν
2709 699 2949 767 Κυρίου,
3002 688 3199 749 ἐκεῖνοι
3227 697 3318 748 τὸν
3347 698 3511 766 νόμον
3562 697 3758 758 σαφῶς

2177 781 2526 849 ἐπιστάμενοι
2553 781 2653 833 οὐκ
2680 781 3048 850 ἐπιτρέποντα
3066 779 3239 832 ταῦτα
3272 778 3374 844 ἔξω
3408 782 3604 840 ποιεῖν,
3638 779 3756 831 ἑλε-

2177 879 2273 930 γον
2290 881 2302 893 ·
2331 864 2460 929 Πῶς
2491 862 2721 932 ᾇσομεν
2757 863 2872 931 τὴν
2895 863 3059 930 ᾠδὴν
3073 863 3291 930 Κυρίου
3316 863 3413 914 ἐπὶ
3434 863 3548 931 γῆς
3566 864 3759 916 ἀλλο-

2178 947 2382 1013 τρίας;
2412 949 2520 1000 Καὶ
2545 947 2705 1000 πάλιν
2730 949 2776 1000 οί
2799 947 2987 1008 παῖδες
3008 947 3057 1000 οἱ
3080 948 3226 1013 τρεῖς
3258 947 3315 997 ἐν
3339 945 3618 998 Βαϐυλῶνι
3641 945 3731 997 δια

2177 1030 2451 1098 τρίϐοντες
2488 1030 2671 1097 ἔλεγον
2695 1047 2709 1060 ο
2737 1032 2858 1084 οὐκ
2907 1029 3079 1083 ἐστιν
3111 1029 3180 1080 ἑν
3229 1027 3308 1094 τῷ
3342 1027 3524 1096 καιρῷ
3562 1030 3759 1092 τούτῳ

2177 1113 2376 1179 ἅρχων
2412 1113 2509 1165 καί
2557 1112 2891 1181 προφήτης,
2925 1112 3068 1165 οὐδὲ
3096 1113 3278 1177 τόπος
3304 1111 3409 1164 τοῦ
3441 1111 3758 1180 κηρπῶσαι

2177 1195 2432 1247 ἐνώπιόν
2471 1211 2606 1260 σου,
2647 1197 2743 1249 καὶ
2774 1195 2972 1263 εὑρεῖν
3011 1196 3203 1261 ἕλεος.
3243 1195 3436 1247 Καίτοι
3467 1211 3532 1261 γε
3586 1193 3758 1256 πολὺς

2178 1271 2245 1346 ἦν
2284 1279 2398 1330 ἐκεῖ
2419 1279 2602 1341 τόπος,
2635 1279 2752 1332 ἀλλ’
2781 1279 2970 1349 ἐπειδὴ
2998 1279 3026 1331 0
3054 1277 3180 1341 ναὸς
3209 1277 3308 1329 ούκ
3452 1277 3647 1346 ἔμενον
3681 1277 3758 1346 μὴ

2181 1359 2416 1423 θύοντες.
2444 1362 2554 1414 Καὶ
2588 1360 2725 1432 πρὸς
2757 1360 2975 1431 ἐτέρους
3016 1360 3072 1413 δὲ
3111 1359 3272 1412 πάλιν
3305 1361 3334 1411 0
3361 1359 3491 1422 Θεὸς
3518 1359 3610 1411 διὰ
3660 1358 3760 1410 τοῦ

2181 1444 2471 1512 Ζαχαρίου,
2522 1443 2617 1511 Μὴ
2663 1445 2955 1511 νηστείαν
3017 1440 3454 1509 νενηστεύκατέ
3489 1459 3594 1510 μοι
3650 1441 3760 1507 ἐτη

2180 1524 2583 1593 ἐϐδομήκοντα
2607 1542 2623 1587 ;
2649 1526 2715 1582 τά
2747 1525 2845 1596 τῆς
2874 1526 3251 1596 αἰχμαλωσίας
3279 1525 3471 1590 λέγων.
3516 1523 3643 1586 Πῶς
3664 1519 3764 1576 οὖν

2183 1609 2247 1660 συ
2279 1607 2373 1660 νῦν
2407 1608 2705 1678 νηστεύεις,
2742 1610 2862 1662 εἰπέ
2893 1627 3003 1680 μοι,
3041 1609 3148 1662 τῶν
3181 1610 3456 1676 προγόνων
3487 1607 3595 1659 τῶν
3650 1607 3763 1658 σῶν

2181 1689 2304 1743 οῦτε
2343 1691 2638 1746 θυσάντων.
2675 1691 2798 1743 ούτε
2834 1695 3266 1761 νηστευσάντων,
3296 1689 3418 1742 οὔτε
3453 1691 3760 1760 ἐορτασάνο

2181 1789 2324 1837 των;
2365 1772 2486 1825 Ὀτι
2531 1774 2638 1844 γάρ
2689 1772 2815 1826 οὔτε
2845 1774 2908 1827 τὸ
2938 1775 3120 1845 πάσχα
3174 1773 3481 1836 ἐπετέλουν,
3520 1770 3764 1841 μάλιστα

2185 1856 2283 1924 μὲν
2312 1856 2406 1909 καὶ
2457 1857 2520 1907 ἐκ
2558 1856 2762 1909 τούτων
2791 1856 2972 1927 δῆλον.
3011 1859 3184 1909 Ὅπου
3211 1855 3319 1927 γάρ
3346 1855 3505 1908 θυσία
3535 1855 3638 1906 οὐκ
3666 1849 3758 1922 ἦν,

2181 1938 2299 1990 οὐδὲ
2330 1939 2488 2008 ἑορτὴ
2526 1935 2612 2009 ἦν,
2636 1940 2824 2010 ἐπειδὴ
2849 1939 3028 2003 πάσας
3049 1939 3221 2002 οῦτως
3243 1937 3608 1990 ἐπιτελεῖσθαι
3625 1937 3756 1988 ἔρδει.

2184 2020 2303 2073 Ἵνα
2334 2020 2390 2073 δὲ
2424 2023 2516 2073 καὶ
2562 2021 2726 2074 αὑτοῦ
2758 2021 2853 2074 τοῦ
2905 2024 2930 2061 δ
2967 2024 3290 2093 πράγματος
3335 2020 3433 2090 τὴν
3477 2017 3759 2082 ἀπόδειξιν

2184 2104 2612 2174 παρασχώμεθα,
2641 2105 2871 2158 ἄκουσον
2897 2105 2947 2157 τί
2976 2122 3137 2174 φησιν
3166 2105 3195 2156 ὁ
3228 2102 3423 2173 Δανιήλ
3445 2119 3456 2131 ·
3502 2102 3606 2155 Ἐν
3631 2101 3760 2165 ταῖς

2183 2186 2428 2255 ’ἡμέραις
2457 2189 2712 2254 ἐκείναις
2741 2188 2902 2258 ἥμην
2922 2189 3036 2258 ἐγὼ
3068 2189 3290 2253 Δανιὴλ
3318 2184 3571 2246 πενθῶν,
3599 2185 3758 2250 τρεῖς

2183 2270 2508 2338 ἑϐδομάδας·
2531 2271 2711 2338 ἄρτον
2732 2270 3055 2340 ἐπιθυμιῶν
3073 2273 3182 2324 οὐκ
3206 2271 3450 2339 ἔφαγον,
3468 2267 3568 2320 καί
3590 2264 3758 2332 οἶνος

2185 2352 2284 2405 καὶ
2327 2352 2500 2420 κρέας
2545 2355 2653 2406 οὐκ
2691 2352 2974 2420 εἰσῆλθεν
3018 2355 3104 2419 εὶς
3129 2353 3195 2406 τὸ
3232 2355 3424 2420 στόμα
3457 2368 3610 2418 μου,
3657 2350 3759 2402 καὶ

2185 2436 2440 2504 ἀλειμδιια
2460 2438 2571 2488 οὐκ
2607 2437 2950 2504 ἠλειψάμην
2985 2437 3054 2488 ἑν
3078 2436 3206 2500 ταῖς
3232 2434 3554 2503 ἑϐδομάσιν
3601 2435 3756 2485 ἐκεί⁴

2183 2535 2334 2582 ναις.
2369 2519 2479 2571 Καὶ
2509 2519 2743 2587 ἐγένετο
2759 2519 2828 2571 ἐν
2849 2518 2922 2586 τῇ
2954 2517 3202 2584 τετάρτῃ
3228 2519 3325 2570 καὶ
3345 2515 3535 2570 εἰκάδι
3565 2515 3757 2584 ἡμέρᾳ

2185 2602 2290 2654 τοῦ
2321 2601 2552 2669 πρώτου
2567 2601 2780 2670 μηνὸς,
2797 2597 2960 2654 εἶδον
2981 2601 3095 2667 τὴν
3113 2600 3344 2668 ὅρασιν.
3374 2598 3640 2668 ’,Ενταῦθά
3665 2615 3757 2666 μοι

2190 2684 2328 2753 μετά
2356 2685 2638 2755 ἀκριϐείας
2681 2685 3008 2756 προσέχετεο
3039 2685 3146 2737 ἀπὸ
3180 2684 3286 2754 γὰρ
3329 2683 3534 2736 τούτων
3571 2681 3751 2750 δῆλον,

2185 2767 2267 2818 ὃτι
2295 2767 2354 2818 τὸ
2389 2769 2572 2836 πάσχα
2610 2768 2708 2820 ούκ
2743 2768 3096 2820 ἐπετέλεσαν⁸
3146 2767 3236 2819 καὶ
3275 2767 3404 2828 πῶς,
3444 2765 3554 2833 ἐγὼ
3589 2765 3751 2830 λέγω.

2201 2849 2288 2900 Ἐν
2331 2852 2449 2913 ταῖς
2471 2850 2708 2920 ἡμέραις
2746 2849 2854 2902 τῶν
2889 2851 3111 2919 ἀζύμων
3160 2850 3436 2918 νηστεύειν
3481 2847 3756 2906 Ἰουδαίοις

2186 2934 2248 2986 ού
2282 2933 2469 3004 θέμις·
2514 2929 2667 2996 οὗτος
2695 2934 2750 2986 δὲ
2801 2934 3010 3005 ήμέρας
3049 2935 3220 2985 είκοσι
3253 2935 3344 2986 καὶ
3373 2932 3498 3002 μίαν
3541 2930 3756 2992 ούδενίς

2187 3015 2322 3079 ὅλως
2352 3017 2666 3087 μετέλαϐεν.
2703 3018 2810 3069 Καὶ
2853 3016 3013 3068 πόθεν
3041 3016 3218 3085 δῆλον,
3252 3024 3436 3086 φησιν,
3477 3016 3560 3067 ὅτι
3588 3015 3648 3066 αἱ
3681 3015 3756 3066 εί-

2189 3116 2308 3152 κοσι
2335 3099 2534 3171 ἡμέραι
2557 3099 2651 3152 καὶ
2685 3101 2784 3170 μία
2821 3102 2959 3154 κατὰ
2982 3099 3081 3162 τάς
3122 3100 3335 3172 ἡμέρας
3375 3100 3480 3152 τῶν
3530 3098 3756 3166 ἀζύμων

2187 3178 2362 3253 ἦσαν;
2413 3183 2500 3250 Ἐξ
2529 3177 2602 3236 ὦν
2637 3181 2811 3246 εἶπεν,
2853 3185 2936 3237 ὃτι
2978 3184 3227 3253 τετάρτῃ
3271 3183 3371 3238 καί
3410 3181 3602 3236 εἰκάδι
3648 3181 3756 3234 τοῦ

2191 3268 2420 3336 πρώτου
2447 3268 2662 3336 μηνός.

2265 3488 2454 3541 Καίτοι
2491 3505 2554 3556 γε
2588 3487 2647 3540 τὸ
2680 3489 2862 3557 πάσχα
2894 3489 2972 3550 εἰς
3005 3486 3130 3558 μίαν
3165 3485 3259 3539 καὶ
3290 3485 3479 3539 εἰκάδα
3505 3484 3755 3556 τελευτᾷ.

2195 3573 2341 3646 [6‘33]
2384 3570 2703 3642 Ἀρξάμενοι
2740 3573 2848 3639 γὰρ
2884 3570 2991 3622 ἀπὸ
3022 3571 3118 3640 τῆς
3161 3569 3759 3639 τεσσαρεσκαιδεκάτης

2190 3655 2282 3710 τοῦ
2316 3655 2530 3728 πρώτου
2563 3655 2751 3726 μηνὸς,
2785 3652 2901 3707 εἶτα
2953 3654 3163 3724 ’ἡμέρας
3215 3655 3352 3706 ἑπτά
3381 3654 3756 3722 ἐορτάσαντες,

2192 3743 2271 3804 εἰς
2295 3740 2392 3811 τὴν
2414 3740 2602 3792 εἰκάδα
2649 3739 2740 3791 καὶ
2787 3737 3007 3809 πρώτην
3054 3737 3388 3790 ἀπαντῶσιν.
3431 3735 3570 3787 Ἀλλ’
3610 3737 3758 3804 ὅμως

2193 3826 2288 3878 καὶ
2318 3823 2676 3896 παρελθόντος
2707 3821 2800 3874 τοῦ
2827 3822 3009 3891 πάσχα
3032 3821 3243 3890 ἔμεινεν
3268 3820 3427 3882 αὐτὸς
3456 3819 3754 3890 νηστεύων.

2206 3908 2534 3980 Ἀρξάμενος
2560 3906 2668 3976 γὰρ
2701 3906 2807 3958 ἀπὸ
2827 3909 2925 3977 τῆς
2955 3905 3141 3976 τρίτης
3171 3904 3381 3974 ἡμέρας
3419 3901 3510 3955 τοῦ
3538 3901 3755 3972 πρώτου

2196 3992 2380 4064 μηνὸς,
2423 3988 2542 4045 εἶτα
2577 3994 2748 4044 εἴκοσι
2781 3989 2874 4042 καὶ
2916 3988 3043 4058 μίαν
3071 3987 3390 4058 πληρώσας,
3421 3985 3520 4057 τὴν
3558 4002 3754 4039 τεσσα-

2196 4075 2618 4147 ρεσκαιδεκάτην
2642 4072 2936 4144 παρῆλθεν,
2977 4075 3071 4124 καὶ
3097 4073 3211 4142 μετ’
3245 4071 3457 4141 ἐκείνην
3493 4069 3760 4147 ἐπτάγκαὶ

2192 4146 2341 4229 τρεῖς
2368 4159 2578 4228 ἡμέρας
2628 4157 2819 4226 ἐτέρας
2852 4169 2902 4210 ⁸³.
2933 4155 3056 4218 Πῶς
3102 4152 3195 4207 οὖν
3243 4154 3343 4206 οὐκ
3368 4155 3583 4221 ἐναγεῖς
3613 4146 3757 4204 οῦτοι

2193 4241 2288 4295 καὶ
2323 4241 2530 4312 μιαροὶ,
2579 4240 2687 4292 τῶν
2734 4240 2903 4307 ἁγίων
2940 4239 3162 4290 ἐκείνων
3193 4237 3345 4290 οὐδὲν
3387 4236 3629 4290 τοιοῦτον
3653 4236 3759 4288 τῶν

2194 4326 2438 4395 νομίμων
2496 4323 2868 4392 φυλαττόντων
2906 4324 2998 4374 ἐπὶ
3026 4320 3128 4390 γῆς
3175 4320 3476 4392 ἀλλοτρίας,
3512 4321 3670 4373 αὐτοὶ
3693 4321 3762 4372 τά

2195 4408 2410 4462 ἐναντία
2434 4407 2710 4471 ποιοῦντες
2729 4406 2865 4478 πρὸς
2881 4404 3208 4474 φιλονεικίαν
3237 4405 3329 4457 καὶ
3346 4405 3488 4475 ἔριν;
3518 4406 3632 4457 Καὶ
3653 4405 3759 4472 γάρ

2195 4497 2245 4548 εί
2269 4494 2368 4566 μὲν
2395 4493 2625 4565 ρᾁυμοί
2656 4509 2798 4555 τινες
2832 4487 2972 4560 ἦσαν
3018 4491 3111 4544 καὶ
3153 4489 3464 4551 ἀνευλαϐεῖς
3498 4487 3549 4541 οί
3587 4488 3760 4542 ταῦτα

2195 4579 2442 4646 λέγοντες
2473 4579 2566 4630 καὶ
2594 4575 2892 4637 ποιοῦντες.
2934 4574 3062 4636 ἴσως
3090 4574 3155 4628 ἄν
3177 4591 3260 4636 τις
3287 4572 3555 4644 ῥᾳθυμίας
3581 4572 3761 4640 ἐνόμιο

2199 4679 2290 4714 σεν
2321 4657 2458 4713 εἶναι
2487 4660 2548 4712 1:0
2577 4659 2652 4730 μὴ
2695 4658 2980 4727 φυλάττειν
3001 4674 3015 4688 ·
3043 4657 3167 4710 εἰδὲ
3201 4655 3434 4724 φιλόθεοι
3467 4654 3762 4707 καὶέῦλαο

2197 4744 2445 4809 ϐεῖς,καὶ
2475 4743 2572 4804 τὰς
2597 4741 2771 4812 ψυχὰς
2812 4742 2907 4804 τὰς
2951 4739 3157 4792 ἑαυτῶν
3198 4741 3335 4810 ὑπὲρ
3383 4737 3489 4791 τῶν
3536 4737 3616 4807 τῷ
3645 4737 3760 4807 Θεῷ

2197 4827 2494 4881 δοκούντων
2516 4826 2742 4888 ἔδωκαν,
2772 4823 2991 4894 εὔδηλον
3014 4823 3171 4876 ὅτιτὸ
3204 4822 3278 4893 μὴ
3302 4821 3532 4891 φυλάξαι
3559 4822 3653 4873 τὸν
3681 4821 3761 4873 νό-

2203 4930 2300 4983 μον
2329 4913 2388 4965 ού
2411 4910 2551 4964 κατά
2585 4908 2853 4981 ρᾳθυμίαν
2887 4907 3122 4969 ἐποίουν,
3150 4907 3284 4960 ἀλλά
3306 4906 3453 4976 παρά
3489 4905 3550 4958 τὸ
3576 4907 3763 4958 πεπεῖο

2201 4999 2323 5052 σθαι
2354 4998 2483 5067 παρ’
2534 4995 2698 5048 αὑτοῦ
2739 4993 2832 5046 τοῦ
2873 4993 3060 5062 νόμου,
3098 4992 3179 5044 ὃτι
3217 4991 3314 5055 τὰς
3348 4992 3762 5060 παρατηρήσεις

2197 5081 2400 5143 ταύτας
2421 5079 2636 5141 ἁπάσας
2663 5076 2768 5142 ἔξω
2792 5076 2900 5129 τῶν
2923 5075 2948 5114 ά
2987 5076 3052 5128 Ὶε
3062 5073 3247 5145 ροσολύ
3257 5092 3370 5143 μων
3394 5074 3687 5141 φυλάττειν
3706 5076 3760 5126 οὐ

2199 5168 2326 5238 χρή.
2353 5167 2463 5220 Καὶ
2487 5165 2672 5235 ἕτερον
2695 5162 2752 5215 δὲ
2773 5161 2880 5214 ἀπὸ
2905 5159 3096 5214 τούτου
3136 5158 3582 5228 συνωμολόγηται
3617 5160 3762 5228 μέγε-

2201 5266 2354 5304 στον·
2397 5251 2482 5303 ὅτι
2523 5246 2723 5300 θυσιῶν
2769 5243 3180 5314 παρατηρήσεις
3215 5241 3309 5293 καὶ
3360 5241 3653 5294 σαϐϐάτων
3678 5245 3763 5295 καὶ

2199 5332 2523 5404 νουμηνιῶν,
2558 5331 2654 5383 καὶ
2678 5328 2896 5381 πάντων
2921 5327 3028 5379 τῶν
3057 5323 3330 5388 τοιούτων,
3357 5324 3420 5375 ἐκ
3446 5323 3761 5394 περιουσίας

2199 5417 2400 5488 ἀπῄτει
2442 5417 2476 5485 ἡ
2520 5412 2643 5466 τότε
2670 5411 2917 5465 πολιτεία
2939 5426 2951 5438 ο
2988 5409 3082 5463 καὶ
3121 5405 3245 5460 οὔτε
3293 5407 3609 5476 τηρούμενα
3639 5407 3762 5477 πρὸς

2259 5581 2287 5620 b
2313 5579 2447 5628 Unus
2476 5577 2582 5626 cod.
2605 5578 2689 5624 καὶ
2713 5575 2794 5623 ἀπ’
2816 5571 2961 5622 αὐτοῦ
2983 5570 3088 5620 τοῦ.

2263 5647 2284 5674 ε
2308 5641 2399 5690 Hic
2421 5648 2524 5688 lres
2566 5651 2682 5686 mss.
2723 5637 2931 5684 multum
2979 5634 3186 5690 variant,
3222 5631 3302 5678 καὶ
3340 5629 3426 5685 τήν
3463 5631 3569 5690 μετ’
3589 5630 3762 5685 ἐκείνην

2199 5708 2359 5756 ἔπειτα
2378 5705 2458 5751 καὶ
2474 5701 2595 5766 τρεῖς
2616 5701 2789 5766 ἑτέρας·
2899 5759 2911 5766 ,
3007 5758 3018 5766 ,
3081 5757 3122 5766 __
3223 5755 3246 5766 ..
3329 5754 3396 5766 η..
3450 5754 3482 5766 η
3551 5751 3559 5758 -

2265 5767 2290 5805 ἀ
2319 5766 2454 5818 Unus
2477 5753 2549 5812 ὅτι
2581 5753 2662 5817 τὰς
2681 5753 2868 5815 άπάσαις
2893 5758 3053 5822 ἑορτὰς
3077 5757 3164 5812 ἔξω
3187 5755 3299 5802 τῶν.
3325 5754 3427 5818 (Sic
3450 5753 3629 5813 Sail.)
