3920 6242
167 400 277 459 8T1

166 523 423 593 neglecto
463 522 709 578 loco:an
753 516 993 589 neglecto
1022 522 1296 583 tempore,
1336 507 1439 562 loci
1486 505 1621 559 ratio
1666 509 1749 554 te-

167 613 351 670 nenda
381 615 504 670 est?
529 612 680 682 Quod
705 610 825 666 dico
848 651 865 677 ,
903 607 1007 662 tale
1037 614 1155 660 est:
1187 599 1437 672 praecepit
1463 596 1715 650 Dominus
1735 634 1750 656 ,

168 717 233 760 ut
275 708 329 761 in
373 707 548 776 primo
592 718 776 759 mense
804 710 859 757 et
884 695 1227 768 Jerosolymis
1267 691 1626 746 celebraretur
1655 685 1751 738 Pa-

170 798 307 853 scha
343 816 359 853 :
394 798 641 853 videlicet
689 805 930 864 tempore
977 789 1177 859 pariter
1217 794 1271 839 et
1311 783 1429 837 loco
1469 776 1750 848 praeﬁnito.

169 888 451 944 Ponamus
480 888 637 958 igitur
658 886 794 941 duos
814 882 1087 953 quospiam
1116 891 1256 937 esse,
1301 873 1387 943 qui
1436 868 1635 925 Pascha
1662 882 1752 920 ce-

168 980 410 1045 lebrent,
442 993 670 1050 quorum
700 976 835 1030 alter
862 970 1238 1044 prmvaricetur
1282 966 1455 1018 locum
1483 1003 1496 1026 ,
1548 970 1755 1026 tempus

169 1071 431 1126 observet
461 1088 474 1124 :
504 1083 688 1124 rursus
717 1069 854 1122 alter
880 1066 1126 1119 observet
1159 1058 1371 1130 quidem
1404 1057 1573 1109 locum
1599 1093 1612 1115 ,
1661 1050 1753 1103 sed

172 1159 606 1231 transgrediatur
633 1169 870 1227 tempus;
898 1165 1056 1225 atque
1086 1154 1129 1206 is
1158 1153 1245 1220 qui
1272 1160 1479 1216 tempus
1508 1145 1757 1199 observat

173 1251 425 1320 neglecto
456 1249 602 1315 loco,
641 1247 876 1303 celebret
899 1244 1099 1299 Pascha
1133 1242 1184 1295 in
1218 1239 1387 1309 primo
1415 1250 1596 1291 mense
1616 1275 1630 1295 ,
1662 1233 1755 1287 sed

171 1343 376 1397 alicubi
404 1340 586 1412 procul
611 1339 939 1411 Jerosolyma
970 1355 983 1391 :
1014 1338 1057 1391 is
1084 1347 1210 1389 vero
1244 1332 1332 1402 qui
1373 1331 1545 1384 locum
1571 1327 1758 1381 obser-

173 1444 272 1488 vat
321 1432 564 1503 neglecto
592 1441 862 1501 tempore,
895 1428 1092 1482 Pascha
1118 1422 1354 1480 celebret
1379 1417 1755 1489 Jerosolymis,

174 1538 288 1578 non
321 1532 498 1577 tamen
528 1522 699 1592 primo
726 1533 926 1584 mense,
955 1516 1049 1571 sed
1078 1511 1330 1569 secundo.
1360 1508 1556 1565 Deinde
1584 1507 1761 1561 videa-

175 1630 303 1669 mus
334 1623 454 1670 uter
480 1613 668 1667 borum
695 1610 919 1666 duorum
946 1609 1014 1662 sit
1043 1609 1094 1661 in
1124 1604 1364 1666 crimine,
1394 1611 1510 1656 uter
1534 1600 1761 1669 proban-

173 1706 324 1761 dus:
357 1706 473 1761 isne
512 1702 603 1774 qui
644 1701 886 1771 neglecto
924 1707 1162 1767 tempore
1208 1694 1377 1749 locum
1408 1689 1665 1753 servavit,
1694 1702 1761 1742 an

174 1799 273 1871 qui
315 1799 434 1853 loco
472 1797 713 1866 neglecto
742 1803 948 1864 tempus
984 1789 1233 1846 servavit.
1272 1785 1482 1840 Etenim
1522 1783 1566 1838 si
1597 1782 1641 1836 is
1672 1780 1761 1849 qui

177 1901 397 1961 tempus
418 1888 671 1961 neglexit,
697 1896 755 1941 ut
780 1887 913 1940 intra
935 1884 1199 1939 civitatem
1228 1876 1423 1933 Pascha
1451 1874 1760 1935 celebraret,

178 1980 399 2037 videtur
439 1976 810 2049 approbandus
840 1993 854 2030 :
880 1983 1063 2029 contra
1089 2012 1104 2036 ,
1146 1970 1234 2041 qui
1272 1976 1480 2023 servato
1527 1976 1765 2032 tempore

180 2072 365 2129 locum
394 2069 651 2141 neglexit,
676 2069 943 2123 vocandus
969 2076 1051 2121 est
1078 2065 1131 2118 in
1157 2064 1377 2125 crimen,
1405 2068 1457 2114 et
1485 2056 1764 2126 impietatis

182 2180 317 2220 reus
344 2161 673 2233 peragendus
705 2178 719 2213 :
748 2158 996 2213 nimirum
1038 2155 1227 2225 liquet,
1256 2151 1396 2223 quod
1428 2150 1510 2203 isti
1553 2160 1766 2218 quoque

184 2257 365 2327 legem
391 2255 611 2318 violant,
641 2252 759 2306 loco
787 2265 893 2305 non
923 2262 1021 2303 suo
1047 2247 1301 2301 facientes
1320 2286 1333 2308 ,
1370 2241 1509 2312 quod
1537 2240 1764 2301 faciunt,

184 2347 401 2405 etiamsi
432 2345 608 2401 decies
637 2342 828 2397 millies
855 2338 1146 2411 pncdicent
1186 2351 1244 2391 se
1290 2348 1501 2389 servare
1541 2342 1765 2398 tempus.

185 2440 348 2497 Unde
388 2439 546 2508 igitur
591 2436 690 2490 hoc
728 2433 881 2488 nobis
914 2431 1249 2502 perspicuum
1277 2427 1395 2481 est?
1422 2423 1677 2478 Videlicet
1702 2421 1769 2474 ab

186 2532 312 2601 ipso
352 2529 516 2583 Mose.
554 2525 825 2596 Siquidem
851 2537 972 2577 cum
1001 2519 1213 2589 quidam
1243 2526 1420 2573 essent
1456 2511 1768 2569 celebraturi

186 2619 421 2683 Pascha,
444 2617 691 2671 adierunt
717 2615 919 2679 Mosen,
950 2612 1186 2667 dicentes
1214 2626 1227 2661 :
1259 2605 1370 2661 Nos
1396 2604 1578 2675 impuri
1598 2617 1771 2657 sumus

186 2728 350 2778 super
388 2709 603 2763 hominis
644 2707 816 2761 anima
841 2721 861 2759 :
886 2720 1008 2757 num
1049 2703 1328 2755 omittemus
1371 2696 1553 2763 offerre
1593 2709 1773 2747 munus

188 2803 418 2859 Domino
446 2802 599 2872 juxta
626 2810 819 2869 tempus
844 2813 1023 2861 suum,
1049 2795 1102 2847 in
1125 2793 1287 2847 medio
1324 2790 1544 2859 ﬁliorum
1576 2784 1775 2839 Israel?

192 2893 478 2964 Respondit
501 2891 604 2945 illis
634 2890 802 2944 Moses
822 2883 994 2943 :State
1035 2886 1115 2938 hic
1134 2925 1149 2948 ,
1182 2893 1228 2937 et
1255 2882 1458 2935 audiam
1484 2878 1602 2950 quid
1641 2893 1774 2945 prte-

189 2995 435 3053 cepturus
458 2984 521 3035 sil
544 2980 795 3036 Dominus
821 2980 884 3031 de
909 2976 1065 3030 vobis.
1095 2974 1156 3028 Et
1184 2973 1413 3042 loquutus
1439 2980 1509 3024 est
1532 2967 1776 3022 Dominus

192 3074 338 3129 Mosi
368 3073 565 3127 dicens:
588 3069 757 3125 Homo
773 3070 1065 3141 quicumque
1087 3068 1236 3138 fuerit
1273 3065 1401 3117 inter
1436 3078 1520 3116 vos
1547 3062 1775 3127 impurus

192 3182 353 3238 super
379 3164 595 3217 hominis
617 3162 808 3226 anima,
837 3171 925 3213 aut
953 3159 1006 3212 in
1033 3160 1183 3227 longo
1210 3156 1403 3219 itinere,
1430 3162 1517 3205 aut
1540 3153 1591 3210 in
1616 3150 1772 3219 vobis,

192 3259 252 3311 in
278 3255 680 3328 generationibus
711 3254 884 3307 uestris
905 3292 919 3315 ,
959 3250 1105 3324 faciet
1134 3246 1335 3304 Pascha
1360 3264 1526 3302 mense
1561 3245 1777 3302 secundo

194 3348 393 3419 (Num.
418 3345 669 3417 9.7-“).
694 3344 747 3400 ld
771 3354 884 3401 est:
910 3343 1166 3414 quisquis,
1195 3341 1381 3404 inquit,
1408 3340 1577 3409 primo
1597 3351 1778 3392 mense

194 3439 568 3509 deprehensus
588 3437 745 3492 fuerit
765 3436 818 3489 in
847 3434 1286 3505 peregrinatione,
1310 3447 1377 3486 ne
1406 3430 1558 3485 faciat
1577 3428 1777 3485 Pascha

195 3541 352 3585 extra
380 3530 663 3591 civitatem,
692 3525 785 3580 sed
807 3540 993 3580 mense
1020 3522 1273 3583 secundo,
1312 3533 1369 3575 ut
1406 3521 1586 3575 venire
1616 3520 1780 3589 possit

196 3620 593 3691 Jerosolymam
622 3633 685 3673 ac
710 3627 917 3687 tempus
944 3616 1172 3686 negligat
1209 3614 1413 3684 potius,
1440 3628 1596 3682 quam
1626 3610 1780 3665 faciat

195 3722 354 3767 extra
385 3712 650 3765 civitatem
690 3726 704 3763 :
736 3724 802 3763 ex
843 3708 942 3763 hoc
971 3708 1278 3771 declarans,
1316 3706 1455 3776 quod
1481 3706 1780 3761 observatio

197 3805 308 3860 loci
336 3805 588 3873 temporis
616 3801 983 3857 observatione
1008 3800 1175 3869 magis
1193 3807 1273 3853 est
1302 3798 1613 3853 necessaria.
1645 3796 1778 3863 Quid

199 3900 365 3968 igitur
406 3896 490 3951 isti
535 3895 729 3950 habent
772 3893 912 3964 quod
955 3892 1166 3957 dicant,
1205 3891 1293 3959 qui
1333 3900 1480 3945 extra
1517 3889 1779 3945 civitatem

200 3988 566 4059 praescriptam
584 3986 779 4041 faciunt
798 3983 1035 4039 Pascha?
1051 3982 1179 4037 Nam
1200 3997 1318 4035 cum
1337 3981 1782 4050 transgrediantur

201 4080 257 4134 id
289 4078 432 4150 quod
461 4077 625 4148 magis
654 4085 735 4130 est
763 4074 1116 4130 necessarium
1136 4114 1150 4137 ,
1195 4071 1327 4126 nihil
1369 4072 1486 4125 illos
1526 4084 1781 4125 excusare

202 4178 383 4241 potest
424 4168 539 4237 ejus
578 4166 909 4230 observatio,
954 4164 1094 4235 quod
1132 4150 1349 4218 minoris
1383 4171 1464 4217 est
1506 4162 1779 4216 momenti.

205 4260 373 4331 Igitur
386 4258 593 4315 etiamsi
613 4258 791 4312 decies
813 4257 1000 4310 millies
1020 4255 1297 4309 videantur
1315 4269 1529 4310 servare
1552 4262 1780 4323 tempus,

204 4360 446 4408 extrema
479 4349 607 4419 legis
636 4347 983 4417 transgressio
1010 4356 1091 4401 est
1119 4345 1256 4415 quod
1287 4344 1503 4399 faciunt.
1528 4346 1700 4415 Atque
1730 4344 1781 4399 id

206 4456 331 4499 esse
356 4456 563 4502 verum,
588 4454 692 4494 non
724 4437 846 4493 hinc
870 4439 1036 4506 liquet
1063 4446 1286 4501 tantum,
1316 4452 1504 4491 verum
1532 4439 1689 4491 etiam
1717 4452 1782 4490 ex

207 4531 505 4602 prephetis.
528 4528 658 4584 Cum
688 4529 828 4583 enim
867 4536 1077 4583 constet
1112 4528 1229 4582 illos
1268 4542 1551 4597 numquam
1581 4527 1784 4581 sacriﬁ-

208 4636 386 4689 casse,
409 4634 582 4690 neque
606 4619 868 4674 canticum
897 4618 1153 4671 cecinisse
1174 4617 1225 4671 in
1255 4625 1393 4671 terra
1422 4617 1589 4672 aliena
1612 4616 1781 4688 (Psal.

209 4711 337 4767 156.
368 4711 403 4765 ι
423 4708 463 4781 ),
495 4724 667 4779 neque
712 4706 1004 4762 istiusmodi
1032 4706 1288 4775 jejunium
1314 4706 1601 4776 jejunasse,
1629 4723 1783 4776 quam

206 4801 421 4857 veniam
447 4809 816 4870 promerentur
835 4798 957 4851 isti?
983 4797 1227 4851 Attamen
1252 4795 1323 4850 illi
1361 4796 1570 4866 quidem
1600 4812 1787 4866 exspe-

208 4900 422 4947 ctantes
446 4889 605 4944 talem
647 4890 768 4943 vita:
812 4904 920 4942 sua:
960 4896 1151 4941 statum
1179 4903 1239 4942 se
1265 4898 1590 4958 recepturos,
1622 4888 1787 4943 nihilo

209 4983 391 5038 secius
418 4980 770 5051 persistebant
796 4980 847 5033 in
876 4979 989 5049 lege
1008 5020 1023 5045 ,
1056 4990 1298 5048 parentes
1326 4980 1418 5044 illi,
1457 4996 1677 5050 quaeque
1702 4981 1785 5035 lex

211 5071 617 5145 pnescribebat,
649 5070 949 5141 implentes.
979 5069 1089 5124 Hoc
1116 5070 1255 5124 enim
1287 5070 1370 5124 lex
1398 5071 1509 5140 ipsa
1547 5071 1652 5125 illis
1674 5070 1787 5127 fore

212 5164 552 5233 promiserat.
604 5161 691 5215 Isti
735 5175 862 5216 vero
906 5159 1018 5214 lucc
1046 5158 1277 5223 faciunt,
1318 5175 1437 5213 cum
1467 5160 1662 5214 nullam
1690 5160 1787 5214 ha-

210 5256 378 5308 beant
405 5266 553 5321 spem
586 5250 715 5315 fore,
746 5262 801 5304 ut
831 5250 1106 5319 pristinum
1133 5249 1252 5303 vita:
1272 5258 1465 5303 statum
1491 5250 1747 5319 recipiant
1771 5268 1784 5306 :

209 5344 370 5413 cujus
384 5345 524 5399 enim
538 5343 589 5397 id
606 5342 875 5413 propheta:
889 5342 1185 5397 testimonio
1202 5342 1522 5411 probabunt?
1536 5344 1599 5397 Et
1614 5354 1788 5399 tamen

212 5456 286 5495 ne
329 5439 407 5493 sic
444 5436 654 5507 quidem
703 5444 924 5506 possunt
969 5435 1262 5504 quiescere.
1289 5433 1404 5489 Jam
1427 5477 1441 5500 ,
1472 5444 1528 5488 ut
1561 5439 1789 5494 maxime

212 5538 496 5602 sperarent
526 5544 585 5585 se
605 5529 871 5583 civitatem
894 5537 1219 5597 recepturos,
1246 5526 1404 5581 etiam
1439 5536 1561 5581 tunc
1634 5544 1789 5597 opor-

217 5624 367 5680 tebat
394 5633 607 5677 sanctos
630 5622 749 5676 illos
771 5620 983 5685 imitari,
1009 5630 1116 5674 tum
1142 5636 1169 5673 a
1193 5619 1426 5689 jejuniis,
1456 5630 1564 5674 tum
1588 5636 1617 5674 a
1638 5631 1791 5678 caste-

215 5718 295 5773 ris
323 5713 781 5771 observationibus
806 5714 1151 5768 abstinentes.

295 5808 345 5864 5.
379 5806 531 5875 Quod
567 5806 709 5862 enim
740 5806 1029 5861 istiusmotl
1061 5820 1237 5861 rerum
1266 5805 1393 5862 nihil
1424 5807 1492 5862 illi
1524 5808 1780 5879 fecerint,

1413 369 1772 436 ADVERSUS
1807 366 2103 424 JUDASOS.
2144 364 2223 423 IV.

3319 365 3423 421 873

1858 493 1979 548 audi
2017 493 2140 563 quid
2168 492 2474 563 rogantibus
2513 489 2899 560 reSpondcrint.
2932 488 3062 545 Cum
3091 487 3228 541 enim
3265 502 3419 557 urge-

1856 593 1995 647 rent.
2022 583 2422 652 compellerent,
2448 591 2800 652 cogerentque
2822 578 3048 645 barbari,
3076 588 3131 633 ut
3152 588 3424 633 uterentur

1856 676 2067 745 organis
2093 675 2219 739 suis,
2249 673 2591 743 dicerentque
2614 689 2628 726 :
2655 669 2862 726 Cantate
2891 670 3029 725 nobis
3049 671 3299 723 canticum
3330 670 3425 720 Do-

1855 767 1976 821 mini
2008 765 2177 839 (Psal.
2208 766 2328 822 156.
2356 766 2410 835 3)
2440 784 2452 819 :
2484 765 2557 819 illi
2579 763 3050 835 quipnlchrelcgis
3081 774 3308 818 mentem
3343 770 3423 817 tc-

1856 858 2085 919 nebant,
2129 857 2551 925 responderunt,
2594 871 2699 909 non
2735 855 2925 909 decere
2964 866 3020 909 ut
3049 857 3143 909 ista
3192 855 3426 908 facerent

1855 957 2002 1002 extra
2033 948 2415 1019 Jerosolymam
2443 965 2455 1001 :
2491 947 2751 1013 Quomodo
2770 988 2785 1013 ,
2817 947 3083 1015 inquiunt,
3115 948 3423 999 cantabimus

1857 1038 2107 1091 canticum
2133 1036 2339 1091 Domini
2367 1038 2417 1091 in
2439 1047 2570 1090 terra
2590 1036 2795 1090 aliena?
2823 1034 3025 1089 Rursus
3047 1044 3153 1090 tres
3181 1036 3251 1090 illi
3274 1037 3419 1105 pueri

1858 1130 1946 1200 qui
1976 1130 2319 1186 versabantur
2345 1131 2396 1184 in
2428 1130 2691 1200 Babylone
2712 1172 2727 1196 ,
2774 1129 3057 1183 dicebant:
3090 1127 3211 1183 Non
3234 1140 3303 1183 est
3333 1132 3426 1183 hoc

1861 1234 2081 1293 tempore
2103 1224 2350 1291 princeps,
2383 1239 2539 1288 neque
2564 1221 2822 1292 prapheta,
2856 1239 2955 1275 non
2982 1220 3119 1275 locus
3142 1231 3198 1274 ut
3224 1222 3424 1289 sacriﬁ-

1858 1330 2026 1367 cemus
2060 1315 2115 1367 in
2153 1323 2417 1384 conspectu
2451 1324 2565 1379 tuo,
2599 1323 2644 1367 et
2691 1313 2999 1367 inveniamus
3036 1313 3426 1367 misericordiam

1865 1402 2023 1472 (Dan.
2054 1405 2107 1459 3.
2132 1403 2242 1473 58).
2273 1408 2341 1458 At
2383 1420 2510 1458 sane
2540 1404 2732 1458 multus
2756 1413 2871 1458 erat
2900 1404 2969 1457 ibi
2996 1404 3142 1458 locus
3167 1422 3179 1457 :
3212 1413 3266 1458 at
3290 1420 3427 1474 quo-

1860 1496 2000 1550 niam
2030 1495 2100 1550 ibi
2132 1495 2385 1565 templum
2416 1512 2518 1549 non
2562 1506 2710 1561 erat,
2751 1495 3015 1549 abstinent
3058 1510 3088 1548 a
3136 1495 3424 1549 sacrificiis.

1861 1585 1976 1641 Jam
2007 1601 2135 1640 vero
2171 1596 2225 1641 et
2262 1585 2325 1639 ad
2353 1586 2483 1639 alios
2525 1600 2619 1655 per
2643 1583 2950 1639 Zachariam
2989 1585 3217 1654 loquitur
3243 1584 3425 1640 Deus:

1864 1676 2003 1731 Num
2038 1678 2291 1748 jejunium
2311 1677 2581 1747 jejunastis
2621 1676 2743 1729 mihi
2787 1693 2875 1747 per
2913 1693 3070 1730 annos
3115 1678 3428 1747 septuaginta

1863 1766 2042 1839 (Zach.
2076 1768 2128 1821 7.
2162 1766 2259 1839 5)?
2288 1766 2507 1837 loquens
2530 1766 2597 1821 de
2622 1766 2774 1820 annis
2793 1781 2928 1836 quos
2951 1776 3167 1837 egerant
3188 1768 3238 1821 in
3264 1767 3435 1836 capti-

1864 1858 2046 1913 vitate.
2068 1856 2344 1924 Quomodo
2364 1872 2491 1927 ergo
2517 1865 2571 1910 tu
2598 1871 2737 1911 nunc
2761 1856 2987 1926 jejunas,
3015 1856 3100 1910 dic
3129 1856 3277 1923 mihi,
3306 1872 3426 1911 cum

1862 1950 2090 2020 majores
2118 1949 2192 2004 tui
2234 1964 2332 2005 nec
2368 1947 2810 2012 sacriﬁcaverint,
2854 1964 2950 2003 nec
2980 1948 3298 2017 jejunarint,
3331 1964 3430 2005 nec

1864 2041 1997 2097 festa
2039 2040 2461 2097 celebraverint?
2505 2039 2656 2106 Quod
2700 2049 2873 2095 autem
2911 2039 3108 2094 Pascha
3140 2054 3243 2093 non
3286 2041 3432 2095 cele-

1865 2131 2138 2188 braverint
2164 2146 2230 2186 ex
2257 2131 2338 2185 his
2364 2131 2536 2201 palam
2562 2140 2662 2185 est.
2688 2129 2818 2184 Nam
2840 2129 2925 2185 ubi
2953 2146 3056 2184 non
3087 2139 3201 2184 erat
3228 2129 3432 2184 sacriﬁ-

1866 2223 2007 2279 cium
2026 2265 2040 2289 ,
2069 2221 2142 2276 ibi
2183 2237 2249 2277 ne
2275 2221 2467 2277 festum
2494 2220 2705 2291 quidem
2731 2230 2847 2276 erat
2870 2237 2883 2273 :
2913 2235 2978 2275 eo
3002 2220 3141 2290 quod
3168 2234 3325 2275 omne
3354 2220 3433 2273 l’e-

1867 2324 2006 2369 stum
2035 2313 2111 2368 sic
2152 2316 2330 2383 peragi
2359 2312 2655 2384 oportebat.
2687 2311 2837 2378 Quod
2862 2313 2905 2367 si
2944 2313 3236 2383 pleniorem
3280 2311 3435 2381 hujus

1868 2406 1945 2460 rei
1992 2404 2501 2459 demonstrationem
2548 2404 2799 2459 exhibere
2842 2404 3095 2469 velimus,
3145 2403 3266 2469 audi
3308 2404 3433 2473 quid

1869 2495 2009 2550 dicat
2040 2495 2219 2550 Daniel
2244 2513 2257 2548 :
2285 2493 2354 2548 In
2382 2494 2554 2549 diebus
2582 2494 2684 2548 illis
2713 2511 2848 2548 eram
2876 2511 2966 2566 ego
3004 2495 3189 2549 Daniel
3224 2496 3431 2566 lugens,

1870 2586 2027 2639 tribus
2052 2584 2439 2639 hebdomadibus
2471 2601 2651 2654 panem
2675 2585 3050 2639 desiderabilem
3080 2605 3179 2645 non
3206 2587 3401 2646 (omedi
3416 2627 3436 2653 ,

1872 2687 1918 2731 et
1947 2677 2116 2730 vinum
2139 2692 2406 2745 carnesque
2432 2691 2532 2728 non
2568 2675 2804 2745 ingressa:
2843 2685 2957 2732 sunt
2982 2675 3032 2734 in
3061 2698 3117 2735 os
3156 2692 3320 2734 meum
3340 2717 3355 2739 ,
3390 2686 3437 2730 et

1873 2779 2124 2840 unguento
2152 2786 2252 2822 non
2277 2767 2495 2839 ungebar
2512 2770 2566 2821 in
2589 2767 2979 2827 hebdomadibus
3008 2775 3128 2827 illis.
3155 2774 3219 2827 Et
3248 2774 3437 2842 factum

1872 2870 1945 2915 est
1983 2861 2210 2915 vicesimo
2248 2869 2426 2929 quarto
2472 2859 2553 2912 die
2599 2859 2745 2928 primi
2789 2865 3004 2930 metuis,
3058 2866 3159 2918 vidi
3201 2866 3437 2919 visionem

1877 2948 2037 3023 (Dan.
2062 2949 2148 3005 10.
2174 2949 2250 3019 2).
2284 2949 2381 3004 llic
2407 2949 2535 3009 mihi
2575 2947 2855 3025 diligenter
2890 2956 3198 3010 auscultate.
3240 2957 3315 3009 Ex
3354 2955 3440 3012 bis

1875 3042 2015 3098 enim
2049 3042 2379 3119 perspicuum
2404 3056 2503 3111 est,
2535 3047 2673 3118 quod
2704 3056 2812 3102 tum
2840 3048 3038 3102 Pascha
3065 3064 3168 3102 non
3198 3048 3439 3103 celebra-

1874 3134 2067 3192 verint.
2098 3131 2198 3206 Qui
2223 3138 2341 3193 sic?
2370 3138 2568 3191 Dicam.
2602 3137 2702 3192 Per
2725 3136 2839 3192 dies
2865 3152 3169 3208 azymorum
3195 3137 3437 3208 jejunare

1876 3226 2073 3283 Judzeis
2114 3226 2194 3282 fas
2240 3242 2345 3282 non
2391 3238 2523 3282 erat.
2566 3227 2662 3282 Hie
2701 3237 2876 3282 autem
2919 3228 3033 3282 dies
3058 3228 3240 3297 viginti
3279 3245 3439 3283 unum

1875 3335 2091 3391 prorsus
2112 3336 2216 3374 non
2244 3320 2413 3389 attigit
2440 3336 2649 3390 panem.
2673 3319 2741 3374 Et
2760 3320 2897 3375 unde
2919 3318 3019 3375 hoc
3042 3320 3280 3385 docetur,
3302 3321 3443 3376 dicet

1876 3412 2092 3482 aliquis,
2124 3412 2263 3481 quod
2309 3412 2393 3466 isti
2428 3412 2607 3482 viginti
2647 3411 2760 3466 dies
2798 3422 2851 3466 et
2890 3426 3026 3466 unus
3070 3412 3349 3467 inciderint
3387 3413 3439 3467 in

1876 3502 1991 3557 dies
2032 3503 2375 3573 azymorum?
2415 3502 2471 3557 Id
2506 3502 2629 3557 inde
2672 3502 3088 3569 demonstratur,
3120 3502 3258 3573 quod
3280 3504 3449 3572 dicit,

1877 3606 2066 3668 quarto
2091 3604 2145 3651 et
2163 3596 2418 3666 vigesimo
2443 3595 2529 3650 die
2557 3596 2711 3666 primi
2741 3596 2958 3651 mensis.

1956 3689 2165 3743 Pascha
2192 3688 2466 3742 secundum
2504 3688 2660 3759 legent
2685 3697 2897 3757 tempus.
2926 3718 2999 3729 —
3024 3688 3092 3743 At
3118 3688 3339 3744 Paschte
3365 3690 3445 3746 fe-

1880 3790 2018 3838 stum
2047 3781 2299 3850 vigesimo
2324 3780 2494 3849 primo
2521 3779 2607 3834 die
2647 3779 2944 3834 ﬁniebatur.
2974 3779 3104 3834 Nam
3132 3780 3444 3850 incipientes

1879 3888 1909 3927 a
1932 3872 2141 3928 decimo
2164 3878 2352 3941 quarto
2379 3870 2467 3925 die
2497 3870 2649 3941 primi
2676 3870 2896 3937 mensis,
2927 3870 3119 3926 deinde
3144 3872 3331 3928 diebus
3354 3888 3444 3929 se-

1880 3975 2021 4036 ptem
2048 3966 2348 4019 continuata
2393 3963 2727 4028 celebritate,
2770 3963 2836 4018 ad
2861 3964 3172 4035 vigesimum
3218 3967 3445 4035 primum

1880 4056 2020 4110 diem
2057 4054 2453 4124 perveniebant.
2482 4054 2726 4108 Attamen
2758 4054 2937 4108 Daniel
2966 4056 3338 4124 perseverabat
3361 4058 3445 4125 je-

1877 4148 2089 4218 junans,
2117 4148 2274 4202 etiam
2303 4161 2422 4202 cum
2454 4146 2796 4215 praeteriisset
2824 4146 3038 4202 Pasclne
3065 4156 3289 4219 tempus.
3313 4148 3445 4203 Nam

1880 4256 2001 4295 cum
2030 4239 2277 4310 cmpisset
2305 4254 2335 4292 a
2378 4240 2536 4293 tertio
2560 4238 2646 4293 die
2684 4238 2839 4309 primi
2878 4240 3113 4306 mensis,
3155 4256 3217 4296 ac
3256 4241 3450 4297 deinde

1883 4348 1979 4403 per
1998 4332 2114 4387 dies
2134 4330 2315 4402 viginti
2336 4346 2495 4385 unum
2518 4330 2897 4397 eontinuasset,
2922 4331 3165 4386 nimirum
3187 4331 3447 4387 decimum

1881 4432 2123 4494 quartum
2151 4421 2289 4476 dietn
2316 4421 2586 4491 praeteriit,
2614 4430 2666 4475 et
2695 4429 2815 4489 post
2843 4420 2983 4476 hunc
3012 4423 3135 4475 item
3163 4432 3364 4492 septem
3396 4433 3451 4478 et

1883 4522 1994 4569 tres
2018 4513 2150 4567 alios
2173 4512 2429 4582 jejunavit
2455 4510 2613 4582 (Dan.
2636 4511 2723 4565 10.
2751 4511 2830 4581 4).
2861 4512 3049 4566 Annon
3074 4514 3231 4583 igitur
3256 4515 3338 4568 isti
3361 4530 3453 4569 ex-

1883 4604 2027 4674 leges
2054 4612 2109 4657 et
2133 4603 2299 4672 impii,
2327 4602 2437 4672 qui,
2465 4616 2585 4656 cum
2617 4602 2689 4656 illi
2722 4604 2887 4657 sancti
2917 4604 3013 4657 viri
3038 4605 3089 4659 in
3113 4605 3282 4660 aliena
3311 4614 3451 4661 terra

1885 4694 2017 4749 nihil
2042 4692 2371 4747 servaverint
2389 4708 2571 4748 eorum
2596 4709 2713 4763 qua:
2740 4694 2825 4747 lex
2854 4695 3246 4764 praescribebat,
3276 4706 3450 4751 tamen

1884 4799 1982 4853 per
2005 4783 2393 4838 contentionem
2441 4794 2497 4838 et
2536 4784 2887 4853 pervicaciam
2928 4785 3135 4841 diversa
3179 4787 3454 4842 factitant?

1887 4875 2092 4929 Etenim
2143 4874 2187 4927 si
2230 4875 2468 4930 nonnulli
2514 4874 2737 4930 fuissent
2781 4877 3124 4946 incogitantes
3167 4895 3454 4949 parumque

1884 4965 2415 5041 circumspectihqui
2460 4966 2580 5019 talia
2610 4967 2693 5019 vel
2736 4965 3002 5033 facerent,
3048 4969 3129 5023 vel
3173 4969 3454 5025 dicerent:

1887 5055 2105 5111 forsitan
2149 5057 2477 5126 negligentia:
2522 5057 2775 5111 tribueret
2802 5058 3028 5127 aliquis,
3072 5060 3209 5126 quod
3252 5076 3312 5115 ea
3346 5078 3455 5119 non

1887 5148 2189 5203 observent.
2218 5147 2331 5202 Jam
2363 5163 2482 5201 cum
2523 5148 2755 5217 religiosi
2796 5148 2935 5215 sint,
2976 5165 3095 5203 cum
3126 5152 3232 5221 pii,
3263 5169 3385 5209 cum
3424 5156 3457 5209 ii

1888 5238 1976 5308 qui
2005 5252 2100 5308 pro
2129 5238 2409 5307 prmceptis
2438 5237 2529 5291 Dei
2556 5238 2884 5293 tradiderunt
2905 5240 3109 5295 animas
3136 5257 3259 5298 suas
3279 5286 3295 5309 ,
3324 5262 3457 5301 con-

1889 5329 2128 5400 spicuum
2156 5340 2271 5395 est,
2301 5345 2395 5385 eos
2433 5329 2834 5400 haudquaquam
2866 5347 2957 5399 per
2984 5334 3353 5404 negligentiam
3383 5338 3457 5393 fe-

1888 5422 2028 5477 cisse
2056 5421 2195 5491 quod
2223 5420 2496 5486 fecerunt,
2538 5421 2631 5475 sed
2661 5422 2728 5475 ab
2757 5422 2868 5493 ipsa
2894 5424 3070 5493 potius
3094 5425 3209 5496 lege
3234 5442 3453 5497 persua-

1888 5528 1978 5569 sos
1997 5556 2013 5581 ,
2039 5513 2179 5584 quod
2205 5529 2307 5568 non
2336 5524 2578 5583 oporteat
2604 5514 2884 5584 quidquam
2917 5516 3097 5571 talium
3128 5524 3458 5576 ceremonia-
3493 5514 3503 5571 ἶ

1890 5622 2006 5663 rum
2055 5614 2203 5661 extra
2257 5605 2638 5677 Jerosolymam
2685 5607 2993 5664 observare.
3040 5610 3174 5677 Quin
3219 5622 3273 5667 et
3315 5584 3509 5677 aliud

1890 5697 2136 5768 quiddam
2167 5712 2231 5752 ex
2259 5696 2341 5752 his
2367 5670 2641 5768 perspicue
2664 5699 2926 5771 colligitur
2951 5670 3106 5773 longe
3133 5706 3416 5759 maximum
3438 5747 3454 5773 ,
3489 5670 3518 5727 ἱ

1891 5789 2172 5855 videlicet,
2200 5790 2340 5859 quod
2377 5791 2771 5849 observationes
2799 5794 3209 5865 sacriﬁciorum,
3254 5798 3449 5857 sabba-
