3920 6238
516 335 616 392 879
655 312 660 318 ’

512 454 721 519 totum,
764 460 822 509 et
864 450 1287 520 noviluniorum,
1331 451 1559 520 denique
1586 435 1838 506 si'milium
1881 450 2078 504 rituum

512 547 749 599 omnium
787 560 853 600 ex
879 543 1164 600 abundanti
1208 543 1400 598 addita:
1427 550 1552 598 sunt
1584 541 1816 597 Judaicze
1844 540 1966 595 vitae
1989 558 2004 594 :
2030 550 2089 594 ut

514 654 687 708 neque
712 638 754 692 si
785 646 1083 702 serventur,
1113 635 1310 707 aliquid
1339 635 1514 705 magni
1553 633 1808 688 momenti
1847 633 2089 688 conferre

512 730 718 798 possint
757 728 821 781 ad
847 727 1134 792 virtutem;
1166 742 1337 797 neque
1365 726 1409 780 si
1441 725 1935 794 prmtermittantur,
1967 737 2089 791 pos-

510 823 619 876 sint
645 837 710 876 ex
731 822 870 875 bono
895 819 1070 876 facere
1093 821 1309 886 malum,
1332 827 1421 872 aut
1443 817 1651 888 pietatis
1673 816 1924 882 studium,
1948 813 2088 884 quod

510 911 564 965 in
610 913 790 966 animo
819 913 980 965 situm
1005 919 1118 977 est,
1158 911 1334 980 aliqua
1375 925 1443 963 ex
1471 918 1620 978 parte
1646 907 1977 962 imminuere.
2009 903 2087 958 llli

509 1001 671 1072 igitur
712 1003 803 1072 qui
843 1002 1004 1057 vitam
1046 1002 1296 1071 angelica:
1342 999 1584 1054 :emulam
1634 997 1788 1052 nobis
1836 997 1888 1050 in
1932 995 2088 1050 terris

510 1094 895 1162 ostenderunt,
924 1109 1046 1150 cum
1088 1094 1275 1148 barum
1314 1107 1494 1148 rerum
1531 1091 1662 1146 nihil
1691 1089 1909 1144 omnino
1936 1103 2090 1160 pere-

509 1187 721 1254 gerint,
771 1201 877 1241 non
903 1186 1172 1241 victimam
1215 1185 1534 1248 mactarint,
1576 1198 1681 1236 non
1724 1181 1916 1236 festum
1945 1180 2087 1235 diem

509 1278 881 1343 observarint,
927 1294 1032 1334 non
1073 1275 1372 1334 istiusmodi
1413 1275 1676 1346 jejunium
1719 1273 2084 1343 susceperint:

508 1367 646 1422 adeo
672 1376 850 1425 tamen
881 1369 1190 1440 placuerunt
1218 1367 1354 1433 Deo,
1388 1375 1446 1420 ut
1469 1366 1636 1436 ipsam
1670 1373 1910 1419 naturam
1937 1370 2087 1416 tran-

516 1457 855 1524 scenderint,
896 1467 1170 1526 totumque
1197 1465 1458 1512 terrarum
1483 1455 1700 1522 orbem,
1747 1469 1840 1524 per
1879 1467 1941 1506 ea
1970 1466 2088 1521 qua:

513 1549 646 1618 ipsis
685 1549 1022 1620 obtigerunt,
1067 1548 1133 1602 ad
1176 1547 1270 1604 Dei
1315 1547 1668 1618 cognitionem
1713 1543 2085 1615 pertraxerint.

509 1641 648 1710 Quid
669 1641 808 1697 enim
839 1641 1059 1711 proferri
1087 1650 1262 1711 queat,
1290 1639 1430 1710 quod
1455 1655 1574 1695 cum
1602 1636 1820 1692 Daniele
1842 1634 2087 1690 confera-

512 1731 637 1788 tur?
677 1733 804 1804 quid
841 1733 983 1803 quod
1023 1745 1146 1788 cum
1184 1733 1350 1787 tribus
1387 1731 1607 1802 pueris?
1651 1727 2086 1800 Quandoquidem

515 1823 592 1880 illi
626 1824 770 1894 quod
800 1834 1120 1895 prteceptum
1151 1825 1204 1880 in
1237 1824 1534 1895 Evangeliis
1557 1823 1851 1879 maximum
1873 1863 1888 1886 ,
1922 1819 2091 1891 quod-

509 1933 615 1988 que
639 1921 901 1973 bonorum
929 1918 1167 1974 omnium
1199 1927 1380 1988 caput.
1403 1927 1526 1972 ante
1549 1915 1816 1987 proditum
1846 1915 2088 1984 Evange-

461 2047 472 2056 ρ
512 2009 641 2065 lium
683 2021 1042 2082 occuparunt,
1074 2011 1311 2081 ipsisque
1339 2006 1492 2065 factis
1519 2009 1874 2064 declararunt.
1919 2004 2091 2074 Majo-

510 2117 618 2155 rem
660 2101 786 2168 hac,
830 2101 1033 2173 inquit,
1077 2101 1335 2156 caritatem
1376 2116 1520 2155 nemo
1557 2098 1731 2166 habet,
1775 2107 1830 2152 ut
1866 2097 2090 2151 animam

509 2206 656 2244 suam
693 2200 848 2261 ponat
885 2191 997 2261 quis
1037 2206 1128 2261 pro
1154 2192 1330 2245 amicis
1369 2191 1473 2244 suis
1507 2189 1698 2259 (Joon.
1736 2187 1824 2243 15.
1856 2187 1968 2257 15).
2011 2185 2087 2240 llli

510 2295 640 2336 vero
669 2282 902 2336 animam
944 2297 1096 2339 suam
1131 2290 1492 2354 exposuerunt
1533 2296 1632 2352 pro
1665 2281 1795 2337 Deo.
1836 2279 1947 2336 Nec
1989 2277 2090 2334 hac

514 2381 665 2440 parte
704 2372 878 2428 solum
921 2372 1218 2429 admirandi
1243 2381 1402 2440 sunt,
1451 2387 1641 2428 verum
1679 2373 1840 2427 etiam
1878 2370 1948 2426 ob
1987 2369 2090 2424 hoc

510 2466 652 2536 quod
681 2467 734 2521 id
759 2468 956 2523 nullius
978 2468 1242 2531 mercedis
1270 2468 1436 2540 gratia
1464 2465 1724 2522 fecerunt.
1756 2465 1986 2535 Ideoque
2003 2463 2087 2517 di-

509 2559 702 2614 cebant
737 2575 753 2613 :
799 2557 894 2613 Est
929 2558 1068 2614 Deus
1114 2561 1168 2615 in
1210 2559 1336 2616 caelo
1380 2567 1555 2630 potens
1593 2557 1782 2628 eripere
1820 2572 1910 2610 nos
1943 2570 1963 2608 :
2003 2553 2088 2624 qui

509 2651 705 2706 etiamsi
731 2669 832 2706 non
859 2653 1040 2723 eripiat
1059 2693 1075 2719 ,
1108 2662 1279 2706 notum
1301 2652 1366 2706 sit
1397 2650 1522 2714 tibi,
1545 2665 1662 2716 rex,
1694 2664 1787 2703 nos
1812 2664 1912 2702 non
1935 2646 2090 2701 servi-

511 2755 650 2798 turos
675 2744 772 2797 diis
802 2744 900 2798 tuis
921 2741 1083 2814 (Dan.
1111 2744 1165 2799 ‘5.
1191 2744 1300 2814 l7).
1328 2741 1535 2799 Sufficit
1564 2740 1716 2797 nobis
1742 2740 1833 2795 illa
1857 2752 2082 2802 merces,

509 2837 654 2907 quod
677 2846 892 2907 prapter
917 2838 1083 2892 Deum
1106 2837 1382 2891 morimur.
1406 2835 1530 2890 lltec
1549 2834 1930 2908 praestijerunt,
1955 2840 2089 2884 tam-

509 2945 614 3000 que
635 2931 896 3000 insignem
920 2930 1170 2985 virtutem
1200 2927 1560 2984 exhibuerunt
1577 2969 1594 2994 ,
1623 2925 1754 2982 nihil
1781 2939 1966 2981 eorum
1989 2921 2087 2978 ob-

507 3030 809 3084 servantes.
841 3036 962 3091 qua:
989 3020 1074 3074 lex
1099 3019 1522 3090 praescripserat.

581 3112 636 3168 6.
664 3112 806 3183 Ergo
832 3127 935 3183 qua
958 3110 1194 3177 tandem,
1218 3111 1445 3182 inquies,
1472 3107 1639 3180 gratia
1669 3108 1805 3162 Deus
1826 3107 1923 3162 ista
1954 3119 2089 3174 prat-

509 3203 684 3275 oepit,
728 3202 777 3258 si
814 3217 921 3259 non
947 3203 1163 3258 volebat
1188 3202 1501 3258 observari?
1529 3209 1584 3255 et
1612 3200 1657 3255 si
1686 3199 1798 3254 ﬁeri
1839 3197 2084 3262 volebat,

509 3309 616 3366 qua
643 3294 814 3366 gratia
844 3303 988 3349 tuam
1018 3295 1288 3350 civitatem
1327 3293 1613 3349 demolitus
1638 3291 1758 3347 est?
1786 3290 1918 3344 Nam
1951 3289 2088 3344 alt-e-

509 3402 630 3444 rum
655 3403 688 3442 e
711 3386 918 3442 duobus
945 3386 1017 3441 illi
1045 3386 1345 3442 faciendum
1374 3393 1508 3449 erat,
1539 3386 1583 3440 si
1609 3383 1866 3440 voluisset
1895 3382 1982 3436 illa
2003 3396 2088 3436 re-

509 3493 765 3536 manere:
796 3491 891 3534 aut
917 3494 1022 3534 non
1064 3480 1352 3549 praecipere
1373 3520 1389 3546 ,
1435 3487 1491 3532 ut
1525 3476 1626 3546 ipsi
1656 3489 1760 3530 uno
1804 3483 2004 3528 tantum
2033 3473 2085 3527 in

509 3572 630 3629 loco
652 3573 914 3629 sacriﬁcia
942 3573 1150 3640 ﬁerent,
1177 3589 1298 3629 cum
1324 3586 1420 3628 vos
1443 3587 1539 3641 per
1565 3584 1752 3625 omnes
1777 3567 1956 3622 mundi
1980 3567 2088 3636 pla-

506 3678 603 3735 gas
631 3673 774 3721 esset
807 3664 1146 3736 dispersurus
1173 3683 1187 3718 :
1225 3671 1318 3718 aut
1354 3663 1398 3718 si
1435 3661 1650 3717 volebat
1676 3673 1770 3716 vos
1793 3674 1858 3714 eo
1890 3661 1941 3712 ln
1969 3657 2088 3710 loco

507 3756 813 3813 sacriﬁcare
839 3765 1044 3812 tantum
1065 3798 1080 3819 .
1118 3770 1226 3811 non
1269 3754 1498 3810 debebat
1525 3768 1620 3808 vos
1650 3767 1745 3822 per
1784 3752 2086 3806 universum

508 3850 696 3907 orbem
725 3850 1019 3922 dissipare,
1065 3863 1128 3904 ac
1152 3848 1320 3903 solam
1353 3848 1497 3904 illam
1535 3845 1805 3901 civitatem
1849 3843 2084 3896 inacces-

504 3958 624 4002 sam
651 3943 895 4010 reddere,
925 3943 978 3997 in
1003 3956 1107 4012 qua
1133 3941 1246 3996 sola
1271 3939 1515 3995 victimas
1533 3940 1765 4006 iusserat
1786 3934 2083 3990 immolare.

579 4037 684 4094 Cur
711 4037 849 4092 Deus
876 4036 1130 4104 sacriﬁcia
1165 4034 1362 4089 Iudaeis
1391 4031 1703 4103 prazceperit.
1730 4059 1800 4070 —
1825 4027 1962 4096 Quid
1988 4028 2086 4096 igi-

508 4130 629 4185 tur?
653 4131 734 4184 An
760 4143 941 4184 secum
968 4127 1103 4197 ipse,
1131 4126 1326 4195 inquis,
1360 4133 1558 4194 pugnat
1583 4123 1722 4177 Deus
1741 4161 1756 4187 ,
1785 4120 1874 4190 qui
1901 4134 2008 4174 uno
2034 4119 2086 4172 in

511 4222 632 4278 loco
659 4219 944 4276 sacriﬁcari
985 4219 1238 4289 jusserit,
1280 4225 1336 4272 et
1373 4231 1561 4271 rursus
1585 4214 1654 4269 ab
1682 4213 1786 4269 hoc
1826 4212 1944 4282 ipso
1971 4210 2088 4266 loco

507 4310 791 4368 excludat?
819 4310 1162 4380 Nequaquam
1183 4349 1199 4376 ,
1242 4307 1352 4362 imo
1389 4318 1708 4376 magnopere
1736 4302 1838 4358 sibi
1880 4308 2089 4357 constat

511 4405 651 4458 Deus
674 4417 690 4457 :
715 4417 888 4472 neque
905 4401 1049 4457 enim
1078 4400 1230 4456 initio
1252 4398 1354 4456 sibi
1375 4397 1588 4453 volebat
1602 4394 1780 4451 offerri
1806 4393 2084 4448 sacriﬁcia.

511 4495 590 4550 En
609 4536 625 4560 ,
669 4495 843 4565 ipsum
871 4493 1185 4564 prophetam
1209 4491 1418 4547 adduco
1440 4498 1632 4545 testem
1650 4528 1666 4555 ,
1696 4487 1786 4558 qui
1814 4486 1893 4542 sic
1917 4484 2089 4554 loqui-

511 4597 636 4643 tur:
672 4587 858 4642 Audite
890 4587 1092 4642 oerbum
1131 4584 1372 4652 Domini,
1420 4583 1671 4655 principes
1707 4581 2047 4638 Sodomorum
2069 4620 2085 4646 ,

509 4677 752 4733 attendite
770 4678 868 4748 legi
887 4676 984 4732 Dei
1003 4677 1150 4732 vestri
1170 4677 1387 4748 populus
1412 4673 1707 4729 Gomorrha:
1729 4671 1777 4744 (l
1784 4672 1880 4727 sai.
1903 4669 2086 4741 1.10).

511 4769 624 4826 Νοη
651 4768 720 4826 ad
747 4768 1051 4825 Sodomitas
1072 4777 1129 4823 et
1155 4765 1532 4824 Gomorrhaeos
1552 4765 1713 4822 verba
1742 4763 1943 4820 faciens
1975 4761 2091 4817 haec

511 4862 761 4933 loquitur,
804 4861 900 4918 sed
946 4860 1015 4916 ad
1055 4860 1289 4916 Judzeos.
1335 4859 1426 4916 Sic
1471 4869 1650 4913 autem
1698 4856 1926 4929 appellat
1971 4855 2090 4911 illos

515 4957 685 5021 Deus,
716 4953 860 5024 quod
886 4953 1157 5008 imitantes
1197 4953 1406 5006 illorum
1434 4951 1688 5005 malitiam
1708 4989 1726 5015 ,
1753 4949 1855 5004 sibi
1889 4960 2090 5017 cogna-

513 5047 712 5102 tionem
757 5061 880 5104 cum
909 5045 1014 5100 illis
1056 5044 1390 5100 ascivissent.
1418 5042 1675 5100 Similiter
1711 5049 1764 5096 et
1787 5055 1948 5094 canes
1973 5039 2091 5094 illos

508 5139 740 5209 appellat
773 5137 793 5208 (
812 5137 937 5192 lsai.
968 5138 1059 5194 56.
1089 5136 1205 5207 i0),
1237 5145 1291 5191 et
1322 5150 1490 5205 equos
1514 5134 1822 5189 emissarios
1859 5129 2000 5202 (Jer.
2032 5131 2089 5187 5.

509 5230 588 5301 8),
621 5246 727 5284 non
761 5229 903 5300 quod
932 5229 1142 5284 illorum
1167 5236 1309 5284 esset
1339 5225 1715 5281 transformata
1744 5232 1962 5290 natura,
1994 5221 2089 5277 sed

509 5319 652 5387 quod
681 5320 896 5376 illorum
923 5319 1228 5375 animalium
1265 5317 1706 5372 incontinentiam
1733 5314 2086 5369 imitarentur.

513 5418 630 5478 Quo
673 5413 798 5467 mihi
843 5411 1220 5472 multitudinem
1260 5411 1578 5465 uictimarum
1621 5406 1935 5463 vestrarum?
1969 5406 2091 5460 dicit

514 5507 764 5560 Dominus
791 5503 944 5575 (Isai.
980 5507 1031 5560 Ι.
1055 5506 1166 5576 Η).
1197 5503 1461 5560 Caeterum
1487 5502 1578 5574 qui
1608 5500 1855 5556 Sodomis
1884 5498 2092 5554 habita-

515 5597 662 5663 bant,
704 5612 992 5667 numquam
1021 5597 1122 5654 visi
1146 5605 1272 5652 sunt
1306 5595 1580 5651 immolare
1603 5594 1878 5656 victimas,
1905 5591 1999 5648 sed
2022 5591 2089 5646 ad

514 5690 727 5746 Judtcos
751 5703 931 5752 sermo
972 5689 1065 5744 Dei
1095 5687 1363 5758 dirigitur,
1404 5687 1475 5742 ob
1511 5699 1727 5742 causam
1765 5678 1924 5756 quam
1953 5683 2090 5740 dixi-

517 5798 656 5854 tnus,
683 5781 1032 5841 Sodomorum
1060 5781 1371 5852 cognomina
1399 5780 1502 5837 illis
1523 5779 1779 5837 tribuens.
1815 5778 1926 5849 Quo
1954 5778 2082 5834 milii

1247 335 1305 387 Β.
1344 331 1620 390 JOANNIS
1654 331 2087 388 ριιιιγδοδτυδῑ

2193 334 2476 390 ιΙῖΟΙΙΙΕΩ.
2517 337 3047 395 (ΣΟΝδΤΑΝΤΙΝΟΡ.

3658 341 3758 395 88υ

2197 451 2567 528 multitudinem
2610 454 2924 507 victimarum
2966 455 3278 508 vestrarum?
3323 453 3443 508 dicit
3500 453 3760 510 Dominus.

2194 543 2385 598 Plenus
2417 562 2528 603 sum
2580 546 2995 600 ltolocautomatis
3025 547 3232 599 arietant
3253 589 3266 611 ,
3309 559 3353 599 et
3381 547 3587 615 adipem
3612 564 3764 616 agno-

2191 651 2326 700 rum,
2353 645 2400 688 et
2427 637 2722 706 sanguinein
2750 647 3010 691 taurorum
3033 648 3119 691 aut
3141 639 3391 691 hircorum
3419 654 3540 691 no.0
3562 654 3583 691 :
3614 654 3704 690 nec
3731 640 3768 690 si

2191 727 2398 781 veniatis
2430 729 2481 781 in
2503 740 2816 799 conspectum
2845 747 3031 784 meum.
3065 730 3188 796 Quis
3213 731 3345 784 enim
3372 732 3642 802 eaquisivit
3672 733 3767 782 lira

2190 823 2359 874 omnia
2369 816 2431 870 de
2444 815 2681 870 manibus
2693 817 2870 871 vZ‘Stris
2882 814 2929 887 (I
2936 816 3035 871 sai.
3050 815 3073 869 l
3086 817 3132 871 .l
3147 817 3166 870 l
3181 857 3194 870 .
3206 815 3369 888 seqq.)
3381 813 3772 871 ?Audistiscla-

2191 912 2456 968 rissimam
2484 927 2665 968 vocem
2694 913 2979 978 dicentem,
3008 917 3147 984 quod
3177 914 3324 968 initio
3351 929 3457 967 non
3487 913 3768 982 postularit

2191 1002 2305 1057 lucc
2333 1003 2398 1057 de
2426 1004 2668 1059 manilms
2691 1005 2914 1058 vestris?
2945 1005 3150 1059 Etenim
3176 1005 3219 1058 si
3248 1005 3591 1074 postulasset,
3626 1004 3768 1058 simi-

2193 1096 2313 1150 liter
2338 1106 2393 1150 ct
2418 1097 2621 1166 priscos
2652 1097 2769 1151 illos
2794 1113 3001 1164 omnes,
3031 1099 3120 1167 qui
3153 1109 3274 1152 ante
3311 1096 3406 1152 hos
3433 1098 3730 1151 floruerunt
3752 1141 3766 1162 ,

2192 1189 2339 1259 prius
2367 1187 2432 1241 ad
2480 1187 2578 1242 hoc
2619 1189 2739 1242 vita:
2783 1189 3077 1244 institutum
3110 1189 3391 1259 adegisset.
3430 1193 3547 1256 Quo
3589 1189 3767 1260 igitur,

2194 1281 2390 1348 inquis,
2421 1281 2644 1334 Consilio
2668 1281 2778 1334 lucc
2802 1281 2958 1335 modo
2984 1283 3266 1350 pra-cepit?
3296 1281 3552 1336 Nimirum
3577 1291 3767 1336 vestra:

2194 1385 2395 1424 morem
2437 1385 2630 1440 gerens
2673 1371 2984 1425 inﬁrmitati.
3020 1373 3084 1426 Et
3115 1373 3559 1442 qm-madmodunt
3605 1373 3771 1427 medi-

2192 1475 2308 1526 cus,
2339 1461 2523 1516 videns
2551 1463 2819 1516 hominem
2847 1462 3251 1527 febricitantem,
3278 1479 3573 1526 morosum,
3606 1464 3770 1532 impa-

2193 1549 2434 1613 tientem.
2463 1553 2508 1607 si
2533 1554 2872 1621 concupiscat
2907 1553 3145 1624 frigidum
3175 1553 3388 1620 bibere,
3418 1568 3480 1608 ac
3511 1554 3769 1618 minetur,

2193 1643 2245 1697 ni
2271 1645 2524 1713 accipiat,
2557 1645 2712 1714 plane
2752 1644 2983 1700 futurum
3014 1655 3071 1700 ut
3107 1645 3191 1700 vel
3221 1660 3280 1700 se
3322 1645 3512 1716 laqueo
3539 1661 3767 1714 StISpen-

2193 1733 2303 1802 dat,
2331 1736 2416 1790 vel
2437 1754 2468 1790 e
2492 1736 2702 1790 sublimi
2730 1752 2788 1791 se
2814 1737 3138 1806 prmcipitem
3164 1735 3274 1804 det,
3301 1736 3425 1790 dtttn
3451 1737 3636 1790 studet
3662 1753 3771 1790 uta-

2189 1829 2278 1897 jus
2305 1829 2585 1885 excludere
2616 1830 2810 1884 malum
2831 1871 2846 1893 ,
2879 1831 3136 1900 permittit
3158 1831 3298 1899 quod
3325 1831 3499 1883 minus
3528 1838 3642 1892 est,
3674 1845 3768 1882 cu-

2192 1922 2346 1992 piens
2383 1922 2528 1976 illum
2568 1937 2597 1976 a
2635 1922 2866 1977 violenta
2905 1933 3076 1977 morte
3113 1937 3409 1978 revocare:
3444 1921 3513 1975 ita
3553 1921 3684 1975 fecit
3719 1930 3771 1975 et

2195 2015 2355 2082 Deus,
2387 2015 2635 2084 quoniam
2661 2014 2788 2068 vidit
2813 2015 2933 2068 illos
2961 2014 3306 2078 insanientes,
3337 2013 3542 2079 anxios,
3565 2027 3768 2066 concu-

2194 2106 2456 2176 piscentes
2486 2106 2816 2159 victimarum
2845 2104 3167 2160 oblationem
3192 2146 3205 2169 ,
3230 2107 3461 2174 jamque.
3495 2107 3596 2159 nisi
3628 2108 3768 2159 acci-

2194 2206 2380 2268 perent
2403 2196 2542 2267 quod
2572 2196 2974 2262 desiderabant,
3014 2206 3226 2266 paratos
3253 2206 3309 2250 ut
3331 2196 3394 2251 ad
3426 2195 3566 2252 idola
3596 2196 3767 2251 delle-

2193 2298 2419 2356 cterent,
2452 2291 2561 2345 imo
2585 2307 2688 2346 non
2716 2291 2887 2346 solum
2915 2299 3145 2361 paratos,
3175 2297 3355 2344 verum
3381 2291 3539 2346 etiam
3569 2308 3638 2345 eo
3658 2291 3767 2361 jam

2194 2382 2467 2452 prolapsos
2489 2401 2502 2434 :
2531 2382 2768 2452 permisit
2787 2381 3202 2436 immolationem
3223 2381 3574 2436 victimarum.
3593 2383 3768 2452 Atque

2193 2481 2252 2527 ut
2277 2474 2450 2540 scias,
2497 2473 2634 2528 hanc
2673 2472 2837 2527 fuisse
2866 2488 3116 2538 causam,
3157 2472 3240 2528 vel
3281 2488 3344 2528 ex
3383 2473 3498 2542 ipso
3529 2483 3770 2543 tempore

2192 2563 2491 2619 declaretur
2519 2565 2568 2618 id
2599 2563 2741 2635 quod
2770 2564 2909 2620 dico.
2937 2565 3204 2634 Siquidem
3235 2575 3352 2634 post
3378 2564 3591 2630 festum,
3621 2565 3765 2634 quod

2194 2655 2369 2726 impiis
2394 2655 2723 2710 dmmonibus
2747 2655 3116 2721 celebrarunt,
3148 2666 3257 2710 tum
3287 2655 3497 2710 demum
3529 2657 3769 2726 permisit

2196 2746 2298 2801 illis
2327 2747 2715 2802 immolationes
2746 2747 3028 2817 pecudum,
3061 2757 3264 2802 tantum
3297 2765 3398 2802 non
3427 2748 3608 2804 dicens
3634 2767 3648 2802 :
3683 2751 3765 2804 in~

2192 2837 2412 2906 sanitis,
2442 2847 2496 2893 et
2521 2839 2678 2893 vultis
2705 2839 2982 2894 immolare
3009 2840 3272 2904 victimas,
3307 2840 3465 2910 igitur
3501 2840 3633 2894 mihi
3666 2856 3765 2910 po-

2192 2929 2296 2984 tius
2324 2931 2630 2986 immoletis.
2659 2931 2988 3000 Quamquam
3018 2947 3086 2987 ne
3121 2931 3222 2986 hoc
3249 2931 3461 3001 quidem
3491 2932 3731 3000 permisit
3749 2973 3764 2995 .

2192 3031 2250 3078 ut
2275 3034 2533 3094 perpetuo
2559 3025 2766 3090 liceret,
2797 3024 2890 3080 sed
2918 3025 3331 3094 prudentissimo
3352 3025 3594 3088 consilio,
3623 3025 3766 3095 quod

2195 3118 2548 3187 permiserat,
2580 3132 2766 3170 rursus
2801 3116 3013 3186 eripuit.
3047 3116 3113 3170 Et
3140 3116 3278 3171 sicut
3313 3115 3358 3169 si
3393 3115 3632 3170 medicus
3657 3116 3765 3182 ille,

2192 3209 2325 3265 nihil
2367 3209 2509 3265 enim
2543 3219 2687 3264 vetat
2715 3210 2902 3265 eodem
2941 3211 3189 3279 exemplo
3233 3209 3407 3263 denuo
3448 3207 3554 3269 uti.
3584 3218 3766 3278 postea

2192 3316 2348 3372 quam
2373 3300 2590 3356 indulsit
2616 3300 2870 3370 appetitui
2896 3300 3184 3355 laborantis
3203 3340 3217 3362 ,
3250 3315 3372 3353 mox
3399 3298 3578 3366 phiala
3604 3315 3636 3353 e
3660 3300 3770 3352 suis

2193 3393 2394 3448 atdibus
2419 3393 2578 3448 allata
2602 3391 2924 3462 prrescribat,
2952 3403 3009 3445 ut
3028 3408 3090 3445 ex
3116 3391 3212 3444 hac
3233 3391 3342 3445 sola
3368 3389 3508 3444 bibat
3533 3406 3728 3460 aquam
3752 3407 3766 3444 :

2191 3483 2384 3540 deinde
2423 3499 2678 3554 persuaso
2715 3495 2944 3554 aegroto,
2996 3483 3132 3538 ciant
3181 3483 3246 3539 iis
3289 3483 3379 3554 qui
3427 3482 3766 3547 ministrant,

2193 3577 2462 3646 praecipiat
2503 3575 2835 3646 confringere
2881 3576 3113 3646 phialam
3153 3577 3324 3644 illaut,
3369 3585 3427 3629 ut
3473 3591 3598 3630 cum
3628 3575 3767 3630 clam

2193 3667 2430 3738 nihilque
2453 3669 2810 3738 suspicantem
2832 3677 3016 3722 avocet
3031 3667 3100 3722 ab
3125 3667 3214 3722 illa
3236 3665 3522 3738 cupiditate
3547 3665 3769 3722 bibendi

2193 3758 2477 3829 frigidam:
2511 3758 2691 3814 itidem
2732 3756 2853 3814 fecit
2898 3757 3042 3813 Deus
3087 3757 3441 3828 permittendo
3481 3757 3766 3812 sacrificia.

2192 3849 2375 3920 Neque
2397 3849 2538 3904 enim
2571 3849 2622 3903 in
2652 3850 2761 3904 ullo
2779 3849 2925 3904 orbis
2953 3849 3071 3904 loco
3101 3849 3338 3918 permisit
3365 3847 3415 3902 id
3447 3845 3560 3902 fieri
3588 3847 3693 3902 nisi
3716 3847 3768 3900 in

2192 3942 2311 3996 unis
2356 3941 2720 4013 Jerosolymis.
2764 3940 2886 3996 Mox
2909 3940 2997 3995 ubi
3023 3955 3118 4010 per
3141 3938 3307 3994 breve
3333 3949 3538 4008 tempus
3564 3936 3770 3992 sacriﬁ-

2194 4042 2441 4100 cassent,
2488 4031 2650 4087 diruit
2685 4031 2995 4086 civitatem:
3039 4041 3099 4085 ut
3135 4031 3274 4085 sicut
3317 4029 3552 4084 medicus
3596 4027 3768 4082 fracto

2193 4140 2319 4179 vase
2337 4166 2352 4191 ,
2396 4125 2468 4179 ita
2500 4125 2639 4180 Deus
2668 4125 2919 4180 subversa
2947 4123 3160 4179 civitate
3185 4123 3268 4177 vel
3303 4123 3494 4176 invitos
3521 4121 3644 4176 illos
3670 4121 3769 4175 abr

2191 4217 2407 4272 duceret
2425 4232 2455 4271 a
2477 4217 2723 4272 victimis.
2758 4216 2965 4271 Etenim
2992 4215 3035 4268 si
3055 4214 3200 4271 clare
3221 4213 3495 4284 palamque
3518 4213 3764 4278 dixisset,

2191 4307 2453 4376 desistite,
2485 4325 2588 4364 non
2604 4307 2756 4363 facile
2769 4308 2835 4362 ab
2857 4307 3160 4362 immolandi
3186 4307 3386 4361 insania
3411 4305 3765 4360 destitissent.

2190 4398 2341 4454 Nunc
2367 4410 2543 4459 autem
2571 4400 2672 4455 loci
2697 4399 2925 4469 adempti
2949 4399 3282 4464 necessitate,
3310 4397 3608 4453 clanculum
3647 4397 3768 4451 illos

2191 4489 2410 4545 abduxit
2449 4490 2516 4544 ab
2564 4489 2887 4544 oblationum
2933 4488 3156 4543 insania.
3201 4488 3285 4542 Sit
3325 4487 3484 4558 igitur
3527 4487 3766 4541 medicus

2192 4583 2408 4653 quidem
2447 4584 2562 4652 ipse
2599 4583 2772 4650 Deus,
2814 4581 2985 4652 phiala
3023 4595 3152 4636 vero
3187 4579 3407 4642 civitas;
3439 4580 3510 4633 sit
3535 4589 3766 4648 :cgrotus

2195 4674 2285 4730 ille
2310 4689 2552 4730 morosus
2574 4673 2878 4729 Judteorum
2908 4672 3171 4743 populus:
3198 4671 3425 4740 denique
3454 4668 3644 4740 frigida
3675 4686 3765 4740 po-

2194 4766 2268 4818 tio
2293 4768 2361 4818 sit
2393 4766 2722 4820 victimarum
2756 4763 3031 4833 permissio
3069 4764 3466 4832 conccssioque.
3496 4761 3766 4830 Quemad-

2197 4857 2413 4912 modum
2443 4859 2602 4928 igitur
2620 4859 2856 4915 medicus
2866 4857 3031 4912 fracto
3043 4873 3168 4911 vase
3187 4866 3438 4927 mgrotum
3457 4855 3677 4912 cohibet
3704 4855 3769 4909 ab

2198 4949 2572 5019 intempestivo
2591 4949 2760 5021 frigidi
2778 4961 2932 5020 potus
2947 4950 3202 5020 appetitu,
3227 4949 3304 5004 sic
3319 4961 3371 5003 et
3394 4950 3556 5016 Deus,
3580 4965 3772 5006 eversa

2193 5043 2405 5099 civitate
2420 5046 2550 5114 ipsa,
2568 5044 2808 5114 adeoque
2828 5044 3061 5099 funditus
3077 5043 3274 5109 diruta,
3288 5053 3342 5098 ut
3363 5043 3614 5098 omnibus
3634 5042 3767 5096 facta

2194 5135 2264 5188 sit
2288 5135 2578 5202 inaccessa,
2605 5135 2815 5191 Judzeos
2835 5151 2865 5188 a
2891 5135 3163 5190 sacriﬁciis
3183 5133 3418 5188 abduxit.
3448 5133 3581 5188 Nam
3603 5134 3648 5188 si
3671 5131 3770 5188 hoc

2195 5242 2301 5282 non
2347 5229 2568 5298 agebat,
2611 5243 2708 5282 cur
2748 5227 3057 5298 religionem
3098 5226 3239 5281 illam
3286 5226 3338 5280 in
3384 5241 3548 5280 unum
3595 5227 3772 5281 locum

2196 5317 2489 5377 conclusit.
2521 5319 2610 5387 qui
2639 5333 2899 5387 nusquam
2931 5333 3036 5371 non
3063 5326 3144 5371 est
3174 5329 3437 5385 presens,
3469 5315 3562 5384 qui
3589 5315 3773 5384 implet

2197 5409 2478 5465 universa?
2507 5409 2612 5464 Cur
2636 5409 2796 5479 igitur
2819 5409 3017 5464 cultum
3047 5407 3255 5477 redegit
3288 5406 3354 5462 ad
3383 5406 3660 5472 victimas,
3691 5409 3770 5459 vi-

2193 5503 2385 5558 ctimas
2408 5501 2476 5556 ad
2501 5511 2704 5558 certum
2746 5501 2921 5557 locum
2942 5544 2957 5568 ,
2989 5502 3163 5557 locum
3189 5500 3256 5556 ad
3286 5509 3499 5569 tempus
3516 5539 3532 5563 ,
3561 5507 3772 5566 tempus

2195 5592 2262 5647 ad
2293 5608 2450 5648 unam
2480 5593 2747 5649 civitatem
2788 5593 3087 5656 contraxit,
3117 5605 3181 5646 ac
3208 5605 3394 5646 rursus
3422 5589 3560 5644 hanc
3601 5589 3770 5659 ipsam

2195 5684 2462 5739 civitatem
2498 5684 2796 5740 subvertit?
2822 5683 2974 5740 Adde
2998 5682 3141 5754 quod
3179 5683 3372 5738 mirum
3403 5691 3488 5737 est
3511 5689 3567 5736 et
3596 5680 3769 5734 incre-

2199 5777 2360 5837 dibile
2379 5818 2394 5845 ,
2439 5785 2581 5835 totus
2611 5787 2871 5836 terrarum
2914 5777 3060 5835 orbis
3087 5774 3395 5834 conceditur
3423 5773 3657 5837 .ludzcis.
3683 5771 3772 5828 ubi
