3920 6242
158 337 268 388 879

157 625 401 693 μειῶσαί
432 644 484 678 τι
512 627 610 696 τῆς
636 629 692 679 ἐν
713 629 779 698 τῇ
807 627 951 698 ψυχῇ
985 629 1320 697 φιλοσοφίας⁴
1351 623 1510 682 Οὗτοι
1530 627 1660 695 γοῦν
1688 627 1736 679 οἰ

154 711 224 776 τῇ
261 709 558 778 φιλοσοφίᾳ
578 708 685 762 τῶν
714 711 960 777 ἀγγέλων
991 713 1389 784 ἐπιδειξάμενοι
1412 709 1737 780 ἐφαμίλλους

155 792 443 856 πολιτείας
470 795 562 845 ἐ.πί⁵
578 795 699 863 γῆς,
733 794 886 848 οὐδὲν
913 796 1114 849 τούτων
1147 796 1538 858 ἐπιτελοῦντες,
1569 795 1628 846 οὐ
1655 794 1717 846 θυ

158 876 289 928 σίαν
323 877 747 941 καταϐαλόντες,
773 880 870 948 οὺχ
904 880 1095 950 ἑορτὴν
1126 882 1466 951 τηρήσαντες
1490 918 1504 940 ,
1545 878 1606 929 οὐ
1653 894 1739 946 νη-

160 959 356 1013 στείαν
376 959 632 1032 τοιαύτην
648 962 1064 1032 ἐπιδειξάμενοι.
1084 965 1252 1027 οὕτως
1271 965 1472 1034 ἤρεσαν
1502 961 1579 1031 τῷ
1597 959 1736 1030 Θεῷ,

157 1044 240 1107 ὡς
275 1046 371 1098 κδ’(
402 1045 572 1115 αὐτῆς
608 1047 990 1116 περιγενέσθαι
1025 1049 1122 1118 τῆς
1150 1047 1384 1116 φύσεως,
1415 1047 1508 1100 καὶ
1537 1046 1631 1116 τὴν
1663 1046 1739 1098 οἰ-

157 1128 442 1197 κουμένην
474 1128 690 1181 ἃπασαν
718 1129 805 1182 διὰ
833 1130 940 1182 τῶν
971 1132 1050 1192 εἰς
1078 1133 1274 1194 αὐτοὺς
1313 1129 1634 1199 συμϐάντων
1659 1129 1738 1190 εἰς

159 1211 502 1278 θεογνωσίαν
529 1214 956 1268 ἐπισπάσασθαι.
995 1215 1058 1266 Τί
1089 1215 1198 1285 γὰρ
1251 1215 1316 1268 ἂν
1365 1215 1478 1267 ῖσον
1529 1213 1738 1281 γένοιτο

156 1295 259 1348 τοῦ
295 1297 498 1366 Δανιήλ
524 1314 538 1360 ;
573 1298 626 1350 τί
649 1298 706 1350 δέ
734 1299 840 1352 τῶν
869 1299 1037 1370 τριῶν
1067 1300 1292 1359 παίδων,
1319 1298 1368 1351 οἳ
1396 1298 1456 1350 τὸ
1487 1298 1738 1368 μέγιστον

158 1380 221 1430 ὲν
272 1382 389 1442 τοῖς
417 1380 772 1448 Εὐαγγελίοις
811 1383 1202 1453 παράγγελμα.
1260 1381 1488 1435 καὶτῶν
1521 1380 1738 1447 ἀγαθῶν

158 1461 428 1514 ἀπάντων
459 1463 751 1528 κεφάλαιον
780 1465 1162 1534 προλαϐόντες,
1198 1466 1298 1535 ήδη
1329 1465 1416 1517 διὰ
1438 1465 1545 1516 τῶν
1567 1463 1740 1532 ἐργων

158 1545 552 1611 ἐπεδείξαντος
592 1546 840 1608 Μείζονα
867 1549 972 1618 γὰρ
1003 1550 1242 1615 ταύτης,
1272 1549 1455 1616 φησὶν,
1504 1544 1742 1616 ἀγάπην

159 1630 376 1698 οὐδεὶς
403 1631 549 1700 ἔχει,
573 1633 674 1685 ἵνα
702 1650 791 1698 τις
826 1633 939 1700 τὴν
971 1633 1184 1702 ψυχὴν
1219 1632 1404 1687 αὐτοῦ
1442 1631 1596 1698 ὑπὲρ
1622 1627 1742 1680 τῶν

160 1713 368 1780 φίλων
393 1715 580 1768 αὐτοῦ
608 1714 768 1783 θήσῃ
799 1715 849 1768 δ.
895 1715 1120 1769 Ἐκεῖνοι
1145 1717 1198 1769 δέ
1227 1716 1326 1786 τὴν
1353 1713 1530 1784 ψυχὴν
1562 1711 1741 1766 αὑτῶν

158 1797 376 1868 ἔθηκαν
406 1799 542 1869 ὑπὲρ
592 1797 684 1850 τοῦ
727 1799 882 1852 Θεοῦ.
925 1801 1034 1852 Καὶ
1079 1801 1140 1852 ού
1183 1799 1270 1853 διὰ
1311 1796 1470 1850 τοῦτο
1521 1797 1677 1868 μόνον
1715 1805 1736 1833 α

159 1881 494 1951 θαυμαστοὶ,
520 1883 634 1936 ἀλλ’
658 1885 738 1936 ὅτι
767 1884 887 1937 οὐδὲ
909 1886 999 1938 ἐπὶ
1031 1884 1207 1956 μισθῷ
1231 1901 1336 1938 τινι
1358 1884 1516 1936 τοῦτο
1544 1883 1743 1952 ἐπρατ-

156 1983 278 2040 τον.
318 1969 417 2018 Διά
439 1967 596 2019 τοῦτο
621 1967 824 2034 ἔλεγον.
849 1969 930 2021 ὅτι
956 1971 1128 2023 Ἔστι
1158 1971 1300 2034 Θεὸς
1325 1969 1394 2022 ὲν
1411 1966 1488 2034 τῷ
1511 1964 1743 2034 οὐρανῷ

157 2048 430 2114 δυνατὸς
479 2051 795 2113 ἐξελέσθαι
829 2051 1013 2121 ἡμᾶς·
1067 2053 1164 2105 καὶ
1193 2051 1303 2106 ἐὰν
1325 2055 1433 2121 μὴ,
1473 2049 1744 2120 γνωστὸν

155 2131 328 2186 ἔστω
350 2148 468 2195 σοι,
486 2133 772 2196 βασιλεῦ,
803 2134 892 2188 ὅτι
923 2134 1042 2199 τοῖς
1056 2135 1210 2201 θεοῖς
1225 2150 1341 2190 σου
1369 2136 1440 2188 οὺ
1460 2134 1743 2201 λατρεύο-

153 2234 298 2286 per.
345 2217 600 2287 Ἀρκετὸν
629 2218 655 2256 ιι
684 2221 813 2288 ἡμῖν
840 2221 987 2273 ἐστιν
1019 2220 1048 2272 6
1081 2220 1286 2290 μισθὸς,
1325 2219 1507 2290 φησὶν,
1542 2218 1624 2270 ὃτι
1655 2215 1743 2269 διά

157 2301 259 2354 τὸν
286 2300 424 2354 Θεὸν
456 2302 893 2374 ἀποθνήσκομεν.
922 2303 1031 2357 Kal.
1057 2303 1231 2359 ταῦτα
1258 2293 1496 2364 ἐποίουν,
1535 2303 1628 2356 ml.
1657 2319 1742 2354 το-

161 2384 378 2456 σαύτην
403 2386 605 2457 ἀρετὴν
625 2388 1016 2450 ἐπεδείκνυντο,
1051 2389 1200 2441 οὐδὲν
1233 2387 1340 2443 τῶν
1375 2386 1742 2458 νομιζομένων

159 2469 638 2540 παρατηροῦντες.

239 2629 317 2686 ς’.
338 2621 605 2686 Καὶτίνος
623 2621 828 2684 ἕνεκεν,
849 2622 1001 2692 φησὶ,
1025 2621 1196 2674 ταῦτα
1209 2619 1466 2686 ἐπέταξεν
1481 2621 1509 2672 6
1529 2619 1741 2683 Θεὸς,εἰ

165 2706 246 2776 μὴ
267 2706 521 2759 ἐϐούλετο
535 2707 778 2776 γίνεσθαι
798 2723 812 2773 ;
843 2707 950 2760 Kal.
972 2708 1019 2759 εἰ
1046 2705 1294 2759 ἐϐούλετο
1312 2703 1578 2772 γίνεσθαι,
1602 2702 1742 2766 τίνος

159 2785 261 2842 οῦν
287 2789 476 2842 ἕνεκεν
491 2789 586 2860 τὴν
609 2791 762 2842 πόλιν
785 2808 879 2843 σου
905 2790 1168 2844 κατέλυσε
1188 2791 1368 2855 ςΔυοῖν
1393 2789 1502 2859 γὰρ
1518 2787 1741 2857 θάτερον

161 2873 339 2944 ἐχρῆν
369 2877 544 2926 ποιεῖν
591 2875 773 2936 αὐτὸν,
817 2875 1134 2946 βουλόμενον
1168 2875 1306 2929 αύτά
1355 2871 1617 2944 μένειν,ἣ
1667 2873 1741 2943 μὴ

160 2957 428 3011 κελεῦσαι
459 2960 516 3010 ἐν
548 2958 626 3010 ἐνὶ
643 2959 789 3029 τόπῳ
814 2958 979 3018 θύειν,
1001 2958 1272 3028 πανταχοῦ
1303 2958 1398 3027 τῆς
1423 2957 1743 3026 οἰκουμένης

167 3042 441 3111 μέλλοντα
469 3043 804 3113 διασπείρειν
835 3045 996 3114 ὑμᾶς,
1026 3043 1058 3114 ἦ
1086 3042 1404 3113 βουλόμενον
1449 3042 1592 3112 ὑμᾶς
1629 3042 1745 3092 ἐκ-ῖ

163 3127 323 3180 θύειν
353 3127 533 3197 μόνον,
577 3126 727 3198 [6241
766 3126 840 3198 μὴ
867 3125 1140 3195 πανταχοῦ
1163 3126 1262 3194 τῆς
1283 3125 1604 3195 οἰκουμένης
1632 3125 1745 3176 δια-

165 3214 396 3283 σπεῖραι
430 3213 522 3265 καί
552 3211 717 3281 μόνην
748 3210 960 3281 ἐκείνην
991 3210 1090 3282 τὴν
1121 3209 1272 3263 πόλιν
1297 3209 1520 3278 ποιῆσαι
1548 3210 1744 3262 ἄϐατον

164 3289 285 3368 ἐνῇ
322 3295 459 3368 μόνῃ
479 3294 578 3366 τὴν
605 3294 794 3348 θυσίαν
826 3292 1191 3365 ἀναφέρεσθαι
1219 3293 1404 3364 ἐχρῆν.

242 3432 449 3502 Τίοῦν;
479 3437 653 3508 ἐαυτῷ
672 3439 921 3508 μάχεται,
947 3439 1098 3509 φησὶ,
1126 3439 1282 3492 θῦσαι
1309 3439 1406 3510 μὲν
1428 3441 1484 3492 ἐν
1503 3440 1581 3492 ἑνὶ
1596 3440 1744 3509 τόπῳ

164 3523 459 3586 κελεύσας,
485 3523 643 3576 αὐτὸν
675 3522 730 3576 δὲ
762 3523 920 3576 πάλιν
946 3525 1272 3586 ἀποκλείσας
1295 3524 1574 3578 τὸν“τόπον
1600 3527 1743 3577 ἐκεῖ-

164 3624 297 3664 νον;
323 3607 460 3658 Οὐδα
472 3606 605 3676 μῶς,
621 3606 756 3657 ἀλλά
773 3607 863 3658 ml.
891 3606 1090 3677 σφόδρα
1109 3607 1283 3677 ἐαυτῷ
1310 3611 1602 3678 συμφωνεῖ·
1628 3608 1746 3660 οὐδὲ

165 3691 284 3760 γάρ
300 3689 446 3758 παρά
470 3693 565 3759 τὴν
577 3689 748 3758 ἀρχὴν
768 3691 894 3758 ὑμῖν
911 3689 1089 3742 δοῦναι
1105 3690 1201 3751 τάς
1220 3690 1407 3750 θυσίας
1429 3691 1682 3760 ἠϐούλετο
1698 3703 1741 3728 ο·

167 3777 271 3831 καὶ
306 3775 494 3827 τούτου
537 3774 696 3826 αὑτὸν
743 3773 832 3826 τὸν
867 3775 1147 3844 προφήτην
1196 3775 1428 3843 παράγω
1474 3776 1744 3846 μάρτυρα,

168 3862 403 3927 λέγοντα
436 3856 606 3920 οὕτως
627 3875 640 3887 ·
681 3858 992 3911 Ἀκούσατε
1023 3858 1208 3927 λόγον
1241 3860 1491 3924 Κυρίου,
1531 3859 1747 3929 ἄρχον-

169 3960 276 4008 τες
297 3941 574 4010 Σοδόμων
593 3957 606 3970 ·
637 3941 963 4009 προσέχετε
988 3941 1176 4009 νόμον
1209 3942 1354 3995 Θεοῦ
1381 3941 1566 4010 ὑμῶν,
1599 3943 1748 4007 λαὸς

171 4027 517 4095 Γομόρῤιις·
541 4025 601 4077 οὐ
632 4024 764 4095 πρὸς
793 4025 1080 4094 Σοδομίτας
1111 4023 1204 4076 καὶ
1227 4026 1350 4088 τοὺς
1380 4028 1437 4078 ἐν
1455 4027 1748 4098 Γομόρροις

171 4108 465 4171 οἰκοῦντας
493 4106 889 4178 διαλεγόμενος,
912 4107 1046 4160 ἀλλά
1073 4107 1210 4180 πρὸς
1253 4108 1553 4171 Ἰουδαίους.
1583 4109 1750 4161 Καλεῖ

172 4193 234 4246 δέ
267 4192 464 4254 αὐτοὺς
493 4191 683 4254 οὕτως,
711 4190 898 4262 ἐπειδὴ
936 4194 1000 4262 τῇ
1036 4192 1134 4262 τῆς
1175 4191 1370 4255 κακίας
1400 4193 1625 4264 μιμήσει
1651 4196 1749 4262 τήν

176 4276 318 4346 πρὸς
356 4274 596 4338 ἐκείνους
627 4276 1004 4328 ἐπεσπάσαντο
1033 4278 1369 4345 συγγένειαν.
1417 4275 1570 4328 Οῦτω
1621 4276 1749 4344 γοῦν

177 4359 278 4414 καὶ
305 4359 473 4421 κύνας
505 4358 675 4421 καλεῖ,
711 4360 801 4410 καὶ
828 4360 1024 4421 ἵππους
1057 4359 1400 4432 θηλυμανείς,
1433 4363 1530 4415 οὐκ
1565 4363 1749 4434 ἐπειδὴ

175 4444 320 4515 1:96.;
344 4443 444 4514 τὴν
495 4442 656 4512 φύσιν
714 4442 935 4495 ἐκείνων
989 4445 1293 4514 μετέπεσαν
1337 4447 1379 4511 τ,
1420 4447 1531 4499 ἀλλ’
1569 4447 1751 4518 ἐπειδὴ

177 4528 282 4597 τὴν
307 4526 415 4578 τῶν
435 4525 588 4590 ζώων
612 4525 812 4577 τούτων
839 4525 1090 4595 λαγνείαν
1120 4529 1358 4582 ἐδίωκον.
1386 4531 1444 4583 Τί
1472 4549 1572 4598 μοι
1599 4529 1754 4597 πλῆ-

179 4615 289 4678 θος
316 4611 434 4664 τῶν
460 4609 688 4664 θυσιῶν
722 4609 918 4678 ὑμῶνς
951 4601 1110 4681 λέγει
1144 4614 1375 4680 Κύριος.
1405 4615 1467 4666 Οἱ
1497 4615 1552 4666 δὲ
1585 4617 1641 4666 ἐν
1668 4615 1755 4666 Σο-

177 4695 368 4764 δόμοις
412 4693 665 4746 οὐδέποτε
721 4695 1065 4763 ἀνεφάνησαν
1114 4696 1474 4767 ἀναφέροντες
1530 4696 1752 4759 θυσίας’

179 4776 324 4831 ἀλλά
354 4777 489 4848 πρὸς
513 4776 733 4839 τούτους
761 4779 789 4829 ὁ
813 4777 969 4845 λόγος
996 4779 1336 4833 ἀποτείνεται
1362 4779 1540 4832 καλῶν
1562 4781 1757 4843 αὐτοὺς

178 4861 294 4916 ἀπὸ
318 4861 414 4930 τῆς
445 4861 668 4914 ἐκείνων
696 4862 1029 4930 ἐπωνυμίας,
1056 4862 1142 4914 διά
1158 4862 1254 4933 τὴν
1279 4863 1458 4916 αἰτίαν
1486 4864 1552 4935 ἢν
1583 4859 1752 4917 εἷπον·

185 4946 252 4999 Τί
274 4963 376 5012 μοι
395 4943 627 5010 πλῆθος
669 4944 785 4996 τῶν
811 4943 1038 4997 θυσιῶν
1081 4946 1280 5014 nimim;
1317 4945 1478 5016 λέγει
1521 4950 1755 5017 Κύριος.

180 5029 436 5098 Πλήρης
455 5031 569 5098 είμί
608 5026 1116 5097 ὁλοκαυτωμάτων
1146 5028 1324 5094 κριῶν
1363 5039 1388 5078 8
1409 5047 1424 5062 ο
1452 5031 1550 5085 καὶ
1576 5031 1759 5102 στέαρ

252 5183 280 5212 ⁸
303 5179 498 5231 Edilum
519 5181 680 5231 fuerat
703 5182 939 5230 ἐδύναντο.
965 5179 1098 5229 Ευιτ.

247 5244 280 5284 1'-
301 5244 398 5293 Alii
421 5245 496 5293 θῆ.

346 5245 398 5292 lii
421 5245 496 5292 θῆ.

252 5245 280 5284 b
369 5247 395 5256 ..

252 5309 278 5369 ἐ
301 5245 747 5369 ἒίιέιτθὲξετίρείιηυς
770 5318 797 5353 e
820 5302 1020 5369 Savilio.
1048 5303 1328 5367 Lngebalur
1353 5305 1494 5355 τοῦτο
1521 5308 1619 5369 μέν.
1650 5309 1738 5358 En.

252 5367 280 5406 d
306 5366 405 5416 Alii
429 5366 604 5430 ἀρκῶν.
635 5366 687 5414 In
711 5366 1035 5430 sequentibys
1058 5381 1226 5429 magna
1274 5369 1490 5417 codicqu
1523 5366 1758 5430 'varielas;

182 5436 382 5482 {ellum
407 5427 661 5477 refecimus
683 5441 712 5475 e
735 5429 930 5476 Savilio.
956 5427 1089 5476 Enn.

250 5493 270 5514 ⁸
299 5493 405 5540 Duo
427 5492 565 5540 codd.
581 5491 739 5545 θυσίας
761 5491 1168 5546 ἐϐούλετο,καίὃτι
1190 5493 1277 5541 οὐκ
1299 5492 1533 5542 ἐϐούλετο.
1592 5490 1759 5543 Montf.

183 5553 441 5617 ἠϐούλετο.
475 5553 624 5617 Λύτὸν
645 5554 725 5599 τὸν
737 5568 826 5617 1:9.
849 5552 1089 5617 Savilianfi
1111 5557 1460 5617 expressimus.
1483 5556 1618 5604 Enn.

262 5613 279 5652 ί
307 5613 404 5663 Alii
436 5615 709 5678 μετέπεσον.
737 5613 1023 5678 Ριιιιίο-ροει
1046 5613 1194 5664 Savil'.
1221 5622 1272 5665 el
1293 5616 1478 5678 aliquot
1501 5632 1614 5665 mss.
1639 5620 1761 5665 scri-

189 5685 390 5739 pluram
413 5673 707 5739 récepimus.
739 5673 820 5722 ubi
867 5673 1032 5739 MOpll‘.
1057 5689 1118 5724 ex
1169 5673 1390 5734 Morello;
1436 5681 1611 5735 θυσίας·
1642 5682 1760 5728 ἀλλά

189 5735 273 5787 νῦν
295 5737 476 5799 ὁγλόγος
497 5735 788 5784 ἀποτείνεται
806 5738 920 5799 πρὸς
947 5735 1196 5795 Ἰουδαίους
1218 5741 1312 5789 ἀπὸ
1331 5747 1413 5797 τοῖς
1435 5742 1505 5790 ἐκ.
1535 5741 1660 5792 Enn".

256 5801 284 5840 Ι
319 5798 538 5860 Quatuor
562 5812 662 5848 mss
698 5798 1008 5862 ὁλοκαῦτωμα
1027 5800 1187 5859 κριῶν.

1377 339 1740 397 Αῡγιεᾳιιειῑδ
1774 337 2080 400 ιυυλῑος.
2126 345 2210 402 ιν.

156 457 371 525 ἀρετήν
416 473 469 509 τι
505 457 645 527 μέγα
677 459 948 512 συντελεῖν
976 460 1197 514 ἐδύνατο
1235 473 1284 524 α,
1309 463 1431 515 οὔτε
1471 459 1731 528 καταλιμ-
1778 519 1784 532 .

152 542 449 610 πανόμενα
488 540 689 610 φαῦλον
729 545 948 612 ποιῆσαι
999 545 1091 596 τὸν
1141 545 1431 598 σπουδαῖον
1468 547 1618 614 ῐσχυε
1649 581 1664 601 ,
1697 542 1731 611 ἢ
1781 553 1797 587 ἰ

3311 347 3413 402 880

1838 460 2036 527 ἀρνῶν
2063 464 2161 515 καὶ
2190 458 2332 529 αἷμα
2368 466 2598 530 ταύρων
2616 466 2714 518 καὶ
2746 464 2973 533 τράγων
2999 464 3070 517 οὐ
3085 462 3408 532 βούλομαι·

1837 544 1978 597 οὐδὲ
1999 547 2108 598 ἐὰν
2123 547 2384 614 ἐρχησθρ
2413 548 2671 616 ὀφθῆναί
2692 567 2812 618 μοι.
2845 549 2938 614 Τίς
2966 545 3409 616 τὰρὲξεζήτησε

1838 627 2022 681 ταῦτα
2057 629 2251 682 πάντα
2376 630 2491 684 τῶν
2529 631 2739 700 χειρῶν
2767 631 2968 700 ὑμῶν;
2999 632 3272 693 Ἤκουσας
3311 647 3408 682 σα-

1839 712 2108 782 φεστάτης
2142 717 2323 783 φωνῆς
2360 714 2655 783 λεγούσης,
2701 717 2780 768 ὅτι
2813 716 2912 768 οῦκ
2945 713 3185 785 ἐξεζήτει
3235 712 3412 767 ταῦτα

1840 795 1964 864 παρ’
2001 795 2153 864 ὑμῶν
2177 799 2325 868 παρὰ
2354 797 2452 866 τὴν
2486 800 2658 869 ἀρχήν
2682 799 2776 863 ;Εἰ
2802 798 2910 868 γάρ
2931 797 3102 851 ταῦτα
3129 796 3408 865 ἐπεζήτει,

1839 877 1931 928 καὶ
1960 879 2085 940 τοὺς
2119 879 2378 942 παλαιοὺς
2413 883 2617 944 πάντας
2666 882 2792 943 τοὺς
2833 877 2936 950 πρὸ
2957 879 3134 932 αὐτῶν
3165 877 3409 948 λάμψαν-

1838 977 1935 1022 τας
1957 962 1983 1000 h
2012 961 2259 1032 πρώτους
2282 963 2346 1016 ἂν
2377 966 2455 1026 είς
2477 963 2680 1034 ταύτην
2705 965 2964 1034 εἰσήγαγε
2995 963 3092 1033 τὴν
3115 960 3404 1014 πολιτείανο

1842 1043 1964 1106 Πῶς
1993 1039 2086 1097 οῦν
2116 1045 2257 1115 ἀρτι.
2293 1048 2477 1116 φησιν,
2506 1047 2800 1118 ἐπέτρεψες
2825 1048 2902 1116 Τῇ
2925 1045 3175 1115 ἀσθενείᾳ
3199 1047 3264 1114 τῇ
3283 1044 3410 1118 ὑμε-

1838 1125 1972 1196 τέρα
2003 1128 2472 1193 συγκαταϐαίνων.
2527 1117 2648 1182 Καί
2677 1130 2925 1198 καθάπερ
2967 1127 3178 1198 ἰατρὸς,
3207 1117 3410 1195 πυρέτ-

1838 1224 1998 1261 τοντα
2032 1209 2174 1280 ὀρῶν
2207 1211 2511 1282 ἄνθρωπον,
2543 1212 2866 1284 δυσάρεστόν
2895 1229 3016 1264 τινα
3040 1211 3134 1264 ml.
3169 1207 3407 1278 ἀκαρτέ-

1842 1308 2021 1362 ρητον,
2047 1294 2415 1365 ἐπιθυμοῦντα
2443 1296 2829 1366 ψυχροποσίας,
2861 1297 2955 1350 καὶ
2985 1292 3329 1354 ἀπειλοῦντα,
3361 1292 3409 1342 εἰ

1844 1376 1918 1447 μὴ
1949 1376 2122 1443 λάθοι,
2150 1377 2342 1449 βρόχον
2377 1379 2632 1448 ἀνάψειν,
2676 1380 2708 1450 ἢ
2747 1380 2886 1434 κατά
2916 1376 3176 1448 κρημνῶν
3219 1373 3411 1428 ἑαυτὸν

1839 1458 2088 1528 ἀφήσειν,
2121 1460 2180 1512 τὸ
2229 1460 2411 1530 μεῖζον
2444 1462 2760 1533 βουλόμενος
2813 1461 3054 1514 κωλῦσαι
3108 1458 3296 1520 κακὸν,
3348 1455 3413 1528 τὸ

1840 1539 2059 1594 ἔλαττον
2117 1542 2320 1607 δίδωσι,
2377 1543 2698 1614 βουλόμενος
2742 1544 2916 1614 βιαίου
2953 1542 3210 1610 τελευτῆς
3248 1537 3412 1592 αὑτὸν

1840 1624 2145 1692 ἀπαγαγεῖν
2187 1629 2201 1666 ί
2229 1643 2240 1654 ·
2273 1626 2416 1680 οὕτω
2441 1627 2504 1698 δὴ
2539 1629 2633 1681 καὶ
2655 1629 2684 1680 6
2713 1628 2843 1689 Θεὸς
2877 1626 3150 1696 ἐποίησεν.
3195 1621 3414 1691 Ἐπειδὴ

1840 1707 1946 1779 γάρ
1974 1706 2111 1761 εἶδεν
2163 1711 2540 1780 μαινομένους,
2602 1711 2956 1780 ἀγχομένους,
3012 1705 3410 1775 ἐπιθυμοῦντας

1843 1789 2061 1851 θυσιῶν,
2095 1794 2665 1862 παρεσκευασμένους,
2699 1794 2747 1844 εἰ
2791 1794 2864 1862 μὴ
2895 1791 3138 1852 λάϐοιεν,
3171 1788 3306 1858 πρὸς
3343 1785 3414 1838 τὰ

1842 1872 2033 1926 εἴδωλα
2051 1873 2440 1945 αὐτομολῆσαι,
2470 1876 2667 1945 μᾶλλον
2689 1877 2743 1929 δὲ
2777 1877 2836 1928 οὺ
2867 1870 3412 1946 παρεσκευασμένους

1846 1956 2024 2025 μόνον,
2057 1956 2191 2009 ἀλλά
2223 1958 2316 2010 κα)⁴
2344 1959 2822 2028 αὐτομολήσαντας
2849 1959 2970 2028 ήδη.
3007 1955 3272 2027 ἐπέτρεψε
3311 1952 3412 2013 τὰς

1843 2039 2049 2102 θυσίας.
2071 2040 2178 2092 Καὶ
2201 2042 2281 2093 δτι
2308 2041 2445 2111 αὕτη
2470 2043 2616 2094 ἐστὶν
2644 2044 2676 2112 ή
2697 2041 2866 2103 αἰτία,
2893 2041 2987 2093 ml.
3019 2039 3112 2093 ἀπ’
3133 2035 3296 2092 αὑτοῦ
3316 2035 3410 2088 τοῦ

1843 2125 2033 2194 χρόνου
2055 2126 2250 2193 γένοιτ’
2280 2126 2344 2178 ἂν
2371 2126 2676 2194 καταφανὲς
2698 2125 3090 2194 τὸλεγόμενον.
3123 2121 3277 2176 Μετά
3303 2119 3419 2190 γάρ

1842 2211 1938 2280 τὴν
1966 2211 2178 2280 ἑορτὴν,
2233 2211 2298 2279 ἥν
2329 2211 2654 2263 ἐπετέλεσαν
2712 2212 2822 2272 τοῖς
2862 2210 3119 2278 πονηροῖς
3172 2205 3412 2274 δαίμοσι,
3449 2247 3453 2257 ..

1841 2295 1961 2346 τότε
1993 2294 2092 2356 τάς
2125 2294 2314 2358 θυσίας
2340 2295 2626 2364 ἐπέτρεψε,
2674 2293 2954 2362 μονονουχὶ
2976 2291 3150 2359 λέγων
3169 2305 3185 2322 ο
3213 2286 3416 2342 Μαίνεο

1844 2375 1937 2428 σθε
1959 2377 2055 2430 καὶ
2079 2376 2333 2446 βούλεσθε
2361 2376 2508 2429 θύειν
2525 2395 2540 2410 ·
2564 2376 2760 2429 οὐκοῦν
2786 2375 2888 2429 κᾶν
2913 2375 3036 2444 ἐμοὶ
3067 2371 3245 2425 θύετε.
3271 2369 3412 2422 Ἀλλ’

1841 2461 1990 2530 ὅμως
2022 2460 2296 2514 καὶτοῦτο
2321 2460 2620 2532 ἐπιτρέψας
2650 2460 2712 2514 οὐ
2746 2460 2907 2530 μέχρι
2945 2457 3132 2519 τέλους
3174 2455 3414 2533 ἀφῆκεν,

1842 2545 1978 2598 ἀλλά
2003 2544 2090 2597 διὰ
2120 2546 2220 2615 τῆς
2253 2545 2569 2614 σοφωτάτης
2626 2545 2848 2615 μεθόδου
2901 2541 3064 2596 πάλιν
3107 2541 3414 2610 ἀπήγαγεν.

1843 2631 1953 2684 Καὶ
1976 2629 2223 2701 καθάπερ
2251 2631 2280 2683 6
2302 2630 2482 2700 ἰατρὸς
2527 2631 2730 2692 ἐκεῖνος
2754 2626 2934 2698 (οὐδὲν
2970 2626 3080 2695 γὰρ
3117 2623 3316 2677 κωλύει
3339 2618 3418 2692 τῷ

1844 2712 1992 2783 αὑτῴ
2038 2713 2438 2784 παραδείγματι
2482 2711 2634 2784 [625]
2669 2709 2976 2782 χρήσασθαι
2999 2705 3214 2777 πάλιν),
3259 2721 3418 2776 χαρι-

1847 2795 2080 2866 σάμενος
2111 2799 2179 2867 τῇ
2229 2795 2495 2868 ἐπιθυμίᾳ
2547 2796 2640 2849 τοῦ
2678 2795 3010 2864 κάμνοντος,
3047 2789 3247 2860 φιάλην
3269 2788 3418 2841 οἴκο-

1845 2879 1936 2933 θεν
1984 2880 2218 2950 κομίσας
2255 2879 2542 2933 ἐκέλευσεν
2583 2881 2642 2932 ἐν
2679 2877 2849 2949 ταύτῃ
2897 2875 3033 2948 μόνῃ
3079 2873 3180 2943 τῆς
3210 2872 3418 2942 ψυχρο-

1845 2963 2038 3025 ποσίας
2074 2962 2400 3025 ἀπολαύειν,
2451 2964 2542 3016 καὶ
2589 2961 2682 3015 τοῦ
2716 2961 3013 3031 κάμνοντος
3060 2955 3372 3018 πεισθέντος
3399 2995 3415 3018 ,

1843 3046 2018 3116 λάθρα
2043 3049 2155 3110 τοῖς
2183 3047 2475 3100 ἐπιδιδοῦσι
2501 3044 2801 3117 προσέταξε
2833 3040 3122 3114 συντρίψαι
3152 3039 3251 3111 τὴν
3290 3038 3417 3107 φιά-

1843 3129 1942 3200 λην
1968 3129 2156 3200 αὐτὴν,
2187 3129 2275 3184 ῐνα
2307 3131 2629 3192 ἀνυπόπτως
2661 3129 2756 3182 καὶ
2787 3127 3063 3198 λαθραίως
3115 3123 3279 3177 αὑτὸν
3313 3125 3418 3175 ἀπ-

1845 3214 2026 3286 αγάγῃ
2041 3214 2140 3284 τῆς
2163 3213 2458 3283 ἐπιθυμίας
2477 3213 2689 3282 ἐκείνης
2709 3228 2721 3240 ·
2745 3210 2888 3264 οῦτω
2911 3210 3005 3264 ml
3022 3211 3051 3263 6
3073 3208 3204 3270 Θεὸς
3227 3207 3417 3276 ἐποίηο

1847 3314 1934 3356 σε.
1987 3297 2134 3351 θύειν
2171 3297 2506 3368 ἐπιτρέψας,
2557 3299 2614 3350 ἐν
2665 3295 2840 3348 οὐδενὶ
2875 3291 3094 3365 [ἑτέρῳ]
3125 3292 3277 3361 τόπῳ
3323 3289 3419 3360 τῆς

1845 3381 2168 3451 οἰκουμένης
2195 3380 2345 3434 είασε
2378 3379 2535 3433 τοῦτο
2557 3379 2824 3446 γίνεσθαι,
2862 3377 2978 3431 ἀλλ’
3001 3381 3060 3429 ἐν
3091 3379 3205 3439 τοῖς
3256 3373 3418 3445 Ἰερο-

1848 3463 2099 3534 σολύμοις
2135 3464 2314 3534 μόνον.
2349 3458 2483 3516 Εἶτα
2515 3461 2702 3532 ἐπειδὴ
2735 3461 2926 3532 χρόνον
2959 3460 3158 3514 ἔθυσαν
3191 3455 3420 3528 βραχὺν,

1847 3547 2060 3601 καθεῖλε
2089 3548 2189 3616 τὴν
2233 3546 2388 3600 πόλιν
2411 3586 2427 3608 ,
2470 3547 2533 3599 ἵν’
2571 3544 2760 3615 ὥσπερ
2788 3547 2816 3598 6
2847 3543 3028 3614 ἰατρὸς
3059 3543 3149 3597 διὰ
3198 3543 3292 3612 τῆς
3323 3540 3418 3594 τοῦ

1849 3632 2074 3694 σκεύους
2106 3630 2417 3701 συντριϐῆς,
2437 3629 2580 3682 οὓτω
2604 3630 2740 3682 καὶὸ
2759 3629 2890 3691 Θεὸς
2917 3627 3007 3682 διά
3028 3629 3125 3698 τῆς
3151 3642 3420 3679 κατασκα-

1849 3714 1956 3783 φῆς
1981 3713 2078 3784 τῆς
2105 3713 2244 3766 κατά
2263 3712 2363 3782 τὴν
2385 3713 2539 3766 πόλιν
2562 3713 2657 3765 καί⁵
2679 3711 2909 3774 ἄκοντας
2930 3711 3126 3771 αὐτοὺς
3154 3708 3420 3779 ἀπαγάγῃ

1847 3797 1938 3849 τοῦ
1973 3797 2315 3867 πράγματος.
2347 3797 2411 3848 Εἰ
2439 3796 2548 3866 γὰρ
2576 3795 2824 3865 φανερῶς
2853 3791 3008 3847 εἶπεν
3041 3792 3088 3852 i.
3117 3791 3425 3852 ἀπόστητε,

1848 3882 1946 3933 οὐκ
1978 3879 2044 3933 ἂν
2084 3880 2374 3949 ἠνέσχοντο
2413 3877 2607 3951 ῥαδίως
2649 3877 2750 3948 τῆς
2791 3879 2932 3931 κατά
2961 3877 3062 3946 τὴν
3091 3872 3280 3928 θυσίαν
3312 3889 3417 3942 μα-

1850 3964 1968 4026 νίας
2003 3962 2336 4032 ἀποστῆναι·
2383 3963 2500 4015 νυνὶ
2537 3961 2594 4014 δέ
2620 3959 2754 4014 Ιιδιά
2792 3961 2891 4031 τῆς
2933 3959 3076 4014 κατά
3119 3957 3212 4010 τὸν
3254 3955 3419 4008 τόπον

1850 4047 2094 4115 ἀνάγκης
2137 4044 2504 4107 λανθανόντως
2551 4044 2746 4107 αὐτοὺς
2773 4045 3024 4113 ἀπήγαγε
3050 4041 3146 4112 τῆς
3186 4038 3314 4110 περὶ
3356 4036 3422 4092 τὸ

1850 4130 2082 4198 πρᾶγμα
2114 4129 2516 4199 μανίας.Ἔστω
2543 4126 2720 4180 τοίνυν
2747 4129 2776 4180 6
2805 4126 2902 4197 μὲν
2939 4125 3121 4197 ἰατρὸς
3149 4126 3177 4178 6
3209 4121 3360 4186 Θεὸς,
3383 4121 3425 4194 ἠ

1852 4213 2013 4283 φιάλη
2040 4213 2096 4266 δέ
2127 4215 2159 4283 ή
2190 4213 2361 4276 πόλις,
2390 4215 2418 4264 6
2441 4213 2497 4265 δέ
2523 4212 2691 4264 νοσῶν
2735 4213 2763 4265 6
2791 4211 3116 4282 δυσάρεστος
3141 4207 3250 4262 τῶν
3284 4207 3420 4262 Ἰου-

1850 4298 2014 4350 δαίων
2037 4297 2228 4366 δῆμος,
2260 4298 2293 4366 ἡ
2331 4296 2388 4348 δὲ
2414 4297 2756 4367 ψυχροποσία
2789 4297 2822 4367 ή
2845 4295 2954 4349 τῶν
2984 4293 3184 4348 θυσιῶν
3209 4293 3426 4366 ἐπιτρο-

1854 4381 1929 4452 πὴ
1961 4381 2056 4433 καὶ
2078 4381 2528 4450 ἐξουσία.“Ωσπερ
2555 4376 2648 4434 οῦν
2673 4384 2701 4434 6
2735 4381 2913 4452 ἰατρὸς
2935 4383 3112 4450 ἵστησι
3134 4379 3231 4448 τῆς
3253 4377 3418 4430 ἀκαί-

1858 4483 1950 4538 ρου
1977 4465 2180 4535 ταύτης
2207 4465 2469 4536 αἰτήσεως
2498 4466 2589 4518 τὸν
2620 4466 2898 4536 ἄρρωστον
2948 4464 3008 4516 τὸ
3060 4461 3252 4524 σκεῦος
3281 4461 3425 4528 ἀφα-

1853 4549 2042 4611 νίσας·
2090 4547 2231 4600 οὕτω
2261 4548 2355 4600 καὶ
2383 4550 2410 4600 ὁ
2437 4548 2569 4612 Θεὸς
2611 4549 2719 4602 τῶν
2762 4547 2960 4601 θυσιῶν
3001 4547 3274 4616 ἀπήγαγε,
3320 4543 3420 4614 τὴν

1857 4633 2006 4684 πόλιν
2037 4632 2206 4702 αὐτὴν
2231 4629 2488 4694 καθελὼν,
2513 4633 2606 4684 καὶ
2639 4632 2868 4702 ποιήσας
2895 4630 3064 4700 αὐτὴν
3091 4628 3289 4683 ἄϐατον
3317 4627 3422 4680 πᾶ-

1858 4734 1961 4769 σιν.
1989 4717 2050 4768 Εἰ
2079 4715 2188 4784 γὰρ
2235 4715 2308 4785 μὴ
2351 4714 2510 4768 τοῦτο
2540 4715 2941 4769 κατασκευάσαι
2981 4711 3248 4775 ἐϐούλετο,
3279 4711 3424 4773 τίνος

1857 4801 2040 4852 ἕνεκεν
2079 4801 2158 4860 εἰς
2199 4799 2361 4851 τόπον
2414 4799 2511 4852 ἐνα
2552 4799 2858 4852 συνέκλεισε
2887 4796 2986 4865 τὴν
3012 4795 3268 4865 τοιαύτην
3295 4795 3420 4861 ἀγι-

1860 4882 2062 4941 στείαν,
2097 4883 2125 4933 ὁ
2164 4882 2436 4952 πανταχοῦ
2468 4882 2659 4953 παρὼν
2702 4883 2795 4935 καὶ
2833 4881 2902 4934 τά
2944 4881 3120 4933 πάντα
3159 4877 3423 4948 πληρῶν;

1859 4965 2015 5028 Τίνος
2050 4964 2106 5017 δὲ
2131 4964 2313 5018 ἕνεκεν
2346 4965 2442 5036 τὴν
2467 4967 2563 5034 μὲν
2600 4963 2854 5036 λατρείαν
2884 4966 2962 5026 εἰς
2996 4962 3202 5023 θυσίας,
3233 4963 3328 5022 τάς
3365 4959 3423 5012 δὲ

1860 5047 2048 5110 θυσίας
2079 5050 2158 5110 εἰς
2184 5049 2366 5108 τόπον,
2392 5049 2482 5100 τὸν
2501 5048 2558 5100 δὲ
2579 5048 2746 5100 τόπον
2771 5049 2849 5110 εἰς
2879 5046 3088 5116 καιρὸν.
3117 5045 3206 5097 τὸν
3229 5044 3282 5095 δέ
3303 5060 3413 5096 και⁸

1861 5131 1951 5202 ρὸν
1981 5131 2060 5195 εἰς
2097 5132 2224 5201 μίαν
2254 5131 2403 5184 πόλιν
2444 5129 2785 5199 συναγαγὼν,
2821 5127 2988 5200 αὐτὴν
3022 5129 3181 5180 πάλιν
3211 5127 3422 5195 ἐκείνην

1859 5214 1955 5286 τὴν
1983 5215 2135 5267 πόλιν
2164 5213 2473 5282 κατέσκαψε
2497 5229 2511 5276 ;
2539 5213 2650 5266 Καὶ
2680 5213 2740 5266 τὸ
2767 5213 2830 5283 δὴ
2859 5211 3166 5281 θαυμαστὸν
3197 5212 3288 5262 καὶ
3319 5227 3424 5260 πα-

1862 5298 2101 5368 ράδοξον,
2133 5299 2166 5367 ή
2220 5297 2315 5367 μὲν
2359 5295 2654 5368 οἰκουμένη
2697 5297 2844 5348 πᾶσα
2892 5296 3096 5347 ἀνεῖται
3146 5297 3254 5355 τοῖς
3297 5294 3423 5344 Ἰου-

1923 5427 1953 5468 ιι
1985 5429 2158 5478 Morel.
2199 5429 2307 5483 τοὺς
2344 5429 2456 5490 παρ’
2500 5429 2631 5489 αὖτῷ
2674 5428 2964 5490 λάμψαντας,
3018 5436 3118 5476 tres
3163 5441 3276 5474 mss.
3317 5430 3422 5480 τοὺς

1860 5494 1970 5556 παρ’
2013 5494 2170 5561 αὐτῶν
2212 5489 2501 5564 λάμψαντας,
2542 5490 2690 5539 Savil.
2733 5489 2842 5546 τοὺς
2881 5492 2975 5553 πρὸ
3009 5490 3164 5537 αὐτῶν
3210 5489 3410 5550 λάμψανη

1860 5572 1960 5600 τας.
1985 5563 2037 5600 ei
2056 5566 2127 5600 διο
2151 5555 2270 5600 Ιεειιι
2297 5553 2537 5599 brasmus.

1860 5572 1960 5612 τας,
1985 5563 2037 5602 ei
2056 5566 2127 5601 Slc
2151 5563 2270 5612 legit
2297 5563 2537 5599 brasmus.

1928 5616 1944 5654 ί
1985 5614 2082 5665 Alii
2105 5615 2269 5663 δίδωσι
2282 5612 2743 5676 βομλὸμενοςτῆςτοῦ
2765 5614 2868 5676 βίου
2889 5619 3106 5670 τελευτῆς
3126 5612 3266 5660 αὑτὸν
3277 5609 3421 5676 άπαγ.

1929 5690 1944 5727 ι
1974 5679 2054 5726 Sic
2076 5677 2224 5738 Savil.
2246 5673 2312 5723 Al
2335 5673 2508 5738 Mofel.
2531 5675 2689 5732 ἐπειδὴ
2715 5673 2804 5738 γάρ
2822 5678 3027 5738 φανερῶς
3059 5676 3179 5738 εἷπε,
3205 5675 3348 5738 male:

1928 5741 1954 5776 ι
1980 5738 2136 5786 Verba
2160 5737 2244 5794 τῆς
2261 5738 2383 5798 κατά
2401 5731 2802 5798 πόλιν...λνυνὶ’δέ’,
2830 5731 2947 5798 Quae.
2966 5735 3130 5785 Monii.
3153 5747 3246 5784 non
3272 5731 3418 5780 habe-

1864 5800 1961 5860 bat,
1987 5799 2124 5849 nobis
2148 5797 2473 5858 suppeditavit
2498 5795 2646 5847 Sal-il.
2687 5800 2817 5848 lion.
