3920 6292
186 362 287 413 981

180 663 534 715 vehementer
558 663 718 715 etiam
743 663 949 718 stolidis
970 665 1169 719 clarum
1193 667 1631 738 perspicuumque
1653 682 1756 737 est,

172 766 338 817 quam
371 752 442 804 ob
467 765 679 804 causam
711 768 771 805 ca
809 752 993 807 civitas
1021 754 1175 809 fuerit
1204 755 1495 811 subversa?
1522 757 1653 812 Nam
1682 760 1756 812 si-

171 851 268 893 cut
298 841 623 895 architectus
642 842 795 910 jactis
824 842 1199 908 fundamentis,
1229 847 1420 900 erectis
1448 847 1753 915 parietibus,

168 942 556 987 concamerata
598 934 893 996 testudine,
941 934 1159 1005 ips-tque
1198 940 1657 995 concameratione
1701 941 1753 995 in

171 1042 344 1079 unum
389 1027 615 1095 lapidem
658 1028 708 1080 in
748 1030 921 1082 medio
966 1031 1192 1097 positum
1237 1046 1507 1096 connexa,
1558 1033 1602 1087 si
1633 1050 1753 1088 cum

174 1118 367 1185 tollat,
420 1128 581 1173 totam
626 1119 832 1175 :editicii
878 1136 1184 1193 compagem
1227 1125 1480 1180 solverit:
1513 1126 1757 1181 similiter

179 1213 332 1265 Deus
363 1227 484 1265 cum
511 1228 627 1266 eam
656 1214 924 1267 civitatem
968 1214 1153 1269 fecerit
1179 1215 1326 1284 quasi
1363 1218 1562 1271 nodum
1595 1219 1754 1272 totius

170 1303 459 1371 religionis
485 1302 753 1368 Judaiczn,
795 1318 857 1357 ac
895 1321 1015 1357 mox
1053 1320 1169 1359 eam
1197 1307 1543 1373 subverterit,
1578 1323 1754 1362 nonne

170 1396 385 1463 pariter
408 1405 464 1448 et
492 1396 795 1449 universum
824 1396 940 1463 ejus
967 1406 1162 1451 statum
1193 1398 1472 1453 dissolvit?

248 1488 299 1540 7.
349 1485 545 1539 Verum
599 1485 854 1540 hactenus
908 1488 1162 1543 adversus
1201 1488 1415 1543 .luda-os
1464 1501 1748 1559 pugnatum

166 1589 315 1632 e510.
349 1577 481 1631 Nam
516 1577 674 1632 hodie
702 1578 873 1632 solum
900 1579 1109 1634 eminus
1128 1580 1178 1634 in
1209 1581 1326 1635 illos
1343 1581 1532 1651 jaculis
1553 1581 1750 1637 velitati

167 1685 397 1735 sumus,
433 1678 635 1723 tantum
686 1670 914 1739 loquuti,
944 1681 1195 1741 quantum
1222 1673 1352 1727 satis
1379 1683 1493 1727 erat
1537 1674 1602 1727 ad
1653 1674 1748 1727 de-

171 1759 489 1827 pellendum
518 1759 807 1829 periculmn
837 1774 866 1814 a
916 1760 1164 1815 fratribus
1194 1761 1420 1831 nostris,
1456 1763 1561 1817 imo
1588 1764 1751 1817 nmlto

167 1851 345 1904 etiam
367 1851 612 1920 amplius.
640 1851 821 1905 Restat
846 1861 1023 1907 autem
1050 1852 1178 1905 illud
1227 1854 1547 1918 necessario,
1578 1865 1631 1907 ut
1655 1870 1751 1908 vos

167 1945 266 2013 qui
296 1944 498 1998 adestis
521 1985 534 2005 .
565 1944 925 2007 adhortemur,
958 1953 1016 1997 ut
1064 1946 1283 1999 nmltam
1335 1946 1744 2001 sollicitudinem

172 2036 425 2088 habeatis
474 2050 570 2103 pro
624 2035 873 2088 membris
920 2036 1134 2089 nostris.
1180 2035 1257 2090 Ne
1302 2034 1577 2094 dixeritis.
1624 2035 1746 2105 quid

168 2146 297 2184 mea
330 2130 529 2183 refert?
548 2145 644 2183 cur
662 2138 836 2183 autem
857 2143 954 2198 ego
981 2144 1159 2185 rerum
1190 2128 1485 2183 alienarum
1510 2130 1750 2183 curiosus

166 2223 277 2275 sint
296 2230 354 2275 et
372 2220 630 2275 sollicitus
654 2220 675 2273 ?
699 2220 953 2274 Dominus
977 2228 1196 2290 propter
1218 2234 1315 2274 nos
1354 2229 1591 2273 mortuus
1631 2231 1744 2283 est;

169 2322 231 2365 tu
254 2326 387 2366 vero
409 2327 477 2365 ne
502 2326 799 2365 sermonem
832 2310 1045 2381 quidem
1074 2309 1301 2379 profers?
1317 2310 1382 2364 Et
1404 2325 1558 2381 quam
1601 2310 1747 2363 inve-

171 2402 295 2454 nies
319 2400 530 2454 veniam
550 2441 565 2466 ,
596 2409 685 2453 aut
705 2415 861 2469 quam
892 2400 1124 2468 reperies
1154 2398 1577 2455 excusationem?
1601 2397 1746 2464 Quo-

166 2491 343 2545 modo
365 2490 433 2544 ad
450 2490 641 2545 Christi
669 2490 897 2545 tribunal
921 2490 1086 2544 stabis
1107 2505 1224 2545 cum
1255 2490 1464 2553 fiducia,
1491 2490 1579 2561 die
1597 2488 1747 2555 mihi,

175 2593 260 2637 tot
314 2583 615 2636 animarum
664 2583 880 2636 exitium
931 2581 1305 2636 dissimulans?
1361 2582 1569 2637 Utinam
1620 2580 1745 2634 mihi

168 2675 454 2743 wntingat
482 2688 547 2728 eo
572 2682 845 2727 currentes
873 2672 1074 2738 videre,
1094 2688 1418 2742 nequaquam
1447 2673 1594 2726 Vobis
1614 2687 1748 2741 opus

163 2776 343 2831 esset,
373 2764 469 2819 sed
491 2764 819 2819 celerrimam
848 2764 1152 2819 adhiberem
1175 2766 1578 2819 correctionem.

246 2850 549 2903 Adhortatio
595 2849 661 2901 ad
702 2850 1093 2903 emendationem
1141 2850 1377 2920 fratrum.
1416 2876 1489 2887 â€”
1524 2846 1743 2914 Quoties

166 2942 345 2996 frater
373 2950 456 2996 est
474 2939 842 2996 emendandus
863 2981 878 3007 ,
907 2939 1111 2995 etiamsi
1158 2938 1263 2993 vita
1282 2939 1353 2993 sit
1375 2936 1744 3006 impendenda,

166 3050 242 3087 ne
270 3046 507 3088 recuses.
531 3031 741 3086 imitare
770 3031 1047 3085 Dominum
1066 3040 1231 3084 tuum.
1255 3028 1402 3097 Quod
1425 3028 1470 3083 si
1497 3029 1745 3083 famulum

171 3127 385 3190 habes,
438 3125 484 3178 si
520 3139 736 3179 uxorem
759 3166 773 3187 ,
807 3125 968 3177 multa
998 3138 1116 3177 cum
1162 3121 1431 3193 diligentia
1460 3123 1578 3176 illos
1602 3120 1746 3175 domi

164 3218 477 3272 contineas.
506 3216 714 3271 Etenim
744 3216 789 3270 si
830 3231 934 3270 non
966 3214 1224 3285 permittis
1268 3214 1369 3268 illis
1407 3222 1465 3268 ut
1495 3213 1547 3267 in
1601 3213 1747 3266 thea-

168 3319 317 3363 trum
346 3312 471 3362 eant
489 3349 504 3371 ,
525 3316 723 3376 quanto
752 3308 917 3376 magis
940 3323 970 3360 a
996 3307 1267 3378 Synagoga
1294 3305 1595 3361 Judmorum
1622 3313 1747 3360 sunt

167 3399 436 3454 arcendi?
455 3398 621 3468 Majas
653 3409 735 3452 est
782 3397 869 3451 hic
910 3398 1081 3452 scelus
1126 3412 1283 3466 quam
1311 3396 1433 3450 illic.
1461 3394 1610 3461 Quod
1640 3395 1746 3450 illic

167 3494 232 3547 tit
253 3535 267 3556 ,
303 3501 575 3562 peccatum
602 3498 712 3557 est;
740 3489 881 3559 quod
909 3491 992 3543 hic
1012 3532 1026 3555 ,
1050 3489 1311 3558 impietas.
1341 3488 1463 3541 [hec
1491 3502 1594 3542 non
1626 3486 1745 3542 ideo

169 3586 387 3653 loquor,
416 3592 473 3636 ut
493 3582 610 3636 illos
635 3582 816 3635 sinatis
843 3581 893 3633 in
916 3586 1173 3634 theatrum
1197 3579 1302 3642 ire,
1332 3592 1455 3632 nam
1484 3586 1538 3632 et
1558 3575 1609 3630 id
1633 3592 1747 3629 ma-

166 3678 285 3731 lum
326 3684 448 3730 est:
480 3676 572 3730 sed
626 3684 681 3728 ut
730 3674 794 3727 ab
834 3673 933 3726 hoc
986 3674 1151 3726 multo
1192 3671 1357 3741 magis
1398 3670 1743 3741 prohibeatis.

164 3769 313 3836 Quid
340 3776 671 3838 spectaturus
708 3765 879 3820 curris
916 3763 980 3817 ad
1022 3762 1348 3835 Synagogam
1378 3762 1469 3817 Dei
1513 3762 1744 3817 hostium

164 3859 515 3916 Judazoram?
541 3872 668 3913 num
695 3856 937 3911 homines
960 3854 1082 3910 tuba
1109 3853 1398 3909 canentes?
1427 3854 1493 3907 At
1512 3851 1746 3921 Oportuit

161 3952 320 4006 domi
346 3950 618 4006 sedentem
648 3947 872 4019 gemitus
895 3961 960 4002 ac
985 3947 1242 4017 lacrymas
1273 3960 1368 4016 pro
1394 3945 1495 3998 illis
1524 3942 1744 4013 profun~

168 4043 339 4107 dere,
364 4041 504 4111 quod
538 4040 792 4094 rebellent
821 4045 1083 4108 prazcepto
1123 4037 1249 4102 Del,
1292 4034 1432 4105 quod
1471 4033 1740 4089 diabolum

168 4133 410 4188 habeant
457 4146 580 4185 cum
620 4130 742 4200 ipsis
778 4130 1000 4183 choreas
1033 4136 1293 4197 agentem.
1334 4124 1499 4191 Nam,
1522 4134 1581 4179 ut
1622 4132 1745 4178 ante

166 4222 307 4288 dixi,
336 4221 472 4293 quod
498 4223 554 4275 lit
577 4229 767 4291 praeter
794 4218 1112 4274 voluntatem
1141 4218 1252 4283 Dei,
1274 4217 1479 4272 etiamsi
1501 4216 1743 4287 aliquan-

166 4314 245 4368 do
264 4313 360 4367 fuit
388 4312 701 4381 permissum
725 4353 739 4374 ,
776 4320 952 4379 postea
981 4309 1193 4363 violatio
1217 4309 1342 4374 legis
1362 4316 1462 4374 est,
1507 4316 1559 4362 et
1585 4308 1741 4361 innu-

167 4406 513 4463 merabilium
576 4404 952 4474 suppliciorum
1002 4404 1238 4457 materia.
1271 4400 1417 4456 Tuba
1482 4398 1745 4454 canebant

168 4498 345 4554 Jlldï¬‚Bi
379 4505 488 4551 tum
514 4512 634 4551 cum
666 4494 927 4549 habebant
953 4495 1237 4558 sacrificia,
1267 4506 1406 4547 nunc
1460 4507 1584 4547 vero
1638 4508 1740 4545 non

170 4590 304 4644 licet
340 4588 445 4643 illis
484 4587 620 4641 idem
665 4583 861 4641 facere.
916 4586 1139 4639 Proinde
1164 4586 1343 4655 accipe
1377 4585 1485 4653 jam
1507 4624 1520 4646 ,
1544 4580 1651 4653 qua
1675 4584 1742 4638 de

173 4696 338 4735 causa
394 4680 529 4734 datae
584 4679 691 4733 sint
734 4678 833 4731 illis
880 4678 1038 4731 tubas.
1069 4676 1209 4740 Fac,
1239 4678 1433 4745 inquit,
1465 4677 1549 4729 tibi
1599 4677 1742 4728 tubas

170 4774 388 4826 ductiles
427 4782 687 4841 argenteas
733 4769 918 4839 (Num.
948 4769 1035 4825 i0.
1076 4768 1155 4841 2),
1194 4784 1422 4839 moxque
1465 4784 1741 4823 comnmo-

170 4877 356 4919 strans
402 4879 551 4917 usum
586 4864 814 4925 illarum,
847 4862 1090 4931 subiicit:
1114 4862 1178 4916 Et
1207 4862 1308 4916 illis
1334 4863 1495 4915 canite
1520 4863 1573 4914 in
1597 4863 1743 4915 holo-

170 4957 471 5010 cautomatis
488 4958 678 5021 vestris,
697 4965 743 5010 et
768 4956 821 5009 in
848 4956 1108 5022 sacriï¬ciis
1122 4956 1418 5008 salutarium
1444 4964 1736 5008 uestrorum.

174 5048 278 5103 Ubi
321 5047 479 5116 igitur
506 5056 589 5101 est
613 5046 808 5109 altare,
840 5044 926 5098 ubi
953 5058 1104 5107 arca,
1130 5044 1219 5098 ubi
1246 5043 1636 5098 tabernaculum
1688 5051 1743 5097 et

170 5140 379 5193 Sancta
394 5148 730 5200 sanctorum,
752 5136 838 5190 ubi
887 5134 1152 5199 sacerdos,
1186 5134 1273 5187 ubi
1303 5131 1583 5188 Cherubim
1621 5134 1739 5203 glo-

172 5236 299 5294 riae,
346 5228 433 5283 ubi
485 5228 806 5282 thuribulum
855 5241 1105 5290 aureum,
1151 5225 1237 5279 ubi
1287 5224 1737 5293 propitiatorium,

176 5323 265 5375 nti
297 5320 491 5391 phiala,
520 5321 605 5375 ubi
638 5328 833 5390 patera:
860 5318 1133 5384 libatoriae,
1155 5318 1242 5372 ubi
1274 5315 1408 5388 ignis
1431 5316 1518 5371 ille
1538 5316 1740 5370 catlitns

175 5410 476 5465 demissus?
513 5410 646 5464 Cum
684 5410 860 5467 omnia
886 5408 1159 5473 amiseris,
1189 5407 1319 5463 nihil
1362 5406 1504 5461 aliud
1546 5408 1740 5462 retines

175 5520 336 5575 quam
369 5504 552 5559 tubas?
578 5502 739 5560 Vides
778 5504 893 5559 illos
923 5503 1102 5558 ludere
1151 5503 1327 5558 verius
1370 5516 1527 5572 quam
1576 5501 1738 5554 Deum

174 5598 390 5652 Â«olere?
415 5597 604 5653 Verum
649 5596 1089 5669 quemadmodum
1120 5596 1239 5653 illos
1257 5597 1529 5669 culpamus
1552 5637 1566 5660 .
1598 5594 1737 5667 quod

1406 369 1763 428 ADVERSUS
1798 370 2097 429 JUDtEOS.
2134 370 2225 427 Î.

180 480 260 533 fas
282 493 393 531 non
420 487 504 532 est
536 477 856 545 sacriï¬cari;
888 480 1055 535 solam
1084 478 1467 555 .lerosolymam
1497 484 1597 539 illis
1615 485 1773 549 adire,

178 585 288 623 non
321 571 483 637 licet,
527 571 579 624 in
616 586 718 641 qua
747 586 857 625 so.a
901 572 1023 626 licet
1067 574 1358 629 immolare.
1387 576 1576 630 Annon
1605 578 1763 646 igitur

1870 484 2041 554 legem
2074 485 2560 553 transgrediuntur:
2591 489 2659 542 ita
2707 488 2873 545 multo
2894 491 3062 562 magis
3080 506 3175 548 vos
3219 491 3428 550 incusa-

1868 590 1987 630 mus
2007 615 2022 641 ,
2049 576 2189 645 quod
2218 574 2286 629 ad
2341 585 2760 645 transgressores
2787 580 2914 651 legis
2946 583 3297 649 concurritis;
3328 604 3434 642 nec

1867 669 1984 723 illos
2014 670 2365 733 tantum..qui
2395 684 2461 723 eo
2511 680 2852 737 concurrunt,
2882 689 3065 730 verum
3113 675 3271 730 etiam
3329 693 3425 734 eos

1863 761 2055 828 quibus
2078 775 2195 814 cum
2222 759 2290 814 sit
2335 762 2620 814 attrit-ritas
2644 765 2950 831 prohibendi
2976 782 3126 833 suos,
3150 771 3319 825 nolint
3345 781 3421 825 ta-

1867 866 1988 905 men
2047 852 2095 905 id
2138 852 2326 906 facere.
2378 853 2451 906 Ne
2476 854 2601 908 mihi
2633 854 2860 909 dixeris:
2886 857 3007 926 quid
3035 859 3161 913 milu
3183 874 3301 915 cum
3334 862 3425 916 illo

1859 941 2160 995 commercii
2189 942 2308 995 est?
2342 942 2562 996 Alienus
2584 952 2698 1006 est,
2728 944 2933 1011 ignotus
2961 954 3068 1000 est.
3104 948 3233 1002 Dum
3268 948 3426 1005 fucrtt

1860 1028 2031 1084 fidelis
2051 1072 2065 1095 ,
2095 1030 2218 1084 dum
2249 1033 2554 1085 eorumdem
2584 1033 2841 1102 particeps
2872 1036 3235 1106 mysteriorum
3257 1079 3273 1104 ,
3297 1039 3421 1094 dmn

1858 1121 1910 1174 in
1939 1121 2181 1176 eamdem
2229 1124 2476 1177 convenit
2505 1123 2794 1178 Ecclesiam
2814 1165 2828 1188 ,
2854 1134 2907 1178 et
2934 1126 3216 1194 fratribus,
3245 1138 3298 1182 et
3333 1144 3421 1188 co-

1856 1212 2058 1281 gnatis,
2085 1220 2139 1265 et
2163 1213 2477 1268 necessariis
2497 1254 2510 1278 ,
2536 1223 2589 1268 et
2613 1215 2820 1269 caeteris
2847 1214 3091 1270 omnibus
3110 1228 3190 1270 est
3208 1217 3421 1289 propin-

1856 1303 2027 1372 quior.
2056 1304 2285 1358 Proinde
2309 1305 2447 1359 sicut
2476 1320 2579 1359 non
2616 1306 2711 1375 ipsi
2740 1315 2942 1360 tantum
2984 1306 3126 1362 fures
3155 1307 3281 1363 dant
3305 1323 3422 1381 pm-

1856 1410 1979 1461 uas,
2012 1411 2194 1450 verum
2220 1397 2379 1452 etiam
2416 1398 2601 1453 eadem
2631 1412 2785 1467 ptena
2809 1401 3114 1469 plectuntur
3144 1402 3202 1468 ii,
3232 1402 3425 1475 quibus

1855 1499 1976 1538 cum
2027 1497 2171 1541 esset
2220 1496 2450 1555 potestas
2472 1490 2710 1553 vetandi,
2753 1504 2857 1544 non
2884 1500 3163 1547 vetuerunt
3208 1504 3417 1550 tamen:

1854 1573 1928 1629 ita
1953 1590 2056 1629 non
2082 1577 2254 1631 solum
2276 1578 2364 1647 qui
2412 1577 2573 1645 impie
2593 1591 2782 1650 agunt,
2804 1596 2986 1635 verum
3009 1582 3169 1637 etiam
3198 1584 3273 1639 illi
3324 1587 3418 1655 qui

1853 1679 1974 1720 cum
2007 1667 2208 1736 possint
2231 1667 2300 1722 ab
2347 1668 2613 1737 impietate
2665 1685 2943 1736 revocare,
2999 1681 3173 1729 tamen
3230 1672 3312 1730 vel
3351 1673 3424 1731 ob

1857 1757 2149 1827 pigritiam,
2179 1758 2264 1814 vel
2293 1758 2362 1812 ob
2406 1759 2733 1814 timiditatem
2762 1761 2810 1815 id
2833 1761 3006 1817 facere
3034 1763 3241 1832 nolunt,
3262 1763 3422 1821 simili

1855 1863 1977 1903 cum
2006 1848 2111 1903 illis
2156 1865 2308 1919 paena
2339 1850 2661 1920 plectuntur.
2689 1851 2960 1922 Siquidem
2992 1854 3245 1910 talentum
3291 1856 3423 1912 illud

1854 1938 1995 2008 quod
2023 1951 2297 2009 acceperat
2317 1955 2379 1994 ac
2399 1940 2672 1996 defoderat
2694 1956 2880 1998 servus
2903 1944 3010 2011 ille,
3033 1945 3261 2000 reddidit
3287 1946 3425 2002 into-

1855 2047 2036 2101 grum;
2083 2040 2316 2086 attamen
2365 2032 2456 2087 dat
2507 2048 2813 2103 ptenas,eo
2858 2036 2998 2105 quod
3050 2051 3154 2090 non
3202 2046 3423 2094 auxerat

1854 2121 2057 2176 lucrum
2102 2120 2328 2194 (Matth.
2356 2123 2438 2178 18.
2469 2123 2557 2177 24.
2583 2124 2739 2195 sqq.):
2787 2126 2858 2179 ita
2887 2134 2943 2180 tu
2966 2126 3178 2196 quidem
3213 2127 3421 2184 etiamsi

1854 2212 1967 2279 ipse
1996 2227 2160 2282 purus
2185 2223 2235 2267 et
2263 2213 2515 2268 innocens
2539 2229 2879 2282 perseveres,
2909 2216 2953 2270 si
2980 2233 3083 2271 non
3110 2232 3302 2289 augeas
3344 2227 3423 2274 ta.

1855 2301 2053 2357 lentum
2074 2343 2089 2366 ,
2121 2318 2220 2358 nec
2240 2303 2452 2359 fratrem
2476 2315 2784 2374 pereuntem
2813 2321 3032 2361 revoces
3061 2307 3127 2361 ad
3162 2307 3420 2375 salutem,

1858 2392 2043 2447 eadem
2067 2408 2186 2463 quae
2216 2393 2304 2448 ille
2334 2395 2567 2463 patieris.
2594 2392 2730 2462 Quid
2759 2395 2933 2466 magni
2975 2396 3224 2466 postulo?
3247 2395 3420 2453 Unus-

1852 2485 2074 2555 quisque
2096 2494 2328 2540 vestrum
2360 2502 2521 2541 unum
2548 2486 2676 2541 mihi
2703 2502 2767 2541 ex
2796 2486 3044 2543 fratribus
3088 2489 3155 2545 ad
3197 2492 3419 2548 salutem

1852 2585 2101 2641 revocet;
2130 2576 2215 2631 hic
2235 2577 2513 2644 sollicitus,
2547 2577 2633 2634 hic
2656 2579 2878 2649 quisque
2897 2579 3138 2635 curiosus
3155 2592 3292 2651 esto,
3316 2596 3421 2654 quo

1852 2669 2099 2723 nimirum
2124 2670 2173 2723 in
2199 2670 2427 2725 crastina
2454 2671 2672 2726 collecta
2703 2670 2865 2725 multa
2893 2686 3012 2725 cum
3056 2673 3243 2728 fiducia
3269 2690 3418 2731 com-

1850 2774 2134 2831 pareanms
2172 2760 2387 2815 donaria
2436 2762 2542 2815 Deo
2587 2763 2814 2815 ferentes
2836 2800 2852 2827 ,
2886 2762 3102 2817 donaria
3126 2805 3142 2830 ,
3172 2765 3415 2837 inquam,

1852 2851 2088 2904 omnium
2122 2852 2530 2920 pretiosissima,
2558 2852 2599 2905 si
2632 2853 2838 2906 animas
2865 2853 3155 2908 errantium
3186 2855 3417 2913 reduxe-

1851 2944 2051 3007 rimus;
2080 2943 2286 2998 etiamsi
2322 2944 2640 2998 contumelia
2673 2945 2829 2999 fuerit
2850 2943 3099 3011 ferenda,
3123 2945 3168 3001 si
3192 2928 3422 3002 toleran-

1849 3035 1914 3087 da
1964 3033 2216 3099 verbera,
2267 3034 2310 3088 si
2359 3034 2567 3104 quidvis
2615 3034 2754 3088 aliud
2798 3033 3188 3099 sufferendum,
3239 3037 3417 3092 omnia

1852 3124 2105 3180 faciamus
2155 3136 2212 3179 ut
2263 3125 2379 3180 illos
2426 3140 2819 3194 recuperemus.
2864 3126 3303 3198 Quandoquidem
3354 3138 3413 3184 et

1849 3228 2080 3284 :rgroms
2106 3216 2338 3271 calcibus
2392 3215 2675 3282 ferientes,
2707 3219 3040 3273 eontmneliis
3067 3230 3121 3275 et
3164 3220 3418 3276 conviciis

1850 3308 2179 3364 incessentes
2225 3310 2479 3371 ferimus,
2533 3325 2631 3365 nec
2681 3310 3001 3365 offendimur
3045 3313 3412 3369 contumeliis:

1848 3415 2034 3455 verum
2082 3400 2210 3454 nihil
2262 3401 2403 3455 aliud
2435 3400 2614 3455 videre
2642 3402 2883 3470 cupimus
2903 3443 2919 3467 ,
2947 3417 3104 3472 quam
3133 3403 3414 3459 sanitatem

1849 3490 2076 3546 hominis
2099 3508 2194 3562 per
2221 3493 2464 3547 morbum
2496 3492 2742 3547 indecora
2769 3492 3028 3548 facientis.
3059 3492 3194 3563 Quin
3222 3504 3276 3549 et
3298 3510 3413 3551 me-

1848 3584 1952 3639 dici
1983 3593 2183 3640 vestem
2231 3600 2375 3653 saepe
2419 3586 2669 3640 laceravit
2697 3595 2991 3653 aegrotans,
3023 3596 3075 3639 at
3107 3602 3209 3639 non
3238 3586 3358 3642 ideo
3383 3604 3412 3641 a

1847 3691 1972 3729 cura
2016 3675 2218 3729 destitit
2269 3676 2375 3730 ille.
2426 3675 2523 3742 Qui
2556 3676 2613 3730 fit
2661 3675 2839 3744 igitur,
2871 3685 2926 3728 ut
2968 3676 3054 3744 qui
3101 3676 3413 3745 corporibus

1848 3768 2164 3830 consulunt,
2195 3774 2339 3820 tanta
2370 3777 2582 3820 utantur
2609 3768 2875 3835 diligentia
2898 3807 2911 3829 ,
2948 3782 3045 3821 nos
3086 3776 3161 3820 tot
3210 3769 3412 3821 anima-

1849 3858 1947 3911 bus
1971 3857 2308 3926 pereuntibus
2326 3872 2618 3922 cessemus,
2643 3856 2857 3927 perinde
2878 3857 3024 3926 quasi
3051 3857 3413 3912 existimemus

1848 3948 1978 4005 nihil
2004 3950 2245 4005 accidere
2294 3964 2482 4019 grave.
2513 3965 2633 4003 cum
2690 3949 2926 4004 membra
2969 3958 3146 4003 nostra
3203 3957 3410 4017 putres-

1846 4040 2008 4095 cunt?
2036 4043 2106 4095 At
2129 4056 2233 4095 non
2254 4041 2326 4096 ita
2349 4040 2540 4095 Paulus
2564 4057 2577 4095 :
2601 4038 2694 4095 sed
2722 4038 3023 4110 quomodo?
3046 4038 3200 4105 Quis,
3222 4038 3408 4108 inquit.

1847 4132 2150 4198 inï¬rmatur,
2182 4141 2227 4185 et
2250 4148 2351 4185 non
2373 4131 2634 4197 inï¬rmor?
2662 4130 2786 4198 Quis
2808 4128 3097 4196 offenditur,
3124 4138 3169 4183 et
3194 4145 3284 4200 ego
3311 4144 3410 4182 non

1846 4238 1966 4275 uror
1992 4220 2065 4294 (2.
2098 4222 2213 4276 Cor.
2238 4223 2323 4277 ll.
2351 4220 2468 4292 '29)?
2491 4222 2638 4276 Hunc
2668 4222 2838 4291 ignem
2864 4231 2915 4273 tu
2939 4234 3145 4290 quoque
3169 4219 3410 4288 concipe,

1846 4323 1900 4368 et
1928 4314 1969 4368 si
1998 4313 2337 4384 conspexeris
2361 4314 2572 4367 fratrem
2604 4322 2909 4381 pereuntem
2927 4352 2941 4375 ,
2964 4308 3204 4381 quamvis
3226 4310 3408 4365 convi-

1844 4405 2035 4467 cietur.
2057 4406 2294 4475 quamvis
2317 4403 2684 4459 contumeliam
2713 4401 2936 4467 inferat,
2962 4400 3199 4470 quamvis
3225 4400 3405 4455 verbe-

1845 4507 1948 4563 ret,
1974 4497 2217 4566 quamvis
2246 4496 2515 4550 minitetur
2548 4509 2605 4548 se
2635 4494 2864 4546 futurum
2895 4498 3119 4555 hostem,
3148 4500 3240 4545 aut
3266 4490 3405 4549 aliud

1844 4587 2354 4658 quidlibetintentet,
2378 4585 2460 4639 fac
2484 4585 2657 4639 omnia
2686 4583 2919 4653 perferas
2946 4582 3165 4645 fortiter,
3194 4591 3251 4635 ut
3271 4580 3408 4638 illius

1845 4678 2142 4733 lucrifacias
2162 4678 2404 4731 salutem.
2423 4677 2477 4732 Si
2510 4677 2596 4730 ille
2622 4675 2711 4730 fiat
2735 4674 2979 4729 inimicus
2998 4716 3012 4738 .
3037 4673 3173 4727 Deus
3197 4673 3286 4727 tibi
3307 4677 3407 4729 erit

1844 4770 2065 4841 amicus;
2086 4770 2392 4838 magnisque
2422 4769 2471 4821 in
2495 4768 2580 4822 die
2604 4768 2697 4821 illo
2718 4766 2868 4820 bonis
2895 4776 2945 4819 te
2966 4764 3404 4819 remunerabitur.

1845 4860 2054 4915 Utinam
2082 4870 2256 4914 autem
2282 4860 2329 4912 id
2357 4859 2562 4914 eveniat
2583 4866 2884 4912 sanctorum
2908 4856 3042 4910 votis
3059 4870 3122 4910 ac
3142 4856 3405 4924 precibus,

1844 4962 1903 5007 ut
1930 4962 1983 5007 et
2024 4953 2112 5023 qui
2137 4953 2186 5006 in
2203 4968 2436 5007 errorem
2487 4951 2695 5004 abducti
2725 4958 2881 5015 sunt,
2915 4958 3293 5017 recuperentur
3340 4946 3407 5001 ad

1844 5044 2063 5098 salutem
2084 5084 2100 5109 ,
2132 5056 2183 5098 et
2210 5060 2301 5097 vos
2328 5045 2378 5097 in
2412 5042 2511 5096 hoc
2538 5051 2728 5095 venatu
2757 5041 2863 5095 voti
2887 5049 3159 5110 compotes
3210 5037 3405 5092 evada-

1846 5136 1947 5202 tis;
1994 5145 2048 5191 et
2101 5136 2176 5188 illi
2232 5134 2331 5203 ipsi
2375 5132 2702 5204 blasphemi,
2758 5131 2963 5185 liberati
3017 5129 3084 5183 ab
3136 5126 3408 5194 impietate

1843 5238 1973 5292 sua,
2018 5224 2287 5279 Christum
2349 5230 2636 5291 agnoscant
2704 5235 2798 5290 pro
2853 5218 2981 5287 ipsis
3049 5216 3403 5283 crucifixum,

1845 5327 1902 5371 ut
1968 5332 2154 5371 omnes
2206 5330 2312 5370 uno
2364 5314 2575 5377 animo,
2625 5312 2917 5381 eodemque
2976 5324 3071 5366 ore
3138 5308 3404 5379 glorifice-

1845 5424 1963 5463 mus
1993 5410 2159 5464 Deum
2189 5418 2240 5462 et
2271 5407 2479 5461 Patrem
2506 5403 2713 5459 Domini
2735 5400 2900 5457 nostri
2920 5400 3045 5456 Jesu
3072 5399 3285 5462 Christi,
3319 5400 3402 5452 cui

1844 5499 2007 5569 gloria
2037 5509 2091 5553 et
2118 5496 2350 5568 potentia
2378 5510 2495 5550 cum
2524 5502 2707 5551 sancto
2725 5491 2923 5564 Spiritu
2945 5491 2997 5545 in
3023 5498 3208 5549 cuncta
3234 5502 3398 5542 szecu-

1845 5592 1892 5648 la
1914 5590 2251 5656 saiculorum,
2282 5590 2470 5643 Amen.
