3920 6238
1285 535 1507 641 ,ΑΒ
1530 533 1916 641 VERS
1940 533 2106 639 US

1076 757 1265 796 ORATIO
1301 756 1511 806 QUINTA.

593 839 642 888 1.
685 832 833 889 Unde
863 834 1012 887 nobis
1063 834 1217 886 hodie
1257 831 1578 900 frequentior
1601 838 1890 882 conventus
1919 830 2083 881 laetus

513 930 640 985 est?
677 928 757 983 Ad
802 924 1193 996 el'llagitandum
1245 925 1383 991 quod
1434 921 1649 990 polliciti
1701 933 1884 972 sutnns
1930 921 2082 988 plane

517 1019 861 1084 convenistis,
912 1029 968 1071 ut
1009 1025 1282 1084 argentum
1314 1013 1420 1082 igni
1474 1011 1772 1080 probatum,
1807 1012 1946 1077 quod
1997 1026 2082 1063 me

519 1114 672 1168 vobis
693 1111 1051 1166 exhibiturum
1086 1108 1428 1177 promiseram
1450 1147 1464 1171 ,
1496 1104 1786 1172 accipiatis.
1815 1103 1943 1156 Nam
1972 1102 2079 1155 eto-

516 1205 663 1274 quia,
699 1203 885 1272 inquit,
910 1198 1004 1253 Dei
1023 1242 1036 1260 ,
1063 1198 1260 1266 eloquia
1297 1206 1476 1249 casta:
1506 1203 1765 1264 argentum
1805 1194 1922 1262 igne
1955 1209 2078 1244 exa-

516 1296 780 1357 minatum,
836 1293 1099 1358 probatum
1140 1299 1285 1341 terra:
1332 1285 1500 1354 (Psal.
1530 1285 1615 1338 11.
1645 1285 1721 1353 7).
1766 1282 2080 1336 Benedicms

517 1386 676 1448 Deus,
699 1400 786 1448 qui
813 1382 960 1436 vobis
988 1389 1188 1434 tantum
1210 1376 1456 1431 audiendi
1479 1375 1778 1443 Spirituales
1798 1387 2076 1427 sermones

516 1476 792 1544 inspiravit
829 1473 1093 1527 ardorem.
1146 1467 1601 1538 Quemadmodum
1640 1466 1779 1520 enim
1837 1461 2078 1519 homines

513 1566 637 1617 vino
661 1574 713 1618 et
743 1562 1044 1633 potionibus
1071 1559 1234 1615 dediti
1259 1601 1272 1623 ,
1302 1558 1508 1628 singulo
1529 1571 1736 1626 quoque
1763 1555 1850 1610 die
1891 1555 2078 1608 obam-

513 1656 732 1719 bttlant,
784 1655 1093 1722 curioseque
1137 1651 1465 1720 disquirunt,
1525 1647 1608 1701 ubi
1663 1645 2078 1715 compotationes

512 1747 795 1817 agitentur,
844 1743 931 1798 ubi
971 1743 1241 1806 convivia,
1275 1741 1360 1793 tibi
1415 1753 1615 1803 C(Bnte,
1664 1735 1757 1790 ubi
1807 1749 2080 1789 comessa-

515 1842 714 1902 tiones,
747 1837 833 1890 ubi
863 1835 1202 1895 temulentire,
1251 1833 1461 1903 phialze,
1494 1842 1724 1885 crateres
1753 1837 1808 1882 et
1851 1827 2075 1896 pocula:

511 1933 588 1986 sic
617 1942 669 1986 et
697 1943 790 1984 νινε
822 1927 1059 1998 quotidie
1084 1926 1238 1979 simul
1267 1933 1424 1992 atque
1471 1921 1841 1983 surrexeritis,
1870 1919 2078 1972 curiose

512 2021 812 2092 perquiritis
832 2061 845 2082 ,
871 2019 1080 2071 ubinam
1110 2017 1279 2069 futura
1309 2015 1378 2068 sit
1415 2012 1732 2075 exhortatio,
1761 2010 1849 2063 ubi
1895 2007 2079 2061 admo-

513 2116 678 2180 nitio,
710 2113 795 2166 ubi
837 2111 1098 2174 doctrina,
1141 2107 1225 2162 ubi
1265 2119 1441 2160 sermo
1495 2103 1562 2157 ad
1615 2102 1833 2171 gloriam
1878 2097 2078 2153 Christi

513 2206 834 2263 conducens.
864 2205 1005 2270 Quas
1028 2202 1097 2255 ob
1125 2214 1210 2254 res
1257 2206 1313 2253 et
1366 2211 1463 2251 nos
1489 2209 1699 2265 quoque
1737 2190 2079 2262 propensiore

510 2299 687 2354 studio
713 2296 850 2366 quod
876 2293 1092 2364 polliciti
1126 2305 1306 2346 sumus
1331 2286 1693 2358 aggredimur:
1733 2292 1786 2337 et
1810 2297 1927 2352 qua:
1959 2294 2079 2349 pro-

513 2390 787 2453 misimus,
843 2384 1187 2440 libentissime
1237 2377 1620 2450 praestabimus.
1670 2375 1852 2443 Itaque
1907 2385 2077 2441 pugna

512 2480 665 2536 nobis
691 2494 807 2533 cum
828 2476 1023 2531 Jttdtuis
1044 2481 1306 2541 suscepta,
1337 2471 1534 2524 exitum
1562 2482 1718 2538 quem
1737 2463 1934 2528 debuit,
1963 2477 2078 2515 sor-

514 2575 608 2629 tita
660 2581 760 2627 est.
810 2553 1088 2638 Trepaeum
1138 2574 1372 2620 erectum
1416 2571 1525 2626 est,
1572 2571 1625 2614 et
1674 2574 1866 2614 corona
1925 2555 2078 2609 nobis

511 2677 658 2738 parta
684 2672 798 2730 est,
827 2672 876 2716 et
907 2661 1144 2716 bravinm
1174 2674 1238 2712 ex
1266 2657 1535 2726 superiore
1559 2653 1814 2709 concione
1840 2658 2077 2718 reporta-

509 2745 705 2814 viinus.
750 2754 1020 2826 Siquidem
1073 2751 1174 2805 hoc
1223 2760 1625 2825 susceperamus
1673 2743 1966 2813 agendum,
2019 2750 2077 2794 ut

507 2853 993 2908 demonstrat-emus
1017 2843 1155 2915 quod
1175 2858 1236 2896 ea
1262 2856 1376 2910 qua!
1399 2853 1539 2893 nunc
1559 2836 1690 2890 ﬁunt
1718 2836 1783 2889 ab
1813 2835 1947 2899 istis,
1972 2833 2075 2885 sint

507 2943 748 3016 quautam
813 2938 1160 3008 transgressio
1232 2934 1364 3003 legis
1433 2928 1924 3000 prtevaricatiotlue.
1979 2939 2076 2979 nec

507 3033 650 3089 aliud
671 3047 823 3101 quam
847 3030 1114 3083 hominum
1141 3025 1392 3078 adversus
1410 3021 1574 3075 Deum
1604 3019 1879 3073 commissa
1907 3029 2072 3084 pugna

507 3125 838 3192 bellumque:
870 3119 1027 3188 idque
1059 3117 1166 3170 Deo
1198 3114 1480 3168 auxiliante
1505 3109 1656 3164 nobis
1684 3105 2073 3161 accuratissime

507 3217 925 3269 demonstratum
974 3219 1074 3262 est.
1106 3205 1316 3261 Etenim
1359 3203 1404 3258 si
1430 3202 1693 3256 civitatem
1720 3214 1864 3253 suam
1895 3205 2074 3251 essent

509 3295 791 3372 aliquando
839 3297 1132 3367 recepturi,
1181 3305 1236 3350 et
1277 3294 1342 3347 ad
1387 3292 1662 3363 pristinum
1709 3289 1829 3343 vitm
1880 3297 2071 3341 statum

509 3393 762 3456 redituri,
793 3390 1148 3459 templumque
1168 3389 1510 3440 instauratum
1544 3382 1730 3442 visuri,
1758 3394 2070 3448 quamquam

501 3475 552 3530 id
586 3491 868 3544 numquam
921 3483 1003 3526 est
1053 3475 1314 3538 futurum;
1342 3486 1406 3524 ne
1448 3470 1525 3522 sic
1565 3469 1777 3536 quidem
1820 3471 2075 3520 haberent

496 3567 693 3637 justam
715 3565 1106 3618 excusationem
1138 3577 1320 3617 eorum
1347 3576 1464 3630 qure
1499 3558 1712 3613 faciunt.
1735 3557 1862 3610 Nam
1888 3565 1941 3610 et
1968 3567 2072 3610 tres

505 3659 577 3712 illi
606 3658 774 3728 pueri,
805 3666 860 3711 et
891 3655 1088 3720 Daniel,
1123 3657 1406 3723 eaetcrique
1429 3665 1614 3705 omnes
1638 3649 1727 3720 qui
1755 3651 1999 3703 vivebant
2019 3649 2070 3702 in

457 3735 471 3748 ’
500 3751 823 3820 captivitate,
839 3747 1213 3819 exspectabant
1228 3762 1286 3800 se
1302 3754 1606 3814 recepturos
1622 3744 1886 3799 civitatem
1901 3757 2070 3808 suam,

502 3854 561 3896 ut
606 3852 727 3912 post
768 3856 937 3896 annos
976 3841 1300 3910 septuaginta
1346 3837 1590 3892 viderent
1638 3835 1820 3906 patria:
1865 3835 2070 3897 solum,

501 3937 844 4008 pristinisqtte
893 3935 1132 3994 viverent
1173 3932 1376 4002 legibus
1422 3930 1578 4001 (Dan.
1609 3930 1634 3984 1
1664 3943 1706 3982 et
1733 3931 1888 3998 seqq).
1916 3930 2070 3996 Atqui

500 4046 621 4085 cum
656 4030 755 4082 hoc
784 4028 888 4082 illis
913 4025 1189 4081 evidenter
1215 4033 1356 4078 esset
1382 4023 1696 4092 promissum
1721 4062 1733 4084 ,
1771 4037 1836 4074 ne
1855 4021 1930 4074 sic
1955 4021 2073 4089 qui-

501 4122 624 4177 dem
655 4129 777 4174 ante
811 4115 1215 4188 promissionem
1245 4124 1299 4167 et
1341 4113 1565 4167 reditum
1608 4111 1721 4165 ausi
1771 4119 1893 4163 sunt
1920 4110 2073 4179 quid—

500 4229 659 4282 quam
691 4225 874 4265 eorum
894 4207 1234 4276 facerejuxta
1267 4205 1398 4274 legis
1423 4206 1588 4269 ritus,
1611 4219 1728 4272 quae
1752 4203 1946 4256 faciunt
1967 4203 2072 4255 isti.

505 4305 616 4359 lloc
645 4314 796 4374 pacto
823 4301 1020 4370 poteris
1057 4311 1112 4352 et
1141 4299 1252 4367 ipse
1272 4297 1457 4352 Judaeo
1512 4310 1572 4349 os
1599 4295 1897 4348 occludere.
1932 4295 2074 4366 ltoga

503 4397 682 4459 illum,
711 4410 811 4464 qua
837 4393 904 4446 de
930 4409 1087 4445 causa
1113 4390 1324 4460 jejunus
1346 4430 1360 4455 ,
1389 4403 1508 4442 cum
1540 4404 1642 4441 non
1673 4389 1867 4441 habeas
1894 4388 2074 4442 civita-

504 4484 654 4540 tem?
682 4483 832 4553 Quod
854 4485 897 4538 si
920 4483 1130 4544 dixerit,
1155 4481 1402 4551 quoniam
1433 4496 1591 4550 spero
1619 4496 1703 4536 me
1741 4491 2072 4550 recepturum

504 4577 796 4641 civitatem,
825 4575 910 4630 die
935 4574 1010 4628 illi
1043 4592 1056 4627 :
1091 4573 1310 4641 proinde
1338 4571 1571 4642 quiesce,
1599 4571 1767 4625 donec
1791 4573 2072 4641 receperis.

507 4671 642 4726 Nam
689 4671 765 4724 illi
811 4669 1010 4734 sancti,
1038 4667 1209 4722 donec
1250 4665 1315 4719 ad
1345 4666 1564 4736 patriam
1609 4679 1758 4719 suam
1807 4664 2072 4730 redirent,

506 4765 640 4819 nihil
665 4779 847 4819 eorum
879 4777 995 4832 qua:
1027 4770 1081 4814 tu
1110 4760 1237 4814 facis
1262 4801 1276 4822 ,
1301 4759 1412 4814 ausi
1444 4767 1568 4812 sunt
1593 4757 1783 4813 facere.
1814 4758 2074 4825 Proinde,

504 4867 561 4913 ιιι
587 4858 759 4928 palam
781 4864 882 4921 est,
913 4868 1050 4908 mute
1075 4853 1242 4920 lmgem
1272 4852 1363 4906 Dei
1385 4851 1550 4904 violas
1577 4870 1589 4904 :
1615 4849 1844 4916 etiamsi,
1879 4858 1935 4903 ut
1962 4851 2074 4913 ais,

507 4962 820 5018 recepturus
843 4947 916 5000 sis
945 4945 1209 4998 civitatem
1236 4984 1251 5009 ,
1282 4953 1454 4996 tamen
1483 4954 1631 5012 pacta
1660 4959 1778 4996 cum
1813 4943 1923 4997 Deo
1953 4943 2076 4995 inita

508 5041 796 5104 rescindis,
825 5050 878 5093 et
905 5038 955 5091 iu
985 5039 1155 5106 ipsum
1178 5037 1300 5089 vita:
1325 5041 1519 5087 statum
1549 5034 1966 5088 contumeliosus
1998 5049 2074 5086 es.

511 5135 669 5203 Igitur
720 5135 769 5185 in
801 5131 1040 5185 oratione
1064 5127 1340 5196 superiore
1361 5125 1588 5180 diximus
1615 5136 1804 5180 vestrae
1835 5126 2038 5179 caritati
2062 5169 2075 5188 ,

505 5236 755 5295 quantum
801 5223 928 5278 satis
971 5221 1036 5274 ad
1065 5217 1444 5275 retundendam
1479 5217 1776 5272 Judzeornm
1809 5217 2080 5284 impuden-

512 5323 667 5384 tiam,
694 5327 748 5371 et
766 5315 831 5368 ad
863 5311 1278 5381 redarguendam
1296 5323 1478 5364 eorum
1505 5310 2006 5378 prmvaricationetn.

584 5407 842 5476 Templum
884 5403 1181 5457 Judworunt
1225 5417 1495 5470 numquam
1545 5399 1930 5453 restauraudnm
1979 5414 2082 5448 esse

510 5501 767 5570 probatur.
798 5524 870 5535 --ο
890 5497 1149 5549 Cancrum
1189 5493 1399 5561 quando
1429 5507 1530 5545 non
1557 5491 1659 5544 hoc
1701 5501 1896 5543 tantum
1929 5488 2081 5542 nobis

511 5599 625 5644 erat
669 5587 1013 5657 propositum,
1047 5596 1101 5638 ut
1128 5585 1334 5638 illorum
1364 5600 1452 5637 ora
1484 5583 1866 5647 clauderetnus,
1897 5597 2076 5635 verum

516 5689 574 5732 ut
600 5680 891 5734 Ecclesiam
939 5677 1203 5745 c0piosius
1232 5675 1300 5729 de
1343 5677 1451 5729 suis
1488 5675 1711 5744 propriis
1749 5673 2080 5744 degtuatibus

576 5790 593 5820 ι
627 5792 748 5833 'tres
765 5780 898 5841 Mss,
912 5787 1085 5831 contra
1106 5779 1308 5832 Judtcvs
1323 5781 1533 5833 Mamilia
1554 5781 1710 5832 tertia.

1229 322 1288 379 S.
1329 327 1603 384 JOANNlS
1639 325 2104 383 CHRYSOS’I'OMI
2147 325 2460 381 ARCHIEP.
2503 326 3031 386 CONSTANTINOP.

3660 339 3751 392 83.!

2186 535 2836 654 ιῙΠΙλίἘΟΞ
2886 542 2933 642 ¹.

2191 737 2532 795 edoceremus
2555 758 2568 794 :
2598 757 2694 811 age
2719 759 2900 797 rursus
2923 754 2977 798 et
3005 744 3105 799 hoc
3129 760 3191 800 ex
3218 747 3503 800 abundanti
3532 748 3762 800 dentom

2188 839 2435 895 stt-emus,
2464 832 2601 900 quod
2627 835 2876 902 templqu
2914 850 3195 903 numquam
3224 836 3623 900 instaurabitur,
3666 854 3764 892 nc»

2185 937 2286 990 que
2315 923 2380 975 ad
2410 924 2685 992 pristinum
2714 925 2833 978 vitre.
2859 933 3051 979 statum
3075 928 3382 982 restituendi
3414 929 3588 983 Judzei
3615 939 3754 984 sunt.

2185 1011 2296 1064 Hoc
2321 1021 2473 1082 pacto
2500 1014 2608 1077 fiet,
2641 1024 2698 1079 ιιι
2721 1026 2774 1068 et
2799 1030 2892 1069 vos
2912 1017 3154 1070 exactius
3181 1019 3436 1073 noveritis
3463 1019 3759 1088 apostolica

2187 1099 2453 1170 dogmata,
2479 1113 2532 1157 et
2563 1103 2636 1157 illi
2665 1114 2844 1159 contra
2866 1106 2931 1160 ad
2977 1108 3229 1175 majorem
3270 1109 3595 1176 impietatem
3631 1126 3751 1179 pro-

2189 1190 2321 1259 lapsi
2364 1194 2659 1262 eapiantur.
2706 1195 2898 1249 llarum
2931 1213 3054 1250 vero
3086 1214 3259 1251 rerum
3293 1209 3479 1252 testem
3526 1200 3758 1255 adduce-

2189 1299 2304 1337 mus
2343 1300 2445 1339 non
2475 1287 2740 1355 angelum,
2773 1304 2874 1341 non
2905 1290 3300 1359 archangelum,
3335 1293 3427 1346 sed
3457 1294 3606 1347 orbis
3634 1296 3749 1347 titti-

2186 1374 2323 1427 versi
2355 1376 2641 1444 principem
2674 1378 2948 1432 Dominum
2981 1391 3214 1434 nostrum
3247 1383 3425 1436 Iesum
3454 1385 3750 1440 Christum.

2185 1463 2235 1516 ls
2275 1467 2435 1528 enim,
2466 1483 2586 1522 cum
2629 1471 2892 1540 ingressus
2929 1472 3310 1544 Jerosolymam
3355 1478 3568 1531 vidisset
3617 1489 3749 1532 lem-

2186 1556 2351 1626 plum,
2397 1561 2562 1613 dixit:
2596 1561 2849 1616 Futurum
2877 1575 2930 1616 ut
2957 1563 3274 1635 Jerosolyma
3311 1572 3690 1624 cauculcaretur
3717 1589 3749 1624 a

2184 1652 2412 1721 gentibus
2458 1655 2654 1717 multis,
2701 1646 2858 1709 donec
2899 1659 3222 1725 implerentur
3263 1670 3486 1729 tempora
3527 1664 3753 1733 gentium

2184 1745 2456 1796 multarum
2487 1743 2636 1815 (Luc.
2660 1745 2721 1799 2|
2738 1786 2750 1798 .
2785 1746 2876 1816 24)
2905 1765 2917 1800 :
2948 1757 3153 1818 tempus
3173 1750 3470 1819 signiﬁcans
3497 1768 3666 1820 usque
3685 1753 3750 1807 ad

2183 1837 2689 1891 consummationem
2733 1839 2934 1893 mttudi.
2979 1841 3054 1893 Ac
3084 1855 3266 1894 rursus
3306 1842 3416 1895 lucc
3439 1842 3507 1897 de
3550 1845 3752 1912 templo

2183 1927 2529 1981 comminatus
2556 1939 2656 1992 esr,
2707 1929 2928 1998 loquens
2972 1930 3263 1999 discipulis,
3297 1946 3399 1985 non
3442 1949 3751 1987 mansurum

2185 2015 2410 2086 lapidem
2450 2033 2609 2087 super
2653 2019 2876 2088 lapidem
2918 2019 2969 2072 in
3009 2035 3073 2074 eo
3104 2020 3219 2074 loco
3244 2021 3330 2090 qui
3377 2035 3480 2074 non
3509 2021 3752 2077 diruatur

2185 2107 2394 2179 (Matth.
2439 2108 2528 2162 2t.
2581 2109 2678 2177 2):
2730 2112 3004 2180 perspicue
3047 2111 3338 2180 praedicens
3382 2127 3500 2166 eum
3533 2129 3751 2182 prorsus

2183 2197 2521 2260 abolendum,
2538 2209 2591 2253 et
2618 2200 2669 2254 in
2693 2210 2994 2269 perpetuam
3020 2202 3356 2256 solitudinem
3379 2203 3747 2272 redigendum.

2184 2287 2376 2342 Verum
2406 2288 2618 2343 Judqu
2653 2291 2868 2344 omnino
2899 2291 3070 2360 rejicit
3094 2290 3192 2346 hoc
3221 2293 3600 2359 testimonium,
3650 2310 3748 2349 nec

2183 2380 2368 2450 recipit
2393 2395 2452 2434 ea
2484 2396 2601 2450 qua:
2627 2381 2871 2436 dicimus.
2903 2383 3152 2438 Inimicus
3185 2385 3347 2446 enim,
3376 2386 3563 2452 inquit.
3593 2401 3745 2440 mens

2182 2477 2282 2532 est,
2309 2471 2398 2539 qui
2427 2471 2546 2524 talia
2577 2472 2838 2541 loquitur;
2866 2467 2967 2542 ego
2996 2473 3138 2528 illum
3162 2474 3310 2543 adegi
3345 2476 3394 2528 in
3421 2491 3634 2529 erucem
3655 2494 3670 2540 ;
3691 2487 3746 2530 et

2181 2562 2445 2630 quomodo
2468 2563 2716 2632 recipiam
2741 2563 2880 2618 illius
2909 2564 3308 2620 testimonium?
3337 2568 3488 2636 Atqui
3520 2567 3622 2622 hoc
3651 2570 3736 2638 ip-

2182 2665 2298 2705 sum
2331 2652 2518 2705 mirum
2543 2662 2645 2718 est,
2693 2669 2726 2708 o
2749 2654 2948 2719 Judtee,
2980 2655 3118 2724 quod
3151 2671 3268 2710 cum
3317 2666 3372 2710 tu
3415 2657 3745 2713 cruciﬁxeris

2181 2756 2324 2806 eum,
2356 2743 2442 2796 ille
2472 2755 2747 2813 postquam
2777 2746 2874 2800 abs
2901 2756 2951 2801 te
2975 2748 3255 2802 cruciﬁxus
3283 2758 3382 2810 est,
3412 2758 3535 2801 tunc
3556 2750 3740 2802 civita-

2182 2843 2286 2887 tem
2319 2844 2458 2888 tuam
2488 2837 2693 2900 evertit,
2727 2847 2866 2890 tuam
2894 2847 3102 2907 gentem
3129 2838 3416 2906 dissipavit,
3461 2849 3606 2893 tuum
3647 2855 3742 2909 po-

2179 2926 2358 2995 pulum
2391 2942 2483 2994 per
2511 2928 2817 2982 universum
2846 2934 3026 2982 orbem
3057 2929 3339 2997 dispersit:
3369 2929 3611 2984 videlicet
3659 2948 3744 2985 re-

2181 3017 2288 3086 ipsa
2311 3020 2604 3082 declarans,
2635 3035 2691 3072 se
2718 3021 3090 3084 resurrexisse,
3121 3035 3183 3074 ac
3208 3021 3402 3081 vivere,
3429 3030 3585 3089 atque
3603 3035 3745 3074 nunc

2179 3121 2298 3161 esse
2340 3109 2392 3162 in
2420 3110 2580 3162 caelis.
2621 3109 2878 3176 Quoniam
2910 3111 3050 3164 enim
3093 3126 3160 3165 ex
3197 3111 3480 3165 benefactis
3523 3113 3737 3166 noluisti

2179 3204 2464 3266 potentiam
2507 3201 2644 3254 illius
2676 3216 3018 3271 cognoscere,
3051 3219 3142 3272 per
3172 3218 3354 3272 poenas
3380 3219 3442 3257 ae
3477 3207 3740 3274 supplicia

2177 3289 2559 3344 demonstravit
2587 3293 2746 3345 robur
2769 3308 2940 3355 suum.
2975 3295 3276 3349 inevitabile
3299 3296 3494 3363 pariter
3515 3306 3568 3350 et
3593 3299 3746 3349 inex-

2181 3383 2476 3451 pngnabile.
2513 3385 2576 3435 At
2603 3398 2669 3436 ne
2707 3384 2784 3436 sic
2815 3383 3023 3452 quidem
3064 3384 3257 3450 credis,
3289 3393 3379 3438 aut
3403 3393 3556 3454 putas
3597 3385 3744 3438 illum

2180 3484 2298 3524 esse
2324 3470 2510 3534 Deum,
2540 3487 2602 3526 ac
2633 3474 2794 3528 totius
2821 3475 2962 3530 orbis
2992 3477 3305 3541 Dominum;
3337 3479 3428 3532 sed
3472 3479 3754 3534 arbitraris

2183 3561 2451 3616 hominem
2491 3562 2654 3619 fuisse
2681 3565 2972 3634 vulgarem.
3005 3567 3116 3637 Age
3157 3567 3331 3637 igitur,
3367 3568 3585 3637 perinde
3614 3586 3683 3625 ac
3711 3573 3756 3625 si

2181 3653 2341 3709 homo
2368 3663 2567 3710 tantum
2614 3657 2787 3719 fuerit,
2837 3674 2948 3713 rem
2989 3661 3335 3715 excutiamus.
3361 3663 3492 3716 Cum
3539 3665 3753 3733 aliquos

2179 3745 2419 3801 videmus
2451 3747 2710 3813 homines,
2740 3765 2873 3817 quos
2898 3749 2948 3803 in
2984 3751 3230 3805 omnibus
3253 3754 3610 3822 comperimus
3634 3771 3756 3810 esse

2183 3851 2419 3903 veraces,
2471 3853 2568 3892 nec
2595 3839 2697 3892 ulla
2731 3839 2782 3892 in
2814 3855 2873 3894 re
2900 3841 3253 3896 mentientes:
3287 3843 3494 3910 horum,
3545 3846 3754 3900 etiamsi

2182 3926 2373 3982 fuerint
2403 3929 2601 3994 hostes,
2633 3930 2790 3984 modo
2815 3932 3101 4000 sapiamus,
3133 3932 3270 3988 dicta
3299 3935 3582 4004 recipimus
3606 3936 3754 3990 Rur-

2179 4033 2295 4073 sum
2325 4021 2367 4074 si
2399 4021 2682 4074 viderimus
2709 4036 2802 4075 eos
2839 4023 3168 4088 mentientes,
3201 4025 3403 4080 etiamsi
3435 4029 3485 4080 in
3517 4029 3754 4082 neunul-

2181 4110 2244 4162 lis
2272 4125 2488 4164 veraces
2514 4110 2726 4176 fuerint,
2759 4128 2858 4166 nec
2879 4114 2961 4166 illa
2988 4114 3138 4166 facile
3161 4115 3456 4182 recipimus,
3486 4132 3606 4185 qua:
3627 4133 3757 4170 vero

2179 4201 2246 4254 ali
2275 4201 2375 4253 illis
2402 4201 2434 4255 d
2459 4212 2541 4255 cta
2565 4213 2706 4257 Sunt.

2249 4296 2304 4345 2.
2347 4293 2596 4346 Christum
2624 4295 2674 4346 in
2711 4294 3114 4362 prwdictionibus
3151 4312 3352 4364 prorsus
3377 4311 3599 4348 ueracem
3647 4313 3755 4351 esse

2180 4386 2566 4439 demonstratur.
2589 4415 2661 4427 —-
2681 4389 2789 4455 Age
2816 4402 2972 4449 nunc,
3004 4387 3397 4441 consideremus
3417 4387 3609 4442 Christi
3639 4406 3758 4442 tuo-

2180 4493 2267 4533 res
2292 4486 2346 4532 et
2387 4478 2568 4532 vitam.
2617 4478 2733 4533 Non
2776 4481 2916 4534 enim
2948 4481 3046 4534 hoc
3075 4489 3272 4534 tantum
3315 4481 3454 4549 quod
3493 4482 3752 4546 diximus,

2180 4570 2448 4639 praedixit,
2481 4582 2638 4638 atque
2668 4573 3056 4640 prtenuntiavit,
3091 4587 3270 4626 verum
3297 4575 3454 4626 etiam
3483 4574 3587 4626 alia
3610 4577 3757 4629 mul—

2183 4670 2255 4725 ta,
2283 4659 2439 4730 longo
2467 4669 2586 4730 post
2615 4670 2851 4730 tempore
2877 4671 3118 4726 ventura,
3145 4663 3458 4716 vaticinatus
3483 4674 3586 4716 est.
3625 4665 3758 4718 Pro-

2183 4751 2412 4807 feramus
2440 4753 2595 4823 igitur
2620 4754 2991 4824 pradictiones
3019 4755 3135 4808 illas
3163 4755 3214 4810 in
3245 4755 3478 4810 medium
3503 4773 3516 4808 :
3547 4757 3600 4810 in
3629 4758 3758 4826 qui-

2183 4843 2282 4898 bus
2307 4844 2350 4897 si
2381 4845 2577 4899 videris
2603 4846 2746 4900 illum
2779 4846 3108 4911 mendacem,
3137 4861 3204 4901 ne
3227 4846 3360 4901 hanc
3385 4848 3599 4916 quidem
3620 4849 3765 4903 reci-

2185 4935 2313 5003 pito,
2361 4950 2530 5004 neque
2575 4945 2727 5005 putes
2767 4937 2839 4992 illi
2889 4937 3043 4991 fidem
3078 4937 3394 4992 habendam.
3445 4940 3667 4999 Contra,
3715 4944 3758 4992 si

2184 5024 2378 5078 videris
2409 5025 2553 5079 illum
2587 5025 2636 5078 in
2682 5029 2887 5080 caneris
2927 5027 3172 5082 omnibus
3206 5043 3470 5092 veracem,
3522 5041 3579 5083 et
3618 5031 3766 5082 hanc

2185 5117 2351 5183 ipsam
2398 5115 2788 5184 prmdictionem
2833 5117 3075 5171 evenisse
3118 5134 3129 5169 :
3179 5117 3368 5172 deinde
3405 5135 3526 5172 cum
3579 5121 3761 5173 vidi-as

2185 5206 2500 5261 immensum
2532 5216 2827 5277 temporum
2872 5210 3192 5264 curriculum
3236 5221 3495 5265 attestatts
3543 5216 3760 5266 veritati

2183 5312 2367 5351 evrum
2395 5314 2512 5367 qua:
2539 5299 2800 5367 praedixit,
2845 5315 2911 5354 ne
2939 5301 3066 5354 velis
3105 5302 3238 5355 ultra
3279 5301 3567 5370 perfricare
3612 5307 3761 5357 troit-

2185 5398 2313 5454 tetn,
2348 5404 2517 5458 neque
2543 5389 2703 5444 rebus
2729 5391 2840 5445 sole
2869 5392 3182 5446 clarioribus
3207 5393 3530 5461 obstrepere.
3576 5396 3672 5449 Viti
3697 5415 3764 5446 -ης

2185 5493 2301 5531 mus
2326 5480 2481 5548 igitur
2501 5481 2624 5550 quid
2647 5493 2901 5552 pneterea
2923 5483 3242 5552 przedixerit.
3264 5485 3500 5538 Accessit
3520 5488 3590 5539 ad
3615 5487 3762 5541 illum

2186 5568 2377 5624 mulier
2397 5570 2714 5626 alabastrum
2738 5572 2936 5628 habens
2957 5576 3204 5642 unguenti
3235 5575 3470 5642 prettosi,
3493 5587 3546 5628 et
3579 5578 3761 5630 vﬂ'udit

2188 5671 2507 5729 unguentum
2533 5663 2741 5734 (Matth.
2769 5663 2882 5734 ‘26).
2912 5665 3022 5719 lloc
3051 5666 3241 5718 factum
3284 5665 3495 5735 indigne
3525 5667 3764 5723 ferentes

2187 5754 2448 5823 discipuli,
2476 5756 2719 5812 dicebant
2745 5777 2757 5808 :
2782 5759 2948 5825 Quare
2975 5775 3072 5812 non
3092 5761 3441 5836 venumdattpn
3465 5771 3537 5814 est
3567 5773 3763 5814 trecen-
