3920 6302
93 367 195 420 883

1274 371 1642 428 ADVERSUS
1673 368 1980 426 ιυυΑεοε.
2025 367 2091 423 ν.

3258 361 3363 416 884

1217 687 1515 772 ΚΑΤΑ
1588 681 2121 770 ΙΟΥΔΑΙΩΝ
2174 689 2229 756 ³.

622 938 812 1008 Λόγος
853 937 1141 1006 πέμπτος.

157 1082 230 1129 α’.
249 1073 422 1128 Πόθεν
449 1073 582 1142 ἡμῖν
603 1070 709 1140 ἄρα
737 1069 935 1121 πλείων
967 1069 994 1119 6
1023 1065 1275 1134 σύλλογος
1296 1065 1482 1133 γέγονε
1505 1065 1675 1135 σήμε-

89 1178 217 1232 ρον;
258 1159 401 1230 Πρὸς
445 1159 543 1227 τὴν
594 1154 887 1223 ἀπαίτησιν
920 1153 1018 1223 τῆς
1062 1151 1405 1220 ὑποσχέσεως
1432 1149 1674 1218 ἀπηντή-

94 1231 224 1297 κατε
252 1243 492 1302 πάντως,
521 1238 612 1292 καὶ
641 1237 699 1289 τὸ
724 1234 982 1306 ἀργύριον
1015 1234 1074 1287 τὸ
1106 1231 1516 1303 πεπυρωμένον,
1539 1232 1674 1302 ὅπερ

94 1332 415 1403 ὑπεσχόμην
435 1326 782 1386 καταϐαλεῖν,
803 1321 1161 1388 ὑποδέξασθαι
1190 1317 1577 1390 παρεγένεσθε.
1604 1317 1679 1368 Τὰ

92 1420 270 1487 λόγια
299 1415 428 1484 γὰρ.
457 1412 609 1482 φησὶ,
650 1409 889 1477 Κυρίου,
940 1407 1113 1478 λόγια
1155 1405 1340 1474 ἁγνά·
1395 1404 1680 1471 ἀργύριον

94 1499 539 1570 πεπυρωμένον,
568 1497 840 1565 δοκίμιον
861 1495 888 1534 ι)
919 1497 984 1564 τῆ
1011 1496 1103 1564 γῇ.
1137 1491 1439 1561 Εὐλογητὸς
1464 1491 1493 1542 6
1525 1488 1677 1551 Θεὸς,

93 1591 125 1642 6
158 1586 428 1654 τοσαύτην
486 1585 614 1654 ὑμῖν
669 1579 800 1650 περὶ
851 1578 948 1648 τὴν
998 1576 1370 1648 πνευματικὴν
1418 1576 1681 1644 ἀκρόασιν

97 1671 398 1740 ἐπιθυμίαν
427 1667 619 1730 ἐνθείς.
650 1664 912 1734 Καθάπερ
937 1663 1046 1733 γάρ
1077 1664 1124 1714 οἱ
1151 1661 1378 1730 φίλοινοι
1408 1661 1501 1712 καὶ
1531 1659 1681 1729 φιλο-

94 1758 282 1816 πόται,
315 1753 664 1822 ἀνιστάμενοι
713 1747 833 1801 καθ’
867 1747 1101 1816 ἑκάστην
1131 1746 1343 1816 ἡμέραν
1386 1742 1683 1816 περιεργά-

96 1842 282 1905 ζονται
317 1838 414 1890 καὶ
445 1829 957 1905 πολυπραγμονοῦσι
995 1830 1096 1884 ποῦ
1131 1831 1301 1894 πότοι,
1350 1831 1442 1882 καὶ
1477 1829 1684 1899 συμπό-

101 1942 215 1987 σια,
249 1922 346 1974 καὶ
386 1921 602 1981 δεῖπνα,
638 1918 727 1970 καὶ
759 1915 958 1986 κῶμοι,
988 1916 1084 1968 καὶ
1124 1915 1307 1984 μέθαι,
1341 1915 1436 1966 καὶ
1474 1913 1684 1981 φιάλαι,

98 2010 198 2062 καὶ
225 2007 522 2077 κρατῆρες,
564 2004 657 2056 καὶ
687 2003 950 2072 ποτήρια·
981 2000 1123 2054 οῦτω
1152 1999 1214 2070 δὴ
1247 1999 1341 2053 καὶ
1372 1999 1528 2068 ὑμεῖς
1565 1997 1685 2050 καθ’

97 2093 344 2160 ἑκάστην
402 2088 612 2159 ἡμέραν
661 2085 1010 2156 ἀνιστάμενοι
1070 2081 1531 2155 περιεργάζεσθε,
1581 2082 1685 2135 ποῦ

99 2175 448 2246 παραίνεσις,
473 2173 564 2224 καὶ
591 2170 888 2240 συμϐουλὴ,
917 2170 1011 2222 καὶ
1037 2168 1405 2239 παράκλησις,
1425 2168 1518 2220 καί¹
1545 2165 1688 2219 διδα-

99 2259 324 2320 σκαλία,
348 2259 444 2310 καὶ
471 2255 623 2324 λόγος
670 2256 749 2318 εἰς
793 2252 948 2318 δόξαν
978 2251 1215 2322 Χριστοῦ
1252 2252 1558 2306 συντείνων.
1592 2251 1690 2304 Διά

97 2345 278 2400 ταῦτα
323 2343 418 2396 καὶ
459 2343 620 2411 ήμεῖς
649 2339 805 2392 αὑτοί
836 2337 1239 2409 προθυμότερον
1277 2338 1475 2405 ταύτης
1525 2335 1689 2390 ἀπτό-

99 2429 252 2501 μεθα
300 2428 399 2497 τῆς
447 2423 775 2487 ὑποθέσεως,
812 2421 923 2486 καὶ,
957 2421 1100 2492 άπερ
1146 2419 1515 2491 ὑπεσχόμεθα,
1556 2420 1693 2501 μετά

99 2500 288 2584 πάσης
333 2509 693 2579 κατατίθεμεν
741 2511 840 2578 τῆς
883 2505 1406 2576 εὑγνωμοσύνης.⁹Η
1453 2505 1552 2574 μὲν
1600 2500 1692 2557 οὖν

100 2600 245 2670 πρὸς
294 2595 578 2657 Ἰουδαίους
609 2593 755 2663 μάχη
788 2591 940 2654 τέλος
975 2589 1135 2644 ἔλαϐε
1161 2589 1223 2642 τὸ
1250 2590 1524 2659 προσῆκον
1549 2605 1563 2618 ·
1600 2588 1694 2640 καί¹

99 2685 166 2736 τὸ
209 2682 471 2753 τρόπαιον
514 2679 735 2748 ἔστηκε,
769 2675 860 2729 καὶ
900 2678 928 2726 6
973 2673 1234 2743 στέφανος
1283 2674 1413 2742 ἡμῖν
1463 2673 1694 2743 ἀπήρτιν

102 2785 256 2829 σται,
285 2766 380 2818 καὶ
404 2763 464 2816 τὸ
490 2759 742 2832 βραϐεῖον
770 2759 1100 2830 ήρπάσαμεν
1135 2758 1230 2810 καὶ
1258 2757 1366 2809 ἀπὸ
1405 2756 1506 2824 τῆς
1543 2753 1692 2826 [628]

103 2848 390 2920 προτέρας
417 2843 722 2908 διαλέξεως.
752 2842 824 2894 Τὸ
869 2840 977 2912 γὰρ
1017 2838 1446 2907 σπουδαζόμενον
1472 2833 1539 2907 ἦν
1563 2839 1696 2907 ἡμῖν

102 2931 412 2997 ἀποδεῖξαι,
452 2930 533 2982 δτι
573 2928 640 2981 τά
678 2927 938 2996 γινόμενα
978 2923 1073 2978 νῦν
1117 2925 1206 2976 ὑπ’
1238 2923 1417 2976 αὑτῶν
1457 2939 1697 2993 παρανο-

101 3017 216 3087 μία
254 3015 340 3077 τίς
377 3015 494 3066 ἐστι
542 3011 638 3065 καὶ
693 3009 1042 3081 παράϐασις,
1085 3011 1176 3061 καὶ
1223 3007 1524 3078 ἀνθρώπων
1563 3007 1698 3076 πρὸς

101 3100 245 3153 Θεὸν
287 3097 435 3166 μάχη
475 3096 569 3150 καὶ
606 3095 840 3164 πόλεμος
864 3112 878 3124 ο
919 3094 1013 3146 καὶ
1050 3093 1207 3146 τοῦτο
1247 3093 1343 3145 σὺν
1394 3091 1512 3162 Θεῷ
1567 3091 1702 3162 μετά

105 3182 404 3254 ἀκριϐείας
443 3181 660 3250 ἀπάσης
697 3179 1010 3248 ἀπεδείχθη.
1054 3179 1116 3231 El
1153 3177 1261 3249 γὰρ
1315 3179 1409 3231 καὶ
1457 3178 1702 3249 μέλλοιεν
1738 3194 1740 3197 ·

105 3263 528 3335 ἀπολαμϐάνειν
565 3265 664 3334 τὴν
705 3263 910 3316 ἑαυτῶν
949 3263 1133 3324 πόλιν,
1173 3263 1267 3316 καὶ
1305 3263 1397 3315 ἐπὶ
1434 3262 1531 3335 τὴν
1571 3279 1703 3334 προ-

106 3355 286 3424 τέραν
325 3349 609 3404 ἐπανιέναι
649 3348 924 3402 πολιτείαν
948 3389 961 3409 ,
1003 3350 1098 3402 καί¹
1135 3349 1227 3401 τὸν
1272 3347 1397 3401 ναὸν
1434 3349 1568 3423 όρᾴν
1605 3351 1702 3401 ἀν-

102 3437 432 3506 ιστάμενον,
469 3435 606 3504 ὅπερ
645 3432 900 3485 οὑδέποτε
939 3431 1114 3493 ἔσται,
1152 3431 1274 3484 οὑδὲ
1311 3430 1482 3496 οὑτως
1521 3431 1701 3500 ἔχουσί

106 3537 238 3573 τινα
277 3517 574 3586 ἀπολογίαν
611 3517 671 3568 ἐν
707 3518 820 3576 τοῖς
870 3515 964 3569 νῦν
1017 3517 1106 3569 ὑπ’
1145 3515 1321 3568 αὑτῶν
1373 3514 1700 3586 γινομένοις.

121 3605 286 3658 Ἐπεὶ
322 3603 417 3656 καὶ
452 3603 502 3655 οἰ
542 3602 728 3663 παῖδες
760 3603 808 3653 οἰ
840 3603 1008 3671 τρεῖς,
1037 3603 1131 3654 καὶ
1159 3600 1376 3670 Δανιὴλ,
1405 3601 1496 3654 καὶ
1529 3605 1576 3654 οἱ
1611 3601 1704 3655 ἆλ-

107 3692 196 3742 λοι
239 3687 512 3750 ἅπαντες,
553 3687 602 3738 οἱ
640 3684 732 3737 ἐπὶ
768 3685 864 3754 τῆς
905 3685 1279 3756 αἰχμαλωσίας
1315 3684 1702 3754 διατρίϐοντες,

107 3774 466 3844 προσεδόκων
523 3769 900 3843 ἀπολήψεσθαι
959 3771 1056 3843 τὴν
1112 3771 1321 3824 ἑαυτῶν
1379 3770 1533 3825 πόλιν
1555 3811 1570 3834 ,
1613 3773 1707 3824 καὶ

112 3860 264 3930 μετά
296 3859 668 3928 ἑϐδομήκοντα
693 3857 786 3929 έτη
815 3859 876 3910 τὸ
910 3857 1104 3926 ἔδαφος
1129 3857 1354 3927 ὄψεσθαι
1381 3858 1480 3926 τῆς
1513 3857 1707 3927 πατρί-

105 3949 230 4008 δος,
267 3944 364 3998 καὶ
385 3947 443 3996 ὲν
462 3946 573 4006 τοῖς
596 3942 782 4013 νόμοις
800 3945 912 4006 τοῖς
935 3942 1216 4014 προτέροις
1242 3939 1534 4009 βιώσεσθαι
1555 3958 1568 3970 ·
1592 3940 1705 3993 ἀλλ’

107 4037 273 4103 ὅμως
297 4032 388 4082 καὶ
421 4028 659 4099 φανερὰν
687 4029 978 4098 ὑπόσχεσιν
1003 4027 1216 4097 ἔχοντες
1240 4028 1332 4080 καὶ
1353 4025 1602 4095 ώμολογη
1613 4025 1708 4095 μέ-

105 4134 242 4188 νην,
266 4114 386 4167 οὑδὲ
409 4112 580 4175 οὕτως
600 4111 838 4182 ἐτόλμων
861 4111 967 4182 πρὸ
992 4111 1093 4180 τῆς
1119 4108 1467 4188 ὑποσχέσεως
1495 4109 1709 4179 καὶτῆς

107 4187 387 4254 ἐπανόδου
407 4209 430 4236 ο
465 4196 689 4262 ποιῆσαί
717 4214 769 4248 τι
800 4195 909 4248 τῶν
941 4194 1187 4266 νομίμων
1216 4187 1290 4246 ῶν
1317 4188 1462 4246 οὑτοι
1495 4191 1709 4245 ποιοῦσι

108 4284 218 4337 νῦν
241 4300 252 4312 ·
291 4281 438 4335 οὑτω
471 4282 565 4333 καὶ
589 4281 654 4333 σὺ
692 4280 896 4351 δυνήσῃ
927 4278 1016 4330 τὸν
1052 4277 1303 4330 Ἰουδαῖον
1335 4277 1706 4347 ἐπιστομίσαι.

122 4366 447 4438 Ἐρώτησον
491 4363 601 4435 γάρ
638 4363 822 4424 αὑτὸν,
855 4363 998 4424 τίνος
1039 4361 1226 4415 ἕνεκεν
1278 4360 1578 4430 νηστεύεις,
1611 4360 1710 4412 οὑκ

105 4452 258 4522 ἔχων
311 4449 406 4520 τὴν
455 4447 642 4511 πόλιν;
677 4446 779 4500 κᾶν
803 4447 954 4515 εἴπῃ,
987 4446 1069 4498 ὅτι
1104 4444 1395 4517 Προσδοκῶ
1427 4445 1526 4516 τὴν
1557 4445 1711 4498 πόλιν

106 4534 558 4603 ἀπολαμϐάνειν,
588 4531 708 4583 εἰπὲ
735 4529 872 4600 πρὸς
901 4529 1060 4582 αὑτόν
1081 4546 1094 4557 ’
1114 4528 1322 4582 Οὑκοῦν
1351 4528 1454 4592 ἕως
1485 4527 1550 4581 ἂν
1575 4529 1712 4581 ἀπο-

105 4617 298 4688 λάϐῃς
332 4615 592 4686 ἡσύχαζε.
643 4615 752 4670 Καὶ
801 4612 910 4683 γάρ
956 4614 1007 4664 οἰ
1053 4611 1198 4680 ἆγιοι
1246 4613 1462 4673 ἐκεῖνοι,
1494 4613 1597 4675 ’έως
1623 4613 1710 4664 ὅτε

104 4703 262 4772 πρὸς
286 4700 387 4768 τὴν
416 4698 650 4767 πατρίδα
675 4697 774 4767 τὴν
803 4695 1009 4750 ἑαυτῶν
1042 4695 1364 4766 ἐπανῆλθον,
1389 4695 1540 4749 οὐδὲν
1563 4694 1710 4746 ἐτόλ-

107 4803 243 4858 μων
276 4784 453 4836 ποιεῖν
491 4775 566 4834 ὧν
609 4783 672 4835 σὺ
704 4783 878 4843 ποιεῖς
910 4778 1194 4833 νῦν.”υθεν
1226 4779 1384 4851 δῆλον
1418 4780 1500 4832 ὅτι
1526 4795 1707 4849 παρα-

103 4871 310 4940 νομεῖς
341 4865 456 4930 νῦν,
497 4864 599 4919 κάν
632 4863 830 4935 μέλλῃς
859 4864 957 4933 τὴν
991 4863 1144 4916 πόλιν
1179 4863 1604 4933 ἀπολαμϐάνειν,
1633 4862 1709 4925 ὡς

107 4954 180 5007 σὺ
224 4952 359 5020 φῂς,
404 4951 498 5002 καὶ
531 4947 628 5010 τὰς
671 4948 806 5018 πρὸς
846 4945 977 4999 Θεὸν
1022 4946 1376 5014 παραϐαίνεις
1413 4946 1709 5016 συνθήκας,

107 5037 216 5090 καὶ
251 5033 356 5104 τὴν
386 5031 662 5086 πολιτείαν
690 5031 862 5100 αὑτὴν
885 5027 1206 5099 ὲνυϐρίζεις.
1238 5030 1382 5100 Πρὸς
1413 5030 1510 5098 μὲν
1533 5025 1628 5083 οὖν
1649 5030 1711 5082 τὸ

104 5122 219 5191 τὴν
267 5117 382 5169 τῶν
435 5115 704 5169 Ἰουδαίων
754 5111 1135 5182 ἀναισχυντίαν
1191 5113 1562 5182 ἐπιστομίσαι,
1619 5116 1712 5167 καὶ

105 5204 295 5267 δεῖξαι
328 5198 784 5270 παρανομοῦντας
815 5197 1030 5260 αὑτοὺς,
1066 5197 1228 5248 ἰκανά
1269 5197 1364 5248 καὶ
1391 5196 1458 5249 τά
1480 5200 1546 5266 τῇ
1580 5214 1714 5268 προ-

111 5288 263 5356 τέρᾳ
293 5283 529 5347 διαλέξει
565 5282 701 5354 πρὸς
729 5282 828 5351 τὴν
856 5281 1076 5350 ἀγάπην
1102 5278 1258 5350 ὑμῶν
1283 5281 1570 5350 εἰρημένα.

204 5379 439 5449 Ἐπειδὴ
463 5378 521 5432 δὲ
552 5379 615 5431 οὑ
641 5377 797 5430 τοῦτο
836 5376 1251 5446 ἐσπουδάκαμεν
1278 5377 1463 5446 μόνον,
1493 5377 1718 5429 ἐκείνων

107 5463 456 5536 ἀποῤῥάψαι
507 5463 578 5516 τὰ
613 5461 879 5532 στόματα,
933 5458 1071 5512 ἀλλὰ
1102 5462 1196 5513 καὶ
1245 5461 1343 5531 τὴν
1389 5461 1718 5532 Ἐκκλησίαν

179 5627 211 5654 ³
239 5623 376 5672 Tres
401 5634 518 5683 mss.
541 5619 657 5683 πρὸς
686 5617 938 5683 Ἰουδαίους
955 5617 1184 5683 λόγοςγζ

176 5690 214 5727 b
240 5686 330 5734 Sic
355 5676 590 5746 (ιυὶηαυιί
603 5695 718 5746 mss.
743 5687 892 5740 atque
914 5676 1187 5746 ila'légililr
1207 5681 1261 5746 in
1295 5678 1486 5746 Bibliis.
1508 5676 1645 5746 ‘Editi
1668 5681 1720 5746 οἱ

107 5753 203 5800 alii
229 5752 281 5797 ἐν
497 5739 660 5793 Paulo
701 5749 812 5839 [Bst
845 5748 948 5789 tres
983 5739 1098 5789 mss.
1123 5743 1302 5803 ἡμέραν
1338 5739 1601 5804 ἀρχομένης
1640 5744 1721 5796 τῆς

107 5815 308 5839 sui“..-
361 5826 410 5839 eu
458 5826 490 5839 Δρ
514 5821 730 5839 «enirn-vn
759 5820 884 5839 ουτ-ηπ

105 5815 212 5876 ἡμὲ
221 5828 330 5874 ρας,
360 5809 491 5863 εὐθὺς
514 5807 906 5868 περιεργάζονται.

183 5877 212 5903 ε
244 5873 351 5919 Sex
380 5883 496 5918 mss.
523 5870 706 5923 καὶτῆς
729 5862 1126 5927 ἐφόδουΜοτειη,
1154 5863 1306 5911 Savil.
1330 5870 1382 5910 et
1401 5865 1482 5910 alii
1521 5863 1600 5909 καὶ
1642 5868 1724 5919 τῆς

112 5935 388 5988 ἐπαινῶσιν.
421 5931 546 5980 Infra
568 5930 639 5976 ὅτι
661 5925 776 5976 anlé
799 5926 1057 5989 προσδοκῶ
1082 5925 1225 5972 deest
1249 5928 1296 5972 in
1314 5933 1505 5985 septem
1530 5937 1643 5972 mss.

457 6035 729 6094 PATROL.
777 6030 892 6090 Gn.
947 6028 1222 6090 ΧΙΝΗΙ.

1776 927 2065 984 παιδεῦσαι
2095 923 2357 995 μειζόνως
2384 921 2453 974 τά
2491 922 2668 974 οἰκεῖα
2690 920 2954 989 δόγματα·
2989 918 3138 991 φέρε
3171 922 3234 974 ὲκ
3264 939 3365 977 nr

1780 1012 2021 1086 ριουσίας
2056 1006 2328 1076 καὶτοῦτο
2368 1004 2744 1073 ἀποδείξωμεν
2771 1003 2951 1066 πάλιν,
2986 1004 3070 1056 ὅτι
3092 1001 3212 1056 οὔτε
3237 1006 3368 1058 ἀνα.

1777 1085 2034 1167 στήσεται
2074 1091 2258 1144 λοιπὸν
2292 1093 2320 1142 6
2355 1089 2502 1150 ναὸς,
2535 1086 2652 1138 οὑδὲ
2675 1086 2752 1148 εἰς
2786 1085 3180 1162 τὴνιπροτὲραν
3198 1090 3368 1141 ἐπαν-

1776 1179 1963 1250 ήξουσι
2036 1174 2329 1229 πολιτείαν.
2361 1171 2517 1225 Οῦτω
2553 1172 2661 1241 γαρ
2691 1170 2848 1240 ὑμεῖς
2893 1186 2953 1221 τε
2983 1169 3370 1241 ἀκριϐέστερον

1775 1263 1988 1316 εἴσεσθε
2007 1261 2075 1313 τὰ
2104 1257 2440 1312 ἀποστολικά
2472 1254 2741 1323 δόγματα,
2783 1252 2982 1308 ἐκεῖνοί
3013 1271 3071 1305 τε
3109 1253 3372 1324 μειζόνως

1779 1344 2105 1404 ἀσεϐοῦντες
2152 1341 2476 1394 ἁλώσονται.
2511 1336 2828 1406 Παρέξομεν
2873 1337 2930 1391 δὲ
2973 1337 3226 1409 μάρτυρα,
3251 1337 3376 1391 τού-

1778 1446 1885 1482 των
1918 1428 2018 1481 οὑκ
2044 1425 2296 1494 ἄγγελον,
2354 1425 2453 1476 οὑκ
2506 1421 2868 1493 ἀρχάγγελον,
2924 1408 3236 1476 ἀλλ’ίαὺτὸν
3282 1424 3374 1475 τὸν

1779 1513 1879 1581 τῆς
1913 1509 2242 1579 οἰκουμένης
2283 1507 2502 1574 ἀπάσης
2534 1505 2832 1573 Δεσπότην,
2861 1505 2951 1558 τὸν
2984 1505 3187 1575 Κύριον
3219 1508 3375 1577 ἡμῶν

1792 1594 2002 1666 Ἰησοῦν
2035 1591 2292 1662 Χριστόν.
2330 1587 2604 1642 Εἰσελθὼν
2644 1588 2752 1660 γὰρ
2779 1589 2860 1650 εἰς
2895 1588 2961 1642 τὰ
3004 1589 3372 1660 Ἱεροσόλυμα,

1782 1680 1991 1734 καὶτὸν
2026 1677 2151 1730 ναὸν
2186 1673 2330 1736 ἰδὼν,
2359 1674 2564 1739 ἔλεγεν,
2597 1673 2679 1725 ὅτι
2717 1673 2930 1725 Ἔσται
2977 1673 3376 1742 Ἰερουσαλὴμ

1783 1760 2124 1831 πατουμένη
2159 1760 2277 1813 ὑπὸ
2338 1755 2528 1811 ἐθνῶν
2561 1756 2831 1820 πολλῶν,
2861 1755 2974 1821 ἕως
3027 1753 3100 1813 οὗ
3145 1762 3377 1825 πληρω-

1784 1845 1934 1902 θῶσι
1964 1843 2156 1912 καιροὶ
2183 1839 2377 1896 ἐθνῶν
2403 1838 2654 1893 πολλῶν
2675 1837 2724 1902 4,
2753 1839 2845 1892 τὸν
2879 1840 3040 1910 μέχρι
3071 1840 3377 1906 συντελείας

1784 1932 1957 2000 λέγων
1973 1929 2190 2000 χρόνον.
2225 1927 2335 1978 Καὶ
2360 1925 2523 1978 πάλιν
2560 1921 2806 1994 περὶτοῦ
2841 1923 2969 1976 ναοῦ
3009 1923 3184 1976 ταῦτα
3215 1926 3376 1994 ήπεί-

1786 2015 1938 2086 λησε,
1978 2016 2091 2075 τοῖς
2147 2009 2418 2081 μαθηταῖς
2460 2005 2649 2061 εἰπών·
2682 2007 2757 2059 Οὑ
2801 2007 2875 2079 μὴ
2912 2008 3072 2083 μείνῃ
3105 2007 3252 2072 λίθος
3284 2011 3378 2066 ὲτέι

1788 2098 1936 2152 λίθον
1972 2099 2029 2150 ὲν
2057 2094 2134 2165 τῷ
2162 2094 2312 2162 τόπῳ
2341 2091 2536 2162 τούτῳ,
2568 2091 2674 2154 ἓως
2694 2086 2755 2144 οὗ
2785 2091 3090 2162 καταλυθῇ,
3123 2092 3213 2144 τὸν
3232 2093 3378 2161 ἀφα-

1793 2182 1983 2253 νισμὸν
2011 2179 2102 2232 τὸν
2130 2177 2370 2244 παντελῆ
2398 2177 2492 2228 καὶ
2529 2177 2628 2244 τὴν
2663 2176 2946 2245 ἐρήμωσιν
2975 2178 3381 2247 προαναφωνῶν

1793 2267 1890 2337 τὴν
1917 2267 1997 2328 εἰς
2025 2265 2197 2326 τέλος.
2244 2261 2382 2317 Ἀλλ’
2417 2263 2446 2314 6
2508 2259 2759 2322 Ἰουδαῖος
2819 2262 3240 2332 παραγράφεται
3285 2262 3381 2332 τήν

1798 2349 2104 2421 μαρτυρίαν
2125 2347 2363 2408 πάντως,
2408 2343 2503 2397 καὶ
2526 2344 2626 2396 οὑκ
2652 2342 2904 2411 ἀνέχεται
2927 2343 3035 2395 τῶν
3055 2344 3380 2415 εἰρημένων.

1807 2432 2029 2503 Ἐχθρὸς
2065 2430 2195 2501 γὰρ,
2231 2429 2416 2500 φησὶν,
2463 2428 2610 2480 ἐστὶν
2633 2426 2764 2496 ἐμὸς
2799 2428 2828 2478 ό
2855 2425 3027 2481 ταῦτα
3056 2427 3247 2494 λέγων·
3275 2428 3385 2496 ἐγὼ

1795 2515 1956 2569 αὑτὸν
2008 2512 2348 2584 ὲσταύρωσα,
2399 2510 2491 2561 καὶ
2537 2507 2649 2570 πῶς
2685 2508 2847 2561 αὑτοῦ
2881 2509 3254 2578 παραδέξομαι
3284 2511 3385 2580 τὴν

1801 2597 2106 2670 μαρτυρίαν
2129 2614 2142 2661 ;
2166 2594 2339 2649 Τοῦτο
2362 2595 2470 2664 γάρ
2497 2594 2614 2645 ὲστι
2638 2593 2699 2645 τὸ
2726 2592 3055 2661 θαυμαστὸν,
3083 2587 3382 2658 ὦΊουδακῖε,

1795 2685 1878 2737 ὅτι
1912 2683 1970 2734 ὃν
1998 2680 2372 2750 ὲσταύρωσας,
2401 2675 2540 2747 μετά
2583 2675 2645 2728 τὸ
2681 2674 3061 2745 σταυρωθῆναι
3111 2676 3231 2732 τότε
3292 2695 3386 2731 σου

1797 2771 1896 2840 τὴν
1926 2768 2079 2822 πόλιν
2101 2766 2341 2831 καθεῖλε,
2375 2765 2496 2817 τότε
2527 2778 2620 2815 σου
2643 2762 2732 2815 τὸν
2766 2762 2941 2831 δῆμον
2963 2762 3307 2833 διεσκόρπισε
3339 2775 3385 2829 ε,

1798 2855 1919 2909 τότε
1946 2853 2006 2906 τὸ
2032 2849 2185 2924 [629]
2211 2848 2363 2910 ἔθνος
2387 2846 2664 2916 πανταχοῦ
2693 2845 2991 2916 διέσπειρεο
3015 2844 3282 2902 διδάσκων
3309 2847 3388 2904 ὅτι

1799 2937 1997 3007 ἀνέστη
2023 2934 2120 2987 καὶ
2149 2932 2348 3004 ζῇ,καὶ
2379 2929 2476 2984 νῦν
2503 2932 2650 2983 ἐστιν
2677 2931 2739 2984 έν
2764 2931 2879 2990 τοῖς
2899 2929 3168 2998 οὐρανοῖς.
3211 2931 3389 2984 Ἐπει-

1799 3020 1865 3092 δὴ
1901 3021 2009 3092 γάρ
2035 3019 2123 3072 διὰ
2156 3018 2265 3071 τῶν
2295 3014 2620 3088 εὐεργεσιῶν
2649 3015 2750 3068 οὑκ
2768 3011 3038 3084 ἠθέλησας
3057 3012 3221 3068 αὑτοῦ
3253 3015 3390 3085 γνῶ-

1801 3124 1887 3159 ναι
1915 3106 2012 3176 τὴν
2042 3104 2295 3174 δύναμιν,
2340 3103 2428 3155 διὰ
2457 3100 2566 3152 τῶν
2622 3098 2896 3152 κολάσεων
2950 3099 3046 3152 καὶ
3086 3098 3194 3152 τῶν
3219 3117 3390 3170 τιμω-

1807 3189 1937 3261 ριῶν
1969 3187 2258 3241 ὲπαίδευσέ
2290 3202 2350 3241 σε
2379 3185 2478 3256 τὴν
2527 3185 2739 3253 ἄμαχον
2781 3183 2946 3236 αὑτοῦ
2973 3184 3075 3240 ,καί
3095 3185 3391 3253 ἀκαταγώσ

1803 3288 1985 3326 νιστον
2012 3270 2184 3342 ἰσχύν.
2237 3269 2375 3323 Ἀλλ’
2407 3268 2529 3322 οὑδὲ
2579 3266 2723 3320 οὑτω
2757 3266 3054 3331 πιστεύεις,
3095 3267 3215 3322 οὑδὲ
3247 3268 3394 3338 νομί.

1806 3357 1918 3421 ζεις
1948 3356 2109 3410 αὑτὸν
2140 3353 2278 3408 εἶναι
2324 3353 2479 3416 Θεὸν,
2525 3351 2741 3420 καὶτῆς
2794 3352 3120 3422 οἰκουμένης
3175 3352 3392 3424 ἀπάσης

1805 3443 2102 3512 Δεσπότην,
2139 3440 2252 3493 ἀλλ’
2285 3437 2569 3509 ἄνθρωπον
2597 3437 2691 3489 ’ένα
2719 3435 2827 3487 τῶν
2856 3437 3083 3491 πολλῶν.
3117 3437 3254 3507 Φέρε
3276 3433 3392 3499 οὖν,

1805 3526 1880 3588 ὼς
1916 3525 2003 3577 ἐπ’
2025 3523 2297 3594 ἀνθρώπῳ
2326 3521 2346 3560 ί
2375 3518 2729 3591 ποιησώμεθα
2753 3519 2850 3590 τὴν
2881 3519 3146 3584 ἐξέτασιν.
3179 3521 3304 3584 Πῶς
3336 3521 3394 3578 δὲ

1805 3608 1892 3659 ιτε
1919 3606 2220 3678 ἀνθρώπων
2259 3602 2562 3674 ποιούμεθα
2588 3603 2688 3670 τὴν
2746 3603 3022 3668 ὲξέτασιν;
3069 3604 3235 3662 Ὅταν
3269 3604 3394 3657 [δω-

1807 3691 1909 3758 μέν
1956 3707 2110 3752 τινας
2157 3687 2477 3759 ἀνθρώπους
2527 3689 2585 3738 ἐν
2623 3686 2830 3739 ἅπασιν
2881 3685 3262 3758 ἀληθεύοντας,
3300 3689 3395 3744 καὶ

1811 3774 1976 3844 μηδὲν
2003 3772 2256 3845 μηδαμοῦ
2281 3771 2668 3841 ψευδομένους,
2700 3769 2804 3823 κάν
2833 3769 3018 3840 ἐχθροὶ
3036 3771 3394 3840 τυγχάνοντες

1806 3852 1930 3919 ὦσι,
1955 3858 2047 3910 καὶ
2084 3857 2209 3909 νοῦν
2248 3855 2462 3925 ἔχωμεν
2492 3856 2538 3917 ε,
2567 3853 2835 3924 δεχόμεθα
2878 3855 2947 3908 τά
2979 3853 3071 3906 ὑπ’
3097 3855 3276 3908 αὑτῶν
3307 3855 3396 3908 λε·-

1809 3942 2038 4012 γόμενα·
2063 3939 2251 4009 ὥσπερ
2277 3933 2370 3991 οὖν
2397 3937 2525 3990 ὅταν
2561 3936 2761 4006 ἴδοιμεν
2784 3936 3148 4008 ψευδομένους
3184 3938 3234 4002 ιι,
3291 3939 3395 3992 κᾶν

1809 4025 2148 4095 ἀληθεύωσιν
2202 4023 2258 4075 έν
2277 4038 2450 4088 τισιν,
2503 4021 2624 4074 οὑδὲ
2655 4023 2837 4079 ἐκεῖνα
2867 4023 3064 4093 ῥᾳδίως
3092 4023 3394 4095 παραδεχό..

1811 4109 1972 4181 μεθα.
1996 4135 2000 4140 ·
2099 4114 2101 4117 ’

1883 4193 1948 4263 β’.
1968 4192 2105 4264 Φέρε
2122 4187 2237 4254 οῦν,
2258 4190 2458 4260 ἴδωμεν
2477 4191 2660 4243 ὁποῖον
2681 4190 2740 4242 τὸ
2762 4185 2896 4262 ἦθος
2915 4190 3010 4244 τοῦ
3027 4192 3286 4261 Χριστοῦ,
3303 4193 3398 4251 καὶ

1814 4280 1962 4341 ποῖος
1987 4279 2015 4330 6
2035 4276 2256 4348 τρόπος.
2283 4274 2418 4327 Οὑδὲ
2449 4274 2560 4345 γὰρ
2597 4273 2759 4329 τοῦτο
2787 4274 2945 4344 μόνον
2993 4280 3253 4347 προεῖπεν
3304 4279 3399 4335 καὶ

1814 4360 2290 4432 προανεφώνησεν,
2326 4358 2460 4411 ἀλλά
2481 4359 2575 4412 καὶ
2609 4357 2746 4412 ἄλλα
2771 4358 2940 4412 πολλά
2961 4359 3070 4412 τῶν
3097 4360 3400 4430 μελλόντων

1814 4443 2144 4515 ὲκϐήσεσθαι
2178 4442 2316 4512 μετά
2349 4443 2558 4515 μακρὸν
2607 4441 2834 4515 ὕστερον
2865 4444 3054 4513 χρόνον
3093 4445 3400 4514 προανηγό-

1815 4545 1977 4602 ρευσε
2005 4528 2148 4581 τότε.
2199 4527 2522 4595 Ἀγάγωμεν
2546 4527 2726 4579 τοίνυν
2753 4528 2968 4591 ὲκείνας
3001 4527 3098 4593 τὰς
3162 4531 3400 4601 προρρή-

1817 4631 1930 4675 σεις
1955 4615 2034 4676 εἰς
2064 4611 2249 4680 μέσον,
2275 4610 2376 4663 κᾶν
2395 4610 2508 4682 ἴδῃς
2523 4613 2579 4664 ὲν
2615 4612 2854 4674 ἐκείναις
2882 4611 3229 4683 ψευδόμενον,
3264 4612 3401 4685 μηδὲ

1817 4695 2017 4764 ταύτην
2043 4693 2333 4763 καταδέξῃ,
2368 4694 2502 4764 μηδὲ
2527 4693 2754 4768 νομίσῃς
2779 4691 2915 4748 εἶναι
2967 4697 3184 4767 πιστήν·
3225 4695 3290 4749 ἂν
3342 4697 3400 4754 δὲ

1819 4779 1934 4850 ἴδῃς
1954 4779 2012 4831 ὲν
2041 4777 2245 4831 ἅπασιν
2269 4777 2716 4848 ἀληθεύοντα,καὶ
2727 4779 2927 4850 ταύτην
2948 4780 3097 4843 τέλος
3118 4781 3401 4851 εἰληφυῖαν

1815 4863 1914 4936 τὴν
1943 4862 2266 4934 πρόρρησιν,
2317 4863 2409 4916 καὶ
2451 4863 2544 4916 τὸν
2601 4863 2806 4932 ἄφατον
2858 4865 3237 4935 μαρτυροῦντα
3276 4865 3403 4936 χρόν

1818 4948 1946 5001 vovi
1986 4949 2050 5017 τῇ
2090 4947 2195 4999 τῶν
2228 4947 2641 5019 προειρημένων
2671 4945 2921 5017 ἀληθεία,
2960 4947 3033 5018 μὴ
3059 4947 3400 5016 ἀναισχύντει

1820 5033 2148 5104 περαιτέρω,
2179 5032 2312 5101 μηδὲ
2343 5031 2636 5100 φιλονείκει
2661 5034 2774 5093 τοῖς
2805 5031 2954 5100 ἡλίου
3002 5032 3400 5102 φανερωτέροις

1820 5117 2158 5187 πράγμασιν.
2189 5117 2254 5167 Τί
2285 5111 2378 5169 οὖν
2405 5115 2497 5168 καὶ
2520 5113 2648 5167 ἀλλο
2678 5118 2956 5184 προεῖπεν,
2992 5113 3206 5185 ἴδωμεν.
3229 5116 3403 5186 Προσ-

1822 5199 1981 5270 ῆλθεν
2036 5200 2187 5271 αὑτῷ
2219 5202 2378 5270 γυνὴ,
2413 5198 2754 5270 ἀλάϐαστρον
2800 5199 2970 5270 μύρου
2999 5200 3196 5269 ἔχουσα
3241 5193 3374 5253 πολύ

1820 5285 2000 5355 τίμου,
2033 5287 2123 5337 καὶ
2160 5285 2385 5354 κατέχεε
2419 5285 2479 5336 τὸ
2501 5282 2697 5342 ἔλαιον.
2743 5283 3113 5354 Ἐπετίμησαν
3139 5287 3191 5351 οἱ,
3233 5285 3377 5354 μαθη

1820 5371 1912 5422 ταὶ
1930 5368 2006 5439 τῷ
2034 5366 2328 5439 γενομένῳ,
2360 5364 2620 5432 λέγοντες·
2680 5367 2839 5419 Atad
2861 5367 2947 5435 μὴ
2973 5367 3202 5437 ἐπράθη
3228 5369 3404 5423 τοῦτο

1888 5551 1916 5590 (1
1939 5553 2034 5601 Alii
2055 5551 2209 5613 καιροὶ
2227 5551 2369 5599 ἐθνῶν
2390 5549 2575 5603 πολλοί.

1884 5616 1901 5637 ⁸
1938 5615 2032 5662 Alii
2061 5613 2328 5674 ἐσκόρπισε.

1893 5674 1912 5711 τ
1939 5676 2037 5724 Alii
2057 5675 2128 5722 ἐπ’
2149 5673 2395 5736 ἀνθρώπῳ.
2424 5673 2523 5736 Alii
2544 5673 2617 5721 ἐπ’
2635 5673 2906 5735 ἀνθρώπων.

1892 5740 1916 5812 ξ
1941 5737 2221 5812 ξπρςεῠαιιξι·
2239 5735 2436 5812 ᾒωμεν.
2459 5735 2600 5812 τΕιιι-εεζ

1893 5803 1917 5870 ll
1942 5796 2081 5874 Qui“?
2104 5797 2209 5870 cpd.
2236 5796 2396 5874 ὥσπερ
2426 5797 2485 5873 αὖ
2509 5799 2653 5874 πάλιν
2674 5798 2730 5843 ἆν
2753 5799 2928 5868 ίδωμεχ
2947 5796 3273 5861 ψευδομένους.

1899 5864 1908 5898 i
1942 5861 2146 5929 l’lmjimi
2170 5873 2285 5909 mss.
2307 5859 2385 5909 καὶ
2409 5860 2677 5920 τὸνᾶφατον
2700 5859 3020 5928 μαρτυροῦντα
3030 5863 3403 5924 χρόνον,ΜΟΙὨΙ,

1831 5937 2178 5983 μαετυρωσαν.

3013 6025 3091 6086 23
