3920 6242
100 311 219 367 885

104 617 236 669 estis
266 615 510 669 mulieri?
535 616 719 669 bonum
743 618 875 671 enim
902 634 1028 687 opus
1056 618 1193 688 fecit.
1224 618 1348 672 Dico
1374 621 1505 673 enim
1533 623 1688 685 vobis,

99 707 419 775 ubicumque
462 708 797 777 praedicatum
837 711 992 777 fuerit
1022 710 1114 763 hoc
1156 712 1465 781 evangelium
1491 713 1543 765 in
1574 715 1688 766 uni-

94 815 248 852 rersa
275 809 437 863 terra,
467 800 657 852 dicetur
676 810 721 853 et
744 800 838 853 hoc
865 801 1001 869 quod
1026 802 1130 855 harc
1151 802 1298 871 fecit,
1327 802 1378 855 in
1402 807 1689 856 memoriam

91 892 215 959 ejus
250 890 356 961 (Ib.
395 907 442 944 υ.
476 891 561 947 10.
606 890 705 961 sq).
752 892 1009 948 Utrumne
1038 895 1285 949 mentitus
1312 904 1413 958 est,
1456 912 1521 949 au
1549 896 1683 949 dixit

89 1000 289 1037 verum
304 988 329 1038 ?
349 984 537 1039 Evenit
557 985 697 1055 quod
716 984 974 1056 praedixit,
992 1001 1057 1040 an
1077 985 1171 1040 fuit
1189 987 1343 1041 inane
1359 989 1686 1042 vaticinium?

91 1077 379 1147 Interroga
409 1077 680 1142 Judaeum;
714 1079 815 1133 etsi
843 1079 1032 1135 millies
1075 1079 1406 1149 perfricuerit
1434 1080 1679 1146 frontem,

88 1168 361 1223 adversus
413 1168 548 1224 hanc
588 1168 988 1238 praedictionem
1032 1187 1134 1224 non
1165 1172 1360 1241 poterit
1390 1172 1571 1227 oculos
1598 1180 1681 1225 at-

89 1259 317 1314 tollere.
349 1259 406 1314 In
436 1261 684 1314 omnibus
724 1260 866 1315 enim
898 1261 1149 1316 Ecclesiis
1181 1264 1462 1316 memorari
1491 1263 1682 1317 mulie-

86 1366 213 1405 rem
245 1353 511 1408 audimus.
543 1353 678 1408 Sunt
722 1354 986 1419 consules,
1017 1355 1199 1420 duces,
1244 1355 1363 1421 viri,
1408 1356 1677 1420 mulieres,

85 1447 331 1510 nobiles,
361 1447 615 1510 illustres,
650 1447 931 1516 splendidi,
963 1448 1014 1502 in
1042 1447 1289 1501 omnibus
1325 1448 1575 1513 urbibus;
1627 1459 1681 1503 et

85 1540 143 1593 in
176 1555 571 1610 quamcumque
598 1541 743 1594 orbis
775 1555 976 1609 partem
1004 1534 1307 1609 deveneris,
1329 1555 1537 1595 summo
1557 1556 1676 1596 cum

82 1632 315 1686 silentio
341 1632 524 1686 audies
551 1632 705 1700 hujus
731 1632 967 1687 mulieris
995 1631 1225 1687 ofﬁcium
1265 1650 1277 1687 :
1309 1648 1409 1687 nec
1458 1643 1541 1688 est
1569 1633 1675 1687 ulla

81 1724 281 1780 mundi
314 1726 483 1795 plaga,
520 1741 637 1795 quae
660 1723 854 1779 factum
883 1725 984 1780 hoc
1013 1725 1236 1794 ignoret.
1264 1726 1420 1797 Atqui
1447 1739 1574 1796 qu0t
1595 1741 1677 1781 re-

78 1830 183 1885 ges
215 1816 388 1869 multa
420 1830 711 1885 magnaque
738 1816 791 1870 in
834 1816 994 1870 urbes
1023 1816 1361 1870 contulerunt
1396 1817 1671 1883 beneﬁcia,

74 1906 227 1960 bella
260 1922 385 1961 cum
414 1905 566 1959 laude
590 1914 890 1975 gesserunt,
922 1915 1117 1975 tropaea
1143 1915 1457 1971 statuerunt,
1490 1916 1675 1977 gentes

77 2006 500 2061 conservarunt,
534 1997 691 2051 urbes
716 1996 1084 2061 condiderunt,
1107 2007 1160 2052 et
1187 1998 1494 2053 innumeros
1518 2014 1672 2068 para-

76 2106 214 2143 vere
256 2090 461 2143 reditus
500 2107 513 2143 :
544 2097 598 2144 et
628 2097 803 2143 tamen
834 2104 954 2143 cum
983 2090 1064 2144 his
1098 2091 1350 2159 praeclare
1388 2093 1552 2162 gestis
1596 2092 1671 2144 si-

74 2184 254 2237 lentio
288 2182 584 2254 teguntur?
626 2183 762 2237 Item
802 2184 1000 2254 reginae
1045 2185 1416 2255 primariaeque
1460 2184 1673 2241 feminae

71 2275 498 2329 innumerabilia
541 2273 818 2330 benefacta
867 2275 1208 2331 contulerunt
1254 2276 1306 2330 in
1340 2291 1434 2331 eos
1479 2276 1672 2347 quibus

72 2366 441 2437 imperabant,
462 2381 578 2436 quae
599 2381 667 2421 ne
691 2366 756 2421 de
778 2367 993 2422 nomine
1017 2367 1231 2438 quidem
1256 2368 1347 2423 ulli
1369 2378 1509 2423 notae
1524 2376 1667 2423 sunt.

70 2458 210 2513 Haec
244 2469 427 2512 autem
454 2457 658 2527 abjecta
689 2456 903 2525 mulier,
932 2473 1052 2529 quae
1091 2466 1296 2513 tantum
1339 2459 1525 2515 effudit
1569 2440 1667 2515 nn.-

68 2562 357 2621 guentum,
390 2558 500 2605 toto
528 2558 785 2605 terrarum
805 2549 935 2605 orbe
963 2550 1292 2607 decantatur.
1314 2550 1392 2607 Ne
1415 2552 1668 2622 temporis

65 2643 301 2712 quidem
334 2650 440 2694 tam
480 2642 738 2696 immensa
768 2641 1040 2712 longitudo
1066 2643 1377 2696 memoriam
1410 2643 1550 2697 illius
1582 2643 1666 2697 vel

67 2736 361 2800 exstinxit,
401 2735 485 2789 vel
514 2735 811 2804 exstinguet
836 2750 1107 2803 umquam,
1140 2735 1296 2805 idque
1323 2750 1443 2790 cum
1474 2737 1665 2790 factum

67 2828 258 2897 ipsum
306 2842 413 2881 non
440 2836 579 2881 esset
624 2828 828 2897 insigne
857 2845 871 2881 :
899 2827 1024 2897 quid
1054 2828 1196 2882 enim
1225 2828 1400 2896 magni
1425 2836 1539 2882 erat
1566 2844 1666 2881 un-

60 2930 338 2989 guentum
377 2919 687 2975 effundere?
735 2934 906 2989 neque
938 2934 1163 2989 persona
1202 2929 1345 2973 esset
1394 2919 1663 2984 celebris;

63 3025 195 3068 erat
236 3013 382 3068 enim
424 3012 615 3066 mulier
660 3011 864 3080 ahjecta
904 3029 916 3066 :
951 3026 1124 3085 neque
1151 3010 1306 3065 multi
1361 3020 1521 3066 testes
1567 3010 1665 3065 ad-

64 3114 264 3170 erant;
297 3120 416 3158 nam
448 3104 585 3158 inter
603 3102 889 3173 discipulos
914 3118 999 3158 res
1014 3111 1256 3173 estgesta
1281 3120 1294 3156 :
1321 3118 1491 3173 neque
1518 3102 1666 3158 locus

64 3197 311 3259 nobilis;
343 3211 516 3265 neque
531 3195 673 3249 enim
702 3194 803 3249 hoc
825 3193 949 3249 fecit
978 3210 1074 3264 per
1094 3194 1356 3249 theatrum
1382 3195 1661 3260 transiens,

64 3288 170 3343 sed
201 3289 254 3340 in
283 3286 442 3341 domo
468 3285 651 3341 decem
673 3285 947 3340 dumtaxat
967 3285 1272 3340 hominibus
1293 3286 1661 3357 praesentibus.

63 3382 333 3434 Attamen
362 3392 532 3447 neque
574 3393 819 3447 persona:
847 3378 1042 3444 vilitas,
1070 3393 1245 3448 neque
1275 3378 1488 3433 testium
1531 3394 1662 3448 pau-

60 3476 233 3531 citas,
267 3484 445 3539 neque
474 3468 574 3523 loci
620 3469 938 3533 obscuritas,
971 3482 1145 3539 neque
1172 3469 1277 3523 ulla
1307 3484 1397 3524 res
1441 3470 1544 3524 alia
1571 3485 1662 3539 po-

62 3564 177 3617 tuit
231 3562 374 3616 illius
420 3560 638 3615 abolere
686 3561 1019 3615 memoriam.
1065 3561 1205 3629 Quin
1246 3563 1424 3632 potius
1465 3564 1663 3633 reginis

59 3654 330 3710 omnibus
357 3667 421 3707 ac
449 3653 659 3722 regibus
690 3652 949 3707 universis
972 3652 1233 3707 celebrior
1271 3661 1353 3707 est
1380 3669 1521 3707 nunc
1547 3653 1663 3708 haec

60 3745 296 3809 mulier,
345 3759 443 3798 nec
468 3744 573 3797 ulla
603 3752 729 3798 aetas
770 3744 1021 3798 oblivioni
1051 3743 1266 3799 tradidit
1294 3743 1434 3813 quod
1464 3744 1660 3798 factum

58 3849 178 3894 est.
208 3836 365 3893 Unde
395 3836 468 3901 id,
497 3835 582 3890 dic
619 3835 770 3903 mihi,
811 3844 900 3890 aut
926 3835 1044 3905 quis
1074 3837 1174 3890 hoc
1200 3835 1413 3890 effecit?
1469 3833 1660 3889 Annon

62 3934 219 3986 Deus
264 3930 397 3999 ipse,
441 3928 526 3982 cui
564 3938 671 3981 tum
703 3926 804 3982 hoc
845 3926 1080 3982 ofﬁcium
1107 3927 1476 3997 praestabatur,
1524 3926 1661 3981 hanc

57 4025 274 4078 famam
305 4037 401 4091 per
430 4020 607 4074 omnia
649 4032 907 4075 terrarum
951 4018 1066 4073 loca
1112 4018 1403 4088 dispersit?
1429 4017 1660 4073 Proinde
1702 4062 1705 4065 λ

54 4118 158 4171 dic
185 4114 341 4177 mihi,
368 4128 494 4167 num
522 4110 827 4181 hujusmodi
856 4110 1147 4181 praedicere
1175 4110 1387 4163 virtutis
1414 4108 1660 4163 humanae

57 4206 320 4261 videtur?
366 4204 495 4271 Quis
535 4203 677 4257 enim
711 4217 854 4257 sana:
898 4201 1094 4257 mentis
1121 4201 1222 4255 hoc
1263 4200 1496 4255 dixerit?
1524 4200 1657 4255 Nam

53 4297 371 4369 praedicere
387 4311 504 4366 qua:
531 4295 763 4349 facturus
784 4304 945 4359 esset,
969 4293 1162 4347 mirum
1199 4291 1414 4361 quidem
1442 4307 1505 4347 ac
1528 4307 1657 4363 pro-

55 4392 342 4461 digiosum
370 4406 384 4442 :
412 4403 595 4442 verum
624 4385 914 4456 praedicere
937 4399 1055 4455 quae
1082 4384 1173 4441 alii
1197 4384 1388 4439 facturi
1413 4393 1554 4452 sunt,
1582 4384 1659 4440 ef-

55 4484 347 4550 ficereque
375 4490 428 4534 ut
458 4479 591 4533 ﬁdes
622 4478 727 4532 illis
754 4477 1032 4543 habeatur,
1060 4479 1269 4547 sintque
1294 4476 1503 4531 cunctis
1532 4492 1656 4547 per-

54 4576 285 4644 spicua,
315 4572 482 4626 multo
528 4571 701 4636 majus
727 4579 808 4624 est
849 4584 913 4623 ac
939 4569 1251 4622 mirabilius.
1284 4568 1488 4621 Rursus
1518 4583 1657 4636 prae-

52 4671 209 4725 dixit
238 4668 433 4721 Petro:
487 4664 658 4735 Super
684 4663 813 4716 hanc
839 4670 1029 4733 petram
1070 4660 1332 4729 ardiﬁcabo
1376 4659 1657 4714 Ecclesium

53 4778 262 4825 meam,
296 4769 340 4813 et
387 4767 546 4827 porta:
573 4756 723 4826 inferi
765 4772 866 4809 non
909 4754 1246 4825 praevalebunt
1286 4754 1523 4808 adversus
1547 4770 1657 4807 eam

60 4853 296 4925 (Matth.
325 4850 409 4906 16.
444 4850 556 4922 18).
596 4848 825 4904 Proinde
849 4847 934 4902 dic
964 4862 1080 4918 age,
1110 4847 1313 4909 Judaee,
1342 4847 1468 4918 quid
1494 4847 1658 4901 habes

53 4944 216 5017 quod
264 4940 648 5011 reprehendas,
695 4947 787 4993 aut
814 4937 1102 5008 redarguas
1145 4954 1211 4991 ex
1241 4938 1305 4991 iis
1352 4953 1470 5007 quae
1514 4938 1652 4992 dicta

48 5048 194 5097 sunt
214 5037 239 5090 ἲ
257 5035 395 5102 Quid
414 5035 596 5097 habes,
623 5048 729 5103 quo
749 5032 942 5085 doceas
967 5035 1101 5084 hanc
1121 5030 1514 5101 praedictionem
1537 5045 1657 5085 csse

50 5129 428 5190 mendacem?
450 5128 639 5181 Annon
661 5125 1020 5181 testimonium
1045 5139 1166 5178 cum
1193 5123 1349 5178 rebus
1370 5124 1651 5177 consentit.

47 5221 285 5277 etiamsi
332 5220 482 5274 mille
530 5218 702 5274 modis
745 5218 857 5287 ipse
900 5215 1190 5271 contendas
1223 5215 1283 5268 in
1335 5214 1655 5270 adversum?

46 5318 209 5383 Quot
241 5312 386 5366 enim
415 5309 555 5364 bella
583 5309 843 5363 adversus
865 5307 1159 5361 Ecclesiam
1185 5306 1445 5360 concitata
1487 5307 1653 5359 sunt?

48 5413 209 5472 Quot
249 5402 520 5458 exercitus
548 5400 808 5465 instructi,
840 5408 967 5469 quot
995 5414 1142 5452 arma
1186 5408 1345 5462 mota,
1375 5398 1516 5466 quod
1547 5414 1652 5452 non

46 5498 341 5555 cruciatus
376 5505 428 5549 et
459 5493 703 5564 supplicii
736 5509 902 5561 genus
929 5492 1301 5562 excogitatum,
1333 5490 1649 5561 sartagines,

48 5589 374 5659 catapultae,
406 5586 628 5653 lebetes,
658 5584 920 5649 fornaces,
965 5585 1110 5639 lacus
1139 5592 1194 5638 et
1223 5582 1530 5653 praecipitia,
1560 5582 1652 5637 be-
1724 5632 1727 5636 Α

46 5684 293 5739 stiarum
321 5679 532 5747 dentes,
560 5677 747 5743 maria,
790 5686 845 5732 et
872 5674 1309 5746 proscriptiones,
1337 5674 1545 5744 aliaque
1574 5674 1651 5726 in-

48 5785 293 5827 numera
351 5777 738 5827 tormentorum
794 5784 1011 5842 genera,
1042 5784 1214 5839 neque
1255 5766 1405 5821 dictis
1445 5778 1647 5821 memo-

1345 318 1705 378 ADVERSUS
1738 320 1812 379 Π]
1820 321 2032 382 1)]Εο5.
2074 325 2139 380 γ.

98 434 167 483 tis
195 431 445 498 denariis,
458 448 515 485 ac
533 433 705 484 datum
718 431 1016 501 pauperibus
1034 432 1246 503 (Matth.
1262 434 1353 488 26.
1372 436 1463 508 9)?
1480 437 1588 492 lloc
1610 454 1694 491 re-

96 523 457 592 prehendens
500 526 733 593 loquitur
773 527 825 580 in
864 527 1003 581 hunc
1032 527 1264 592 modum,
1320 528 1454 595 Quid
1502 530 1695 583 molesti

3277 351 3382 408 886

1803 440 1985 505 randa,
2018 458 2191 513 neque
2233 443 2385 501 factis
2415 447 2725 504 toleranda?
2749 453 2919 522 Atque
2946 453 3059 509 haec
3110 471 3213 512 non
3260 468 3379 513 tan-
3410 446 3421 453 ’

1803 538 1911 584 tum
1941 530 2010 586 ab
2035 536 2317 600 extraneis,
2362 552 2547 592 verum
2577 541 2735 595 etiam
2757 557 2786 595 a
2818 546 3012 599 nostris
3039 545 3369 603 domesticis.

1799 624 1929 678 Nam
1961 626 2115 680 civile
2159 628 2425 696 quoddam
2464 631 2661 686 bellum
2711 646 2995 705 occuparat
3044 640 3241 706 omnia,
3290 638 3386 691 vel

1795 713 1982 781 quovis
2011 715 2183 782 potius
2228 717 2371 772 civili
2412 720 2551 775 bello
2596 724 2963 790 perniciosius.
2995 727 3178 799 Neque
3222 733 3367 788 enim

1794 805 1936 860 cives
1980 808 2138 861 modo
2168 824 2287 864 cum
2317 811 2539 880 civibus,
2574 831 2760 871 verum
2786 820 2944 875 etiam
2993 827 3200 894 cognati
3246 842 3368 881 cum

1793 899 2051 965 cognatis,
2089 899 2365 955 domestici
2392 918 2511 957 cum
2543 905 2868 976 domesticis,
2899 912 3055 967 amici
3082 929 3202 969 cum
3230 919 3369 971 ami-

1790 990 1867 1041 cis
1895 990 2333 1047 conﬁictabantur
2363 1015 2376 1049 :
2410 998 2541 1051 nihil
2573 1008 2747 1055 tamen
2779 1002 2967 1057 horum
2994 1006 3237 1063 dissolvit
3268 1011 3370 1065 Ec-

1788 1081 2002 1135 clesiam
2025 1125 2038 1146 ,
2062 1099 2123 1139 ac
2152 1102 2217 1141 ne
2245 1086 2593 1145 inﬁrmiorem
2616 1092 2826 1161 quidem
2848 1095 3098 1151 reddidit.
3123 1102 3295 1169 Atque
3318 1103 3370 1156 id

1787 1186 1914 1225 sane
1945 1175 2137 1228 mirum
2178 1188 2231 1230 et
2256 1178 2584 1241 incredibile,
2636 1184 2776 1252 quod
2806 1184 2923 1241 haec
2947 1186 2998 1240 in
3032 1189 3159 1257 ipsis
3185 1192 3366 1246 statim

1785 1265 2090 1333 primordiis
2137 1279 2279 1323 mota
2326 1282 2470 1326 sunt.
2517 1273 2649 1328 Nam
2693 1276 2738 1329 si
2787 1284 2896 1330 tum
2926 1278 3207 1335 irruissent
3251 1283 3370 1337 haec

1783 1357 1997 1422 acerba,
2029 1369 2306 1429 postquam
2333 1363 2441 1431 jam
2472 1366 2677 1420 radices
2709 1377 2910 1437 egerat,
2940 1380 2993 1424 et
3024 1371 3219 1442 ubique
3252 1386 3364 1428 ter-

1783 1463 1960 1503 rarum
1985 1451 2277 1519 plantatum
2301 1463 2415 1508 erat
2438 1456 2799 1524 Evangelium,
2826 1459 2963 1514 haud
2989 1463 3209 1530 perinde
3231 1464 3363 1518 fuis-

1781 1548 1864 1592 set
1906 1540 2299 1609 admirandum,
2350 1561 2456 1599 non
2500 1548 2661 1602 fuisse
2700 1550 3013 1607 subversam
3044 1555 3359 1610 Ecclesium.

1780 1626 2041 1685 Caeterum
2069 1648 2187 1687 cum
2218 1635 2271 1689 in
2299 1635 2414 1703 ipso
2444 1637 2700 1693 doctrinae
2728 1642 2968 1707 exordio,
3009 1660 3181 1715 nuper
3211 1647 3359 1715 jacto

1779 1720 1899 1777 ﬁdei
1930 1725 2153 1790 semine,
2186 1728 2382 1783 teneris
2412 1730 2701 1785 etiamnum
2730 1733 3028 1789 auditorum
3062 1739 3350 1803 mentibus,

1778 1821 1857 1867 tot
1889 1815 2029 1870 bella
2069 1819 2363 1887 eruperint,
2397 1837 2485 1876 res
2528 1835 2738 1879 nostras
2769 1842 2871 1879 non
2900 1828 3072 1882 solum
3122 1831 3261 1883 nulla
3292 1848 3358 1885 ex
3402 1863 3410 1871 υ

1777 1916 1926 1974 parte
1970 1907 2131 1963 fuisse
2159 1911 2465 1979 diminutas,
2498 1930 2683 1969 verum
2714 1918 2871 1970 etiam
2920 1920 3137 1973 multam
3169 1936 3357 1975 acces—

1775 1999 1979 2054 sionem
2007 2000 2309 2070 adjunctam
2340 2002 2524 2069 fuisse,
2556 2004 2658 2060 hoc
2687 2007 2935 2063 nimirum
2959 2022 3175 2079 supcrat
3198 2027 3358 2065 omne

1776 2089 2110 2146 miraculum.
2137 2092 2214 2147 Ne
2242 2094 2361 2164 quis
2388 2106 2566 2151 autem
2595 2096 2777 2152 dicere
2809 2102 2996 2168 possit,
3035 2102 3177 2171 quod
3210 2119 3356 2157 nunc

1775 2182 2009 2237 Ecclesia
2041 2194 2161 2252 post
2186 2200 2367 2254 pacem
2397 2203 2428 2240 a
2456 2188 2670 2258 regibus
2714 2190 2991 2258 praebitam
3018 2193 3353 2248 constabilita

1774 2273 1863 2337 sit,
1886 2288 2006 2328 cum
2036 2284 2179 2330 esset
2199 2277 2393 2344 minor,
2425 2293 2547 2333 cum
2572 2280 2841 2336 videretur
2860 2284 3198 2352 imbecillior,
3229 2296 3354 2341 tunc

1774 2363 1918 2419 illam
1967 2368 2258 2445 oppugnari
2295 2370 2546 2439 permisit
2594 2371 2775 2427 Deus:
2826 2383 2885 2427 ut
2912 2375 3138 2442 ediscas,
3186 2377 3349 2432 etiam

1772 2454 1913 2525 quod
1962 2471 2104 2512 nunc
2132 2458 2184 2511 in
2218 2467 2330 2513 tuto
2372 2460 2462 2526 sit,
2515 2476 2622 2515 non
2666 2463 3004 2519 tribuendum
3038 2482 3157 2522 esse
3212 2471 3347 2537 paci,

1771 2561 1929 2616 quam
1974 2557 2227 2617 praestant
2255 2564 2429 2619 reges,
2459 2552 2552 2606 sed
2590 2567 2620 2606 a
2655 2556 2890 2623 potentia
2930 2556 3037 2619 Dei
3062 2558 3349 2626 proﬁcisci.

1842 2639 1896 2693 5.
1927 2637 2081 2692 Multi
2105 2641 2274 2694 conati
2296 2651 2411 2695 sunt
2432 2658 2585 2695 novas
2606 2643 2843 2698 inducere
2866 2646 3016 2716 leges,
3048 2664 3177 2702 unus
3199 2647 3351 2703 Chri-

1769 2739 1876 2785 stus
1905 2731 2084 2800 potuit.
2112 2761 2181 2770 —
2203 2731 2259 2785 ld
2288 2742 2343 2786 ut
2367 2746 2658 2803 cognoscas
2677 2749 2799 2790 esse
2827 2752 3031 2800 verum,
3060 2750 3247 2807 reputa
3272 2751 3349 2794 tc-

1768 2840 1912 2891 cum,
1940 2840 2098 2896 quam
2132 2826 2281 2881 multi
2309 2828 2483 2880 conati
2515 2828 2623 2882 sint
2658 2828 2797 2897 apud
2826 2828 3041 2885 Graecos
3066 2832 3348 2901 Opiniones

1769 2933 1935 2973 novas
1965 2933 2028 2973 ac
2052 2918 2359 2988 peregrinas
2388 2920 2599 2975 vivendi
2623 2922 2860 2977 rationes
2901 2923 3175 2991 inducere,
3206 2927 3349 2981 velut

1768 3008 1933 3073 Zeno,
1963 3008 2133 3076 Plato,
2161 3010 2428 3078 Socrates,
2454 3012 2727 3082 Diagoras,
2771 3014 3120 3086 Pythagoras,
3154 3018 3348 3088 aliique

1768 3100 2031 3155 innumeri
2057 3118 2070 3153 :
2103 3110 2279 3156 tamen
2309 3102 2443 3158 adeo
2470 3119 2575 3158 non
2604 3105 2864 3167 vicerunt,
2896 3114 2953 3159 ut
2983 3107 3247 3177 plerisque
3279 3125 3347 3162 ne

1765 3191 1833 3246 de
1854 3192 2065 3247 nomine
2085 3193 2299 3263 quidem
2316 3193 2424 3249 sint
2448 3196 2579 3263 noti,
2601 3195 2845 3252 Christus
2864 3208 3040 3253 autem
3060 3215 3167 3253 non
3190 3201 3349 3254 modo

1766 3285 2091 3354 praescripsit
2116 3288 2239 3341 vitae
2287 3285 2535 3353 formam,
2570 3304 2756 3343 verum
2787 3290 2946 3344 etiam
2981 3289 3117 3344 hanc
3145 3291 3343 3360 ubique

1766 3387 2027 3432 terrarum
2054 3378 2327 3447 plantavit.
2350 3379 2518 3447 Quam
2546 3380 2711 3436 multa
2732 3382 2898 3436 fertur
2919 3383 3230 3451 Apollonius
3252 3384 3343 3438 ille

1764 3468 2013 3539 Tyaneus
2041 3469 2275 3525 fecisse?
2316 3470 2514 3526 Verum
2546 3473 2621 3526 uti
2657 3473 2845 3539 scires,
2875 3474 2965 3528 illa
3008 3476 3185 3530 omnia
3224 3492 3348 3530 esse

1764 3561 2012 3628 conﬁcta,
2039 3576 2195 3629 vana,
2229 3562 2361 3617 nihil
2392 3564 2639 3618 habentia
2670 3566 2780 3620 veri
2808 3584 2821 3620 :
2851 3566 3110 3620 exstincta
3136 3577 3258 3621 sunt
3284 3579 3341 3622 et

1764 3654 1924 3708 tinem
1956 3662 2296 3723 acceperunt.
2327 3653 2443 3709 Jam
2474 3670 2540 3709 ne
2581 3655 2700 3724 quis
2738 3655 3027 3710 arbitretur
3064 3666 3342 3712 contume-

1764 3744 1889 3798 liam
1918 3758 2039 3800 esse
2068 3744 2287 3811 Christi,
2325 3745 2466 3814 quod
2497 3745 2563 3801 de
2605 3745 2699 3800 illo
2728 3746 2889 3800 verba
2922 3746 3195 3812 facientes,
3230 3748 3338 3819 Py-

1764 3837 2019 3907 thagorae,
2042 3836 2300 3902 Platonis,
2328 3836 2579 3903 Zenonis,
2605 3846 2661 3891 et
2684 3837 2882 3908 Tyanei
2900 3838 3299 3893 meminerimus
3325 3857 3338 3891 :

1762 3943 1869 3981 non
1899 3928 2040 3983 enim
2084 3928 2136 3982 id
2167 3927 2395 3981 facimus
2421 3944 2487 3982 ex
2527 3928 2689 3982 animi
2724 3930 2891 3983 nostri
2920 3930 3202 3998 sententia,
3244 3932 3337 3986 sed

1764 4018 1829 4073 ad
1853 4018 2157 4089 Judaeorum
2188 4018 2549 4073 infirmitatem
2574 4033 2672 4073 nos
2694 4019 2838 4089 ipsos
2862 4019 3224 4085 demittentes,
3247 4022 3340 4091 qui

1762 4110 1985 4165 creduot
2028 4125 2149 4165 eum
2204 4125 2324 4166 esse
2375 4109 2575 4165 nudum
2620 4109 2931 4174 hominem;
2983 4110 3164 4166 itidem
3206 4121 3261 4166 et
3310 4128 3343 4165 a

1763 4203 1927 4259 Paulo
1952 4202 2145 4257 factum
2172 4211 2255 4258 est
2295 4201 2428 4275 (Act.
2464 4201 2575 4275 17).
2608 4203 2657 4258 ls
2699 4203 2841 4258 enim
2869 4203 3142 4273 ingressus
3170 4204 3340 4258 Athe-

1763 4309 1950 4348 narum
1996 4294 2205 4359 urbem,
2248 4309 2353 4349 non
2395 4309 2461 4349 ex
2492 4292 2769 4362 prophetis
2815 4308 2914 4348 nec
2942 4309 3010 4348 ex
3054 4294 3344 4365 Evangelio

1762 4400 1881 4440 cum
1913 4385 2014 4439 illis
2039 4384 2309 4450 disseruit,
2336 4383 2434 4439 sed
2477 4383 2544 4438 ab
2569 4398 2662 4438 ara
2703 4383 2843 4453 cepit
2874 4383 3297 4439 exhortationem
3323 4403 3337 4438 :

1762 4492 1868 4530 non
1899 4476 2041 4546 quod
2070 4491 2216 4529 aram
2239 4475 2382 4529 illam
2409 4475 2475 4529 ad
2499 4474 2795 4530 faciendam
2823 4474 2980 4531 ﬁdem
3006 4477 3122 4545 plus
3144 4476 3342 4532 habere

1762 4568 2017 4623 momenti
2052 4567 2317 4633 crederet,
2349 4581 2507 4637 quam
2537 4566 2845 4636 Evangelia,
2894 4582 3069 4637 neque
3096 4567 3237 4637 quod
3269 4568 3340 4621 li-

1762 4669 1903 4715 teras
1932 4659 2042 4713 illic
2071 4659 2355 4727 inscriptas
2385 4657 2623 4727 potiores
2650 4657 2871 4713 duceret
2906 4659 3216 4729 prophetis;
3244 4660 3353 4717 sed.

1760 4752 2007 4822 quoniam
2033 4766 2152 4805 cum
2183 4751 2429 4821 gentibus
2455 4750 2779 4822 disputabat,
2812 4765 2931 4821 quae
2971 4750 3100 4804 nulli
3130 4762 3342 4807 nostro—

1760 4859 1879 4898 rum
1904 4843 2231 4897 voluminum
2258 4843 2504 4909 credunt,
2534 4858 2565 4896 a
2596 4842 2829 4914 propriis
2858 4843 3095 4911 ipsorum
3121 4842 3341 4913 dogma-

1761 4937 1899 4991 tibus
1927 4937 2070 5004 ipsos
2112 4950 2394 5006 aggressus
2420 4944 2522 4991 est.
2554 4935 2690 4989 Hinc
2710 4941 2793 4989 est
2819 4933 2963 5002 quod
3000 4936 3111 4987 ait:
3146 4933 3341 4988 Factus

1760 5044 1872 5081 sum
1899 5027 2099 5081 Iudaeis
2141 5037 2197 5081 ut
2233 5027 2468 5090 Judazus,
2502 5026 2580 5079 his
2621 5024 2707 5094 qui
2731 5025 2841 5077 sine
2868 5025 2973 5094 lege
3002 5032 3164 5089 erant,
3210 5035 3342 5077 tam-

1760 5135 1909 5189 quam
1936 5135 2092 5173 essem
2119 5119 2228 5172 sine
2261 5119 2407 5188 lege;
2435 5133 2549 5170 cum
2590 5117 2699 5171 sine
2719 5116 2827 5187 lege
2869 5132 2970 5168 non
3012 5132 3168 5169 essem
3205 5115 3337 5181 Deo,

1758 5212 1847 5265 sed
1870 5227 2026 5265 essem
2068 5210 2121 5263 in
2148 5210 2253 5280 lege
2280 5209 2466 5263 Christi
2511 5207 2586 5278 (1.
2616 5205 2735 5262 Cor.
2765 5207 2821 5261 9.
2848 5206 2941 5260 20.
2986 5204 3102 5274 ‘21).
3152 5205 3340 5260 Itidem

1765 5314 1819 5358 et
1862 5302 2058 5358 veteris
2097 5300 2400 5355 testamenti
2448 5299 2720 5369 Scriptura
2762 5297 2887 5352 facit
2911 5297 2977 5351 de
3006 5298 3115 5350 Deo
3140 5296 3341 5352 ludatis

1762 5394 2019 5463 loquens:
2053 5392 2131 5446 sic
2160 5389 2302 5445 enim
2354 5392 2464 5443 ait:
2500 5390 2624 5456 Qui:
2668 5390 2844 5442 similis
2875 5388 2947 5439 tui
2973 5388 3027 5440 in
3072 5388 3190 5452 diis,
3222 5386 3338 5441 Do-

1760 5486 1891 5537 mine
1936 5483 2125 5555 (Exod.
2159 5484 2245 5537 15.
2280 5482 2404 5550 ll)?
2433 5481 2569 5549 Quid
2599 5480 2946 5549 aisMoyses?
2998 5479 3143 5533 Itane
3182 5493 3337 5533 com-

1758 5579 1965 5648 paratio
1994 5587 2076 5630 est
2115 5576 2220 5630 ulla
2254 5576 2347 5629 Dei
2394 5576 2504 5632 veri
2534 5590 2597 5629 ac
2623 5574 2846 5627 deorum
2876 5570 3167 5626 falsorum?
3198 5571 3334 5637 Non,

1759 5670 1949 5739 inquit,
1972 5668 2071 5723 hoc
2093 5677 2147 5721 ut
2164 5669 2615 5737 comparationem
2642 5666 2886 5720 inducam
2909 5665 3159 5735 loquutus
3180 5679 3297 5718 sum
3322 5680 3334 5716 :

1760 5762 1853 5818 sed
1879 5762 1998 5831 quia
2027 5762 2091 5819 ad
2119 5762 2329 5819 Judacos
2360 5764 2488 5818 mihi
2517 5772 2628 5818 erat
2650 5776 2848 5831 sermo,
2887 5762 2975 5832 qui
3004 5762 3339 5832 magniﬁcam
