3920 6276
529 425 546 434 '
599 409 708 463 887

603 524 670 578 do
691 521 1019 578 diemonibus
1045 519 1238 574 habent
1259 502 1584 589 Opinionem,
1607 518 1672 572 ad
1703 519 1906 573 illorum
1934 517 2173 572 imbecil-

601 615 798 670 litatem
844 628 928 666 me
976 611 1381 666 accommodans
1422 611 1523 666 hoc
1561 611 1781 666 docendi
1823 625 2017 680 genere
2053 625 2171 664 sum

602 719 746 758 usus.
777 702 1037 768 Quoniam
1071 702 1229 771 igitur
1261 701 1412 756 nobis
1437 717 1644 770 quoque
1663 701 1947 770 disputatio
1969 710 2050 755 est
2073 700 2170 755 ad-

598 810 782 870 versus
821 793 1056 860 Judteos,
1102 792 1192 862 qui
1218 792 1488 848 Christum
1533 793 1836 850 existimant
1877 791 2170 860 simplicem

599 886 762 940 fuisse
803 885 1095 950 hominem,
1127 893 1181 938 et
1206 885 1333 953 legis
1373 883 1861 952 prmvaricatorem:
1895 892 2169 952 propterea

593 980 662 1033 ab
694 981 780 1042 iis,
801 994 918 1046 quze
948 976 1085 1045 apud
1123 985 1309 1045 gentes
1336 976 1389 1028 in
1427 975 1777 1030 admiratione
1801 984 1942 1040 sunt,
1988 975 2170 1029 induxi

594 1069 1067 1136 comparationem.
1092 1067 1242 1135 Quod
1262 1069 1307 1122 si
1329 1067 1484 1120 vultis
1506 1081 1590 1120 me
1615 1075 1666 1120 et
1691 1081 1896 1131 eorum,
1921 1066 2011 1134 qui
2032 1063 2170 1134 apud

597 1161 740 1229 ipsos
765 1160 976 1214 Judzeos
1004 1159 1189 1214 eadem
1219 1157 1394 1213 conati
1419 1166 1543 1211 sunt
1563 1168 1616 1211 et
1644 1157 1930 1224 discipulos
1961 1155 2060 1210 sibi
2084 1155 2170 1208 ad-

591 1259 884 1317 sciverunt,
932 1263 988 1306 et
1018 1253 1282 1321 principes
1323 1258 1415 1304 aut
1459 1250 1713 1320 praesides
1751 1249 2030 1318 designati,
2076 1247 2168 1302 sed

592 1344 837 1412 protinus
866 1345 1110 1399 exstincti
1140 1351 1282 1408 sunt,
1313 1342 1558 1412 exempla
1587 1355 1866 1396 recensere
1896 1359 1908 1392 :
1949 1355 2045 1408 age
2074 1355 2168 1393 co-

595 1437 836 1490 nabimur
861 1448 916 1490 et
936 1437 1011 1490 sic
1039 1435 1425 1499 demonstrare.
1459 1435 1571 1489 lloc
1600 1434 1756 1504 igitur
1792 1432 1949 1486 modo
1973 1430 2168 1486 Gama-

586 1520 679 1582 liel
723 1541 783 1581 os
811 1527 1074 1581 obturavil
1114 1526 1236 1580 illis.
1283 1527 1414 1579 Cum
1459 1526 1600 1578 enim
1632 1523 1834 1578 videret
1877 1523 1995 1576 illos
2027 1523 2167 1574 iusa-

589 1619 814 1685 nieutes,
831 1618 1152 1688 cupidosque
1167 1603 1468 1671 ellâ€˜undeudi
1487 1615 1756 1684 sanguinis
1771 1613 2165 1682 discipulorum,

592 1709 817 1766 studens
860 1727 954 1765 eos
996 1710 1062 1764 ab
1113 1709 1385 1778 impotenti
1433 1708 1644 1762 vesania
1691 1706 1957 1769 cohibere,
2002 1703 2167 1774 jussis

523 1847 526 1850 .
591 1802 857 1871 paulisper
878 1801 1130 1856 secedere
1155 1801 1428 1869 apostolis.
1474 1800 1553 1872 sic.
1579 1798 1644 1852 ad
1681 1798 1796 1852 illos
1825 1797 1982 1851 verba
2003 1795 2164 1850 fecit:

591 1895 872 1962 Prospicite
897 1895 1030 1948 vobis
1051 1894 1172 1963 quid
1199 1895 1260 1946 de
1280 1893 1357 1945 his
1383 1891 1664 1944 hominibus
1682 1890 1791 1943 sitis
1810 1887 2017 1960 facturi.
2039 1887 2168 1940 Ante

588 1989 678 2041 hos
711 1989 841 2040 enim
872 1987 976 2039 dies
1020 1995 1220 2038 exortus
1245 1994 1314 2038 est
1347 1982 1600 2044 Theudae,
1631 1983 1798 2034 dicens
1840 1995 1893 2033 se
1925 1994 2030 2033 esse
2067 1976 2167 2030 ali-

584 2094 734 2147 quem
764 2095 783 2134 :
826 2089 872 2132 et
918 2080 1108 2148 sequuti
1138 2088 1254 2131 sunt
1279 2078 1420 2130 illum
1449 2076 1541 2128 viri
1581 2071 1956 2143 quadringenti,
2005 2079 2050 2124 et
2080 2069 2168 2125 ille

591 2172 761 2242 periit,
807 2182 854 2225 et
883 2188 1051 2224 omnes
1080 2177 1315 2238 quotquot
1354 2167 1399 2221 ei
1427 2175 1723 2236 paruerunt,
1765 2165 1977 2234 dispersi
2025 2171 2161 2216 sunt.

586 2262 653 2318 Et
679 2274 787 2333 post
817 2262 961 2316 illum
991 2273 1192 2316 exortus
1233 2271 1304 2316 est
1343 2259 1379 2312 J
1385 2259 1510 2312 udas
1537 2257 1800 2325 Gali/(eus,
1832 2258 1917 2327 qui
1959 2257 2166 2312 abduxit

583 2356 783 2415 turbam
806 2372 1062 2424 magnam,
1083 2363 1128 2407 et
1158 2364 1380 2406 mortuus
1411 2362 1502 2417 est,
1526 2351 1860 2421 discipulique
1883 2351 2021 2404 illius
2047 2367 2164 2420 per-

584 2449 769 2503 ierunt.
818 2445 885 2498 Et
914 2462 1044 2498 nunc
1086 2445 1196 2497 dico
1223 2443 1358 2496 vobis
1393 2457 1413 2497 :
1442 2442 1682 2496 attendite
1720 2442 1873 2503 vobis,
1923 2442 2162 2511 quoniam

582 2542 624 2593 si
649 2555 773 2609 Opus
800 2539 894 2591 hoc
924 2537 1077 2607 fuerit
1101 2553 1164 2590 ea:
1185 2535 1489 2600 hominibus,
1514 2534 1844 2596 dissolvetur;
1871 2535 1948 2587 sin
1973 2550 2036 2587 ea:
2056 2533 2162 2586 Deo

579 2644 673 2693 est,
698 2647 798 2684 non
828 2628 1054 2699 poteritis
1075 2626 1203 2681 illud
1229 2625 1517 2688 dissolvere,
1547 2641 1608 2677 ne
1630 2623 1758 2690 forte
1783 2624 2164 2690 comperiamini

580 2734 624 2777 et
649 2724 886 2776 adversus
918 2721 1080 2774 Deum
1107 2735 1332 2788 pugnare
1363 2716 1499 2789 (Act.
1533 2717 1585 2772 5.
1620 2716 1850 2784 55-59).
1888 2714 2038 2770 Unde
2061 2716 2158 2784 igi-

580 2825 666 2869 tur
688 2814 1024 2868 mauifestum
1052 2821 1151 2873 est.
1184 2812 1294 2866 fore
1323 2811 1440 2864 utsi
1468 2825 1535 2864 ex
1558 2809 1857 2862 hominibus
1879 2808 1948 2860 sit
1970 2807 2163 2860 dissol-

579 2918 751 2960 vatur.
800 2904 1261 2972 Experimeutum,
1324 2900 1514 2969 inquit,
1570 2899 1786 2968 cepistis
1838 2913 1867 2951 a
1919 2898 2054 2952 Juda
2108 2907 2161 2951 et

578 2995 816 3051 Tlieltda.
852 2993 1033 3063 Itaque
1055 3001 1109 3048 et
1137 2993 1224 3047 hic
1248 2992 1338 3060 qui
1376 2993 1442 3046 ab
1468 2991 1584 3045 istis
1608 2990 1945 3059 praedicatur,
1969 2989 2014 3043 si
2044 2989 2160 3044 talis

573 3095 680 3153 est,
725 3086 909 3154 quales
950 3084 1162 3158 fuerunt
1199 3083 1294 3148 illi,
1329 3097 1430 3137 nec
1471 3082 1647 3135 divina
1687 3081 1915 3151 potentia
1959 3081 2162 3150 peragit

577 3181 793 3234 omnia:
833 3185 1140 3246 exspectate
1165 3175 1450 3245 paulisper,
1483 3183 1536 3227 et
1567 3174 1681 3241 ipse
1728 3187 1902 3227 rerum
1939 3179 2159 3228 eventus

576 3268 728 3322 vobis
778 3265 936 3322 faciet
977 3266 1131 3321 fidem
1167 3283 1180 3319 :
1209 3280 1274 3320 ex
1304 3265 1417 3333 ipso
1452 3264 1556 3318 line
1585 3264 1935 3334 cognoscetis,
1979 3273 2155 3317 utrum

586 3361 672 3413 hic
702 3357 772 3413 sit
811 3362 1087 3428 iinpostor,
1119 3368 1179 3411 ut
1206 3356 1401 3421 dicitis,
1429 3370 1492 3409 ac
1524 3355 1653 3425 legis
1683 3363 2061 3425 transgressor,
2089 3369 2156 3408 an

579 3451 721 3508 Deus
775 3450 1019 3504 universa
1047 3463 1387 3512 conservans,
1421 3446 1774 3517 incll'abilique
1803 3447 2038 3516 potentia
2069 3461 2155 3501 res

587 3541 1236 3611 mortaliumdispcnsans
1267 3540 1671 3608 moderansque.
1719 3538 1868 3607 Quod
1900 3538 2039 3603 dico,
2080 3538 2156 3592 fa-

570 3647 711 3690 ctum
733 3645 834 3692 est.
854 3637 1257 3706 Exspectarunt,
1285 3646 1339 3689 et
1363 3649 1430 3689 ex
1453 3634 1580 3703 ipsis
1607 3633 1758 3687 factis
1787 3631 2048 3687 declarata
2073 3641 2156 3686 est

567 3729 742 3782 divina
769 3741 823 3782 et
851 3726 1271 3797 inexpugnabilis
1316 3726 1572 3796 potentia.
1605 3725 1778 3793 Atque
1809 3721 1908 3778 hoc
1956 3723 2146 3777 inven-

567 3829 700 3884 tum,
736 3819 878 3889 quod
905 3818 970 3873 ad
999 3816 1344 3886 decipiendos
1383 3815 1637 3885 plurimos
1677 3814 1968 3869 adhibitum
2014 3821 2148 3877 erat,

563 3921 826 3967 retortum
863 3919 946 3965 est
971 3912 1023 3964 in
1049 3919 1206 3979 caput
1229 3907 1442 3964 diaboli.
1471 3907 1601 3963 Nam
1624 3921 1742 3960 cum
1771 3905 1973 3960 videret
2003 3905 2149 3959 illum

565 4003 870 4069 advenisse,
894 4003 1077 4056 volens
1097 4001 1238 4055 illius
1259 4001 1544 4055 obscurare
1563 3999 1847 4054 adventum
1867 4011 2150 4066 veramque

565 4093 1040 4164 dispensationem,
1062 4092 1307 4146 submisit
1331 4093 1644 4160 deceptores
1681 4090 1897 4159 aliquot,
1931 4105 2035 4158 quo
2063 4089 2145 4140 vi-

563 4187 754 4239 delicet
783 4192 838 4238 et
861 4185 948 4238 ille
967 4199 1103 4238 unus
1123 4199 1188 4238 ex
1213 4197 1396 4238 eorum
1419 4197 1641 4237 numero
1661 4191 1951 4252 putaretur.
1970 4181 2147 4251 Quod-

565 4291 668 4344 que
697 4275 752 4329 in
795 4289 954 4329 cruce
996 4273 1141 4340 fecit,
1184 4289 1493 4344 procurans,
1527 4283 1581 4327 ut
1605 4273 1710 4327 duo
1741 4274 1970 4327 latrones
2017 4287 2139 4327 cum

566 4369 659 4422 illo
685 4366 1157 4437 crueiligcrentnr:
1189 4367 1328 4420 idem
1357 4365 1482 4420 fecit
1505 4366 1558 4420 in
1589 4365 1729 4420 illius
1755 4365 2004 4428 adventu,
2029 4375 2140 4419 stu-

565 4462 700 4516 dens
731 4463 1006 4515 veritatem
1036 4460 1271 4514 admixto
1297 4459 1574 4514 mendacio
1602 4459 1887 4514 obscurare
1912 4477 1924 4511 :
1959 4473 2139 4512 verum

565 4564 666 4607 nec
690 4551 795 4604 illic
825 4551 1116 4619 pnevalnit,
1147 4566 1245 4604 nec
1285 4550 1392 4616 hic,
1418 4551 1544 4620 quin
1576 4551 1803 4603 maxime
1839 4549 1939 4603 hoc
1970 4551 2140 4619 ipsum

564 4642 852 4711 potentiam
894 4642 1089 4695 Christi
1134 4641 1439 4696 declaravit.
1468 4640 1679 4709 Alioqui
1707 4641 1792 4694 dic
1819 4641 1972 4704 mihi,
2020 4656 2136 4703 cur,

564 4748 685 4788 cum
715 4742 823 4788 tres
866 4731 1064 4786 fuerint
1091 4733 1329 4786 crueilixi
1370 4733 1555 4786 eodem
1596 4734 1732 4796 loco,
1767 4732 1955 4787 eodem
2003 4742 2138 4787 tem-

562 4842 715 4898 pore,
741 4824 840 4878 sub
883 4823 1070 4879 iisdem
1113 4825 1392 4893 iudicibus,
1438 4824 1513 4878 illi
1541 4824 1818 4891 sileantur,
1863 4825 1951 4880 hic
1994 4826 2140 4879 solus

559 4916 848 4970 adoretur?
890 4916 1094 4971 Rursus
1121 4931 1275 4986 quam
1305 4915 1373 4969 ob
1399 4930 1509 4970 rem
1541 4915 1773 4980 tandem,
1805 4932 1925 4969 cum
1961 4915 2138 4984 plures

561 5023 753 5062 novam
777 5009 984 5062 vivendi
1014 5009 1272 5062 rationem
1299 5007 1623 5073 induxerint,
1651 5022 1713 5062 ac
1739 5007 2026 5076 discipulos
2049 5008 2139 5060 ha-

560 5101 792 5167 buerint,
837 5101 1046 5154 illorum
1085 5117 1150 5154 ne
1189 5114 1381 5154 nciuen
1408 5099 1621 5170 quidem
1649 5099 1804 5152 hodie
1838 5107 2018 5152 notum
2047 5097 2132 5160 sit,

561 5190 648 5246 hic
679 5206 771 5261 per
794 5206 980 5245 omnes
1007 5191 1186 5244 mundi
1215 5191 1392 5260 plagas
1415 5190 1660 5244 colatur?
1682 5188 1788 5241 Res
1812 5189 1952 5241 enim
1977 5188 2137 5255 potis-

562 5285 756 5338 simum
799 5285 1107 5340 eluccscunt
1148 5300 1211 5337 ex
1241 5284 1544 5337 collatione.
1577 5281 1771 5335 Confer
1801 5283 1898 5334 ista
1926 5280 2071 5343 mihi,
2103 5297 2136 5333 Î¿

562 5372 765 5436 Iudaee,
796 5389 857 5428 ac
881 5374 1023 5428 disce
1057 5375 1293 5427 veritatis
1313 5374 1700 5428 excellentiam.
1730 5374 1858 5438 Quis
1880 5372 2135 5440 impostor

564 5471 640 5517 tot
667 5465 929 5519 Ecclesias
952 5474 1061 5518 toto
1083 5477 1341 5519 terrarum
1365 5465 1492 5518 orbe
1526 5464 1766 5533 paravit?
1787 5464 1916 5529 Quis
1945 5463 2011 5515 ab
2038 5479 2132 5516 ex-

565 5568 749 5609 treuus
776 5558 841 5610 ad
870 5569 1106 5611 extrema
1128 5558 1309 5612 mundi
1338 5558 1536 5612 cultum
1563 5573 1714 5611 suum
1738 5555 1986 5625 protulit?
2007 5556 2132 5619 Quis

563 5664 752 5702 omnes
781 5648 1046 5717 subjectos
1085 5651 1288 5714 habuit,
1330 5651 1485 5720 idque
1511 5666 1629 5704 cum
1654 5657 1835 5703 essent
1859 5649 2132 5703 iunmncra

561 5740 875 5793 obstacula?
905 5739 1072 5795 Nemo
1097 5757 1245 5795 sane.
1276 5744 1464 5795 Annon
1489 5741 1648 5809 igitur
1670 5740 2004 5808 perspicuum
2027 5749 2128 5802 est,

555 5826 830 5884 Christum
855 5845 957 5886 non
985 5846 1103 5886 esse
1130 5834 1492 5900 impostorem,
1525 5832 1616 5886 sed
1659 5836 1998 5897 salvatorem,
2030 5831 2126 5887 sed

1339 407 1394 462 s.
1435 405 1712 462 somnus
1748 402 2219 460 cunvsosrom
2257 401 2567 456 anetum.
2611 377 3141 467 CONSTANTINOP.

3741 401 3834 457 888

2277 515 2592 584 hctieï¬cum,
2611 518 2704 573 sed
2729 531 3049 588 curatorem,
3069 523 3160 577 sed
3185 523 3470 596 principem
3494 529 3614 585 vita:
3632 541 3826 588 nostra.

2277 605 2504 662 Proinde
2530 607 2596 662 ad
2628 609 2680 663 id
2706 611 2844 680 quod
2871 621 2989 666 erat
3029 617 3355 683 propositum
3396 620 3600 684 redibo,
3628 623 3670 677 si
3697 627 3826 694 prius

2276 712 2434 751 unam
2464 697 2638 752 adhuc
2669 701 3066 769 prazdictionem
3112 705 3384 762 addidero.
3418 709 3540 764 Non
3587 713 3713 779 veni,
3755 716 3827 770 in-

2276 789 2408 857 quit,
2441 791 2635 844 mittere
2657 811 2831 862 pacem
2861 811 3014 864 super
3040 805 3246 863 terram,
3272 803 3360 853 sed
3386 803 3613 872 gladium
3633 805 3826 878 (Matth.

2278 879 2364 934 lO.
2393 880 2485 951 54)
2514 898 2526 933 :
2560 898 2664 935 non
2690 882 2969 940 declarans
2993 887 3118 956 quid
3148 887 3262 958 ipse
3289 904 3525 961 cuperet,
3549 897 3642 950 sed
3671 914 3828 954 rerum

2275 980 2522 1026 eventum
2569 974 2878 1040 praedicens.
2917 976 3042 1032 Veni
3070 981 3220 1047 enim,
3267 982 3455 1054 inquit,
3497 1004 3737 1060 separare
3755 993 3832 1046 ho-

2275 1063 2459 1116 minem
2494 1065 2733 1120 adversus
2775 1080 2967 1138 patrem
2987 1088 3156 1138 suum,
3203 1084 3249 1129 et
3291 1094 3475 1131 nurum
3500 1081 3831 1136 adversusÂ»

2275 1170 2412 1207 crum
2441 1171 2602 1223 suam,
2635 1167 2682 1210 et
2706 1159 2866 1226 ï¬liam
2895 1157 3140 1213 adversus
3159 1164 3367 1220 matrem
3393 1187 3537 1223 suam
3558 1170 3662 1241 (Ib.
3682 1174 3829 1242 v.35).

2278 1244 2429 1300 Unde
2461 1247 2574 1301 haec
2603 1249 2867 1316 praedixit,
2918 1252 2962 1306 si
2995 1254 3124 1308 nihil
3152 1255 3294 1311 aliud
3323 1270 3437 1314 erat
3479 1277 3638 1330 quam
3669 1263 3828 1328 homo,

2275 1349 2328 1393 et
2372 1354 2503 1394 unus
2532 1343 2789 1411 quispiam
2818 1359 2849 1399 e
2893 1345 3090 1417 vulgo?
3125 1348 3275 1416 Quod
3317 1362 3491 1406 autem
3518 1355 3680 1420 dicit,
3710 1355 3833 1410 hunc

2275 1431 2435 1487 habet
2481 1449 2696 1490 sensum
2725 1454 2738 1490 :
2770 1438 3018 1507 quoniam
3064 1443 3260 1509 evenit,
3293 1453 3350 1498 ut
3392 1446 3441 1498 in
3472 1448 3661 1501 eadem
3691 1448 3834 1502 domo

2274 1537 2412 1577 unus
2441 1525 2508 1578 sit
2537 1525 2724 1592 tidelis,
2756 1528 2892 1584 alter
2921 1529 3162 1586 .intidelis
3189 1550 3200 1585 :
3234 1533 3424 1590 deinde
3454 1548 3608 1606 pater
3633 1540 3754 1594 velit
3777 1541 3832 1594 ti-

2275 1615 2400 1670 lium
2450 1631 2602 1671 suum
2652 1619 2960 1688 pertrahere
3003 1623 3068 1676 ad
3115 1623 3436 1695 impietatem
3479 1646 3494 1682 :
3535 1629 3638 1685 hoc
3677 1632 3832 1701 ipsum

2273 1707 2568 1776 praedicens
2590 1710 2662 1763 ait
2687 1726 2700 1764 :
2721 1710 2857 1766 adeo
2881 1713 3058 1768 vincet
3084 1715 3349 1788 Evangelii
3382 1731 3637 1789 potestas,
3671 1737 3727 1776 ut
3751 1724 3831 1778 lilii

2272 1814 2482 1868 quoque
2524 1811 2866 1858 contemnant
2895 1813 3073 1874 patres
3103 1821 3250 1876 suos,
3298 1820 3351 1865 et
3378 1812 3497 1867 lilia:
3543 1825 3760 1880 matres,
3788 1827 3834 1871 et

2273 1901 2517 1956 parentes
2563 1892 2778 1949 liberos.
2808 1894 2924 1950 Non
2966 1897 3140 1952 solum
3183 1912 3355 1955 autem
3401 1905 3547 1972 prius
3578 1905 3835 1963 habebunt

2271 1979 2562 2037 familiares
2624 1993 2988 2053 contemnere,
3033 2005 3216 2044 verum
3245 1995 3404 2048 etiam
3434 2011 3584 2050 suam
3616 2000 3833 2054 animam

2270 2089 2538 2143 exponere
2556 2116 2572 2144 ,
2600 2089 2896 2149 cunctaque
2923 2083 3188 2138 sustinere
3216 2099 3278 2138 ac
3309 2089 3530 2155 perpeti,
3563 2108 3632 2144 ne
3681 2094 3839 2160 pieta-

2270 2175 2374 2221 tem
2396 2168 2679 2239 abnegent.
2709 2169 2860 2227 Unde
2897 2171 3012 2228 hzec
3039 2175 3124 2228 ille
3155 2184 3264 2229 tum
3305 2179 3464 2244 scire,
3495 2190 3604 2234 tum
3635 2183 3836 2239 efï¬cere

2271 2261 2461 2327 potuit,
2491 2263 2532 2316 si
2562 2261 2658 2316 fuit
2687 2262 2847 2318 homo
2875 2281 3010 2320 unus
3037 2267 3294 2337 quispiam
3325 2284 3355 2324 e
3384 2271 3575 2341 vulgo?
3601 2273 3748 2331 Unde
3770 2278 3834 2329 illi

2258 2351 2414 2430 lvenit
2440 2353 2493 2407 in
2536 2363 2770 2409 mentem
2797 2355 2910 2410 htec
2936 2359 3191 2428 cogitare,
3231 2360 3370 2430 quod
3401 2363 3512 2432 ipse
3553 2366 3677 2418 ï¬liis
3707 2379 3836 2422 esset

2268 2444 2443 2530 ruagis
2463 2446 2784 2501 reverendus
2809 2446 3015 2502 futurus
3043 2465 3200 2520 quam
3233 2462 3427 2520 patres,
3477 2457 3619 2524 quod
3650 2475 3834 2528 paren-

2270 2531 2407 2586 tibus
2431 2532 2632 2588 dulcior
2658 2551 2813 2605 quam
2850 2537 3022 2602 liberi,
3048 2540 3188 2609 quod
3221 2543 3473 2598 uxoribus
3511 2543 3833 2602 desiderabi-

2269 2617 2367 2674 lior
2395 2638 2551 2691 quam
2599 2625 2814 2678 mariti?
2857 2627 3013 2697 idque
3065 2643 3171 2682 non
3223 2645 3322 2684 una
3366 2633 3420 2686 in
3448 2633 3630 2695 domo.
3674 2653 3836 2708 neque

2266 2713 2488 2779 duabus,
2537 2732 2707 2785 neque
2738 2717 2926 2784 tribus,
2959 2735 3128 2790 neque
3178 2721 3386 2790 decem,
3421 2742 3594 2796 neque
3636 2731 3836 2800 viginti,

2266 2822 2434 2874 neque
2457 2819 2690 2874 centum,
2719 2810 2814 2864 sed
2844 2811 3036 2881 ubique
3065 2821 3345 2883 terrarum,
3391 2819 3442 2870 in
3471 2819 3694 2874 urbibus
3721 2840 3835 2876 om-

2266 2897 2422 2952 nibus
2465 2913 2527 2952 ac
2571 2901 2898 2969 regionibus,
2950 2904 3192 2970 interra,
3240 2905 3291 2959 iu
3324 2908 3476 2973 mari,
3508 2919 3562 2963 et
3591 2912 3646 2964 in
3692 2924 3838 2982 parte

2265 2986 2446 3041 mundi
2477 2989 2706 3044 habitata
2732 2991 2888 3046 simul
2909 3002 2962 3047 et
2993 2994 3360 3050 inhabitabili?
3384 2998 3490 3052 Nec
3515 3001 3645 3055 illud
3673 3006 3836 3071 possis

2263 3079 2480 3134 dicere:
2512 3080 2645 3134 dixit
2679 3082 2890 3151 quidem
2920 3083 3039 3151 ista,
3080 3101 3265 3140 verum
3313 3086 3450 3142 haud
3480 3092 3736 3159 perduxit
3775 3097 3837 3149 ad

2261 3168 2528 3223 effectum.
2576 3171 2890 3242 Complures
2935 3176 3089 3244 igitur
3130 3177 3180 3230 in
3230 3179 3531 3246 primordiis
3579 3182 3837 3240 Ecclesiae

2261 3269 2418 3330 atque
2443 3263 2577 3316 adeo
2604 3279 2742 3317 nunc
2770 3280 2978 3334 quoque
3007 3266 3076 3320 ob
3107 3267 3354 3336 pietatem
3398 3269 3672 3327 habentur
3695 3277 3836 3342 odio,

2261 3351 2542 3420 cjiciuntur
2565 3368 2596 3407 e
2617 3355 2848 3422 paternis
2867 3355 3092 3422 aedibus,
3123 3373 3220 3413 nec
3249 3359 3312 3415 ad
3335 3361 3622 3431 quidquam
3648 3363 3836 3418 horum

2262 3453 2616 3506 revertuntur,
2641 3441 2851 3500 abunde
2878 3462 3123 3516 magnum
3146 3450 3387 3503 solatium
3410 3466 3530 3506 esse
3552 3453 3834 3517 ducentes,

2258 3533 2396 3602 quod
2429 3533 2542 3587 lucc
2570 3544 2785 3603 pmpter
2824 3535 3092 3592 Christum
3142 3541 3522 3609 perpetiantur.
3556 3543 3657 3598 Dic
3689 3547 3835 3608 mihi,

2258 3625 2376 3692 quis
2422 3623 2533 3678 lucc
2574 3643 2819 3696 umquam
2870 3631 3038 3697 potuit
3069 3631 3205 3684 inter
3239 3631 3520 3686 homines?
3550 3635 3652 3689 llic
3685 3639 3837 3706 igitur

2260 3717 2372 3770 haec
2400 3719 2576 3771 omnia
2611 3720 2871 3788 prwdixit,
2902 3720 2968 3775 de
2999 3721 3220 3776 muliere
3242 3723 3352 3789 illa,
3383 3723 3449 3777 de
3479 3724 3751 3790 Ecclesia,
3777 3729 3836 3782 de

2257 3806 2395 3861 bello
2424 3807 2523 3862 hoc
2569 3825 2582 3864 :
2626 3809 2764 3863 idem
2810 3811 3050 3878 praedixit
3075 3813 3323 3881 templum
3354 3815 3644 3880 ruiturum,
3681 3817 3834 3871 Jero~

2254 3899 2513 3968 solymam
2544 3914 2757 3970 captum
2803 3902 2886 3966 iri,
2919 3918 3144 3974 eamque
3172 3905 3433 3960 civitatem
3466 3923 3572 3962 non
3604 3912 3836 3980 amplius
3900 3971 3901 3974 Î·

2253 3992 2366 4046 lore
2413 3993 2677 4048 civitatem
2723 3993 3046 4064 Judzeorum,
3103 4007 3159 4051 ut
3208 4008 3360 4053 antea
3401 3998 3510 4071 (Id.
3561 4001 3688 4073 24).
3736 4004 3836 4058 lta-
3900 4063 3901 4076 Î¹

2253 4099 2356 4153 quc
2377 4084 2419 4138 si
2441 4085 2690 4140 mentitus
2713 4095 2795 4140 est
2811 4087 2893 4140 illa
2913 4087 3109 4152 omnia,
3130 4104 3229 4143 nec
3247 4102 3537 4146 evenerunt
3553 4110 3684 4161 qua:
3697 4112 3839 4164 pra:-

2250 4174 2402 4240 dixit,
2452 4177 2533 4231 his
2581 4177 2738 4231 ï¬dem
2768 4194 2922 4248 nega.
2954 4179 3102 4246 Quod
3133 4181 3176 4233 si
3214 4181 3360 4234 vides
3398 4182 3485 4236 illa
3528 4184 3837 4240 clarissime

2249 4270 2510 4336 evenisse,
2544 4269 2704 4339 inque
2732 4269 2846 4325 dies
2876 4271 3111 4340 singulos
3153 4286 3456 4342 augescere,
3491 4291 3676 4346 neque
3709 4277 3836 4330 infe-

2249 4374 2425 4411 rorum
2453 4368 2634 4427 portas
2659 4360 2912 4415 adversus
2939 4361 3230 4418 Ecclesiam
3254 4365 3570 4433 przevalere;
3604 4369 3655 4420 si
3691 4371 3836 4422 vides
3900 4367 3901 4372 â€œ

2246 4449 2388 4520 quod
2431 4453 2619 4506 mulier
2647 4453 2732 4506 illa
2774 4453 2917 4520 fecit,
2966 4456 3238 4524 praedicari
3267 4466 3413 4511 tanto
3435 4458 3547 4527 jam
3579 4471 3744 4533 temp
3769 4481 3835 4515 ire

2249 4560 2342 4612 per
2372 4545 2674 4598 universum
2720 4546 2933 4611 orbem;
2965 4547 3012 4600 si
3059 4546 3299 4601 homines
3328 4549 3417 4618 qui
3447 4549 3524 4604 illi
3566 4554 3831 4607 credide-

2245 4646 2389 4699 runt,
2416 4653 2537 4692 eum
2571 4638 2735 4706 pluris
2765 4637 2968 4692 faciunt
2991 4655 3146 4709 quam
3177 4647 3443 4709 parentes,
3493 4657 3669 4712 quam
3705 4661 3835 4699 uxo-
3900 4669 3901 4672 Î·

2244 4747 2350 4796 res,
2378 4747 2538 4802 quam
2568 4732 2762 4786 liberos
2789 4749 2800 4784 :
2833 4747 2948 4798 cur,
2981 4748 3182 4801 quaeso,
3212 4733 3333 4788 huic
3361 4735 3452 4788 uni
3485 4738 3838 4804 praedictiuni

2247 4824 2400 4878 ï¬dem
2449 4840 2556 4878 non
2608 4823 2867 4878 adhibes?
2918 4827 3208 4893 praesertim
3256 4842 3378 4881 cum
3422 4843 3490 4881 ex
3535 4829 3664 4897 ipso
3708 4844 3840 4884 tem-

2246 4931 2372 4985 pore
2426 4915 2782 4970 testimonium
2839 4916 2977 4969 illius
3029 4917 3291 4971 silentium
3352 4918 3594 4988 imponat
3658 4922 3840 4990 impu-

2242 5009 2434 5064 dentia:
2465 5019 2586 5063 tuae.
2617 5008 2766 5076 Quod
2796 5008 2840 5062 si
2870 5019 2988 5078 post
3032 5009 3292 5064 excidium
3323 5010 3467 5064 urbis
3499 5027 3614 5066 non
3655 5025 3840 5068 trans-

2245 5101 2409 5154 issent
2445 5099 2544 5153 nisi
2592 5101 2778 5154 decem
2810 5101 2952 5160 anui,
2984 5110 3072 5153 aut
3098 5100 3301 5170 viginti,
3334 5110 3424 5154 aut
3454 5103 3713 5172 triginta.
3757 5114 3841 5157 aut

2241 5192 2656 5261 quinquaginta:
2689 5193 2902 5245 minime
2934 5200 3103 5244 tamen
3137 5193 3358 5246 decebat
3388 5193 3466 5247 vel
3499 5203 3620 5247 tum
3667 5199 3843 5264 á¼°Î·Î¹ÏÏ…Î¿

2240 5284 2429 5337 denter
2471 5283 2766 5348 obsistere,
2814 5283 3020 5336 etiamsi
3066 5281 3250 5337 fuisset
3291 5284 3466 5353 aliqua
3525 5285 3840 5340 reluctandi

2241 5376 2481 5435 occasio;
2535 5376 2641 5442 jam
2671 5391 2815 5434 vero,
2845 5375 3020 5427 sinon
3071 5375 3443 5443 quinquaginta.
3497 5386 3751 5439 tantum,
3792 5389 3843 5429 et
3900 5397 3901 5404 Î¾

2240 5475 2475 5527 centum,
2527 5467 2631 5518 imo
2680 5465 2760 5518 bis
2790 5481 2853 5518 ac
2884 5475 2962 5518 tcr
2990 5473 3189 5517 tantum
3219 5481 3502 5527 annorum,
3539 5469 3842 5536 multoque

2240 5557 2489 5626 amplius,
2541 5558 2790 5625 przlttut'iit
2823 5568 2938 5624 post
2967 5558 3230 5611 civitatem
3260 5569 3489 5625 captam,
3550 5576 3663 5616 nec
3698 5563 3837 5614 inte-

2241 5649 2337 5700 rim
2368 5648 2528 5700 ullum
2563 5648 2860 5714 vestigium,
2891 5657 2979 5700 aut
3009 5648 3191 5701 umbra
3223 5652 3462 5718 apparuit
3499 5650 3648 5718 ejus,
3675 5667 3841 5722 quam

2238 5739 2588 5806 chpcctatis,
2639 5739 2943 5794 mutationis
2987 5757 3000 5794 :
3052 5756 3150 5793 cur
3202 5740 3394 5794 frustra
3451 5742 3734 5816 nullaque
3785 5747 3847 5797 dc.

2239 5844 2393 5883 causa
2417 5829 2467 5882 in
2502 5830 2822 5896 impudentia
2851 5831 3201 5901 perseveras?
