3832 6252
55 361 101 413 η
1231 354 1555 410 ADVERSU

1662 353 1938 411 'UDxEOS.
1978 356 2041 411 Υ.

56 476 171 530 ,ὖτον
191 472 284 541 τῆς
324 470 662 536 διδασκαλίας
687 474 976 543 εἰσήγαγον
1006 473 1093 525 τὸν
1145 473 1362 543 τρόπον.
1392 474 1545 525 Ἐπεὶ

56 579 86 609 ιν
107 557 192 609 καὶ
214 558 342 626 ἡμῖν
362 555 495 625 πρὸς
538 555 816 618 Ἰουδαίους
855 558 882 607 ὁ
911 556 1082 623 λόγος,
1118 556 1242 618 τοὺς
1267 556 1546 626 ἄνθρωπον

53 642 141 695 ιλὸν
168 638 299 693 εἶναι
331 639 646 709 νομίζοντας
700 640 790 691 τὸν
837 639 1068 710 Χριστὸν
1110 640 1202 692 xui
1236 640 1547 708 παράνομόν

54 744 128 788 να,
150 723 231 775 διὰ
254 720 404 774 τοῦτο
424 722 517 774 xui
549 722 656 776 ἀπὸ
682 722 789 774 τῶν
816 722 941 791 παρ’
959 722 1181 793 Ἕλλησι
1211 722 1550 791 θαυμαζομέ-

54 828 99 862 υν
128 806 485 876 ἐποιησάμεθα
518 808 615 878 τὴν
672 806 934 870 ἐξέτασιν.
966 807 1030 859 Εἰ
1081 806 1136 858 δὲ
1169 805 1418 874 βούλεσθε
1458 807 1549 858 xui

53 894 101 943 τὸ
130 890 228 943 τῶν
257 891 383 961 παρ’
412 891 595 953 αὐτοῖς
632 891 789 943 τοῦτο
817 890 1272 961 ἐγχειρησάντων,
1302 890 1395 942 xui
1449 907 1551 958 μα-

53 975 156 1045 γτάς
193 974 622 1043 συναγαγόντων,
661 977 756 1028 xui
777 978 857 1039 εἰς
885 976 1170 1046 ἄρχοντας,
1196 974 1289 1027 xui
1316 976 1394 1036 εἰς
1419 990 1551 1043 προ-

51 1059 187 1119 εάτας
215 1057 643 1127 ἀναρρηθέντων,
696 1060 789 1112 καὶ
819 1058 1149 1113 σϐεσθέντων
1184 1056 1402 1119 εὐθέως,
1429 1059 1550 1108 ἐπι-

51 1144 321 1213 ειρήσωμεν
341 1144 463 1205 ταῖς
489 1142 792 1207 ἀποδείξεσι
836 1144 1081 1205 ταύταις.
1108 1141 1261 1193 Οὕτω
1288 1138 1417 1207 γοῦν
1460 1142 1552 1192 xui

57 1226 89 1276 Γ
92 1223 313 1296 αμαλιὴλ
368 1226 565 1288 αὐτοὺς
593 1227 967 1297 ἐπεστόμισεν.
1007 1225 1223 1295 Ἐπειδὴ
1276 1226 1382 1294 γὰρ
1416 1219 1553 1275 εἶδεν

51 1309 181 1370 ὅτούς
210 1310 590 1378 μαινομένους,
621 1312 712 1364 xui
751 1310 1146 1381 ἐπιθυμοῦντας
1174 1311 1233 1363 τὸ
1280 1305 1418 1381 αἷμα
1446 1310 1553 1362 τῶν

51 1390 238 1459 ιθητῶν
266 1392 497 1461 ἐκχέειν,
532 1392 853 1463 βουλόμενος
880 1396 1075 1457 αὐτοὺς
1126 1394 1225 1463 τῆς
1253 1394 1551 1446 ἀκαθέκτου

50 1474 185 1534 ανίας
221 1477 529 1543 κατασχεῖν,
559 1475 817 1539 κελεύσας
850 1477 954 1542 ἔξω
980 1478 1200 1547 ποιῆσαι
1235 1476 1405 1548 βραχὺ
1431 1479 1555 1542 τούς

49 1557 327 1619 ποστόλους,
369 1557 511 1611 οὕτω
544 1560 677 1628 πρὸς
722 1561 919 1624 αὐτοὺς
970 1562 1173 1629 ἔλεγεν·
1227 1563 1557 1630 Προσέχετε

50 1640 213 1705 avtqu
239 1639 335 1693 ἐπὶ
365 1640 491 1706 τοῖς
538 1641 868 1710 ἀνθρώποις
922 1644 1169 1708 τούτοις,
1206 1644 1262 1695 τί
1306 1643 1557 1712 μέλλετε

50 1724 294 1789 [κίσσειν.
337 1723 457 1791 Πρὸ
485 1724 595 1791 γὰρ
636 1727 861 1779 τούτων
900 1724 1018 1778 τῶν
1060 1725 1291 1794 ἡμερῶν
1331 1726 1554 1796 ἀνέστη

50 1806 234 1871 ευδιὶς,
265 1806 459 1875 λέγων
490 1804 645 1861 εἶναι
672 1826 805 1861 τινα
834 1810 1069 1863 ἑαυτόνο
1101 1809 1199 1862 καὶ
1231 1810 1555 1877 ἠκολούθη-

48 1908 110 1943 αν
136 1888 284 1954 αὐτῷ
312 1889 527 1959 ἄνδρες
551 1894 940 1959 τετρακόσιοιο
976 1892 1249 1956 κάκεῖνος
1263 1893 1550 1958 ἀπώλετο,

47 1972 91 2024 αἰ
108 1972 314 2037 πάντες
329 1973 462 2026 ὅσοι
480 1974 786 2027 ἐπείθοντο
803 1974 962 2043 αὐτῷ
981 1974 1547 2043 διεσκορπίσθησαν.

48 2056 97 2107 'al
120 2057 234 2123 μετ’
258 2056 491 2109 ἐκεῖνον
516 2055 741 2123 ἀνέστη
785 2058 1013 2122 Ἰούδας
1050 2060 1082 2111 ό
1107 2058 1447 2125 Γαλιλαῖος,
1484 2060 1552 2127 ὃς

47 2139 324 2205 πέστησεν
366 2139 554 2208 ὄχλον
580 2142 808 2193 [κανόν’
845 2140 1114 2206 κάκεῖνος
1145 2141 1424 2208 ἀπέθανε,
1454 2145 1551 2196 καὶ

48 2227 51 2273 ἱ
76 2222 313 2290 μαθηταί
363 2221 550 2275 αὐτοῦ
616 2222 945 2276 ἀπώλοντο.
999 2224 1107 2276 Καὶ
1140 2225 1211 2277 τὰ
1260 2224 1375 2278 νῦν
1399 2226 1551 2295 λέγω

46 2306 146 2372 uir,
178 2305 498 2374 προσέχετε
534 2306 789 2371 ἑαυτοῖς,
813 2306 923 2372 ὅτι,
959 2308 1067 2360 ἐὰν
1094 2302 1135 2378 ᾖ
1165 2308 1233 2371 ἐξ
1265 2307 1413 2381 [652]
1451 2312 1551 2364 ἀν-

46 2389 223 2441 οώῖιων
254 2390 317 2443 τὸ
344 2391 524 2461 ἔργον
554 2390 750 2453 τοῦτο,
789 2391 1289 2457 καταλυθήσεται·
1326 2396 1375 2446 εἰ
1398 2394 1465 2447 δὲ
1484 2396 1552 2448 ἐκ

46 2476 135 2527 ιεοῦ
168 2476 350 2542 ἐστιν,
382 2478 455 2530 οὑ
498 2474 839 2541 δυνήσεσθε
878 2476 1209 2530 καταλῦσαι
1270 2478 1437 2544 αὐτὸ,
1468 2479 1550 2549 μή

49 2578 131 2612 οτε
148 2559 237 2611 καὶ
268 2560 543 2629 θεομάχοι
565 2558 858 2629 εὑρεθῆτε.
888 2559 1057 2612 Πόθεν
1088 2556 1179 2614 οῦν
1207 2560 1364 2630 δῆλον
1382 2562 1550 2629 ἔσται,

45 2660 97 2703 τι,
125 2639 261 2715 ἐεινῇ
289 2644 345 2710 ἐξ
371 2644 692 2714 ἀνθρώπων,
721 2643 1180 2713 καταλυθήσεται;
1210 2646 1409 2713 Πεῖραν
1430 2644 1553 2699 ἐλά-

44 2742 136 2787 ετε,
169 2727 342 2794 φησὶν,
381 2726 489 2779 ἀπὸ
534 2727 702 2780 Ἰούδα
730 2727 823 2780 xui
853 2727 1042 2780 Θευδᾶ.
1079 2726 1240 2779 Ὥστε
1279 2729 1372 2780 xui
1404 2723 1555 2791 οὗτος

61 2809 439 2879 κηρυττόμενος
494 2810 597 2865 ὑπὸ
639 2809 863 2874 τούτων,
910 2811 959 2863 εί
1004 2810 1243 2874 τοιοῦτός
1278 2814 1424 2865 ἐστιν
1453 2806 1553 2865 οἷοι

44 2895 201 2955 κεῖνοι,
228 2893 316 2944 xui
357 2891 434 2962 μὴ
488 2890 603 2962 θείᾳ
633 2892 859 2961 δυνάμει
890 2894 1066 2946 πάντα
1115 2892 1428 2964 ἐργάζεται,
1468 2912 1555 2965 μι-

46 2974 123 3043 ρὸν
148 2973 482 3044 ἀναμείνατε,
508 2976 602 3028 καὶ
629 2976 765 3046 αὐτὴ
794 2975 902 3028 τῶν
930 2977 1267 3045 πραγμάτων
1292 2978 1432 3047 ὑμᾶς
1468 2995 1555 3029 πι-

44 3057 245 3111 τώσεται
274 3058 572 3128 ἡὲκϐασις,
602 3060 695 3111 καὶ
724 3058 812 3111 διὰ
835 3058 928 3111 τοῦ
963 3059 1149 3123 τέλους
1176 3071 1201 3099 α
1238 3060 1446 3113 εῐσεσθε
1470 3079 1556 3115 σα-

42 3141 130 3206 ιὼς,
153 3142 251 3194 εἴτε
271 3142 363 3195 ἀνθ
374 3142 554 3213 ρωπός
579 3145 693 3195 ἐστι
725 3143 942 3207 πλάνος,
965 3143 1039 3206 ὡς
1066 3145 1221 3212 φατὲ,
1269 3146 1361 3198 καὶ
1390 3148 1555 3218 παρά-

41 3242 169 3294 ομος,
202 3226 307 3279 εἴτε
326 3227 460 3289 Θεὸς
492 3229 520 3280 ὁ
555 3226 729 3279 πάντα
758 3227 1099 3298 συγκρατῶν,
1134 3230 1227 3282 καὶ
1253 3230 1555 3302 ἀπορρήτῳ

42 3310 208 3379 υνὰμει
235 3310 300 3363 τὰ
330 3310 455 3363 καθ’
481 3312 627 3380 ἡμᾶς
648 3311 944 3381 οἰκονομῶν
967 3312 1284 3381 πράγματα·
1315 3314 1448 3384 ὅπερ
1465 3311 1556 3368 οῦν

42 3395 91 3444 αἰ
118 3395 338 3461 ἐγένετο.
380 3396 715 3463 Ἀνέμειναν,
756 3395 847 3447 xui
869 3394 937 3448 δι’
966 3396 1145 3448 αὐτῶν
1168 3397 1274 3449 τῶν
1303 3399 1556 3469 πραγμά-

42 3495 104 3531 ων
133 3479 368 3549 ἐδηλοῦτο
389 3481 423 3549 ἡ
448 3479 564 3532 θεία
590 3479 685 3532 xui
733 3478 939 3550 ἄμαχος
964 3478 1210 3549 δύναμις,
1258 3481 1351 3534 xui
1375 3483 1435 3535 1:0
1472 3483 1557 3535 σό-

42 3577 167 3629 νισμα
184 3560 335 3614 τοῦτο
364 3564 460 3615 xui
488 3561 620 3633 πρὸς
640 3562 853 3633 ἀπάτην
880 3563 985 3615 τῶν
1011 3562 1220 3616 πολλῶν
1249 3565 1555 3635 γενόμενον,

42 3644 81 3704 ίς
108 3644 196 3713 τὴν
222 3644 312 3696 τοῦ
350 3644 600 3698 διαϐόλου
627 3645 1011 3716 περιετρέπετο
1041 3646 1297 3716 κεφαλήν.
1345 3648 1556 3719 Ἐπειδὴ

42 3723 105 3795 ἀρ
131 3724 258 3779 εἶδεν
277 3728 442 3781 αὐτὸν
471 3729 932 3800 παραγενόμενον,
984 3728 1302 3800 βουλόμενος
1338 3732 1558 3785 συσκιά-

42 3823 93 3859 ἀι
127 3808 278 3862 αὐτοῦ
298 3810 398 3881 τὴν
427 3810 728 3881 παρουσίαν
757 3812 849 3864 xui
899 3812 998 3882 τὴν
1019 3812 1191 3883 ἀληθῆ
1230 3815 1555 3885 οἰκονομίαν,

46 3891 301 3960 ἱσήνεγκεν
342 3892 669 3957 ἀπατεῶνας
695 3912 881 3960 τινας,
914 3894 1007 3959 οὒς
1063 3896 1415 3966 προείπομεν,
1474 3898 1559 3950 ῖνα

42 3975 95 4027 :ui
114 3969 255 4041 οὗτος
279 3973 356 4041 εἷς
384 3979 611 4032 ἐκείνων
639 3978 928 4049 νομίζηται
964 3975 1121 4033 εἶναι.
1160 3979 1266 4032 Καὶ
1289 3981 1425 4051 ὅπερ
1466 3983 1559 4035 ἐπὶ

43 4057 93 4110 οὗ
120 4060 340 4132 σταυροῦ
367 4062 763 4133 πεποίηκε,δύο
786 4064 1203 4133 παρασκευάσας
1223 4063 1421 4135 λῃστάς
1442 4066 1557 4134 μετ’

42 4141 157 4193 ,ὐτοῦ
202 4143 600 4215 σταυρωθῆναι,
657 4144 815 4197 τοῦτο
865 4146 958 4197 xui
1003 4146 1094 4197 ἐπὶ
1135 4147 1235 4216 τῆς
1262 4149 1559 4219 παρουσίας

46 4226 297 4294 ἱργάσατο,
324 4230 391 4298 τῇ
444 4228 739 4297 παραθέσει
778 4226 868 4279 τοῦ
903 4227 1130 4297 ψεύδους
1158 4230 1257 4300 τὴν
1303 4231 1559 4302 ἀλήθειαν

42 4310 277 4362 λυσκιάσαι
308 4309 574 4363 σπεύδων
608 4310 721 4363 ἀλλ’
754 4311 872 4363 οὐδὲ
907 4312 1024 4364 ἐκεῖ
1074 4330 1124 4365 τι
1156 4314 1389 4383 ἴσχυσεν,
1440 4318 1560 4370 οὐδὲ

42 4392 246 4458 νταῦθα,
301 4394 417 4446 ἀλλ’
448 4394 577 4447 αὐτὸ
605 4394 668 4464 δὴ
714 4393 870 4446 τοῦτο
904 4395 1139 4464 μάλιστα
1196 4397 1290 4468 τὴν
1335 4398 1559 4469 δύναμιν

42 4474 158 4542 δειξε
175 4478 262 4530 τοῦ
296 4478 555 4549 Χριστοῦ.
596 4479 693 4531 Διά
720 4480 771 4530 τί
799 4479 925 4550 γὰρ,
957 4481 1075 4533 εἰπέ
1128 4499 1238 4552 μοι,
1281 4483 1446 4555 τριῶν
1469 4485 1559 4538 ὅν-

42 4577 105 4610 ων
127 4561 222 4614 τῶν
251 4563 691 4632 σταυρωθέντων,
711 4564 767 4615 ἐν
788 4564 864 4634 τῷ
891 4565 1037 4635 αὐτῷ
1053 4566 1289 4637 τόπῳ,ἐν
1314 4569 1390 4639 τῷ
1414 4570 1560 4641 αὐτῷ

42 4644 189 4713 αιρῷ,
219 4646 318 4696 ὐπὸ
342 4645 450 4697 τῶν
496 4645 671 4698 αὐτῶν
709 4646 995 4711 δικαστῶν,
1059 4651 1257 4702 ἐκεῖνοι
1289 4652 1384 4720 μέν
1418 4654 1559 4705 σεσί-

42 4744 204 4797 ἠνται,
234 4724 385 4791 οὗτος
408 4729 464 4781 δέ
504 4731 659 4800 μόνος
686 4734 1099 4801 προσκυνεῖται;
1159 4734 1342 4799 Πάλιν,
1386 4737 1439 4787 τί
1471 4736 1561 4807 δή·

41 4828 126 4862 τοτε
150 4812 350 4865 πολλῶν
376 4814 774 4881 εἰσαγαγόντων
808 4815 1077 4868 πολιτείαν
1102 4818 1290 4887 καινὴν
1320 4819 1412 4871 xui
1459 4837 1560 4886 μα-

46 4894 163 4963 ητὰς
190 4897 515 4966 ἐσχηκότων,
550 4897 772 4950 ἐκείνων
814 4898 910 4967 μὲν
942 4899 1063 4950 οὐδὲ
1115 4898 1347 4969 τοῦνομα
1401 4902 1559 4973 μέχρι

42 4978 225 5047 ήμερόν
258 4982 374 5031 ἐστι
417 4979 714 5051 γνώριμον,
757 4974 911 5044 οὗτος
940 4982 997 5033 δὲ
1043 4984 1315 5051 πανταχοῦ
1354 4988 1453 5056 τῆς
1491 4989 1562 5038 οἰ-

42 5062 259 5131 κουμένης
314 5063 729 5133 θεραπεύεται;
793 5063 874 5115 Tu
940 5064 1049 5135 γὰρ
1106 5065 1406 5135 πράγματα
1453 5069 1561 5121 ἀπὸ

45 5145 326 5213 υγκρίσεως
350 5146 581 5216 μάλιστα
614 5147 911 5215 φαίνονται.
961 5148 1256 5217 Σύγκρινον
1281 5151 1477 5217 τοίνυν,
1516 5146 1560 5205 ὦ

42 5224 218 5313 Ιουδαῖε
249 5229 296 5294 ι),
329 5233 425 5313 xui
458 5230 593 5300 μάθε
623 5230 720 5300 τῆς
742 5229 996 5313 ἀληθείας
1022 5231 1117 5301 τὴν
1145 5232 1435 5302 ὑπεροχήν.
1466 5235 1559 5294 Τίς

41 5308 189 5372 ελάνος
222 5311 490 5375 τοσαύτας
528 5313 802 5384 πανταχοῦ
835 5312 934 5383 τῆς
972 5314 1291 5385 οἰκουμένης
1332 5316 1559 5387 Ἐκκλη-

47 5391 118 5455 ίας
142 5396 421 5466 ἐκτήσατο,
469 5399 562 5450 xui
592 5400 699 5452 ἀπὸ
730 5400 982 5469 περάτων
1007 5400 1106 5469 τῆς
1134 5401 1458 5471 οἰκουμένης
1480 5404 1559 5466 εἰς

41 5476 203 5545 ;ἐρατα
233 5481 331 5550 τήν
370 5498 431 5534 τε
462 5482 626 5535 αὐτοῦ
648 5481 939 5554 θεραπείαν
965 5480 1211 5549 ἐξέτεινε,
1242 5486 1333 5536 καὶ
1354 5484 1559 5548 πάντας

62 5612 77 5684 ξ
101 5616 193 5684 ᾼιί-ἱν
210 5621 288 5684 καὶ
308 5623 400 5684 πρὸ
419 5622 503 5670 τοῦ
524 5624 699 5678 τέλους.

64 5674 89 5712 Ῐι
104 5679 197 5758 ‘Al
222 5674 465 5758 σύγῃρινον
482 5686 633 5758 τοίνυν
654 5674 905 5744 τοῦτον,ὧ,
922 5685 1057 5758 ligus
1076 5688 1319 5757 σύγκρινόν
1345 5708 1421 5751 μοι
1445 5690 1559 5738 ταῦ-

41 5744 378 5861 ἶέιέιρέἓζδδαῖε,
408 5756 457 5796 et
496 5749 617 5797 hanc
638 5755 934 5810 postremam
972 5744 1239 5798 lectiodoin
1264 5744 1461 5802 scc'ulus
1483 5763 1559 5803 est

3120 353 3225 411 888

1657 475 2064 537 ύποκύπτοντας
2093 472 2235 542 ἔσχε,
2270 473 2361 525 xui
2383 472 2551 524 ταῦτα
2577 472 2783 542 μυρίων
2812 469 2977 522 ὄντων
2998 470 3102 521 τῶν
3126 488 3226 524 xw-

1655 559 1918 623 λυόντων;
1951 560 2063 612 Οὐκ
2088 557 2234 609 ἔστιν
2267 557 2461 618 οὐδείς.
2491 555 2697 608 Οὐκοῦν
2729 555 2902 625 δῆλον,
2934 555 3013 607 ὅτι
3042 556 3070 607 ὁ
3096 556 3230 623 Χριο

1657 642 1778 705 στὸς
1814 642 1935 713 οὐχὶ
1972 641 2173 705 πλάνος
2204 636 2291 711 ἦν,
2348 640 2482 693 ἀλλὰ
2516 641 2716 710 σωτὴρ,
2767 640 2856 692 xui
2908 639 3222 709 εὐεργέτης,

1656 726 1748 779 xui
1777 725 2047 797 κηδεμὼν,
2081 725 2173 779 καὶ
2208 723 2517 794 προστάτης
2543 723 2639 793 τῆς
2656 722 2799 792 ζωῆς
2815 722 2911 791 τῆς
2927 725 2957 792 ἡ
2970 722 3228 794 μετέρας.

1656 810 1800 863 Μίαν
1830 809 1911 862 ἔτι
1957 810 2259 880 πρόρρησιν
2317 805 2595 877 προσθεὶς,
2627 807 2717 857 ἐπὶ
2762 805 2822 856 τὸ
2871 805 3230 875 προκείμενον

1660 894 1964 963 βαδιοῦμαι.
2002 895 2122 946 Οὐκ
2150 887 2337 961 ἦλθον
2357 888 2575 954 βαλεῖν
2606 888 2874 955 εἰρήνην,
2912 890 3093 958 φησὶν,
3130 890 3228 940 ἐπὶ

1657 977 1771 1043 τὴν
1793 974 1925 1045 ⁸γῆν,
1956 975 2118 1030 ἀλλὰ
2145 974 2460 1043 μάχαιρανο
2498 972 2559 1025 οὐ
2590 972 2688 1040 τὴν
2721 971 2943 1040 γνώμην
2979 972 3076 1041 τὴν
3101 973 3225 1023 ἐαυ-

1657 1059 1750 1112 τοῦ
1775 1058 1968 1125 λέγων,
2015 1058 2149 1111 ἀλλά
2175 1058 2235 1110 τὸ
2266 1057 2419 1119 τέλος
2444 1056 2552 1109 τῶν
2577 1055 2937 1107 ἐκϐαινόντων
2970 1056 3228 1124 πραγμά-

1656 1160 1783 1195 των.
1810 1137 2035 1195 Ἦλθον
2064 1140 2174 1209 γὰρ
2210 1139 2473 1208 διχάσαι,
2498 1139 2681 1209 φησὶν,
2739 1136 3051 1205 ἄνθρωπον
3080 1137 3229 1188 κατὰ

1658 1225 1762 1278 τοῦ
1796 1225 2017 1291 πατρὸς
2051 1223 2256 1287 αὐτοῦ,
2290 1223 2387 1276 καὶ
2415 1223 2659 1290 νύμφην
2690 1220 2838 1275 κατὰ
2892 1219 2999 1287 τῆς
3021 1222 3229 1271 πενθε-

1651 1306 1766 1373 ρᾶς
1799 1305 2008 1372 αὐτῆς,
2030 1306 2127 1359 καὶ
2159 1306 2447 1374 θυγατέρα
2471 1311 2617 1357 κατὰ
2649 1303 2757 1372 τῆς
2773 1302 2997 1372 μητρὸς
3020 1301 3227 1367 αὐτῆς.

1661 1389 1829 1442 Πόθεν
1856 1390 2027 1443 ταῦτα
2061 1393 2339 1461 προεῖπεν,
2366 1390 2486 1441 εἰπέ
2520 1406 2627 1459 μοι,
2660 1389 2712 1440 εί
2736 1405 2797 1454 γε
2837 1386 2988 1455 ψιλὸς
3024 1387 3230 1457 ἀνθρω-

1663 1492 1758 1537 πος
1780 1470 1846 1544 ἦν
1886 1475 1977 1527 xui
2018 1474 2124 1526 τῶν
2174 1472 2381 1526 πολλῶν
2414 1469 2523 1536 sic;
2578 1474 2643 1523 Ὃ
2680 1470 2786 1540 γάρ
2824 1470 2969 1538 λέγει
2996 1470 3230 1523 τοιοῦτόν

1663 1558 1827 1609 ἐστιν·
1868 1556 2083 1625 Ἐπειδὴ
2101 1556 2411 1609 συνέϐαινεν
2436 1558 2493 1608 ἐν
2527 1555 2672 1625 οἰκίᾳ
2712 1556 2809 1625 μιᾷ
2839 1554 2929 1606 τὸν
2960 1552 3055 1622 μὲν
3095 1548 3231 1604 εἷναι

1664 1641 1870 1705 πιστὸν,
1902 1641 1992 1693 τὸν
2042 1640 2098 1692 δέ
2135 1642 2376 1699 ἄπιστον,
2421 1635 2538 1691 εἶτα
2580 1639 2669 1691 τὸν
2709 1638 2920 1708 πατέρα
2952 1636 3232 1705 βούλεσθαι
3318 1710 3325 1717 .

1661 1726 1838 1779 ἕλκειν
1867 1727 1958 1779 ἐπὶ
1984 1727 2085 1796 τὴν
2124 1726 2378 1778 ἀσέϐειαν
2417 1726 2505 1777 τὸν
2534 1724 2647 1776 υἰδν
2686 1723 2776 1775 τὸν
2818 1721 3030 1785 ἑαυτοῦ,
3076 1719 3233 1773 τοῦτο

1661 1809 1793 1861 αὐτὸ
1826 1808 2125 1879 προλέγων,
2161 1808 2343 1876 φησίν·
2381 1807 2522 1859 οὕτω
2560 1804 2931 1877 κρατήσειτοῦ
2953 1804 3233 1874 κηρύγμα-

1630 1908 1748 1954 ςτος
1775 1894 1807 1963 ἡ
1836 1893 2063 1961 δύναμις
2091 1892 2165 1953 ὡς
2195 1892 2287 1945 καὶ
2319 1892 2570 1961 πατέρων
2594 1890 2785 1951 παῖδας
2809 1889 3102 1959 ὐπερορᾷν,
3140 1890 3234 1941 xui

1661 1975 1910 2046 μητέρων
1937 1975 2254 2046 θυγατέρας,
2297 1976 2390 2028 καὶ
2435 1977 2611 2042 γονεῖς
2634 1973 2857 2026 παίδων.
2909 1973 3232 2042 Αἱρησονται

1658 2058 1765 2128 γὰρ
1792 2059 1911 2128 οὐχὶ
1932 2058 2038 2110 τῶν
2068 2060 2283 2111 οἰκείων
2334 2060 2692 2129 καταφρονεῖν
2736 2058 2916 2125 μόνον,
2975 2056 3111 2107 ἀλλά
3141 2060 3233 2107 xui

1656 2142 1754 2211 τὴν
1774 2141 1949 2212 ψυχὴν
1970 2140 2241 2195 ἐπιδοῦναι
2261 2143 2357 2209 τὴν
2396 2140 2623 2204 ἑαυτῶν,
2666 2140 2760 2191 καὶ
2790 2142 2964 2192 πάντα
3006 2141 3233 2207 ὑπομεῖ-

1658 2243 1745 2279 ναι
1777 2227 1869 2279 xui
1897 2225 2107 2291 παθεῖν,
2128 2225 2268 2278 ὥστε
2302 2226 2375 2296 μὴ
2396 2224 2735 2296 ἀρνήσασθαι
2771 2222 2917 2295 [655]
2946 2222 3042 2292 τὴν
3081 2224 3235 2275 εὐσέο

1659 2308 1834 2364 ϐειαν.
1870 2310 2041 2363 Πόθεν
2103 2308 2278 2379 τούτῳ
2332 2309 2505 2362 ταῦτα
2541 2310 2635 2361 xui
2682 2307 2879 2360 εἰδέναι
2934 2308 3029 2359 καὶ
3063 2323 3234 2358 κατα-

1662 2393 1923 2446 σκευάσαι
1954 2392 2193 2451 δυνατὸν,
2232 2392 2286 2444 εί
2307 2409 2372 2460 γε
2429 2391 2713 2464 ἄνθρωπος
2766 2386 2831 2459 ἦν
2856 2384 2934 2452 εἷς
2960 2388 3068 2440 τῶν
3107 2389 3236 2440 πολ-

1660 2474 1800 2539 λῶν;
1833 2476 1992 2529 πόθεν
2024 2475 2254 2544 ἐπῆλθεν
2304 2473 2453 2543 αὐτῷ
2477 2473 2792 2545 λογίσασθαι
2821 2473 2998 2535 τοῦτο,
3034 2474 3113 2525 ὃτι
3144 2475 3236 2525 xui

1661 2560 1911 2629 πατέρων
1945 2559 2096 2611 ἔσται
2129 2560 2314 2611 παισὶν
2363 2556 2807 2626 αἰδεσιμώτερος,
2852 2558 2945 2610 xui
3000 2559 3235 2627 πατράσι

1661 2644 1861 2696 παίδων
1881 2644 2229 2714 γλυκύτερος,
2281 2643 2372 2695 καὶ
2403 2643 2645 2709 γυναιξὶν
2670 2632 2877 2710 ἀνδρῶν
2928 2642 3235 2694 ποθεινότε-

1663 2744 1786 2797 ρος;
1818 2728 1925 2779 Καὶ
1952 2726 2122 2779 ταῦτα
2146 2727 2246 2778 οὐκ
2274 2728 2329 2778 ἐν
2370 2727 2470 2796 μιᾷ
2521 2726 2657 2798 μόνῃ
2690 2725 2858 2794 οἰκία,
2887 2724 3006 2776 οὐδὲ
3036 2728 3091 2777 ἐν
3118 2725 3236 2777 δυσὶ

1663 2812 1755 2863 xui
1774 2810 1939 2880 τρισὶ,
1957 2811 2049 2862 xui
2074 2810 2228 2874 δέκα,
2257 2810 2350 2862 xui
2376 2810 2566 2873 εἰκοσι,
2586 2811 2679 2861 xui
2708 2809 2918 2873 ἑκατὸν,
2950 2808 3084 2860 ἀλλά
3101 2827 3235 2860 παν-

1660 2893 1826 2965 ταχοῦ
1858 2894 1954 2964 τῆς
1980 2894 2301 2962 οἰκουμένης
2320 2932 2333 2953 ,
2372 2894 2428 2944 ἐν
2458 2892 2679 2944 πόλεσιν
2707 2893 2944 2954 ἁπάσαις
2998 2893 3091 2943 καὶ
3132 2891 3238 2960 χὼ-

1665 2996 1805 3050 ραις,
1832 2981 1889 3031 ἐν
1914 2981 1983 3049 γῇ
2014 2980 2109 3031 xui
2132 2978 2395 3048 θαλάσσῃ,
2424 2977 2518 3028 xui
2536 2977 2829 3045 οἰκουμένῃ
2855 2975 2949 3028 xui
2977 2976 3234 3046 ἀοικήτῳ.

1660 3063 1770 3116 Καὶ
1794 3064 1893 3116 οὐκ
1920 3062 2063 3115 ἐστιν
2115 3064 2308 3118 εἰπεῖν,
2343 3062 2425 3113 ὅτι
2468 3056 2586 3113 εἷπε
2631 3062 2729 3131 μὲν
2757 3060 2948 3125 ταῦτα,
3013 3061 3112 3111 οὐκ
3141 3062 3225 3111 ἐπ·

1662 3149 1836 3218 ήγαγε
1866 3148 1922 3200 δὲ
1949 3146 2010 3200 τὸ
2042 3145 2212 3208 τέλος.
2241 3146 2431 3199 Πολλοὶ
2455 3145 2584 3212 γοῦν
2612 3148 2669 3199 ἐν
2706 3146 3010 3215 προοιμίοις
3041 3146 3135 3198 xui
3179 3146 3241 3196 ἐν

1661 3233 1824 3303 ἀρχῇ,
1860 3231 2054 3303 μᾶλλον
2085 3232 2142 3284 δὲ
2176 3231 2255 3284 ἔτι
2295 3232 2388 3283 xui
2414 3229 2530 3292 νῦν,
2561 3229 2650 3283 διὰ
2678 3231 2777 3303 τὴν
2834 3230 3115 3282 εὐσέϐειαν
3151 3226 3240 3297 μι-

1665 3315 1901 3377 σοῦνται,
1932 3314 2281 3368 ἐκϐάλλονται
2318 3314 2426 3366 τῶν
2452 3312 2636 3366 οἰκιῶν
2663 3312 2770 3366 τῶν
2805 3311 3094 3381 πατρῴων,
3145 3312 3239 3364 xui

1663 3399 1799 3469 πρὸς
1829 3397 1980 3451 οὐδὲν
2023 3396 2437 3468 ἐπιστρέφονται
2476 3396 2702 3457 τούτων,
2767 3395 2956 3465 ἱκανὴν
2988 3411 3238 3464 παραμυ-

1664 3481 1784 3536 θίαν
1815 3481 2027 3551 ἕχοντες
2056 3482 2116 3533 τὸ
2143 3480 2229 3532 διὰ
2261 3479 2352 3532 τὸν
2384 3480 2616 3549 Χριστὸν
2658 3478 2827 3532 ταῦτα
2863 3480 3114 3548 πάσχειν.
3142 3477 3239 3541 Τίς

1663 3566 1835 3619 ταῦτα
1875 3566 2061 3636 ἴσχυσέ
2111 3583 2241 3618 ποτε
2293 3566 2349 3617 ἐν
2381 3563 2718 3635 ἀνθρώποιςς
2744 3563 2863 3615 εἰπέ
2892 3580 3001 3632 μοι.
3075 3556 3239 3622 Οῦτος

1663 3652 1841 3705 τοίνυν
1865 3654 1893 3704 ὁ
1919 3651 2089 3703 ταῦτα
2122 3653 2332 3704 ἅπαντα
2365 3650 2661 3719 προειπὼν,
2688 3649 2756 3701 τά
2778 3648 2905 3717 περί
2932 3647 3031 3715 τῆς
3053 3663 3241 3714 γυναι-

1666 3736 1759 3797 κὸς
1788 3736 2017 3804 ἐκείνης,
2036 3734 2105 3787 τά
2120 3734 2247 3804 περὶ
2275 3734 2372 3802 τῆς
2407 3732 2749 3801 Ὲκκλησίας,
2778 3732 2846 3783 τὰ
2874 3730 3000 3801 περὶ
3028 3729 3118 3782 τοῦ
3144 3746 3241 3793 ποι.

1664 3818 1829 3888 λέμου
1860 3819 2072 3872 τούτου·
2109 3812 2259 3879 οὗτος
2283 3820 2561 3889 προεῖπεν,
2602 3816 2684 3867 ὅτι
2718 3815 2812 3867 xui
2838 3816 2865 3865 ὁ
2894 3813 3015 3874 ναὸς
3051 3815 3237 3889 πεσεῖη

1664 3921 1777 3965 ται,
1806 3905 1899 3957 xui
1930 3902 1999 3956 τὰ
2042 3900 2388 3971 Ἰεροσόλυμα
2446 3898 2729 3962 ἁλώσεται,
2792 3897 2883 3949 xui
2914 3897 3095 3949 οὐκέτι
3130 3895 3239 3947 τῶν

1679 3985 1945 4039 Ἰουδαίων
1974 3985 2124 4037 ἐσται
2161 3984 2313 4046 πόλις
2341 3986 2375 4051 ὴ
2408 3982 2577 4045 πόλις,
2630 3980 2877 4050 καθάπερ
2906 3981 2999 4032 xui
3038 3978 3237 4048 πρότε-

1669 4084 1776 4138 ρον.
1814 4068 1876 4120 Εἰ
1903 4068 1999 4138 μὲν
2029 4064 2121 4121 οὖν
2154 4066 2422 4136 ἐψεύσατο
2450 4066 2625 4119 πάντα
2646 4063 2957 4127 ἐκεῖνα,καὶ
2976 4063 3049 4131 μὴ
3079 4061 3237 4114 ἐλαϐε

1666 4151 1834 4216 τέλος,
1890 4151 2107 4204 ἀπίστει
2157 4151 2249 4203 xui
2275 4150 2502 4211 τούτοιςο
2538 4152 2587 4201 εἰ
2631 4147 2686 4200 δὲ
2718 4149 2847 4217 ὁρᾷς
2878 4148 3060 4198 ἐκεῖνα
3096 4146 3240 4213 λάμ-

1668 4252 1837 4289 ποντα
1869 4235 1975 4290 ἀπὸ
1998 4235 2095 4304 τῆς
2129 4233 2426 4295 ἐκϐάσεως,
2456 4232 2549 4285 xui
2582 4230 2704 4283 καθ’
2743 4229 2980 4299 ἐκάστην
3030 4229 3239 4298 ἡμέραν

1668 4318 2026 4389 αὐξανόμενα,
2060 4318 2154 4371 καὶ
2167 4316 2285 4370 οὐδὲ
2307 4317 2405 4386 τῆς
2420 4314 2741 4386 Ἐκκλησίας
2764 4314 2926 4367 πύλαι
2960 4314 3084 4384 ᾅδου
3112 4330 3241 4367 κατ-

1672 4404 1912 4471 ίσχυσαν,
1934 4402 2029 4454 καὶ
2052 4401 2189 4471 ὅπερ
2219 4410 2241 4439 ο
2271 4400 2527 4468 ἐποίησεν
2548 4400 2580 4467 ἡ
2600 4398 2736 4468 γυνὴ
2764 4398 3003 4453 λαλεῖται
3040 4414 3240 4450 παντα-

1668 4486 1761 4556 χοῦ
1790 4486 1888 4555 τῆς
1917 4484 2235 4553 οἰκουμένης
2290 4483 2427 4552 μετά
2464 4481 2654 4552 χρόνον
2681 4482 2954 4546 τοσοῦτον,
2978 4482 3027 4533 οἱ
3059 4481 3115 4533 δὲ
3144 4482 3238 4534 ἆν-

1669 4570 1874 4640 θρωποι
1906 4570 1954 4621 οἱ
2011 4567 2396 4629 πιστεύσαντες
2438 4567 2585 4637 αὐτῷ
2635 4568 2727 4618 καὶ
2764 4567 3013 4635 πατέρων
3062 4565 3240 4619 αὐτῶν

1668 4655 1762 4707 xui
1790 4652 2062 4721 γυναικῶν
2111 4652 2204 4704 xui
2236 4651 2439 4703 τέκνων
2474 4650 2633 4703 αὐτὸν
2672 4652 3065 4721 προετίμησανο
3095 4650 3239 4710 τίνος

1667 4738 1854 4790 ἕνεκεν
1882 4736 2049 4805 ταύτῃ
2087 4735 2222 4806 μόνῃ
2250 4738 2314 4805 τῇ
2344 4736 2642 4806 προρρήσει
2668 4735 2935 4795 ἀπιστεῖς,
2972 4734 3092 4784 εἰπέ
3125 4750 3236 4802 μοι,

1668 4820 1761 4871 xui
1789 4817 1960 4872 ταῦτα
1983 4819 2080 4887 τῆς
2109 4819 2216 4872 ἀπὸ
2252 4818 2345 4871 τοῦ
2380 4819 2571 4888 χρόνου
2626 4818 2929 4887 μαρτυρίας
2957 4818 3240 4883 ἐπιστομι-

1666 4901 1863 4972 ζούσης
1908 4918 2001 4955 σου
2026 4902 2126 4973 τὴν
2148 4902 2556 4971 ἀναισχυντίαν;
2614 4902 2677 4953 Εἰ
2727 4901 2823 4969 μὲν
2852 4896 2941 4951 οῦν
2975 4900 3109 4969 μετά
3141 4899 3239 4967 τὴν

1666 4988 1865 5041 ἅλωσιν
1887 4986 2017 5039 δέκα
2054 4986 2211 5057 μόνον
2239 4986 2333 5056 ἕτη
2355 4982 2443 5055 ἦν,
2485 4986 2517 5055 ἢ
2546 4985 2737 5048 εἴκοσι,
2794 4985 2826 5053 ἡ
2856 4984 3167 5054 τριάκοντα,
3203 4984 3235 5052 ἢ

1669 5071 2023 5140 πεντήκοντα,
2082 5069 2313 5139 μάλιστα
2370 5070 2467 5137 μὲν
2500 5067 2619 5120 οὐδὲ
2668 5067 2840 5128 οὕτως
2869 5067 3032 5135 ἐχρῆν
3087 5066 3238 5117 ἀναι-

1668 5155 1931 5223 σχυντεῖν,
1962 5152 2099 5224 πλὴν
2136 5151 2251 5205 ἀλλ’
2274 5152 2421 5221 ὅμως
2465 5150 2816 5203 ὐπελέλειπτό
2843 5166 2924 5211 τις
2945 5152 3056 5210 τοῖς
3087 5147 3238 5215 φιλοσ-

1666 5238 1864 5289 νεικεῖν
1892 5235 2236 5305 βουλομένοις
2259 5234 2553 5305 πρόφασις·
2582 5237 2629 5286 εἰ
2665 5234 2723 5285 δὲ
2755 5233 2873 5302 οὐχί
2902 5234 3239 5299 πεντήκοντα

1669 5319 1849 5389 μόνον,
1877 5319 2011 5372 ἀλλά
2040 5319 2133 5373 xui
2180 5319 2373 5373 ἑκατὸν
2393 5360 2406 5382 ,
2448 5319 2541 5370 καὶ
2573 5318 2653 5377 δὶς
2687 5316 2941 5376 τοσαῦτα,
2976 5316 3069 5367 xui
3098 5316 3237 5382 τρὶςς,

1666 5403 1760 5455 xui
1785 5402 1963 5473 πολλῷ
1998 5403 2218 5455 πλείονα
2270 5400 2546 5472 παρῆλθον
2585 5400 2676 5469 ἐτη
2711 5400 2847 5468 μετὰ
2884 5399 2980 5469 τὴν
3013 5398 3235 5454 ἀλωσιν.

1664 5488 1759 5539 καὶ
1789 5487 1909 5539 οὐδὲ
1947 5488 2090 5553 ἴχνος
2137 5487 2256 5539 οὐδὲ
2291 5486 2420 5538 σκιά
2473 5503 2557 5547 τις
2592 5486 2761 5553 ἐφάνη
2812 5486 2939 5536 ποτὲ
2972 5483 3072 5553 τῆς
3108 5482 3237 5555 παρ’

1666 5568 1817 5639 ὐμῶν
1848 5570 2300 5640 προσδοκωμένης
2334 5568 2654 5637 μεταϐολῆς,
2703 5568 2845 5628 τίνος
2897 5568 3079 5623 ἕνεκεν
3114 5567 3239 5635 εἰκῆ

1667 5656 1758 5705 xui
1788 5654 1963 5725 μάτην
1992 5655 2362 5723 ἀναισχυντεῖς
2384 5670 2396 5717 ;

1730 5819 1973 5880 ‘IAliquol
2001 5833 2112 5869 mss.
2138 5822 2427 5888 κατίσχυσαν
2451 5824 2514 5870 ἔτι
2535 5839 2583 5870 τε
2607 5824 2682 5870 καί
2703 5824 2745 5872 6:
