3920 6292
573 452 681 508 889
1285 452 1341 508 S.
1379 451 1666 508 JOANNIS
1704 443 2198 512 CHRYSOSTOM]
2236 453 2556 515 ARCHIEP.
2597 458 3148 520 CONSTANTINOP.
3688 462 3786 518 890

549 588 558 598 ·
623 563 687 620 δ’.
713 566 906 634 Ἤρκει
942 564 1039 634 μὲν
1070 556 1163 616 οὖν
1191 567 1284 620 καὶ
1310 567 1379 620 τά
1411 570 1674 639 εἰρημένα
1702 571 1834 641 πρὸς
1861 572 2129 637 ἀπόδειξιν

550 649 687 720 ἡμῖν
718 646 810 700 τοῦ
838 647 1102 717 μηδέποτε
1133 649 1224 701 τὸν
1248 651 1372 704 ναὸν
1402 653 1818 723 ἀναστήσεσθαι.
1851 656 1998 724 Πλὴν
2017 655 2129 708 ἀλλ’

552 730 740 800 ἐπειδὴ
757 730 923 800 πολλὴ
950 733 1049 802 τῆς
1069 731 1327 802 ἀληθείας
1352 736 1385 805 ή
1412 737 1718 808 περιουσία,
1734 737 1802 790 τά
1824 737 2130 809 Εὐαγγέλια

551 814 730 883 ἀφεὶς,
756 814 847 865 ἐπὶ
867 814 993 876 τοὺς
1026 817 1310 886 προφήτας
1357 817 1644 889 τρέψομαι,
1673 816 1754 883 οἷς
1784 822 2015 891 μάλιστα
2041 827 2129 881 δο-

551 897 708 950 κοῦσι
729 896 1024 950 πιστεύειν·
1055 899 1148 950 καὶ
1167 899 1261 950 ἀπ’
1291 900 1513 955 ἐκείνων
1550 905 1848 974 ποιήσομαι
1875 910 2132 981 φανερὸν,

547 980 631 1033 ὅτι
659 981 783 1033 οὔτε
813 979 910 1050 τὴν
941 981 1111 1044 πόλιν,
1160 980 1303 1064 οὐτεῌ
1335 984 1427 1036 τὸν
1454 985 1580 1038 ναὸν
1609 987 1795 1041 λοιπὸν
1822 979 2130 1064 ἀπολήψον-

548 1079 656 1118 ται·
685 1065 860 1116 καίτοι
883 1079 944 1130 γε
969 1064 1223 1134 οὐδεμίαν
1250 1061 1398 1136 εἶχον
1431 1068 1676 1140 ἀνάγκην
1700 1061 2021 1140 ἀποδεῖξαι,
2047 1079 2128 1131 ὅτι

547 1149 650 1202 οὐκ
682 1148 1064 1218 ἀναστήσεται,
1091 1148 1211 1201 οὐδὲ
1248 1151 1377 1220 ἐμὸν
1403 1152 1562 1207 τοῦτο
1585 1150 1674 1225 ἦν,
1724 1159 1839 1210 ἀλλ’
1884 1161 2124 1229 ἐκείνων,
2160 1205 2164 1210 ,

548 1233 715 1299 δεῖξαι
737 1233 1046 1285 τούναντίον
1076 1233 1156 1286 ὅτι
1187 1235 1571 1307 ἀναστήσεται.
1603 1241 1742 1309 Ἐγὼ
1774 1244 1870 1312 μὲν
1893 1244 2000 1316 γάρ
2021 1245 2128 1316 ἔχω

548 1316 648 1386 τὴν
678 1315 785 1368 ἀπὸ
839 1314 933 1368 τοῦ
965 1316 1158 1385 χρόνου
1191 1317 1446 1372 σύστασιν
1501 1323 1878 1395 μαρτυροῦσάν
1911 1314 2000 1398 μοι
2034 1314 2128 1382 καὶ

551 1397 1076 1467 συναγωνιζομένην·
1113 1399 1309 1453 ἐκεῖνοι
1337 1401 1392 1454 δὲ
1421 1404 1470 1454 οἱ
1495 1403 1560 1456 δι’
1590 1407 1757 1478 αὐτῆς
1788 1410 1883 1479 μὲν
1905 1397 2003 1480 τῆς
2033 1413 2126 1463 ἐκ-

549 1483 762 1567 ϐάσεως
809 1482 915 1567 τῶν
954 1484 1294 1567 πραγμάτων
1351 1486 1677 1557 ἡττώμενοι,
1738 1493 1832 1544 καὶ
1860 1495 1917 1545 ἐν
1947 1493 2127 1564 ἔργοις

548 1566 697 1619 οὐδὲν
739 1561 948 1636 ἔχοντες
999 1566 1168 1631 δεῖξαι
1213 1561 1288 1621 ὧν
1342 1568 1586 1638 λέγουσι,
1643 1561 2020 1644 κομπάζοντές
2070 1575 2126 1628 δὲ

546 1649 733 1713 ἀπλῶς
764 1650 857 1702 καὶ
883 1651 1025 1720 είκῆ,
1055 1651 1209 1702 αὐτοὶ
1239 1650 1436 1706 δίκαιοι
1466 1654 1667 1724 ταύτην
1695 1660 1998 1728 παρασχεῖν
2029 1659 2126 1729 τήν

549 1733 853 1805 μαρτυρίαν
884 1733 1039 1786 εἰσίν.
1076 1734 1141 1785 Ἀ
1167 1734 1263 1803 μὲν
1299 1734 1407 1806 γὰρ
1430 1737 1540 1804 ἐγὼ
1571 1737 1731 1806 λέγω,
1771 1741 2018 1812 δείκνυμι
2041 1743 2126 1795 διὰ

545 1818 654 1870 τῶν
684 1816 858 1889 έργων
891 1817 1069 1870 αὐτῶν
1094 1817 1464 1888 ἐκϐεϐηκότα,
1514 1823 1607 1874 καὶ
1651 1825 1731 1877 ὅτι
1770 1823 1916 1897 [6⁸54]
1942 1825 2123 1892 ἔπεσε,

544 1902 639 1955 καὶ
665 1903 747 1955 ὅτι
776 1903 873 1955 οὐκ
898 1901 1094 1972 ἀνέστη
1114 1904 1146 1972 ή
1167 1902 1320 1966 πόλις
1341 1905 1436 1956 ἐπὶ
1465 1906 1656 1975 χρόνον
1702 1908 1974 1962 τοσοῦτον·
2002 1911 2038 1964 ἀ
2068 1911 2126 1964 δέ

544 1988 742 2040 ἐκεῖνοι
775 1987 1043 2054 λέγουσιν,
1081 1989 1138 2038 ἐν
1171 1986 1414 2057 ῥήμασίν
1447 1989 1568 2040 ἐστι
1590 1989 1764 2058 ψιλοῖς
1792 1994 1902 2054 τοῖς
1924 1993 2122 2047 αὐτῶν.

545 2073 657 2125 Kal
705 2071 872 2142 ἐχρῆν
920 2071 1116 2134 αὐτοὺς
1145 2071 1334 2136 δεῖξαι,
1365 2071 1447 2124 ὄτι
1487 2072 1852 2144 ἀναστήσεται
1897 2076 2057 2130 πάλιν
2091 2078 2124 2149 ή

545 2154 717 2216 πόλις
755 2155 876 2207 ἐπεὶ
915 2155 1008 2207 καὶ
1042 2155 1100 2208 ἐν
1134 2156 1246 2216 τοῖς
1297 2154 1668 2226 δικαστηρίοις
1696 2155 1868 2220 οὕτως
1909 2158 2125 2230 ὁρῶμεν

545 2238 834 2307 γινομένας
891 2237 990 2300 τάς
1026 2237 1347 2302 ἀποδείξεις.
1413 2238 1581 2291 Ὅταν
1643 2240 1751 2309 γάρ
1796 2257 1942 2303 τινες
1987 2242 2126 2315 ὑπὲρ

545 2321 762 2373 ὁτουοῦν
788 2321 923 2392 πρὸς
962 2320 1224 2391 ἀλλήλους
1255 2322 1664 2393 ἀμφισϐητῶσι,
1698 2323 1791 2376 καὶ
1813 2323 2038 2396 θάτερος
2052 2320 2127 2380 ὧν

544 2403 692 2470 λέγει
722 2405 1013 2475 ἐγγράφως
1043 2403 1256 2474 παρέχη
1286 2404 1384 2466 τὰς
1412 2404 1735 2472 ἀποδείξεις,
1757 2403 1916 2461 εἶταὸ
1943 2408 2128 2479 ἔτερος

547 2487 985 2557 ἐπιλαμϐάνηται
1026 2487 1132 2540 τῶν
1170 2487 1514 2556 λεγομένων,
1563 2487 1721 2551 αὐτὸς
1759 2491 2126 2558 ἀναγκάζεται

543 2572 727 2624 λοιπὸν
761 2571 1042 2642 μάρτυρας
1086 2570 1119 2640 ἢ
1167 2571 1260 2622 καὶ
1301 2570 1519 2640 ἐτέρους
1557 2572 1818 2641 παρέχειν
1873 2573 2126 2645 ἐλέγχους

543 2655 636 2707 τοῦ
666 2653 740 2724 μὴ
777 2653 947 2706 ταῦτα
984 2651 1154 2717 οὔτως
1194 2652 1356 2721 ἔχειν,
1399 2653 1474 2716 ώς
1510 2651 1580 2705 τά
1605 2654 1930 2725 γραμμάτιά
1955 2669 1980 2696 α
2019 2674 2124 2726 φη-

547 2756 648 2798 σιν,
689 2739 787 2789 οὐκ
822 2738 1028 2798 ἐκεῖνος
1057 2737 1085 2787 6
1118 2735 1409 2806 προφέρων
1455 2735 1526 2788 τά
1584 2736 1930 2808 γραμμάτια.
1970 2739 2125 2792 Οὐτω

545 2823 637 2874 καὶ
657 2821 750 2876 νῦν
775 2822 946 2873 ποιεῖν
969 2819 1073 2872 ἔδει
1095 2821 1221 2882 τοὺς
1261 2819 1548 2883 Ἰουδαίους
1575 2823 1668 2874 καὶ
1699 2822 1968 2893 παράγειν
1995 2826 2126 2894 ἡμῖν

545 2906 829 2975 προφήτην
867 2904 946 2966 εἰς
1001 2902 1162 2972 μέσον
1192 2903 1282 2955 τὸν
1323 2902 1572 2970 λέγοντα,
1631 2905 1712 2957 ὅτι
1761 2906 2128 2978 ἀναστήσεται

543 2992 761 3051 πάντως
798 2990 831 3059 ὴ
862 2987 1036 3049 πόλις.
1057 2986 1178 3039 Ὀτι
1210 2985 1318 3056 γὰρ
1357 2989 1406 3038 εἰ
1440 2990 1529 3041 καὶ
1558 2987 1711 3051 τέλος
1738 2989 1960 3059 ἔμελλεν
1986 2990 2126 3055 ἕξειν

545 3075 730 3142 ὐμῖνή
768 3069 1022 3141 παροῦσα
1047 3071 1413 3140 αἰχμαλωσία,
1451 3073 1602 3124 πᾶσα
1635 3073 1844 3144 ἀνάγκη
1884 3070 1950 3144 ἦν
2000 3076 2126 3138 τοὺς

545 3159 829 3228 προφήτας
863 3155 1033 3206 ταῦτα
1085 3157 1529 3223 προαναφωνεῖν,
1585 3157 1752 3210 παντί
1802 3175 1905 3211 που
1967 3157 2124 3234 δῆλόν

546 3240 749 3308 ἐστιτῴ
779 3239 872 3291 καί
892 3236 1140 3290 ὁπωσοῦν
1178 3240 1258 3299 εἰς
1283 3238 1352 3290 τά
1384 3239 1700 3309 προφητικά
1741 3242 2124 3313 παρακύψαντι

545 3319 746 3391 βιϐλία.
775 3321 883 3372 Kal
912 3321 1019 3388 γὰρ
1069 3319 1188 3382 έθος
1238 3320 1390 3390 παρὰ
1435 3322 1711 3386 Ἰουδαίοις
1770 3325 2018 3391 παλαιόν,
2057 3328 2126 3381 τὰ

549 3405 807 3474 μέλλοντα
865 3403 1060 3463 αὐτοὺς
1133 3402 1576 3471 καταλαμϐάνειν
1641 3406 1788 3460 κακὰ
1851 3409 1884 3480 ἦ
1945 3411 2126 3478 ἀγαθά

528 3485 936 3558 ’προαγορεύειν
972 3486 1098 3548 τοὺς
1135 3487 1422 3556 προφήτας
1460 3487 1688 3542 ἀνωθεν.
1740 3493 1897 3555 Τίνος
1941 3495 2126 3547 ἕνεκεν

544 3570 639 3622 καὶ
665 3569 751 3620 διὰ
783 3571 870 3630 τίς
902 3568 1000 3620 Διά
1044 3568 1143 3640 τὴν
1176 3568 1376 3641 πολλὴν
1403 3571 1584 3626 αὐτῶν
1615 3574 2007 3648 ἀγνωμοσύνην
2037 3580 2126 3631 καὶ

543 3652 943 3722 ἀναισχυντίαν.
990 3651 1204 3721 Ἐπειδὴ
1234 3653 1343 3724 γὰρ
1389 3655 1645 3726 παραυτά
1681 3659 1779 3722 τὰς
1807 3661 2126 3730 εὐεργεσίας

542 3736 962 3789 ἐπελανθάνοντο
993 3733 1090 3786 τοῦ
1111 3735 1281 3788 ταῦτα
1312 3740 1672 3808 πεποιηκότος
1701 3742 1858 3810 Θεοῦ,
1895 3745 1990 3797 καί¹
2015 3748 2126 3809 τοῖς

541 3820 785 3892 δαίμοσιν
819 3818 1129 3888 ἐπέγραφον
1168 3818 1236 3872 τά
1259 3819 1534 3890 γινόμενα,
1566 3824 1661 3878 καὶ
1680 3825 1748 3878 τά
1773 3827 1956 3894 ἀγαθά
1985 3829 2127 3881 ἐκεί-

541 3923 650 3967 νοις
689 3902 1007 3971 ἐλογίζοντοο
1041 3903 1133 3954 καὶ
1168 3902 1262 3957 νῦν
1291 3905 1386 3974 μὲν
1413 3905 1716 3972 ἐξελθόντες
1742 3910 1799 3977 ἐξ
1824 3913 2124 3981 Αἰγύπτου,

539 3989 638 4059 τῆς
662 3987 938 4055 Θαλάσσης
979 3985 1312 4056 σχισθείσης,
1351 3989 1446 4040 καὶ
1495 3990 1601 4042 τῶν
1634 3992 1808 4047 ἀλλων
1834 3995 2124 4065 θαυμάτων

543 4068 1251 4141 γινομένων,ἐπιλαθόμενοι
1273 4070 1365 4122 τοῦ
1385 4071 1559 4126 ταῦτα
1583 4079 1946 4148 πεποιηκότος
1967 4081 2123 4149 Θεοῦ,

541 4157 651 4215 τοῖς
675 4153 736 4203 οὐ
767 4153 907 4214 θεοῖς
935 4151 1248 4204 ἀνετίθεσαν
1277 4153 1345 4206 τά
1375 4156 1654 4226 γινόμενα,
1688 4164 1780 4212 καὶ
1811 4160 1890 4231 τῷ
1919 4163 2126 4234 Ἀαρὼν

541 4235 777 4303 λέγουσι·
810 4235 1076 4301 Ποίησον
1108 4234 1253 4303 ἡμῖν
1280 4238 1474 4304 θεοὺς,
1511 4240 1569 4293 οἳ
1609 4247 2126 4311 προπορεύσονται

541 4317 838 4388 ήμῶν-καὶ
857 4317 1186 4390 τῷΊερεμίᾳ
1204 4319 1260 4372 δὲ
1286 4321 1565 4390 φαίνονται
1599 4326 1868 4394 λέγοντες,
1901 4334 1942 4383 Τ
1939 4331 2123 4386 ὸνλό-

542 4421 652 4473 τον
664 4402 736 4454 ὃν
749 4400 1059 4467 ἐλάλησας
1072 4402 1384 4471 πρὸςήμᾶς
1404 4405 1482 4470 τῷ
1497 4408 1738 4478 ὀνόματι
1752 4414 1994 4480 Κυρίου,
2013 4418 2124 4469 οὐκ

542 4483 924 4554 ἀκουσόμεθα
941 4501 1078 4551 σου,
1092 4485 1179 4538 ὅτι
1193 4488 1507 4556 ποιοῦντες
1531 4491 1558 4530 δ
1571 4493 1908 4563 ποιήσομεν
1927 4495 2124 4552 πάντα

540 4569 649 4622 τὸν
685 4570 891 4638 λόγον,
910 4567 977 4635 ὃς
995 4569 1378 4634 ἐξελεύσεται
1397 4574 1464 4628 ἐκ
1482 4574 1589 4629 τοῦ
1605 4578 1901 4647 στόματος
1932 4581 2121 4649 ἡμῶν,

543 4652 762 4722 θυμιᾷν
786 4653 860 4722 τῇ
877 4655 1225 4725 βασιλίσσῃ
1253 4657 1360 4711 τοῦ
1381 4661 1664 4728 οὐρανοῦ,
1699 4663 1799 4716 καὶ
1830 4663 2124 4720 σπένδειν

541 4736 696 4805 αὐτῇ
733 4737 1026 4804 σπονδὰς,
1063 4741 1215 4793 καθὰ
1247 4741 1620 4813 ἐποιήσαμεν
1661 4745 1762 4799 καί
1802 4747 1975 4817 ἡμεῖς
2025 4751 2121 4804 καὶ

541 4824 596 4874 οἱ
643 4821 893 4889 πατέρες
924 4821 1116 4890 ἡμῶν,
1149 4825 1248 4878 καὶ
1279 4830 1335 4880 οί
1359 4829 1645 4897 βασιλεῖς
1684 4832 1874 4902 ἡμῶν,
1910 4835 2008 4888 καὶ
2066 4837 2121 4888 οἱ

540 4903 829 4974 ἄρχοντες
864 4903 1062 4973 ἡμῶν·
1123 4909 1223 4962 καί
1269 4910 1729 4984 ἐνεπλήσθημεν
1767 4916 1989 4984 ἄρτων,⁵
2021 4919 2119 4972 καὶ

539 4989 909 5058 ἐγενήθημεν
934 4991 1209 5058 χρηστοὶ,
1251 4995 1346 5046 καί
1378 4996 1534 5050 κακὰ
1561 5001 1671 5052 οὐκ
1705 4999 1970 5068 οῑδαμεν·
2019 5002 2117 5055 καὶ

540 5074 617 5137 ὡς
648 5071 979 5142 θυμιῶντες·
1023 5073 1096 5142 τῇ
1123 5075 1474 5147 βασιλίσσῃ
1531 5082 1639 5134 τοῦ
1687 5084 1973 5152 οὐρανοῦ,
2018 5085 2116 5138 καί

541 5155 911 5222 σπένδοντες
944 5158 1098 5227 αὐτῇ
1129 5161 1422 5228 σπονδὰς,
1443 5164 1866 5234 ἠλαττώθημεν
1897 5167 2119 5234 πάντες

539 5238 730 5320 ἡμεῖς,
766 5242 864 5293 καί
917 5241 986 5294 ἐν
1013 5243 1282 5311 ῥομφαίᾳ
1309 5246 1408 5298 καὶ
1448 5247 1518 5298 ἐν
1546 5247 1700 5319 λιμῷ
1728 5250 2114 5320 ἐξελίπομενο

543 5323 629 5376 ἵνα
652 5319 744 5377 οὖν
780 5324 945 5395 μηδὲν
976 5325 1086 5377 τῶν
1119 5326 1527 5396 συμϐαινόντων
1560 5334 1672 5394 τοῖς
1705 5332 1943 5398 εἰδώλοις
1971 5319 2119 5404 λογί-

542 5405 771 5469 ζωνται,
822 5407 960 5461 ἀλλά
993 5410 1087 5461 καὶ
1116 5412 1215 5473 τὰς
1250 5415 1522 5482 τιμωρίας
1549 5416 1643 5468 καὶ
1674 5416 1772 5480 τάς
1800 5419 2118 5490 εὐεργεσίας

542 5499 691 5565 παρά
721 5499 814 5550 τοῦ
836 5500 972 5552 Θεοῦ
1003 5495 1339 5557 πιστεύωσιν
1365 5507 1549 5570 αὐτοῖς
1571 5508 1660 5562 ἀεὶ
1690 5511 2113 5580 παραγίνεσθαι,

540 5582 638 5665 τὰς
663 5583 774 5665 μὲν
794 5583 882 5636 διὰ
910 5583 1010 5647 τὰς
1039 5586 1334 5657 ἁμαρτίας,
1365 5590 1464 5652 τάς
1484 5590 1539 5642 δὲ
1566 5591 1656 5644 διὰ
1680 5594 2112 5665 φιλανθρωπίαν,

540 5663 744 5748 ἀνωθεν
781 5665 964 5728 αὐτοῖς
995 5668 1292 5738 προύλεγον
1333 5673 1382 5723 οἰ
1412 5675 1688 5746 προφῆται
1734 5677 1804 5731 τά
1851 5663 2146 5748 μέλλοντα.

537 5745 778 5804 ἔσεσθαι.
814 5750 925 5802 Kal
959 5749 1044 5803 ἵνα
1075 5751 1250 5824 μάθῃς
1287 5755 1366 5808 ὅτι
1407 5756 1546 5829 αῦτη
1577 5761 1724 5815 ἐστὶν
1769 5763 1800 5833 ή
1835 5745 1979 5816 αἰτία
2014 5763 2114 5834 τῆς

601 5942 624 6022 ξ
645 5946 740 6022 alii
760 5950 1011 6022 γράμματα
1038 5953 1130 6022 δίε,
1153 5968 1278 6022 unus
1309 5960 1621 6019 γραμματεῖα.

599 6007 627 6052 δ
645 6007 897 6070 Ποιοῦντες
921 6015 1064 6065 deest
1084 6007 1132 6065 ια
1154 6007 1479 6068 ωυιίιε“’ωέὲ.

2236 577 2589 646 προρρήσεως
2618 617 2631 641 ,
2681 577 2844 630 ἀκουε
2890 578 2942 632 τί
2988 595 3154 650 φησιν
3197 579 3226 630 6
3287 573 3789 645 μεγαλοφωνότατος

2245 657 2500 720 Ἡσαΐας·
2557 659 2842 713 Γινώσκω
2881 659 2972 714 ὅτι
3014 657 3284 727 σκληρὸς
3328 653 3388 710 εἷ
3413 654 3494 709 σὺ
3523 657 3665 727 πρὸς
3710 656 3790 709 τον

2231 740 2358 793 λαὸν
2384 742 2474 794 τὸν
2518 741 2826 806 Ἰουδαϊκὸν,
2853 743 2952 797 καί
2979 743 3196 810 νεῦρον
3222 751 3246 780 ο
3280 738 3578 808 σιδηροῦν
3613 742 3646 791 ὁ
3668 741 3790 805 τινα·

2230 823 2416 893 χηλός
2442 837 2590 901 σου·
2629 825 2910 879 τουτέστιν
2953 821 3254 892 ἀκαμπὴς,
3299 821 3396 874 καὶ
3420 820 3488 874 τὸ
3520 819 3793 890 μέτωπόν-

2231 921 2346 980 σου
2389 906 2684 976 χαλκοῦν,
2734 908 3012 960 τουτέστιν
3062 905 3435 974 ἀναίσχυντον.
3471 902 3632 956 Οῦτω
3672 901 3790 969 γοῦν

2230 990 2324 1041 καὶ
2355 993 2487 1060 ήμῖν
2527 989 2648 1054 ἔθος
2683 989 2965 1054 πολλάκις,
2998 991 3126 1052 τοὺς
3179 986 3435 1058 ἐρυθριᾷν
3483 985 3560 1056 μὴ
3591 985 3790 1046 εἰδότας

2229 1072 2722 1143 χαλκοπροσώπους
2749 1071 2954 1128 καλεῖν.
2973 1072 3078 1126 Καὶ
3108 1069 3430 1140 ἀνήγγειλὰ
3459 1084 3585 1135 σοι,
3615 1070 3770 1140 φησὶν

2229 1152 2267 1206 d
2290 1154 2502 1223 μέλλει
2534 1155 2632 1209 ἐπὶ
2679 1154 2756 1209 σὲ
2781 1156 3079 1224 ἔρχεσθαι,
3118 1153 3259 1221 πρὶν
3291 1152 3327 1220 ἢ
3363 1151 3672 1220 γενέσθαι,
3702 1151 3788 1202 καί

2227 1239 2496 1292 ἀκουστά
2528 1253 2628 1292 σοι
2657 1239 2938 1306 ἐποίησα.
2982 1233 3115 1290 Εἶτα
3142 1239 3241 1307 τὴν
3277 1236 3452 1290 αἰτίαν
3493 1235 3600 1304 τῆς
3631 1235 3790 1304 προρ-

2231 1323 2440 1392 ρήσεως
2477 1321 2668 1390 λέγων,
2704 1323 3010 1392 ἐπήγαγεν·
3065 1319 3311 1388 Μήποτε
3366 1319 3568 1384 εἴπῃς,
3596 1317 3687 1368 ὅτι
3718 1315 3789 1369 Τὰ

2227 1405 2444 1459 εἴδωλὰ
2465 1424 2566 1476 μοι
2591 1407 2864 1474 ἐποίησε,
2898 1404 2994 1460 καί
3038 1405 3110 1457 τὰ
3151 1403 3390 1472 τλυπτὰ
3429 1402 3530 1455 καὶ
3561 1400 3638 1454 τὰ
3681 1418 3791 1468 9m-

2227 1489 2410 1543 νευτά
2437 1507 2538 1558 μοι
2563 1490 2920 1544 ἐνετείλατο.
2951 1491 3062 1543 Kal
3088 1487 3250 1541 πάλιν
3281 1486 3467 1556 ἐπειδὴ
3504 1485 3792 1554 φιλόνεικοί
3881 1547 3883 1556 Α

2226 1588 2371 1635 τινες
2407 1571 2557 1636 ὄντες
2583 1573 2677 1625 καὶ
2708 1572 2989 1637 ἀλαζόνες,
3023 1571 3117 1625 καὶ⁸
3143 1570 3279 1641 μετὰ
3311 1572 3412 1640 τὴν
3455 1566 3610 1640 [655]
3641 1568 3794 1620 ἐκϐα-

2228 1672 2313 1708 σιν
2362 1655 2748 1726 ήναισχύντουν
2794 1655 2871 1720 ὡς
2919 1655 2993 1726 μὴ
3047 1655 3484 1727 προακηκοότες,
3525 1653 3590 1705 οὐ
3636 1651 3793 1724 πρού-

2227 1739 2383 1806 λεγον
2411 1740 2464 1792 οἱ
2494 1739 2767 1810 προφῆται
2794 1738 2863 1793 τά
2889 1739 3122 1810 ἐσόμενα
3156 1739 3335 1809 μόνον,
3359 1737 3496 1791 ἀλλά
3522 1739 3624 1790 καὶ
3657 1737 3792 1807 μάρ-

2224 1839 2392 1895 τυρας
2419 1822 2721 1892 ἐλάμϐανον
2748 1824 2856 1876 τῶν
2879 1823 3195 1894 γινομένων.
3222 1822 3377 1877 Οῦτω
3412 1823 3544 1890 γοῦν
3584 1822 3747 1874 πάλιν
3769 1824 3796 1874 ὁ

2226 1906 2388 1968 αὐτὸς
2433 1906 2656 1968 Ἡσαΐας
2697 1906 2865 1976 φησί’
2907 1905 3226 1973 Μάρτυράς
3250 1923 3350 1974 μοι
3404 1905 3681 1973 ποίησον
3712 1921 3795 1956 πι-

2226 1990 2413 2055 στοὺς
2443 1987 2819 2058 ἀνθρώπους,
2849 1986 2956 2041 τὸν
2981 1988 3200 2059 Οὐρίαν
3216 1987 3322 2040 τὸν
3345 1986 3520 2055 ἱερέα,
3571 1988 3798 2040 καὶτὸν

2226 2074 2530 2143 Ζαχαρίαν
2557 2073 2662 2126 τὸν
2690 2071 2825 2126 υἱὸν
2847 2071 3168 2140 Βαραχίου.
3195 2070 3304 2124 Kal
3339 2072 3396 2123 οὐ
3422 2070 3584 2122 τοῦτο
3619 2071 3803 2140 μόνον,

2225 2155 2363 2210 ἀλλά
2401 2157 2492 2210 καὶ
2542 2157 2599 2210 ἐν
2639 2153 2790 2225 τόμῳ
2843 2153 3014 2225 καινῷ
3067 2152 3166 2223 τὴν
3212 2152 3548 2224 προφητείαν
3584 2153 3799 2223 γράψας

2224 2238 2477 2305 ἀπέθετο,
2507 2237 2594 2291 ῖνα
2619 2237 2762 2308 μετὰ.
2774 2235 2872 2307 τὴν
2901 2235 3124 2290 ἔκϐασιν
3147 2236 3286 2290 αὐτά
3305 2235 3480 2288 αὐτῶν
3513 2252 3798 2305 καταμαρ-

2225 2323 2360 2392 τυρῇ
2385 2320 2454 2374 τά
2485 2321 2806 2392 γράμματα,
2826 2322 2907 2374 ὅτι
2931 2319 3136 2374 ἀνωθεν
3154 2320 3335 2382 αὐτοῖς
3361 2319 3455 2372 καὶ
3471 2319 3581 2388 πρὸ
3604 2320 3797 2372 πολλοῦ

2224 2403 2318 2458 τοῦ
2352 2403 2545 2475 χρόνου
2574 2403 2999 2474 προηγόρευται.
3031 2402 3128 2455 Διά
3156 2402 3315 2456 τοῦτο
3342 2401 3463 2455 οὐδὲ
3499 2401 3693 2466 ἁπλῶς
3741 2405 3798 2454 ἐν

2224 2487 2376 2558 τόμῳ
2400 2487 2619 2558 γράφει,
2651 2485 2766 2538 ἀλλ’
2798 2486 2855 2538 ἐν
2881 2486 3030 2556 τόμῳ
3053 2485 3246 2556 καινῷ,
3270 2478 3550 2556 δυναμένῳ
3581 2487 3720 2557 πρὸς
3741 2485 3799 2538 τὸ

2229 2571 2405 2640 μῆκος
2435 2561 2667 2640 ἀρκέσαι
2690 2566 2785 2621 τοῦ
2823 2568 3012 2639 χρόνου
3041 2569 3137 2621 καὶ
3192 2567 3266 2640 μὴ
3294 2567 3663 2638 διαφθαρῆναι
3701 2572 3797 2638 pa-

2225 2653 2372 2718 δίως,
2404 2651 2518 2705 ἀλλ’
2547 2653 2834 2722 ἀναμεῖναι
2870 2651 2970 2722 τὴν
3014 2651 3237 2705 ἔκϐασιν
3261 2651 3370 2703 τῶν
3417 2651 3476 2703 ἐν
3504 2650 3659 2721 αὐτῷ
3706 2668 3796 2718 γε-

2225 2735 2560 2806 γραμμένων
2591 2735 2952 2805 πραγμάτων.
2984 2735 3093 2787 Kal
3120 2736 3202 2787 ὅτι
3230 2733 3384 2786 τοῦτό
3412 2735 3560 2786 ἐστιν
3578 2733 3794 2804 ἀληθὲς,

2188 2853 2199 2864 -
2227 2818 2321 2872 καὶ
2355 2818 2530 2870 πάντα
2558 2817 2740 2880 αὐτοῖς
2776 2817 3144 2887 προανεφώνει
3173 2815 3240 2869 τὰ
3268 2815 3532 2887 μέλλοντα
3577 2816 3795 2868 ἔσεσθαι

2227 2903 2254 2953 6
2279 2901 2434 2966 Θεὸς,
2481 2900 2580 2954 οὐκ
2609 2899 2857 2954 ἐντεῦθεν
2885 2899 3065 2970 μόνον,
3107 2900 3242 2952 ἀλλά
3267 2900 3358 2953 καὶ
3394 2899 3450 2964 ἐξ
3479 2899 3665 2951 αὐτῶν
3692 2901 3795 2950 τῶν

2228 2983 2551 3054 συμϐάντων
2592 2983 2773 3047 αὐτοῖς
2803 2982 2988 3037 κακῶν
3029 3001 3088 3037 τε
3122 2985 3216 3036 καὶ
3245 2980 3462 3051 ἀγαθῶν
3497 2982 3794 3053 ποίησομαι

2225 3065 2323 3137 τὴν
2351 3064 2645 3132 ἀπόδειξιν.

2311 3156 2373 3202 ε’.
2394 3150 2556 3221 Τρεῖς
2580 3149 2710 3218 γοῦν
2747 3150 2986 3215 δουλείας
3014 3150 3310 3222 ὑπέμειναν
3333 3149 3730 3221 χαλεπωτάτας
3752 3150 3798 3200 εἰ

2238 3233 2481 3286 Ἰουδαῖοι
2509 3229 2558 3298 ά,
2592 3233 2686 3285 καὶ
2715 3233 2970 3303 οὐδεμίαν
3011 3236 3181 3304 χωρὶς
3210 3235 3565 3305 προρρήσεως
3617 3235 3801 3294 αὐτοῖς

2225 3314 2663 3387 ἐπήγαγεν,ἀλλά
2680 3316 2858 3379 πάσας
2869 3317 3050 3378 αὐτοῖς
3075 3316 3434 3389 προλεχθῆναι
3458 3316 3801 3386 παρεσκεύα-

2227 3418 2316 3454 σεν
2345 3403 2373 3452 6
2399 3400 2551 3464 Θεὸς,
2598 3401 2689 3454 καὶ
2713 3400 2898 3463 τόπον,
2946 3401 3040 3453 καὶ
3088 3401 3297 3470 χρόνον,
3359 3401 3452 3453 καὶ
3481 3400 3797 3470 πρόσωπον,

2227 3485 2321 3538 καὶ
2343 3481 2480 3549 εἶδος
2519 3484 2835 3550 κακώσεως,
2868 3484 2964 3537 καὶ
2991 3485 3089 3553 τὴν
3117 3485 3394 3547 ἐπάνοδον,
3435 3485 3532 3537 καὶ
3557 3484 3634 3536 τά
3669 3483 3800 3536 ἀλλα

2225 3572 2404 3623 πάντα
2447 3568 2584 3640 μετὰ
2619 3569 2904 3640 ἀκριϐείας
2932 3568 3232 3639 προλέγων.
3265 3568 3371 3622 Kal
3574 3567 3800 3639 πρώτην

2227 3651 2600 3724 [πρόρρησιν]
2642 3651 2751 3722 ἐρῶ
2790 3651 2889 3723 τὴν
2937 3653 2995 3703 ἐν
3034 3652 3314 3724 Αίγύπτῳ.
3357 3652 3501 3723 Πρὸς
3539 3651 3678 3719 γοῦν
3711 3653 3800 3704 τὶν

2239 3736 2489 3806 Ἀϐραὰμ
2514 3735 2914 3805 διαλεγόμενος,
2949 3734 3090 3788 οὕτω
3107 3734 3222 3798 πώς
3247 3752 3376 3806 φησι
3396 3751 3409 3763 ·
3469 3733 3803 3788 Γηηώσκων

2226 3821 2451 3891 γνώσῃ,
2486 3817 2578 3872 ὅτι
2606 3819 2896 3886 πάροικον
2925 3819 3095 3873 ἔσται
3123 3819 3189 3872 τὸ
3216 3820 3451 3888 σπέρμα
3476 3833 3596 3872 σου
3630 3819 3702 3872 ἐν
3727 3817 3801 3886 τῇ

2226 3906 2338 3957 οὐκ
2367 3902 2512 3970 ἰδίᾳ·
2541 3901 3077 3956 καίδουλώσουσιν
3103 3903 3269 3968 αὐτὸ,
3286 3905 3382 3956 καὶ
3408 3902 3802 3957 κακώσουσιν

2226 3986 2328 4053 ἐτη
2359 3987 2728 4054 τετρακόσια.
2769 3984 2839 4038 Τὸ
2861 3984 2928 4038 δὲ
2959 3986 3152 4051 ἔθνος,
3179 3979 3227 4052 ᾧ
3256 3987 3363 4040 ἐὰν
3391 3986 3799 4050 δουλεύσωσι,

2227 4066 2404 4136 κρινῶ
2435 4067 2568 4137 ἐγὼ,
2596 4065 2765 4121 εἶπεν
2811 4071 2844 4122 ό
2873 4070 3037 4134 Θεός.
3075 4069 3324 4138 Τετάρτῃ
3355 4069 3424 4122 δὲ
3482 4067 3671 4139 γενεᾷ
3700 4069 3804 4120 ἐπ-

2225 4153 2656 4206 ανελεύσονται
2685 4146 2800 4204 ὦδε
2821 4151 2970 4220 μετὰ
2997 4151 3347 4220 ἀποσκευῆς
3370 4153 3631 4221 πολλῆς.
3653 4149 3802 4213 Εἶδες

2227 4236 2344 4297 πῶς
2393 4235 2482 4287 τὸν
2532 4235 2760 4305 ἀριθμὸν
2789 4232 2908 4288 εἰπε
2937 4236 3047 4289 τῶν
3080 4235 3245 4290 ἐτῶν·
3285 4238 3619 4307 τετρακόσια
3661 4236 3759 4304 ἐτη
3785 4254 3799 4266 ’

2225 4322 2314 4373 τὸν
2341 4319 2536 4389 τρόπον
2564 4320 2662 4390 τῆς
2691 4319 2953 4385 δουλείας,
2988 4321 3072 4373 ὅτι
3097 4320 3194 4390 οὐχ
3229 4319 3414 4383 ἀπλῶς
3441 4319 3801 4374 δουλώσου·

2226 4419 2348 4465 σιν,
2388 4401 2522 4453 ἀλλά
2549 4403 2645 4456 καὶ
2667 4403 3072 4457 κακώσουσιν.
3101 4405 3298 4457 ’Ἄκουε
3339 4404 3469 4472 γοῦν
3506 4403 3629 4467 πῶς
3666 4404 3801 4474 μετὰ

2225 4485 2395 4539 ταῦτα
2425 4485 2704 4554 ἐξηγεῖται
2735 4489 2762 4539 6
2790 4487 3027 4559 Μωῦσῆς
3059 4490 3157 4560 τὴν
3191 4487 3429 4540 κάκωσιν
3449 4503 3462 4516 ·
3496 4489 3574 4540 Τὰ
3605 4488 3801 4555 ἇχιτα

2224 4571 2296 4622 οὺ
2334 4567 2559 4622 δίδοται
2589 4569 2712 4633 τοῖς
2734 4568 2989 4636 οἰκέταις
3011 4588 3146 4634 σου,
3186 4571 3338 4640 φησί,
3366 4569 3462 4622 καί
3502 4569 3800 4639 λέγουσιν

2223 4653 2367 4723 ἡμῖν
2392 4653 2510 4720 τὴν
2536 4655 2968 4724 πλινθοιιργίαν
2996 4655 3189 4708 ποιεῖν
3211 4666 3257 4708 ο.
3274 4655 3381 4707 Kal
3399 4655 3800 4723 ἐμαπιγοῦντο
3882 4693 3883 4708 χ

2222 4735 2343 4790 καθ’
2373 4737 2608 4806 ἑκάστην
2655 4737 2887 4808 ἡμέραν,
2938 4738 3024 4789 ἵνα
3077 4737 3276 4810 μάθῃς,
3305 4737 3356 4789 τί
3391 4737 3508 4789 ἐστι
3544 4737 3629 4798 τὸ,
3663 4742 3802 4790 Δου-

2220 4820 2490 4874 λώσουσι
2545 4821 2644 4872 καὶ
2699 4820 3078 4888 κακώσουσι,
3145 4823 3260 4886 καὶ,
3304 4821 3372 4875 Τὸ
3396 4823 3574 4888 ἔθνος
3606 4815 3660 4887 ᾧ
3699 4824 3805 4874 ἐὰν

2220 4904 2636 4969 δουλεύσωσι,
2679 4902 2857 4971 κρινῶ
2889 4904 3030 4971 ὲγιέγ
3081 4905 3173 4957 τὸν
3212 4908 3663 4986 καταποντισμὸν
3699 4908 3802 4958 τῶν

2219 4987 2532 5054 Αἰγυπτίων
2589 4987 2780 5054 λέγων,
2824 4987 2915 5039 τὸν
2950 4987 3037 5040 διὰ
3062 4988 3162 5058 τῆς
3197 4988 3462 5059 Ἐρυθρᾶς
3496 4989 3802 5060 θαλάσσης,

2219 5070 2278 5122 ὃν
2311 5072 2368 5122 ἐν
2401 5073 2520 5132 ταῖς
2548 5069 2709 5139 ᾠδαῖς
2738 5071 2976 5142 Μωῦσῆς
3005 5072 3334 5141 ἀναγράφων
3369 5073 3545 5134 οὕτως
3574 5072 3805 5139 ἐλεγενι

2224 5153 2432 5208 Ἵππον
2455 5153 2551 5206 καὶ
2575 5153 2879 5218 ἀναϐάτην
2914 5156 3155 5223 ἔρριψεν
3188 5158 3274 5221 εἰς
3296 5154 3645 5208 θάλασσαν.
3675 5154 3804 5208 Εἶτα

2221 5237 2429 5291 καὶτὸν
2463 5235 2664 5307 τρόπον
2698 5238 2796 5306 τῆς
2828 5238 3105 5297 ἐπανόδου,
3153 5239 3237 5292 ὅτι
3284 5237 3673 5302 ἐξελεύσονται
3707 5235 3804 5291 ᾆδε

2221 5320 2358 5392 μετά
2385 5320 2697 5388 ἀποσκευῆς
2717 5320 2936 5390 πολλῆς.
2956 5321 3290 5389 Χρήσασθε,
3321 5323 3508 5391 φησὶν,
3535 5323 3804 5387 ἕκαστος

2218 5402 2377 5470 παρὰ
2403 5402 2511 5456 τοῦ
2563 5403 2830 5471 γείτονος
2874 5405 3062 5458 αὐτοῦ
3110 5405 3208 5458 καὶ
3246 5404 3573 5472 συσκήνου
3604 5409 3803 5470 σκεύη

2217 5484 2418 5555 χρυσᾶ
2465 5485 2565 5540 καὶ
2591 5487 2838 5555 ἀργυρᾶ.
2893 5487 3111 5558 Ἐπειδὴ
3149 5489 3257 5559 γὰρ
3279 5489 3446 5542 πολὺν
3475 5490 3803 5542 ἐδούλευσαν

2214 5570 2425 5641 χρόνον,
2456 5569 2653 5623 καὶτὸν
2682 5571 2871 5639 μισθὸν
2899 5571 2997 5624 οὐκ
3027 5572 3315 5637 ἀπέλαϐον,
3339 5572 3575 5638 ἄκοντας
3603 5577 3804 5636 αὐτοὺς

2214 5653 2583 5725 ἀπαιτηθῆναι
2623 5656 3035 5725 παρεσκεύασεν
3065 5658 3094 5708 6
3135 5656 3288 5719 Θεός.
3324 5657 3436 5709 Kal
3472 5657 3574 5730 βοᾷ
3606 5663 3638 5711 ὁ
3669 5673 3801 5726 προ-

2215 5739 2414 5806 νήτης,
2468 5737 2640 5806 λέγων
2660 5755 2673 5768 ·
2723 5737 2830 5791 Καὶ
2859 5737 3154 5810 ἐξήγαγεν
3187 5739 3410 5805 αὐτοὺς
3439 5741 3510 5793 ἐν
3537 5741 3802 5811 ἀρτιτίιρ

2228 5914 2240 5926 η
2281 5853 2304 5881 ε
2332 5851 2466 5920 Unus
2495 5851 2599 5898 cod.
2637 5847 2894 5900 Ἰουδαϊκὸν
2931 5853 3286 5914 ἀποτεινόμενος
3310 5856 3390 5902 καὶ
3412 5852 3602 5918 νεῦρον,
3645 5855 3798 5906 Savil.

2220 5928 2592 5973 ἀποτειναμενος.

2284 5972 2312 6010 d
2333 5975 2396 6035 Οἱ
2428 5972 2643 6021 Ἰουδαῖοι
2677 5973 2818 6022 deost
2849 5974 2896 6023 in
2925 5974 3208 6035 quihusdam
3236 5990 3353 6024 mss.

2283 6035 2299 6055 ‘
2323 6033 2477 6083 Sull.
2497 6043 2544 6082 el
2574 6035 2681 6085 Bibl
2740 6035 2842 6086 Vat.
2869 6033 2953 6094 τήν
2979 6038 3163 6085 πλίνθον
3191 6040 3353 6089 ποιεῖν.
