3832 6252
285 294 352 311 εκ,

41 342 78 397 ιο
280 300 352 321 ⁵³
403 306 409 311 ’
1144 303 1503 366 anvensus
1532 302 1577 358 ιι

1681 302 1836 357 ἘΟΘ.
1878 300 1941 354 V.

1629 416 1789 472 Isaias
1836 416 1903 471 ad
1947 413 2199 486 popul‘bm
2250 414 2525 469 Judaicum
2576 413 2744 469 :Scio
2772 413 2910 485 quod
2952 414 3107 467 durus
3138 430 3191 468 es

1633 520 1707 575 tu,
1735 520 1781 564 et
1809 525 1986 563 nervus
2011 512 2200 578 ferreus
2228 509 2395 561 cervix
2437 516 2522 560 tua
2547 504 2693 576 (Isai.
2719 506 2809 561 48.
2831 504 2886 575 4)
2925 521 2941 559 :
2973 504 3074 560 hoc
3095 516 3199 574 est,

1636 600 1936 655 inﬂexibilis
1960 616 1973 652 :
1999 597 2064 651 Et
2092 601 2233 668 frons
2260 608 2347 650 tua
2371 612 2522 661 wrea,
2554 595 2657 649 hoc
2680 605 2760 650 est
2786 594 3205 668 impudens.Sic

1637 701 1691 747 et
1706 688 1805 745 nos
1823 690 2130 759 frequenter
2145 687 2380 741 solemus
2394 701 2487 741 eos
2503 687 2590 756 qui
2610 686 2850 741 nesciunt
2869 666 3201 752 erubescere,

1640 792 2057 854 χαλκοπροσώπους
2081 822 2096 845 ,
2145 780 2196 835 id
2227 789 2343 843 est,
2375 795 2566 834 aeream
2598 779 2852 836 habentes
2875 782 3084 845 faciem,
3108 800 3202 854 ap-

1640 875 1859 946 pellare.
1892 873 1958 927 Et
1996 871 2293 925 annuntiavi
2333 871 2419 924 tibi
2463 886 2575 941 qua:
2604 880 2813 924 ventura
2851 882 2995 925 erant
3032 874 3084 924 in
3126 885 3201 939 ter

47 453 93 503 ι.
124 444 203 499 Ea:
237 438 486 512 praphetis
509 419 750 507 probaui?
769 430 1006 501 templum
1034 444 1134 482 non
1150 420 1525 479 restituendum

41 536 321 597 δεμ-ιιι]θο
358 530 488 587 satis
528 537 681 584 erant
722 526 789 580 ad
830 517 1296 579 demonstrandum
1342 512 1524 576 vobis,

42 644 250 701 umquam
279 626 389 680 fore
407 631 467 677 ut
486 620 737 689 templum
763 617 1088 671 restituatur.
1110 610 1300 661 Verum
1322 605 1532 675 quando

41 691 169 781 :ritas
193 717 366 774 multis
387 713 560 769 modis
581 704 864 767 exuberat.
895 703 1069 758 missis
1106 696 1405 766 Evangeliis
1425 734 1439 757 ,
1466 691 1533 747 ad

42 816 257 886 ophetas
278 823 362 864 me
386 814 564 868 verto,
596 801 784 872 quibus
809 796 1035 851 maxime
1066 791 1308 845 videnlur
1330 784 1531 841 ﬁdere:

42 881 139 980 ,que
169 921 229 960 ex
259 902 340 956 his
384 897 720 969 perspicuum
760 891 977 952 faciam,
1017 899 1189 956 neque
1234 881 1534 980 civitatem,

42 969 151 1071 aque
167 994 412 1064 templum
430 1001 676 1059 umquam
694 982 911 1055 posthac
925 973 1327 1033 restituendum.
1344 969 1538 1037 Quam-

42 1060 137 1147 nam
164 1060 289 1143 nihil
318 1092 432 1138 erat
460 1079 588 1134 mihi
625 1088 847 1131 necesse
874 1071 1238 1126 demonstrare
1265 1060 1403 1131 quod
1435 1072 1540 1111 non

41 1186 301 1243 :stituetur.
341 1175 525 1245 Neque
571 1170 710 1227 enim
757 1180 927 1231 meae,
974 1161 1067 1217 sed
1113 1160 1322 1213 illorum
1368 1158 1543 1222 partes

41 1285 139 1331 rant
163 1273 369 1333 docere,
394 1242 535 1337 quod
559 1270 701 1318 esset
726 1254 1129 1314 restituendum.
1151 1250 1278 1305 Nam
1307 1262 1404 1316 ego
1431 1242 1546 1313 qui-

42 1383 112 1423 em
137 1381 196 1420 ex
224 1364 336 1431 ipso
365 1369 606 1427 tempore
631 1364 919 1421 congruum
951 1346 1122 1415 habeo
1153 1337 1543 1398 testimonium,

44 1458 125 1512 mihi
162 1450 495 1524 patrocinans
518 1464 531 1500 :
554 1444 656 1514 ipsi
692 1451 897 1505 contra,
945 1452 1065 1493 cum
1107 1450 1172 1490 ex
1214 1433 1330 1501 ipso
1370 1440 1547 1482 rerum

44 1520 188 1602 ventu
201 1542 532 1612 dejiciantur,
552 1549 650 1590 nec
669 1532 954 1603 quidquam
976 1542 1182 1592 eorum,
1204 1537 1322 1594 quae
1346 1520 1546 1580 dicunt,

42 1645 188 1709 queant
205 1634 586 1689 demonstrare,
613 1637 787 1679 tamen
808 1620 937 1675 nihil
955 1616 1094 1673 aliud
1115 1629 1270 1685 quam
1289 1614 1555 1666 ostentant

42 1701 137 1793 ese,
162 1740 276 1782 cum
305 1728 547 1792 oporteat
570 1719 712 1787 ipsos
739 1712 1093 1770 testimonium
1121 1706 1392 1763 exhibere.
1420 1701 1554 1756 Nam

41 1823 96 1873 lla
119 1832 225 1887 qua:
252 1814 372 1869 dico
401 1827 466 1866 ex
495 1811 609 1878 ipso
637 1820 811 1862 rerum
851 1812 1041 1858 eventu
1063 1799 1228 1853 doceo
1256 1808 1374 1850 esse
1397 1806 1552 1846 vera:

42 1883 199 1964 torruit
226 1906 364 1962 enim
395 1902 601 1966 civitas,
643 1912 741 1952 nec
769 1906 874 1950 tam
899 1894 1058 1962 longo
1080 1890 1188 1960 jam
1215 1897 1449 1955 tempore
1474 1883 1557 1937 in~

41 2010 237 2058 staurata
273 2007 387 2062 est;
427 2002 614 2050 contra
657 2005 775 2060 qua:
817 1987 997 2041 dicunt
1039 1982 1147 2049 isti,
1189 1979 1343 2035 nudis
1386 1974 1560 2030 verbis

42 2098 258 2150 nituntur.
296 2086 457 2157 Atqui
499 2082 760 2138 debebant
806 2078 903 2147 ipsi
949 2075 1178 2137 docere,
1231 2071 1459 2123 futurum
1504 2072 1560 2119 ut

42 2186 188 2240 :ivitas
212 2156 398 2235 rursus
422 2178 757 2230 instauretur.
788 2164 1220 2236 Quandoquidem
1249 2161 1301 2214 in
1331 2156 1561 2213 forensi-

42 2292 112 2331 )llS
133 2275 279 2330 etiam
299 2268 512 2339 iudieiis
535 2264 773 2319 videmus
799 2261 876 2313 sic
906 2256 1018 2312 ﬂeri
1048 2252 1404 2325 probationes.
1432 2246 1565 2301 Nam

42 2366 211 2437 iuoties
235 2364 373 2417 inter
399 2359 534 2413 ullos
557 2356 728 2423 aliqua
752 2350 935 2406 incidit
958 2343 1337 2406 controversia,
1360 2349 1413 2395 et
1436 2339 1569 2392 alter

41 2434 367 2526 probationem
398 2449 595 2518 scripto
616 2442 837 2516 profert,
860 2438 1049 2495 deinde
1072 2437 1117 2492 is
1141 2434 1393 2489 adversus
1411 2443 1568 2500 quem

41 2521 217 2617 igitur,
264 2541 529 2597 inliciatur
570 2552 632 2592 ea
675 2549 793 2604 quae
837 2524 1418 2600 objiciunturzcogitur
1459 2521 1572 2590 ipse

41 2611 195 2709 postea
224 2643 386 2690 testes
413 2641 467 2687 et
494 2630 626 2684 alias
651 2627 839 2682 allerre
862 2621 1224 2694 probationes,
1255 2614 1446 2686 quibus
1472 2611 1572 2665 do-

41 2742 137 2788 ceat
160 2746 257 2784 non
278 2741 397 2784 esse
412 2739 531 2780 vera
550 2736 666 2792 qua:
682 2719 877 2787 scripto
896 2716 1253 2775 continentur,
1273 2722 1375 2762 non
1395 2712 1575 2761 autem

41 2826 76 2877 is
97 2822 175 2891 qui
202 2819 452 2887 scriptum
485 2811 749 2885 produxit.
792 2805 994 2862 Eodem
1037 2801 1196 2857 modo
1231 2794 1577 2854 conveniebat

41 2927 87 2970 et
112 2888 241 2967 istos
273 2911 358 2965 hic
400 2908 596 2970 facere,
646 2901 902 2970 nobisque
947 2898 998 2952 in
1030 2894 1261 2950 medium
1290 2888 1578 2962 producere

42 3003 344 3074 prophetam,
367 3000 456 3068 qui
478 2993 779 3067 praedixerit
798 2988 1012 3044 omnino
1036 2986 1285 3047 futurum,
1314 2989 1373 3035 ut
1396 2978 1581 3034 civitas

42 3069 341 3149 restituatur.
360 3089 493 3144 Nam
519 3087 562 3141 si
585 3082 861 3155 prmsentis
882 3075 1205 3148 captivitatis
1226 3071 1345 3127 linis
1364 3069 1581 3125 omnino

44 3186 227 3239 futurus
249 3189 409 3246 esset,
436 3192 655 3235 necesse
680 3175 864 3238 fuisse,
887 3180 945 3226 ut
962 3167 1235 3241 pr0pheta:
1256 3164 1306 3219 id
1331 3176 1579 3233 praenun-

46 3278 249 3341 tiarent,
294 3273 466 3343 palam
505 3278 586 3323 est
629 3266 908 3329 omnibus,
955 3261 1045 3330 qui
1090 3257 1177 3314 vel
1215 3256 1386 3311 obiter
1421 3253 1584 3307 libros

48 3365 355 3437 pr0pheticos
402 3360 743 3431 inspexerint.
770 3356 879 3410 Mos
905 3354 1047 3408 enim
1071 3358 1185 3406 erat
1209 3346 1348 3418 apud
1375 3344 1586 3400 Judatos

46 3434 196 3520 vetus,
222 3467 278 3510 ut
302 3453 574 3523 prophetae
600 3447 853 3503 divinitus
881 3443 1042 3498 afﬂati
1088 3439 1433 3511 praedicerent
1462 3434 1583 3501 illis,

49 3566 148 3617 quae
172 3548 523 3609 imminerent,
546 3558 640 3598 seu
661 3542 819 3604 bona,
851 3553 945 3592 seu
965 3534 1121 3589 mala.
1149 3532 1325 3598 Quare
1350 3539 1405 3584 et
1427 3542 1584 3598 quam

51 3640 110 3693 ob
134 3640 273 3694 rem?
304 3638 530 3706 Propter
564 3633 820 3702 insignem
864 3628 1074 3682 illorum
1120 3623 1510 3693 improbitatem
1537 3625 1592 3672 et

53 3731 404 3800 impudentiam
430 3746 443 3782 :
466 3726 721 3797 siquidem
751 3722 890 3778 illico
918 3718 1295 3775 beneficiorum
1323 3714 1415 3768 Dei
1446 3712 1583 3767 obli-

52 3820 381 3882 viscebantur,
405 3833 572 3887 eaque
595 3829 711 3885 quze
736 3812 950 3875 fiebant,
972 3807 1302 3863 daemonibus
1320 3803 1591 3858 adscribe-

55 3912 183 3977 bant,
209 3920 262 3965 et
286 3910 423 3964 bona
451 3907 557 3962 illis
584 3903 927 3974 imputabant.
961 3900 1132 3955 Etiam
1156 3911 1313 3960 nunc,
1340 3908 1465 3949 cum
1490 3892 1595 3946 illis

55 4002 258 4071 egressis
280 4017 344 4056 ex
370 3999 602 4070 Egypto
628 4011 775 4050 mare
801 3994 1024 4049 scissum
1054 3998 1211 4055 esset,
1243 3988 1448 4057 aliaque
1474 3999 1598 4056 pro-

58 4091 177 4161 digia
214 4091 429 4155 fierent,
471 4087 620 4143 obliti
658 4085 799 4157 quod
826 4084 941 4138 haec
973 4091 1189 4136 auctore
1217 4080 1323 4134 Deo
1346 4091 1596 4148 gereren-

60 4192 151 4246 tur,
185 4183 245 4237 iis
284 4183 372 4253 qui
397 4181 471 4236 dii
510 4195 615 4234 non
643 4185 826 4243 erant,
855 4174 1155 4230 tribuebant
1176 4187 1239 4227 ea
1264 4186 1381 4241 qua:
1406 4169 1601 4223 ﬂebant

60 4274 272 4329 dicentes
305 4271 503 4328 Aaroui
525 4289 539 4325 :
563 4270 671 4331 Fac
708 4269 847 4323 nobis
900 4268 1051 4333 deos,
1080 4265 1167 4335 qui
1194 4260 1475 4334 praecedant
1511 4274 1601 4313 nos

62 4364 233 4437 (Exod.
274 4366 361 4421 52.
410 4367 483 4436 1).
526 4362 771 4419 Jeremia:
815 4374 1023 4431 quoque
1067 4354 1603 4413 dicunt:Sermonem

62 4473 190 4522 quem
220 4457 443 4527 loquutus
482 4471 533 4509 es
566 4453 633 4507 ad
668 4469 759 4506 nos
785 4452 838 4505 in
866 4450 1064 4504 nomine
1099 4446 1336 4508 Domini,
1379 4461 1478 4498 non
1514 4459 1605 4496 ast-

64 4548 234 4602 diemus
263 4565 322 4602 ea:
348 4558 415 4612 te,
433 4546 669 4617 quoniam
695 4544 932 4615 faciemus
955 4541 1141 4601 omnia,
1163 4553 1275 4608 qua:
1295 4537 1606 4608 egredientur

64 4654 117 4689 ex
140 4655 219 4693 ore
244 4649 410 4692 nostro
427 4653 444 4692 :
463 4646 517 4690 ut
542 4635 832 4689 adoleamus
856 4633 1043 4702 regina:
1069 4631 1199 4693 cteli,
1226 4637 1273 4681 et
1298 4626 1502 4680 libemus
1528 4623 1608 4677 illi

64 4729 300 4796 libamina,
322 4728 738 4801 quemadmodum
759 4726 963 4795 fecimus
984 4731 1027 4777 et
1047 4739 1157 4785 nos,
1179 4731 1225 4774 et
1244 4729 1410 4790 patres
1431 4716 1606 4782 nostri,

66 4832 106 4875 et
128 4840 256 4893 reges
288 4824 447 4878 nostri
469 4832 516 4875 et
542 4820 790 4891 principes
809 4817 1004 4871 nostri:
1024 4824 1069 4868 et
1085 4813 1259 4884 repleti
1274 4827 1442 4865 sumus
1467 4808 1613 4879 pani-

67 4916 161 4977 bus,
189 4925 232 4967 et
259 4914 446 4985 fuimus
461 4911 700 4984 jucundi,
721 4919 766 4963 et
794 4906 930 4961 mala
954 4923 1054 4960 non
1080 4905 1391 4958 vidimus:et
1416 4909 1612 4971 postea-

67 5022 201 5073 quam
233 5005 507 5059 destitimus
531 5001 731 5055 adolere
754 4999 939 5069 reginte
962 4996 1092 5061 cwli,
1129 5004 1176 5048 et
1201 4993 1356 5047 libare
1382 4992 1457 5044 illi
1482 4990 1611 5043 liba-

65 5113 221 5163 mina,
261 5096 491 5150 diminuti
519 5109 689 5149 sumus
719 5106 886 5145 omnes
929 5105 1052 5153 nos,
1093 5094 1140 5139 et
1178 5083 1348 5154 gladio
1388 5086 1614 5151 fameque

68 5188 318 5253 defecimus
357 5186 487 5259 (λετ.
522 5186 612 5241 44.
651 5183 738 5239 16.
783 5179 893 5253 18).
936 5177 1161 5235 Proinde
1188 5191 1255 5230 ne
1281 5173 1404 5244 quid
1430 5186 1614 5228 eorum

68 5296 172 5347 quae
200 5282 585 5348 contingerent,
625 5272 926 5330 simulacris
953 5271 1293 5340 imputarent,
1324 5265 1415 5320 sed
1444 5264 1617 5334 potius

69 5368 330 5424 crederent
366 5378 420 5424 et
447 5369 673 5423 ultiones
700 5375 755 5421 et
798 5363 1054 5420 beneficia
1082 5360 1211 5430 ipsis
1240 5373 1270 5412 a
1298 5357 1409 5412 Deo
1453 5354 1617 5427 proﬂ-
1667 5412 1674 5424 ,

69 5460 211 5526 cisci;
254 5460 369 5516 illas
415 5458 624 5531 quidem
662 5457 733 5513 ob
767 5463 1023 5529 peccata,
1070 5452 1184 5507 htec
1221 5464 1351 5512 vero
1392 5463 1486 5517 per
1525 5446 1619 5501 Dei

71 5548 450 5621 benignitatem,
482 5550 756 5622 prophetae
785 5548 1038 5602 divinitus
1063 5542 1225 5598 afﬂati
1266 5537 1621 5610 praedicabant

75 5639 167 5693 illis
194 5653 461 5697 eventura.
489 5643 661 5712 Atque
690 5647 747 5693 ut
769 5638 965 5694 certius
991 5637 1154 5702 scias,
1193 5634 1329 5687 hanc
1352 5646 1471 5686 esse
1496 5644 1620 5684 cau-

76 5742 175 5784 sam
217 5732 601 5813 pra-dictionis,
642 5730 760 5795 vide
796 5729 919 5802 quid
963 5728 1103 5785 dicat
1141 5723 1503 5805 vocalissimus
1531 5720 1618 5779 ille

3090 300 3195 359 890

1645 969 1935 1039 priusquam
1958 964 2131 1034 ﬁerent
2154 979 2174 1019 :
2197 973 2243 1017 et
2268 981 2329 1018 ea
2367 972 2414 1017 te
2442 964 2616 1016 audire
2646 966 2759 1034 fw.
2792 963 2996 1018 Deinde
3021 966 3211 1033 pracdi-

1644 1059 1835 1113 ctionis
1857 1071 2069 1112 causam
2109 1057 2419 1121 enuntians,
2450 1054 2657 1124 subjicit
2681 1072 2695 1108 :
2723 1053 2806 1108 Ne
2827 1053 3027 1125 quando
3051 1055 3210 1121 dicas,

1646 1150 1785 1203 idola
1804 1149 1927 1202 mihi
1946 1150 2188 1217 fecerunt,
2216 1156 2264 1201 et
2287 1146 2550 1215 sculptilia
2570 1146 2940 1218 con/latiliaque
2962 1161 3209 1217 prtecepe-

1647 1249 1764 1294 runt
1791 1240 1935 1292 mihi.
1965 1242 2041 1293 Ac
2070 1254 2285 1304 rursus,
2314 1238 2565 1308 quoniam
2601 1238 2901 1307 pervicaces
2925 1237 3137 1307 quidam
3169 1249 3223 1295 et

1651 1330 1774 1385 elati
1802 1339 1921 1398 post
1950 1336 2198 1383 eventum
2227 1328 2303 1381 rei
2324 1327 2659 1396 imprudenter
2678 1328 2924 1397 agebant,
2942 1328 3093 1398 quasi
3115 1344 3221 1382 non

1651 1421 1799 1491 prius
1824 1419 2095 1474 audissent
2116 1436 2129 1470 :
2154 1419 2425 1488 propheta:
2453 1434 2557 1472 non
2578 1418 2748 1472 solum
2773 1417 2946 1473 futura
2969 1419 3224 1489 prtediee-

1654 1514 1784 1568 bant
1807 1553 1820 1575 ,
1854 1527 2041 1570 verum
2070 1512 2233 1566 etiam
2277 1520 2439 1565 testes
2481 1509 2800 1564 adhibebant
2836 1524 3019 1565 eorum
3042 1549 3060 1578 ,
3106 1522 3223 1578 quae

1654 1604 1990 1673 gerebantur.
2034 1602 2120 1658 Sic
2156 1602 2296 1657 enim
2324 1617 2506 1656 rursus
2549 1601 2782 1671 loquitur
2821 1601 2961 1656 idem
3010 1601 3170 1657 Isaias
3203 1619 3222 1658 ε

1658 1693 1741 1747 Da
1766 1693 2060 1747 mihitestes
2094 1694 2226 1746 viros
2264 1691 2406 1747 bona:
2449 1692 2599 1761 ﬁdei,
2648 1692 2824 1747 Uriam
2850 1702 2897 1746 et
2923 1693 3232 1754 Zachariam.

1660 1785 1822 1855 ﬁlium
1868 1784 2132 1838 Barac/tia:
2175 1784 2479 1838 sacerdotem
2532 1781 2658 1855 (Id.
2708 1783 2760 1837 8.
2810 1782 2909 1854 2).
2966 1784 3074 1839 Nec
3125 1785 3228 1840 hoc

1661 1885 1977 1943 contentus,
2027 1876 2080 1930 in
2127 1891 2266 1931 novo
2309 1876 2573 1930 volumine
2622 1875 2939 1944 descriptam
2987 1876 3233 1947 deposuit

1663 1969 2015 2039 pr0phetiam,
2038 1979 2093 2022 ut
2115 1977 2234 2037 post
2257 1978 2503 2022 eventum
2531 1970 2660 2037 ipsae
2686 1968 2853 2022 litera:
2880 1977 3061 2023 contra
3091 1970 3234 2039 ipsos

1665 2060 1878 2116 Judaaos
1926 2059 2284 2114 testimonium
2338 2059 2561 2123 ferrent,
2613 2058 2753 2128 quod
2806 2058 2987 2113 afﬂatu
3035 2062 3234 2116 caelesti

1666 2152 1833 2206 multo
1861 2158 1983 2205 ante
2022 2158 2260 2219 tempore
2306 2149 2491 2204 fuisset
2529 2149 2633 2204 illis
2673 2134 3007 2220 praedictum.
3053 2152 3237 2221 quue

1667 2257 1773 2297 non
1800 2241 1970 2296 solum
1998 2241 2210 2310 scripsit
2238 2240 2346 2295 illis
2375 2240 2428 2293 in
2458 2241 2749 2306 volumine,
2782 2240 2876 2296 sed
2898 2241 2953 2297 in
2982 2256 3119 2297 novo
3145 2260 3239 2296 vo-

1670 2334 1889 2400 lumine,
1918 2348 2022 2401 quo
2061 2341 2241 2401 posset
2284 2333 2338 2385 in
2378 2331 2600 2385 multum
2632 2331 2823 2386 durare
2866 2341 3073 2402 tempus
3094 2375 3110 2401 ,
3141 2349 3243 2389 nec

1672 2422 1825 2477 facile
1844 2422 2136 2490 corrumpi,
2168 2421 2260 2476 sed
2285 2432 2597 2491 exspectare
2622 2432 2867 2477 eventum
2897 2438 3095 2490 rerum,
3125 2440 3247 2493 quae

1674 2513 1745 2568 ibi
1772 2513 2200 2567 continebantur.
2220 2513 2377 2568 Certe
2406 2529 2588 2568 verum
2615 2529 2735 2569 esse
2761 2516 2903 2585 quod
2926 2516 3066 2582 dico,
3094 2516 3242 2571 vide-

1675 2605 1798 2659 licet
1818 2604 1982 2659 Deum
2007 2605 2112 2658 illis
2138 2606 2317 2659 omnia
2341 2614 2560 2660 ventura
2584 2606 2913 2675 praedixisse,
2933 2623 3036 2662 non
3063 2624 3129 2661 ex
3160 2609 3256 2669 his,

1678 2705 1879 2749 tantum
1900 2737 1915 2761 ,
1959 2711 2140 2750 verum
2171 2705 2225 2750 et
2252 2712 2318 2753 ex
2347 2697 2472 2766 ipsis
2519 2712 2636 2767 quae
2666 2698 2770 2752 illis
2797 2698 3103 2754 acciderunt
3134 2709 3243 2754 tum

1677 2787 1837 2851 bona,
1868 2799 1979 2842 tum
2008 2788 2168 2855 mala,
2198 2788 2594 2843 demonstrabo.
3091 2810 3122 2836 σ

1692 2953 1701 2957 ν
1748 2880 1801 2935 5.
1831 2879 1950 2934 Tres
1972 2880 2269 2934 Iudaeorum
2292 2881 2565 2934 servitutes.
2586 2880 2799 2936 -—Tres
2824 2883 3106 2938 servitutes
3129 2900 3248 2954 gra-

1679 2970 1923 3025 vissimas
1948 2972 2273 3040 pertulerunt
2295 2970 2484 3038 Judzei,
2506 2988 2728 3041 quarum
2755 2973 2951 3027 nullam
2978 2974 3117 3029 Deus
3142 2975 3255 3031 illis

1680 3061 1901 3132 ingessit
1928 3076 2031 3116 non
2059 3061 2380 3131 praedictam,
2410 3062 2503 3117 sed
2529 3078 2950 3134 unamquamque
2978 3065 3082 3121 illis
3113 3082 3252 3135 prte-

1684 3154 1958 3211 dicendam
1985 3154 2205 3219 curavit,
2232 3164 2285 3210 et
2312 3155 2508 3222 locum,
2537 3164 2591 3210 et
2617 3164 2842 3226 tempus,
2870 3166 2923 3211 et
2951 3172 3256 3226 personam,

1685 3256 1739 3302 et
1780 3246 2079 3301 aﬂlictionis
2116 3246 2346 3316 speciem
2374 3286 2390 3312 ,
2432 3254 2486 3302 et
2531 3246 2780 3312 reditum,
2824 3247 3027 3317 aliaque
3068 3258 3254 3303 cuncta

1687 3356 1890 3397 summa
1928 3356 2049 3395 cum
2093 3339 2364 3410 diligentia
2404 3340 2789 3409 praenuncians.
2825 3339 2905 3394 Ac
2943 3340 3113 3409 primo
3140 3340 3257 3395 loco

1689 3432 2080 3503 praedictionem
2109 3431 2331 3488 referam
2354 3431 2420 3486 de
2440 3432 2740 3499 captivitate
2764 3432 2816 3485 in
2844 3432 3094 3503 Egypto.
3122 3433 3262 3489 Deus

1689 3527 1911 3595 loquens
1939 3524 2005 3579 ad
2031 3523 2296 3579 Abraham
2324 3524 2405 3578 his
2433 3523 2608 3578 verbis
2636 3524 2800 3578 utitur
2832 3541 2844 3576 :
2884 3523 3062 3578 Sciens
3100 3525 3260 3591 scias,

1690 3618 1822 3688 quod
1850 3633 2012 3670 semen
2038 3625 2176 3670 tuum
2201 3616 2514 3686 peregrinum
2533 3615 2624 3668 erit
2644 3615 2696 3668 in
2721 3624 2851 3668 terra
2879 3631 2979 3669 non
2998 3631 3109 3677 sua,
3137 3620 3185 3669 et
3208 3615 3264 3668 in

1693 3709 1976 3762 servitutem
2004 3708 2228 3778 redigent
2258 3717 2305 3761 et
2336 3708 2551 3779 afﬂigent
2584 3707 2712 3761 illud
2748 3707 2893 3761 annis
2920 3707 3263 3778 quadringen-

1696 3800 1777 3854 tis.
1810 3798 2016 3854 Gentem
2042 3813 2207 3854 autem
2224 3840 2239 3867 ,
2267 3799 2557 3869 cuicumque
2576 3798 2851 3865 servierint,
2881 3814 2971 3869 ego
2987 3798 3261 3868 judicabo,

1697 3890 1817 3944 dicit
1857 3889 2121 3944 Dominus.
2173 3889 2366 3955 Quarta
2398 3899 2565 3943 autem
2609 3890 2927 3960 generatione
2958 3898 3265 3943 revertentur

1699 3984 1794 4036 huc
1821 3998 1937 4036 cum
1959 3990 2209 4051 apparatu
2230 3981 2433 4051 copioso
2461 3980 2611 4053 (Gen.
2644 3981 2732 4036 15.
2763 3980 2930 4036 1546
2954 3981 2994 4050 ).
3024 3980 3186 4035 Vides
3209 3990 3272 4035 ut

1701 4084 1756 4130 et
1806 4090 2084 4129 numerum
2133 4087 2392 4129 annorum
2441 4073 2803 4143 expresserit,
2850 4071 3265 4143 quadringentos

1701 4180 1868 4220 annos
1890 4174 1944 4220 et
1975 4166 2240 4220 servitutis
2273 4162 2486 4219 modum
2505 4204 2523 4230 ,
2550 4177 2669 4217 cum
2708 4179 2814 4217 non
2853 4163 3163 4233 simpliciter
3188 4164 3273 4217 in-

1703 4258 1848 4327 quit,
1888 4257 1940 4310 in
1969 4257 2248 4310 servitutem
2286 4255 2529 4322 redigant,
2556 4253 2649 4309 sed
2675 4252 2838 4318 addit,
2868 4254 3103 4325 aﬁligent.
3134 4253 3273 4309 Audi
3356 4235 3359 4238 ν

1705 4347 1967 4416 quomodo
1995 4348 2164 4402 Moses
2190 4346 2343 4415 paulo
2368 4355 2485 4415 post
2512 4354 2739 4413 exponat
2761 4342 3100 4399 afﬂictionem
3127 4362 3140 4398 :
3168 4343 3280 4399 Pa-

1707 4440 1817 4505 lem,
1846 4438 2033 4507 inquit,
2063 4453 2163 4491 non
2192 4436 2373 4489 dantur
2402 4436 2603 4507 famulis
2632 4436 2747 4501 tuis,
2776 4443 2822 4487 et
2836 4434 3015 4504 jubent
3038 4451 3128 4488 nos
3154 4435 3280 4489 late-

1707 4547 1785 4584 res
1815 4534 1976 4599 facere
2005 4527 2206 4601 (Exod.
2237 4528 2293 4583 5.
2326 4528 2431 4598 16)
2458 4545 2471 4581 z
2498 4535 2552 4580 et
2579 4527 2754 4595 ﬂagris
2781 4526 3122 4582 caedebantur
3141 4541 3277 4595 quo-

1712 4622 1835 4676 tidie
1859 4663 1873 4686 ,
1905 4630 1961 4674 ut
1990 4620 2252 4688 intelligas
2296 4619 2418 4689 quid
2448 4619 2548 4673 sibi
2577 4617 2736 4684 velit,
2766 4618 2820 4671 in
2847 4619 3131 4672 servitutem
3158 4618 3279 4672 red-

1711 4713 1846 4782 igent
1868 4720 1916 4764 et
1941 4710 2175 4781 aﬂligent.
2208 4707 2416 4762 Gentem
2447 4717 2632 4774 autem,
2660 4708 2848 4776 inquit,
2875 4709 2958 4762 cui
2988 4709 3277 4774 servierint,

1713 4822 1802 4876 ego
1818 4803 2058 4875 judicabo
2085 4805 2102 4873 (
2126 4801 2250 4857 Gen.
2282 4802 2367 4857 l5.
2404 4800 2507 4872 14)
2542 4819 2555 4854 :
2585 4800 2886 4871 signiﬁcans
2913 4799 3283 4870 Egyptiorum

1715 4893 2131 4949 submersionem
2171 4892 2223 4946 in
2263 4890 2397 4946 mari
2435 4890 2647 4956 Rubro,
2678 4904 2835 4960 quam
2861 4889 2913 4943 in
2941 4889 3161 4943 canticis
3188 4888 3285 4942 de-

1716 4985 1952 5039 scribens
1979 4983 2150 5039 Moses
2169 4982 2246 5037 sic
2259 4981 2490 5051 loquitur
2515 4996 2530 5033 :
2563 4978 2761 5050 Equum
2779 4989 2827 5034 et
2849 4994 3159 5033 ascensorem
3179 4979 3290 5047 ejus

1718 5078 1923 5149 proiecit
1960 5077 2011 5130 in
2052 5091 2188 5130 mare
2210 5071 2519 5147 (ExodJS.
2552 5071 2645 5140 1).
2694 5070 2814 5125 Mox
2844 5077 2899 5124 et
2932 5068 3130 5123 reditus
3164 5083 3289 5129 mo-

1718 5170 1842 5225 dum
1864 5211 1879 5236 ,
1915 5169 2055 5240 quod
2088 5175 2266 5224 essent
2301 5164 2526 5220 redituri
2565 5178 2685 5218 cum
2729 5163 2895 5217 multa
2935 5160 3285 5232 supellectile.

1722 5262 1934 5327 Sumite,
1969 5260 2156 5331 inquit,
2183 5256 2495 5313 commodata
2521 5273 2553 5309 a
2575 5271 2668 5310 sua
2688 5269 2895 5325 qumque
2919 5253 3080 5307 vicina
3104 5262 3150 5307 et
3174 5268 3296 5305 conv

1719 5351 1966 5407 tubernali
2003 5365 2124 5406 vasa
2155 5364 2309 5402 aurea
2344 5355 2393 5402 et
2430 5356 2666 5418 argentea
2720 5343 2844 5417 (Id.
2892 5344 2947 5399 5.
2989 5340 3104 5414 22).
3153 5342 3296 5410 Quo-

1720 5443 1863 5498 niam
1890 5441 2032 5496 enim
2057 5440 2215 5510 longo
2244 5446 2481 5507 tempore
2507 5435 2838 5501 servierant,
2867 5448 2968 5489 nec
2990 5431 3293 5489 mercedem

1722 5539 2036 5603 receperant
2056 5531 2235 5600 ,{Deus
2257 5527 2433 5584 eﬂ’eeit
2453 5534 2511 5584 ut
2537 5525 2880 5597 inscientibus
2906 5539 2969 5597 ac
2996 5524 3297 5580 nolentibus

1725 5626 1884 5681 etiam
1920 5632 2198 5695 peterent,
2237 5622 2535 5692 clamatque
2560 5620 2817 5691 prephela
2846 5619 3029 5674 dicens
3058 5635 3073 5671 :
3104 5616 3300 5672 Eduxit

1726 5737 1808 5778 eos
1831 5736 1943 5774 cum
1971 5727 2174 5789 argento
2199 5726 2245 5773 et
2265 5732 2407 5786 auro,
2438 5731 2525 5772 nec
2550 5723 2656 5771 erat
2684 5713 2735 5769 in
2762 5712 2986 5768 tribubus
3011 5728 3184 5768 eorum
3209 5710 3296 5773 in:
