3920 6242
453 371 457 377 .
513 315 610 371 891

507 441 691 506 firmus
718 431 740 506 (
762 426 902 488 Psiz‘l.
933 428 1054 486 101.
1082 429 1150 483 57
1172 428 1213 501 ).
1241 427 1365 482 llwc
1384 437 1464 481 est
1488 443 1588 479 una
1619 426 1846 480 servitus
1869 420 2093 478 exactis-

511 531 645 580 sime
681 525 1088 596 prmdictaAge
1123 535 1262 574 nunc
1287 530 1339 573 ct
1376 519 1440 571 ad
1480 519 1698 572 alteram
1738 515 2094 584 captivitatem

511 623 782 670 vertamus
805 627 1126 676 sermonem,
1146 625 1301 679 quam
1328 609 1559 676 perpessi
1583 618 1705 661 sunt
1729 608 1778 660 in
1806 606 2091 675 Babylone.

514 705 641 757 Nam
670 713 724 758 et
753 703 890 757 hanc
917 711 1162 756 accurate
1199 701 1516 769 prmdixerat
1555 697 1810 752 Jeremias
1839 737 1853 761 ,
1899 697 1968 750 ita
2013 695 2092 748 lo-

511 809 680 859 quens
710 811 724 847 :
757 791 846 847 Sic
873 792 943 844 ait
974 790 1223 844 Dominus
1252 806 1269 841 :
1308 800 1568 858 postquam
1596 787 1791 855 impleti
1827 786 2013 855 fuerint
2041 787 2091 838 in

511 885 771 954 Babylone
795 885 1108 954 septuaginta
1139 884 1261 934 anni
1278 923 1293 945 ,
1320 881 1526 933 visitabo
1555 896 1662 943 vos,
1693 890 1738 932 et
1766 895 1948 948 ponam
1975 895 2093 947 erga

511 995 594 1031 vos
621 977 767 1030 verba
795 993 904 1028 mea
934 976 1077 1038 bona,
1108 984 1162 1026 ut
1189 973 1404 1025 redeatis
1433 973 1484 1024 in
1515 972 1677 1024 locunt
1704 971 1836 1022 hunc
1865 970 1883 1038 (
1900 969 2090 1022 Jerem.

511 1068 600 1122 29.
621 1066 722 1138 10)
755 1082 768 1119 :
801 1075 846 1120 et
873 1076 1152 1118 convertam
1178 1063 1510 1132 captivitatem
1536 1072 1747 1115 vestram
1769 1102 1784 1125 ,
1813 1071 1858 1113 et
1880 1077 2090 1130 congre-

513 1159 642 1230 gabo
670 1173 755 1211 ros
777 1173 838 1210 ex
863 1157 1090 1209 omnibus
1112 1153 1358 1224 gentibus,
1383 1161 1428 1204 et
1454 1167 1517 1205 ex
1538 1151 1725 1204 cunctis
1748 1151 1870 1204 locis
1894 1152 1946 1203 in
1969 1165 2093 1218 quos

515 1251 728 1320 dispersi
756 1263 839 1302 vos
863 1288 875 1310 ,
898 1248 1018 1303 dicit
1047 1245 1294 1300 Dominus
1319 1287 1333 1311 ,
1366 1254 1411 1298 et
1433 1251 1715 1297 convertam
1741 1258 1824 1296 vos
1849 1243 1901 1295 in
1928 1244 2092 1296 locum

514 1343 648 1396 unde
672 1357 756 1395 vos
779 1341 1055 1409 demigrare
1079 1339 1173 1406 feci
1200 1336 1372 1408 (Ibid.
1405 1357 1459 1393 v.
1485 1335 1550 1390 14
1569 1335 1610 1406 ).
1640 1335 1798 1390 Vides
1826 1347 1878 1388 ut
1908 1351 2091 1389 rursus

519 1432 602 1487 hic
629 1441 682 1487 et
705 1432 972 1486 civitatem
997 1429 1338 1498 expresserit,
1356 1439 1411 1483 et
1428 1443 1686 1482 annorum
1716 1443 2014 1486 numerum,
2038 1436 2092 1480 et

517 1524 656 1578 unde
685 1533 739 1577 et
765 1537 870 1592 quo
907 1530 1049 1575 esset
1089 1521 1206 1573 illos
1250 1519 1709 1588 congregaturus?
1750 1518 1872 1572 Μου
1905 1515 2090 1571 Daniel

518 1629 621 1670 non
647 1613 792 1681 prius
820 1625 979 1680 super
1007 1609 1089 1664 his
1114 1611 1319 1678 rogavit
1349 1609 1626 1663 Domimun
1645 1651 1658 1671 ,
1689 1621 1844 1678 quam
1871 1609 2092 1662 vidisset

515 1719 654 1757 anno
675 1702 1000 1771 septuaginta
1028 1701 1340 1768 completos.
1369 1699 1499 1766 Quis
1523 1699 1633 1752 lucc
1658 1699 1826 1754 dicit?
1850 1698 1964 1769 Ipse
1992 1700 2090 1752 Da-

517 1797 618 1851 niel
650 1797 718 1848 ita
749 1795 969 1864 loquens
995 1811 1008 1846 :
1041 1792 1110 1846 Et
1130 1809 1221 1864 ego
1250 1793 1429 1846 Daniel
1456 1793 1697 1863 faciebam
1725 1808 1877 1862 opera
1904 1792 2053 1861 Regis
2071 1833 2086 1856 ,

518 1899 561 1941 et
596 1886 882 1940 admirabar
909 1886 1146 1940 visionem
1171 1927 1185 1949 ,
1219 1902 1305 1938 nec
1343 1895 1446 1938 erat
1479 1885 1562 1954 qui
1591 1884 1887 1952 intelligeret
1917 1881 2086 1954 (Dan.

517 1982 568 2035 8.
594 1979 697 2050 27)
731 1996 744 2032 :
775 1991 822 2032 et
844 1979 1067 2031 intellexi
1091 1978 1142 2030 in
1174 1978 1310 2030 libris
1335 1993 1594 2030 numerum
1621 1993 1889 2039 annorum,
1913 1987 1966 2030 ut
1995 1977 2091 2046 fuit

517 2086 678 2124 sermo
697 2069 902 2122 Domini
930 2068 997 2122 ad
1020 2069 1291 2122 Jeremiam
1317 2058 1608 2138 prophetdm
1626 2111 1639 2131 ,
1670 2069 1737 2121 ad
1761 2069 2090 2138 ea‘pletionem

517 2160 838 2215 desolationis
874 2159 1201 2230 Jerosolyma:
1236 2161 1356 2212 anni
1391 2161 1705 2230 septuaginta
1732 2175 1751 2213 :
1777 2169 1823 2212 et
1858 2160 1974 2213 dedi
2010 2164 2090 2230 fa-

515 2255 640 2308 ciem
659 2253 725 2306 ad
749 2251 1021 2306 Dominum
1041 2251 1204 2304 Deum
1231 2268 1415 2315 meum,
1445 2261 1496 2302 ut
1518 2252 1822 2320 exquirerem
1846 2251 2091 2320 precatio-

517 2357 629 2398 nem
654 2353 697 2398 et
725 2343 1110 2397 obsecrationem
1131 2342 1183 2394 in
1199 2342 1398 2410 jejunio
1419 2382 1433 2407 ,
1455 2357 1598 2394 sacco
1618 2383 1632 2406 ,
1662 2351 1706 2394 et
1731 2342 1895 2394 cinere
1916 2338 2086 2413 (Ibid.

518 2439 570 2493 9.
595 2438 650 2491 2.
674 2438 772 2506 3.).
803 2437 1006 2493 Audisti
1033 2435 1474 2507 quemadmodum
1496 2431 1609 2489 haec
1631 2449 1842 2505 quoque
1865 2435 2088 2505 captivi-

516 2541 595 2585 tas
617 2530 864 2600 prtedicta
890 2529 1062 2595 fuerit,
1085 2538 1136 2582 et
1151 2527 1403 2598 propheta
1423 2541 1526 2581 non
1548 2540 1710 2580 ausus
1727 2525 1881 2580 fuerit
1905 2540 2087 2594 preces

513 2630 570 2675 et
611 2620 1045 2690 supplicationem
1086 2619 1371 2672 admovere
1405 2617 1513 2672 Deo
1551 2625 1674 2671 ante
1717 2625 1924 2685 tempus
1951 2630 2087 2684 prte-

515 2713 738 2777 liuitum,
765 2728 830 2768 ne
856 2711 1046 2766 frustra
1070 2721 1372 2779 temereque
1396 2709 1674 2772 accedens,
1699 2707 1924 2772 audiret,
1949 2705 2086 2776 quod

515 2806 717 2859 audivit
744 2805 1004 2859 Jcremias
1036 2821 1048 2856 :
1080 2801 1163 2856 Ne
1191 2803 1439 2873 rogaveris
1460 2817 1551 2871 pro
1577 2801 1764 2870 populo
1790 2803 1904 2864 Itoc,
1929 2814 2089 2869 neque

516 2897 782 2966 postularis
810 2911 900 2964 pro
925 2894 1026 2947 illis
1058 2908 1076 2946 :
1102 2894 1336 2962 quoniant
1364 2907 1464 2945 non
1494 2892 1759 2946 exaudiam
1788 2900 1833 2944 te
1858 2889 2086 2958 (Jerem.

516 2969 614 3043 14.
633 2989 718 3042 11.
749 2986 861 3054 12).
882 2986 1076 3040 Verum
1103 2984 1193 3040 ubi
1223 2984 1352 3039 vidit
1371 2985 1674 3039 vaticinium
1705 2999 1822 3039 esse
1848 2983 2087 3051 comple-

515 3091 624 3134 tum
646 3121 661 3146 ,
689 3078 951 3145 simulque
981 3087 1186 3146 tempus
1207 3089 1395 3129 vocare
1421 3075 1486 3128 ad
1516 3073 1762 3137 reditum,
1795 3082 1918 3126 tunc
1944 3081 2083 3137 orat,

517 3179 616 3224 nec
653 3169 997 3238 simpliciter,
1033 3167 1125 3220 sed
1165 3165 1217 3220 in
1249 3165 1484 3236 jejunio,
1524 3178 1678 3218 sacco
1707 3171 1760 3218 et
1786 3163 1964 3218 cinere
1992 3179 2005 3214 :
2035 3171 2086 3215 et

515 3259 654 3330 quod
691 3261 743 3312 in
768 3261 1037 3312 hominum
1061 3258 1296 3312 moribus
1321 3257 1536 3311 evenire
1562 3255 1715 3320 solet,
1739 3253 1790 3310 id
1821 3254 1945 3308 iecit
1964 3269 2085 3323 erga

517 3352 704 3405 lteutn.
737 3347 843 3403 Nos
867 3349 1006 3403 enim
1043 3364 1162 3403 cum
1184 3347 1422 3402 videmus
1455 3347 1658 3416 aliquos
1681 3386 1696 3412 ,
1740 3346 1829 3416 qui
1863 3344 2088 3399 famulos

514 3452 633 3513 post
664 3442 824 3495 multa
862 3441 1144 3510 gravisque
1180 3439 1461 3494 conunissa
1503 3437 1842 3507 conjecerunt
1879 3437 1930 3491 in
1969 3438 2088 3490 vin-

516 3533 654 3597 cula,
684 3547 786 3586 non
819 3532 1058 3600 protinus
1087 3532 1138 3584 in
1165 3529 1427 3602 principio
1452 3530 1774 3599 exordioque
1800 3529 2089 3599 punitionis

515 3623 858 3678 admovemus
884 3622 1322 3693 supplicationem
1355 3638 1368 3675 :
1401 3621 1491 3676 sed
1519 3621 1607 3675 ubi
1633 3622 1944 3677 sciverimus
1969 3621 2090 3676 illos

515 3715 714 3784 aliquot
751 3712 868 3768 dies
907 3713 1308 3782 temperatiores
1334 3727 1452 3768 esse
1492 3711 1689 3778 factos,
1718 3721 1843 3767 tunc
1879 3712 2089 3766 adimus

517 3806 677 3860 heros
701 3847 715 3870 ,
757 3803 894 3858 nacti
929 3804 1038 3874 jam
1077 3813 1130 3858 et
1149 3793 1232 3858 'ab
1262 3803 1375 3872 ipso
1406 3813 1641 3874 tempore
1678 3803 1949 3858 auxilium.
1978 3803 2088 3857 Hoc

517 3910 645 3951 sane
679 3905 733 3951 et
773 3894 1026 3965 propheta
1060 3895 1202 3950 fecit.
1236 3895 1519 3965 Postquam
1548 3897 1687 3950 enim
1719 3911 1898 3966 poenas
1924 3895 2087 3950 dede-

518 3999 669 4055 rant,
699 3989 1098 4058 haudquaquam
1128 3989 1314 4056 dignas
1347 3989 1591 4042 admissis
1617 4029 1631 4054 ,
1659 3999 1890 4042 attamen
1924 3987 2086 4041 dede-

519 4090 671 4140 rant;
701 4081 804 4151 iam
831 4079 938 4134 adit
966 4081 1152 4144 Deum,
1170 4093 1268 4150 pro
1297 4079 1397 4132 illis
1410 4079 1568 4133 verba
1600 4078 1852 4133 facturus.
1878 4079 2026 4144 Quod
2045 4077 2089 4133 si

519 4173 746 4236 videtur,
779 4171 944 4239 ipsam
986 4171 1142 4224 etiam
1183 4169 1608 4240 deprecationem
1637 4170 1927 4223 audiamus.
1959 4168 2089 4224 Con-

521 4267 681 4334 fessus
716 4279 824 4316 sum
858 4277 1018 4324 enim,
1051 4263 1236 4329 inquit.
1267 4272 1310 4314 et
1344 4262 1471 4323 dixi.
1515 4261 1724 4316 Domine
1748 4262 1882 4315 Deus
1913 4280 2090 4332 nragnc

519 4364 566 4409 et
593 4354 918 4414 admirabilis,
949 4355 1031 4423 qui
1057 4369 1221 4407 servas
1249 4369 1444 4423 pactum
1468 4361 1607 4407 tuum
1633 4364 1676 4406 et
1699 4355 2089 4408 misericordiam

521 4453 656 4498 tuam
679 4445 768 4507 iis,
801 4444 884 4513 qui
911 4454 957 4497 te
977 4444 1208 4514 diligunt,
1235 4455 1278 4497 et
1307 4456 1502 4497 servant
1525 4455 1770 4514 prazcepta
1797 4455 1881 4498 tua
1913 4447 1929 4514 (
1953 4444 2086 4500 Dan.

521 4535 572 4589 9.
605 4534 640 4589 4
666 4534 708 4604 ).
737 4533 869 4600 Quid
902 4534 1049 4600 facis,
1081 4550 1112 4587 ο
1144 4532 1366 4588 Daniel?
1397 4535 1498 4588 Pro
1528 4534 1827 4589 hominibus
1854 4537 1939 4606 qui
1971 4551 2088 4604 pec-

516 4636 698 4680 carunt
729 4636 780 4680 et
805 4625 1139 4681 offenderunt
1167 4627 1526 4690 iutercedcns,
1553 4640 1736 4680 eorum
1766 4627 2087 4682 mentionem

519 4717 650 4772 facis
674 4718 760 4786 qui
789 4717 932 4786 leges
957 4717 1094 4770 illius
1121 4717 1502 4770 servaverunt?
1533 4716 1741 4786 Ergone
1765 4719 1904 4788 digni
1939 4721 2086 4773 vcuia

517 4821 641 4866 sunt
665 4811 755 4876 qui
786 4820 1041 4878 praecepta
1069 4809 1209 4863 illius
1229 4811 1462 4864 violant?
1492 4809 1604 4865 Non
1636 4813 1702 4865 oh
1725 4812 1852 4866 istos
1874 4813 1984 4866 haec
2009 4815 2088 4866 lo-

517 4885 678 4972 quor,
709 4901 907 4968 inquit,
939 4901 1029 4954 sed
1061 4901 1130 4955 ob
1160 4901 1346 4955 horum
1390 4901 1782 4971 progenitores,
1821 4905 1889 4957 oh
1925 4905 2088 4958 Abra-

512 4993 658 5056 ham,
684 4993 751 5046 ob
777 4991 937 5054 Isaac,
968 4991 1036 5044 oh
1061 4992 1240 5046 Jacoh.
1273 4993 1380 5047 illis
1408 4995 1666 5062 promisit,
1698 4995 1800 5048 illis
1831 4996 2089 5063 pollicitus

511 5093 589 5139 est
616 5081 774 5144 Deus,
796 5085 880 5150 qui
903 5095 1162 5153 praaccpta
1185 5084 1324 5138 illius
1345 5097 1703 5139 servaverunt.
1723 5087 1978 5150 Quoniam
1999 5088 2090 5151 iui-

509 5187 585 5228 tut
613 5174 664 5228 hi
684 5175 824 5228 nullo
843 5175 964 5244 jure
986 5184 1204 5245 possunt
1222 5186 1400 5246 petere
1417 5178 1660 5244 salutem,
1680 5178 1876 5231 ideirco
1904 5194 2089 5247 proge-

509 5267 741 5318 nitorum
774 5266 1094 5322 mentionem
1130 5267 1296 5332 facio;
1327 5281 1388 5320 ac
1418 5282 1485 5321 ne
1509 5277 1723 5337 putares
1746 5269 1883 5337 quod
1916 5269 1984 5324 de
2011 5271 2091 5323 his

508 5357 668 5410 verba
689 5356 906 5424 faceret,
921 5374 1038 5412 cum
1056 5359 1353 5427 adjecisset,
1373 5358 1472 5424 Qui
1490 5377 1656 5422 servas
1672 5372 1872 5429 pactum
1891 5372 2026 5414 tuum
2045 5373 2092 5417 et

507 5447 902 5500 misericordiam
915 5459 1051 5501 tuam
1063 5449 1377 5520 diligentibus
1395 5461 1459 5516 te,
1475 5461 1518 5505 ct
1530 5454 1834 5506 servantibus
1847 5463 2093 5523 prtccepta

508 5545 594 5588 tua
617 5547 634 5589 :
656 5552 776 5591 nios
807 5538 1037 5607 subjicit,
1067 5537 1425 5609 Peccavimus,
1448 5545 1614 5614 inique
1639 5545 1860 5616 egimus;
1885 5546 2089 5615 injusti-

508 5628 629 5679 tium
652 5631 1060 5697 perpetravimus,
1078 5633 1220 5702 impii
1243 5635 1454 5702 fuimus,
1475 5635 1765 5703 definimus
1784 5652 1814 5688 a
1836 5637 2094 5705 prwceptis

512 5720 612 5772 tuis
648 5728 696 5772 et
719 5722 974 5791 ajudiciis
996 5724 1092 5776 tuis
1110 5739 1126 5776 .'
1143 5741 1240 5777 non
1270 5727 1655 5782 auscultavimus
1681 5730 1830 5784 servis
1852 5729 1948 5784 tuis
1973 5747 2088 5800 pro.

1255 312 1314 369 8.
1353 311 1629 370 JOANNIS
1667 303 2132 362 CllllYSOSTOMl
2174 299 2492 358 AltClllEP.
2528 307 3064 366 CONSTANTINOP.

3683 313 3788 372 89?.

2207 420 2367 486 plactis
2408 422 2426 492 (
2455 417 2586 474 Dan.
2616 421 2668 477 9.
2697 423 2792 492 5).
2829 422 2944 479 Una
2980 421 3240 494 siquidem
3279 424 3496 496 solaque
3537 433 3780 498 purgatio

2207 513 2569 578 peccatoribus
2597 514 2795 582 reliqua
2823 526 2904 570 est
2930 525 3047 585 post
3077 526 3310 586 peccata,
3339 518 3586 574 videlicet
3610 529 3669 573 ut
3689 536 3778 576 sua

2203 604 2484 660 commissa
2508 606 2874 661 confiteantur.
2893 607 2972 663 Tu
2989 623 3117 663 vero
3138 609 3266 663 mihi
3285 611 3564 666 considera
3583 621 3644 668 et
3653 614 3781 682 justi

2203 697 2480 764 virtutem,
2517 707 2571 753 et
2603 699 2904 755 Judzcorum
2946 702 3355 772 improbitatem.
3382 704 3512 760 Nam
3545 707 3638 762 ille
3663 711 3778 777 qui-

2201 789 2320 842 dem
2363 790 2556 844 nullius
2591 792 2712 845 mali
2755 793 2853 846 sibi
2895 794 3139 849 conscius
3159 835 3173 859 ,
3203 796 3434 864 seipsum
3464 801 3634 852 multa
3658 814 3776 853 cum

2200 881 2506 936 austeritate
2535 881 2779 950 damnat,
2809 883 2993 940 dicens
3023 905 3036 940 :
3065 884 3390 942 Peccavimus
3410 929 3425 954 ,
3457 889 3634 956 inique
3659 892 3788 960 feci-

2201 991 2346 1036 mus,
2379 975 2676 1043 injustitiam
2713 979 3103 1046 perpetravimus
3123 996 3143 1043 ;
3180 979 3232 1032 hi
3261 996 3384 1033 vero
3425 981 3582 1037 malis
3625 983 3782 1036 inm-

2200 1067 2358 1118 meris
2387 1066 2526 1135 pleni
2554 1107 2568 1130 ,
2610 1077 2794 1121 contra
2836 1070 3104 1134 fecerunt,
3143 1070 3418 1126 dicentes:
3453 1072 3781 1128 Servavimus

2201 1167 2448 1224 prteccpta
2473 1167 2558 1208 tua
2583 1173 2600 1212 :
2625 1168 2671 1210 et
2699 1173 2834 1212 nunc
2866 1161 3032 1214 beatos
3051 1162 3264 1214 dicimus
3287 1164 3494 1223 alienos.
3527 1175 3577 1216 et
3601 1168 3778 1218 nardi-

2199 1246 2418 1311 ficantur
2436 1247 2522 1316 qui
2542 1258 2737 1316 patraut
2762 1251 3070 1321 iniquitatem
3094 1252 3245 1324 (ﬂat.
3266 1255 3318 1308 3.
3341 1256 3426 1310 16.
3449 1257 3559 1327 15).
3583 1259 3780 1323 Quem-

2199 1337 2480 1391 admodum
2504 1339 2644 1393 enim
2675 1341 2848 1394 solent
2881 1343 3012 1412 justi
3041 1353 3158 1412 post
3193 1345 3331 1413 justa
3363 1345 3497 1399 facta
3535 1349 3782 1404 modeste

2203 1442 2359 1497 agerc
2383 1469 2396 1489 ,
2439 1429 2510 1482 ita
2554 1431 2726 1486 solent
2761 1433 2882 1486 mali
2921 1443 3037 1501 post
3069 1435 3297 1490 admissa
3324 1437 3525 1491 scelera
3560 1439 3781 1494 laudare

2198 1533 2338 1573 sese.
2367 1519 2465 1586 Qui
2497 1521 2691 1576 nullius
2725 1524 2924 1591 peccati
2951 1525 3050 1578 sibi
3075 1530 3319 1580 conscius
3347 1537 3490 1590 erat,
3519 1528 3730 1584 dicebat
3758 1550 3774 1584 :

2198 1609 2527 1678 iniquitatem
2550 1610 2788 1678 fecimus,
2806 1613 3116 1670 deﬂeximus
3131 1631 3160 1669 a
3181 1619 3459 1688 praeceptis
3482 1619 3624 1684 tuis;
3647 1635 3775 1674 con-

2199 1710 2308 1765 tra,
2339 1702 2426 1770 qui
2457 1702 2918 1759 innumerabilium
2949 1705 3239 1760 facinorum
3269 1708 3771 1777 sibiconsciieram,

2196 1790 2471 1846 dicebant:
2501 1787 2814 1842 servavimus
2844 1799 3102 1857 prtecepta
3121 1802 3233 1846 tua.
3268 1799 3440 1868 Atque
3462 1799 3581 1856 hrec
3606 1817 3674 1858 eo
3699 1804 3777 1858 lo-

2195 1896 2348 1951 quor,
2379 1892 2434 1935 ut
2458 1885 2686 1938 alterum
2715 1886 2962 1954 vitemus,
2989 1887 3214 1953 alterum
3239 1889 3526 1944 imitemur.

2265 1973 2315 2028 6.
2351 1974 2449 2028 Dei
2490 1977 2614 2029 ultio
2640 1977 2692 2030 in
2727 1976 2953 2032 Iudaeos.
2987 2009 3057 2025 -ν-
3080 1979 3207 2034 Post
3235 1981 3347 2036 haec
3367 1984 3624 2051 quoniam
3653 1986 3776 2039 atti-

2194 2075 2341 2134 gerat
2367 2066 2573 2121 illorum
2601 2077 2810 2136 peccata
2839 2109 2854 2132 ,
2898 2079 3071 2123 narrat
3102 2079 3155 2125 et
3184 2087 3391 2140 poenam
3419 2089 3584 2143 quam
3615 2075 3774 2130 dedc-

2195 2167 2337 2221 runt,
2366 2167 2419 2213 et
2445 2174 2509 2212 ex
2540 2159 2640 2214 hoc
2669 2161 2831 2214 Deum
2859 2161 2924 2214 ad
2957 2163 3367 2218 misericordiam
3397 2181 3660 2222 remeare
3683 2186 3774 2223 cu-

2197 2249 2346 2316 pit-ns
2369 2250 2442 2304 ait
2467 2269 2478 2302 :
2505 2249 2570 2302 Et
2593 2251 2721 2303 venit
2746 2268 2898 2320 super
2926 2268 3015 2305 nos
3041 2254 3335 2318 maledictio,
3367 2274 3482 2327 qua:
3499 2260 3693 2328 scripta
3711 2271 3776 2314 at

2194 2339 2246 2391 in
2275 2338 2380 2407 lege
2407 2339 2566 2394 Mosis
2593 2343 2719 2413 servi
2747 2340 2844 2396 Dei
2862 2383 2876 2405 ,
2904 2345 3022 2412 quia
3051 2348 3376 2412 peccavimus.
3408 2349 3673 2415 Quasnam
3699 2364 3775 2406 est

2198 2431 2293 2484 ista
2317 2432 2648 2485 exsecratio?
2678 2432 2914 2489 Voltisne
2943 2433 3178 2504 legamus
3206 2438 3384 2492 illam?
3409 2439 3530 2494 Nisi
3558 2445 3778 2496 servieri-

2203 2524 2284 2584 tis,
2310 2523 2496 2590 inquit,
2530 2521 2748 2577 Domino
2774 2523 2878 2576 Deo
2901 2535 3080 2591 vestro,
3105 2527 3338 2581 inducam
3367 2548 3520 2601 super
3539 2549 3633 2587 vos
3657 2551 3778 2604 gen-

2197 2623 2289 2666 tem
2312 2613 2670 2682 impudentem,
2698 2624 2742 2667 et
2769 2630 2866 2668 non
2887 2617 3216 2688 intelligentes
3233 2635 3398 2674 vocem
3423 2623 3586 2688 illius,
3611 2636 3659 2678 et
3681 2627 3776 2677 cri-

2199 2705 2261 2758 tis
2290 2721 2495 2757 numero
2526 2707 2674 2772 pauci
2702 2705 2888 2778 (Deut.
2915 2707 3004 2761 28.
3031 2708 3118 2763 49.
3143 2710 3264 2779 50).
3295 2711 3404 2765 lloc
3428 2711 3572 2768 idem
3603 2714 3778 2768 decla-

2194 2805 2371 2850 rantes
2410 2805 2518 2849 tres
2548 2796 2619 2848 illi
2662 2797 2847 2866 pueri,
2892 2799 3166 2869 palamque
3203 2800 3454 2857 facientes
3483 2845 3498 2870 ,
3537 2805 3686 2873 quod
3711 2807 3780 2860 ob

2195 2886 2428 2953 ipsorum
2460 2893 2672 2954 peccata
2716 2887 2993 2942 accidisset
3035 2888 3135 2943 hoc
3173 2891 3416 2947 vindicta
3457 2909 3634 2963 genus
3665 2937 3681 2961 ,
3725 2906 3780 2951 et

2195 2977 2293 3048 ipsi
2324 2993 2420 3047 pro
2444 2979 2810 3033 communibus
2836 2982 3066 3049 peccatis
3090 2983 3477 3040 confessionem
3508 2987 3621 3042 Deo
3649 3004 3777 3058 pro-

2195 3067 2422 3123 lereules
2462 3068 2708 3124 dicebant
2741 3087 2752 3122 :
2786 3068 3060 3126 Tradidisti
3101 3089 3192 3127 nos
3234 3075 3286 3128 in
3329 3091 3510 3130 manus
3547 3080 3776 3133 hostium

2195 3160 2484 3229 impiorum,
2513 3161 2968 3216 inimicissimorum
2994 3164 3335 3231 desertorum,
3364 3183 3424 3220 ac
3448 3169 3554 3239 regi
3583 3171 3780 3241 injuste

2199 3263 2246 3306 et
2272 3252 2652 3307 sceleratissimo
2698 3255 2830 3307 ultra
2853 3271 3050 3308 omnem
3077 3265 3258 3309 terram
3288 3257 3407 3330 (1b.
3454 3276 3506 3314 v.
3537 3261 3659 3333 52).
3687 3263 3777 3316 Vi-

2201 3345 2317 3411 des,
2345 3345 2658 3412 completam
2683 3360 2803 3400 esse
2831 3346 3250 3402 maledictionem
3271 3366 3388 3419 quae
3413 3352 3543 3406 dicit
3571 3373 3586 3408 :
3621 3355 3779 3412 Eritis

2195 3452 2401 3490 numero
2423 3438 2587 3505 pauci.
2611 3435 2812 3490 Rursus
2831 3437 2970 3506 quod
2991 3438 3118 3492 dicit
3145 3457 3160 3498 :
3182 3439 3439 3494 Adducam
3459 3443 3510 3497 in
3540 3461 3631 3498 vos
3651 3465 3778 3516 gen-

2195 3537 2290 3582 tem
2321 3527 2655 3597 impudentem
2679 3568 2695 3592 ,
2737 3527 2961 3596 idipsum
2988 3538 3043 3584 et
3071 3529 3253 3584 Daniel
3281 3531 3366 3586 hic
3393 3543 3538 3589 recte
3567 3539 3778 3607 signiti-

2194 3634 2342 3683 cans,
2376 3620 2500 3672 dicit
2527 3635 2540 3671 :
2574 3617 2827 3672 Venerunt
2855 3635 3006 3688 super
3026 3637 3117 3674 nos
3141 3623 3294 3685 mala,
3323 3627 3494 3693 qualia
3520 3644 3623 3680 non
3650 3633 3776 3683 acci-

2194 3713 2370 3761 derunt
2396 3709 2486 3761 sub
2512 3709 2647 3761 onmi
2667 3709 2788 3763 τίετο
2811 3750 2824 3771 ,
2855 3710 3122 3762 secundum
3165 3727 3222 3764 ea
3250 3729 3360 3778 qua:
3397 3717 3532 3784 facta
3570 3731 3691 3771 sunt
3723 3723 3776 3773 in

2194 3800 2382 3856 Israel.
2393 3800 2519 3867 Qum
2532 3801 2742 3856 tandem
2762 3803 2890 3855 ista?
2907 3803 3092 3856 Matres
3110 3804 3285 3858 liberos
3298 3824 3412 3860 suos
3425 3814 3771 3880 come-lerunt,

2193 3902 2247 3946 et
2269 3893 2366 3946 hoc
2389 3908 2513 3945 sane
2538 3895 2766 3960 pnudirit
2791 3894 2978 3957 Moses,
3003 3909 3248 3949 cancrum
3265 3898 3518 3954 Jcremias
3536 3907 3775 3961 ostendit

2193 3985 2455 4038 evenisse.
2473 3984 2562 4038 Ille
2583 3985 2792 4052 quidem
2822 3985 3053 4052 loquitur
3075 4004 3088 4040 :
3112 3985 3300 4041 Tenera
3320 4006 3378 4042 ac
3397 3992 3656 4060 deliciosa,
3678 4015 3771 4049 cu-

2183 4077 2272 4148 jus
2293 4092 2391 4129 non
2417 4077 2546 4145 cepit
2569 4076 2920 4144 experientiam
2949 4092 3034 4144 pes
3061 4079 3168 4146 ejus
3190 4119 3206 4144 ,
3234 4091 3288 4131 ut
3311 4081 3554 4137 insisteret
3589 4086 3646 4139 in
3684 4105 3770 4140 ve-

2197 4167 2342 4238 stigio
2365 4175 2567 4236 propter
2597 4165 2972 4219 teneritudinem
2997 4183 3056 4220 ac
3076 4168 3299 4235 delicias,
3331 4174 3535 4242 attinqet
3559 4177 3771 4244 impiam

2192 4277 2414 4314 mensam
2435 4301 2448 4323 ,
2497 4269 2543 4313 et
2587 4275 2704 4313 suos
2747 4259 2905 4328 ipsius
2933 4259 3066 4329 ﬁlios
3092 4264 3307 4314 comedet
3362 4263 3482 4332 (Id.
3516 4268 3604 4322 28.
3638 4270 3768 4339 56).

2192 4352 2448 4407 Jeremias
2469 4359 2643 4405 autem
2665 4350 2896 4404 declarat
2916 4349 3017 4404 hoc
3041 4353 3300 4417 evenisse,
3325 4357 3503 4411 dicens
3527 4376 3539 4411 :
3582 4359 3772 4418 Munus

2193 4446 2458 4498 mulierum
2476 4443 2890 4499 misericordium
2900 4453 3146 4498 corerunt
3157 4445 3293 4511 ﬁlios
3304 4464 3424 4501 suos
3435 4451 3451 4517 (
3461 4448 3583 4509 Thr.
3593 4451 3765 4523 4.10).

2192 4536 2518 4605 Quamquam
2549 4542 2725 4589 autem
2759 4543 2970 4602 peccata
3002 4533 3240 4599 illorum,
3265 4538 3350 4605 qui
3382 4556 3765 4611 peccaverant,

2193 4629 2470 4697 eloquutus
2490 4636 2650 4691 esset,
2669 4635 2719 4680 et
2741 4624 2993 4678 ultionem
3017 4626 3068 4678 in
3091 4627 3319 4682 medium
3341 4631 3683 4690 adduxisset:
3705 4656 3773 4694 ne

2194 4719 2270 4772 sic
2315 4719 2526 4789 quidem
2571 4717 2690 4771 illos
2741 4717 2924 4771 horum
2965 4732 3121 4770 causa
3170 4732 3317 4790 rogat
3361 4734 3417 4777 ut
3464 4741 3767 4786 serventur.

2194 4813 2324 4868 Vide
2362 4814 2519 4883 igitur
2558 4811 2842 4866 bonitatem
2889 4811 3093 4866 famuli.
3124 4814 3389 4883 Siquidem
3423 4817 3504 4872 hic
3529 4837 3652 4875 cum
3681 4841 3769 4878 os-

2196 4905 2470 4969 tendisset,
2490 4904 2626 4974 quod
2657 4903 2885 4958 nondum
2907 4904 3064 4974 digna
3088 4909 3287 4963 meritis
3307 4922 3481 4964 essent
3508 4929 3640 4984 perp
3664 4919 3768 4978 'ssi.

2194 5013 2292 5052 nec
2317 4999 2379 5051 iis
2403 5040 2417 5062 ,
2457 5013 2575 5065 qua:
2607 4998 2768 5051 inulta
2797 4995 2920 5050 licet
2957 5000 3312 5064 pertulerant,
3341 5004 3624 5059 solvissent
3655 5026 3773 5076 qua:

2195 5107 2290 5158 pro
2316 5089 2612 5144 connuissis
2641 5087 2940 5154 debebant,
2973 5105 3092 5142 nios
3119 5091 3353 5160 confugit
3387 5095 3454 5148 ad
3487 5097 3578 5151 Dei
3609 5101 3772 5154 mise.

2194 5183 2474 5237 ricordiam
2499 5225 2513 5248 ,
2541 5192 2594 5237 et
2629 5184 2695 5237 ad
2722 5187 2927 5244 solitam
2968 5186 3106 5240 illius
3132 5185 3415 5240 bonitatem
3454 5205 3579 5261 erga
3604 5209 3773 5262 genus

2173 5273 2481 5327 'humanum
2512 5316 2525 5337 ,
2558 5274 2778 5328 dicens:
2810 5273 2876 5327 Et
2903 5294 3035 5329 nunc
3063 5277 3278 5331 Domine
3317 5279 3450 5334 Deus
3473 5294 3664 5348 noster,
3693 5286 3775 5354 qui

2194 5367 2409 5421 eduxisti
2432 5369 2671 5436 populum
2696 5378 2833 5420 tuum
2860 5385 2886 5420 c
2907 5379 3038 5422 terra
3066 5368 3278 5440 {Egypti
3303 5383 3348 5424 et
3377 5375 3538 5443 fecisti
3566 5376 3653 5428 tibi
3683 5394 3771 5429 no-

2196 5474 2304 5510 men
2330 5499 2345 5524 ,
2376 5467 2428 5509 ut
2455 5459 2536 5510 hic
2559 5471 2629 5512 est
2659 5459 2764 5512 dies
2792 5503 2807 5524 ,
2840 5463 3152 5528 peccavimus
3179 5505 3192 5529 ,
3225 5463 3542 5531 iniquitatem
3569 5469 3774 5535 fecimus

2196 5549 2214 5615 (
2240 5548 2370 5602 Dan.
2416 5549 2468 5603 9.
2513 5551 2625 5619 15).
2654 5549 2782 5604 Nam
2813 5551 3254 5620 quemadmodum
3289 5556 3424 5619 illos,
3451 5557 3646 5626 inquit,
3673 5576 3772 5612 non

2195 5657 2263 5694 ex
2286 5639 2520 5711 ipsormn
2551 5641 2841 5696 benefactis
2869 5645 3043 5699 salvos
3072 5645 3239 5701 fecisti
3268 5690 3282 5713 ,
3312 5648 3404 5703 sed
3431 5651 3774 5708 afllictionem

2201 5732 2412 5803 videns,
2439 5742 2490 5789 et
2515 5734 2802 5805 angustias,
2826 5745 2877 5790 et
2903 5737 3185 5794 clamorem
3219 5741 3424 5796 illorutn
3452 5744 3773 5799 exaudiens:
