3920 6240
111 322 211 378 891

108 438 210 492 καὶ
238 435 490 505 χρυσίῳ,
529 434 627 487 καί
660 432 769 488 οὐκ
797 430 874 506 ἦν
903 436 974 490 ἐν
1003 435 1130 502 ταῖς
1169 434 1390 504 φυλαῖς
1415 433 1612 488 αὐτῶν
1649 436 1680 486 ό

104 517 412 579 ἀσθενῶν.
432 516 545 571 Μία
574 518 670 588 μὲν
698 516 835 588 αῦτη
869 519 1078 572 δουλεία
1111 517 1244 589 μετά
1276 518 1560 588 ἀκριϐείας
1589 518 1685 570 πά-

110 622 216 676 σης
251 600 737 673 προδιηγόρευταιο
791 601 922 671 φέρε
971 602 1036 672 δὴ
1086 602 1180 654 καὶ
1231 601 1316 669 ἐφ’
1366 600 1554 672 ἑτέραν
1593 599 1683 652 τὸν

107 687 272 756 λόγον
305 697 331 725 α
358 685 676 754 ἀγάγωμεν.
712 685 879 738 Ποίαν
903 684 999 754 δή;
1025 684 1134 755 Τὴν
1169 685 1227 737 ἐν
1265 680 1682 736 Βαϐυλῶνι.Καὶ

106 771 222 839 γάρ
272 769 368 819 καὶ
397 765 601 834 ταύτην
653 765 790 836 μετά
840 767 1124 837 ἀκριϐείας
1170 765 1622 837 προανεφώνησεν
1655 764 1684 816 6

119 851 416 920 Ἱερεμίας,
445 848 618 911 οὕτως
646 848 833 902 εἰπών·
865 850 1066 914 Οὕτως
1099 845 1229 902 εἶπε
1259 850 1474 916 Κύριος
1497 865 1510 877 ο
1539 848 1683 901 ὅταν

103 932 316 1001 μέλλῃ
371 931 751 998 πληροῦσθαι
806 930 878 999 τῇ
923 931 1235 986 Βαϐυλῶνι
1281 930 1682 1000 ἐϐδομήκοντα

107 1016 242 1080 ἐτη,
278 1015 681 1082 ἐπισκέψομαι
711 1013 888 1084 ὑμᾶς,
924 1016 1022 1069 καὶ
1051 1015 1360 1081 ἐπιστήσω
1405 1016 1496 1085 ἐφ’
1529 1012 1683 1091 ὑμᾶς

107 1096 258 1164 τοὺς
287 1097 510 1164 λόγους
539 1115 660 1166 μου
706 1098 849 1164 τοὺς
873 1099 1153 1168 ἀγαθοὺς,
1179 1099 1285 1153 τοῦ
1308 1098 1683 1167 ἀποστρέψαι

108 1183 203 1246 εἰς
227 1180 339 1233 τὸν
361 1181 551 1232 τόπον
573 1179 814 1234 τοῦτον·
850 1181 948 1235 καί
973 1181 1312 1251 ἐπιστρέψω
1343 1181 1457 1250 τὴν
1474 1185 1684 1250 αἰχμα-

109 1264 352 1317 λωσίαν
377 1261 526 1334 [θ’ὀϋ]
559 1262 745 1331 ὑμῶν,
769 1264 866 1316 καὶ
897 1264 1154 1332 ἀθροίσω
1186 1264 1340 1335 ὑμᾶς
1357 1266 1425 1319 ἐκ
1445 1265 1686 1318 πάντων

108 1343 236 1398 τῶν
253 1344 465 1410 ἐθνῶν,
477 1344 578 1398 καὶ
591 1345 659 1398 ἐκ
677 1345 918 1400 πάντων
933 1346 1051 1400 τῶν
1061 1350 1276 1412 τόπων,
1292 1345 1361 1405 οὗ
1379 1347 1684 1415 διέσπειρα

111 1427 278 1499 ὑμᾶς
318 1428 482 1493 ἐκεῖ,
522 1429 674 1498 φησι
715 1431 931 1499 Κύριος
954 1472 970 1496 ,
1005 1432 1102 1485 καὶ
1147 1432 1486 1500 ἐπιστρέψω
1529 1429 1684 1501 ὑμᾶς

108 1516 204 1578 εις
231 1513 341 1566 τὸν
376 1513 582 1576 τόπον,
608 1512 747 1567 ὅθεν
774 1513 1050 1578 ἀπῴκισα
1080 1516 1233 1586 ὑμᾶς
1253 1516 1499 1571 ἐκεῖθεν.
1524 1517 1685 1589 Ὁρᾷς

109 1597 234 1659 πῶς
269 1596 364 1648 καὶ
390 1594 622 1649 ἐνταῦθα
650 1596 812 1651 πάλιν
842 1599 935 1650 καὶ
963 1598 1062 1669 τὴν
1087 1600 1241 1653 πόλιν
1265 1595 1438 1665 εἷπεν,
1472 1600 1566 1654 καὶ
1593 1599 1685 1653 τὸν

106 1679 353 1750 ἀριθμὸν
380 1679 492 1732 τῶν
513 1679 670 1743 ἐτῶν,
703 1681 799 1733 καὶ
815 1681 978 1734 πόθεν
995 1683 1192 1746 αὐτοὺς
1216 1683 1395 1754 μέλλει
1412 1683 1685 1750 συνάγειν,

107 1763 214 1816 καὶ
255 1763 364 1815 ποῦ
396 1763 686 1830 συνάγειν;
722 1762 822 1817 Διά
851 1763 1012 1817 τοῦτο
1035 1766 1133 1819 καὶ
1181 1769 1210 1819 6
1237 1767 1434 1837 Δανιὴλ
1463 1766 1522 1820 οὐ
1551 1766 1685 1838 πρό-

104 1861 274 1922 τφον
329 1846 471 1917 ὑπὲρ
502 1845 681 1900 αὐτῶν
709 1846 808 1917 τὴν
855 1849 1134 1918 ἱκετηρίαν
1180 1849 1395 1922 ἔθηκεν,
1453 1849 1566 1903 ἀλλ’
1598 1850 1686 1902 ὅτε

105 1925 220 1981 εἶδε
259 1928 612 1999 πληρωθέντα
640 1931 708 1982 τὰ
731 1929 1100 2001 ἐϐδομήκοντα
1133 1932 1248 2003 ἔτη.
1279 1935 1386 1986 Καὶ
1413 1932 1494 1997 τίς
1516 1931 1689 1986 ταῦτά

107 2028 317 2084 gmw;
348 2011 517 2076 Αὐτὸς
532 2015 559 2066 6
575 2012 772 2083 Δανιὴλ
796 2013 938 2066 οὕτω
965 2014 1139 2083 λέγων
1157 2032 1170 2046 °
1191 2016 1300 2070 Kal
1327 2016 1441 2087 ἐγὼ
1465 2016 1688 2084 Δανιὴλ

104 2097 369 2150 ἐποίουν
398 2097 470 2151 τὰ
499 2098 645 2166 ἔργα
696 2096 804 2151 τοῦ
850 2098 1178 2166 βασιλέως,
1227 2101 1325 2154 καί
1364 2100 1690 2170 ἐθαύμαζον

105 2178 230 2247 τὴν
263 2179 509 2248 ὅρασιν,
555 2179 656 2233 καὶ
686 2181 797 2233 οὐκ
831 2179 912 2247 ἦν
943 2183 976 2234 ό
1020 2181 1248 2235 συνιών
1269 2199 1283 2214 ’
1319 2184 1416 2237 καὶ
1448 2183 1719 2252 συνῆκα·

104 2264 182 2331 ἐν
206 2263 339 2329 ταῖς
354 2264 596 2330 ,βίϐλοις
615 2263 724 2316 τὸν
744 2263 992 2333 ἀριθμὸν
1014 2263 1133 2319 τῶν
1150 2265 1319 2331 ἐτῶν,
1337 2268 1417 2334 ὡς
1436 2268 1687 2338 ἐγενήθη

107 2351 144 2402 ό
177 2349 367 2417 λόγος
400 2346 626 2416 Κυρίου
658 2347 807 2415 πρὸς
861 2347 1136 2416 Ἰερεμίαν
1194 2350 1301 2404 τὸν
1354 2351 1686 2422 προφήτην,

107 2433 211 2517 ειρ⁸
241 2430 689 2517 συμπλήρωσιν
738 2427 850 2517 τῆς
893 2432 1244 2517 έρημώσεως
1308 2435 1694 2506 Ἰερουσαλὴμ

112 2512 530 2584 ἐϐδομήκοντα
571 2512 700 2582 ἐτη.
745 2513 855 2568 Καὶ
904 2513 1099 2570 ἔδωκα
1123 2516 1189 2570 τὸ
1228 2519 1554 2586 πρόσωπόν
1573 2538 1692 2590 μου

111 2599 272 2666 πρὸς
303 2599 522 2666 Κύριον
541 2595 650 2650 τὸν
670 2594 838 2659 Θεὸν,
865 2597 970 2651 τοῦ
987 2599 1305 2667 ἐκζητῆσαι
1321 2602 1692 2670 προσευχὴν,

113 2684 217 2738 καί
271 2682 490 2750 δέησιν
526 2682 598 2735 ἐν
647 2681 899 2751 νηστείᾳ
941 2682 1040 2736 καὶ
1088 2682 1299 2752 σάκκῳ
1333 2685 1432 2739 καὶ
1465 2686 1690 2752 σποδῷ.

127 2769 418 2828 Ἤκουσας
448 2764 566 2828 πῶς
595 2764 689 2818 καὶ
733 2762 874 2835 αὕτη
911 2765 1124 2819 δουλεία
1150 2767 1514 2839 διηγόρευται,
1545 2771 1638 2844 καὶ
1668 2772 1697 2823 6

114 2852 412 2920 προφήτης
441 2849 540 2902 οὐκ
569 2846 835 2916 ἐτόλμησε
867 2849 973 2920 πρὸ
995 2849 1089 2902 τοῦ
1123 2849 1479 2921 διωρισμένου
1505 2852 1696 2924 χρόνου

116 2934 310 3003 δέησιν
349 2931 443 2985 καὶ
475 2930 758 3001 ἱκετηρίαν
791 2936 1167 3002 προσαγαγεῖν
1210 2933 1288 3004 τῷ
1313 2933 1453 3004 Θεῷ,
1494 2935 1582 2990 ἵνα
1622 2935 1697 3007 μὴ

122 3019 309 3088 μάτην
343 3015 437 3069 καὶ
463 3015 586 3085 είκῆ
611 3017 833 3090 προσίῃ,
874 3017 960 3068 ἵνα
996 3017 1070 3086 μὴ
1117 3017 1329 3092 ἀκούσῃ
1357 3019 1494 3089 ὅπερ
1538 3021 1701 3091 ἡκου-

120 3117 220 3153 σεν
248 3103 278 3153 6
316 3097 614 3170 Ἱερεμίας⁸
647 3101 744 3169 Μὴ
802 3102 1146 3171 προσεύχου
1189 3103 1341 3172 ὑπὲρ
1390 3103 1500 3158 τοῦ
1546 3106 1698 3160 λαοῦ

118 3184 366 3246 τούτου,
414 3180 514 3237 καί
558 3182 643 3252 μὴ
682 3184 861 3247 ἀξίου
892 3184 1022 3252 περὶ
1057 3184 1286 3248 αὐτῶν,
1321 3186 1410 3240 ὅτι
1439 3190 1551 3242 οὐκ
1579 3191 1702 3244 εἱσ-

121 3265 471 3335 ακούσομαί
515 3282 650 3321 σου.
692 3268 826 3320 Ἀλλ’
855 3269 946 3322 ὅτε
994 3267 1092 3339 τήν
1127 3269 1399 3339 ἀπόφασιν
1429 3269 1534 3325 είδε
1564 3273 1702 3344 πλη-

128 3350 438 3422 ρωθεῖσαν,
488 3350 584 3402 καί⁸
633 3349 724 3404 τὸν
771 3351 960 3422 καιρὸν
1013 3352 1382 3420 συγκαλοῦντα
1419 3356 1556 3428 πρὸς
1605 3358 1703 3428 τὴν

123 3433 422 3488 ἐπάνοδον·
446 3433 569 3486 τότε
599 3433 984 3504 προσεύχεται,
1017 3436 1112 3488 καὶ
1141 3438 1238 3508 οὐχ
1265 3439 1470 3504 ἁπλῶς,
1501 3441 1616 3494 ἀλλ’
1645 3445 1704 3495 ἐν

125 3515 360 3588 νηστείᾳ
391 3517 486 3568 καὶ
513 3518 572 3569 ὲν
603 3516 792 3586 σάκκῳ
821 3517 914 3570 καὶ
943 3519 1000 3570 ἐν
1033 3519 1232 3590 σποδῷ.
1289 3523 1397 3575 Καὶ
1436 3524 1575 3596 ὅπερ
1617 3525 1703 3577 ἐπ’

128 3597 436 3669 ἀνθρώπων
471 3598 789 3669 συμϐαίνειν
811 3599 951 3664 ἔθος,
984 3601 1141 3655 τοῦτο
1178 3603 1273 3657 καὶ
1309 3606 1403 3658 ἐπὶ
1435 3607 1529 3659 τοῦ
1566 3608 1704 3662 Θεοῦ

128 3683 426 3754 πεποίηκε.
455 3683 562 3736 Καὶ
593 3685 701 3755 γάρ
732 3685 890 3754 ἡμεῖς
919 3686 1136 3740 ἐπειδάν
1158 3705 1308 3752 τινας
1355 3689 1548 3762 ἴδωμεν
1579 3693 1705 3756 τοὺς

126 3767 317 3823 αὑτῶν
338 3767 556 3830 οίκέτας
585 3768 724 3838 μετά
757 3767 928 3821 πολλὰ
960 3771 1052 3822 καὶ
1087 3771 1299 3841 μεγάλα
1331 3774 1706 3846 ἁμαρτήματα

124 3854 211 3916 είς
240 3853 612 3923 δεσμωτήριον
641 3852 1030 3921 ἐμϐάλλοντας,
1063 3855 1164 3907 οὐκ
1207 3853 1429 3920 εὐθέως,
1467 3857 1588 3911 οὐδὲ
1644 3860 1703 3911 ἐν

125 3936 463 4004 προοιμίοις,
490 3933 610 3987 οὐδὲ
637 3935 694 3987 ἐν
724 3935 866 4009 ἀρχῇ
899 3937 996 4006 τῆς
1043 3937 1337 4002 κολάσεως,
1382 3940 1480 4009 τὴν
1519 3943 1703 4010 ίκετη-
1778 3979 1784 3991 .

131 4021 258 4092 ρίαν
285 4020 669 4090 προσάγομεν·
697 4020 812 4073 ἀλλ’
863 4021 1091 4092 ἀφέντες
1126 4021 1313 4090 ὀλίγας
1356 4024 1568 4094 ἡμέρας
1604 4027 1704 4078 αὺ-

124 4106 260 4167 τοίις
290 4103 742 4174 σωφρονισθῆναι,
767 4105 887 4158 τότε
921 4107 1185 4178 πρόσιμεν
1205 4107 1232 4146 ὶ)
1257 4111 1368 4170 τοῖς
1399 4109 1702 4177 δεσπόταις,

126 4189 349 4256 ἔχοντες
393 4187 486 4240 καὶ
517 4187 618 4257 τὴν
660 4187 768 4240 ἀπὸ
796 4187 888 4241 τοῦ
918 4189 1112 4261 καιροῦ
1152 4192 1469 4262 συμμαχίαν
1494 4208 1508 4222 ⁸
1547 4194 1705 4248 τοῦτο

124 4270 195 4341 δή
245 4272 339 4324 καὶ
381 4272 410 4324 6
454 4273 742 4342 προφήτης
791 4272 1066 4342 ἐποίησεν.
1123 4275 1338 4346 Ἐπειδὴ
1396 4276 1505 4348 γὰρ
1549 4277 1705 4348 δίκην

127 4355 364 4418 ἔδωκαν,
393 4355 491 4407 οὐκ
515 4354 672 4420 ἀξίαν
703 4355 803 4424 μὲν
832 4355 942 4410 τῶν
963 4359 1394 4430 ἁμαρτημάτων,
1427 4361 1634 4415 ἔδωκαν
1660 4363 1705 4415 δ’

124 4434 224 4492 οὖν
258 4439 428 4509 ὅμως,
458 4438 818 4510 προσέρχεται
849 4440 927 4511 τῷ
963 4441 1082 4512 Θεῷ
1127 4442 1310 4496 λοιπὸν
1353 4443 1493 4515 ὑπὲρ
1526 4445 1706 4502 αὐτῶν

124 4522 529 4592 διαλεξόμενος.
561 4522 624 4574 El
653 4523 709 4576 δὲ
757 4521 1035 4593 βούλεσθε,
1084 4527 1178 4580 καὶ
1208 4527 1309 4597 τῆς
1340 4529 1504 4599 εὐχῆς
1534 4530 1705 4600 αὐτῆς

123 4605 486 4676 ἀκούσωμεν·
549 4605 1128 4678 Ἐξωμολογησάμην
1173 4611 1285 4680 γὰρ
1315 4651 1329 4675 ,
1385 4613 1518 4681 φησὶ
1543 4655 1557 4676 ,
1609 4613 1706 4666 καὶ

121 4686 338 4743 εἷπονο
375 4691 556 4758 Κύριε
584 4696 616 4746 ό
647 4693 812 4758 Θεὸς,
859 4697 892 4746 ό
917 4694 1104 4764 μέγας
1135 4696 1232 4749 καὶ
1265 4697 1630 4766 θαυμαστὸς,
1673 4701 1707 4752 ό

121 4774 475 4846 φυλάσσων
508 4775 624 4844 τὴν
650 4777 948 4848 διαθήκην
975 4793 1113 4845 σου,
1150 4781 1246 4834 καὶ
1289 4782 1356 4835 τὸ
1389 4782 1561 4846 ἔλεός
1589 4797 1706 4836 σου

122 4860 260 4924 τοῖς
304 4858 582 4928 ἀγαπῶσί
631 4876 725 4924 σε,
779 4863 877 4915 καὶ
913 4863 1289 4932 φυλάττουσι
1323 4867 1428 4933 τὰς
1456 4866 1708 4932 ἐντολάς

122 4959 270 5022 σου.
305 4942 370 4994 Τί
399 4946 590 5011 ποιεῖς,
623 4937 667 4997 ὦ
700 4946 934 5016 Δανιήλ;
964 4947 1103 5018 ὑπὲρ
1130 4948 1430 5019 ἀνθρώπων
1462 4953 1706 5022 ἡμαρτη-

127 5027 310 5080 κότων
338 5027 433 5078 καὶ
468 5030 989 5099 προσκεκρουκότων
1019 5031 1354 5100 πρεσϐεύων,
1383 5033 1490 5085 τῶν
1527 5043 1547 5070 ο
1606 5052 1708 5102 φυ-

123 5110 442 5163 λασσόντων
459 5110 622 5164 αὑτοῦ
650 5113 774 5177 τοὺς
797 5114 992 5182 νόμους
1022 5115 1295 5184 μέμνησαι
1320 5133 1334 5179 ;
1359 5115 1552 5170 οὐκοῦν
1569 5115 1707 5180 ἄξιοί

123 5197 237 5246 εἰσι
258 5193 590 5264 συγγνώμης
619 5195 669 5246 οἱ
693 5196 1120 5268 παραϐαίνοντες
1139 5197 1300 5250 αὐτοῦ
1327 5198 1424 5262 τὰς
1454 5199 1704 5262 ἐντολάς;

153 5277 288 5330 ,ιλλν
325 5278 387 5332 οὑ
419 5277 511 5329 διὰ
557 5278 780 5342 τούτους
813 5279 986 5333 ταῦτα
1024 5280 1187 5347 λέγω,
1235 5283 1418 5352 φησὶν,
1460 5283 1596 5335 ἀλλά
1621 5283 1708 5337 διὰ

117 5362 257 5424 τοὺς
295 5361 596 5429 προγόνους
627 5364 753 5427 τοὺς
782 5363 987 5416 ἀνωθεν
1008 5405 1024 5431 ,
1071 5364 1160 5417 διὰ
1187 5365 1278 5418 τὸν
1323 5365 1590 5438 Ἀϐραάμ,
1620 5365 1709 5419 διά

122 5445 220 5498 τὸν
269 5444 479 5506 Ἰσαὰκ,
511 5445 598 5498 διὰ
635 5446 728 5498 τὸν
771 5447 985 5502 Ἰακώϐ.
1034 5448 1294 5512 Ἐκείνοις
1320 5449 1704 5520 ἐπηγγείλατο,

118 5528 288 5598 φησὶ,
321 5529 416 5580 καὶ
452 5530 739 5599 ὑπέσχετο,
792 5532 840 5584 οἳ
870 5533 965 5585 καὶ
1008 5532 1106 5596 τὰς
1135 5535 1354 5597 ἐντολάς
1386 5533 1549 5587 αὑτοῦ
1582 5534 1709 5602 ἐφύ-

124 5610 316 5673 λαξαν.
358 5610 512 5664 Ἐπεὶ
542 5609 634 5666 οὖν
685 5614 836 5667 οὐδὲν
863 5616 1076 5685 ἔχουσιν
1104 5613 1248 5672 οὗτοι
1291 5619 1562 5689 δικαίωμα
1605 5637 1709 5672 σω-

186 5705 216 5775 _‘
356 5707 534 5775 ἑτέραν,
556 5711 662 5775 ἤτοι
689 5723 772 5766 την
790 5712 1022 5775 δευτέραν,
1046 5713 1126 5760 τὸν
1149 5714 1309 5775 λόγον.

133 5765 342 5887 ςηὶέἠιῗῗί
367 5765 474 5816 τότε
493 5765 742 5843 πρόσιμεγ.
763 5765 1021 5834 (Εαὶαὲναέ
1040 5765 1225 5838 ΜυηιῙ.’
1241 5778 1511 5838 προσίεμεν,
1532 5781 1581 5826 ιιι
1604 5774 1706 5838 ipse

123 5840 280 5876 δαιτοι.
689 5840 699 5843 ν

188 5893 210 5918 ε
239 5840 336 5963 Διίὶἱ
383 5891 654 5963 πρεσϐεύων
677 5894 875 5963 ’τούτων
901 5897 994 5948 τῶν
1013 5898 1093 5959 μή.
1137 5899 1283 5949 Savil.
1313 5903 1404 5948 τῶν
1443 5902 1705 5963 φυλασσόν-

124 5966 240 6011 των,
263 5957 412 6012 atque
437 5953 501 6001 ila
529 5952 651 6017 legit
677 5957 916 6006 Erasmus.

1374 313 1740 372 ADVERSUS
1775 315 2078 376 JUDEOS.
2119 318 2182 376 ν.

3237 330 3340 388 892

1786 434 1996 507 τηρίας,
2023 436 2110 491 διὰ
2135 436 2290 490 τοῦτο
2328 435 2436 490 τῶν
2459 437 2742 510 προγόνων
2775 437 3076 512 μέμνημαι.
3117 440 3221 498 Καὶ
3257 449 3343 503 ἵνα

1787 515 1859 585 μὴ
1908 517 2156 588 νομίσῃς,
2204 517 2286 570 ὅτι
2329 517 2458 588 περὶ
2495 519 2696 571 τούτων
2729 519 2903 572 ταῦτά
2938 539 3119 591 φησιν,
3152 525 3342 592 εἰπὼν,

1795 595 1858 647 'U
1899 593 2237 672 φυλάσσων
2266 594 2383 662 τὴν
2424 595 2718 662 διαθήκην
2749 613 2889 661 σου,
2935 602 3032 654 καί
3072 602 3138 655 τὸ
3171 604 3345 672 ἔλεός

1782 686 1899 726 σου
1913 671 2036 738 τοῖς
2051 673 2329 741 ἀγαπῶσί
2347 688 2423 726 σε
2438 673 2535 727 καὶ
2551 675 2944 742 φυλάσσουσι
2966 679 3073 745 τὰς
3092 671 3346 749 ἐντολάς

1783 765 1920 828 σου,
1947 752 2226 822 ἐπήγαγεν
2253 751 2453 814 εὐθέως
2470 769 2484 780 ·
2517 752 2902 822 Ἡμάρτομεν,
2928 757 3341 828 ήνομήσαμεν,

1781 827 2176 898 ἠδικήσαμεν,
2202 830 2612 900 ήσεϐήσαμεν,
2657 833 3052 904 ἐξεκλέναμεν
3085 827 3348 893 ἀπὸίτῶν

1781 905 2044 960 ἐντολῶν
2076 924 2214 970 σου,
2238 910 2333 961 καὶ
2362 910 2481 962 ἀπὸ
2502 909 2619 963 τῶν
2639 913 2933 981 κριμάτων
2949 931 3088 982 σου,
3122 919 3217 971 καὶ
3236 921 3348 972 οὐκ

1781 985 2130 1054 ἠκούσαμεν
2155 986 2277 1041 τῶν
2299 988 2538 1042 δούλων
2556 1005 2673 1043 σου
2703 991 2822 1044 τῶν
2863 994 3199 1061 προφητῶν.
3240 996 3348 1049 Μία

1783 1062 1891 1143 γὰρ
1915 1066 2025 1127 τοῖς
2049 1065 2450 1136 ἁμαρτάνουσιν
2479 1065 2627 1138 [637]
2661 1069 2924 1137 ἀπολογία
2956 1072 3092 1143 μόνη
3131 1074 3349 1142 μετάτά

1783 1142 2155 1222 ἀμαρτήματα
2195 1143 2599 1208 ὑπολέλειπται,
2630 1147 2691 1200 τὸ
2712 1148 2808 1211 τὰς
2835 1151 3040 1214 οίκείας
3076 1142 3349 1222 ἀμαρτίας

1783 1221 2080 1290 ὁμολογεῖν.
2136 1223 2207 1275 Σὺ
2246 1223 2302 1276 δέ
2361 1240 2451 1293 μοι
2505 1226 2694 1278 σκόπει
2749 1228 2970 1281 καὶτοῦ
3016 1221 3225 1284 δικαίου
3253 1231 3350 1302 τὴν

1785 1297 2005 1380 ἀρετὴν,
2021 1301 2123 1380 καὶ
2151 1299 2260 1380 τῶν
2300 1302 2568 1380 Ἰουδαίων
2591 1304 2688 1375 τὴν
2709 1306 3138 1378 ἀγνωμοσύνην..
3165 1309 3222 1362 ’0
3252 1297 3352 1380 μέν

1783 1376 1897 1458 γάρ,
1910 1377 2074 1458 μηδὲν
2091 1379 2264 1458 ἐαυτῷ
2295 1379 2548 1458 συνειδὼς
2567 1383 2821 1454 πονηρὸν,
2841 1376 3188 1450 καταδικάζει
3214 1376 3354 1458 μετὰ

1783 1453 1984 1534 πολλῆς
2035 1456 2222 1509 ἐαυτὸν
2269 1457 2647 1529 σφοδρότητος,
2693 1453 2874 1530 λέγων
2895 1479 2907 1492 ·
2961 1453 3350 1534 Ἦμάρτομεν,

1782 1532 2192 1614 ἡνομήσαμεν,
2233 1535 2640 1606 ἠδικήσαμενο
2670 1541 2720 1612 οί
2766 1541 2821 1593 δὲ
2857 1532 3064 1613 μυρίων
3092 1532 3354 1614 γέμοντες

1785 1612 1991 1679 κακῶν,
2021 1615 2326 1668 τούναντίον
2352 1616 2587 1679 ἐποίουν,
2620 1617 2898 1685 λέγοντες-ο
2938 1612 3356 1692 Ἔφυλάξαμεν

1784 1696 1857 1745 τὰ
1911 1692 2338 1762 προστάγματά
2403 1711 2557 1760 σου,
2618 1697 2716 1750 καί
2777 1698 2896 1751 νῦν
2955 1699 3355 1769 μακαρίζομεν

1784 1771 2172 1839 ἀλλοτρίουψ
2219 1774 2318 1826 καὶ
2357 1774 2887 1844 ἀνοικοδομοῦνται
2941 1781 2994 1830 οἱ
3041 1779 3355 1844 ποιοῦντες

1785 1849 2153 1920 ἀνομήματα.
2185 1852 2397 1923 Ὠσπερ
2429 1853 2536 1925 γάρ
2562 1857 2676 1918 τοῖς
2707 1855 2933 1920 δικαίοις
2967 1856 3086 1918 ἔθος
3130 1858 3266 1926 μετά
3286 1862 3357 1910 τά

1785 1927 2126 1999 δικαιώματα
2158 1931 2492 2002 μετριάζειν,
2521 1932 2662 1985 οὕτω
2699 1937 2812 1997 τοῖς
2839 1938 3094 2005 πονηροῖς
3118 1935 3253 2006 μετὰ
3283 1937 3356 1990 τά

1787 2009 2160 2080 ἁμαρτήματα
2197 2011 2539 2081 ἐπαίρεσθαι.
2584 2012 2641 2065 '0
2681 2014 2848 2082 μηδὲν
2895 2014 3072 2085 ἐαυτῷ
3103 2014 3356 2078 συνειδὼς

1787 2089 2024 2142 τοιοῦτον
2059 2088 2264 2158 ἔλεγεν,
2306 2091 2707 2162 Ἦνομήσαμεν,
2734 2093 3084 2164 ἐξεκλίναμεν
3111 2097 3217 2148 ἀπὸ
3249 2095 3358 2149 τῶν

1789 2165 2015 2220 ἐντολῶν
2064 2183 2156 2218 σου
2177 2184 2190 2198 ο
2233 2169 2281 2219 oi
2307 2167 2368 2220 δὲ
2401 2169 2571 2239 μυρία
2600 2170 2898 2234 συνειδότες
2936 2173 3148 2237 ἑαυτοῖς
3182 2175 3361 2246 ἀμαρ-

1788 2250 2008 2313 τήματα
2064 2244 2282 2313 ἔλεγον,
2335 2246 2415 2298 δτι
2462 2247 2833 2318 Ἐιρυλάξαμεν
2860 2249 2958 2313 τὰς
2989 2244 3358 2316 ἐντολάς-σου.

1790 2323 1973 2376 Ταῦτα
2001 2323 2162 2401 λέγω,
2194 2325 2280 2378 ἵνα
2307 2325 2371 2379 τά
2406 2327 2504 2397 μὲν
2529 2326 2890 2396 φύγωμεν,τά
2918 2329 2974 2381 δὲ
3003 2329 3359 2401 ζηλώσωμεν.

1841 2462 1852 2474 ,
1865 2402 1936 2466 ς’.
1970 2399 2103 2456 Εἶτα
2125 2405 2312 2476 ἐπειδὴ
2331 2405 2668 2476 κατέδραμεν
2688 2407 2865 2458 αὐτῶν
2883 2408 2981 2478 τῆς
2995 2399 3363 2481 παρανομίας,

1791 2481 1937 2549 λέγει
1971 2482 2066 2534 καὶ
2105 2482 2202 2552 τὴν
2229 2484 2496 2554 τιμωρίαν
2540 2485 2606 2555 ἣν
2641 2485 2850 2548 ἔδοσαν,
2895 2489 2989 2539 καὶ
3019 2489 3126 2540 ἀπὸ
3173 2489 3362 2542 τούτου

1793 2562 1954 2614 πάλιν
1985 2560 2074 2612 τὸν
2106 2561 2235 2614 Θεὸν
2284 2564 2362 2624 είς
2392 2562 2537 2615 ἔλεον
2565 2565 2970 2618 ἐπισπάσασθαι
3001 2566 3319 2638 βουλόμενος
3344 2609 3362 2634 ,

1793 2641 1900 2694 Καὶ
1921 2638 2168 2718 ἐπῆλθε,
2198 2641 2381 2709 φησὶν,
2415 2641 2507 2710 ἐρ’
2532 2643 2688 2710 ἡμᾶς
2718 2643 2757 2708 ὴ
2790 2643 3015 2712 κατάρα
3057 2647 3094 2712 ή
3119 2665 3366 2718 γεγραμ-

1789 2719 1940 2788 μένη
1973 2715 2043 2773 έν
2068 2718 2146 2783 τῷ
2179 2719 2339 2786 νόμῳ
2369 2718 2626 2784 Μωσέως
2668 2719 2892 2774 δούλου
2920 2723 3026 2776 τοῦ
3063 2715 3230 2788 Θεοῦ,
3274 2715 3366 2781 ὅτι

1796 2795 2155 2866 ἡμάρτομεν.
2195 2796 2329 2848 Ποία
2360 2796 2573 2865 κατάρα
2603 2796 2779 2868 αῦτη;
2823 2799 3086 2852 Βούλεσθε
3121 2802 3206 2854 ἵνα
3244 2804 3367 2856 ἀνα·

1796 2875 2012 2944 γνῶμεν
2027 2876 2227 2945 αὑτήν;
2273 2875 2412 2927 Ἐὰν
2431 2875 2516 2943 μὴ
2548 2878 2918 2944 λατρεύσητε
2939 2881 3134 2946 Κυρίῳ
3151 2879 3227 2946 τῷ
3247 2881 3371 2948 Θεῷ

1796 2954 1984 3024 ὑμῶν,
2023 2956 2205 3024 φησὶν,
2240 2953 2440 3018 ἐπάξω
2468 2955 2560 3023 ἐφ’
2597 2955 2746 3025 ὑμᾶς
2791 2958 2966 3022 ἔθνος
2995 2960 3261 3027 ἀναιδὲς,
3293 2958 3366 3018 οὗ

1799 3037 1909 3088 οὐκ
1955 3034 2191 3102 ἀκούσῃ
2235 3031 2342 3100 τῆς
2384 3033 2590 3102 φωνῆς
2632 3036 2849 3096 αὐτοῦ,
2891 3037 2988 3089 καὶ
3033 3039 3251 3092 ἔσεσθε
3300 3042 3370 3093 ἐν

1791 3111 2020 3183 ’ἀριθμῷ
2034 3113 2305 3182 βραχεῖς.
2331 3112 2372 3163 Τ
2375 3112 2497 3166 οῦτο
2526 3112 2655 3182 γοῦν
2682 3115 2811 3167 αὐτὸ
2839 3115 3122 3186 δηλοῦντες
3151 3121 3196 3171 οἱ
3223 3123 3370 3190 τρεῖς

1801 3193 2008 3255 παῖδες,
2035 3193 2129 3244 καὶ
2152 3190 2458 3255 δεικνύντες
2488 3192 2568 3244 ὅτι
2586 3193 2670 3246 διὰ
2694 3194 2800 3247 τῶν
2818 3195 2994 3265 ἔργων
3017 3196 3194 3249 αὐτῶν
3211 3199 3369 3263 ἐξέϐη

1799 3273 1860 3325 τὸ
1902 3271 2000 3342 τῆς
2038 3270 2311 3334 κολάσεως
2367 3267 2542 3335 εἶδος,
2593 3273 2688 3324 καὶ
2734 3274 2888 3326 αὐτοὶ
2924 3275 3059 3346 πρὸς
3107 3276 3195 3328 τὸν
3241 3278 3379 3331 Θεὸν

1802 3350 2306 3422 ἐξομολογούμενοι,
2369 3351 2497 3420 περὶ
2545 3351 2654 3404 τῶν
2710 3353 2906 3405 κοινῶν
2963 3357 3374 3427 ἁμαρτημάτων

1803 3434 2015 3500 ἐλεγον·
2051 3428 2408 3496 Παρέδωκας
2439 3427 2598 3498 ἡμᾶς
2627 3433 2715 3496 εὶς
2745 3432 2947 3500 χεῖρας
2977 3435 3206 3502 ἐχυρῶν
3235 3436 3374 3489 ἀνά-

1797 3529 1928 3582 μων
1949 3550 1964 3574 ,
1999 3509 2294 3578 ἐχθίστων
2329 3507 2721 3574 ἀποστατῶν,
2772 3512 2867 3563 καὶ
2895 3514 3144 3576 βασιλεῖ
3190 3515 3376 3580 ἀδίκῳ

1805 3591 1902 3645 καί
1925 3587 2308 3654 πονηροτάτῳ
2334 3590 2494 3652 παρὰ
2526 3585 2736 3641 πᾶσαν
2779 3590 2892 3656 τὴν
2923 3591 3058 3660 γῆν.
3109 3592 3272 3663 Ὀρᾷς
3299 3593 3376 3656 ὡς

1803 3671 1830 3709 d
1856 3673 1889 3741 ή
1915 3669 2022 3737 ἀρὰ
2067 3667 2368 3737 ἐπληροῦτο
2412 3669 2593 3738 ἐκείνη
2632 3667 2966 3738 ήλέγουσα·
3010 3673 3269 3725 Ἕσεσθε
3307 3673 3377 3725 ἐν

1803 3746 2026 3818 ἀριθμῷ
2081 3747 2358 3815 βραχεῖς
2411 3747 2504 3798 καὶ
2534 3749 2565 3816 ή
2601 3746 2852 3813 λέγουσα,
2894 3749 2976 3799 ὅτι
3018 3748 3244 3812 Ἐπάξω
3281 3750 3374 3819 ἐφ’

1803 3827 1959 3897 ὑμᾶς
1995 3827 2170 3891 ἔθνος
2221 3824 2484 3890 ἀναιδές.
2520 3825 2689 3877 Τοῦτο
2712 3826 2842 3878 αὐτὸ
2873 3828 2964 3879 καὶ
2998 3828 3026 3880 ὁ
3057 3830 3378 3899 Δανιὴλ’ἐν-

1803 3907 1977 3961 ταυθα
1995 3908 2311 3969 αἰνίττεται,
2335 3905 2427 3958 καί
2451 3921 2613 3976 φησιν
2633 3921 2646 3935 ·
2675 3903 2896 3960 Ἦλθεν
2919 3908 3009 3976 ἐφ’
3028 3905 3185 3975 ἡμᾶς
3201 3909 3375 3971 κακὰ,

1805 3982 1899 4040 οἷα
1919 3988 1990 4039 οὺ
2007 3985 2214 4055 γέγονε
2241 3983 2516 4038 ὑποκάτω
2542 3987 2770 4052 παντὸς
2794 3987 2898 4040 τοῦ
2925 3987 3205 4074 οξψανοιῦ,
3229 3991 3380 4044 κατὰ

1804 4068 1877 4120 τὰ
1909 4069 2198 4136 γενόμενα
2229 4065 2298 4118 ἐν
2339 4065 2596 4135 Ἰσραήλ.
2627 4067 2760 4119 Ποῖα
2787 4065 2851 4136 δὴ
2883 4065 3086 4132 ταῦτα;
3116 4067 3379 4136 Μητὲρες

1805 4148 2035 4200 παίδων
2070 4147 2508 4216 ἀπεγεύσαντο.
2547 4148 2656 4200 Καὶ
2695 4147 2853 4200 τοῦτο
2904 4147 3156 4218 προλέγει
3207 4149 3306 4218 μὲν
3349 4151 3380 4204 6

1807 4227 2068 4297 Μωῦσῆς,
2101 4226 2339 4279 δείκνυσι
2368 4226 2424 4279 δὲ
2465 4226 2764 4300 ἐκϐεϐηκὸς
2792 4231 2821 4282 6
2861 4228 3157 4299 Ίερεμίας’
3209 4233 3237 4282 6
3282 4231 3387 4300 μὲν.

1806 4310 1912 4380 γάρ
1964 4324 2148 4377 φησιν,
2199 4307 2281 4358 ὃτι
2327 4305 2386 4360 Ἠ
2433 4306 2662 4374 ἁπαλὴ,
2703 4308 2740 4374 ὴ
2781 4311 3076 4376 τρυφερὰ,
3140 4304 3216 4378 ἧς
3267 4312 3380 4364 οὐκ

1805 4389 1984 4444 ἔλαϐε
2021 4384 2234 4453 πεῖραν
2277 4388 2309 4438 ό
2362 4386 2516 4451 ποῦς
2564 4386 2755 4454 αὐτῆς
2809 4387 3088 4455 ἐπιϐῆναι
3140 4387 3238 4440 ἐπὶ
3272 4389 3378 4442 τοῦ

1802 4471 2077 4539 ,βήματος
2109 4467 2206 4519 διὰ
2242 4466 2357 4534 τὴν
2395 4468 2744 4535 ἁπαλότητα
2793 4470 2890 4521 καὶ
2938 4468 3071 4536 τὶιντ
3099 4471 3380 4538 τρυφερό-

1808 4566 1994 4617 τητα,
2053 4547 2268 4614 ἅψεται
2322 4548 2671 4615 παρανόμου
2731 4546 3054 4615 τραπέζης,
3111 4548 3209 4600 καὶ
3262 4547 3391 4601 τῶν·

1807 4629 2073 4698 ἐκγόνων
2121 4626 2519 4693 ἀπογεύσεται
2557 4624 2676 4679 τῶν
2728 4626 2970 4695 ἑαυτῆς.
3025 4627 3082 4678 Ὀ
3113 4628 3168 4679 δὲ
3219 4629 3383 4698 Ἱερε-

1812 4709 1942 4778 μίας
1996 4705 2155 4759 τοῦτο
2208 4705 2340 4758 αὐτὸ
2393 4705 2567 4776 δηλῶν
2607 4707 2688 4758 ὅτι
2727 4705 2907 4776 ἐξέϐη,
2942 4705 3091 4774 ἔλεγε
3129 4723 3140 4733 ·
3178 4707 3382 4774 Χεζρες

1807 4783 2106 4856 γυναικῶν
2156 4785 2545 4853 οὶκτιρμόνων
2605 4785 2857 4851 ἥψησάν
2916 4785 2987 4837 τά
3039 4784 3216 4838 τέκνα
3269 4789 3379 4840 αύ-

1809 4866 1944 4920 τῶν.
2001 4863 2139 4916 Ἀλλ’
2182 4864 2330 4934 ὅμως
2390 4865 2487 4927 τάς
2543 4864 2817 4934 ἁμαρτίας
2868 4863 3045 4916 αὐτῶν
3093 4864 3263 4916 εἰπὼν
3313 4865 3380 4927 ἃς

1809 4946 2075 5016 ἥμαρτον,
2106 4943 2200 4996 καὶ
2232 4945 2331 5013 τὴν
2356 4942 2511 5012 δίκην
2532 4943 2597 5012 ἢν
2627 4944 2926 5012 ὑπέμειναν
2954 4945 3034 5005 εἰς
3058 4943 3223 5012 μέσον
3245 4945 3379 5012 ἁγα-

1809 5025 1943 5092 γὼν,
1976 5023 2094 5076 οὐδὲ
2123 5021 2298 5084 οὕτως
2329 5023 2393 5074 ἐκ
2419 5022 2624 5073 τούτων
2647 5021 2786 5085 ἀξιοῖ
2810 5021 3097 5085 σώζεσθαι.
3123 5022 3264 5092 Ὅρα
3287 5018 3380 5074 οῦν

1810 5103 2231 5174 εὐγνωμοσύνην
2263 5104 2492 5155 οἰκέτου.
2528 5102 2637 5154 Καὶ
2675 5102 2784 5172 γάρ
2817 5102 2910 5153 καὶ
2948 5095 3100 5164 οὗτος
3145 5101 3378 5164 δεικνὺς,

1810 5187 1892 5240 ὅτι
1911 5185 2061 5239 οὐδὲν
2080 5185 2290 5237 οὐδέπω
2313 5183 2422 5236 τῶν
2442 5183 2856 5253 ἁμαρτημάτων
2884 5181 3031 5246 ἀξιον
3061 5180 3378 5248 ὑπέμειναν,

1809 5264 1931 5318 οὐδὲ
1984 5263 2295 5317 διελύσαντο
2345 5262 2414 5316 τά
2461 5261 2906 5332 πλημμελήματα
2951 5259 3017 5312 δι’
3050 5254 3125 5311 ὧν
3159 5260 3378 5325 ἔπαθον,

1809 5344 1995 5398 λοιπὸν
2015 5355 2039 5383 θ
2058 5345 2151 5397 ἐπὶ
2175 5343 2301 5406 τοὺς
2327 5342 2645 5412 οίκτιρμοὺς
2665 5339 3002 5408 καταφεύγει
3026 5338 3120 5392 τοῦ
3137 5339 3268 5392 Θεοῦ
3287 5341 3382 5394 καὶ

1809 5425 1903 5477 τὸν
1923 5425 2022 5495 τῆς
2049 5419 2457 5492 φιλανθρωπίας
2492 5419 2655 5474 αὑτοῦ
2686 5420 2908 5489 τρόπον,
2945 5419 3039 5471 καί
3069 5435 3200 5488 φησι
3224 5434 3236 5446 ⁸
3273 5419 3383 5472 Καὶ

1813 5505 1946 5570 νῦν,
1981 5505 2158 5572 Κύριε
2197 5505 2230 5555 ό
2265 5501 2407 5567 Θεὸς
2438 5499 2626 5569 ἡμῶν,
2661 5499 2730 5565 ὃς
2756 5498 3046 5567 ἐξήγαγες
3090 5498 3196 5551 τόν
3228 5500 3385 5551 λαόν

1811 5599 1928 5637 σου
1957 5584 2024 5636 ἐκ
2057 5583 2166 5652 γῆς
2207 5583 2529 5650 Αἰγύπτου,
2553 5580 2651 5632 καὶ
2669 5581 2962 5647 ἐποίησας
2980 5578 3215 5644 σεαυτῴ
3247 5579 3383 5631 ὄνοι

1809 5680 1895 5732 μα
1931 5663 2012 5728 ὡς
2050 5665 2087 5730 ἠ
2130 5660 2322 5730 ἡμέρα
2350 5661 2532 5728 αὖτη’
2578 5659 2941 5729 ἡμάρτομεν,
2967 5659 3380 5729 ἠνομήσιιμεν.

1819 5741 1923 5797 Καὶ
1949 5742 2058 5812 γὰρ
2084 5742 2158 5805 ὼς
2194 5741 2454 5805 ἐκείνους,
2485 5739 2668 5810 φησὶν,
2690 5739 2790 5792 οὐκ
2815 5741 2923 5792 ἀπὸ
2948 5739 3386 5810 κατορθωμάτων

1878 5834 1906 5900 d_
1931 5834 2024 5884 Alii
2044 5837 2290 5900 ὁρᾷςπῶς.
2317 5832 2442 5900 ιιιττε
2463 5846 2634 5900 omnes
2653 5846 2784 5894 pene
2803 5847 2917 5900 mss.
2932 5834 3066 5900 fata
3084 5834 3142 5881 τὰ
3162 5831 3388 5893 γενόμενα.

1816 5901 1862 5950 ἐν
1896 5895 2096 5959 Ἰσραήλ.
2113 5895 2294 5946 Mnrul.
2317 5898 2436 5944 κατά
2457 5898 2512 5943 ια
2535 5899 2828 5957 γεγραμμένα
2855 5897 2900 5943 ἐν
2932 5895 3014 5945 Ἰσ.

1883 5972 1904 6000 ο
1940 5961 2118 6008 Λοιπὸν
2161 5962 2304 6010 deest
2330 5961 2378 6008 in
2403 5960 2584 6022 aliquot
2604 5972 2717 6007 mss.
