3920 6268
527 317 632 374 893

529 429 760 492 ἔσωσας,
795 425 931 480 ἀλλὰ
961 426 1060 498 τὴν
1088 428 1262 497 θλίψιν
1297 426 1418 481 ίδὼν
1452 428 1546 481 καὶ
1575 427 1674 498 τὴν
1705 430 2084 499 στενοχωρίαν,

530 509 626 562 καὶ
651 507 748 578 τῆς
777 505 1022 576 κραυγῆς
1061 506 1298 570 ἀκούσας
1320 523 1334 536 ο
1359 505 1500 559 οὕτω
1537 506 1600 577 δὴ
1629 507 1722 560 καὶ
1745 509 1891 578 ἡμᾶς
1917 508 2090 561 ἀπάλ-

529 586 689 651 λαξον
721 585 826 638 τῶν
856 583 998 656 [638]
1031 586 1310 658 παρόντων
1338 585 1519 638 κακῶν
1546 585 1632 638 διὰ
1661 585 1759 656 τὴν
1793 585 2092 656 φιλανθρω-

531 666 662 719 πίαν
692 680 784 716 σου
817 663 1007 733 μόνην·
1036 664 1220 735 ἕτερον
1261 663 1368 734 γάρ
1412 663 1560 717 οὐδὲν
1581 663 1774 734 ἔχομεν
1801 663 2076 733 δικαίωμα

534 743 806 813 σωτηρίας
824 751 871 797 ⁸.
903 741 1084 796 Εἰπὼν
1112 743 1174 813 δὴ
1201 742 1394 803 ταῦτα,
1430 743 1522 794 καὶ
1552 742 1821 814 θρηνήσας
1865 741 2088 805 ἱκανῶς,

533 822 742 888 είσάγει
769 820 952 873 λοιπὸν
977 821 1073 891 τὴν
1100 822 1273 883 πόλιν,
1299 819 1546 891 καθάπερ
1568 821 1685 874 τινὰ
1710 822 1942 889 γυναῖκα
1970 821 2091 888 αίχ-

537 899 801 969 μάλωτον,
843 899 934 950 καί
964 916 1124 968 φησιν
1145 917 1158 931 ο
1197 899 1514 966 Ἑπίφανον
1540 898 1604 950 τὸ
1636 899 1956 965 πρόσωπόν
1978 913 2092 950 σου

533 978 628 1029 ἐπὶ
660 975 724 1029 τὸ
764 976 1027 1044 ἀγίασμά
1051 993 1166 1030 σου
1187 994 1200 1008 ο
1235 977 1463 1039 κλῖνον,
1499 975 1530 1028 ὁ
1555 977 1698 1041 Θεός
1725 995 1864 1044 μου,
1894 975 1956 1028 τὸ
1985 970 2095 1041 οὖς

531 1071 670 1114 σου.
702 1054 798 1106 καὶ
827 1053 1122 1106 ι’ὶλιουσον⁸
1154 1054 1398 1118 ἄνοιξον
1418 1053 1557 1118 τοὺς
1586 1055 1931 1123 ὀφθαλμούς
1952 1067 2090 1118 σου,

535 1132 633 1185 καί
657 1131 746 1184 ἴδε
767 1132 870 1183 τὸν
893 1131 1234 1200 ἀφανισμὸν
1254 1133 1422 1201 ημῶν
1442 1133 1539 1185 καί
1573 1131 1682 1198 τῆς
1703 1131 1936 1199 πόλεώς
1954 1143 2093 1193 σου,

1155 316 1212 371 S.
1249 314 1534 375 JOANMS
1567 313 2049 372 CHRYSOSTOMI
2089 313 2409 372 ARCHIEP.
2443 313 2991 374 CONSTANTINOP.

2191 428 2315 501 δρου
2355 430 2761 500 διαλεγόμενος,
2799 433 2967 503 φησί’
3010 430 3119 486 Kal
3162 427 3289 483 ιδοὺ
3324 427 3532 498 τράγος
3573 425 3754 497 αίγῶν

2191 508 2402 576 ἤρχετο
2417 510 2534 563 ἀπὸ
2549 509 2714 574 λιϐὸς
2728 509 2822 562 ἐπὶ
2836 512 3154 578 πρόσωπον
3170 505 3275 573 τῆς
3289 505 3401 575 γῆς
3420 505 3646 572 πάσης,
3660 505 3752 559 καί

2191 587 2302 639 οὐκ
2339 583 2418 656 ἧν
2444 587 2774 656 ἁπτόμενος
2795 587 2905 654 τῆς
2933 587 3074 656 γῆς’
3106 585 3202 640 καὶ
3226 583 3304 648 τῷ
3329 583 3521 652 τράγῳ
3549 584 3752 645 ἐκείνῳ

2189 663 2363 732 κέρας
2387 666 2677 732 θεωρητόν
2698 666 2812 720 ἀνὰ
2835 667 3030 734 μέσον
3055 664 3172 719 τῶν
3201 661 3521 730 ὀφθαλμῶν
3545 661 3752 715 αὐτοῦ.

2190 737 2318 794 Εἶτα
2350 743 2519 811 λέγων
2548 745 2646 814 τὴν
2673 741 2946 813 συμϐολὴν
2970 742 3063 796 τοῦ
3101 739 3445 808 Ἀλεξάνδρου
3491 739 3592 809 τὴν
3620 739 3756 809 πρὸς

2187 820 2277 873 τὸν
2301 822 2520 892 Δαρεῖον
2545 821 2857 891 γενομένην,
2890 819 3040 889 λέγει
3065 819 3160 872 καὶ
3178 817 3272 888 τὴν
3293 817 3446 886 νίκην
3478 817 3580 887 τὴν
3611 816 3754 868 κατά

2187 901 2406 970 κράτος.
2438 898 2544 953 Kal
2567 895 2731 968 ἦλθε,
2755 901 2939 970 φησὶν,
2982 902 3016 953 ό
3051 897 3264 966 τράγος
3293 895 3402 960 ἕως
3430 896 3537 949 τοῦ
3582 894 3750 961 κριοῦ

2189 977 2294 1032 τοῦ
2330 977 2401 1030 τὰ
2429 977 2646 1044 κέρατα
2671 975 2939 1045 ἔχοντος,
2970 977 3067 1029 καί
3100 973 3379 1044 ὴγριώθη,
3416 971 3514 1026 καί
3538 973 3753 1026 ἔπαισε

2189 1057 2298 1111 τὸν
2340 1058 2506 1125 κριὸν
2556 1055 2656 1123 (δεῖ
2702 1056 2809 1128 7&9
2859 1055 3181 1125 ἐπιτεμεῖν),
3233 1053 3330 1106 καί
3381 1051 3755 1128 συνέτριψεν

2190 1137 2486 1205 ἀμφότερα
2535 1134 2610 1189 τὰ
2659 1127 2874 1204 κέρατα
2903 1133 3109 1195 αὑτοῦ,
3141 1132 3237 1185 καί
3269 1133 3379 1185 οὐκ
3411 1127 3490 1199 ἦν
3522 1133 3556 1182 ὁ
3585 1129 3748 1190 ἐξαι-

535 1210 626 1278 ἐφ’
649 1205 724 1278 ἧς
748 1208 1128 1277 ἐπικέκληται
1149 1211 1212 1263 τὸ
1234 1210 1417 1279 ὄνομά
1439 1225 1554 1262 σου
1580 1210 1670 1262 ἐπ’
1687 1207 1894 1275 αὐτῆς.
1926 1210 2100 1261 Ἐπει-
2183 1215 2476 1283 ρούμενος
2505 1213 2615 1268 τὸν
2663 1214 2831 1282 κριὸν
2879 1213 2946 1266 ἐκ
2995 1210 3191 1281 χειρὸς
3241 1208 3446 1266 αὐτοῦ,
3476 1208 3590 1261 Καὶ
3618 1206 3755 1277 μετά

533 1289 603 1358 δὴ
635 1289 741 1357 7&9
766 1287 892 1350 τοὺς
928 1287 1246 1358 ἀνθρώπους
1274 1286 1596 1354 περιελθὼν,
1631 1287 1821 1341 οὐδένα
1843 1286 1990 1358 ἐώρα
2011 1287 2099 1339 δυ-

535 1367 764 1436 νάμενον
799 1365 924 1418 ἵλεω
965 1367 1186 1437 ποιῆσαι
1213 1365 1306 1419 τὸν
1337 1365 1488 1427 Θεὸν,
1532 1366 1666 1434 πρὸς
1699 1366 1766 1419 τὰ
1817 1365 2099 1435 οἰκοδομή-

541 1463 686 1515 ματα
713 1443 1064 1511 καταφεύγει,
1095 1445 1188 1497 καὶ
1211 1447 1310 1516 τὴν
1343 1444 1498 1496 πόλιν
1519 1444 1686 1516 αὐτὴν
1713 1444 2095 1516 προϐάλλεται,

537 1523 632 1575 καὶ
678 1525 773 1590 τὴν
822 1521 1052 1592 ἐρημίαν
1093 1523 1261 1592 αὐτῆς
1303 1522 1666 1593 προτείνεται,
1693 1524 1786 1576 καὶ
1807 1524 1864 1574 ἐν
1890 1520 2098 1584 τούτοις

539 1599 842 1662 καταλύσας
861 1601 951 1652 τὸν
980 1600 1155 1668 λόγον,
1190 1600 1314 1652 ἵλεω
1335 1599 1426 1653 τὸν
1455 1599 1588 1654 Θεὸν
1617 1599 1866 1670 ἐποίησε·
1895 1599 1988 1651 καὶ
2007 1597 2098 1667 δῆ-

537 1679 626 1731 λον
655 1681 718 1730 ὲκ
748 1678 854 1732 τῶν
902 1677 1042 1748 ἑξῆς.
1097 1677 1233 1731 Ἀλλ’
1267 1679 1404 1750 ὅπερ
1437 1677 1651 1746 ἔλεγον⁶
1679 1677 1760 1731 δεῖ
1785 1677 1893 1746 7&9
1926 1676 2018 1729 ἐπὶ
2041 1675 2102 1728 τὸ

538 1758 890 1828 προκείμενον
940 1757 1100 1809 πάλιν
1143 1757 1485 1812 ἐπανελθεῖν⁹
1517 1759 1610 1811 καὶ
1654 1758 1763 1828 7&9
1791 1756 1884 1810 καὶ
1929 1755 2102 1808 ταῦτα

537 1835 932 1906 παρενέϐαλλον
953 1835 980 1874 ι)
1003 1836 1099 1905 οὐχ
1126 1835 1310 1899 άπλῶς
1329 1837 1446 1890 οὐδὲ
1477 1837 1600 1906 εἰκῆ
1635 1879 1649 1901 ,
1685 1835 1799 1888 ἀλλ’
1827 1834 1965 1887 ὥστε
2003 1851 2099 1902 μι-

535 1917 666 1987 κρὸν
690 1915 840 1984 ὑμῶν
861 1913 1224 1968 διαναπαῦσαι
1244 1915 1341 1985 τὴν
1361 1915 1596 1968 διάνοιαν
1615 1914 1722 1967 άπὸ
1739 1913 1843 1966 τῶν
1866 1911 2100 1981 συνεχῶν

536 1993 927 2062 ἀγωνισμάτων
950 1991 1250 2062 καμοῦσαν.
1276 1993 1410 2062 Φέρε
1431 1989 1522 2046 οῦν
1552 1993 1856 2060 ἐπανίωμεν
1876 1990 1995 2042 ὃθεν
2010 1988 2098 2053 ἐξ-

538 2073 634 2142 έϐη
645 2089 741 2141 μεν
766 2069 933 2124 ταῦτα
956 2071 1149 2133 εἰπεῖν,
1169 2070 1263 2124 καὶ
1285 2071 1543 2140 δείξωμεν
1567 2071 1635 2122 τά
1656 2069 1912 2140 μέλλοντα
1937 2085 2100 2120 κατα-

421 2203 428 2208 ,
537 2149 798 2222 λήψεσθαι
819 2150 943 2211 τοὺς
984 2149 1268 2212 Ἰουδαίους
1292 2150 1434 2202 κακὰ
1457 2147 1660 2202 ἄνωθεν
1691 2145 2098 2218 προηγορευμέ-

534 2247 602 2282 να
626 2241 646 2268 ε
675 2227 809 2298 μετὰ
831 2225 1109 2297 ἀκριϐείας
1139 2228 1375 2297 ἀπάσης.
1411 2225 1514 2278 Δύο
1548 2226 1644 2296 μὲν
1662 2225 1726 2296 δὴ
1753 2224 1953 2286 ταύτας
1978 2223 2099 2275 δουο

537 2306 684 2368 λείας
711 2308 738 2358 ὁ
766 2305 920 2372 λόγος
963 2303 1210 2370 ἀπέδειξε
1243 2304 1380 2375 μετά
1412 2303 1742 2374 προφητείας
1771 2299 2100 2362 ἐπελθούσας

538 2388 740 2447 αὐτοῖς,
769 2383 859 2436 καὶ
886 2383 983 2452 οὑχ
1005 2382 1334 2446 ἀπλῶς,ούδὲ
1369 2381 1805 2452 ἀπροσδοκήτως.
1840 2379 2099 2434 Λείπεται

533 2465 593 2518 δὲ
627 2463 811 2516 λοιπὸν
839 2461 935 2532 τὴν
964 2461 1154 2532 τρίτην
1195 2461 1588 2529 ἐπαγαγόντας,
1622 2460 1714 2511 καὶ
1743 2459 1870 2528 περὶ
1897 2457 2098 2528 ταύτης

536 2543 634 2612 τῆς
651 2541 743 2594 νῦν
773 2539 1102 2611 κατεχούσης
1131 2540 1326 2602 αὐτοὺς
1360 2541 1550 2602 εἰπεῖν,
1584 2538 1677 2590 καὶ
1705 2535 1869 2600 δεῖξαι
1893 2535 2096 2604 σαφῶς,

538 2619 654 2683 πῶς
677 2618 793 2671 οὐδὲ
809 2613 886 2680 εἷς
903 2620 1181 2689 προφήτης
1198 2614 1555 2686 ἐπηγγείλατό
1573 2631 1690 2668 τινα
1717 2613 1864 2666 λύσιν
1881 2613 2099 2666 ἔσεσθαι

534 2698 644 2752 τῶν
673 2696 1007 2767 κατεχόντων
1041 2697 1234 2758 αὐτοὺς
1262 2695 1443 2747 κακῶν
1484 2692 1605 2746 οὔτε
1634 2691 1967 2764 ἀπαλλαγήν.
2003 2695 2099 2757 Τίς

532 2772 628 2829 οὖν
657 2777 800 2828 ἐστιν
821 2772 1059 2845 ήτρίτη;
1095 2773 1157 2824 Ἠ
1192 2772 1282 2824 ἐπὶ
1331 2772 1600 2839 Ἀντιόχου
1630 2770 1722 2823 τοῦ
1752 2771 2096 2840 Ἐπιφανοῦς.

547 2853 763 2924 Ἐπειδὴ
792 2853 900 2922 γὰρ
938 2849 1276 2920 Ἀλέξανδρος
1304 2849 1332 2901 ὁ
1355 2848 1462 2900 τῶν
1484 2847 1808 2902 Μακεδόνων
1831 2847 2096 2916 βασιλεὺς,

536 2935 758 3002 Δαρεῖον
793 2929 881 2982 τὸν
912 2928 1019 2981 τῶν
1061 2929 1282 2996 Περσῶν
1301 2925 1521 2996 βασιλέα
1553 2926 1779 2991 ἀνελὼν,
1807 2929 1883 2989 εἰς
1909 2926 2099 2980 ἐαυτὸν

533 3011 632 3082 τήν
651 3008 821 3082 ἀρχὴν
836 3007 1173 3079 περιέστησε,
1191 3006 1602 3076 τελευτήσαντος
1619 3003 1827 3068 τούτου,
1840 3005 2099 3074 τέσσαρες

539 3079 655 3159 μετ’
689 3079 893 3142 ἐκεῖνον
918 3085 1202 3156 ἐγένοντο(1
1230 3085 1465 3155 βασιλεῖς
1483 3101 1495 3112 ·
1521 3079 1638 3136 εἶτα
1663 3083 1721 3148 ἐξ
1750 3084 1866 3146 ἐνὸς
1894 3083 2098 3136 τούτων

533 3168 644 3220 τῶν
692 3165 968 3235 τεσσάρων
1006 3166 1293 3234 γενόμενος
1339 3166 1366 3216 ό
1417 3162 1680 3232 Ἀντίοχος
1739 3162 1876 3233 μετά
1934 3163 2098 3216 πολὺν

536 3246 758 3316 ὕστερον
811 3243 1019 3314 χρόνον,
1053 3243 1113 3296 τό
1148 3259 1206 3295 τε
1264 3243 1407 3314 ἱερὸν
1452 3241 1739 3312 ἐνέπρησε,
1775 3242 1845 3294 τά
1885 3259 1942 3294 τε
1970 3241 2098 3310 ἀγια

535 3327 642 3378 τῶν
679 3325 844 3392 ἁγίων
871 3323 1152 3395 ἠρήμωσε,
1180 3321 1278 3386 τάς
1301 3339 1360 3375 τε
1399 3321 1587 3383 θυσίας
1614 3321 1850 3379 καθεῖλε.
1874 3321 1996 3386 τούς
2037 3339 2095 3374 τε

549 3403 826 3465 Ἰουδαίους
861 3400 1112 3467 ὑπέταξε,
1161 3401 1254 3454 καὶ
1302 3401 1399 3472 τὴν
1443 3398 1714 3453 πολιτείαν
1752 3400 1928 3453 αὐτῶν
1968 3415 2096 3452 κατ-

536 3479 725 3533 έλυσεν
760 3480 994 3532 ἃπασαν.

605 3556 670 3624 ζ’.
703 3556 811 3610 Καὶ
843 3556 1014 3610 ταῦτα
1037 3555 1388 3626 ἀπαντωμετ’
1413 3553 1694 3626 ἀκριϐείας
1725 3553 1960 3624 ἁπάσης,
2002 3556 2096 3608 καὶ

537 3636 698 3707 μέχρι
733 3636 859 3704 μιᾶς
893 3632 1107 3702 ἡμέρας
1141 3633 1508 3704 προηγόρευτο
1556 3633 1708 3701 παρὰ
1739 3630 1832 3683 τοῦ
1873 3633 2090 3702 Δανιὴλ,

535 3715 628 3767 καὶ
659 3715 785 3767 πότε
826 3715 998 3776 ἔσται,
1031 3713 1124 3764 καὶ
1169 3712 1306 3775 πῶς,
1341 3710 1436 3764 καὶ
1469 3711 1617 3781 παρὰ
1653 3711 1819 3773 τίνος,
1866 3713 1959 3764 καὶ
1990 3713 2093 3765 τίνι

532 3793 736 3863 τρόπῳ,
768 3792 859 3845 καὶ
889 3790 990 3843 ποῦ
1014 3790 1344 3861 τελευτήσει,
1378 3788 1471 3842 καὶ
1499 3789 1620 3841 τίνα
1664 3788 1890 3859 λήψεται
1929 3807 2094 3860 μετα-

531 3871 713 3941 ϐολήν.
741 3869 959 3924 Είσεσθε
987 3869 1042 3922 δὲ
1073 3869 1421 3940 σαφέστερον,
1449 3868 1779 3931 ἀκούσαντες
1803 3869 1972 3939 αὐτῆς
1997 3871 2094 3941 τῆς

531 3950 790 4020 ὁράσεως,
820 3949 885 4018 ἢν
917 3947 1003 4000 διὰ
1034 3943 1346 4017 παραϐολῆς
1385 3949 1517 4017 ημῖν
1549 3949 1577 4000 ό
1606 3949 1890 4018 προφήτης
1923 3949 2095 4018 ἀπήγ-

531 4027 700 4096 γειλε,
754 4027 904 4096 κριὸν
954 4026 1050 4096 μὲν
1101 4025 1278 4076 καλῶν
1323 4025 1412 4077 τὸν
1445 4025 1553 4077 τῶν
1586 4026 1808 4094 Περσῶν
1847 4025 2089 4094 βασιλέα,

530 4107 623 4158 τὸν
655 4107 894 4175 Δαρεῖον,
928 4104 1127 4172 τράγον
1170 4101 1248 4152 δὲ’
1275 4101 1364 4152 τὸν
1409 4101 1515 4154 τῶν
1555 4101 1818 4173 Ἐλλήνων
1848 4103 2089 4173 βασιλέα,

546 4181 886 4251 Ἀλέξανδρον
931 4180 1072 4247 λέγω
1117 4179 1205 4230 τὸν
1244 4177 1547 4242 Μακεδόνα,
1601 4177 1838 4250 τέσσαρα
1886 4181 2090 4251 κέρατα

532 4263 655 4323 τοὺς
703 4262 815 4329 μετ’
840 4260 1042 4310 ἐκεῖνον
1083 4257 1419 4318 ἀναστάντας
1449 4256 1695 4327 ὕστερον,
1727 4259 1892 4330 κέρας
1922 4258 2088 4313 ὕστα-

529 4355 621 4392 τον
665 4337 825 4390 αὑτὸν
867 4338 956 4390 τὸν
1001 4336 1266 4404 Ἀντίοχον
1287 4345 1310 4372 θ
1345 4335 1541 4388 καλῶν.
1573 4335 1784 4388 Μᾶλλον
1824 4335 1878 4388 δὲ
1921 4337 2089 4407 αὐτῆς

532 4417 737 4488 βέλτιον
762 4415 1121 4495 ἀκοῦσαι-τῆς
1149 4409 1626 4495 ὁράσεως-Εἶδον
1647 4415 1786 4495 γὰρ,
1814 4415 1995 4484 φησὶν,
2021 4416 2092 4469 ἐν

530 4496 794 4563 ὁράματι,
842 4492 938 4548 καὶ
987 4493 1148 4562 ἤμην
1189 4493 1288 4545 ἐπὶ
1344 4493 1449 4546 τοῦ
1502 4492 1732 4546 Οὐϐιὶλ·
1764 4495 1924 4546 τόπον
1970 4495 2092 4548 τινὰ

530 4577 772 4646 Περσικῇ
815 4576 964 4644 φωνῇ
987 4571 1165 4626 καλῶν
1198 4571 1399 4634 οὕτως·
1433 4573 1529 4626 καὶ
1551 4569 1665 4642 ἦρα
1693 4572 1836 4637 τοὺς
1870 4574 2092 4642 ὀφθαλ-

523 4655 680 4722 μούς
709 4672 848 4722 μου,
884 4653 982 4705 καὶ
1011 4648 1194 4716 εἶδον,
1223 4651 1322 4704 καὶ
1345 4651 1493 4714 ἰδοὺ,
1527 4651 1688 4720 κριὸς
1713 4647 1800 4714 εἷς
1825 4651 2091 4719 έστηκὼς

527 4736 637 4799 πρὺ
668 4733 771 4786 τοῦ
805 4734 1024 4794 Οίνϐίιλ,
1046 4730 1143 4783 καὶ
1173 4728 1331 4794 αὐτῷ
1356 4729 1571 4797 κέρατα
1595 4730 1806 4798 ὑψηλὰ
1832 4729 1874 4794 ί,
1904 4731 2001 4782 καὶ
2025 4731 2090 4784 τὸ

523 4811 596 4865 ἒν
624 4814 1001 4880 ὑψηλότερον
1043 4809 1148 4863 τοῦ
1180 4810 1404 4874 ἐτέρου,
1447 4809 1543 4862 καὶ
1583 4810 1649 4861 τὸ
1692 4809 1942 4877 ὑψηλὸν
1984 4809 2090 4862 ἀν-

523 4891 760 4944 έϐαινεν
783 4892 872 4944 ἐπ’
897 4888 1188 4959 ἐσχάτων.
1222 4888 1368 4959 [659]
1412 4889 1519 4941 Kal
1559 4885 1724 4941 εἶδον
1771 4889 1877 4940 τὸν
1920 4887 2088 4954 κριὸν

523 4969 896 5039 κερατίζοντα
928 4969 1079 5022 κατὰ
1117 4966 1437 5021 θάλασσαν
1477 4967 1574 5020 καὶ
1613 4966 1846 5034 βορῤᾶν
1876 4967 1973 5019 καὶ
2000 4966 2093 5018 νό-

524 5067 651 5115 τον,
685 5051 781 5104 καὶ
813 5048 1008 5102 πάντα
1036 5050 1107 5100 τὰ
1137 5047 1308 5114 θηρία
1352 5047 1424 5099 οὐ
1472 5044 1802 5111 στήσονται
1833 5043 2088 5096 ἐνώπιον

524 5128 730 5192 αὐτοῦ,
763 5128 858 5180 καί
893 5129 1002 5180 οὐκ
1029 5122 1108 5194 ἦν
1131 5128 1163 5180 ό
1188 5124 1608 5192 ἐξαιρούμενος
1652 5123 1721 5175 ἐκ
1770 5122 1967 5190 χειρὸς
1989 5124 2089 5173 αὺ-

525 5209 665 5263 τοῦ’
718 5209 816 5262 καὶ
864 5209 1112 5272 ἐποίησε
1165 5205 1314 5256 κατά
1362 5205 1426 5256 τὸ
1465 5206 1694 5270 θέλημα
1735 5201 1942 5265 αὑτοῦ,
1989 5202 2085 5254 καί

525 5289 889 5356 ἐμεγαλύνθη
911 5303 923 5316 ·
969 5285 1066 5338 καί
1102 5283 1216 5354 ἐγὼ
1243 5283 1402 5352 ἤμην
1448 5283 1692 5337 συνιών.
1723 5281 1831 5351 Τήν
1863 5279 2088 5351 δύναμιν

525 5364 670 5432 λέγει
705 5367 805 5437 τὴν
847 5365 1139 5435 Περσικήν,
1195 5364 1287 5416 καὶ
1327 5361 1424 5433 τὴν
1471 5362 1664 5431 ἀρχὴν.
1706 5361 1738 5429 ἢ
1775 5361 1954 5412 πᾶσαν
1991 5363 2088 5412 ἐπ-

525 5444 724 5515 έδραμε
754 5445 850 5515 τὴν
875 5445 998 5514 γῆν.
1051 5440 1182 5496 Εἶτα
1216 5443 1343 5512 περὶ
1373 5440 1467 5494 τοῦ
1499 5438 1802 5502 Μακεδόνος
1847 5437 2089 5502 Ἀλεξάν-

589 5536 614 5562 ⁸
642 5536 737 5583 Alii
763 5534 941 5580 δίκαιον
965 5533 1216 5594 σωτηρίας.

585 5595 613 5634 1)
637 5596 730 5642 Alii
749 5596 1078 5656 παρενέϐαλον.

591 5661 612 5687 ε
641 5647 856 5714 ριιειυόι·
877 5669 988 5702 mss.
1012 5652 1491 5715 προαναγορευόμενα,
1519 5649 1630 5699 Mox
1658 5649 1779 5708 hac,
1805 5649 1920 5711 μετά
1951 5647 2084 5711 ἀκρι-

520 5711 873 5773 ϐείαςὰπάο-ης,
897 5711 1075 5762 desunl
1096 5716 1144 5761 in
1165 5711 1386 5760 séx'lnss.

583 5782 608 5821 δ
641 5780 734 5826 Mli
760 5779 876 5837 μετά
893 5774 1058 5823 τοῦτον
1082 5776 1306 5837 ἐγένοντο.

589 5856 613 5882 o
637 5837 735 5886 Alii
760 5833 954 5897 ὕστερον
974 5838 1111 5895 κέρας
1132 5836 1197 5891 ἓν,
1219 5833 1581 5897 αύτὸντὸνἋντ.
1598 5835 1678 5897 Sic
1702 5834 1809 5883 Sav.
1826 5835 1999 5882 omisso
2014 5835 2076 5881 ἓν.

589 5899 611 5940 ί
633 5899 732 5951 Δίῇ
750 5900 827 5946 καὶ
848 5895 975 5960 αῦτῷ
997 5897 1169 5957 κέρατα
1192 5896 1269 5941 καὶ
1292 5898 1464 5957 κέρατα
1483 5895 1655 5957 ὑψηλά,

2190 1294 2360 1348 ταῦτα
2381 1292 2552 1361 λέγων
2579 1293 2678 1364 τὴν
2703 1293 2954 1362 τελευτὴν
2994 1289 3357 1358 Ἀλεξάνδρου,
3388 1287 3478 1340 καὶ
3506 1287 3608 1356 τὴν
3636 1285 3743 1337 τῶν

2193 1373 2470 1444 τεσσάρων
2498 1371 2760 1441 βασιλέων
2799 1370 3066 1441 διαδοχὴν,
3083 1368 3188 1422 Kal
3236 1368 3306 1420 ἐν
3328 1365 3406 1444 τῷ
3441 1366 3698 1444 ἰσχῦσαι
3721 1373 3747 1412 ς

2192 1451 2396 1517 αὐτὸν,
2411 1451 2562 1520 φησὶ,
2583 1451 2897 1518 συνετρίϐη
2915 1452 2975 1502 τὸ
2993 1448 3170 1516 κέρας
3183 1443 3367 1499 αὑτοῦ
3381 1444 3445 1497 τὸ
3453 1443 3632 1513 μέγα,
3655 1444 3755 1496 καί

2194 1529 2376 1597 ἀνέϐη
2409 1529 2578 1596 ἕτερα
2607 1528 2874 1596 τέσσαρα
2904 1526 3118 1595 κέρατα
3150 1523 3533 1579 ὑποκάτωθεν
3561 1522 3756 1575 αὺτοῦ

2196 1609 2345 1662 κατὰ
2370 1607 2508 1674 τοὺς
2544 1608 2846 1675 τέσσαρας
2885 1605 3142 1675 ἀνέμους
3178 1602 3284 1657 τοῦ
3327 1600 3614 1670 οὐρανοῦ.
3648 1601 3757 1652 Ἐν-

2195 1687 2381 1741 τεῦθεν
2405 1687 2589 1740 λοιπὸν
2611 1688 2702 1739 ἐπὶ
2721 1688 2818 1756 τὴν
2853 1684 3118 1754 Ἀντιόχου
3147 1681 3419 1753 βασιλείαν
3439 1679 3638 1740 ἐλθὼν,
3662 1680 3756 1731 καὶ

2195 1766 2402 1828 δεικνὺς
2421 1766 2501 1818 ὅτι
2525 1765 2584 1830 ἐξ
2608 1765 2723 1828 ἐνὸς
2742 1764 2959 1818 ἐκείνων
2980 1764 3086 1814 τῶν
3113 1762 3390 1831 τεσσάρων
3405 1759 3553 1812 ἐστὶν
3572 1799 3588 1821 ,
3615 1757 3758 1809 οὕτω

2196 1843 2312 1908 πώς
2338 1861 2500 1914 φησι·
2523 1844 2633 1897 Kal
2654 1844 2721 1896 ἐκ
2738 1843 2843 1896 τοῦ
2861 1841 2996 1907 ἐνὸς
3016 1838 3214 1894 αὐτῶν
3231 1837 3446 1906 ἐξῆλθε
3480 1837 3657 1904 κέρας
3689 1834 3756 1888 ἓν

2198 1921 2468 1990 ἰσχυρὸν,
2525 1921 2622 1974 καὶ
2665 1920 3033 1990 ἐμεψλύνθη
3088 1916 3391 1984 περισσῶς
3441 1915 3595 1982 πρὸς
3649 1914 3757 1965 τὸν

2194 2004 2372 2056 νότον
2400 2000 2498 2054 καί
2529 1999 2676 2068 πρὸς
2696 1998 3017 2067 ἀνατολήν.
3040 1998 3149 2050 Καὶ
3173 1995 3346 2066 δηλῶν
3369 1996 3448 2048 ὅτι
3478 1993 3578 2064 τήν
3622 1994 3754 2046 Ἰου-

2194 2078 2380 2150 δαῖκὴν
2412 2079 2625 2132 καθεῖλε
2669 2076 2960 2142 πολιτείαν,
2992 2077 3155 2144 φησί·
3188 2072 3294 2129 Kal
3325 2071 3399 2126 δι’
3431 2072 3625 2124 αὐτὸν
3649 2073 3751 2150 θυέ

2195 2157 2301 2210 σία
2339 2149 2631 2225 ἐταράχθη
2681 2154 3122 2224 παραπτώματι.
3168 2151 3279 2206 Kal
3331 2150 3614 2220 ἐγενήθη,
3656 2149 3755 2202 καί

2196 2234 2579 2302 κατευωδώθη
2620 2233 2800 2298 αὐτῷ.
2834 2233 2942 2287 Kal
2986 2232 3051 2285 τὸ
3093 2231 3263 2301 ἅγιον
3284 2227 3756 2300 ἐρημωθήσεται,

2196 2315 2292 2368 καί
2325 2314 2501 2382 ἐδόθη
2527 2313 2624 2366 ἐπὶ
2653 2313 2768 2380 τὴν
2796 2313 3013 2367 θυσίαν
3045 2311 3315 2380 ἁμαρτία.
3361 2309 3472 2363 Τοῦ
3512 2308 3627 2376 τὰρ
3647 2308 3758 2370 ,ϐω-

2188 2395 2346 2464 μοῦιι
2375 2391 2838 2462 καθαιρεθέντος,
2880 2391 2980 2444 καὶ
3024 2388 3142 2442 τῶν
3187 2387 3367 2458 ἁγίων
3411 2402 3757 2450 καταπατη-

2194 2473 2433 2538 θέντων,
2461 2471 2709 2526 εἴδωλον
2739 2471 3000 2538 ἔστησεν
3031 2467 3226 2532 ἔνδον,
3264 2466 3360 2520 καί
3387 2466 3606 2530 θυσίας
3650 2465 3758 2516 ἑπ-

2193 2555 2383 2608 ετέλει
2402 2553 2525 2618 τοῖς
2543 2553 2781 2622 δαίμοσι
2797 2550 3197 2618 παρανόμους,
3216 2549 3311 2602 καί
3337 2547 3548 2615 ἐρρίφη
3571 2546 3755 2622 χαμαὶ

2195 2636 2234 2702 η
2255 2634 2623 2702 δικαιοσύνη.
2639 2620 2755 2685 Kal
2779 2629 3047 2696 ἐποίησε,
3079 2629 3172 2681 καί
3206 2625 3498 2693 εὐωδώθη.
3532 2620 3670 2678 Εἶτα
3697 2625 3758 2675 ἐκ

2195 2697 2444 2784 δευτέρου
2463 2697 2624 2766 πάλὶν
2638 2710 2804 2782 αὐτὴν
2819 2707 3021 2778 ταύτην
3043 2708 3141 2778 τὴν
3162 2705 3434 2784 βασιλείαν
3445 2704 3645 2784 λέγων,
3662 2703 3757 2784 τὴν

2208 2780 2482 2861 Ἀντιόχου
2508 2789 2603 2842 τοῦ
2643 2780 2987 2857 Ἐπιφανοῦς,
3016 2787 3110 2839 καὶ
3129 2784 3227 2856 τὴν
3251 2782 3650 2853 αἰχμαλωσίαν,
3665 2780 3754 2833 καὶ

2194 2873 2292 2942 τὴν
2323 2870 2540 2932 ἅλωσιν,
2572 2869 2666 2922 καὶ
2701 2870 2800 2938 τὴν
2847 2867 3122 2938 ἐρήμωσιν
3166 2863 3262 2918 τοῦ
3297 2862 3465 2933 ἱεροῦ,
3512 2862 3610 2914 καὶ
3658 2861 3754 2942 τὸν

2195 2941 2382 3022 χρόνον
2416 2947 2787 3020 προστίθησιν,
2833 2947 3159 3018 Ἀρξάμενος
3193 2943 3432 3022 γὰράπὸ
3461 2941 3561 3013 τῆς
3604 2941 3757 3022 3n;—

2195 3019 2419 3101 ξάνδρου
2456 3019 2747 3098 βασιλείας,
2783 3025 2944 3080 πάλιν
2991 3041 3049 3076 τε
3091 3023 3223 3096 πρὸς
3253 3021 3328 3094 τῷ
3356 3022 3498 3076 τέλει
3547 3019 3645 3074 τοῦ
3681 3020 3734 3090 βι

2195 3111 2342 3164 σλίου
2395 3107 2485 3163 καὶ
2532 3105 2602 3159 τὰ
2653 3105 2852 3176 μεταξὺ
2895 3103 3072 3158 πάντα
3123 3103 3538 3173 διηγησάμενος,
3570 3101 3674 3154 ὅσα
3709 3103 3760 3153 οι

2194 3184 2640 3258 Πτολεμαῖοικαὶ
2684 3185 2732 3238 οἱ
2785 3184 3038 3237 Σέλευκοι
3098 3181 3456 3254 συρραγέντες
3504 3179 3756 3249 ἀλλήλοις

2193 3269 2474 3338 ἐποίησαν,
2497 3264 2592 3318 καὶ
2611 3265 2659 3316 οί
2689 3262 2979 3334 στρατηγοὶ
3011 3261 3210 3316 τούτων
3245 3263 3290 3315 εί
3300 3262 3436 3331 ργάσ
3449 3277 3601 3323 αντο,
3628 3263 3755 3322 τοὺς

2191 3347 2392 3410 δόλους,
2439 3344 2538 3409 τὰς
2582 3343 2760 3406 νίκας,
2798 3351 2896 3406 τας
2931 3342 3242 3412 στρατείας,
3276 3342 3372 3404 τὰς
3419 3340 3755 3410 ναυμαχίας,

2190 3428 2286 3489 τὰς
2318 3423 2686 3495 πεζομαχίας
2720 3421 2919 3494 προῖὼν
2948 3425 3026 3486 είς
3067 3421 3353 3490 Ἀντίοχον,
3387 3421 3615 3490 τελευτᾷ
3645 3420 3753 3472 πά-

2190 3508 2272 3561 λιν
2301 3508 2347 3569 ί,
2375 3505 2468 3559 καί
2509 3520 2640 3574 φησι
2659 3519 2672 3532 ο
2705 3502 3025 3570 Βραχίονες
3052 3500 3119 3564 ἐξ
3150 3498 3336 3554 αὐτοῦ
3367 3499 3754 3563 ἀναστήσονο

2190 3604 2304 3651 ται,
2335 3584 2433 3640 καί
2461 3579 2884 3648 ,βεϐηλώσουσι
2914 3581 2977 3634 τὸ
3013 3580 3295 3650 ἀγίασμα,
3323 3580 3420 3632 καὶ
3453 3579 3754 3647 μεταστή-

2191 3680 2372 3722 σουσι
2399 3662 2505 3716 τὸν
2535 3659 2995 3728 ἐνδελεχισμόν·
3028 3657 3397 3728 ἐνδελεχισμὸν
3433 3657 3609 3726 λέγων
3648 3657 3748 3720 τὰς

2193 3745 2432 3814 συνεχεῖς
2455 3739 2642 3803 θυσίας
2663 3739 2760 3804 τὰς
2790 3737 3159 3809 καθημερινάς
3177 3755 3189 3768 ·
3217 3738 3311 3790 καὶ
3333 3736 3643 3790 δώσουσιν
3663 3739 3751 3800 είς

2190 3823 2376 3878 αὐτὸν
2389 3819 2723 3889 βδέλυγμα,
2757 3817 2855 3872 καὶ
2880 3816 3020 3883 τοὺς
3043 3816 3412 3884 ἀνομοῦντας
3431 3814 3754 3880 διαθήκην,

2189 3901 2442 3956 τουτέστι
2479 3899 2606 3961 τοὺς
2661 3896 3094 3968 παραϐαίνοντας
3151 3895 3258 3948 τῶν
3302 3895 3586 3957 Ἰουδαίων,
3645 3895 3754 3948 ἀπ-

2192 3980 2444 4045 άξουσιν
2484 3977 2552 4029 ἐν
2589 3976 2975 4044 ὀλισθήμασι,
3011 3975 3102 4027 καὶ
3130 3973 3246 4044 μεθ’
3279 3973 3481 4026 ἐαυτῶν
3545 3972 3749 4038 ἕξουσι,

2191 4060 2284 4113 καὶ
2315 4055 2732 4129 μεταστήσουσι,
2754 4053 2852 4107 καί
2877 4057 2909 4108 ό
2927 4053 3074 4118 λαός
3093 4055 3124 4105 ό
3146 4052 3449 4120 γινώσκων
3466 4050 3574 4103 τίεν
3605 4051 3749 4104 Θεὸν

2189 4137 2376 4194 αὐτοῦ
2411 4134 2851 4204 κατισχύσουσι
2869 4151 2884 4165 ο
2919 4133 2984 4186 τὰ
3007 4132 3098 4184 ἐπὶ
3127 4131 3234 4183 τῶν
3262 4129 3634 4183 Μακκαὸαίων
3661 4129 3746 4181 λέ-

2189 4234 2297 4286 γει,
2327 4215 2395 4268 τὰ
2420 4215 2512 4266 ἐπὶ
2551 4213 2719 4266 Ἰούδα
2749 4211 2842 4265 καὶ⁷
2865 4211 3104 4282 Σίμωνος
3133 4211 3225 4264 καὶ
3267 4211 3536 4263 Ἰωάννου·
3571 4209 3670 4261 καὶ
3697 4211 3751 4260 οι

2191 4292 2432 4348 συνετοὶ
2469 4291 2622 4345 λαοῦ
2649 4290 3035 4356 συνήσουσιν
3068 4291 3154 4356 εἰς
3183 4289 3399 4352 πολλὰ,
3429 4287 3528 4340 καὶ
3568 4288 3749 4341 ἀσθε-

2191 4373 2495 4439 νήσουσιν
2517 4372 2586 4423 ἐν
2599 4371 2866 4440 ῥομφαίᾳ
2895 4368 2994 4422 καί
3030 4368 3100 4421 ἐν
3142 4371 3321 4437 φλογί
3337 4385 3351 4397 ο
3400 4366 3491 4418 τὸν
3537 4367 3748 4435 ἐμπρη-

2193 4451 2328 4522 σμὸν
2356 4451 2454 4520 τῆς
2477 4448 2684 4511 πόλεως
2720 4447 2880 4501 πάλιν
2903 4447 3251 4515 διηγούμενος
3273 4461 3289 4476 ⁸
3323 4444 3420 4499 καὶ
3539 4446 3750 4522 αἰχμα-

2189 4521 2402 4598 λωσίᾳ,
2441 4529 2538 4582 xal
2592 4528 2660 4581 ἐν
2713 4524 3008 4594 διαρπαγῇ
3064 4523 3332 4594 ἡμερῶν-ο
3390 4521 3488 4575 καί
3539 4522 3612 4574 ἐν
3668 4521 3749 4585 τῷ

2189 4607 2521 4675 ἀσθενῆσαι
2575 4605 2796 4670 αὐτοὺς
2843 4603 3256 4672 ,βοηθήσονται
3332 4599 3621 4666 βοήθειαν
3656 4619 3746 4668 μι-

2190 4688 2364 4758 κράνο
2414 4684 2690 4756 ἐμφαίνων
2733 4684 2818 4736 ὅτι
2867 4682 3065 4753 μεταξὺ
3113 4681 3221 4734 τῶν
3284 4679 3462 4734 κακῶν
3523 4679 3749 4731 ἐκείνων

2188 4769 2502 4837 δυνήσονται
2533 4762 2864 4818 ἀναπνεῦσαι
2908 4765 2999 4815 καὶ
3027 4759 3175 4832 [640]
3201 4761 3506 4827 ἀνενεγκεῖν
3546 4760 3608 4810 ἐκ
3639 4758 3747 4810 τῶν

2189 4836 2584 4915 κατειληφότων
2613 4841 2807 4905 αὐτοὺς
2835 4841 3020 4893 δεινῶν
3041 4856 3053 4868 ·
3091 4840 3189 4892 καί
3231 4836 3747 4907 προστεθήσονται

2189 4926 2334 4996 πρὸς
2359 4923 2577 4989 αὐτοὺς
2601 4922 2818 4976 πολλοὶ
2856 4921 2924 4973 ἐν
2948 4918 3453 4996 ὀλισθςήμασιηκαὶ
3477 4917 3597 4996 ἀπὸ
3629 4915 3748 4969 τῶν

2188 4994 2520 5058 συνιόντων
2549 4996 2980 5064 ἀσθενήσουσι.
3017 4994 3200 5049 Ταῦτα
3225 4995 3280 5048 δὲ
3318 4995 3466 5062 ἔλεγε
3504 4995 3745 5056 δεικνὺς,

2187 5083 2268 5135 δτι
2317 5079 2498 5133 πολλοί¹
2539 5079 2634 5132 καὶ
2669 5077 2776 5129 τῶν
2834 5075 3079 5128 ἑστώτων
3112 5073 3416 5126 πεσοῦνται.
3444 5069 3576 5126 Εἶτα
3612 5074 3746 5140 φησι

2188 5162 2281 5212 καὶ
2311 5160 2409 5227 τὴν
2447 5156 2643 5220 αἰτίαν,
2683 5153 2746 5207 δι’
2779 5155 2844 5225 ἣν
2883 5151 3256 5222 συνεχώρησεν
3299 5151 3493 5227 αὐτοὺς
3535 5152 3563 5202 ό
3611 5149 3744 5210 Θεὸς

2190 5239 2245 5290 ἐν
2273 5225 2542 5296 τοσούτοις
2564 5231 2812 5302 γενέσθαι
2840 5234 3046 5292 κακοῖς.
3070 5230 3165 5291 Τίς
3188 5228 3243 5280 δέ
3267 5228 3412 5280 ἐστιν
3434 5225 3571 5292 αῦτη
3593 5242 3606 5290 ;
3637 5227 3745 5280 Τοῦ

2188 5311 2476 5379 πυρῶσαι,
2512 5310 2695 5380 φησιν,
2729 5307 2951 5373 αὐτοὺς
2969 5304 3067 5359 καί
3101 5303 3206 5358 τοῦ
3231 5304 3610 5370 ἐκλέξασθαι,
3645 5305 3742 5355 καί

2186 5390 2292 5444 τοῦ
2327 5387 2682 5443 ἐκλευκᾶναι
2731 5385 2842 5452 ἕως
2885 5382 3091 5453 καιροῦ
3123 5381 3391 5449 πέρατος.
3423 5382 3522 5434 Διά
3575 5381 3747 5434 ταῦτα

2186 5470 2312 5540 γὰρ,
2344 5468 2494 5538 φησὶ,
2522 5461 2896 5533 συνεχώρησεν
2930 5464 2959 5514 ὁ
2986 5460 3136 5524 Θεὸς,
3168 5459 3306 5540 ὥστε
3334 5459 3530 5540 αὐτοὺς
3578 5461 3745 5540 ἐκκα-

2186 5535 2368 5618 θᾶραι,
2400 5535 2494 5598 καὶ
2523 5543 2690 5606 δεῖξαι
2719 5543 2842 5602 τοὺς
2872 5539 3125 5609 δοκίμους
3149 5537 3274 5599 τοὺς
3295 5539 3350 5589 ἐν
3375 5537 3581 5598 αὐτοῖς.
3614 5535 3744 5589 Εἶτα

2184 5615 2533 5695 διηγούμενος
2570 5623 2666 5673 τοῦ
2714 5618 2974 5688 βασιλέως
3001 5618 3100 5688 τὴν
3137 5615 3368 5684 δύναμιν
3410 5615 3577 5668 αὑτοῦ
3607 5616 3743 5668 ἐκεῖ.

2255 5710 2278 5747 ε
2307 5709 2522 5766 Quatuor
2543 5717 2658 5752 mss.
2671 5702 2909 5766 διαδοχήν·
2925 5700 3084 5766 ἐπάγει
3105 5699 3357 5766 λέγων,καὶ
3377 5699 3512 5766 ἐν.τῷ
3533 5697 3741 5759 ἰσχῦσαι.

2248 5768 2277 5807 h
2299 5757 2498 5816 ﬁlurimi
2521 5779 2633 5812 mss.
2656 5757 2878 5824 ἁμαρτία,
2900 5764 3001 5815 πῶς
3015 5757 3035 5818 ς’
3066 5759 3150 5808 τοῦ
3168 5757 3259 5824 γάρ
3281 5757 3462 5824 βωμοῦ.

2255 5831 2266 5867 i
2301 5832 2447 5876 Πάλιν
2492 5829 2634 5874 deest
2660 5822 2708 5872 in
2733 5822 3016 5884 q'uibusdam
3058 5834 3178 5868 mss.-
3222 5822 3371 5884 l’aulo
3403 5826 3518 5884 posl
3554 5825 3741 5884 septem

2188 5905 2298 5940 mss.
2325 5891 2484 5943 θυσίας
2507 5890 2588 5943 τὰς
2609 5882 2927 5948 καθημερινάς.
2960 5884 3238 5947 (Legebatur
3266 5883 3423 5936 θυσίας
3446 5882 3528 5929 καὶ
3552 5882 3741 5942 xm.)

3649 313 3750 369 891
3807 311 3820 328 "
