3920 6236
154 368 267 423 893

144 494 226 533 sic
255 488 317 534 et
347 493 445 534 nos
485 478 647 533 libera
681 493 708 531 a
738 481 1085 549 praesentibus
1126 480 1278 535 malis
1300 490 1530 551 .propter
1561 479 1727 533 solam

146 569 449 625 bonitatem
477 582 617 625 tuam
639 587 762 642 erga
782 588 947 639 genus
969 573 1261 626 hominum.
1302 570 1431 625 Nam
1457 570 1599 627 aliud
1625 571 1733 625 nul-

146 661 257 713 lum
287 662 548 716 habemus
590 662 674 731 jus
718 663 993 733 Sper-undae
1035 663 1235 718 salutis.
1278 662 1402 717 Hmc
1443 663 1728 729 loquutus,

146 753 427 818 ttntlmque
467 751 820 815 lamentatus,
862 768 980 805 mox
1017 751 1217 806 inducit
1259 752 1424 821 ipsam
1466 751 1731 805 civitatem

144 858 249 899 ceu
282 844 562 898 mulierem
590 844 818 913 aliquam
844 846 1101 913 captivam
1127 885 1141 909 ,
1174 852 1227 897 et
1256 844 1329 896 ait
1360 860 1372 895 :
1410 841 1628 896 Ostende
1654 842 1735 909 fa-

144 938 277 989 cient
300 946 441 989 tuam
460 953 609 1003 super
628 938 965 989 sanctuarium
984 946 1141 998 tuum,
1160 936 1346 988 inclina
1369 951 1541 987 aurem
1571 944 1729 997 tuam,

147 1027 294 1080 Deus
314 1044 453 1080 meus
482 1038 528 1081 et
554 1024 694 1093 andi,
722 1028 865 1097 aperi
889 1028 1058 1080 oculos
1085 1035 1215 1091 tuos,
1250 1036 1296 1080 et
1322 1026 1435 1079 vide
1478 1026 1734 1078 interitum

145 1127 384 1171 nostrum
418 1118 726 1186 civitatisque
759 1127 856 1170 tua:
876 1160 887 1176 ,
915 1118 967 1169 in
1006 1133 1105 1185 qua
1143 1116 1423 1170 invocatum
1449 1125 1519 1169 est
1557 1116 1735 1167 nomen

148 1218 296 1260 tuum
325 1219 555 1261 sanctum
580 1208 600 1277 (
625 1208 758 1260 Dan.
787 1208 840 1262 9.
866 1208 951 1264 17.
986 1208 1052 1262 18
1074 1208 1111 1276 ).
1139 1207 1484 1276 Posteaquam
1512 1206 1736 1258 circum-

150 1299 355 1365 spectis
392 1299 691 1352 hominibus
721 1298 987 1353 neminem
1020 1297 1186 1361 vidit,
1219 1296 1307 1367 qui
1351 1304 1532 1366 posset
1572 1296 1733 1349 Deum

148 1392 385 1448 reddere
417 1392 701 1463 propitium
730 1409 746 1445 :
772 1391 838 1445 ad
868 1390 1090 1445 a'dilicia
1116 1389 1367 1460 confugit,
1394 1399 1447 1443 et
1470 1387 1733 1442 civitatem

152 1484 328 1551 ipsam
357 1482 539 1551 objicit
563 1524 577 1547 ,
602 1482 820 1552 ejusque
845 1480 1233 1536 desolationem
1264 1479 1409 1550 ponit
1434 1478 1505 1533 ob
1529 1476 1733 1541 oculos,

151 1585 318 1644 atque
344 1576 395 1628 in
425 1575 507 1628 his
536 1574 681 1629 linito
706 1589 953 1629 sermone
975 1615 990 1638 ,
1020 1574 1181 1628 Deum
1218 1573 1499 1642 propitium
1540 1570 1733 1627 reddit.

153 1666 212 1720 Id
244 1666 680 1736 perspicuumest
696 1681 764 1721 ex
788 1665 851 1721 iis
884 1680 1001 1734 qua:
1039 1672 1349 1734 sequuntur.
1376 1663 1568 1719 Verum
1596 1661 1735 1732 quod

151 1757 404 1813 dicebam
436 1776 449 1811 :
481 1765 691 1828 oportet
719 1756 858 1812 enim
896 1756 964 1811 ad
986 1756 1055 1811 id
1094 1755 1233 1825 quod
1263 1763 1379 1809 erat
1409 1755 1735 1824 propositum

151 1848 353 1903 reverti
374 1866 389 1914 ;
409 1849 603 1903 etenim
626 1849 740 1903 hch
764 1848 936 1902 obiter
961 1847 1230 1917 interjecta
1247 1854 1392 1913 sunt,
1415 1862 1518 1901 non
1541 1846 1738 1899 frustra

152 1954 333 2008 neque
373 1951 573 1995 temere
596 1980 611 2005 ,
642 1938 737 1995 sed
779 1948 837 1993 ut
876 1938 1081 1991 animos
1117 1947 1321 1991 vestros
1360 1936 1739 2006 aliquantisper

152 2028 517 2085 relocillarem
556 2046 620 2085 ex
651 2029 919 2100 perpetuis
947 2027 1371 2083 contentionibus
1404 2026 1736 2097 defatigatos.

153 2121 272 2190 Age
303 2119 582 2174 redeamus
610 2120 770 2190 igitur
793 2118 932 2174 unde
957 2118 1176 2188 digressi
1209 2118 1325 2172 haec
1360 2118 1610 2183 diximus,
1641 2117 1737 2173 de-

152 2219 626 2280 monstremusque
654 2208 794 2279 quod
821 2224 883 2264 ea
912 2225 1028 2278 quae
1048 2207 1245 2263 Iudaeis
1270 2218 1421 2263 erant
1446 2217 1701 2264 eventura
1721 2248 1737 2274 ,

154 2301 417 2355 divinitus
446 2301 551 2356 illis
585 2316 707 2355 cum
748 2301 892 2355 omni
935 2304 1269 2356 accuratione
1317 2300 1563 2371 praedicta
1610 2300 1736 2355 sint.

153 2395 276 2449 Jam
307 2394 451 2449 enim
481 2394 612 2449 duas
635 2394 968 2464 captivitates
990 2390 1170 2449 sermo
1193 2402 1379 2449 noster
1406 2394 1740 2448 demonstra-

152 2489 235 2542 vit
279 2488 384 2541 illis
422 2486 717 2555 accidisse,
764 2485 1207 2557 quemadmodum
1253 2500 1283 2539 a
1326 2485 1597 2555 prophetis
1624 2492 1742 2539 erat

155 2579 475 2649 praedictum
499 2620 515 2643 ,
560 2577 718 2647 idque
746 2594 850 2632 non
886 2592 1013 2632 casu
1040 2593 1211 2648 neque
1243 2587 1434 2646 praeter
1462 2585 1740 2645 exSpecta-

158 2672 387 2725 tionem.
431 2669 687 2741 Superest
714 2678 772 2724 ut
809 2669 1088 2740 deinceps,
1123 2669 1209 2724 ubi
1244 2669 1450 2723 tertiam
1480 2667 1742 2738 adjeceri-

156 2776 301 2824 inus,
316 2761 384 2815 de
405 2762 524 2826 hac,
540 2776 642 2831 qua
661 2776 800 2815 nunc
819 2769 1066 2815 tenentur
1079 2759 1335 2825 dicamus,
1353 2759 1743 2829 doceamusque

156 2853 445 2923 perspicue
472 2893 487 2919 ,
527 2851 666 2922 quod
699 2852 873 2906 nullus
905 2851 1160 2921 propheta
1194 2852 1437 2921 promisit
1471 2851 1573 2905 illis
1599 2850 1741 2904 futu-

155 2960 300 3008 rum,
323 2952 382 2998 ut
400 2944 507 2998 ullo
532 2952 685 3013 pacto
710 2942 778 2997 ab
805 2941 885 2997 his
914 2942 1089 3008 malis,
1118 2942 1172 2996 in
1200 2943 1389 3012 quibus
1420 2957 1561 2996 nunc
1590 2949 1741 3011 sunt,

157 3037 453 3099 solvantur,
484 3042 574 3088 aut
600 3034 908 3089 liberentur.
936 3033 1063 3100 Quae
1088 3042 1171 3089 est
1200 3034 1356 3104 igitur
1384 3034 1540 3089 tertia
1558 3034 1584 3087 ?
1615 3033 1744 3100 Qua:

164 3130 307 3183 facta
349 3136 434 3183 est
474 3127 575 3183 sub
612 3128 874 3184 Antiocho
910 3138 1261 3200 cognomento
1287 3128 1581 3199 Epiphane.
1610 3129 1743 3184 Nam

159 3219 470 3275 Alexander
510 3219 854 3274 Macedonum
892 3235 990 3275 rex
1015 3262 1030 3285 ,
1074 3221 1161 3275 ubi
1208 3222 1420 3275 Darium
1464 3221 1743 3276 Persarum

159 3326 343 3380 regem
383 3310 723 3377 sustulisset,
761 3311 813 3365 in
855 3325 974 3365 sese
1000 3312 1267 3366 transtulit
1305 3310 1603 3381 imperium.
1634 3311 1747 3366 Hoc

160 3414 344 3456 autem
380 3402 644 3457 exstincto
667 3443 683 3469 ,
710 3411 936 3471 quatuor
962 3411 1082 3472 post
1112 3402 1259 3456 illum
1288 3418 1440 3472 reges
1469 3416 1745 3457 successe-

162 3504 329 3560 runt,
362 3510 393 3550 e
419 3510 644 3564 quorum
672 3510 779 3550 uno
808 3505 1094 3565 prognatus
1119 3495 1412 3550 Antiochus
1441 3496 1597 3566 longo
1629 3508 1747 3566 post

160 3598 407 3658 tempore
433 3595 486 3641 et
514 3587 767 3656 templum
807 3587 1078 3654 incendit,
1123 3597 1177 3643 et
1218 3597 1399 3642 sancta
1442 3595 1745 3643 sanctorum

161 3678 482 3742 devastavit,
504 3685 559 3733 et
598 3676 854 3734 sacriﬁcia
900 3678 1133 3745 sustulit,
1172 3687 1226 3734 et
1259 3678 1473 3734 Iudaeos
1514 3678 1744 3750 subegit,

160 3771 395 3840 denique
421 3778 583 3824 totam
612 3771 821 3825 illorum
844 3770 1220 3840 rempublicam
1249 3772 1461 3826 evertit.

232 3861 600 3933 7.Explicatio
636 3863 912 3933 prophetia:
949 3861 1193 3916 Danielis.
1224 3892 1296 3903 —
1326 3862 1394 3916 Et
1432 3863 1547 3917 hac
1571 3862 1749 3918 omnia

162 3955 230 4011 ad
253 3971 420 4009 unum
448 3954 778 4025 usquediem
808 3954 1143 4009 exactissime
1172 3953 1420 4023 praedicta
1443 3963 1567 4009 sunt
1590 3969 1621 4007 a
1649 3955 1750 4009 Da-

165 4047 344 4112 niele;
375 4056 428 4101 et
457 4046 668 4116 quando
694 4046 806 4101 haec
834 4054 1014 4101 essent
1044 4045 1214 4099 futura
1234 4086 1249 4111 ,
1276 4055 1330 4100 et
1358 4045 1656 4115 quomodo,
1697 4053 1752 4100 et

164 4154 196 4192 a
224 4154 367 4209 quo,
398 4148 454 4193 et
492 4154 596 4208 qua
638 4142 841 4192 ratione
865 4181 879 4203 ,
922 4146 977 4191 et
1020 4137 1108 4191 ubi
1151 4136 1311 4191 linem
1353 4145 1633 4206 acceptura
1655 4176 1671 4203 ,
1698 4145 1752 4190 et

164 4247 327 4301 quam
360 4230 571 4285 tandem
602 4231 942 4285 mutationem
984 4230 1255 4285 Sortitura.
1297 4228 1409 4283 Hoc
1433 4237 1607 4282 autem
1636 4229 1750 4282 evi-

166 4325 380 4379 dentius
422 4324 751 4393 perspicietis
794 4324 883 4378 ubi
925 4324 1180 4378 visionem
1235 4324 1399 4392 ipsam
1442 4321 1749 4389 audieritis,

166 4431 327 4485 quam
360 4430 453 4484 per
481 4415 787 4484 parabolam
817 4415 969 4469 nobis
996 4414 1269 4485 proposuit
1294 4414 1551 4485 propheta
1573 4455 1588 4478 ,
1617 4414 1753 4469 arie-

170 4508 242 4560 tis
290 4505 549 4561 vocabulo
590 4506 875 4576 designans
923 4507 1135 4561 Darium
1186 4523 1365 4577 regem
1415 4507 1693 4561 Persarum
1734 4522 1749 4559 :

166 4601 307 4655 hirci
338 4613 469 4653 vero
509 4598 815 4654 Graecorum
859 4613 1073 4669 regem,
1104 4598 1349 4653 videlicet
1392 4597 1751 4653 Alexandrum

168 4690 517 4745 Macedonem
542 4705 554 4742 :
575 4699 799 4759 quatuor
817 4704 1013 4744 cornua
1036 4699 1187 4744 vocat
1213 4704 1327 4756 eos,
1354 4690 1442 4759 qui
1469 4698 1585 4759 post
1606 4688 1752 4743 illum

165 4783 492 4837 exstiterunt
522 4796 536 4833 :
570 4788 894 4851 postremum
939 4795 1107 4836 cornu
1150 4780 1320 4849 ipsum
1361 4781 1530 4851 signat
1568 4780 1754 4834 Antio-

168 4873 359 4927 chum.
385 4872 522 4940 Quin
544 4880 756 4941 prmslat
782 4874 948 4942 ipsam
974 4871 1157 4926 audire
1184 4872 1463 4926 visionem.
1500 4871 1636 4938 Vidi,
1670 4872 1753 4925 in-

169 4965 307 5033 quit,
332 4965 571 5017 visionem
598 4973 643 5017 et
667 4963 897 5017 sedebant
926 4964 979 5017 in
1015 4962 1145 5033 Ubal
1162 4980 1180 5028 ;
1211 4962 1341 5018 Ubal
1375 4964 1546 5018 locum
1573 4979 1759 5033 quem-

174 5057 315 5124 piam
355 5054 517 5119 dicit,
546 5055 824 5110 Persarum
866 5055 1041 5124 lingua
1083 5054 1160 5108 sic
1195 5054 1341 5109 illum
1378 5056 1683 5124 appellans;
1711 5064 1757 5109 et

173 5147 356 5202 sustuli
376 5148 547 5201 oculos
572 5164 727 5213 meos,
756 5156 804 5201 et
832 5148 951 5211 vidi,
980 5159 1027 5199 et
1051 5162 1161 5201 ecce
1186 5146 1317 5199 aries
1335 5162 1463 5199 unus
1487 5156 1626 5201 stans
1643 5157 1759 5200 ante

176 5240 345 5301 (ibal,
377 5249 423 5293 et
462 5249 604 5293 erant
648 5240 726 5294 illi
762 5257 949 5294 cornua
988 5240 1217 5306 excelsa,
1247 5247 1293 5293 et
1321 5255 1475 5293 unum
1514 5238 1757 5294 excelsius

172 5333 389 5395 ueteris,
416 5342 463 5386 et
485 5334 730 5387 excelsum
758 5332 889 5387 illud
916 5334 1132 5403 pervenit
1156 5349 1311 5404 usque
1338 5333 1409 5387 ad
1427 5343 1648 5389 extrema
1668 5350 1687 5388 :
1712 5344 1759 5388 et

174 5426 403 5479 uidebam
420 5425 621 5478 arietem
639 5437 911 5479 moventem
930 5442 1085 5479 cornu
1103 5436 1276 5479 contra
1292 5442 1448 5489 mare,
1462 5436 1507 5479 et
1522 5424 1755 5491 Boream,

174 5526 224 5569 et
251 5514 480 5579 Notum,
510 5524 557 5569 ct
593 5531 762 5570 omnes
806 5516 973 5570 bestiae
1015 5532 1116 5569 non
1160 5515 1360 5571 stabunt
1402 5518 1453 5570 in
1491 5525 1758 5585 conspectu

176 5611 307 5673 eius,
361 5626 449 5663 nec
492 5620 597 5663 erat
642 5610 726 5679 qui
776 5611 986 5680 eriperet
1035 5610 1097 5663 de
1139 5626 1290 5663 manu
1313 5611 1447 5663 illius
1474 5619 1560 5665 :et
1602 5610 1760 5679 facie-

178 5704 265 5754 bat
312 5702 466 5772 juxta
506 5704 811 5757 voluntatem
854 5720 995 5756 suam
1020 5745 1033 5769 ,
1089 5713 1134 5756 ct
1173 5706 1523 5774 magnificatus
1558 5712 1660 5767 est,
1712 5713 1759 5758 et

178 5812 272 5865 ego
303 5796 638 5868 intellrgebam
672 5796 829 5869 (Dan.
868 5797 921 5851 8.
961 5797 1013 5850 2.
1044 5806 1088 5851 et
1113 5806 1292 5869 seqq).
1324 5800 1396 5854 De
1423 5797 1655 5869 potentia
1684 5797 1767 5852 lo-

1399 362 1760 421 ADVEHSUS
1797 363 2098 423 JUDASOS.
2141 366 2205 421 ν.

3296 380 3400 435 8M

1838 480 2017 550 quitur
2042 479 2249 534 Persica
2270 520 2284 545 ,
2317 487 2372 533 et
2404 477 2672 534 dominatu
2694 521 2710 546 ,
2736 478 2824 550 qui
2854 458 3091 549 periasit
3112 486 3269 533 totam
3298 488 3407 532 ιρι·-

1836 586 1970 625 ram.
2001 570 2198 625 Deinde
2221 570 2289 625 de
2317 570 2616 626 Alexandro
2644 570 2985 626 Macedonum
3014 587 3139 641 rege
3164 570 3407 640 loquens,

1835 660 1989 715 dicit:
2008 659 2075 713 Et
2101 676 2211 714 ecce
2235 661 2402 714 hircus
2426 678 2692 732 caprarum
2713 663 2841 717 venit
2865 661 2926 716 ab
2953 662 3137 715 Austro
3162 678 3313 731 super
3332 664 3414 731 fa-

1835 746 1959 805 ciem
1988 752 2227 806 universa:
2267 760 2411 806 terra:
2433 794 2447 819 ,
2481 763 2525 806 et
2568 768 2668 806 non
2697 754 2923 825 tangebat
2953 763 3136 806 terram
3156 794 3170 817 ,
3201 762 3247 806 et
3270 752 3412 804 hirco

1838 842 1915 894 illi
1935 842 2243 911 prominebat
2267 858 2423 896 cornu
2452 843 2505 895 in
2532 843 2694 896 medio
2720 844 2976 896 oculorum
3005 843 3184 913 ipsius.
3214 841 3414 895 Deinde

1839 948 2060 987 narrans
2087 948 2427 1002 congressum
2457 934 2745 989 Alexandri
2774 950 2894 989 cum
2937 935 3120 1000 Dario,
3149 934 3414 1003 ejusdem-

1839 1041 1941 1092 que
1972 1024 2245 1079 victoriam
2275 1026 2476 1080 viribus
2505 1034 2709 1095 partam
2751 1041 2763 1077 :
2811 1022 2982 1088 Venit,
3012 1024 3217 1093 inquit,
3244 1027 3414 1077 hircus

1838 1131 1991 1183 usque
2014 1115 2081 1168 ad
2117 1116 2320 1169 arietem
2364 1116 2620 1170 habentem
2660 1132 2881 1181 cornua,
2915 1127 2958 1169 et
2988 1114 3222 1182 efferatus
3262 1126 3331 1168 est
3358 1116 3412 1167 in

1839 1222 1969 1269 eum,
1994 1216 2040 1260 et
2066 1209 2305 1275 percussit
2329 1208 2553 1270 arietem,
2581 1207 2862 1261 dicendum
2891 1217 2972 1263 est
2997 1209 3136 1261 enim
3161 1222 3413 1276 compen-

1840 1297 1947 1363 dio,
1967 1308 2012 1351 et
2037 1300 2265 1352 contrivit
2293 1309 2557 1369 utrumque
2576 1316 2731 1353 cornu
2753 1300 2909 1361 illius,
2932 1315 3022 1352 nec
3049 1308 3151 1352 erat
3172 1299 3255 1369 qui
3280 1299 3414 1351 aric-

1843 1397 1938 1440 tem
1964 1390 2168 1458 eriperet
2195 1389 2257 1443 de
2292 1406 2446 1443 manu
2472 1390 2630 1444 illius.
2663 1389 2903 1444 Posthazc
2938 1404 3162 1443 narrans
3191 1399 3420 1445 mortem

1841 1482 2163 1550 Alexandri,
2196 1491 2251 1538 et
2284 1462 2508 1553 quatuor
2532 1499 2712 1553 regum
2743 1483 3131 1539 successionem
3166 1497 3179 1534 :
3212 1480 3277 1535 Et
3303 1496 3419 1533 cum

1842 1575 1922 1628 hic
1950 1576 2267 1630 invalesceret
2289 1618 2303 1642 ,
2336 1578 2539 1646 inquit,
2567 1578 2837 1630 contritum
2874 1585 2947 1630 est
2984 1593 3139 1630 cornu
3166 1576 3275 1645 ejus
3302 1591 3414 1626 ma-

1840 1684 2012 1736 gnum,
2036 1677 2082 1720 et
2102 1676 2273 1720 exorta
2295 1678 2408 1721 sunt
2433 1676 2647 1737 quatuor
2665 1683 2853 1721 cornua
2873 1667 2962 1721 sub
2987 1667 3095 1726 illo,
3117 1667 3184 1719 ad
3203 1673 3417 1730 quatuor

1841 1766 2007 1811 ventos
2032 1757 2162 1811 ccli.
2193 1757 2325 1812 Hinc
2353 1759 2616 1813 transiens
2648 1758 2897 1825 deinceps
2931 1756 2997 1810 ad
3057 1755 3304 1811 Antiochi
3329 1770 3418 1809 re-

1840 1864 1996 1917 gnum
2011 1848 2173 1913 venit,
2189 1847 2530 1903 etdeclarans
2548 1847 2688 1917 quod
2704 1864 2770 1902 ex
2788 1848 2974 1902 horum
2991 1856 3213 1917 quatuor
3226 1861 3331 1901 uno
3346 1847 3418 1900 sit

1843 1948 1991 1994 ortus
2010 1981 2025 2005 ,
2054 1939 2131 1994 sic
2160 1939 2271 1996 fere
2295 1940 2369 1994 ait
2400 1956 2413 1993 :
2445 1939 2528 1995 Ex
2553 1957 2653 1994 uno
2693 1940 2877 2008 prodiit
2902 1954 3059 1992 cornu
3086 1939 3307 1992 validum
3326 1980 3339 2003 ,
3370 1946 3418 1991 et

1841 2032 2116 2084 exaltatum
2141 2042 2211 2084 est
2238 2032 2562 2095 uehementer,
2590 2031 2656 2083 ad
2679 2030 2869 2085 Notum
2893 2040 2939 2084 et
2964 2029 3233 2083 Orientem.
3260 2028 3415 2082 Dein.

1842 2123 1911 2177 de
1948 2123 2232 2193 designans
2275 2122 2414 2192 quod
2454 2123 2724 2179 Iudaicam
2772 2123 3005 2192 politiam
3053 2120 3282 2175 funditus
3320 2118 3417 2173 de-

1844 2217 2035 2270 SIruxit
2067 2233 2079 2269 :
2115 2214 2382 2281 Post/uec,
2414 2215 2617 2285 inquit,
2648 2216 2952 2284 sacri/icium
2997 2232 3084 2284 per
3110 2230 3221 2267 eum
3250 2212 3421 2265 turba-

1845 2318 1947 2360 tum
1973 2316 2045 2360 est
2070 2308 2267 2361 delicto.
2302 2308 2368 2361 Et
2397 2312 2585 2378 factum
2611 2319 2703 2373 est,
2733 2319 2779 2362 et
2806 2325 3042 2379 prospere
3068 2307 3326 2379 processit.
3354 2304 3419 2359 Et

1846 2408 2073 2452 sanctum
2117 2399 2455 2465 desolabitur,
2485 2410 2531 2453 et
2573 2401 2749 2452 datum
2790 2410 2863 2453 est
2904 2408 3076 2453 contra
3119 2398 3422 2466 sacrificium

1846 2500 2134 2559 peccatum;
2162 2491 2316 2544 altari
2341 2491 2471 2545 enim
2498 2489 2714 2555 sublato,
2740 2490 2924 2544 sanctis
2953 2489 3274 2550 conculcatis,
3303 2487 3419 2541 ido-

1849 2580 1953 2633 lum
1976 2581 2147 2634 statuit
2171 2582 2325 2648 intus,
2348 2591 2395 2635 et
2413 2582 2600 2635 hostias
2625 2579 2896 2634 immolavit
2917 2580 3220 2635 daemonibus
3245 2588 3422 2632 contra

1846 2671 2025 2742 legem,
2049 2682 2093 2724 et
2120 2673 2342 2742 projecta
2366 2682 2438 2725 est
2463 2673 2513 2726 in
2542 2681 2725 2726 terram
2734 2672 2955 2740 justitia.
2983 2671 3045 2724 Et
3069 2672 3203 2742 fecit,
3226 2680 3272 2724 et
3297 2687 3421 2739 pro-

1846 2782 1989 2835 spere
2039 2767 2294 2834 processit.
2339 2764 2537 2820 Deinde
2589 2780 2795 2819 rursum
2841 2764 2908 2818 de
2939 2764 3038 2818 hoc
3094 2762 3210 2831 ipso
3258 2776 3420 2830 agens

1845 2873 2008 2929 regno
2037 2858 2287 2912 Antiochi
2319 2858 2626 2928 Epiphanis,
2655 2857 2824 2927 deque
2850 2856 3152 2927 captivitate
3189 2854 3421 2909 excidio-

1847 2968 1951 3023 que
1974 2967 2035 3005 ac
2063 2952 2393 3007 desolatione
2422 2951 2625 3020 templi,
2654 2954 2811 3004 etiam
2838 2951 3007 3020 ipsum
3040 2959 3245 3017 tempus
3269 2947 3421 3002 addi-

1846 3044 1942 3099 dit.
1962 3044 2199 3099 Exorsus
2216 3044 2359 3098 enim
2380 3043 2447 3097 ab
2467 3041 2751 3097 Alexandri
2776 3055 2957 3110 regno,
2980 3039 3154 3094 denuo
3173 3038 3235 3092 ad
3261 3039 3419 3092 linem

1848 3138 1966 3192 libri
1989 3140 2145 3193 etiam
2170 3136 2475 3191 intermedia
2503 3148 2925 3190 commemorans
2948 3132 3144 3198 omnia,
3167 3147 3282 3201 qua:
3302 3132 3424 3186 Pto-

1848 3230 2021 3285 lemazi
2057 3240 2111 3285 et
2156 3228 2361 3283 Seleuci
2401 3226 2762 3282 conﬂictantes
2802 3225 2939 3280 inter
2981 3238 3098 3279 sese
3144 3222 3423 3287 fecerunt,

1847 3336 2070 3391 qumque
2114 3320 2300 3374 horum
2348 3318 2510 3373 duces
2549 3326 2860 3386 gesserunt,
2911 3314 3099 3381 dolos,
3139 3314 3422 3378 victorias,

1851 3414 2119 3469 exercitus
2144 3454 2158 3478 ,
2190 3426 2391 3481 pugnas
2416 3410 2631 3465 navales
2650 3452 2664 3476 ,
2696 3409 2872 3479 prmlia
2900 3406 3159 3477 pedestria
3189 3423 3202 3459 :
3234 3404 3426 3459 deinde

1853 3518 2166 3575 progressus
2192 3504 2243 3557 in
2271 3501 2589 3557 Antiochum
2612 3500 2805 3555 desinit
2829 3499 3016 3553 iterum
3046 3498 3227 3551 dicens
3257 3512 3270 3548 :
3297 3494 3447 3548 Bru-a

1853 3598 1967 3650 cltia
1988 3612 2047 3650 ex
2067 3596 2176 3667 ipso
2192 3595 2499 3660 exorientur,
2518 3604 2565 3647 et
2587 3591 2921 3662 profanabant
2943 3598 3168 3642 sanctum
3189 3596 3235 3640 et
3256 3598 3425 3639 trans-

1852 3688 2013 3757 ferent
2049 3686 2517 3748 continuationem;
2566 3681 3012 3737 continuationem
3043 3679 3312 3750 appellans
3341 3691 3428 3730 so-

1854 3778 2055 3831 lemnes
2096 3785 2150 3829 et
2189 3774 2519 3845 quotidianus
2549 3773 2818 3835 victimas;
2866 3781 2913 3825 et
2950 3772 3163 3841 inferent
3206 3770 3257 3823 in
3285 3768 3434 3822 illam

1854 3870 2291 3935 abominationem,
2315 3877 2361 3921 et
2382 3884 2464 3921 eos
2487 3867 2571 3937 qui
2596 3866 2783 3919 violant
2808 3874 3173 3927 testamentum,
3198 3861 3298 3916 hoc
3321 3871 3433 3926 cst,

1854 3960 2264 4030 prtnvaricantes
2292 3958 2524 4023 Judteos,
2548 3957 2794 4010 adducent
2818 3957 2869 4009 in
2898 3956 3092 4021 ruinas,
3123 3969 3303 4009 secum
3335 3952 3433 4006 ha-

1856 4052 2053 4107 bebunt
2093 4065 2155 4105 ac
2182 4049 2535 4113 transferent,
2582 4056 2627 4101 et
2665 4047 2879 4120 populus
2921 4061 3219 4115 coynoscens
3266 4043 3439 4097 Deum

1855 4160 2003 4197 suum
2028 4142 2312 4213 prwvalebit
2337 4157 2356 4194 :
2406 4137 2823 4194 Machabmorunt
2850 4152 2939 4191 res
2963 4134 3284 4205 significans,
3312 4149 3430 4204 qum

1857 4236 2161 4291 acciderunt
2185 4234 2283 4288 sul)
2311 4232 2442 4288 Juda
2474 4240 2526 4285 et
2550 4231 2765 4286 Simone
2792 4239 2847 4285 et
2873 4229 3107 4292 Joanne;
3138 4238 3187 4283 et
3213 4228 3431 4299 pruden-

1856 4339 1927 4383 tes
1952 4329 2123 4401 populi
2149 4328 2422 4397 intelligent
2451 4325 2519 4377 ad
2547 4326 2725 4389 multa,
2758 4332 2802 4377 et
2824 4320 3212 4391 infirmabuntur
3237 4318 3288 4371 in
3317 4318 3431 4388 gla-

1856 4422 1940 4473 dio
1982 4429 2026 4475 et
2059 4421 2301 4489 ﬂamma;
2341 4416 2587 4471 nimirum
2636 4416 2827 4470 iterum
2874 4426 3095 4467 narrans
3133 4409 3432 4466 incendium

1859 4511 2117 4573 civitatis;
2149 4521 2195 4562 et
2227 4510 2279 4562 in
2309 4508 2625 4578 captivitate,
2659 4515 2704 4560 et
2732 4506 2785 4559 in
2814 4504 3093 4571 direptione
3129 4502 3360 4563 dierum;
3386 4510 3432 4552 et

1859 4618 1972 4654 cum
1998 4602 2239 4670 infirmati
2270 4600 2494 4669 fuerint,
2533 4596 2903 4668 adjuvabuntur
2943 4594 3196 4666 adjutorio
3240 4608 3436 4663 parvo:

1858 4693 2157 4764 signiﬁcans
2182 4691 2323 4761 quod
2365 4691 2416 4745 in
2462 4689 2652 4745 mediis
2682 4688 2785 4743 illis
2823 4688 2973 4743 malis
3000 4696 3245 4757 poterunt
3267 4685 3435 4752 respio

1861 4801 1980 4841 rare
2003 4827 2017 4850 ,
2051 4792 2103 4839 et
2140 4799 2415 4854 emergere
2451 4798 2517 4837 ex
2546 4781 2915 4835 afﬂictionibus
2938 4821 2953 4846 ,
2981 4779 3172 4848 quibus
3214 4775 3432 4831 involuti

1860 4887 2016 4937 sunt:
2047 4887 2093 4931 et
2125 4877 2462 4947 adjungentur
2484 4876 2586 4928 illis
2624 4874 2767 4927 multi
2795 4874 2846 4926 in
2872 4872 3030 4925 ruinis
3054 4912 3069 4936 ,
3092 4879 3139 4923 et
3158 4869 3218 4921 ab
3247 4867 3433 4921 intelli-

1865 4970 2089 5040 gentibus
2113 4968 2501 5036 infirmabuntur
2530 4964 2687 5036 (Dan.
2719 4964 2805 5017 Η.
2834 4964 2985 5016 514:
3015 4960 3192 5031 seqq.).
3226 4959 3317 5013 His
3342 4974 3434 5011 au—

1863 5073 1967 5115 tem
1994 5060 2169 5115 verbis
2198 5058 2455 5128 signillcat
2483 5055 2712 5110 futurum
2738 5095 2751 5118 ,
2786 5062 2841 5106 ut
2871 5052 3017 5105 multi
3046 5050 3203 5105 etiam
3234 5057 3435 5101 stantes

1861 5154 2069 5209 Cztdattl.
2100 5150 2299 5205 Deinde
2319 5162 2531 5203 causam
2559 5148 2715 5200 etiam
2746 5144 2934 5213 aperit,
2963 5144 3033 5197 ob
3057 5155 3212 5211 quam
3239 5140 3433 5207 permi-

1860 5246 1929 5301 sit
1954 5247 2091 5299 Deus
2121 5244 2241 5297 illos
2267 5243 2317 5295 in
2350 5239 2507 5295 tantis
2531 5238 2685 5293 malis
2711 5235 2932 5291 versari.
2957 5235 3208 5300 Qumnam
3230 5240 3389 5285 estea
3410 5231 3435 5283 ?

1866 5336 1932 5389 lit
1978 5335 2092 5405 igne
2134 5332 2379 5386 examinet
2424 5329 2559 5394 illos,
2606 5327 2802 5396 inquit,
2843 5326 3025 5395 eligat,
3058 5332 3206 5391 atque
3242 5318 3436 5372 dealbct

1862 5446 2013 5499 usque
2031 5428 2098 5480 ad
2119 5427 2381 5480 terminum
2408 5423 2662 5493 temporis.
2687 5421 2908 5490 Pr0pter
2931 5419 3042 5472 haec
3061 5416 3223 5480 enim,
3243 5415 3430 5482 inquit,

1863 5520 1977 5573 ha‘c
1992 5517 2227 5588 permisit
2244 5517 2403 5581 Deus,
2418 5523 2477 5568 ut
2488 5529 2579 5569 eos
2596 5527 2816 5581 repurga
2825 5507 3331 5573 ret,ostenderetque
3344 5505 3431 5572 qui

1864 5620 2045 5667 essent
2072 5611 2207 5663 inter
2236 5608 2354 5662 illos
2384 5602 2827 5675 probati.'l)einde
2846 5610 3270 5655 commemorans
3296 5595 3433 5664 regis

1865 5704 2002 5758 illius
2029 5700 2337 5771 potentiam,
2370 5699 2443 5752 ait
2466 5714 2477 5749 :
2509 5696 2573 5750 Et
2598 5695 2747 5767 faciet
2764 5698 2913 5763 juxta
2941 5692 3239 5746 voluntatem
3267 5703 3432 5748 suain,

1866 5808 1912 5854 et
1932 5794 2250 5864 exaltabitur,
2269 5802 2312 5849 et
2335 5789 2749 5864 "mgni/imbitur.
2772 5786 2892 5844 Mox
2916 5783 3281 5855 blasphemum
3297 5779 3437 5834 illius
