3920 6280
467 384 566 441 l395

465 496 698 551 animum
728 491 1025 564 significans
1044 530 1058 554 ,
1084 487 1230 541 addit
1274 502 1286 514 -
1330 483 1574 538 Adversus
1601 480 1762 534 Deum
1789 478 1996 532 deorum
2019 515 2035 537 ,

466 590 633 660 inquit
657 630 674 656 ,
702 588 926 656 loquetur
949 589 1164 651 superba
1187 619 1201 642 ,
1233 587 1278 632 et
1322 574 1695 648 prosperabitur
1715 612 1730 636 ,
1764 570 1919 624 donec
1962 568 2039 620 ira

463 679 922 738 eonsummabitur:
951 675 1222 729 declarans
1250 669 1389 741 quod
1429 684 1532 722 non
1576 682 1640 722 ex
1673 663 1882 734 prOprio
1906 676 2036 715 con-

467 774 621 838 silio,
647 771 741 826 sed
772 777 985 838 propter
1014 767 1143 820 iram
1188 763 1281 818 Dei
1323 761 1579 815 adversus
1612 755 1822 812 Iudaeos
1847 753 1935 808 ille
1963 751 2040 806 sic

472 861 770 918 invaluerit.
794 858 1029 914 Tandem
1051 855 1138 911 ubi
1159 853 1392 923 pluribus
1411 851 1526 906 aliis
1546 849 1676 903 dixit
1694 855 1885 916 quanta
1904 844 2041 898 mala

471 955 700 1011 facturus
730 959 909 1016 esset,
948 961 1058 1003 tum
1100 946 1331 1017 JEgypto
1353 985 1368 1011 ,
1402 952 1513 997 tum
1540 937 1874 1002 Palaestinae;
1907 951 2040 1005 quo—

472 1048 630 1103 modo
654 1045 918 1101 rediturus
946 1043 1050 1105 sit,
1093 1051 1144 1095 et
1187 1053 1292 1108 quo
1318 1045 1540 1092 vocante
1562 1075 1577 1099 ,
1608 1044 1664 1088 et
1692 1046 1794 1102 qua
1823 1038 2041 1098 urgente

471 1151 630 1194 causa
655 1154 668 1189 :
694 1143 875 1205 postea
896 1141 1075 1188 narrat
1096 1141 1391 1199 temporum
1412 1123 1775 1188 mutationem,
1801 1119 2044 1191 quodque

475 1227 643 1284 Judaei
673 1234 950 1296 postquam
983 1238 1076 1292 per
1106 1222 1220 1274 lucc
1262 1218 1439 1273 omnia
1482 1214 1826 1278 transierint,
1857 1210 2042 1265 nanci-

473 1329 691 1374 scentur
712 1316 920 1386 aliquod
941 1313 1211 1376 auxilium,
1229 1311 1392 1364 misso
1417 1307 1603 1378 angelo
1620 1307 1670 1360 in
1696 1305 1904 1358 illorum
1921 1301 2045 1356 sab-

479 1413 690 1468 sidium.
717 1409 780 1464 In
809 1421 1029 1478 tempore
1053 1406 1184 1460 enim
1212 1403 1323 1468 illo,
1349 1401 1536 1471 inquit,
1563 1406 1796 1467 exsurget
1825 1394 2045 1449 Michael

478 1505 707 1575 princeps
734 1517 944 1572 magnus
965 1541 980 1565 ,
1009 1500 1096 1564 qui
1122 1500 1383 1567 praefectus
1406 1503 1477 1548 est
1507 1492 1627 1561 ﬁliis
1665 1491 1838 1561 papuli
1863 1489 1968 1553 tui,
1997 1498 2044 1540 et

478 1597 570 1648 erit
599 1605 790 1663 tempus
814 1591 1091 1662 a/ﬂictionis
1113 1629 1128 1654 ,
1157 1587 1303 1658 quale
1329 1602 1429 1639 non
1460 1583 1574 1655 fuit,
1605 1599 1666 1636 ea:
1689 1598 1785 1649 quo
1810 1597 1930 1650 gens
1959 1583 2044 1648 fu-

479 1697 557 1740 cta
577 1697 648 1740 est
667 1687 719 1739 in
743 1696 873 1738 terra
899 1698 1054 1753 usque
1081 1680 1146 1733 ad
1177 1689 1366 1746 tempus
1395 1677 1540 1738 illud,
1567 1684 1612 1729 et
1637 1674 1690 1726 in
1717 1683 1933 1740 tempore
1955 1671 2045 1724 illo

477 1779 617 1831 salva
640 1777 722 1845 ﬁet
750 1776 910 1828 omnis
939 1771 1206 1826 multitudo
1227 1811 1242 1833 ,
1274 1783 1388 1840 qua:
1419 1766 1690 1837 reperietur
1715 1765 1963 1833 descripta
1991 1763 2043 1816 in

481 1868 605 1923 libro
635 1867 807 1940 (Dan.
842 1865 929 1920 12.
959 1862 1042 1934 1),
1074 1863 1174 1916 hoc
1193 1869 1294 1923 est,
1322 1859 1410 1926 qui
1439 1856 1579 1927 digni
1606 1864 1730 1910 sunt
1754 1855 1945 1908 salute.

515 1942 601 2015 ’8.
643 1959 835 2014 Verum
875 1974 942 2012 ne
985 1969 1130 2010 nunc
1166 1951 1380 2022 quidem
1422 1947 1595 2003 adhuc
1629 1947 2043 2002 demonstratum

478 2060 578 2113 est,
603 2049 670 2104 de
691 2065 794 2118 quo
816 2048 910 2102 fuit
932 2046 1166 2099 instituta
1192 2041 1434 2110 quaestio.
1458 2039 1591 2104 Quid
1612 2048 1785 2092 autem
1808 2037 1906 2090 hoc
1927 2035 2044 2089 est?

479 2140 736 2195 Videlicet
777 2137 917 2207 quod
947 2141 1104 2192 etiam
1137 2143 1372 2201 tempora
1406 2129 1710 2201 praefinierit
1743 2127 1824 2182 his
1859 2127 2008 2181 malis
2029 2168 2043 2191 ,

478 2236 623 2291 velut
651 2235 755 2290 illic
792 2234 973 2303 prima:
1012 2231 1282 2285 servitutis
1307 2239 1474 2281 annos
1499 2223 1933 2294 quadringentos,
1965 2235 2049 2275 sc-

478 2329 666 2382 cunda:
703 2334 883 2396 postea
931 2322 1280 2394 septuaginta.
1328 2319 1614 2374 Videamus
1659 2317 1817 2387 igitur
1856 2331 1921 2368 an
1965 2315 2048 2368 his

479 2431 688 2487 quoque
710 2414 970 2486 praeliniat
995 2422 1200 2481 tempus
1222 2409 1453 2480 aliquod.
1480 2408 1578 2463 [bi
1600 2421 1726 2461 vero
1751 2405 1928 2460 licebit
1947 2404 2048 2458 hoc

481 2509 758 2564 invenire?
792 2506 846 2560 ln
907 2507 971 2560 iis
1009 2520 1125 2575 qua:
1166 2511 1283 2572 post
1325 2501 1439 2556 lucc
1482 2499 1744 2554 dicentur.
1789 2495 2048 2564 Quoniam

481 2601 621 2656 enim
645 2599 884 2653 audierat
911 2597 1072 2652 multa
1101 2607 1392 2664 magnaque
1419 2591 1576 2658 mala,
1607 2589 1835 2645 civitatis
1863 2589 2046 2642 incen-

479 2691 658 2753 dium,
691 2690 882 2758 politize
922 2686 1316 2741 subversionem
1341 2725 1356 2748 ,
1397 2695 1614 2736 suorum
1656 2679 2044 2748 captivitatem.

481 2792 659 2852 postea
681 2779 1012 2835 desiderabat
1035 2777 1191 2831 linem
1221 2775 1426 2841 illorum
1451 2770 1676 2834 discere,
1706 2777 1759 2824 et
1781 2785 1907 2823 num
1932 2783 2048 2838 quae

481 2873 651 2927 futura
675 2879 817 2926 esset
839 2884 1020 2923 earum
1047 2866 1402 2921 calamitatum
1435 2861 1796 2918 commutatio.
1820 2860 2049 2915 Percon-

481 2971 598 3016 tans
625 2970 798 3016 autem
828 2958 906 3013 sic
943 2956 1254 3025 loquebatur
1275 2995 1291 3020 ,
1320 2952 1536 3007 Domine
1557 2991 1572 3014 ,
1601 2953 1713 3021 quis
1737 2957 1810 3004 est
1844 2949 2048 3002 istorum

482 3055 636 3122 linis?
662 3051 729 3105 Et
755 3052 904 3115 dixit,
941 3047 1065 3102 Veni
1091 3047 1186 3100 huc
1213 3045 1427 3098 Daniel:
1450 3042 1683 3112 quoniam
1711 3039 1870 3094 clausi
1892 3049 1938 3092 et
1963 3037 2050 3091 ob-

482 3145 666 3215 signati
693 3153 806 3196 sunt
844 3154 1148 3195 sermones;
1176 3137 1512 3192 subindicans
1553 3132 1924 3188 obscuritatem
1955 3145 2050 3185 eo-

481 3251 600 3290 rum
620 3276 634 3300 ,
665 3250 783 3304 qua:
809 3233 1143 3296 dicerentur,
1177 3226 1341 3296 Usque
1366 3225 1434 3278 ad
1471 3224 1703 3294 temporis
1729 3223 1898 3292 ﬁnem.
1933 3220 2050 3275 Mox

485 3340 694 3380 causam
720 3323 984 3392 aperiens,
1011 3335 1174 3390 quare
1201 3319 1300 3373 ista
1331 3316 1628 3388 permiserit
1655 3314 1868 3370 evenire
1893 3312 2048 3377 mala,

485 3415 656 3470 Donec
685 3415 952 3484 eligantur,
995 3395 1195 3482 inquit,
1228 3419 1273 3464 et
1302 3408 1612 3474 dealbentur,
1643 3417 1688 3461 et
1724 3406 1830 3478 igni
1858 3405 2050 3460 exami-

486 3516 666 3561 nentur
684 3504 848 3566 multi,
869 3513 916 3557 et
941 3503 1108 3571 inique
1129 3511 1280 3572 agant
1307 3501 1486 3570 iniqui,
1514 3508 1557 3553 et
1581 3499 1862 3568 intelligant
1885 3513 2054 3550 omnes

487 3597 646 3667 impii,
661 3605 707 3648 et
727 3594 916 3648 cordati
937 3593 1214 3663 intelligant
1234 3591 1390 3660 (Dan.
1409 3590 1494 3644 ‘12.
1514 3589 1568 3644 8.
1587 3599 1631 3644 et
1645 3590 1828 3659 seqq.).
1853 3586 2055 3642 Deinde

487 3695 679 3755 quanto
696 3693 931 3753 tempore
949 3683 1054 3738 sint
1081 3682 1182 3736 illis
1208 3696 1450 3737 mansura
1470 3680 1582 3734 haec
1607 3679 1742 3733 mala
1764 3678 2054 3747 praedicens

488 3777 560 3830 ait
583 3776 655 3828 :A
681 3785 898 3844 tempore
927 3773 1348 3827 transmutationis
1367 3771 1733 3826 endelechismi.
1763 3769 1851 3824 Sic
1877 3779 2053 3823 autem

490 3868 772 3923 vocabatur
789 3867 1150 3938 quotidianum
1175 3864 1507 3919 sacriﬁcium.
1535 3863 1664 3918 Nam
1691 3868 1917 3931 eadem
1939 3878 2057 3931 per-

490 3969 704 4029 petuum
735 3967 847 4023 est,
877 3958 1122 4028 frequens
1142 3998 1156 4022 ,
1185 3967 1239 4010 et
1263 3957 1591 4010 continuum.
1622 3954 1747 4008 Erat
1772 3954 1911 4008 enim
1939 3967 2056 4006 mos

490 4049 684 4104 Judaais
710 4056 763 4103 et
787 4048 992 4116 vesperi
1037 4055 1092 4101 et
1135 4045 1232 4100 sub
1258 4059 1504 4098 auroram
1535 4052 1589 4098 et
1615 4042 1821 4112 singulo
1850 4057 2060 4111 quoque

490 4140 575 4194 die
591 4138 904 4193 sacrificium
924 4137 1114 4190 oﬂ'erre
1136 4136 1263 4189 Deo.
1289 4138 1459 4204 Atque
1479 4133 1544 4188 de
1565 4148 1719 4187 causa
1742 4134 2056 4187 sacrificium

493 4229 618 4283 illud
661 4227 1106 4283 endelechismum
1130 4267 1143 4290 ,
1183 4225 1233 4279 id
1273 4234 1354 4278 est
1390 4223 1750 4278 assiduitatem
1773 4265 1786 4289 ,
1817 4225 2056 4278 vocabat.

494 4320 774 4388 Postquam
802 4319 957 4386 igitur
983 4317 1200 4371 veniens
1223 4314 1513 4370 Antiochus
1544 4315 1684 4369 hunc
1707 4329 1907 4368 morem
1938 4330 2058 4370 sus-

496 4413 614 4468 tulit
650 4421 702 4466 et
740 4410 1038 4465 immutavit
1061 4426 1074 4462 :
1099 4409 1198 4463 hoc
1223 4416 1322 4471 est,
1347 4407 1485 4477 quod
1516 4407 1590 4460 ait
1612 4406 1849 4476 angelus,
1875 4406 1918 4459 Α
1941 4417 2062 4460 tem-

501 4521 618 4575 pore
645 4503 1072 4558 transmutationis
1101 4501 1471 4564 endelechismi,
1503 4499 1603 4554 hoc
1632 4508 1732 4564 est,
1767 4515 1796 4554 a
1826 4511 2060 4569 tempore

502 4613 602 4667 quo
623 4597 1030 4651 commutabitur
1053 4596 1154 4650 hoc
1177 4595 1513 4661 sacrificium,
1541 4603 1657 4648 sunt
1681 4594 1787 4647 dies
1813 4592 1951 4647 mille
1969 4593 2064 4647 du-

500 4690 624 4744 centi
647 4698 694 4742 et
725 4689 1022 4757 nonaginta,
1049 4685 1149 4740 hoc
1175 4695 1292 4752 est,
1322 4694 1429 4739 tres
1454 4685 1577 4740 anni
1605 4699 1723 4740 cum
1750 4683 2020 4738 dimidiato
2042 4725 2059 4748 ,

498 4797 562 4838 ac
587 4782 741 4851 paulo
764 4781 1007 4849 amplius.
1036 4779 1236 4833 Deinde
1263 4777 1403 4847 quod
1436 4787 1544 4831 tum
1575 4787 1718 4832 esset
1737 4777 1943 4830 futurus
1968 4778 2060 4829 ho-

498 4890 614 4936 rum
644 4873 901 4929 malorum
927 4873 1047 4928 finis
1082 4887 1144 4925 ac
1171 4871 1457 4932 terminus,
1486 4869 1695 4939 subiicit
1724 4887 1737 4922 :
1769 4867 1952 4922 Beatus
1979 4869 2064 4936 qui

495 4967 783 5027 sustinuerit
811 4983 870 5019 ac
892 4965 1161 5035 peruenerit
1191 4979 1344 5032 usque
1369 4963 1436 5015 ad
1461 4962 1565 5016 dies
1590 4965 1726 5016 mille
1751 4971 1990 5016 trecentos
2017 4971 2063 5014 et

499 5061 703 5130 triginta
723 5059 934 5127 quinque
955 5073 972 5110 :
993 5057 1136 5110 mille
1157 5055 1397 5109 ducentis
1417 5055 1699 5124 nonaginta
1719 5053 1918 5108 addens
1937 5067 2065 5120 qua-

501 5151 738 5221 draginta
765 5149 1014 5220 quinque.
1037 5149 1293 5216 Quoniam
1323 5150 1463 5202 enim
1492 5148 1543 5201 in
1567 5161 1747 5202 mense
1771 5157 1824 5199 et
1849 5144 2065 5200 dimidio

501 5242 696 5295 mensis
716 5241 906 5295 accidit
930 5248 986 5294 ut
1012 5240 1164 5292 fieret
1191 5239 1280 5293 ille
1307 5238 1584 5293 conﬂictus
1609 5253 1621 5288 :
1649 5238 1698 5290 in
1729 5235 1828 5289 hoc
1848 5235 2063 5290 victoria

501 5330 587 5386 illa
617 5349 744 5402 pura
777 5332 912 5388 facta
955 5342 1068 5396 est,
1095 5341 1149 5386 et
1187 5331 1420 5386 omnium
1469 5331 1724 5384 malorum
1767 5329 2062 5397 urgentium

501 5425 840 5478 commutatio
865 5440 878 5475 :
903 5438 1021 5477 cum
1048 5432 1222 5478 autem
1252 5423 1356 5477 ait:
1376 5421 1558 5476 Beatus
1582 5422 1665 5492 qui
1691 5420 1975 5474 sustinuerit
2000 5419 2066 5472 ad

503 5518 608 5570 dies
635 5517 773 5570 mille
798 5525 1040 5570 trecentos
1064 5517 1266 5585 triginta
1292 5517 1524 5585 quinque.
1553 5529 1727 5568 rerum
1751 5513 2067 5566 immutatio-

508 5623 628 5662 nem
657 5605 907 5662 declarat.
931 5606 1110 5676 Neque
1137 5606 1443 5673 simpliciter
1464 5605 1616 5667 dixit,
1639 5604 1724 5674 qui
1749 5604 2064 5672 pervenerit,

505 5713 702 5762 verum,
729 5697 813 5768 qui
854 5697 1144 5752 sustinuerit
1187 5707 1231 5750 et
1271 5696 1543 5765 pervenerit
1581 5711 1600 5748 :
1641 5694 1887 5764 quoniam
1927 5694 2066 5748 enim

506 5791 654 5846 multi
685 5804 897 5853 eorum,
927 5789 1015 5859 qui
1044 5786 1372 5858 impietatem
1392 5795 1795 5856 perpetrarunt,
1828 5787 2069 5843 viderunt

1181 371 1237 428 S.
1277 368 1552 426 JOANNIS
1585 357 2053 424 CIIRYSOSTOMI
2093 356 2226 414 ΑΒΕ
2245 358 2424 414 lllEP.
2464 351 2993 413 CONSTANTINOP.

3609 350 3713 405 896

2145 473 2630 532 commutationem.
2661 487 2764 524 non
2792 486 2885 525 eos
2907 468 3214 535 simpliciter
3237 467 3368 521 dixit
3394 468 3596 530 beatos,
3627 471 3722 526 sed

2142 580 2238 620 eos
2264 565 2349 634 qui
2391 564 2748 619 testimonium
2793 564 3126 632 praebuerant
3156 563 3206 616 in
3246 562 3435 617 diebus
3477 562 3722 617 afflictio—

2145 673 2292 717 num.
2338 671 2486 710 neca
2517 657 2708 725 pietate
2753 655 3122 712 desciverant:
3167 655 3359 710 deinde
3406 667 3730 726 consequar.

2147 758 2269 800 sunt
2297 747 2671 801 relaxationem
2702 746 2742 798 ⁸.
2772 744 2894 800 Ideo
2939 759 3040 798 non
3085 745 3394 815 simpliciter
3431 747 3603 810 dixit,
3637 746 3730 814 qui

2146 837 2446 905 pervenerit
2471 853 2484 888 :
2514 836 2607 890 sed
2633 836 2716 906 qui
2745 837 3036 890 sustinuerit
3070 849 3114 889 et
3153 838 3445 906 pervenerit.
3474 837 3613 905 Quid
3643 838 3730 894 his

2145 941 2264 980 esse
2295 935 2467 996 potest
2489 925 2803 980 dilucidius?
2831 925 2990 980 Vides
3015 967 3029 988 .
3058 936 3112 981 ut
3137 943 3238 980 non
3267 943 3433 997 usque
3462 929 3529 981 ad
3557 943 3756 983 annos.

2145 1029 2232 1070 aut
2260 1032 2488 1080 menses,
2513 1016 2607 1070 sed
2639 1015 2704 1069 ad
2729 1032 2892 1070 unum
2924 1031 3090 1086 usque
3118 1018 3253 1071 diem
3281 1033 3487 1072 summa
3519 1033 3648 1072 cura
3675 1029 3730 1074 et

2146 1109 2504 1176 captivitatem
2524 1118 2578 1164 et
2599 1108 2918 1176 captivitatis
2938 1109 3253 1162 solutionem
3283 1110 3587 1180 praedixerit
3606 1125 3729 1179 pro-

2148 1201 2323 1269 pheta.
2355 1200 2529 1269 Atque
2557 1208 2612 1253 ut
2637 1199 2812 1254 sciatis
2837 1214 2925 1254 me
2955 1213 3061 1253 non
3091 1215 3157 1253 ex
3185 1202 3508 1267 conjecturis
3540 1201 3684 1267 loqui
3708 1243 3726 1266 ,

2146 1309 2241 1364 age
2281 1292 2610 1362 proferamus
2655 1303 2710 1347 et
2754 1291 2915 1346 alium
2971 1302 3156 1347 testem
3201 1307 3386 1347 eorum
3426 1309 3546 1363 qua:
3587 1294 3728 1348 dicta

2147 1396 2290 1452 sunt,
2321 1402 2479 1456 quem
2507 1386 2580 1440 illi
2617 1385 2986 1456 gravissimum
3028 1383 3222 1437 habent
3245 1392 3540 1445 auctorem,
3572 1383 3726 1438 luse-

2148 1479 2309 1549 phum
2337 1480 2545 1550 loquor,
2574 1478 2662 1548 qui
2689 1477 3012 1532 calamitates
3044 1477 3250 1530 illorum
3282 1476 3504 1545 tragicas
3527 1476 3730 1529 descri-

2150 1571 2289 1640 psit,
2330 1585 2392 1626 ac
2436 1579 2588 1624 vetus
2626 1576 2996 1624 testamentum
3037 1581 3193 1620 omne
3236 1567 3374 1620 velut
3416 1567 3730 1635 paraphrasi

2148 1663 2317 1716 fusius
2344 1660 2645 1731 explicavit.
2695 1660 2784 1730 qui
2814 1658 2913 1712 fuit
2955 1667 3074 1728 post
3099 1656 3295 1711 Christi
3325 1657 3648 1722 adventum,
3676 1666 3729 1712 et

2147 1753 2502 1822 captivitatem
2518 1752 2584 1805 ab
2604 1751 2721 1821 ipso
2741 1749 3044 1820 praadictam
3073 1763 3513 1811 commemorans,
3541 1748 3610 1801 de
3631 1747 3729 1800 hac

2148 1861 2359 1916 quoque
2384 1844 2656 1911 disseruit,
2685 1841 2913 1896 Danielis
2929 1842 3184 1896 visionem
3205 1855 3481 1906 enarrans,
3500 1839 3571 1893 de
3592 1842 3726 1892 arieo

2150 1948 2222 2004 te,
2253 1938 2320 1992 de
2345 1937 2512 2000 hirco,
2542 1935 2610 1990 de
2645 1944 2870 2004 quatuor
2907 1935 3155 1989 cornibus
3179 1975 3194 2000 ,
3216 1933 3282 1988 de
3314 1943 3583 2002 postremo
3613 1941 3731 2001 pust

2146 2029 2241 2087 illa
2267 2036 2473 2084 exorto.
2509 2027 2578 2082 Et
2607 2041 2671 2082 ne
2696 2027 2814 2096 quis
2857 2035 3099 2097 suspecta
3140 2024 3330 2079 habeat
3370 2040 3488 2093 qua:
3517 2038 3549 2077 a
3577 2024 3731 2078 nobis

2148 2120 2290 2176 dicta
2317 2120 2531 2183 fuerint,
2553 2134 2651 2190 age
2672 2117 2964 2174 referamus
2989 2126 3043 2172 et
3064 2117 3205 2170 illius
3233 2116 3412 2170 verba.

2219 2210 2429 2282 Josephi
2473 2210 2612 2265 locus
2647 2208 2880 2263 Iudaicae
2927 2208 3262 2277 antiquitatis,
3299 2206 3360 2259 L.
3404 2207 3490 2262 10.
3538 2222 3589 2260 c.
3639 2206 3729 2260 11.

2151 2306 2239 2360 12.
2268 2335 2340 2346 -
2368 2304 2498 2360 Cum
2536 2303 2678 2360 enim
2705 2301 2973 2358 laudasset
3005 2301 3290 2362 Danielem,
3319 2313 3585 2368 supraque
3615 2313 3731 2353 mo-

2150 2395 2277 2450 dum
2296 2394 2590 2457 extulisset,
2608 2392 2813 2449 ueteris
2829 2390 3073 2446 omnibus
3094 2389 3361 2460 prephetis
3378 2397 3730 2457 anteponens,

2151 2488 2218 2544 ad
2264 2490 2400 2541 hanc
2444 2484 2595 2540 venit
2645 2484 2923 2550 visionem,
2971 2491 3026 2538 et
3073 2481 3245 2535 dicit:
3276 2480 3505 2549 Reliquit
3553 2487 3731 2532 autem

2151 2577 2306 2634 nobis
2346 2591 2562 2632 suorum
2609 2576 2926 2644 scriptorum
2968 2581 3305 2627 monumenta
3329 2613 3344 2636 ,
3391 2571 3530 2629 unde
3579 2573 3734 2625 nobis

2153 2671 2309 2740 hujus
2331 2668 2623 2740 prophetiae
2648 2676 2885 2722 exactam
2908 2675 2961 2722 et
2985 2665 3335 2722 inevitabilem
3357 2664 3734 2718 certitudinem

2157 2762 2422 2834 prmstitit.
2467 2761 2557 2816 Ait
2579 2761 2720 2815 enim
2752 2779 2764 2813 :
2797 2759 2978 2823 Susis,
3003 2773 3122 2830 quae
3150 2757 3380 2813 Persidis
3407 2765 3490 2810 est
3534 2766 3735 2811 metro-

2154 2853 2312 2924 polis.
2343 2868 2467 2910 cum
2510 2853 2725 2908 exiisset
2761 2852 2815 2910 in
2851 2867 3095 2920 campum
3122 2865 3240 2904 cum
3280 2849 3438 2904 sociis
3465 2849 3576 2906 suis
3619 2853 3735 2918 qui-

2154 2945 2396 3010 busdam,
2417 2944 2593 3000 subito
2612 2952 2763 2999 terra:
2782 2953 2926 3015 motu
2946 2942 3394 3012 concussioncque
3413 2941 3626 3008 oborta,
3646 2958 3734 2996 re-

2154 3039 2336 3094 lictum
2394 3036 2558 3091 fuisse
2621 3035 2789 3090 solum
2848 3032 3168 3104 fugientibus
3219 3033 3442 3086 caeteris.
3498 3033 3565 3086 Et
3621 3033 3734 3100 ipse

2153 3129 2365 3200 quidem
2407 3142 2601 3198 pronus
2647 3127 2698 3180 in
2724 3125 2909 3180 faciem
2939 3124 3186 3188 concidit,
3229 3124 3436 3178 innixus
3475 3123 3736 3177 ambabus

2155 3222 2396 3277 manibus
2425 3237 2438 3273 :
2466 3220 2587 3274 dein
2611 3218 2698 3274 ubi
2719 3217 2976 3287 quiSpiam
2998 3224 3236 3286 tangeret
3259 3230 3400 3280 eum,
3427 3215 3737 3282 intereaque

2150 3316 2361 3386 iuberet
2400 3328 2614 3383 surgere
2636 3353 2652 3376 ,
2681 3326 2744 3366 ac
2784 3311 2964 3366 videre
3001 3325 3119 3379 qua:
3165 3317 3284 3378 post
3320 3307 3512 3360 multas
3549 3315 3736 3358 anates

2155 3409 2356 3465 civibus
2378 3416 2558 3464 essent
2582 3414 2838 3464 eventura
2862 3422 2876 3458 :
2896 3411 3074 3458 erecto
3102 3408 3446 3455 monstratum
3477 3399 3552 3451 ait
3574 3397 3738 3452 fuisse

2155 3505 2374 3560 arietem
2405 3502 2690 3573 ingentem,
2725 3499 2808 3554 cui
2852 3497 3015 3552 multa
3043 3494 3253 3566 quidem
3301 3501 3451 3547 enata
3483 3491 3593 3546 sint
3619 3505 3739 3544 cor—

2156 3612 2280 3666 nus,
2325 3595 2418 3651 sed
2446 3595 2632 3648 borum
2662 3602 2984 3664 postremum
3009 3588 3268 3645 excelsius
3312 3584 3476 3639 fuisse
3502 3584 3736 3638 caeteris.

2157 3688 2358 3752 Deinde
2383 3687 2659 3743 sustulisse
2701 3683 2884 3740 oculos
2908 3681 2973 3736 ad
3001 3695 3266 3745 occasum,
3295 3677 3599 3745 vidisseque
3625 3675 3738 3728 bir-

2158 3797 2301 3849 cutn,
2328 3779 2418 3850 qui
2446 3795 2540 3849 per
2562 3791 2738 3833 aerem
2767 3775 2963 3844 impetu
2989 3771 3275 3826 ferebatur.
3306 3767 3457 3822 Hunc
3485 3781 3739 3836 congres-

2159 3889 2278 3929 sum
2327 3871 2494 3926 fuisse
2536 3884 2654 3934 cum
2699 3867 2886 3933 ariete,
2933 3872 2986 3919 et
3015 3862 3262 3917 cornibus
3292 3861 3449 3914 ictum
3502 3859 3583 3912 his
3614 3874 3736 3913 eam

2159 3968 2212 4022 in
2241 3974 2434 4020 terram
2477 3960 2753 4030 deiecisse,
2797 3956 3260 4025 conculcasseque.
3291 3951 3487 4006 Deinde
3528 3949 3737 4020 hircum

2158 4057 2324 4112 fuisse
2348 4057 2514 4110 visum
2539 4051 2905 4110 excelsiorem.
2927 4063 2958 4102 e
2979 4046 3151 4101 fronte
3172 4044 3545 4114 producentem
3565 4057 3739 4096 contu

2160 4151 2485 4212 maximum;
2532 4161 2598 4202 eo
2647 4145 2832 4208 fracto,
2876 4143 2974 4196 alia
3019 4140 3313 4195 excrevisse
3356 4146 3620 4206 quatuor,
3670 4133 3737 4188 ad

2161 4239 2396 4310 singulos
2435 4237 2655 4292 obversa
2695 4243 2900 4288 ventos.
2950 4231 3026 4285 Ex
3053 4229 3136 4284 his
3175 4237 3349 4282 autem
3377 4226 3517 4280 aliud
3558 4226 3740 4278 minus

2162 4339 2401 4388 exortum
2427 4329 2590 4385 fuisse
2613 4327 2844 4397 scripsit,
2883 4323 3021 4392 quod
3051 4321 3285 4377 increvit.
3321 4319 3532 4373 Dicebat
3556 4325 3738 4370 autem

2162 4422 2250 4492 qui
2298 4422 2410 4475 haec
2455 4419 2528 4474 illi
2573 4416 2884 4473 ostendebat
2924 4415 3094 4478 Deus,
3143 4411 3375 4466 futurum
3425 4418 3478 4462 ut
3520 4419 3736 4476 gentem

2166 4513 2330 4583 ipsius
2353 4511 2658 4571 debellaret,
2689 4509 2873 4564 urbem
2902 4507 2954 4560 vi
2996 4511 3230 4573 caperet,
3263 4501 3511 4568 templum
3537 4500 3736 4565 expila-

2165 4614 2266 4671 ret,
2311 4619 2462 4663 sacra
2496 4600 2842 4672 prohiberet:
2871 4597 3101 4652 futurum
3140 4603 3315 4649 autem
3345 4591 3409 4646 ad
3451 4592 3565 4646 dies
3593 4593 3739 4644 mille

2166 4699 2420 4752 ducentos
2451 4694 2753 4764 nonaginta.

2238 4786 2522 4857 Explicatio
2551 4783 2755 4838 visionis
2787 4780 3029 4834 Danielis.
3059 4808 3130 4818 —
3157 4776 3280 4832 Haec
3325 4774 3535 4844 quidem
3562 4789 3621 4826 se
3664 4773 3738 4823 vi-

2167 4879 2308 4934 disse
2356 4877 2406 4931 in
2436 4891 2620 4944 campo
2653 4875 2800 4944 juxta
2845 4871 3007 4926 Susas
3054 4869 3238 4923 Daniel
3267 4866 3477 4934 scripsit
3509 4882 3523 4917 :
3552 4879 3737 4918 eorum

2166 4979 2342 5026 autem
2369 4983 2484 5036 qum
2518 4981 2610 5034 per
2633 4965 2803 5017 visum
2842 4968 3210 5031 apparuerant,
3241 4972 3269 5010 a
3301 4957 3406 5009 Deo
3435 4955 3744 5023 explicatio.

2168 5075 2289 5114 nem
2317 5057 2533 5125 supplex
2580 5055 2748 5123 petiit,
2779 5052 3084 5120 didicitque,
3129 5048 3269 5118 quod
3305 5047 3443 5100 aries
3484 5045 3744 5097 indicaret

2167 5166 2325 5222 regna
2357 5151 2634 5204 Persarum
2659 5161 2723 5202 ac
2750 5145 3044 5209 Medorum,
3073 5156 3267 5197 Cornua
3294 5153 3422 5194 vero
3462 5153 3615 5206 reges
3660 5138 3743 5189 fu-

2169 5252 2333 5307 turos,
2359 5251 2653 5296 extremum
2674 5247 2848 5292 autem
2871 5249 3054 5298 cornu,
3078 5242 3399 5302 pOStremum
3427 5243 3606 5297 regem
3628 5228 3744 5282 fore

2232 5420 2248 5450 ⁸
2285 5424 2392 5468 Post
2412 5417 2518 5465 haec
2550 5414 2697 5465 verba
2729 5411 2930 5462 inferius
2963 5411 3130 5474 posita,
3172 5405 3605 5474 deindeconseeuti
3640 5413 3747 5474 sunt

2167 5479 2535 5536 relaxationem,
2578 5479 2625 5525 in
2663 5475 2806 5524 latina
2838 5467 3026 5536 Erasini
3058 5469 3456 5536 interpretatione
3489 5467 3602 5536 ἡδέα
3633 5470 3749 5529 adji-

2167 5529 2357 5607 ciuntur
2379 5555 2391 5589 :
2418 5529 2734 5607 Nec-amplius
2756 5531 3072 5607 patiebantur,
3240 5529 3746 5607 uigil-RpW'

2178 5592 2259 5665 qui
2284 5617 2374 5653 non
2398 5592 2719 5665 perdurarent
2753 5592 2803 5648 in
2823 5604 3038 5665 tempore.
3054 5592 3323 5665 rerumtinis
3365 5605 3422 5665 ac
3459 5592 3749 5661 probationis

2180 5653 2408 5717 liciturum
2425 5675 2484 5712 ac
2505 5660 2755 5718 malorum,
2779 5666 2829 5708 ut
2847 5653 3089 5719 instabiles
3129 5655 3192 5719 in,
3217 5655 3350 5712 bono,
3378 5653 3748 5719 temporarime

2168 5715 2310 5780 amici
2329 5724 2667 5787 reperirentur.
2679 5715 2790 5778 una:
2801 5715 2910 5770 cum
2932 5721 2980 5768 in
2993 5718 3123 5768 nullo
3140 5718 3270 5766 edito
3283 5727 3446 5779 graece
3463 5715 3509 5765 in
3523 5715 3716 5776 nullaqe
3725 5724 3748 5762 δ

2170 5800 2276 5842 Mss.
2304 5785 2625 5849 reperiantur,
2646 5785 2756 5845 jure
2782 5788 3021 5845 expuncta
3044 5787 3172 5830 sunt.
