3832 6254
137 355 256 412 893

138 490 264 536 νου,
306 471 473 543 φησί·
498 472 604 527 Καὶ
659 471 909 539 ποιήσει’
944 471 1090 524 κατὰ
1127 469 1193 523 τὸ
1251 469 1476 538 θέλημα
1505 469 1711 534 αὑτοῦ,

139 556 248 608 καί
296 555 684 624 ὑψωθήσεται
738 556 836 610 καί
880 551 1429 624 μεγαλυνθήσεται·
1467 554 1561 606 καὶ⁵
1619 552 1716 623 τὴν

141 638 475 708 βλάσφημον
519 638 681 691 αὑτοῦ
740 637 963 709 γνώμην
1008 638 1200 704 λέγων,
1247 636 1604 708 προσέθηκεν,
1635 637 1716 688 ὅτι

155 719 293 772 Ἐπὶ
325 721 435 773 τὸν.
465 720 611 774 Θεὸν
647 720 765 774 τῶν
799 719 950 775 θεῶν
978 720 1235 784 λαλήσει
1265 718 1588 786 ὑπέρογκα,
1619 719 1719 771 καὶ

142 802 512 859 κατευθυνεῖ
525 802 699 872 μέχρι
725 803 832 858 τοῦ
861 800 1337 867 συντελεσθῆναι
1359 799 1472 867 τὴν
1500 798 1685 869 ὀργήν
1701 816 1713 829 ·

142 885 368 948 δεικνὺς
405 886 486 938 ὅτι
517 886 614 939 οὑκ
649 886 757 938 ἀπὺ
797 886 896 954 τῆς
941 885 1148 946 οἰκείας
1189 881 1431 953 γνώμης,
1460 882 1594 935 ἀλλά
1631 882 1719 936 διὰ

142 967 248 1039 τὴν
277 969 445 1040 ὀργὴν
489 967 582 1021 τοῦ
626 967 758 1021 Θεοῦ
787 966 885 1038 τὴν
926 966 1066 1020 κατά
1102 965 1210 1018 τῶν
1244 965 1510 1018 Ἰουδαίων
1543 965 1718 1029 οὕτως

143 1050 360 1113 ἐκεῖνος
399 1050 641 1121 ἐκράτει.
670 1049 852 1102 Εἰπὼν
880 1050 935 1103 δέ
961 1050 1027 1103 δι’
1051 1049 1249 1118 ἐτέρων
1270 1045 1526 1100 πλειόνων
1554 1048 1582 1099 6
1614 1050 1719 1100 Δα-

143 1133 296 1203 νιὴλ,
327 1135 428 1186 ὅσα
464 1133 609 1186 κακά
647 1133 937 1203 ἐργάσεται
969 1131 1066 1204 τὴν
1090 1131 1359 1198 Αἴγυπτον
1381 1131 1473 1182 καί
1491 1129 1588 1200 τὴν
1616 1129 1720 1182 Πα-

145 1213 452 1285 λαιστίνην,
482 1216 599 1278 πῶς
642 1215 915 1284 ἐπανήξει,
957 1220 1049 1268 καὶ
1090 1217 1234 1280 τίνος
1272 1213 1581 1278 καλοῦντος,
1623 1213 1720 1266 καὶ

147 1299 316 1363 ποίας
358 1301 536 1362 αἰτίας
588 1299 1126 1371 καταναγκαζούσης,
1176 1301 1323 1369 λέγει
1379 1299 1585 1362 λοιπὸν,
1623 1297 1718 1350 καὶ⁵

145 1381 250 1452 τὴν
283 1381 390 1434 τῶν
443 1381 648 1454 καιρῶν
698 1382 1020 1452 μεταϐολὴν,
1049 1386 1143 1437 καὶ
1194 1385 1275 1437 ὃτι
1325 1383 1618 1444 διελθόντες
1667 1380 1717 1433 οἰ

161 1463 413 1516 Ἰουδαῖοι
442 1465 528 1518 διὰ
555 1463 757 1518 τούτων
795 1464 1070 1530 ἁπάντων,
1091 1465 1372 1532 τεύξονταί
1403 1482 1548 1527 τινος
1577 1465 1720 1520 ἀντι·

147 1545 391 1618 λήψεως,
447 1547 677 1615 ἀγγέλου
735 1546 1075 1617 πεμφθέντος
1112 1551 1202 1624 ,εἰς
1235 1549 1335 1620 τὴν
1383 1548 1561 1602 αὐτῶν
1593 1548 1720 1618 βοή-

150 1631 327 1684 θειαν.
347 1631 441 1683 Ἐν
451 1629 530 1695 τῷ
549 1630 728 1698 καιρῷ
742 1632 850 1699 γὰρ
864 1632 1092 1696 ἐκείνῳ,
1111 1633 1293 1703 φησὶν,
1311 1633 1719 1699 ἀναστήσεται

150 1713 422 1782 Μιχαὴλ,
455 1716 487 1767 ό
515 1714 710 1782 ἄρχων
733 1717 766 1768 ό
783 1713 991 1784 μέγας,
1026 1719 1058 1770 ό
1081 1717 1421 1785 ἐφεστηκὼς
1446 1717 1544 1770 ἐπὶ
1576 1717 1718 1784 τοὺς

148 1796 328 1862 υἱοὺς
356 1795 463 1849 τοῦ
499 1795 649 1849 λαοῦ
672 1806 839 1861 σου⁶,
875 1798 972 1851 καί
997 1799 1166 1853 ἔσται
1216 1799 1418 1868 καιρὸς
1439 1801 1718 1868 θλίψεως,

151 1878 283 1945 οἷος
298 1882 369 1933 οὐ
387 1877 628 1948 γέγονεν
645 1878 744 1947 ἀφ’
756 1876 826 1935 οὗ
843 1881 1144 1950 γεγένηται
1165 1883 1338 1950 ἔθνος
1353 1883 1449 1936 ἑπί
1465 1881 1573 1950 τῆς
1583 1883 1718 1951 γῆς,

155 1964 258 2016 καί
281 1962 391 2027 ἕως
410 1961 514 2014 τοῦ
544 1963 750 2030 καιροῦ
778 1964 1032 2029 ἐκείνου,
1066 1966 1161 2019 καί
1189 1967 1256 2019 ἐν
1280 1967 1360 2031 τῷ
1381 1965 1560 2034 καιρῷ
1580 1966 1723 2019 ἐκείο

153 2064 246 2114 νῳ
291 2045 625 2110 σωθήσεται
659 2049 690 2099 ό
715 2047 864 2112 λαὸς
890 2046 1009 2113 πᾶς
1037 2050 1069 2101 ό
1101 2050 1364 2116 εὑρεθεὶς
1400 2047 1723 2118 γεγραμμέ-

152 2144 263 2194 νος
275 2127 678 2193 ἐντῷβιϐλίῳ,
695 2119 994 2196 τουτέστιν,
1024 2133 1072 2184 οί
1095 2133 1364 2203 σωτηρίας
1391 2133 1540 2196 ὄντες
1556 2133 1714 2196 ἀξιοι.

225 2219 298 2279 η’.
315 2212 474 2265 Ἀλλὰ
498 2212 555 2264 τὸ
586 2212 915 2283 ζητούμενον
936 2212 1087 2268 οθπω
1120 2215 1214 2268 καὶ
1238 2215 1332 2268 νῦν
1348 2215 1720 2268 ἀποδέδεικται

153 2297 311 2366 ἡμῖν.
363 2295 427 2346 Τί
465 2295 520 2347 δὲ
552 2294 708 2347 τοῦτό
755 2297 930 2362 ἐστιν;
968 2296 1088 2349 Ὀτι
1136 2297 1229 2350 καὶ
1260 2297 1481 2366 χρόνους
1525 2297 1722 2369 ῶρισεν

152 2379 342 2441 αὑτοῖς
394 2379 450 2430 ἐν
503 2379 616 2440 τοῖς
668 2381 857 2442 κακοῖς
888 2378 1117 2442 τούτοις,
1151 2379 1341 2450 ῶσπερ
1375 2381 1491 2432 ἐκεῖ
1527 2396 1722 2451 τετρα-

152 2460 316 2513 κόσια
351 2460 466 2530 ἐτη,
498 2461 591 2514 καὶ
625 2461 764 2531 μετά
812 2461 984 2516 ταῦτα
1029 2462 1396 2534 ἐϐδομήκοντα
1413 2463 1463 2516 δ.
1497 2463 1723 2533 Ἵδωμεν

149 2546 336 2598 τοίνυν
378 2547 470 2597 καὶ
518 2545 768 2608 ἐνταῦθα,
803 2544 856 2598 εἴ
882 2563 1000 2599 τινα
1044 2547 1229 2619 χρόνον
1273 2548 1460 2618 ὁρίζει.
1503 2547 1612 2600 Ποῦ
1657 2547 1723 2618 δὴ

150 2629 316 2682 τοῦτο
342 2629 485 2681 ἔστιν
514 2630 724 2697 εὑρεῖν;
763 2629 848 2682 Ἐν
872 2632 982 2694 τοῖς
1009 2629 1148 2700 μετά
1172 2630 1344 2685 ταῦτα
1370 2630 1722 2702 λεχθήσεσθαι

157 2715 458 2784 μέλλουσιν.
506 2711 719 2784 Ἐπειδὴ
749 2713 855 2785 γάρ
879 2714 948 2767 τὰ
976 2713 1146 2767 πολλὰ
1167 2715 1256 2767 καίΙ
1288 2715 1495 2784 μεγάλα
1525 2716 1723 2783 ἤκουσε

154 2798 326 2860 κακά,
352 2798 441 2851 τὸν
475 2797 819 2867 ἐμπρησμὸν,
846 2798 944 2866 τῆς
973 2797 1244 2860 πολιτείας
1268 2799 1367 2869 τὴν
1395 2800 1721 2870 ἀνατροπὴν,

154 2883 260 2941 τὴν
313 2882 418 2934 τῶν
464 2882 677 2934 οἰκείων
712 2880 1106 2951 αἰχμαλωσίαν,
1141 2880 1404 2952 ἐπεθύμει
1453 2883 1636 2937 λοιπὸν
1663 2885 1722 2937 τὸ

151 2965 308 3027 τέλος
331 2964 503 3017 αὑτῶν
538 2963 745 3032 μαθεῖν,
777 2963 869 3016 καὶ
895 2963 1045 3026 είτις
1072 2964 1224 3017 ἔσται
1281 2965 1387 3018 τῶν
1431 2967 1724 3038 συμφορῶν

154 3046 362 3100 τούτων
394 3046 682 3117 μεταϐολή.
714 3047 821 3099 Καὶ
844 3047 1059 3118 ἐρωτῶν
1087 3047 1269 3117 ἔλεγεν
1292 3047 1462 3113 οὕτως
1480 3064 1493 3078 ⁸
1525 3051 1720 3117 Κύριε,

156 3133 220 3183 τί
249 3129 320 3183 τὰ
346 3131 575 3198 ἔσχατα
616 3131 879 3193 τούτων;
917 3132 1025 3184 Καὶ
1054 3131 1185 3185 εἷπε
1204 3148 1218 3163 ·
1257 3132 1440 3200 Δεῦρο
1469 3134 1718 3202 Δανιὴλ,

157 3213 253 3265 ὅτι
283 3211 746 3282 ἑμπεφραγμένοι
811 3214 908 3266 καὶ
959 3215 1425 3284 ἐσφραγισμένοι
1457 3219 1512 3270 οἰ
1553 3219 1722 3286 λόγοι

158 3295 246 3364 (τὸ
275 3297 477 3363 ἀσαφὲς
521 3295 628 3348 τῶν
655 3297 956 3366 εἰρημένων
987 3299 1372 3372 αἰνιττόμενος)
1389 3299 1498 3367 ἕως
1513 3301 1722 3370 καιροῦ

155 3377 432 3444 πέρατος.
457 3374 589 3431 Εἶτα
607 3379 700 3432 καὶ
717 3377 814 3449 τὴν
831 3379 1007 3433 αἰτίαν
1033 3383 1165 3453 φησί
1193 3381 1292 3452 τῆς
1328 3385 1723 3455 συγχωρήσεως

155 3461 274 3514 τῶν
301 3461 504 3525 κακῶν,
526 3462 670 3528 Ἕως
682 3461 758 3514 ἂν
773 3463 1059 3533 ὲκλεγῶσι
1099 3464 1198 3518 καὶ
1220 3466 1595 3521 λευκανθῶσι
1621 3468 1721 3521 καί

155 3544 514 3612 πυρωθῶσιν
548 3547 600 3598 οἰ
647 3547 884 3611 πολλοὶ,
933 3549 1028 3603 καὶ
1063 3548 1453 3618 ἀνομήσωσιν
1490 3550 1719 3619 ἄνομοι,

158 3627 263 3682 καί
290 3627 605 3696 συνήσωσι
632 3628 854 3694 πάντες
871 3633 923 3684 οί
945 3631 1198 3698 ἀσεϐεῖς,
1233 3635 1329 3688 καί
1353 3639 1407 3690 οί
1433 3633 1723 3703 νοήμονες

156 3711 538 3780 συνήσωσιν.
569 3707 700 3764 Εἶτα
729 3712 818 3764 τὸν
847 3714 1036 3784 καιρὸν
1067 3715 1364 3786 προλέγων,
1394 3718 1516 3771 ὅσον
1543 3717 1722 3787 μέλλει

157 3796 409 3864 κατέχειν
439 3793 612 3847 ταῦτα
639 3793 706 3847 τά
735 3795 903 3862 δεινά,
935 3798 1128 3869 φησίψ
1167 3800 1298 3852 Ἀπὸ
1333 3799 1541 3868 καιροῦ
1573 3818 1721 3868 παρ-

157 3878 469 3943 αλλάξεως
528 3877 975 3947 ἐνδελεχισμοῦ.
1027 3881 1426 3953 Ἐνδελεχισμὸς
1482 3884 1724 3937 ἐκαλεῖτο

158 3963 195 4030 ή
223 3959 561 4031 καθημερινὴ
592 3960 750 4014 θυσία
774 3979 788 3992 ο
822 3962 883 4014 τὸ
903 3962 1010 4034 γὰρ
1037 3965 1723 4036 ἐνδελεχέςτὸπυκνόνέστι

161 4043 329 4096 καὶτὸ
351 4043 586 4112 συνεχές.
608 4044 731 4106 Τοῖς
761 4045 869 4116 γὰρ
908 4046 1178 4112 Ἰουδαίοις
1226 4048 1346 4112 ἔθος
1393 4046 1460 4120 ἦν
1516 4053 1610 4103 καὶ
1665 4053 1723 4104 ἐν

159 4125 370 4196 ἑσπέρα
393 4128 487 4178 καὶ
512 4126 618 4180 ὑπὸ
641 4127 738 4198 τὴν
769 4128 843 4180 ἐω
864 4128 986 4181 καθ’
1014 4131 1246 4201 ἑκάστην
1274 4133 1487 4203 ἡμέραν
1513 4134 1589 4204 τῷ
1605 4133 1722 4204 Θεῷ

158 4210 330 4262 θύεινο
382 4208 530 4282 [641]
571 4210 651 4263 διὸ
682 4211 779 4280 τὴν
829 4212 1017 4266 θυσίαν
1074 4215 1286 4288 ἐκείνην
1349 4217 1723 4288 ἐνδελεχισμὸν

157 4293 363 4346 ἐκάλει.
414 4294 563 4346 Ἐπεὶ
603 4289 696 4347 οῦν
738 4295 906 4348 ἐλθὼν
954 4299 982 4350 6
1020 4298 1285 4369 Ἀντίοχος
1321 4300 1476 4354 τοῦτο
1515 4302 1576 4354 τὸ
1606 4303 1725 4366 ἔθος

162 4377 444 4442 κατέλυσε,
493 4377 586 4430 καὶ
635 4377 987 4449 περιήλλαξεν
1021 4381 1170 4442 αὐτὸ,
1205 4385 1367 4452 φησὶν
1405 4386 1434 4437 6
1473 4384 1720 4452 ἄγγελος,

157 4463 248 4514 ὅτι
285 4461 416 4514 Ἀπὸ
459 4460 564 4514 τοῦ
608 4463 813 4529 καιροῦ
855 4463 966 4530 τῆς
989 4465 1298 4530 ἀλλάξεως
1343 4467 1447 4521 τοῦ
1485 4468 1720 4521 ἐνδελε-

162 4544 404 4612 χισμοῦ,
439 4545 736 4606 τουτέστιν,
774 4547 880 4598 ἀπὸ
905 4547 1004 4616 τῆς
1033 4549 1374 4614 καταλύσεως
1408 4551 1507 4621 τῆς
1535 4550 1723 4616 Θυσίας

165 4626 383 4696 ταύτης,
412 4627 620 4696 ἡμέραι
651 4629 834 4696 χίλιαι
854 4629 1147 4684 διακόσιαι
1177 4633 1560 4701 ἐνενήκοντα.
1588 4636 1723 4705 ὅπερ

160 4711 311 4763 ἐστὶν
351 4711 442 4781 ἐτη
473 4712 598 4784 τρία
635 4713 728 4764 καὶ
765 4713 935 4783 ἥμισυ
981 4717 1074 4768 καὶ
1103 4718 1297 4788 μικρόν
1326 4736 1378 4771 τι
1405 4720 1558 4790 πρός.
1591 4716 1723 4773 Εἶτα

155 4792 338 4862 δηλῶν
384 4794 463 4845 ὅτι
510 4793 802 4858 κατάλυσις
835 4797 984 4849 ἐσται
1017 4799 1123 4850 τῶν
1161 4800 1346 4852 κακῶν
1386 4802 1585 4854 τούτων
1631 4803 1723 4854 καὶ

156 4876 468 4947 ἀπαλλαγὴ,
523 4879 787 4948 ἐπήγαγεο
844 4880 1140 4949 Μακάριος
1186 4887 1218 4936 ό
1263 4885 1581 4952 ὑπομένων
1623 4887 1720 4939 καί

157 4957 394 5027 φθάσας
431 4962 519 5026 εἰς
555 4963 776 5030 ἡμέρας
809 4965 1005 5031 χιλίας
1037 4967 1379 5032 τριακοσίας
1411 4969 1724 5034 τριάκοντα

157 5040 360 5094 πέντε⁹
397 5045 516 5106 ταῖς
546 5045 744 5113 χιλίαις
770 5045 1068 5110 διακοσίαις
1095 5051 1418 5117 ἐνενήκοντα
1449 5068 1718 5123 τεσσαρα-

157 5126 486 5178 κονταπέντε
517 5128 794 5199 προσθείς.
843 5129 1055 5199 Ἐπειδὴ
1082 5131 1188 5202 γὰρ
1223 5134 1279 5184 ἐν
1315 5135 1442 5205 μηνὶ
1476 5137 1568 5188 καὶ
1597 5137 1723 5207 ἡμί-

158 5223 247 5259 σει
289 5208 454 5275 μηνὸς
492 5210 690 5280 συνέϐη
723 5210 974 5278 γενέσθαι
1003 5213 1101 5283 τὴν
1133 5214 1422 5284 συμϐολὴν,
1459 5219 1518 5269 ὲν
1552 5219 1719 5290 ταύτῃ

153 5291 190 5362 ή
237 5291 362 5360 νίκη
408 5294 438 5363 ή
468 5293 685 5363 καθαρὰ
720 5295 928 5362 γέγονε,
965 5299 1059 5348 καὶ
1100 5299 1132 5367 ὴ
1163 5301 1429 5371 παντελὴς
1458 5303 1567 5356 τῶν
1602 5305 1722 5358 ἐπι-

153 5374 426 5442 κειμένων
467 5379 652 5429 κακῶν
680 5377 982 5450 ἀπαλλαγή·
1013 5379 1180 5434 εἰπὼν
1212 5381 1290 5449 δέ,
1321 5384 1403 5437 ὅτι
1426 5386 1722 5454 Μακάριος

154 5461 188 5510 d
223 5459 548 5525 ὑπομείνας
575 5463 662 5526 εἰς
689 5460 910 5531 ἡμέρας
943 5466 1141 5532 χιλίας
1181 5470 1524 5535 τριακοσίας
1566 5487 1720 5536 τρια-

211 5623 249 5691 ξι
266 5622 456 5693 _Om‘ne§
475 5625 580 5693 fere
607 5641 719 5676 mss.
747 5627 831 5676 τοῦ
852 5628 969 5677 λαοῦ
1011 5647 1116 5689 σου,
1142 5631 1312 5682 Morel.
1348 5647 1467 5684 vero
1499 5641 1551 5684 el
1572 5636 1718 5688 Savil.

148 5686 239 5734 τοῦ
266 5686 381 5732 λαοῦ
406 5687 568 5736 αὑτοῦ.

218 5743 247 5819 ῒξ
270 5748 351 5794 Sic
368 5747 524 5819 §ayilf
550 5755 602 5797 et
623 5755 815 5819 seplgm
838 5765 951 5819 mss}.
983 5752 1166 5819 _Mo_ntf:
1191 5756 1350 5819 ὥσπερ
1391 5759 1488 5805 ἐκεῖ
1531 5761 1594 5815 εἰς
1636 5763 1720 5818 τήν

148 5808 574 5879 πρώτην-δουλείαν
596 5808 718 5879 τετρ.
741 5813 840 5879 έτῃ,
857 5814 936 5860 καὶ
960 5814 1022 5869 εἰς
1040 5816 1122 5870 τὴν
1147 5808 1361 5879 δευτέραν
1381 5821 1477 5868 ἑϐδ.
1505 5808 1622 5878 Quae
1645 5808 1716 5871 inl-

151 5871 529 5926 terlmlaliunem
549 5871 756 5932 sapiunt.
785 5873 919 5920 Εοιτ.

219 5932 245 5963 ο
271 5931 350 5979 Sic
377 5931 524 5983 Savil.
555 5931 614 5983 εἰ
626 5938 816 5994 septem
839 5948 952 5985 mss.
977 5934 1254 5997 Legebalur
1276 5940 1621 5998 ἀσεϐησάντων.

1415 349 1780 408 ADVERSUS
1814 347 2124 408 JUDAEOS.
2154 349 2220 404 ν.

3272 347 3376 406 896

1823 466 2202 530 xowaxérta,
2266 464 2363 534 τὴν
2421 465 2736 535 ἀπαλλαγὴν
2797 462 3048 535 ἐδήλωσε.
3110 459 3224 515 Καὶ
3279 465 3377 535 οὐχ

1820 549 2004 612 ἀπλῶς
2029 544 2200 612 εἶπεν,
2227 550 2255 601 6
2285 547 2515 616 φθάσας,
2547 548 2659 601 ἀλλ’
2691 551 2756 601 ὐ
2783 546 3096 616 ὑπομένων
3116 543 3212 598 καί
3239 548 3378 613 φθά-

1820 647 1955 699 σας.
1996 630 2208 700 Ἐπειδὴ
2241 631 2348 701 γὰρ
2379 630 2559 683 πολλοὶ
2583 631 2692 684 τῶν
2709 629 3041 683 ἀσεϐούντων
3059 639 3082 667 ε
3115 623 3253 680 εἶδον
3279 628 3379 696 τὴν

1822 715 2142 787 μεταϐολὴν,
2191 716 2289 768 οὑκ
2341 714 2580 777 ἐκείνους
2630 713 2919 784 μακαρίζει
2976 712 3181 776 ἁπλῶς,
3242 709 3377 764 ἀλλὰ

1818 799 1944 862 τοὺς
1973 801 2030 852 ἐν
2060 801 2170 862 τοῖς
2201 799 2412 869 καιροῖς
2437 796 2542 848 τῶν
2569 796 2751 849 κακῶν
2781 797 3249 868 μαρτυρήσαντας,
3283 793 3378 847 καὶ

1823 881 1896 951 μὴ
1953 881 2242 952 προδόντας
2297 880 2394 951 τὴν
2452 879 2749 942 εὐσέϐειαν,
2811 877 2927 932 εἶτα
2967 880 3226 948 τυχόντας
3276 877 3377 946 τῆς

1819 964 2068 1028 ἀνέσεως.
2099 963 2196 1018 Διά
2213 963 2371 1017 τοῦτο
2384 965 2481 1034 οὑχ
2506 963 2690 1026 ἁπλῶς
2707 959 2880 1025 εἶπεν,
2921 962 2982 1016 '0
3007 959 3241 1032 φθάσας,
3261 960 3377 1014 ἀλλ’

1830 1045 1893 1098 '0
1945 1049 2271 1116 ὑπομείνας
2324 1047 2423 1100 καί
2468 1047 2721 1116 φθάσας.
2750 1043 2894 1118 ’Λρα
2938 1046 2992 1098 τί
3054 1045 3236 1099 τούτου
3291 1063 3379 1100 σα-

1821 1129 2076 1199 φέστερον
2121 1130 2316 1199 γένοιτ’
2361 1130 2454 1196 ἀν;
2499 1130 2659 1200 Ὁρᾷς
2708 1129 2824 1193 πῶς
2872 1129 2932 1182 οὐ
2981 1129 3137 1198 μόνον
3191 1128 3378 1200 μέχρις

1819 1214 2078 1267 ἐνιαυτῶν
2123 1215 2218 1266 κα)⁴
2257 1214 2462 1284 μηνῶν,
2509 1214 2642 1267 ἀλλά
2681 1213 2776 1267 καὶ
2823 1214 2926 1275 ἕως
2964 1211 3176 1282 ἡμέρας
3227 1214 3375 1282 μιᾶς,

1821 1295 1944 1365 μετ’
1976 1295 2258 1365 ἀκριϐείας
2285 1297 2501 1366 ἀπάσης
2521 1297 2616 1350 καὶ
2641 1289 2740 1368 τὴν
2765 1295 3136 1366 αἰχμαλωσίαν
3160 1298 3252 1347 καὶ
3279 1293 3379 1365 τήν

1819 1379 2136 1450 ἀπαλλαγὴν
2167 1381 2266 1449 τῆς
2288 1379 2660 1449 αἰχμαλωσίας
2696 1377 3148 1450 προανεφώνησεν
3183 1381 3212 1431 ό
3242 1394 3375 1447 προσ

1820 1463 2030 1531 φήτης;
2066 1463 2175 1516 Καὶ
2213 1464 2295 1515 ὅτι
2323 1463 2496 1516 ταῦτα
2532 1463 2591 1514 οὐ
2630 1461 3016 1532 στοχαζόμενος
3056 1462 3217 1528 λέγω,
3247 1460 3377 1531 φέρε

1820 1545 1914 1597 καὶ
1953 1545 2136 1616 ἕτερον
2168 1547 2277 1598 τῶν
2310 1546 2610 1617 εἰρημένων
2650 1548 3057 1616 παραγάγωμεν
3105 1547 3374 1615 μάρτυρα,

1819 1627 1878 1680 ὃν
1907 1628 2140 1698 μάλιστα
2181 1629 2487 1693 ἀξιόπιστον
2523 1625 2658 1682 εἶναι
2705 1629 3034 1699 νομίζουσιν,
3077 1628 3377 1698 Ἰὠσηππον

1820 1709 1982 1779 λέγω,
2017 1713 2107 1764 τὸν
2141 1713 2233 1764 καὶ
2273 1713 2371 1776 τὰς
2405 1713 2686 1784 συμφορὰς
2723 1713 2899 1766 αὐτῶν
2931 1713 3374 1782 τραγῳδήσαντα,

1821 1795 1914 1846 καὶ
1936 1794 2031 1865 τὴν
2059 1795 2299 1850 Παλαιὰν
2332 1795 2599 1866 Διαθήκην
2633 1796 3064 1867 παραφράσαντα
3098 1798 3294 1849 πᾶσανο
3319 1795 3377 1858 ὃς

1825 1882 1961 1951 μετὰ
2005 1883 2102 1954 τὴν
2149 1883 2241 1936 τοῦ
2291 1883 2524 1953 Χριστοῦ
2575 1885 2870 1954 παρουσίαν
2917 1885 3222 1954 γενόμενος,
3284 1887 3380 1938 καὶ

1820 1964 1918 2036 τὴν
1959 1965 2332 2034 αἰχμαλωσίαν
2370 1965 2467 2037 τήν
2515 1967 2609 2019 ὑπ’
2639 1967 2802 2019 αὑτοῦ
2855 1967 3254 2038 προρρηθεῖσαν
3297 1971 3377 2019 εἰ·

1822 2045 1959 2109 πὼν,
2011 2048 2104 2099 καὶ
2154 2048 2280 2118 περί
2327 2048 2529 2118 ταύτης
2580 2049 2822 2120 διελέχθη
2871 2050 2968 2120 τῆς
3005 2049 3379 2119 αἰχμαλωσίας

1821 2129 1921 2198 τῆς
1947 2130 2262 2200 γενομένης,
2283 2131 2379 2202 τὴν
2415 2131 2506 2184 τοῦ
2532 2133 2804 2202 προφήτου
2826 2130 3139 2202 ἑρμηνεύων
3165 2132 3374 2202 ὅρασιν,

1820 2212 1919 2282 τὴν
1944 2211 2035 2266 ἐπὶ
2058 2212 2153 2265 τοῦ
2183 2215 2336 2285 κριοῦ
2364 2215 2460 2267 καὶ
2503 2213 2597 2267 τοῦ
2619 2217 2820 2285 τράγου
2851 2216 2944 2267 καὶ
2963 2214 3069 2267 τῶν
3101 2215 3382 2284 τεσσάρων

1822 2296 2088 2366 κεράτων,
2113 2298 2208 2351 καὶ
2231 2297 2324 2350 τοῦ
2345 2298 2572 2368 ὑστέρου
2599 2297 2691 2350 τοῦ
2717 2297 2830 2368 μετ’
2849 2297 3029 2351 ἐκεῖνα
3044 2299 3378 2360 ἀνελθόντος.

1822 2377 1933 2432 Καὶ
1975 2379 2064 2433 ἶνα
2093 2381 2165 2450 μή
2198 2397 2282 2444 τις
2307 2379 2584 2453 ὑποπτεύῃ
2621 2381 2687 2433 τὰ
2736 2381 2864 2452 παρ’
2896 2381 3050 2452 ήμῶν
3094 2381 3378 2452 εἰρημένα,
3467 2411 3474 2420 ι

1823 2463 1955 2532 φέρε
1989 2463 2081 2515 καὶ
2115 2462 2281 2526 αὑτὰς
2324 2463 2694 2534 παραθώμεθα
2731 2464 2831 2526 τάς
2863 2466 3046 2534 ῥήσεις
3078 2464 3304 2516 ἐκείνου.

1904 2544 2223 2610 Ἐπαινέσας
2280 2546 2388 2617 γάρ
2431 2548 2523 2599 καὶ
2571 2547 2852 2616 θαυμάσας
2889 2549 2979 2600 τὸν
3017 2547 3211 2619 Δανιὴλ
3261 2547 3376 2618 μεθ’

1825 2628 2123 2699 ὑπερϐολῆς
2172 2631 2407 2700 ἀπάσης,
2453 2632 2546 2682 καὶ
2586 2631 2693 2682 τῶν
2731 2630 2903 2685 ἄλλων
2949 2632 3109 2686 αὑτὸν
3159 2631 3380 2702 προθεὶς

1824 2713 2114 2781 προφητῶν
2150 2713 2423 2775 ἁπάντων,
2453 2709 2582 2784 ἦλθε
2629 2714 2720 2766 καὶ
2758 2713 2850 2765 ἐπὶ
2889 2714 3091 2784 ταύτην
3128 2715 3226 2785 τὴν
3253 2715 3380 2785 ὅρα-

1826 2809 1930 2857 σιν,
1961 2795 2054 2846 καί
2095 2812 2255 2864 φησιν
2298 2794 2458 2847 οὕτω·
2510 2795 2780 2848 Κατέλιπε
2817 2795 2842 2835 ἀ
2875 2794 2931 2848 δέ
2963 2799 3198 2865 γραφὰς,
3255 2797 3379 2850 ὅθεν

1823 2879 1954 2947 ἡμῖν
1982 2878 2042 2931 τὸ
2077 2879 2174 2949 τῆς
2202 2878 2533 2949 προφητείας
2557 2879 2781 2951 ἀκριϐὲς
2809 2879 2974 2934 αὑτοῦ
3013 2881 3104 2934 καὶ
3134 2881 3380 2951 ἀπαράλ-

1823 2961 2016 3014 λακτον
2045 2963 2265 3032 ἐποίησε
2291 2962 2466 3032 δῆλον.
2502 2965 2636 3033 Φησί
2664 2964 2792 3034 γὰρ,
2831 2967 2888 3017 ἐν
2913 2965 3130 3028 Σούσοις
3162 2969 3225 3036 τῇ
3270 2983 3379 3036 μη-

1821 3044 2070 3115 τροπόλει
2105 3045 2202 3114 τῆς
2234 3045 2491 3116 Περσίδος
2531 3046 2762 3110 ἐξελθεῖν
2821 3049 2918 3117 μὲν
2965 3051 3043 3112 εἰς
3092 3049 3153 3101 τὸ
3199 3050 3378 3102 πεδίον

1826 3126 1962 3197 μετά
2011 3127 2240 3198 ἑταίρων
2274 3128 2436 3181 αὑτοῦ
2473 3129 2652 3182 τινῶν·
2701 3129 2921 3199 σεισμοῦ
2959 3131 3016 3183 δὲ
3057 3133 3150 3185 καὶ
3190 3131 3378 3185 κλόνου

1821 3212 1919 3282 τῆς
1951 3211 2052 3281 γῆς
2086 3211 2341 3280 ἐξαίφνης
2381 3213 2692 3281 γενομένου,
2725 3214 3146 3284 καταλειφθῆναι
3197 3215 3375 3286 μόνον,

1822 3296 2098 3364 φυγόντων
2126 3295 2232 3348 τῶν
2243 3296 2444 3365 φίλων.
2469 3298 2574 3350 Καὶ
2604 3301 2785 3350 πεσεῖν
2819 3299 2916 3369 μὲν
2948 3300 3038 3351 ἐπὶ
3068 3299 3260 3369 στόμα,
3285 3301 3377 3352 καί

1823 3378 2177 3448 στηριχθῆναι
2205 3380 2297 3430 ἐπὶ
2329 3379 2427 3442 τὰς
2457 3379 2549 3432 δύο
2585 3383 2784 3453 χεῖρας·
2819 3381 2958 3444 τινὸς
2986 3382 3042 3434 δὲ
3073 3382 3380 3452 ἁπτομένου

1821 3460 1982 3514 αὑτοῦ
2023 3473 2046 3499 θ
2079 3461 2170 3514 καὶ
2211 3460 2411 3530 μεταξὺ
2449 3462 2755 3525 κελεύοντος
2805 3464 3119 3533 ἀναστῆναι,
3173 3467 3264 3518 καὶ
3309 3466 3379 3518 τὰ

1825 3544 2084 3614 μέλλοντα
2116 3545 2481 3616 συμϐήσεσθαι
2514 3552 2623 3610 τοῖς
2651 3547 2888 3610 πολίταις
2924 3549 3048 3600 ἰδεῖν
3080 3551 3214 3618 μετά
3245 3551 3376 3603 πολ-

1821 3626 1917 3689 λὰς
1951 3626 2160 3696 γενεὰς,
2184 3628 2473 3680 ἀναστάντι
2501 3629 2648 3698 αὑτῷ
2680 3630 2950 3701 δειχθῆναι
2989 3632 3138 3701 κριὸν
3183 3633 3377 3702 μέγαν,

1822 3709 1989 3762 πολλά
2021 3710 2118 3780 μὲν
2149 3711 2491 3779 ἐκπεφυκότα
2517 3712 2737 3781 κέρατα,
2773 3713 2834 3764 τὸ
2863 3713 2919 3764 δὲ
2947 3714 3251 3766 τελευταῖον
3278 3717 3376 3768 αὑ-

1821 3791 1928 3843 τῶν
1948 3792 2271 3863 ὑψηλότερον
2295 3795 2500 3864 έχοντα.
2529 3795 2754 3848 Ἔπειτα
2783 3796 3072 3865 ἀναϐλέψαι
3099 3797 3246 3868 [6421
3279 3799 3380 3868 μὲν

1823 3874 1958 3944 πρὸς
1990 3861 2088 3946 τήν
2126 3861 2295 3938 δύσιν,
2324 3861 2618 3930 θεάσασθαι
2647 3877 2703 3930 δέ
2753 3880 2948 3949 τράγον
2985 3861 3051 3932 δι’
3083 3861 3246 3950 ἀέρος’
3281 3861 3376 3949 φε-
3421 3861 3430 3882 ’

1829 3956 2067 4028 ρόμενον·
2107 3959 2444 4030 συρρήξαντα
2491 3960 2547 4014 δὲ
2598 3961 2674 4031 τῷ
2712 3961 2868 4033 κριῷ,
2899 3963 2992 4015 καὶ
3034 3966 3145 4026 τοῖς
3184 3965 3379 4035 κέρασι

1826 4041 2098 4112 πλήξαντα
2124 4044 2205 4108 δὶς
2231 4045 2553 4097 καταϐαλεῖν
2587 4046 2746 4099 αὑτὸν
2778 4047 2869 4099 ἐπὶ
2900 4048 2998 4117 τῆς
3025 4047 3126 4117 γῆς
3154 4049 3246 4100 καὶ
3276 4065 3378 4101 πα-

1823 4127 2003 4196 τῆσαι.
2054 4123 2186 4181 Εῑτα
2227 4128 2317 4182 τδν
2358 4129 2556 4199 τράγον
2596 4129 2719 4182 ἰδεῖν
2768 4130 3114 4202 ὑψηλότερον,
3169 4133 3233 4184 ἐκ
3283 4131 3376 4186 τοῦ

1828 4208 2076 4277 μετώπου
2102 4211 2350 4281 μέγιστον
2374 4212 2720 4280 ἀναφύσαντα
2741 4215 2927 4283 κέρας’
2955 4208 3015 4267 οὗ
3037 4214 3375 4280 κλασθέντος,

1823 4293 1956 4346 ἀλλα
1993 4296 2395 4364 ἀναϐλαστῆσαι
2435 4300 2674 4368 τέσσαρα
2710 4299 2833 4350 καθ’
2857 4299 3083 4352 ἕκαστον
3123 4301 3228 4354 τῶν
3263 4303 3378 4355 ἀνέ-

1827 4394 1941 4446 μων
1966 4379 2334 4449 τετραμμένα’
2369 4379 2626 4444 ἐξαύτῶν
2657 4381 2712 4432 δέ
2744 4383 2995 4453 ἀνασχεῖν
3028 4384 3119 4436 καὶ
3147 4385 3272 4438 ἄλλο
3297 4404 3378 4456 μι-

1801 4462 2078 4533 -κρότερον
2104 4463 2398 4534 ἐνέγραψεν
2418 4463 2681 4534 αὐξῆσαν.
2715 4465 2903 4534 Ἔλεγε
2941 4466 2996 4518 δὲ
3023 4467 3168 4536 αὑτῴ
3197 4473 3224 4520 6
3251 4468 3378 4521 ταῦο

1821 4559 1890 4595 τα
1917 4545 2220 4608 ἐπιδεικνὺς
2246 4546 2397 4611 Θεὸς,
2427 4547 2752 4618 πολεμήσειν
2781 4547 2944 4600 αὑτοῦ
2975 4549 3037 4601 τὸ
3069 4551 3238 4616 ἔθνος,
3283 4553 3378 4610 καὶ

1822 4629 1919 4697 τὴν
1946 4629 2096 4681 πόλιν
2125 4630 2435 4701 ἀναιρήσειν
2461 4632 2597 4684 κατά
2635 4631 2852 4702 κράτος,
2888 4633 2979 4684 καὶ
3007 4633 3252 4703 συλήσειν
3285 4635 3379 4688 τὸν

1823 4714 1946 4764 ναὸν
1977 4712 2018 4778 ί,
2067 4715 2160 4766 καὶ
2202 4716 2299 4776 τάς
2345 4715 2529 4776 θυσίας
2571 4715 2850 4768 κωλύσειν·
2890 4717 3138 4783 γενέσθαι
3183 4717 3240 4772 δέ
3289 4719 3378 4794 ἐφ’

1822 4796 2031 4866 ἡμέρας
2058 4797 2230 4867 χιλίας
2249 4799 2523 4862 διακοσίας
2549 4802 2888 4868 ἐνενήκοντα.

1893 4877 2076 4932 Ταῦτα
2113 4881 2208 4950 μὲν
2238 4882 2362 4934 ἰδεῖν
2391 4882 2447 4935 ἐν
2473 4883 2550 4951 τῷ
2577 4883 2740 4952 πεδίῳ
2774 4882 2851 4953 τῷ
2881 4884 2938 4936 ἐν
2967 4883 3184 4948 Σούσοις
3215 4886 3246 4938 6
3269 4888 3375 4938 Δα-

1823 4961 1940 5032 νιὴλ
1966 4963 2260 5036 ἀνέγραψε·
2289 4967 2468 5036 κρῖναι
2501 4967 2555 5022 δέ
2585 4967 2733 5036 αὐτῷ
2765 4968 2865 5038 τὴν
2894 4967 3014 5036 ὄψιν
3044 4967 3137 5020 τοῦ
3173 4971 3376 5037 φαντά-

1825 5061 2025 5114 σματος
2057 5047 2243 5116 ἐδήλου
2271 5049 2362 5100 τὸν
2386 5048 2537 5099 Θεόψ
2562 5048 2620 5111 ὃς
2643 5049 2733 5101 τὸν
2764 5051 2788 5088 3
2815 5051 2912 5119 μὲν
2937 5051 3088 5121 κριὸν
3106 5051 3374 5121 βασιλείας

1821 5136 1919 5199 τὰς
1974 5137 2198 5208 Περσῶν
2251 5139 2342 5190 καὶ
2389 5139 2585 5208 Μήδων
2631 5139 2908 5209 σημαίνειν
2944 5139 3169 5209 ἔφασκε,
3215 5143 3284 5196 τά
3315 5145 3373 5197 δὲ

1821 5222 2026 5292 κέρατα
2053 5223 2176 5296 τους
2205 5221 2504 5291 βασιλεύειν
2539 5223 2844 5292 μέλλονταςο
2878 5224 2938 5277 τὸ
2960 5226 3015 5277 δὲ
3041 5226 3264 5296 ἔσχατον
3293 5229 3375 5281 κέο

1823 5321 1922 5373 ρας
1981 5292 2260 5376 σημαίνειν
2301 5307 2388 5358 τὸν
2438 5307 2659 5376 ἔσχατον
2709 5307 2928 5377 βασιλέα
2975 5308 3064 5362 τὸν
3105 5292 3374 5381 ’μέλλοντα

1881 5449 2064 5517 (Illaec,
2088 5454 2253 5517 munis
2274 5453 2404 5503 vitiis
2429 5467 2459 5504 e
2481 5453 2660 5505 Savilio
2679 5460 2928 5517 correctis,
2955 5457 3035 5507 vix
3061 5457 3295 5509 diﬂ‘erunt
3312 5462 3375 5511 ab

1821 5512 1966 5561 editis
1988 5513 2201 5576 Josephi.
2231 5517 2363 5564 Em-r.

1886 5584 1908 5611 ε
1931 5576 2078 5652 Βρνίἰ.
2101 5577 2255 5652 στόμα
2271 5579 2545 5652 ταραχθεὶς..
2554 5578 2628 5626 ἐπὶ
2647 5578 2728 5634 τὰς
2746 5579 2827 5652 δύο
2847 5581 3004 5652 χεῖράς
3027 5597 3148 5652 τινος
3165 5584 3372 5646 ἁπτομέ-

1820 5653 1904 5699 νου,
1922 5636 2085 5694 αὑτοῦ,
2108 5644 2160 5684 el
2179 5652 2322 5699 supra
2335 5636 2650 5694 ’ὡς’ἐξέλθοι...
2674 5636 3002 5699 nat-515501;...
3023 5636 3184 5691 πέσον.

1891 5698 1908 5767 ί
1935 5699 2082 5767 Savil:
2106 5698 2428 5767 et‘octamgs.
2461 5703 2542 5767 καὶ
2562 5702 2645 5767 τῂν
2665 5701 2798 5767 πόλιν
2821 5698 3028 5767 αἱρήσειν
3059 5707 3374 5767 κατακράτος,

1823 5763 1901 5809 καὶ
1922 5760 2108 5843 σὲιγχεῖν
2131 5760 2190 5806 τὰ
2207 5762 2310 5843 περὶ
2333 5762 2412 5809 τὸν
2432 5763 2557 5810 ναόν.
2584 5762 2801 5819 δῖοι-..τήν
2829 5760 3062 5812 πολιτείαν
3085 5760 3371 5843 ἁναιρῆσεινξ

1889 5825 1911 5843 L'
1960 5825 2035 5843 Ἀ-
2063 5833 2158 5843 MA.‘
2200 5829 2243 5843 Ab
2299 5836 2352 5843 -.ι
2402 5841 2453 5843 __.
2487 5831 2688 5843 _,‘__.~_.__
2744 5826 2867 5843 f5’,‘.,
2931 5826 2968 5843 ..ξ
3027 5827 3108 5843 [ιγῖ
3309 5827 3320 5839 θ

1887 5825 1911 5860 ε
1940 5824 2036 5887 §ex
2063 5833 2176 5868 mss.
2198 5829 2248 5869 el
2261 5824 2370 5887 53v.
2395 5831 2718 5887 φαντάσματος
2739 5826 2904 5880 ἐδήλου
2923 5826 3003 5872 τὸν
3026 5827 3162 5884 Θεὸν,
3187 5824 3249 5882 ὥς
3270 5827 3372 5887 τόδ,

1822 5883 2221 5950 εἱῐιοέφασκε.;-
2252 5899 2270 5927 ι
2299 5883 2590 5943 ινυέδήλοηά
2631 5889 2708 5933 τὸν
2747 5887 2881 5945 θεόν,
2925 5883 3179 5948 legebatur
3222 5883 3373 5936 ἐόεἰτο

1829 5943 1907 5993 τοῦ
1936 5938 2076 5992 Θεοῦ.
2126 5938 2284 5993 ιΕοιτ.
