3920 6280
492 347 597 406 897

485 462 693 520 τούτων
716 454 933 511 διοίσειν
957 448 1214 506 ἁπάντων
1248 446 1462 516 πλούτῳ
1491 461 1552 498 τε
1579 443 1675 501 καὶ
1696 443 1840 515 δόξῃ,
1867 443 1970 495 Τὸν
1996 440 2054 494 δὲ

486 552 691 621 τράγον
741 537 964 621 δηλοῦν,
1011 535 1086 593 ὼς
1135 532 1197 597 ἐξ
1229 531 1521 621 *Ἐλλήνων
1557 547 1639 592 τις
1681 530 1710 582 6
1760 524 2058 621 βασιλεύων

488 610 661 691 ἔσται,
693 625 753 690 ὃς
778 610 857 693 τῷ
894 620 1076 692 Πέρσῃ
1109 615 1399 688 συμϐαλὼν
1423 614 1524 678 δὶς,
1561 614 1821 685 κρατήσει
1853 615 1920 683 τῇ
1951 610 2056 682 μά-

489 731 558 785 χῃ
610 710 704 766 καὶ
748 705 1110 785 ἀφαιρήσεται
1146 701 1258 785 τὴν
1311 697 1604 785 ἠγεμονίαν
1668 697 1902 785 {inuam

487 773 706 848 λοῦσθαι
732 773 903 842 δὲγδιά
925 773 1016 839 τοῦ
1047 783 1263 855 πρώτου
1301 780 1536 852 μεγάλου
1573 792 1599 820 ι
1626 779 1854 850 κέρατος
1877 776 1969 831 τοῦ
1999 777 2058 829 ἐν

484 879 565 949 τῷ
614 873 850 947 μετώπῳ
900 869 996 923 τοῦ
1047 869 1253 938 τράγου
1295 866 1387 919 τὸν
1432 864 1646 936 πρῶτον
1681 861 1923 933 βασιλέα,
1963 859 2058 913 καὶ

485 942 586 1031 τὴν
616 942 736 1012 ⁷τῶν
781 953 1064 1025 τεσσάρων
1100 949 1498 1018 ἀναϐλάστησιν
1547 945 1870 1007 ἐκπεσόντος
1917 942 2058 996 ἐκεί-

486 1026 603 1104 νου,
639 1043 732 1096 καὶ
762 1041 862 1109 τὴν
891 1036 1030 1108 πρὸς
1060 1035 1129 1088 τὰ
1159 1035 1397 1104 τέσσαρα
1431 1030 1667 1101 κλίματα
1709 1026 2058 1109 ἀποστροφὴν

485 1127 742 1189 ἑκάστου,
773 1108 896 1186 τοὺς
918 1119 1194 1189 διαδόχους
1239 1116 1375 1190 μετὰ
1403 1115 1492 1168 τὸν
1523 1113 1750 1167 θάνατον
1786 1111 1881 1164 τοῦ
1911 1108 2059 1181 πρώ-

488 1230 584 1266 του
619 1208 880 1282 βασιλέως
915 1203 1291 1276 ἐμφαίνεσθαι,
1326 1201 1420 1254 καὶ
1457 1195 1816 1282 διαμερισμὸν
1858 1197 1936 1282 εἰς
1966 1193 2061 1282 αύ-

487 1276 630 1358 τοὺςν
647 1293 748 1363 τῆς
773 1288 1064 1362 βασιλείαςο
1092 1285 1214 1340 οὔτε
1247 1284 1301 1337 δὲ
1327 1283 1521 1345 παῖδας
1547 1281 1703 1344 ὄντας
1741 1278 1904 1333 αὑτοῦ
1937 1276 2060 1330 οὗτε

493 1361 779 1447 συγγενεῖς
832 1371 1043 1434 πολλοῖς
1107 1369 1282 1422 ἔτεσιν
1336 1367 1520 1438 ἄρξειν
1571 1364 1670 1434 τῆς
1714 1361 2056 1432 οἰκουμένης.

496 1445 755 1515 Ἔσεσθαι
785 1458 841 1511 δὲ
868 1459 932 1509 ὲκ
957 1453 1157 1508 τούτων
1190 1452 1284 1504 ἕνα
1303 1449 1423 1502 τινὰ
1457 1447 1698 1519 βασιλέα,
1722 1447 1812 1499 τὸν
1841 1445 2062 1498 ἐκπολε-

493 1547 737 1617 μήσοντα
764 1542 856 1594 καὶ
880 1540 1005 1601 τοὺς
1032 1537 1228 1606 νόμους
1250 1531 1448 1598 αὐτῶν,
1475 1530 1570 1584 καὶ
1594 1529 1691 1600 τὴν
1718 1530 1838 1582 κατ’
1866 1528 2062 1591 αὐτοὺς

489 1609 928 1698 ἀφαιρησόμενον
976 1619 1266 1682 πολιτείαν,
1303 1617 1398 1670 καὶ
1438 1614 1737 1698 συλήσοντα
1778 1611 1879 1698 τὸνΔ
1913 1609 2059 1698 ναὸν,

492 1693 586 1764 καὶ
628 1693 726 1771 τὰς
754 1693 942 1768 θυσίας
975 1704 1069 1756 ἐπὶ
1095 1701 1188 1771 ἐτη
1212 1700 1339 1770 τρία
1371 1696 1680 1752 κωλύσοντα
1713 1693 2062 1763 ἐπιτελεσθῆ-

492 1810 600 1847 ναι.
653 1791 769 1846 Kal
801 1789 865 1859 δὴ
909 1786 1079 1841 ταῦτα
1126 1783 1282 1855 ήμῶν
1326 1781 1523 1850 συνέϐη
1572 1778 1651 1848 τῷ
1690 1777 1830 1859 ἔθνει
1869 1776 2061 1830 παθεῖν

493 1877 598 1931 ὑπὸ
648 1858 918 1942 Ἀντιόχου
973 1870 1067 1923 τοῦ
1113 1866 1457 1936 Ἐπιφανοῦς,
1508 1861 1688 1926 καθὼς
1727 1858 1834 1914 εἶδε
1865 1859 2062 1930 Δανιὴλ

490 1959 708 2022 πολλοῖς
735 1956 908 2009 ἔτεσιν
941 1950 1268 2025 ἔμπροσθεν,
1301 1950 1396 2004 καὶ
1424 1946 1696 2018 ἀνέγραψε
1738 1943 1808 1998 τὰ
1839 1944 2065 2015 γενησόο

539 2059 653 2097 ενα.

497 2063 711 2198 “eripe
744 2124 797 2177 τί
831 2121 1021 2176 τούτου
1069 2118 1400 2188 σαφέστερον
1447 2113 1643 2184 γένοιτ’
1677 2113 1773 2198 ἄν;
1817 2113 1955 2198 ᾭρα

494 2193 698 2272 λοιπὸν,
723 2211 770 2261 εἰ
800 2206 874 2278 μὴ
893 2204 1153 2275 δοκοῦμεν
1177 2200 1485 2271 διενοχλεῖν,
1514 2199 1601 2251 ἐπ’
1625 2197 1756 2250 αὐτὸ
1786 2195 1849 2249 τὸ
1870 2193 2064 2278 ζητού-

499 2311 657 2363 μενον
697 2277 887 2354 ἐλθεῖν,
933 2287 1030 2359 τὴν
1069 2284 1348 2356 παροῦσαν
1383 2280 1782 2352 αἰχμαλωσίαν,
1828 2279 1922 2332 καὶ
1966 2277 2065 2363 τὴν

493 2361 737 2432 δουλείαν
761 2373 962 2444 ταύτην
983 2372 1040 2424 δὲ
1062 2370 1159 2441 τὴν
1190 2368 1446 2439 σήμερον,
1480 2365 1546 2419 δι’
1574 2366 1640 2436 ἢν
1659 2364 1872 2417 ἅπαντα
1894 2361 2067 2415 ταῦτα

498 2462 848 2532 ἐκινήσαμεν.
892 2455 1054 2509 Ἀλλά
1101 2449 1418 2520 διανάστητέ
1473 2467 1562 2520 μοι
1623 2446 1906 2532 νῦνοῄοὑδὲ
1959 2445 2068 2516 γὰρ

499 2529 649 2615 ὑπὲρ
681 2529 789 2596 τῶν
825 2539 1096 2610 τυχόντων
1137 2537 1267 2607 ήμῖν
1305 2537 1333 2588 6
1366 2532 1534 2602 ἀγών.
1567 2533 1676 2586 Καὶ
1713 2530 1820 2604 γάρ
1847 2529 2065 2615 ἄτοπον,

491 2630 556 2681 ὲν
602 2613 987 2696 Ὀλυμπιακοῖς
1015 2621 1111 2691 μὲν
1154 2617 1496 2689 καθημένους
1527 2614 1700 2684 ἀγῶσι
1730 2615 1758 2654 b
1794 2615 1859 2667 ἐκ
1891 2613 2069 2683 μέσων

497 2710 706 2767 νυκτῶν
744 2709 824 2772 είς
851 2703 1195 2778 μεσημϐρίαν
1236 2703 1404 2773 μέσην
1437 2702 1743 2773 καρτερεῖν,
1776 2697 2071 2768 ἀναμένον-

496 2813 595 2860 τας
639 2795 766 2848 ἰδεῖν
798 2793 877 2856 εἰς
904 2791 1025 2844 τίνα
1063 2790 1091 2842 6
1126 2787 1387 2856 στέφανος
1418 2786 1825 2856 περιστήσεται,
1853 2781 1948 2834 καὶ
1974 2797 2072 2850 γυ-

503 2883 608 2954 μνῇ
641 2882 707 2950 τῇ
734 2877 944 2946 κεφαλῇ
976 2873 1182 2946 θερμὴν
1211 2868 1461 2940 δέχεσθαι
1484 2869 1591 2954 ,τὴν
1619 2867 1832 2954 ἀκτῖνα,
1865 2865 1960 2954 καὶ
1996 2863 2071 2936 μὴ

500 2950 763 3036 πρότερον
801 2958 1156 3029 ἀφίστασθαι,
1181 2956 1284 3018 ἕως
1309 2954 1375 3008 ἂν
1402 2952 1582 3036 κρίσιν
1618 2952 1686 3003 τά
1715 2950 2073 3036 ἀγωνίσματα

498 3031 660 3119 λάϐῃ-
677 3031 788 3099 νῦν
815 3044 871 3097 δὲ
905 3043 1036 3112 ἡμῖν
1061 3040 1160 3109 οὐχ
1183 3038 1324 3108 ὑπὲρ
1360 3034 1622 3119 στεφάνου
1654 3032 1914 3119 τοιούτου,
1940 3031 2070 3119 ’ἀλλ’

495 3115 643 3201 ὑπὲρ
702 3127 795 3182 τοῦ
851 3126 949 3195 τῆς
996 3122 1302 3194 ἀφθαρσίας
1355 3118 1618 3188 στεφάνου
1679 3115 1785 3169 τῶν
1847 3115 2072 3184 ἀγώνοιν

499 3195 688 3278 ὄντων,
721 3209 1008 3265 ἐκλύεσθαι
1050 3208 1143 3260 καὶ
1174 3205 1556 3274 ταλαιπωρεῖν.
1587 3201 1709 3254 Ὅτι
1748 3200 1844 3271 μὲν
1878 3195 1970 3252 οῦν
2015 3199 2073 3254 αἱ

502 3301 650 3368 τρεῖς
708 3289 1257 3367 προανηγορεύθησαν
1313 3285 1712 3356 αἰχμαλωσίαι,
1760 3286 1793 3355 ή
1853 3284 1949 3355 μὲν
1985 3300 2073 3368 τε-

498 3367 768 3455 τρακόσια
810 3378 903 3448 ἔτη
943 3375 1160 3446 ἔχουσα,
1191 3375 1224 3442 ή
1271 3371 1327 3424 δὲ
1358 3370 1745 3455 ἐϐδομήκοντα,
1781 3369 1813 3439 ή
1854 3367 1928 3455 δὲ-
1950 3367 2075 3438 τρία

513 3451 608 3520 καὶ
637 3466 830 3535 ἥμισυ,
874 3459 1034 3513 τοῦτο
1067 3457 1262 3518 ἱκανῶς
1295 3466 1316 3493 ο
1343 3452 1588 3507 ἐντεῦθεν
1625 3453 1754 3523 ἡμῖν
1803 3451 2075 3504 ἀποδέδει-

508 3567 655 3604 κται.
687 3547 822 3618 Φέρε
855 3543 918 3615 δὴ
946 3541 1129 3596 λοιπὸν
1152 3538 1398 3610 καὶπερὶ
1424 3537 1626 3607 ταύτης
1659 3537 1920 3607 εἴπωμεν.
1953 3535 2075 3588 Ὅτι

501 3638 613 3704 γὰρ
661 3632 757 3685 καὶ
807 3630 936 3701 περὶ
966 3626 1171 3695 ταύτης
1199 3620 1649 3696 προανεφώνησεν
1691 3622 1720 3673 6
1756 3619 2073 3704 προφήτης,

501 3702 668 3772 αὑτὸν
695 3713 880 3768 τοῦτον
909 3711 1070 3765 πάλιν
1099 3707 1404 3780 παρέξομαι
1434 3704 1685 3776 μάρτυρα
1713 3702 1804 3756 τὸν
1845 3702 2074 3770 Ἰώσηπ-

506 3821 626 3866 πον,
656 3800 746 3853 τὸν
783 3799 852 3852 τά
889 3795 1112 3850 ἐκείνων
1153 3790 1471 3864 φρονοῦντα.
1525 3787 1740 3858 Ἐπειδὴ
1777 3786 1887 3859 γάρ
1925 3782 2076 3839 εἶπεν

504 3890 710 3950 ἐκεῖνα,
753 3885 984 3939 ἄκουσον
1022 3879 1075 3932 τί
1125 3893 1255 3948 φησι
1300 3875 1435 3948 μετά
1469 3873 1657 3927 ταῦτα’
1682 3873 1786 3926 Τὸν
1822 3870 1980 3924 αὐτὸν
2018 3868 2076 3922 δὲ

503 3970 706 4042 τρόπον
737 3964 889 4038 [645]
917 3962 1112 4032 Δανιὴλ
1138 3961 1233 4014 καί
1264 3958 1391 4030 περὶ¹
1418 3957 1539 4042 τῆςᾼ
1556 3954 1842 4042 Ῥωμαίων
1873 3957 2076 4042 ήγεμοτ

501 4035 627 4116 νίας
668 4035 965 4120 ἀνέγραψε,
1007 4045 1102 4099 καὶ
1142 4044 1224 4096 ὅτι
1274 4043 1365 4095 ὑπ’
1404 4040 1582 4094 αὐτῶν
1631 4037 1978 4120 αἱρεθήσεται
2010 4035 2080 4091 τά

519 4119 885 4206 Ἱεροσόλυμα,
930 4130 1023 4182 καί⁵
1059 4129 1088 4179 6
1123 4125 1248 4188 ναὸς
1287 4123 1723 4206 ἐρημωθήσεται.
1763 4122 1841 4206 Συ
1881 4119 1938 4172 δέ
1989 4136 2078 4206 μοι

507 4202 725 4277 σκόπει,
761 4215 836 4277 ὼς
860 4213 909 4265 εἰ
941 4210 1036 4265 καὶ
1075 4209 1323 4270 Ἰουδαῖος
1352 4203 1422 4276 ἦν
1463 4207 1492 4257 6
1520 4204 1656 4274 ἀνὴρ
1689 4206 1719 4257 6
1741 4202 1914 4256 ταῦτα
1944 4203 2080 4277 γρά-

509 4302 637 4372 ψας,
668 4273 782 4353 ἀλλ’
817 4273 917 4349 οῦν
957 4294 1057 4346 οὐκ
1099 4290 1357 4360 ὴνέσχετο
1378 4273 1499 4372 *τὴν
1541 4287 1807 4372 ὑμετέραν
1840 4273 2078 4372 ζηλῶσαι

510 4368 862 4452 φιλονεικίαν.
895 4375 1078 4430 Εἰπὼν
1109 4372 1216 4443 γάρ
1248 4373 1330 4424 ὅτι
1356 4369 1704 4441 αἱρεθήσεται
1750 4369 1820 4422 τά
1853 4368 2080 4438 Ἱεροσό-

511 4467 680 4536 λυμα,
709 4464 808 4517 οὐκ
840 4461 1104 4531 ἐτόλμησε
1145 4455 1457 4528 προσθεῖναι
1485 4455 1579 4508 καὶ
1611 4455 1805 4519 εἰπεῖν,
1838 4455 1918 4507 ὅτι
1947 4455 2078 4507 ἀνα-

513 4549 769 4619 στήσεται
829 4544 1012 4605 πάλιν,
1047 4540 1167 4595 οὐδὲ
1215 4538 1403 4611 χρόνον
1457 4536 1666 4610 γράψαι
1703 4536 2078 4608 διωρισμένον

508 4631 629 4686 ἀλλ’
661 4628 848 4699 ἐπειδὴ
875 4625 1078 4680 συνεῖδε
1110 4623 1201 4676 τὸν
1224 4622 1506 4694 προφήτην
1534 4622 1633 4691 οὐχ
1661 4619 1919 4691 ὁρίσαντα
1954 4620 2076 4692 χρόα

511 4732 624 4780 νον,
669 4713 843 4766 καίτοι
877 4709 1132 4781 ἀνωτέρω
1159 4706 1326 4760 εἰπὼν
1362 4707 1453 4758 ἐπὶ
1488 4706 1587 4776 τῆς
1627 4703 1896 4774 Ἀντιόχου
1923 4705 2079 4775 νίκης

515 4801 610 4855 καὶ
633 4800 732 4869 τῆς
761 4795 1095 4871 ἐρημώσεως
1124 4793 1214 4846 καὶ
1245 4791 1454 4862 ἡμέρας
1477 4790 1570 4843 καὶ
1595 4788 1710 4860 ἐτη,
1736 4789 1834 4842 ὅσα
1860 4787 2080 4859 ἔμελλεν

514 4887 550 4958 ἡ
583 4883 929 4955 αἰχμαλωσία
955 4880 1195 4952 κρατεῖν,
1230 4877 1322 4929 ἐπὶ
1345 4875 1444 4946 τῆς
1481 4875 1764 4958 Ῥωμαίων
1800 4871 2080 4958 μέν-οὐδὲν

512 4953 750 5024 τοιοῦτον
772 4963 948 5020 εἶπεν⁶
981 4963 1093 5016 ἀλλ’
1121 4963 1203 5015 ὄτι
1235 4960 1335 5032 μὲν
1361 4957 1778 5030 ἐρημωθήσεται
1811 4953 1880 5006 τά
1916 4953 2081 5024 Ἰερο-

518 5055 725 5124 σόλυμα
754 5052 848 5105 καὶ
875 5051 904 5102 6
927 5047 1074 5111 ναὸς,
1102 5045 1357 5116 ἔγραψεν,
1387 5043 1469 5096 ὅτι
1503 5039 1560 5094 δὲ
1598 5037 1850 5124 στήσεταί
1881 5053 1984 5124 που
2012 5035 2084 5124 τὰ

512 5149 614 5209 της
652 5120 1008 5208 ἐρημώσεως,
1043 5131 1143 5184 οὐκ
1175 5129 1255 5182 έτι
1286 5121 1811 5209 προσέθηκενηέπεὶ-
1824 5120 1963 5209 μηδέ
1989 5120 2080 5174 τὸν

515 5205 802 5295 προφήτην
849 5216 956 5272 είδε
1003 5215 1162 5269 τοῦτο
1195 5211 1522 5285 προσθέντα.
1571 5205 1757 5260 Ταῦτα
1791 5205 1848 5259 δὲ
1881 5205 2079 5268 πάντα,

517 5287 797 5377 φὴσίίτόῦ
824 5301 963 5357 Θεοῦ
995 5299 1268 5366 δείξαντος
1296 5293 1466 5364 αὐτῷ,
1505 5290 1827 5377 συγγράψας
1842 5287 2083 5377 --κατέλι-

517 5371 640 5451 πεν,
674 5388 813 5441 ὥστε
841 5388 968 5449 τοὺς
1003 5380 1470 5450 ἀναγινώσκοντας
1507 5376 1601 5429 καὶ
1625 5375 1693 5427 τὰ
1719 5371 2083 5443 συμϐαίνοντα

519 5473 852 5534 σκοποῦντας
899 5467 1196 5538 θαυμάζειν
1230 5465 1323 5517 ἐτιί
1361 5465 1424 5532 τῇ
1461 5459 1611 5531 παρὰ
1645 5457 1738 5510 τοῦ
1773 5454 1905 5509 Θεοῦ
1948 5457 2081 5525 τιμῇ

517 5559 609 5613 τὸν
641 5554 862 5625 Δανιήλ.
900 5551 1012 5610 Ιιοῦ
1057 5549 1235 5603 τοίνυν
1281 5540 1431 5599 εἶπεν
1464 5545 1492 5598 6
1536 5541 1734 5611 Δανιὴλ
1781 5541 1862 5594 ὅτι
1897 5539 1927 5590 6
1961 5538 2086 5603 ναὸς

579 5737 606 5766 ιι
623 5725 739 5798 _Sex‘
759 5735 874 5790 mss;
888 5717 1142 5776 δηλοῦσθαι
1163 5719 1216 5765 δὲ
1235 5717 1326 5778 πρὸ
1346 5713 1432 5764 τοῦ
1456 5715 1674 5776 μεγάλου.
1691 5712 1871 5761 Horum
1893 5709 1990 5760 duo
1999 5709 2088 5760 ha-

512 5785 772 5900 b93360;
789 5798 971 5894 ξὲἵίιὶο
995 5839 1347 5904 rescripsimus,
1374 5851 1462 5901 pro
1487 5837 1616 5899 vulg.
1638 5835 1858 5899 θεάτροις.
1886 5833 2023 5886 Eun.

1160 334 1218 387 S.
1256 329 1542 386 JUANNIS
1578 323 2073 385 CHRYSOSTOMI
2110 323 2428 382 ARCHIEP.
2472 319 3020 379 CONSTANTINOP.

3614 315 3723 376 898

2161 438 2600 510 ἐρημωθήσεται,
2648 438 2810 508 ἡμεῖς
2849 434 3034 488 λοιπὸν
3079 432 3458 503 σκοπήσωμεν.
3506 428 3724 504 Ἐπειδὴ

2156 523 2265 594 γὰρ
2298 523 2394 596 τὴν
2420 521 2725 594 προσευχὴν
2755 520 2971 590 ἐκείνην
2995 518 3095 589 τὴν
3124 521 3184 572 έν
3213 517 3399 587 σάκκῳ
3423 514 3518 568 καὶ
3553 517 3727 586 σποδῷ

2156 608 2469 677 ἐποιήσατο,
2523 600 2656 676 ἦλθε
2708 601 2949 674 Γαϐριὴλ
2991 600 3130 671 πρὸς
3190 601 3351 653 αὐτὸν
3406 597 3500 652 καί
3544 615 3725 668 φησιν·

2169 689 2609 760 Ἐϐδομήκοντα
2642 685 2963 756 ἐϐδομάδες
2991 682 3463 753 συνετμήθησαν
3491 681 3592 734 ἐπὶ
3627 681 3730 733 τὸν

2156 776 2310 830 λαόν
2333 789 2470 839 σου,
2499 773 2598 826 καὶ
2628 771 2730 825 ἐπὶ
2755 769 2872 838 τὴν
2897 769 3080 822 πόλιν
3099 767 3214 834 τὴν
3239 767 3435 836 ἁγίαν.
3477 765 3612 819 Ἰδοὺ
3643 765 3731 818 καὶ

2158 857 2390 912 ἐνταῦθα
2410 857 2600 928 χρόνος
2635 855 2872 925 εἴρηται,
2896 851 3046 922 φησί’
3077 851 3285 921 χρόνος,
3313 849 3374 902 ού
3400 849 3501 919 τῆς
3529 850 3733 917 αἰχμα-

2155 939 2377 1003 λωσίας,
2409 939 2542 992 ἀλλά
2574 936 2691 1008 μεθ’
2710 935 2838 990 ⁶ὅσον
2862 934 3082 1006 ἔμελλεν
3109 937 3142 1004 ή
3177 931 3526 1004 αἰχμαλωσία
3555 932 3731 984 ἀπαν-

2158 1023 2415 1095 τήσεσθαι
2445 1023 2632 1094 χρόνον
2659 1021 2839 1075 πάλιν.
2873 1021 3099 1090 Ἕτερον
3125 1018 3183 1070 δέ
3208 1019 3323 1070 ἐστι
3347 1016 3540 1087 χρόνον
3563 1018 3734 1069 εἰπεῖν

2157 1109 2281 1162 ὅσον
2314 1107 2505 1178 ἔμελλε
2552 1106 2770 1178 κρατεῖν
2808 1106 2842 1176 ὴ
2876 1100 3241 1173 αἰχμαλωσία,
3276 1100 3370 1153 καὶ
3398 1099 3593 1170 χρόνον
3619 1099 3734 1170 μεθ’

2158 1193 2217 1246 ὃν
2251 1190 2493 1261 ἀπαντᾷν
2518 1188 2708 1260 ἔμελλε
2735 1188 2829 1242 καὶ
2849 1185 3268 1258 παραγίνεσθαι.
3303 1183 3736 1252 Ἑϐδομήκσντα

2159 1273 2500 1344 ἐϐδομάὃες,
2548 1273 2701 1344 φησὶ,
2751 1269 3220 1339 συνετμήθησαν
3272 1266 3372 1320 ἐπὶ
3421 1267 3534 1319 τὸν
3586 1266 3738 1319 λαόν

2161 1376 2294 1414 σου·
2319 1360 2417 1412 ούκ
2441 1358 2520 1411 ἔτι
2551 1358 2642 1411 ἐπὶ
2675 1357 2764 1410 τὸν
2786 1354 2914 1408 λαὸν
2941 1354 3032 1408 τὸν
3063 1354 3214 1424 ἐμὸν,
3251 1353 3426 1406 καίτοι
3463 1354 3491 1405 6
3525 1352 3737 1423 προφή-

2160 1461 2258 1514 της
2288 1442 2493 1511 ἕλεγεν,
2537 1441 2864 1510 Ἐπίφανον
2894 1437 2961 1492 τὸ
2985 1436 3309 1507 πρόσωπόν
3339 1453 3457 1491 σου
3492 1435 3599 1490 ἐπὶ
3631 1433 3738 1488 τόν

2159 1527 2312 1583 λαόν
2341 1542 2476 1581 σοιν
2521 1525 2637 1580 ἀλλ’
2679 1528 2707 1578 6
2743 1524 2876 1588 Θεὸς
2919 1523 3291 1595 ἀλλοτριοῦται
3343 1518 3505 1576 αὐτὸν
3553 1520 3741 1573 λοιπὸν

2160 1611 2246 1665 διά
2278 1610 2339 1663 τὸ
2367 1609 2555 1681 μέλλον
2587 1609 2806 1663 ἔσεσθαι
2853 1606 3128 1678 τόλμημα.
3160 1601 3295 1659 Εἷτά
3342 1623 3486 1676 φησι,
3515 1605 3614 1659 καί
3641 1605 3740 1673 τὴν

2161 1695 2360 1761 αἰτίαν,
2393 1695 2540 1759 Ἕως
2587 1693 2695 1747 τοῦ
2741 1691 3153 1760 πωαιωθῆναι
3194 1688 3586 1758 παράπτωμα,
3639 1690 3738 1740 καί

2161 1780 2267 1834 τοῦ
2295 1776 2771 1845 συντελεσθῆναι
2804 1776 3116 1845 ἁμαρτίαν.
3146 1773 3213 1827 Τί
3235 1775 3409 1835 ἐστιν,
3455 1772 3614 1837 ’Ἕως
3635 1773 3740 1824 τοῦ

2162 1860 2641 1929 συντελεσθῆναι
2679 1859 3006 1929 ἀμαρτίαν;
3034 1858 3233 1918 Πολλὰ,
3272 1857 3458 1928 φησὶν,
3488 1857 3741 1927 ἁμαρτά-

2163 1964 2365 2002 νουσιν’
2389 1945 2502 2000 ἀλλ’
2522 1947 2554 2016 ή
2581 1945 2815 2016 κορωνὶς
2843 1943 2950 1996 τῶν
2970 1940 3154 1995 κακῶν
3171 1940 3290 1994 τότε
3307 1939 3482 2002 ἔσται,
3503 1941 3635 1993 ὅταν
3648 1939 3740 1992 τὸν

2163 2032 2437 2104 Δεσπότην
2469 2030 2647 2084 αὐτῶν
2674 2028 2922 2082 ἀνέλωσι.
2947 2025 3116 2079 Τοῦτό
3150 2042 3283 2097 φησι
3305 2024 3398 2079 καὶ
3421 2027 3451 2078 6
3478 2025 3735 2096 Χριστός·

2162 2115 2525 2185 Πληρώσατε
2561 2113 2629 2167 τὸ
2665 2113 2886 2183 μέτρον
2918 2110 3037 2164 τῶν
3068 2108 3335 2177 πατέρων
3373 2104 3564 2178 ὑμῶν.
3610 2109 3741 2161 Δούο

2163 2199 2308 2263 λους,
2341 2198 2524 2268 φησὶν,
2553 2195 2934 2257 ἀπεκτείνατε,
2968 2192 3232 2263 πρόσθετε
3259 2193 3352 2246 καὶ
3379 2188 3519 2261 αἷμα
3547 2193 3743 2244 δεσπο-

2163 2284 2333 2337 τικόν.
2367 2283 2509 2354 Ὅρα
2550 2280 2816 2351 σύμφωνα
2840 2278 2908 2332 τά
2935 2279 3199 2348 νοήματα.
3243 2276 3300 2329 '0
3328 2275 3567 2346 Χριστὸς
3596 2270 3742 2338 εἷπε,

2165 2365 2543 2435 Πληρώσατε·
2574 2368 2602 2419 6
2637 2365 2920 2437 προφήτης
2954 2363 3108 2434 φησὶ,
3145 2359 3512 2427 Τελεσθῆναι
3558 2361 3743 2428 ἁμαρ.

2167 2452 2320 2518 τίαν,
2345 2451 2439 2504 καὶ
2474 2449 2583 2504 Τοῦ
2621 2447 2948 2518 σφραγίσαι
2971 2445 3279 2514 ἁμαρτίας.
3313 2443 3376 2496 Τί
3405 2445 3522 2496 ἐστι
3551 2460 3746 2512 σφρα-

2167 2535 2364 2604 γίσαις
2401 2534 2566 2586 Ὥστε
2613 2532 2777 2603 μηδὲν
2829 2527 3210 2598 ὑπολελεῖφθαι
3244 2527 3444 2580 λοιπόν.
3485 2528 3598 2580 Καὶ
3640 2526 3747 2580 τοῦ

2168 2616 2414 2687 ἀγαγεῖν
2442 2615 2837 2681 δικαιοσύνην
2872 2611 3127 2666 αἰώνιον.
3165 2610 3300 2664 Ποία
3333 2610 3388 2663 δὲ
3423 2608 3746 2680 δικαιοσύνη

2170 2701 2406 2764 αἰώνιος,
2430 2699 2544 2753 ἀλλ’
2577 2699 2610 2770 ἢ
2643 2700 2675 2770 ή
2701 2695 2851 2768 παρά
2883 2695 2976 2749 τοῦ
3007 2692 3241 2766 Χριστοῦ
3276 2693 3491 2746 δοθεῖσα
3517 2693 3545 2732 ἀ
3575 2711 3591 2757 ;
3633 2696 3744 2748 Kal

2169 2785 2277 2840 τοῦ
2335 2784 2664 2855 σφραγίσαι
2702 2782 2916 2850 ὅρασιν
2965 2779 3064 2833 καί
3113 2777 3448 2847 προφήτην,
3486 2777 3591 2831 καὶ
3641 2778 3747 2832 τοῦ

2171 2868 2374 2939 χρῖσαι
2431 2867 2601 2937 ἅγιον
2645 2866 2847 2935 ἁγίων,
2880 2861 3146 2927 τουτέστι,
3181 2861 3375 2931 στῆσαι
3428 2861 3620 2915 λοιπὸν
3649 2863 3747 2926 τὰς

2172 2951 2526 3024 προφητείας·
2557 2949 2714 3004 τοῦτο
2744 2948 2852 3020 γάρ
2879 2949 2993 3000 ἐστι
3034 2945 3350 3017 σφραγίσαι,
3370 2946 3433 2998 τὸ
3460 2947 3660 3017 στῆσαι
3688 2947 3750 3000 τὺ

2171 3040 2402 3109 χρῖσμα,
2445 3035 2637 3106 στῆσαι
2673 3034 2774 3096 τὰς
2819 3032 3056 3102 ὁράσεις.
3103 3028 3202 3082 Διά
3247 3028 3403 3082 τοῦτο
3437 3031 3467 3082 6
3510 3032 3751 3104 Χριστὸς

2173 3122 2376 3189 ἔλεγεν
2422 3121 2474 3172 '0
2513 3119 2698 3188 νόμος
2741 3117 2840 3170 καί
2871 3119 2924 3170 οἱ
2955 3113 3253 3184 προφῆται
3299 3113 3408 3180 ἕως
3445 3115 3746 3168 Ἰωάννου.

2185 3205 2347 3275 Ὁρᾷς
2376 3202 2492 3267 πῶς
2532 3200 2771 3271 παντελῆ
2804 3198 3037 3252 ἐνταῦθα
3073 3197 3288 3250 ἀπειλεῖ
3315 3199 3622 3268 ἐρήμωσιν,
3654 3199 3752 3252 καὶ

2171 3285 2281 3341 τῶν
2304 3285 2586 3357 ἁμαρτιῶν
2613 3283 2968 3337 ἀνταπόδοσιν
2998 3282 3094 3334 καὶ
3120 3281 3229 3334 τῶν
3247 3281 3512 3347 ἀδικιῶν;
3540 3285 3618 3336 Ού
3641 3284 3751 3355 γὰρ

2177 3371 2499 3441 συγχωρεῖν,
2534 3367 2650 3420 ἀλλ’
2676 3368 2948 3434 ἐπεξιέναι
2988 3367 3100 3429 τοῖς
3140 3365 3533 3437 ἁμαρτήμασιν
3566 3368 3752 3421 αὐτῶν

2173 3452 2472 3525 ἠπείλησεν
2498 3453 2526 3505 6
2555 3450 2704 3515 Θεός.

2246 3543 2300 3593 ι’.
2321 3536 2429 3588 Καὶ
2457 3535 2585 3588 πότε
2602 3535 2664 3606 δὴ
2681 3533 2838 3588 τοῦτο
2853 3533 3043 3602 γέγονε
3063 3551 3077 3600 ;
3104 3533 3232 3587 πότε
3248 3531 3591 3607 ἀνῃρέθησαν
3616 3553 3752 3606 προ-

2176 3621 2393 3691 φητεῖαι
2440 3618 2760 3683 παντελῶς;
2812 3617 2946 3670 πότε
2992 3617 3051 3669 τὸ
3093 3620 3299 3689 χρῖσμα
3346 3618 3640 3690 κατελύθη,
3675 3622 3751 3682 ὠς

2179 3703 2375 3775 μηκέτι
2402 3702 2565 3756 πάλιν
2604 3701 2951 3766 ἐπανελθεῖν;
2979 3699 3094 3754 Κᾶν
3121 3703 3286 3772 ἡμεῖς
3325 3702 3664 3772 σιγήσωμεν,
3699 3703 3750 3754 οἰ

2174 3786 2310 3840 λίθοι
2340 3783 2488 3858 [διι]
2521 3785 2898 3858 κεκράξονται.
2927 3784 3068 3837 οὕτω
3095 3784 3323 3855 λαμπρά
3352 3785 3460 3837 τῶν
3486 3786 3752 3854 πραγμά-

2175 3888 2283 3924 των
2307 3870 2454 3923 ὲστὶν
2481 3872 2515 3942 ή
2547 3871 2719 3941 φωνήο
2755 3869 2874 3922 οὐδὲ
2895 3867 3004 3939 γάρ
3033 3867 3097 3921 ἂν
3131 3867 3350 3939 ἔχοιμεν
3384 3878 3408 3906 ε
3442 3867 3603 3921 ἀλλον
3632 3885 3752 3920 και-

2180 3953 2270 4026 ρὸν
2293 3955 2488 4017 εἰπεῖν,
2519 3954 2576 4005 ἐν
2609 3947 2653 4021 ᾧ
2683 3952 2857 4007 ταῦτα
2892 3952 3222 4022 ὑπέστησαν,
3249 3951 3280 4021 ἢ
3315 3949 3503 4003 τοῦτον
3524 3950 3616 4002 τὸν
3645 3967 3752 4020 μα-

2177 4038 2308 4110 κρὸν
2354 4038 2450 4092 καὶ
2492 4036 2660 4090 πολὺν
2702 4036 2798 4090 καὶ
2839 4035 3061 4087 πλείονα
3106 4034 3267 4088 πάλιν
3301 4035 3573 4103 ἐσόμενον.
3618 4029 3754 4087 Εἶτα

2178 4122 2340 4175 πάλιν
2368 4120 2756 4193 ἀκριϐέστερον
2809 4118 2981 4186 λέγων
3039 4119 3190 4187 φησὶ,
3245 4118 3352 4171 Καὶ
3400 4116 3606 4186 γνώσῃ
3653 4117 3752 4171 καί

2179 4203 2474 4271 συνήσεις
2493 4203 2610 4257 ἀπὸ
2625 4201 2841 4267 ἐξόδου
2873 4201 3059 4270 ,λόγου
3076 4201 3182 4255 τοῦ
3202 4199 3618 4270 ἀποκριθῆναι,
3653 4202 3753 4254 καί

2179 4289 2285 4344 τοῦ
2305 4287 2696 4356 οἰκοδομῆσαι
2727 4287 3134 4355 Ἰερουσαλὴμ,
3150 4285 3260 4352 ἕως
3286 4287 3542 4355 Χριστοῦ
3571 4289 3755 4356 ﬁre-0-

2173 4372 2385 4442 μένου,
2419 4370 2739 4441 ἑϐδομάδες
2770 4368 2941 4433 ἑπτὰ,
2971 4369 3072 4422 καὶ
3106 4369 3426 4438 ἐϐδομάδες
3452 4370 3755 4437 ἐξήκοντα

2179 4457 2310 4510 δύο.

2264 4537 2530 4592 Ἐνταῦθά
2565 4553 2655 4610 μοι
2692 4536 2828 4608 μετά
2859 4537 3142 4606 ἀκριϐείας
3182 4537 3495 4608 προσέχετεο
3545 4535 3606 4590 τὸ
3643 4536 3750 4608 γὰρ

2181 4625 2290 4676 πᾶν
2333 4620 2554 4694 ζήτημα
2603 4620 2838 4675 ἐνταῦθά
2877 4623 3045 4675 ἐστιν.
3088 4620 3410 4691 Ἑϐδομάδες
3453 4620 3612 4683 έπτά,
3658 4621 3750 4672 καὶ

2181 4704 2470 4776 ἐϐδομάδες
2511 4705 2772 4776 ἐξήκοντα
2811 4703 2903 4757 δύο
2937 4704 3261 4774 τετρακόσια
3291 4703 3747 4775 όγδοηκοντατρία

2180 4790 2297 4861 ἐτηο
2323 4788 2622 4859 ἑϐδομάδας
2646 4789 2753 4862 γὰρ
2775 4787 3007 4843 ἐνταῦθα
3033 4789 3130 4858 οὐχ
3157 4788 3378 4860 ἡμερῶν
3409 4805 3593 4859 φησιν,
3627 4788 3744 4842 οὐδὲ

2183 4873 2398 4944 μηνῶν,
2430 4871 2543 4924 ἀλλ’
2576 4871 2876 4942 ἑϐδομάδας
2917 4871 3201 4925 ἐνιαυτῶν.
3243 4871 3373 4924 Ἀπὸ
3424 4873 3533 4942 γάρ
3561 4873 3743 4944 Κύρου

2181 4957 2275 5009 ἐπὶ
2319 4954 2589 5025 Ἀντίοχον
2630 4955 2721 5008 τὸν
2771 4955 3040 5026 Ἐπιφανῆ
3084 4958 3180 5008 καὶ
3233 4955 3329 5026 τὴν
3374 4956 3746 5026 αἰχμαλωσίαν

2181 5039 2415 5110 ἐκείνην,
2461 5038 2747 5111 τριακόσια
2788 5040 3108 5110 ἐνενήκοντα
3153 5039 3396 5112 τέσσαρά
3436 5044 3583 5095 ἐστιν
3635 5042 3748 5110 ἔτη.

2180 5121 2368 5194 Δηλῶν
2389 5121 2587 5186 τοίνυν,
2609 5123 2689 5175 ὅτι
2711 5123 2811 5175 ούκ
2835 5122 3050 5193 ἐκείνην
3069 5123 3215 5191 λέγει
3238 5124 3334 5195 τὴν
3357 5126 3638 5195 ἐρήμωσιν
3660 5124 3753 5177 τοῦ

2181 5205 2334 5270 ναοῦ,
2370 5205 2510 5259 ἀλλά
2537 5205 2635 5277 τὴν
2659 5206 2774 5277 μετ’
2801 5205 3037 5277 ἐκείνην,
3065 5206 3163 5279 τὴν
3198 5209 3291 5260 ἐπὶ
3319 5209 3632 5279 Πομπηΐου,
3664 5212 3753 5261 καὶ

2183 5291 2615 5355 Οὐεσπασιανοῦ,
2663 5289 2757 5342 καὶ
2808 5289 2988 5354 Τίτου,
3028 5293 3338 5363 περαιτέρω
3377 5293 3636 5363 προάγων
3667 5292 3752 5344 τὸν

2186 5375 2396 5445 χρόνον,
2419 5370 2538 5427 εἶτα
2564 5372 2827 5427 διδάσκων
2849 5375 2997 5444 ἡμᾶς
3030 5374 3196 5429 πόθεν
3225 5376 3476 5447 ἀριθμεῖν
3495 5376 3628 5446 χρὴ,
3655 5375 3750 5427 δεί-

2185 5474 2372 5511 κνυσιν
2400 5459 2482 5510 ὅτι
2518 5459 2618 5511 οὐκ
2649 5457 2756 5510 ἀπὸ
2787 5457 2887 5528 τῆς
2912 5459 3129 5531 ἡμέρας
3173 5461 3271 5529 τῆς
3305 5459 3587 5512 ἐπανόδου·
3622 5459 3753 5512 ἀλλὰ

2186 5541 2375 5606 πόθεν;
2415 5541 2546 5595 Ἀπὸ
2575 5540 2790 5606 ἐξόδου
2817 5543 3027 5612 λόγου,
3063 5544 3172 5598 τοῦ
3205 5540 3622 5610 ἀποκριθῆναι,
3659 5543 3751 5596 καὶ

2250 5710 2273 5772 (ξ
2296 5707 2393 5772 Sex
2415 5720 2530 5756 mss.
2553 5709 2679 5772 τρία,
2698 5710 2780 5772 καὶ
2803 5710 2948 5772 μόνον
2969 5710 3112 5760 τοῦτο
3133 5711 3322 5772 ἱκανῶς.

2247 5768 2377 5837 ςξῇο
2398 5777 2508 5817 octo
2530 5768 2643 5819 mss.
2669 5768 2839 5820 Morel.
2869 5786 2986 5837 veg-9
3003 5772 3093 5837 τοῦ
3111 5771 3235 5837 Θεοῦ
3259 5771 3461 5837 δοθεῖσα,

2252 5834 2275 5904 ιξ
2297 5831 2377 5882 Sic
2396 5838 2588 5894 septem
2613 5846 2726 5884 mss.
2751 5841 2906 5885 recte.
2936 5834 3104 5886 Monlf.
3129 5836 3185 5883 ἂν
3211 5835 3395 5896 ἔχωσιν.
3432 5834 3551 5884 Eon-
