3832 6260
109 344 218 401 897

112 478 209 549 qui
231 478 330 533 hos
379 488 563 530 omnes
603 488 957 544 prmeessurus
998 480 1138 529 esset
1181 481 1293 528 tum
1333 472 1521 542 Opibus
1566 482 1675 525 tum

106 568 295 635 gloria.
322 564 581 620 Caeterum
606 564 784 622 hircus
799 564 1192 635 signiﬁcabatet
1206 579 1270 619 ex
1289 562 1487 619 Graecis
1514 561 1677 616 oritu-

108 670 229 708 rum
260 669 455 725 regem,
486 654 575 725 qui
600 654 682 709 bis
708 669 1023 726 congressus
1047 668 1167 709 eum
1195 654 1355 707 Persa
1383 652 1562 721 prtelio
1588 666 1677 706 su-

110 760 341 817 peraret,
371 748 641 804 ablaturus
666 748 972 803 universum
1002 748 1141 803 illius
1186 748 1555 817 principatum.
1587 746 1674 801 Si-

109 840 415 909 gniﬁcatnm
443 849 618 895 autem
647 839 810 895 fuisse
837 855 930 910 per
954 840 1179 909 primum
1217 854 1463 908 magnum
1488 853 1672 903 cornu,

114 930 254 998 quod
284 938 398 984 erat
425 929 479 984 in
508 929 679 985 fronte
720 929 873 995 hirci,
903 930 1127 999 primum
1154 944 1349 1000 regem,
1377 940 1431 983 et
1455 938 1679 998 quatuor

110 1020 323 1074 illorum
362 1028 623 1075 exortum.
672 1021 767 1074 Illo
792 1030 966 1075 autem
1009 1019 1187 1075 exciso
1229 1019 1507 1089 significari
1530 1019 1676 1088 juxta

108 1124 336 1179 quatuor
358 1127 551 1165 cornua
577 1111 900 1181 singulorum
918 1124 1279 1165 successorum
1300 1118 1537 1163 exortum
1561 1117 1679 1177 post

110 1213 339 1255 mortem
374 1202 526 1271 primi
565 1203 723 1271 regis,
757 1201 974 1271 fereque
1020 1210 1077 1255 ut
1116 1216 1333 1271 regnum
1366 1200 1504 1254 illius
1540 1200 1679 1254 inter

113 1292 311 1345 multos
352 1290 690 1356 divideretur,
738 1291 1163 1361 quandoquidem
1206 1292 1403 1360 primus
1449 1290 1537 1344 ille
1583 1304 1680 1343 nec

113 1381 253 1436 ﬁlios
294 1399 391 1437 nec
438 1384 623 1437 fratres
675 1392 818 1439 esset
862 1384 1155 1448 habiturus,
1201 1399 1395 1453 eosque
1440 1383 1678 1452 pluribus

110 1474 268 1527 annis
314 1484 621 1543 rcgnaturos
664 1475 715 1527 in
760 1474 887 1528 orbe
932 1483 1207 1529 terrarum.
1252 1474 1330 1527 Ex
1374 1473 1455 1527 his
1498 1488 1679 1527 rursus

110 1573 418 1617 exorturum
459 1579 635 1633 regem
681 1564 981 1633 quemdam,
1010 1565 1096 1633 qui
1126 1573 1513 1633 expugnaturus
1541 1572 1682 1618 esset

110 1662 170 1705 et
190 1653 330 1722 leges
356 1653 493 1707 illius
518 1653 706 1722 gentis,
730 1664 782 1708 et
806 1654 1111 1722 religionem
1129 1670 1191 1709 ac
1216 1655 1346 1709 ritus
1359 1654 1677 1719 sublaturus,

112 1752 228 1795 tum
278 1743 549 1813 sacrilegio
595 1745 911 1813 Spoliaturus
954 1746 1235 1815 templum,
1287 1761 1350 1799 ac
1397 1745 1678 1800 triennium

111 1834 369 1886 vetiturus
396 1834 505 1888 fieri
532 1850 700 1889 sacra.
734 1835 858 1890 Haec
885 1850 1011 1890 sane
1036 1846 1224 1890 vestra:
1250 1836 1390 1906 genti
1425 1836 1534 1904 jam
1577 1835 1681 1904 pati

109 1924 334 1991 contigit
372 1924 437 1978 ab
474 1925 734 1979 Antiocho
777 1925 1066 1994 Epiphane,
1107 1925 1244 1979 sicut
1280 1925 1464 1980 Daniel
1506 1925 1683 1979 multis

113 2024 245 2066 ante
268 2014 417 2067 a'nnis
459 2014 731 2083 prmdixit,
759 2016 1070 2087 scripsitque
1098 2026 1370 2070 eventura.
1498 2079 1512 2105 ‘

196 2104 250 2157 9.
279 2106 386 2174 Age
429 2106 549 2175 quid
580 2106 659 2160 his
687 2109 849 2176 possit
874 2121 991 2163 esse
1017 2108 1350 2162 evidentius?
1377 2104 1523 2162 Nunc
1548 2116 1683 2162 tem-

110 2210 217 2264 pus
245 2207 340 2261 est,
364 2198 460 2252 nisi
485 2198 724 2253 videmur
748 2214 863 2253 esse
891 2200 1121 2266 molesti,
1146 2210 1199 2255 ut
1220 2200 1285 2254 ad
1308 2200 1357 2255 id
1378 2200 1515 2269 quod
1542 2216 1687 2268 qua:-

112 2288 334 2342 rebatur
378 2300 721 2355 revertamur,
779 2292 913 2346 hanc
965 2302 1277 2361 prmsentem
1326 2293 1683 2361 captivitatem

112 2394 181 2433 ac
228 2381 527 2435 servitutem
576 2382 905 2447 hodiernam,
947 2383 1098 2452 cujus
1141 2383 1306 2452 gratia
1349 2381 1461 2436 lucc
1509 2380 1683 2435 omnia

114 2475 403 2527 movimus.
450 2476 687 2545 Agedum
750 2476 907 2545 igitur
948 2491 1086 2529 nunc
1124 2476 1453 2544 vigilantibus
1499 2472 1687 2527 animis

111 2566 455 2621 auscultate:
490 2582 593 2620 non
639 2567 779 2621 enim
831 2567 981 2620 nobis
1033 2581 1128 2636 pro
1176 2568 1333 2620 rebus
1390 2564 1687 2634 vulgaribus

113 2668 389 2712 certamen
420 2668 523 2712 est.
550 2657 847 2712 Absurdum
875 2658 1014 2711 enim
1055 2657 1212 2711 fuerit
1240 2657 1371 2711 alios
1396 2657 1446 2710 in
1472 2656 1688 2710 theatris

112 2747 366 2800 sedentes
407 2746 775 2815 Olympiaeisa
804 2746 973 2799 media
1023 2754 1175 2799 nocte
1218 2761 1383 2815 usque
1409 2744 1476 2799 ad
1523 2744 1681 2799 meri-

114 2836 265 2889 diem
296 2836 595 2904 perdurare,
624 2846 989 2904 exspectantes
1015 2845 1070 2890 ut
1110 2835 1339 2901 videant,
1368 2836 1451 2889 cui
1478 2849 1690 2890 ceSsura

114 2929 192 2980 sit
248 2943 456 2993 corona,
510 2928 751 2997 nudoque
797 2930 969 2996 capite
1033 2928 1283 2998 excipere
1326 2928 1523 2982 calidos
1565 2929 1691 2982 solis

114 3020 319 3079 radios,
352 3034 448 3072 nec
478 3019 619 3087 prius
656 3019 962 3085 abscedere,
995 3035 1149 3089 quam
1177 3018 1243 3072 de
1271 3019 1556 3074 certamine
1582 3017 1693 3073 fue-

116 3112 190 3163 rit
223 3111 620 3180 prouunciatum
650 3128 663 3163 :
694 3126 791 3165 nos
820 3126 944 3164 vero
976 3125 1132 3176 nunc,
1175 3125 1293 3164 cum
1330 3121 1595 3163 certamen
1625 3111 1693 3164 sit

117 3217 229 3255 non
262 3217 351 3270 pro
375 3202 461 3255 tali
487 3217 700 3268 corona,
737 3201 828 3255 sed
872 3219 966 3271 pro
991 3216 1185 3256 corona
1214 3202 1516 3267 immortali,
1547 3200 1692 3256 defa-

120 3294 280 3361 ligari
312 3308 370 3345 ac
410 3293 565 3346 tudio
612 3292 768 3346 afﬁci.
818 3291 995 3361 Itaque
1035 3292 1173 3361 quod
1220 3301 1325 3346 tres
1365 3292 1692 3361 camivitates

119 3383 393 3452 pranlicltn
440 3382 634 3438 fuerint
670 3392 947 3454 antequam
978 3383 1291 3448 acciderent,
1320 3398 1421 3437 una
1451 3399 1566 3453 quae
1595 3399 1692 3437 an-

120 3493 226 3528 nos
259 3476 478 3529 habebat
500 3477 930 3547 quadringentos,
955 3477 1117 3529 altera
1143 3477 1487 3545 septuaginta,
1520 3477 1691 3542 tertia,

120 3578 244 3619 tres
274 3582 333 3621 ac
362 3568 710 3633 dimidiatum,
759 3567 1011 3622 hactenus
1041 3568 1167 3621 satis
1193 3577 1273 3622 est
1303 3568 1449 3621 nobis
1474 3568 1694 3622 demon-

117 3668 372 3709 stratum.
419 3659 527 3727 Age
564 3667 803 3727 superest
830 3668 885 3712 ut
914 3668 966 3712 et
991 3658 1058 3713 de
1102 3659 1200 3712 hac
1227 3659 1518 3728 loquamur.
1547 3659 1695 3726 Quod

118 3750 273 3800 l‘llitll
300 3758 352 3802 et
392 3749 456 3803 de
484 3749 581 3803 hac
607 3750 916 3803 vaticinatus
953 3750 1019 3804 sit
1044 3750 1316 3819 propheta,
1348 3766 1526 3816 rursqs
1552 3766 1699 3805 enm~

118 3841 250 3893 tiem
280 3840 561 3909 Josephum
590 3841 907 3895 adducamus
940 3852 1145 3907 testem,
1175 3843 1261 3909 qui
1289 3858 1406 3896 eum
1448 3843 1548 3895 illis
1581 3842 1695 3911 (Ju-

125 3929 289 3991 (l:t~is)
332 3932 506 3984 sentit.
539 3920 817 4000 Postquam
864 3934 1005 3986 enim
1052 3933 1137 3985 illa
1166 3933 1385 3995 dixerat,
1416 3920 1537 3986 audi
1573 3932 1698 4002 quid

120 4032 252 4090 post
293 4023 571 4090 subjiciat:
604 4023 802 4077 Eodem
850 4032 1047 4089 autem,
1094 4024 1279 4093 inquit,
1312 4025 1471 4077 modo
1519 4024 1698 4078 Daniel

118 4127 183 4170 ct
230 4117 297 4170 dc
341 4117 693 4171 Romanorum
738 4118 1031 4187 principatu
1075 4118 1302 4187 scripsit,
1348 4117 1591 4187 quodque
1633 4116 1701 4171 ab

121 4211 239 4262 illis
282 4209 510 4262 tollenda
540 4218 681 4263 esset
718 4209 1066 4279 Jerosolyma,
1098 4224 1159 4262 ac
1183 4209 1524 4263 desolandum
1570 4219 1701 4263 tem-

122 4304 302 4370 plum.
350 4301 425 4354 Tu
459 4316 582 4355 vero
631 4300 757 4354 illud
799 4300 925 4354 mihi
972 4300 1266 4365 considera,
1313 4301 1449 4369 quod
1495 4300 1700 4354 tametsi

120 4396 348 4449 Judteus
390 4406 529 4449 esset
574 4395 617 4450 is
661 4396 750 4465 qui
782 4395 893 4449 haec
937 4396 1161 4464 scripsit,
1196 4404 1368 4448 tamen
1398 4394 1594 4447 veritus
1621 4402 1702 4447 est

130 4499 372 4539 vestram
417 4488 605 4541 imitari
653 4487 1019 4556 pervicaciam.
1065 4486 1270 4540 Etenim
1300 4501 1417 4539 cum
1449 4484 1699 4550 dixisset,

118 4578 539 4633 subvertendam
596 4595 713 4634 esse
769 4579 1191 4650 Jerosolymam,
1244 4594 1349 4633 non
1412 4594 1573 4632 ausus
1622 4589 1703 4632 est

116 4672 352 4736 addere,
379 4672 515 4742 quod
543 4683 682 4727 esset
706 4673 1047 4738 restituenda,
1073 4688 1242 4741 neque
1268 4682 1469 4740 tempus
1491 4672 1699 4739 aliquod

116 4773 340 4817 certum
389 4763 764 4831 praescribere;
797 4763 888 4817 sed
932 4762 1179 4832 quoniam
1210 4763 1425 4827 sciebat,
1471 4762 1703 4831 prophe-

118 4866 240 4906 tam
308 4866 410 4907 non
466 4854 751 4922 prailinisse
808 4864 1049 4921 tempus,
1100 4868 1415 4922 quamquam
1461 4854 1702 4921 superius

112 4963 389 5001 enarratis
420 4948 663 5002 Antiochi
692 4949 961 5002 victoriam
987 4962 1049 5000 ac
1082 4946 1481 5009 desolationem,
1512 4959 1564 5000 et
1591 4946 1702 4999 dies

113 5051 180 5095 ct
210 5055 387 5094 annos
414 5049 768 5109 expresserat,
801 5049 929 5109 quot
956 5040 1231 5107 captivitas
1255 5048 1395 5092 esset
1420 5038 1699 5091 duratura:

113 5133 195 5184 de
250 5131 469 5185 victoria
536 5132 888 5185 llomanorum
954 5130 1081 5183 nihil
1122 5128 1413 5183 istiumtodi
1458 5129 1703 5198 loquutus

112 5231 211 5276 est
249 5240 263 5274 :
294 5222 384 5275 sed
410 5223 546 5291 quod
577 5234 716 5277 ess::t
741 5223 793 5275 in
819 5221 1153 5277 solitudinem
1184 5220 1463 5287 redigenda
1495 5219 1706 5273 Jeroso-

113 5314 296 5382 Iyma,
330 5314 684 5382 templumque
728 5312 1059 5366 dirnendum.
1099 5312 1356 5369 C:eterum
1383 5309 1519 5379 quod
1563 5317 1705 5363 esset

113 5402 417 5471 aliquando
449 5413 696 5457 venturus
724 5403 839 5457 linis
868 5401 1206 5457 desolationis
1246 5416 1348 5454 non
1377 5399 1594 5462 addidit,
1638 5414 1704 5454 eo

113 5492 275 5562 quod
308 5493 528 5556 videret,
576 5510 641 5547 ne
690 5494 996 5563 prophetam
1027 5493 1236 5562 quidem
1279 5492 1378 5546 hoc
1417 5491 1699 5544 addidisse.

119 5584 264 5637 llzec
309 5594 482 5637 autem
531 5585 728 5647 omnia,
761 5586 853 5648 ait,
906 5585 1012 5638 Deo
1056 5583 1154 5651 ipsi
1198 5590 1541 5645 monstrante,
1578 5596 1703 5637 con-

118 5685 329 5742 8(1‘IPL'I
360 5675 589 5744 reliquit,
621 5687 673 5729 ut
700 5677 784 5745 qui
816 5678 1036 5745 legerint
1062 5684 1112 5729 et
1141 5675 1377 5731 evenisse
1410 5688 1695 5742 censpexe-

120 5766 259 5829 rint,
317 5764 584 5820 Danielem
630 5766 951 5821 admirentur
977 5766 1043 5821 ob
1095 5767 1345 5821 ιιηιοιριιι
1394 5766 1463 5819 illi
1515 5780 1542 5817 a
1597 5764 1702 5818 Deo

1329 352 1687 412 ADVERSUS
1743 353 2019 413 JUDA‘JOS
2052 356 2118 413 ν.

3254 356 3357 414 898

1782 468 2036 525 habitum.
2058 467 2158 525 Ubi
2183 468 2342 541 igitur
2363 468 2555 528 dixerit
2597 470 2799 539 Daniel,
2840 471 2952 529 fore
2984 480 3043 528 ut
3088 474 3341 543 templum

1781 560 2108 632 redigeretur
2134 560 2187 615 in
2228 561 2585 629 solitudinem,
2633 580 2731 622 nos
2757 564 3007 635 deinceps
3035 566 3343 622 considere-

1780 663 1919 703 mus.
1952 649 2081 703 Nam
2110 649 2197 705 ubi
2226 652 2577 720 precationem
2614 653 2753 708 illam
2797 654 2847 709 in
2894 669 3049 710 sacco
3077 664 3132 711 et
3165 657 3359 711 cinere

1782 740 2093 808 perfecerat,
2141 740 2287 795 venit
2326 739 2393 795 ad
2440 755 2559 795 eum
2607 742 2836 812 Gabriel,
2881 753 2935 799 et
2972 745 3045 800 ait
3078 764 3092 803 :
3122 745 3345 816 Septua-

1780 830 1917 900 ginta
1937 830 2266 884 hebdom‘ades
2287 832 2729 888 abbreviata'sunt
2742 847 2896 897 super
2912 836 3155 905 populum
3180 847 3342 903 tuum,

1782 930 1830 975 et
1872 937 2023 992 super
2049 921 2295 975 civitatem
2325 932 2552 976 sanctam
2596 920 2753 993 (Dan.
2785 923 2838 979 9.
2882 924 2996 994 24).
3036 928 3191 991 Ecce,
3220 927 3306 981 hic
3327 967 3345 993 ,

1781 1014 1949 1083 inquit
1989 1014 2212 1083 aliquis,
2244 1022 2297 1070 et
2329 1025 2537 1084 tempus
2579 1030 2887 1085 expressum
2936 1026 3038 1074 est.
3082 1018 3344 1087 Tempus.

1780 1122 1885 1160 non
1914 1107 2250 1175 captivitatis,
2281 1107 2375 1163 sed
2418 1115 2537 1177 post
2564 1117 2811 1177 quantum
2841 1109 3093 1178 temporis
3116 1111 3349 1165 reditura

1782 1205 1923 1250 esset
1964 1198 2256 1266 captivitas.
2303 1197 2459 1251 Aliud
2498 1214 2624 1253 vero
2667 1208 2873 1270 tempus
2901 1199 3183 1254 dicendum
3225 1210 3308 1255 est
3332 1242 3347 1264 ,

1783 1288 2031 1356 quamdiu
2079 1298 2220 1344 esset
2257 1289 2505 1344 duratura
2548 1291 2842 1360 captivitas,
2889 1307 3099 1346 rursum
3145 1301 3352 1361 tempus

1784 1385 1906 1446 post
1942 1379 2082 1448 quod
2125 1390 2269 1434 esset
2296 1387 2533 1435 ventura.
2564 1382 2914 1452 Septuaginta,
2943 1380 3131 1451 inquit,
3162 1382 3350 1435 hebdo-

1784 1470 1955 1522 mades
1982 1470 2280 1523 abbreviata:
2298 1481 2413 1525 sunt
2439 1489 2589 1541 super
2632 1474 2873 1543 populum
2899 1484 3036 1526 tuum
3067 1491 3085 1526 :
3116 1489 3217 1526 non
3242 1473 3351 1542 jam

1783 1572 1942 1627 super
1963 1561 2213 1630 populum
2232 1576 2426 1616 meum.
2450 1564 2604 1632 Atqui
2625 1564 2876 1633 propheta
2894 1563 3115 1626 dixerat,
3140 1563 3354 1617 Ostende

1784 1650 1962 1718 faciem
1982 1663 2116 1704 tuam
2134 1669 2286 1722 super
2308 1655 2547 1723 populum
2572 1664 2731 1719 tuum,
2758 1654 2849 1708 sed
2874 1655 3013 1708 Deus
3040 1654 3181 1708 illum
3210 1664 3354 1723 post-

1785 1741 1885 1796 hac
1910 1757 2004 1811 pro
2023 1741 2193 1797 alieno
2219 1742 2363 1797 ducit
2394 1754 2609 1813 propter
2641 1745 2868 1798 futuram
2897 1745 3188 1798 audaciam.
3229 1744 3350 1799 Mox

1785 1842 1840 1887 et
1882 1849 2091 1888 causam
2132 1837 2419 1903 exprimit:
2448 1835 2618 1889 Donec
2675 1838 2956 1905 antiquetur
2998 1837 3264 1901 delictum,
3309 1845 3355 1888 et

1784 1937 2153 1991 ponsummetur
2175 1937 2449 1997 peccatum.
2475 1928 2608 1995 Quid
2634 1938 2715 1982 est
2741 1928 2857 1993 hoc,
2876 1927 3031 1981 donec
3050 1944 3357 1981 consumme-

1788 2026 1868 2068 tur
1910 2018 2201 2086 peccatum?
2242 2017 2418 2083 Multa,
2462 2019 2651 2087 inquit,
2697 2027 2934 2087 peccant,
2978 2018 3069 2072 sed
3100 2017 3356 2071 malorum

1786 2108 2047 2179 fastigium
2078 2119 2201 2164 tunc
2246 2111 2377 2177 erit,
2403 2125 2522 2165 cum
2554 2111 2827 2165 Dominum
2858 2126 3008 2165 suum
3049 2112 3357 2165 occiderint.

1787 2202 1852 2256 Et
1882 2203 1980 2263 hoc
2008 2202 2139 2255 dixit
2178 2202 2417 2256 Christus
2447 2221 2459 2256 :
2486 2201 2705 2269 Implete
2742 2220 3019 2256 mensuram
3048 2215 3244 2274 patrum
3275 2220 3359 2257 ve-

1790 2303 2008 2345 strorum
2042 2292 2249 2363 (Matth.
2294 2294 2383 2348 9.5.
2416 2293 2531 2360 32).
2563 2294 2755 2348 Servos
2781 2294 3067 2359 occidistis,
3108 2294 3282 2348 addite
3307 2304 3361 2349 et

1792 2384 1999 2438 Domini
2048 2387 2376 2453 sanguinem.
2423 2384 2553 2439 Vide
2595 2385 2859 2454 quomodo
2888 2386 3207 2440 concordant
3234 2400 3361 2440 scu-

1791 2476 1987 2529 tentiaa.
2030 2474 2271 2530 Christus
2315 2475 2479 2541 dixit,
2524 2476 2724 2543 implete
2751 2491 2768 2529 :
2794 2476 3046 2545 propheta
3086 2477 3193 2539 ait,
3240 2493 3362 2531 con-

1788 2578 2064 2619 summetur
2102 2580 2357 2636 peccatum
2386 2576 2438 2621 et
2480 2569 2738 2637 signentur
2780 2576 3000 2637 peccata.
3047 2567 3181 2633 Quid
3221 2568 3361 2622 enim

1789 2667 1889 2720 est,
1918 2659 2175 2726 signentur
2194 2660 2219 2712 ?
2241 2658 2317 2713 Ne
2344 2659 2467 2728 quid
2498 2668 2748 2727 pratterea
2771 2658 3026 2729 reliquum
3050 2659 3155 2712 liat.
3186 2657 3251 2710 Et
3272 2660 3365 2711 ad-

1791 2749 1941 2802 ducat
1963 2750 2216 2820 justitiam
2260 2750 2628 2818 sempiternam.
2660 2749 2794 2816 Quid
2835 2760 3012 2804 autem
3043 2758 3125 2803 est
3152 2758 3350 2803 aeterna

1787 2842 2009 2911 justitia,
2053 2842 2153 2896 nisi
2195 2857 2314 2911 qua:
2342 2858 2373 2896 a
2401 2841 2615 2896 Christo
2643 2842 2762 2895 data
2804 2843 2921 2896 est?
2949 2842 3014 2895 Et
3046 2842 3200 2894 donec
3229 2842 3364 2894 obsi-

1794 2943 1972 3005 gnetur
1994 2935 2116 2988 visio
2139 2945 2186 2989 et
2204 2935 2445 3005 propheta
2466 2945 2512 2989 et
2532 2937 2801 3005 inungatur
2821 2944 3021 2989 sanctus
3040 2945 3325 2988 sanctorum
3347 2947 3365 2986 :

1795 3024 1896 3079 hoc
1921 3032 2021 3091 est,
2044 3026 2230 3080 sistere
2250 3033 2460 3093 Oportet
2484 3026 2703 3093 posthac
2732 3023 3032 3094 prophetias
3060 3043 3073 3077 ;
3106 3024 3206 3079 hoc
3226 3024 3366 3078 enim

1795 3126 1877 3170 est
1903 3115 2200 3183 obsignare,
2239 3118 2427 3170 sistere
2481 3118 2803 3181 unctionem,
2853 3116 3041 3169 sistere
3084 3116 3364 3168 visionem.

1794 3206 1916 3261 Ideo
1960 3207 2199 3261 Christus
2225 3207 2355 3261 dixit
2384 3224 2398 3260 :
2431 3205 2538 3260 Lex
2561 3216 2605 3259 et
2632 3207 2884 3276 propheta:
2910 3222 3062 3275 usque
3100 3205 3167 3258 ad
3202 3204 3368 3257 Joan-

1794 3314 1906 3351 nem
1955 3296 2065 3366 (Id.
2118 3298 2344 3367 “.13).
2392 3296 2553 3351 Vides
2592 3305 2651 3351 ut
2702 3297 2816 3351 haec
2863 3296 3219 3351 omnimodam
3266 3296 3369 3348 mi-

1796 3399 1988 3443 nentur
2030 3389 2431 3452 desolationem,
2458 3404 2521 3443 ac
2562 3389 2824 3442 scelerum
2866 3387 3369 3452 malefactorumquo

1796 3482 2099 3536 vindictam.
2146 3482 2261 3535 Non
2300 3482 2440 3535 enim
2485 3479 2807 3534 indulturum
2855 3494 2948 3547 se,
2995 3477 3090 3532 sed
3140 3479 3369 3531 ulturum

1798 3584 2009 3642 peccata
2040 3574 2270 3637 illorum,
2299 3574 2528 3626 minatur
2560 3572 2717 3624 Deus.

1872 3662 1967 3718 1οέ
1992 3662 2213 3730 Quando
2244 3663 2452 3715 tandem
2498 3662 2599 3715 hoc
2629 3662 2817 3715 factum
2845 3658 2969 3714 est?
2997 3658 3217 3726 Quando
3246 3673 3372 3727 pro-

1800 3753 1989 3823 phetia:
2016 3768 2231 3821 prorsus
2259 3753 2517 3807 sublatae?
2556 3752 2777 3818 Quando
2809 3752 2988 3805 unctio
3029 3753 3106 3805 sic
3132 3760 3215 3805 est
3243 3754 3371 3805 sub-

1801 3847 1927 3913 lata,
1955 3856 2011 3900 ut
2038 3862 2319 3916 numquam
2354 3846 2423 3900 sit
2450 3846 2679 3900 reditura
2702 3844 2724 3897 ?
2769 3846 2832 3899 Et
2859 3843 2905 3897 si
2946 3858 3041 3897 nos
3085 3845 3332 3897 sileamus
3356 3883 3371 3904 .

1801 3939 1900 4008 ipsi
1955 3938 2152 4007 lapides
2215 3937 2516 3991 clamabunt
2558 3955 2570 3990 :
2614 3926 2757 3989 adeo'
2800 3934 3074 3989 manifesta
3132 3943 3213 3988 est
3264 3933 3371 4001 ipsa

1801 4016 1978 4085 rerum
2004 4046 2104 4083 vox
2129 4047 2142 4093 ;
2175 4044 2273 4083 nec
2302 4029 2443 4083 enim
2472 4036 2687 4096 possunt
2714 4026 2852 4080 aliud
2880 4035 3084 4094 tempus
3114 4023 3372 4093 prolerre,

1802 4137 1907 4191 quo
1930 4121 2041 4177 hcec
2069 4131 2214 4191 gesta
2245 4126 2385 4184 sunt,
2433 4134 2588 4187 quam
2628 4117 2729 4173 hoc
2757 4116 2967 4185 longum
2997 4130 3060 4170 ac
3087 4130 3330 4183 magnum
3356 4154 3374 4179 ,

1804 4212 1896 4267 sed
1944 4213 2113 4281 majus
2155 4213 2312 4266 etiam
2363 4210 2615 4264 futurum.
2663 4206 2905 4262 Posthtec
2945 4206 3179 4259 exactius
3218 4205 3375 4258 etiam

1803 4304 1870 4359 de
1897 4304 1977 4357 his
2007 4305 2245 4373 loquens,
2278 4302 2350 4355 ait
2382 4318 2395 4354 :
2426 4301 2491 4354 Et
2520 4316 2781 4371 cognosces
2811 4310 2856 4353 et
2886 4298 3128 4367 intelliges
3153 4297 3213 4349 ab
3243 4299 3376 4351 exitu

1802 4396 2062 4457 sermonis,
2105 4405 2157 4447 ut
2182 4392 2552 4460 respondeatur,
2582 4401 2730 4459 utque
2755 4390 3029 4458 aediﬁcetur
3052 4388 3331 4441 Jerusalem
3359 4428 3375 4451 ,

1806 4503 1961 4555 usque
1981 4486 2046 4537 ad
2094 4484 2347 4539 Christum
2368 4484 2565 4545 ducent,
2588 4481 2917 4534 hebdomades
2945 4489 3152 4549 septem,
3177 4486 3225 4530 et
3262 4476 3378 4529 heb-

1806 4580 2042 4634 domades
2069 4580 2327 4647 sexaginta
2357 4577 2471 4628 dum
2494 4575 2653 4644 (Dan.
2689 4574 2741 4629 9.
2765 4574 2880 4643 25).

1876 4670 2161 4741 Explicatio
2191 4667 2555 4721 hebdomadam
2581 4665 2823 4718 Danielis.
2854 4693 2924 4703 —
2961 4663 3056 4716 Hic
3082 4660 3207 4716 mihi
3254 4659 3378 4714 dili-

1804 4773 1992 4832 genter
2033 4762 2342 4824 auscultate,
2375 4773 2495 4819 nam
2523 4765 2606 4811 est
2636 4757 2794 4811 totius
2822 4753 3130 4825 quaestionis
3173 4751 3333 4806 cardo
3364 4766 3377 4803 :

1808 4854 2161 4909 hebdomades
2207 4863 2407 4921 septem
2456 4859 2510 4905 et
2552 4848 2907 4903 hebdomades
2948 4846 3214 4914 sexaginta
3261 4842 3379 4895 dure

1807 4943 2092 4999 conficiunt
2138 4957 2306 4995 annos
2353 4940 2765 5009 quadringentos
2798 4936 3061 5003 octoginta
3104 4942 3230 4985 tres.
3272 4930 3379 4983 Nec

1808 5038 1947 5091 enim
1977 5036 2061 5090 hic
2088 5036 2213 5089 dicit
2245 5033 2599 5089 hebdomadas
2622 5031 2826 5084 dierum
2856 5037 2947 5082 aut
2977 5026 3256 5084 mensium,
3285 5022 3379 5077 sed

1807 5131 2112 5184 annorum‘.
2164 5128 2295 5181 Nam
2324 5125 2515 5197 aCyro
2560 5138 2729 5193 usque
2773 5120 2839 5175 ad
2890 5117 3205 5174 Antiochum
3249 5115 3377 5183 Epi-r

1807 5220 2032 5290 phanem
2063 5228 2117 5274 et
2144 5218 2497 5287 captivitatem
2537 5214 2677 5267 illam
2706 5221 2827 5267 sunt
2869 5210 2991 5264 anni
3038 5207 3256 5262 trecenti
3285 5218 3376 5259 no-

1807 5310 2017 5380 ltaginta
2070 5318 2315 5377 quatuor.
2367 5306 2544 5375 Itaque
2586 5302 2861 5358 declarans
2912 5314 2971 5354 se
3018 5313 3124 5352 non
3173 5297 3239 5351 de
3291 5297 3377 5350 illa

1809 5406 1988 5474 templi
2032 5402 2355 5459 desolatione
2383 5397 2548 5468 loqui,
2576 5396 2669 5452 sed
2698 5412 2782 5457 ea,
2812 5410 2930 5464 qua:
2969 5393 3063 5446 fuit
3090 5400 3208 5461 post
3236 5390 3375 5445 illam

1808 5497 1906 5551 sub
1935 5494 2204 5565 Pompeio,
2253 5490 2576 5561 Vespasiano
2626 5496 2678 5542 et
2721 5486 2861 5552 Tito,
2911 5482 3131 5538 ulterius
3179 5479 3377 5551 profert

1871 5649 1890 5680 ³
1923 5654 2030 5696 Haec
2058 5657 2288 5693 annorum
2311 5644 2580 5706 supputatio
2600 5654 2628 5691 a
2648 5650 2763 5704 (.er
2785 5639 2842 5688 ad
2866 5638 3140 5706 Antiochum
3177 5636 3270 5697 Epil
3288 5634 3376 5706 ha:

1810 5722 1924 5771 nem
1962 5709 2148 5771 magnis
2176 5715 2253 5755 est
2284 5696 2637 5771 difﬁcultatibus
2672 5696 2876 5752 obnoxia
2895 5736 2911 5757 ,
2956 5708 3010 5771 ut.
3049 5696 3222 5771 videas
3249 5696 3373 5767 apud

1817 5768 2135 5832 chronologos
2156 5780 2472 5829 recentiores,
2497 5768 2804 5829 Scaligerum,
2830 5768 3087 5823 Petavtum,
3115 5768 3370 5809 L‘ssertum.
