3920 6288
487 377 593 434 899

489 507 722 568 tempus,
755 506 985 566 moxque
1027 493 1224 549 docens
1269 505 1387 558 nos,
1419 491 1558 546 unde
1601 501 1841 560 oporteat
1871 507 2068 561 suppu-

489 600 626 657 tare,
656 590 981 644 demonstrat
998 603 1100 640 non
1127 601 1246 640 esse
1266 585 1652 641 numerandum
1676 601 1708 639 a
1730 584 1817 639 die
1844 585 2066 652 reditus,

487 679 592 736 Sed
622 679 760 734 unde
811 679 1066 732 tandem?
1095 678 1169 731 Ab
1199 677 1334 730 exitu
1361 677 1631 742 sermonis,
1661 685 1718 730 ut
1762 677 2070 746 respondea-

487 783 586 835 tur,
615 783 661 825 et
678 771 958 839 azdiﬁcetur
987 770 1292 824 Jerusalem.
1324 772 1394 824 At
1421 777 1527 822 non
1553 767 1651 822 fuit
1677 778 1947 824 exstructa
1973 769 2072 824 sub

485 862 647 933 Cyro,
695 860 789 916 sed
832 860 934 915 sub
977 862 1274 916 Artaxerxe
1317 867 1669 929 cognomento
1725 859 2068 929 Longimano.

491 953 620 1009 Post
648 955 962 1009 descensum
985 954 1125 1008 enim
1155 953 1298 1008 venit
1318 951 1626 1024 Cambyses,
1675 951 1865 1006 deinde
1889 951 2024 1021 Magi
2051 991 2069 1017 ,

491 1054 614 1114 post
630 1045 726 1098 hos
758 1045 942 1098 Darius
965 1043 1238 1115 Hystaspis.
1257 1042 1673 1111 ﬁlius,deinceps
1687 1040 1911 1096 Xerxes.
1934 1040 2074 1095 Darii

491 1139 775 1208 ﬁlius,post
793 1137 931 1191 hunc
953 1137 1397 1204 Artabanus,post
1415 1133 1740 1188 Artabanum
1755 1137 2074 1188 Artaxerxes

492 1229 853 1299 Longimanus
894 1228 1171 1297 imperavit
1206 1226 1433 1281 Persidi.
1467 1225 1538 1280 Et
1573 1225 1698 1279 dum
1740 1224 1827 1278 hic
1852 1239 2074 1294 regnum

489 1321 768 1384 obtineret,
789 1335 927 1373 anno
953 1319 1209 1389 vigesimo
1236 1319 1382 1388 regni
1407 1317 1547 1372 illius
1568 1316 1810 1371 Neemias
1829 1329 2076 1371 reversus

496 1413 765 1468 civitatem
795 1413 1123 1467 instauravit.
1158 1413 1225 1465 Et
1255 1411 1368 1465 lucc
1409 1409 1607 1464 Esdras
1633 1409 1786 1464 nobis
1832 1417 2078 1462 accurate

491 1505 794 1575 descripsit.
828 1487 948 1560 'Nos
991 1505 1149 1575 igitur
1189 1504 1310 1558 hinc
1349 1502 1762 1573 quadringentos
1808 1500 2075 1569 octoginta

499 1608 608 1654 tres
636 1614 803 1653 annos
845 1599 889 1652 si
935 1598 1417 1660 numeraverimus,
1451 1593 1588 1648 haud
1621 1591 1777 1648 dubie
1805 1594 2078 1648 veniemus

491 1691 559 1744 ad
590 1692 725 1745 hanc
748 1689 1174 1744 subversionem.
1207 1687 1328 1741 Ideo
1353 1686 1481 1742 dicit
1509 1703 1524 1740 :
1557 1684 1923 1752 )Ediﬁcabitur
1961 1683 2075 1753 pla—

491 1791 572 1834 tea
614 1789 659 1834 et
687 1797 946 1834 murorum
985 1780 1201 1832 ambitus
1227 1779 1300 1844 (2.
1336 1777 1485 1831 Esdr.
1507 1776 1540 1830 5
1567 1775 1610 1845 ).
1641 1774 1770 1830 Cum
1814 1774 1994 1844 igitur,
2023 1783 2081 1826 ut

489 1872 586 1938 ait,
630 1873 870 1927 restituta
918 1871 1108 1936 fuerit,
1159 1886 1415 1940 sumnque
1456 1877 1655 1924 statum
1701 1868 1980 1937 receperit,
2014 1880 2079 1920 ex

499 1966 602 2019 hoc
650 1974 874 2034 supputa
938 1964 1298 2018 hebdomades
1355 1961 1719 2032 septuaginta,
1773 1959 2084 2028 videbisque

496 2057 633 2110 hanc
661 2056 1018 2125 captivitatem
1049 2054 1283 2108 nondum
1329 2053 1569 2107 sortitam
1616 2051 1774 2105 ﬁnem
1805 2065 1944 2105 esse.
1983 2051 2081 2102 At-

495 2163 603 2216 que
633 2149 732 2202 hoc
763 2149 933 2217 ipsum
961 2147 1257 2202 evidentius
1299 2146 1459 2201 etiam
1485 2145 1754 2213 aperiens,
1782 2142 1922 2213 quod
1947 2141 2082 2195 mala

495 2239 692 2308 quibus
723 2252 862 2292 nunc
911 2245 1190 2302 tenentur,
1225 2251 1327 2290 non
1365 2239 1473 2289 sint
1514 2233 1757 2288 habitura
1805 2233 1986 2298 ﬁnem,
2015 2231 2082 2285 ad

502 2330 644 2383 hunc
692 2329 906 2382 modum
950 2327 1227 2396 loquitur:
1260 2325 1386 2380 Post
1429 2325 1760 2378 hebdomades
1803 2333 1971 2376 autem
2007 2339 2085 2376 se-

501 2419 766 2490 ptuaginta
785 2417 1063 2472 abolebitur
1097 2419 1284 2483 unctio,
1330 2426 1376 2470 et
1397 2416 1644 2489 judicium
1683 2431 1784 2468 non
1809 2415 1902 2468 erit
1924 2413 1978 2467 in
2003 2430 2081 2478 ea,

496 2521 547 2565 et
573 2511 821 2564 ciuitatem
867 2519 912 2564 et
938 2518 1166 2564 sanctum
1207 2507 1412 2580 perdet,
1442 2522 1556 2560 cum
1595 2505 1739 2560 Duce
1780 2514 2006 2570 venturo,
2037 2512 2084 2557 et

515 2605 859 2659 conciduntur
893 2614 1142 2671 tanquam
1186 2603 1240 2654 in
1274 2601 1493 2667 diluvio,
1527 2618 1702 2671 neque
1749 2611 2079 2671 supererunt

513 2697 776 2766 reliquae,
816 2711 992 2763 neque
1025 2695 1202 2756 radix,
1236 2709 1358 2763 quae
1385 2695 1694 2763 repullulet,
1732 2704 1781 2748 et
1813 2710 1976 2764 usque
2009 2695 2078 2748 ad

512 2791 670 2859 finem
685 2788 807 2842 belli
829 2786 1120 2840 abbreviati
1141 2785 1602 2840 internecionibus.
1623 2787 1831 2841 ltursus
1851 2787 2080 2854 loquens

509 2882 576 2936 de
596 2880 697 2934 hac
715 2878 1188 2948 captivitate,dicit
1204 2895 1217 2931 :
1236 2876 1750 2932 Tolleturincensttm
1763 2886 1812 2930 et
1825 2876 2076 2939 libamen,

509 2988 574 3024 ac
588 2980 844 3038 prwterea
862 2984 1017 3037 super
1041 2966 1284 3034 templum
1306 2965 1627 3019 abominatio
1645 2965 2008 3030 desolationis,
2029 2975 2078 3018 et

509 3077 676 3132 usque
695 3060 763 3114 ad
786 3059 1290 3114 consummationem
1312 3058 1560 3126 temporis
1582 3058 1964 3110 consummatio
1985 3058 2080 3110 da-

510 3153 655 3205 bitur
671 3152 739 3204 ad
755 3151 1152 3205 desolationem.
1169 3149 1302 3204 Cum
1322 3150 1512 3205 audias
1525 3150 2076 3215 consummationem,

525 3243 659 3313 quid
684 3243 861 3296 adhuc
894 3249 1162 3311 superest,
1189 3241 1332 3310 quod
1366 3241 1686 3311 exspectes?
1711 3243 1785 3293 Ac
1805 3251 2077 3308 pra’lerea.

510 3332 654 3396 Quid
672 3344 849 3385 autem
862 3339 966 3395 est,
983 3329 1057 3382 Ac
1077 3329 1360 3397 prwterea?
1375 3328 1487 3382 Hoc
1500 3337 1604 3393 est,
1623 3337 1818 3399 praeter
1838 3329 1950 3384 hac
1962 3344 2083 3400 quae

513 3421 660 3476 dicta
689 3427 840 3484 sunt,
866 3427 990 3491 post
1019 3420 1418 3475 sacriﬁciorum
1444 3427 1497 3473 et
1526 3419 1800 3474 iibaminis
1827 3420 2084 3475 sublatio-

524 3530 671 3575 nem,
697 3512 841 3566 aliud
879 3512 1057 3580 majus
1081 3511 1304 3565 accedet
1327 3512 1551 3565 malum.
1571 3495 1856 3578 Quodnam
1874 3513 1975 3568 hoc
1997 3512 2081 3567 di-

515 3606 596 3660 cis
613 3605 637 3657 ?
657 3603 825 3672 Super
845 3602 1091 3671 templum
1121 3601 1445 3656 abominatio
1459 3602 1820 3658 desolationis.
1866 3603 2078 3672 llieron

516 3700 661 3752 enim
679 3705 834 3748 vocat
847 3695 1591 3763 templum,abominationem
1607 3703 1785 3749 autem
1799 3695 2083 3752 desolatio-

511 3787 597 3840 nis
620 3795 774 3841 vocat
809 3798 1060 3854 statuam,
1106 3803 1264 3859 quam
1295 3789 1573 3845 collocavit
1599 3790 1652 3845 in
1698 3791 1894 3862 templo
1931 3791 1976 3846 is
2003 3793 2095 3862 qui

510 3880 783 3935 exciderat
800 3891 854 3936 et
871 3891 1134 3951 everterat
1150 3882 1436 3936 civitatem.
1451 3881 1522 3936 Et
1538 3900 1692 3954 usque
1708 3884 1774 3936 ad
1790 3901 2096 3938 consumma-

511 3971 718 4034 tionem,
750 3973 940 4041 inquit,
971 3972 1232 4028 desolatio.
1263 3972 1617 4040 Quamobrem
1662 3975 1788 4028 dicit
1816 3974 2092 4042 Christus,

509 4061 602 4129 qui
645 4065 935 4116 secundum
974 4078 1186 4118 carnem
1240 4065 1336 4117 fuit
1382 4066 1643 4134 posterior
1687 4067 1946 4120 Antiocho
1978 4067 2095 4136 I'Ipi-

511 4153 709 4220 phaue,
741 4155 1037 4208 vaticinans
1066 4154 1427 4208 imminentem
1455 4156 1600 4210 urbis
1629 4158 2004 4225 captivitatem,
2033 4174 2097 4212 ac

512 4245 792 4300 declarans
829 4247 969 4314 quod
1000 4246 1068 4300 de
1111 4247 1210 4302 hac
1250 4249 1554 4316 praedixerit
1582 4250 1763 4305 Daniel
1795 4269 1807 4304 :
1837 4249 1982 4316 Cum,
2014 4252 2097 4306 in-

512 4338 652 4407 quit,
702 4339 920 4391 videritis
964 4338 1385 4392 abominationem
1427 4339 1768 4409 desolationis,
1798 4343 1860 4396 de
1895 4359 1993 4411 qua
2024 4345 2099 4396 lo-

517 4440 700 4497 quutus
726 4440 796 4483 est
824 4429 1009 4483 Daniel
1033 4435 1299 4499 propheta,
1325 4441 1537 4485 stantem
1560 4433 1614 4486 in
1639 4434 1748 4488 loco
1775 4446 1948 4488 sancto
1971 4451 1988 4488 :
2012 4437 2099 4504 qui

505 4521 632 4590 legit
659 4522 902 4591 intelligat
943 4521 1151 4594 (Matth.
1198 4522 1287 4578 Ξιί.
1321 4522 1432 4596 15).
1463 4524 1723 4591 Quoniam
1769 4527 1909 4579 enim
1939 4542 2098 4580 omne

510 4612 852 4667 simulacrum
884 4623 937 4667 et
957 4613 1186 4668 hominis
1213 4613 1416 4684 efﬁgies
1440 4616 1577 4684 apud
1605 4615 1820 4672 Judaaos
1860 4619 2096 4687 appella-

510 4702 673 4757 batur
714 4705 1072 4768 abominatio,
1113 4707 1444 4776 :cnigtnatice
1502 4709 1810 4778 significans
1857 4720 2088 4764 statuam

517 4794 685 4859 illaut,
729 4795 885 4848 simul
927 4796 1136 4865 aperuit
1177 4807 1231 4852 et
1275 4812 1381 4867 quo
1408 4806 1667 4869 tempore,
1709 4811 1816 4856 eta
1841 4816 1947 4872 quo
1974 4817 2099 4872 rege

513 4887 795 4955 captivitas
818 4897 961 4941 esset
983 4896 1222 4942 ventura.
1245 4887 1398 4956 Quod
1421 4899 1599 4946 autem
1625 4893 1692 4947 de
1714 4893 1965 4948 Romanis
1987 4893 2100 4948 haec

508 4978 657 5032 dicta
708 4979 835 5047 sint,
879 4988 934 5034 et
982 4979 1094 5050 ipse
1141 4979 1438 5051 Josephus,
1486 4985 1934 5054 quemadmodum
1975 4994 2099 5040 ante

508 5070 816 5136 docuimus,
849 5073 1191 5127 asseveravit.
1219 5074 1356 5142 Quid
1380 5076 1537 5146 igitur
1561 5078 1712 5133 vobis
1736 5079 1992 5149 reliquum
2020 5089 2102 5136 cst

511 5163 658 5233 quod
692 5165 1000 5233 loquamini,
1032 5181 1152 5220 cum
1184 5167 1418 5237 reliquas
1445 5171 1779 5238 captivitales
1803 5171 2099 5240 praedicen-

517 5266 598 5309 tes
628 5255 918 5327 prophctm,
961 5266 1165 5311 certum
1211 5267 1266 5312 et
1305 5258 1626 5328 praeﬁnitum
1675 5271 1882 5330 tempus
1925 5263 2102 5332 expri-

519 5358 671 5401 mant
700 5366 714 5401 :
745 5349 865 5403 huic
912 5349 1116 5402 nullum
1163 5361 1372 5418 tempus
1419 5353 1733 5420 prmﬁniant,
1759 5355 1884 5424 quin
1927 5356 2101 5425 potius

512 5441 847 5492 contrarium
892 5441 1108 5508 addant,
1153 5443 1400 5498 videlicet
1436 5445 1792 5513 captivitatem
1839 5461 2006 5518 usque
2032 5448 2100 5503 ad

513 5533 1033 5587 consummationem
1079 5534 1620 5590 duraturam‘lPorro
1663 5537 1802 5607 quod
1847 5539 2102 5597 hactenus

521 5623 659 5678 dicta
691 5638 826 5676 vana
856 5639 959 5676 non
1000 5625 1127 5693 sint,
1156 5641 1255 5695 age
1279 5643 1307 5680 a
1330 5629 1486 5682 rebus
1510 5629 1667 5683 etiam
1695 5629 1823 5700 ipsis
1847 5631 2102 5686 exhibea-

516 5733 638 5770 mus
663 5717 1046 5771 testimonium.
1077 5719 1208 5774 Nam
1239 5723 1283 5774 si
1309 5721 1477 5776 ,ιυόωί
1501 5738 1784 5792 numquam
1812 5734 2102 5780 tentassent

520 5811 792 5865 mdiﬁcare
821 5811 1097 5879 templum,
1137 5810 1315 5868 dicere
1359 5823 1603 5884 poteram
1677 5818 1720 5869 si
1753 5817 2098 5873 voluissemus

1207 375 1265 432 S.
1305 371 1580 430 JOANNIS
1618 370 2088 430 CIIRYSOS’I'OMI
2128 371 2440 430 ARCHIEP.
2479 371 3015 430 CONSTANTINOP.

3640 372 3755 427 900

2173 493 2386 564 aggredi
2429 494 2614 566 templi
2643 495 3099 562 instaurationem,
3126 488 3343 549 cumino
3367 492 3758 564 potuissemus,

2173 595 2227 640 et
2253 586 2685 655 perfecissemus.
2715 585 2868 642 Nunc
2910 595 3086 641 autem
3120 600 3208 642 res
3233 585 3347 656 ipsa
3377 585 3714 639 demonstrat
3738 623 3757 646 ,

2174 691 2267 730 eos
2297 692 2402 731 non
2433 677 2596 732 semel
2635 686 2728 732 aut
2750 679 2852 740 bis,
2879 678 2973 733 sed
3004 687 3087 733 ter
3127 691 3403 748 aggressos
3429 683 3484 730 et
3512 674 3758 743 repulsos

2175 785 2314 833 esse,
2343 785 2449 824 non
2472 771 2627 825 aliter
2653 786 2810 840 quam
2838 771 2899 825 ﬁt
2927 772 2979 825 in
3004 769 3380 826 certaminibus
3403 765 3736 839 Olympiacis

2176 869 2232 914 ut
2257 861 2383 915 nulli
2412 860 2628 917 dubium
2668 876 2792 917 esse
2819 861 3005 932 possit,
3033 861 3158 932 quin
3184 861 3434 916 Ecclesia:
3457 860 3529 913 sit
3557 870 3758 913 corona

2184 949 2448 1006 victoriae.

2256 1044 2283 1097 l
2296 1043 2317 1096 Ι
2330 1083 2342 1095 .
2373 1042 2672 1096 ,Ιαάωογαηι
2691 1040 2900 1094 rebellio
2925 1039 3017 1094 sub
3038 1037 3464 1094 Adriano.—Ubi
3486 1036 3652 1108 igitur
3665 1049 3760 1104 ag-

2182 1132 2356 1204 gressi
2380 1143 2506 1186 sunt
2533 1132 2628 1195 illi,
2649 1131 2742 1201 qui
2770 1145 2986 1202 semper
3003 1131 3263 1186 resistunt
3286 1129 3512 1200 Spiritui
3541 1136 3756 1188 sancto,

2183 1225 2272 1294 qui
2289 1239 2374 1278 res
2386 1240 2552 1280 novas
2568 1225 2880 1290 moliuntur,
2894 1224 2983 1294 qui
3003 1224 3293 1279 seditiones
3302 1222 3579 1278 concitant
3589 1221 3614 1272 ?
3629 1220 3760 1274 Post

2184 1315 2608 1371 devastationetn
2629 1333 2747 1387 qua:
2771 1316 2910 1371 facta
2938 1316 3038 1371 fuit
3057 1317 3156 1371 sub
3173 1315 3502 1385 Vespasiano
3529 1329 3592 1367 ac
3609 1312 3757 1374 Tito,

2183 1408 2285 1462 sub
2297 1408 2684 1464 Adrianomota
2698 1409 3165 1473 seditione,conati
3179 1418 3306 1464 sunt
3318 1408 3603 1478 pristinam
3620 1421 3759 1460 rem-

2180 1502 2443 1571 publicam
2493 1503 2788 1557 instaurare
2819 1520 2831 1556 :
2863 1501 3001 1556 haud
3030 1515 3290 1572 quaquam
3324 1500 3680 1569 intelligentes
3705 1512 3765 1548 se

2178 1604 2363 1648 contra
2391 1593 2483 1649 Dei
2513 1594 2774 1649 calculum
2801 1593 2999 1649 bellum
3026 1607 3260 1657 movere,
3285 1592 3522 1663 iubentis
3548 1592 3600 1644 in
3633 1605 3761 1660 per-

2181 1693 2396 1754 petuum
2422 1699 2539 1739 eam
2567 1685 2839 1740 civitatem
2860 1684 3144 1740 devastari.
3172 1685 3338 1738 Porro
3367 1684 3474 1738 Deo
3500 1682 3759 1744 bellante,

2180 1791 2433 1846 superare
2475 1776 2802 1846 impossibile
2851 1785 2949 1830 est.
2982 1775 3182 1846 lmpetu
3211 1775 3367 1846 igitur
3396 1775 3532 1829 facto
3562 1775 3615 1827 in
3645 1773 3763 1827 Cm-

2181 1881 2377 1930 sarem,
2421 1883 2606 1923 rursus
2653 1883 2773 1923 eum
2818 1867 3140 1938 adegerunt,
3185 1875 3242 1921 ut
3281 1865 3515 1920 funditus
3559 1864 3764 1919 deleret

2181 1961 2474 2015 civitatem.
2523 1959 2659 2014 Nam
2705 1959 2928 2014 devictis
2973 1973 3036 2014 ac
3080 1958 3311 2014 subactis
3353 1957 3477 2022 illis,
3512 1955 3764 2010 omnibus

2184 2050 2422 2120 reliquiis
2450 2049 2682 2115 abolitis,
2711 2066 2778 2106 ne
2807 2051 2858 2104 in
2891 2061 3159 2120 posterum
3189 2056 3405 2118 possent
3425 2047 3765 2117 impudenter

2184 2157 2361 2212 agere,
2391 2153 2619 2198 statuam
2641 2159 2788 2198 suam
2813 2143 2864 2197 in
2893 2144 3010 2197 loco
3029 2143 3326 2198 collocavit.
3359 2141 3560 2195 Deinde
3589 2141 3764 2195 sciens

2185 2235 2439 2301 futurum,
2469 2246 2527 2291 ut
2570 2236 2656 2290 illa
2686 2245 2924 2306 tempore
2953 2236 3323 2298 collaberetur,
3367 2249 3472 2304 quo
3500 2234 3645 2288 illius
3687 2235 3765 2285 vi-

2184 2327 2365 2382 etoriae
2390 2336 2567 2382 notam
2617 2326 3056 2382 immedicabilem
3095 2327 3357 2390 inureret,
3409 2333 3462 2379 et
3487 2324 3630 2377 illius
3663 2324 3763 2376 im-

2187 2419 2454 2488 pudentia:
2485 2428 2908 2486 monumentum,
2932 2434 3124 2474 nomen
3151 2433 3303 2472 suum
3333 2417 3570 2471 civitatis
3599 2416 3766 2469 ruinis

2187 2512 2457 2582 imposuit.
2496 2512 2754 2578 Quoniam
2779 2514 2919 2568 enim
2949 2513 3062 2583 ipse
3085 2513 3357 2567 dicebatur
3376 2511 3551 2567 Elius
3577 2509 3767 2564 Adria-

2187 2619 2308 2670 nus,
2334 2604 2453 2660 ideo
2476 2612 2531 2660 et
2556 2606 2753 2660 civitati
2779 2621 2970 2659 nomen
2996 2604 3327 2674 Elimjussit
3351 2603 3550 2672 imponi
3580 2619 3596 2667 ;
3627 2601 3768 2655 unde

2189 2708 2245 2754 et
2270 2698 2408 2755 Elia
2460 2698 2654 2753 dicitur
2697 2699 2749 2752 in
2779 2698 3090 2752 hodiernum
3139 2712 3305 2767 usque
3352 2697 3514 2759 diem,
3564 2710 3765 2764 cogno-

2190 2791 2335 2845 mine
2363 2790 2579 2845 victoris
2607 2799 2661 2846 et
2690 2789 2976 2845 eversoris.
3005 2789 3166 2844 Vides
3192 2789 3415 2858 primum
3458 2786 3766 2842 Judmorum

2190 2882 2473 2938 conatum?
2497 2881 2788 2937 Considera
2817 2891 2871 2936 et
2901 2882 3120 2936 alterum
3169 2880 3235 2935 ab
3261 2881 3376 2932 hoc.

2261 2975 2481 3029 Conatus
2506 2991 2677 3028 eorum
2701 2975 2792 3028 sub
2817 2974 3159 3029 Constantino.
3189 3004 3258 3013 -—
3280 2971 3390 3026 Sub
3410 2969 3766 3024 Constantino

2189 3065 2377 3119 eadem
2419 3065 2651 3136 aggressi
2695 3074 2838 3120 sunt.
2891 3065 2962 3119 At
3007 3065 3095 3119 ille
3124 3066 3236 3118 viso
3275 3064 3506 3133 ipsorum
3550 3072 3764 3122 conatu,

2190 3155 2474 3225 amputatis
2507 3156 2717 3210 illorum
2755 3156 3001 3211 auriculis
3021 3198 3034 3221 ,
3075 3171 3138 3210 ac
3163 3155 3464 3210 rebellionis
3489 3155 3645 3222 signo
3676 3152 3769 3205 im-

2191 3264 2375 3318 presso
2403 3249 2612 3318 corpori
2643 3250 2874 3316 illorum,
2908 3266 3000 3320 per
3019 3251 3194 3304 omnia
3221 3251 3333 3304 loca
3360 3247 3768 3302 circumferebat

2193 3341 2344 3408 illos,
2384 3355 2480 3396 ceu
2511 3339 2725 3413 fugitiva
2759 3343 3021 3412 mancipia
3049 3358 3109 3396 ac
3135 3341 3452 3396 verberones
3477 3381 3494 3406 ,
3526 3340 3767 3409 corpori-

2192 3430 2294 3486 bus
2339 3433 2592 3487 mutilatis
2634 3433 2949 3502 conspicuos
2989 3434 3107 3486 illos
3151 3432 3347 3486 faciens
3374 3431 3664 3495 omnibus,
3711 3443 3770 3481 ac

2193 3538 2287 3578 eos
2312 3523 2398 3593 qui
2425 3539 2517 3592 per
2539 3539 2726 3578 omnes
2747 3525 2988 3594 regiones
3014 3533 3164 3577 erant
3189 3522 3358 3589 sparsi
3385 3519 3670 3582 erudiens,
3704 3536 3766 3572 ne

2194 3612 2249 3666 in
2285 3620 2552 3681 posterum
2585 3613 2770 3668 eadem
2804 3622 3142 3667 conarentur.
3190 3611 3296 3664 Sed
3327 3611 3475 3672 hzec,
3509 3611 3768 3678 inquient,

2195 3705 2369 3773 prisca
2399 3713 2451 3758 et
2481 3704 2737 3758 obsoleta.
2761 3703 2872 3757 imo
2903 3705 3003 3759 hoc
3022 3705 3194 3773 potius
3216 3711 3396 3757 notum
3419 3712 3505 3756 est
3524 3701 3689 3756 etiam
3712 3704 3769 3754 iis

2197 3795 2285 3865 qui
2316 3796 2454 3850 inter
2479 3811 2574 3848 vos
2602 3805 2723 3849 sunt
2749 3797 3010 3850 seniores.

2266 3885 2435 3939 λιιάωὶ
2474 3889 2666 3957 favente
2698 3885 2908 3940 Iuliano
2931 3883 3176 3957 Apostata
3213 3883 3452 3954 templum
3491 3896 3772 3938 restaurare

2200 3979 2390 4047 frustra
2430 3986 2698 4031 tentarunt.
2742 4007 2813 4016 -—
2859 3977 3009 4046 Quod
3054 3992 3180 4033 vero
3219 3977 3326 4047 jam
3354 3977 3596 4031 dicturus
3637 3993 3769 4044 sum,

2197 4069 2358 4123 etiam
2383 4069 2666 4123 admodum
2681 4068 2960 4140 juvenibus
2985 4079 3068 4124 est
3094 4069 3293 4124 clarum
3322 4083 3383 4123 ac
3411 4069 3769 4137 perspicuum.

2198 4159 2312 4214 Non
2360 4161 2498 4214 enim
2537 4169 2743 4231 gestum
2782 4169 2864 4216 est
2904 4161 3005 4215 sub
3029 4161 3262 4215 Adriano
3286 4167 3376 4213 aut
3402 4160 3772 4218 Constantino.

2202 4251 2295 4306 sed
2324 4251 2421 4305 sub
2453 4252 2772 4322 lmperatore
2798 4253 2886 4320 qui
2924 4252 3018 4306 fuit
3043 4261 3197 4306 actate
3235 4261 3415 4304 nostra
3447 4259 3574 4304 ante
3613 4265 3776 4303 annos

2200 4346 2401 4414 viginti.
2428 4346 2635 4400 Etenim
2664 4361 2783 4402 cum
2813 4345 3073 4412 Julianus,
3105 4345 3192 4414 qui
3217 4343 3568 4414 Imperatores
3589 4357 3776 4395 0mm

2202 4439 2475 4506 superavit
2513 4439 2780 4508 impietate
2802 4479 2818 4504 ,
2860 4449 3077 4493 vocaret
3115 4439 3236 4492 illos
3271 4436 3335 4490 ad
3369 4436 3774 4490 sacriﬁcandum

2203 4528 2376 4595 idolis,
2406 4539 2460 4583 et
2487 4530 2550 4583 ad
2578 4546 2725 4584 suam
2760 4531 3082 4599 impietatem
3121 4529 3427 4599 pertrahere
3465 4539 3771 4584 conaretur.

2201 4635 2263 4673 ac
2280 4635 2404 4674 mox
2426 4621 2716 4690 objicerent
2743 4622 2840 4690 ipsi
2871 4621 3097 4688 priscum
3114 4612 3287 4675 cultus
3308 4621 3483 4678 ritum,
3504 4619 3774 4673 dicentes:

2202 4726 2232 4766 a
2263 4713 2456 4768 neSIris
2486 4714 2773 4784 majoribus
2803 4714 2942 4768 Deus
2972 4714 3072 4767 hoc
3101 4713 3256 4766 modo
3276 4713 3446 4767 cultus
3464 4722 3581 4775 est;
3618 4712 3777 4765 etiam

2205 4804 2444 4858 nolentes
2471 4813 2576 4858 tum
2606 4805 2902 4858 fatebantur
2930 4804 3076 4870 hare,
3107 4819 3224 4874 quae
3255 4819 3348 4857 nos
3377 4819 3515 4856 nunc
3549 4803 3779 4856 demon-

2204 4897 2504 4960 stravimus,
2538 4897 2674 4967 quod
2705 4895 2782 4950 fas
2811 4912 2914 4950 non
2947 4906 3090 4950 esset
3112 4905 3258 4950 extra
3285 4895 3548 4948 civitatem
3588 4894 3781 4946 inuno-

2206 4986 2315 5042 lare
2342 4989 2580 5042 victimas
2611 5006 2622 5041 :
2655 4988 2746 5043 sed
2771 5031 2786 5053 ,
2831 4988 3170 5058 in'quicbant,
3210 4987 3517 5057 religionem
3557 4986 3776 5046 violant,

2206 5083 2525 5152 quicumque
2554 5083 2853 5137 sacriﬁcant
2881 5082 2931 5136 in
2963 5092 3104 5136 terra
3135 5081 3324 5134 aliena.
3373 5077 3602 5132 Proinde
3632 5078 3678 5131 si
3712 5079 3782 5129 vis

2207 5192 2303 5228 nos
2333 5176 2510 5229 videre
2535 5175 2895 5230 sacrificantes
2919 5217 2933 5241 ,
2963 5175 3126 5229 redde
3164 5172 3316 5226 nobis
3360 5171 3628 5225 civitatem
3651 5209 3667 5233 ι
3700 5185 3782 5220 "3'

2207 5269 2367 5322 stitue
2402 5267 2655 5336 templum
2676 5308 2690 5331 ,
2721 5266 2913 5321 exhibe
2936 5265 3088 5318 nobis
3110 5275 3288 5319 sancta
3317 5270 3645 5324 sanctorum,
3674 5261 3778 5312 eo!-

2207 5360 2318 5412 loca
2359 5374 2537 5425 aram,
2589 5368 2643 5413 et
2682 5359 3098 5414 sacriﬁcabimus
3145 5370 3286 5409 nunc
3337 5352 3776 5423 quemadmodum

2208 5451 2355 5503 olim.
2400 5449 2506 5503 Nec
2549 5450 2729 5518 puduit
2756 5451 3045 5504 sceleratos
3073 5457 3127 5502 et
3153 5447 3404 5502 efl‘rontes
3427 5443 3543 5499 bzec
3563 5459 3778 5514 poscere

2207 5555 2238 5594 a
2258 5540 2369 5596 viro
2397 5542 2555 5610 impio
2584 5557 2926 5611 paganoque,
2957 5549 3011 5594 et
3044 5539 3279 5607 impuras
3305 5537 3441 5590 illius
3471 5551 3667 5589 manus
3693 5550 3777 5585 vo-

2208 5648 2332 5687 care
2368 5633 2433 5686 ad
2458 5635 2870 5687 exstructionem
2898 5641 3236 5692 sanctorum,
3279 5643 3376 5681 nec
3420 5625 3777 5693 iutelligebant

2205 5738 2267 5778 se
2295 5724 2473 5776 conari
2502 5723 2842 5793 impossibilia
2860 5763 2876 5786 ,
2914 5730 3089 5791 neque
3117 5717 3508 5789 perpendehaut
3527 5757 3545 5780 ,
3575 5715 3714 5782 quod
3739 5713 3775 5765 si

2212 5821 2369 5873 homo
2417 5817 2501 5871 illa
2531 5816 2814 5872 demolitus
2857 5824 3027 5880 esset,
3085 5812 3337 5882 potuisset
3383 5809 3544 5863 homo
3594 5797 3699 5851 illi:
3724 5809 3778 5845 ⁸³
