3832 6274
57 408 151 466 899

56 521 149 579 τοῦ
175 516 554 587 οἰκοδιτμῆσαι
589 519 991 592 Ἰερουσαλήμ.
1037 525 1151 578 υύκ
1190 525 1280 580 ἐπὶ
1319 525 1504 596 Κύρου
1543 525 1599 579 δὲ

53 601 374 678 ᾠκοδομήθη,
416 603 531 656 ἀλλ’
569 607 660 658 ἐπὶ
705 606 800 658 τοῦ
848 606 1205 680 Ἀρταξέρξου
1249 608 1343 662 τοῦ
1384 609 1606 680 Μακρό-

54 703 236 760 χειρος.
272 686 424 738 Μετά
453 686 563 758 γὰρ
591 689 689 760 τὴν
720 689 944 743 κάθοδον
974 692 1237 762 ἐπανῆλθε
1273 693 1602 763 Καμϐύσης,

52 769 158 824 εἶτα
180 769 225 820 οί
249 770 435 838 μάγοι,
457 772 692 841 καὶ.μετ’
713 773 955 837 ἐκείνους
972 776 1195 845 Δαρεῖος
1216 777 1244 828 6
1273 776 1603 839 Ὑστάσπου,

52 852 156 908 εἶτα
183 855 210 904 6
238 850 442 923 Ξέρξης
466 857 494 907 6
525 856 775 926 Δαρείου,
811 857 905 910 καὶ
941 859 1080 928 μετά
1105 858 1292 912 τοῦτον
1336 859 1604 930 Ἀρταϐά-

52 954 155 1008 νης·
185 931 298 989 εἶτα
346 937 485 1006 μετά
534 939 871 1013 Ἀρταϐάνην
917 943 1278 1015 Ἀρταξέρξης
1323 945 1351 997 6
1379 944 1603 1015 Μακρό-

51 1038 177 1092 χειρ,
210 1019 268 1083 δς
302 1021 614 1076 ἐϐασίλευσε
654 1025 752 1095 τῆς
793 1026 1072 1097 Περσίδος⁹
1112 1027 1204 1080 καὶ
1231 1027 1418 1080 τούτου
1453 1027 1604 1097 βασι-

49 1104 299 1168 λεύοντος,
325 1105 570 1159 εἰκοστοῦ
612 1107 765 1171 ἔτους
801 1111 900 1181 τῆς
931 1110 1206 1178 βασιλείας
1247 1114 1435 1176 αὑτοῦ,
1464 1113 1602 1166 Νεε-

49 1189 165 1258 μίας
203 1186 441 1241 ἀνελθὼν
481 1192 578 1260 τὴν
624 1190 778 1243 πόλιν
829 1195 1145 1264 ἀνέστησεν.
1196 1197 1305 1249 Καὶ
1346 1196 1520 1249 ταῦτα
1572 1197 1601 1248 6

51 1273 268 1343 Ἔσδρας
300 1274 430 1344 ἡμῖν
458 1275 700 1344 ἀκριϐῶς
728 1276 1041 1348 διηγήσατο.
1075 1280 1171 1332 Ἂν
1203 1281 1382 1334 τοίνυν
1417 1280 1602 1333 ἐντεῦ-

46 1356 126 1408 θεν
153 1359 470 1426 τετρακόσια
501 1361 594 1412 καὶ
623 1361 949 1432 ὀγδοήκοντα
975 1365 1102 1436 τρία
1135 1365 1228 1435 ἐτη
1281 1366 1600 1437 ἀριθμήσω-

48 1456 155 1507 μεν,
206 1440 418 1504 πάντως
463 1442 666 1512 ἥξομεν
712 1445 805 1497 ἐπὶ
843 1448 941 1518 τὴν
979 1449 1340 1519 κατασκαφὴν
1377 1450 1600 1519 ταύτην.

45 1523 129 1575 Διά
167 1522 322 1575 τοῦτό
377 1542 560 1591 φησιν,
606 1524 1152 1598 Οἰκοδομηθήσεται
1201 1530 1452 1586 πλατεῖα
1503 1528 1601 1582 καί

45 1607 380 1674 περίτειχος.
419 1607 668 1664 Ἐπειδὰν
697 1608 810 1673 οὖν,
836 1615 1018 1685 φησὶν,
1050 1617 1277 1686 ἀναστῇ,
1312 1615 1407 1667 καὶ
1440 1613 1500 1666 τὸ
1525 1615 1599 1666 οἰ-

45 1693 174 1743 κεῖον
203 1690 450 1763 ἀπολάϐῃ
483 1704 508 1732 8
547 1695 748 1764 σχῆμα,
794 1697 888 1749 ἀπ’
919 1699 1128 1752 ἐκείνου
1168 1701 1268 1763 τάς
1302 1698 1602 1768 ἑϐδομάδας

45 1775 126 1836 τὰς
154 1773 520 1843 ἐϐδομήκοντα
547 1777 792 1848 ἀρίθμει,
822 1781 914 1833 καὶ
948 1782 1067 1851 ὄψει
1097 1783 1198 1854 τὴν
1227 1781 1601 1852 αἰχμαλωσίαν

45 1857 224 1926 ταύτην
262 1857 445 1910 οὐκέτι
477 1859 626 1922 τέλος
656 1861 902 1931 ἔχουσαν.
940 1866 1052 1918 Καὶ
1080 1866 1237 1919 τοῦτο
1265 1867 1322 1919 δέ
1359 1865 1488 1918 αύτο
1508 1864 1602 1934 δη-

45 1941 132 1992 λῶν
155 1940 506 2010 σαφέστερον,
529 1944 609 1996 ὃτι
635 1946 731 2014 οὐχ
754 1946 863 2013 ἕξει
889 1948 1012 2002 τινὰ
1040 1947 1191 2002 λύσιν
1211 1949 1280 2003 τὰ
1305 1950 1600 2018 κατέχοντα

45 2025 219 2086 ιύτοὺς
245 2024 413 2088 κακά,
445 2023 587 2079 οὕτω
617 2029 768 2094 φησί·
800 2033 963 2085 Μετὰ
990 2035 1096 2099 τὰς
1133 2033 1463 2102 ἑϐδομάδας
1493 2033 1600 2098 τὰς

45 2109 428 2177 ἑϐδομήκοντα
444 2113 1012 2182 ἐξολοθρευθήσεται
1034 2119 1277 2188 χρῖσμα,
1305 2120 1401 2174 καὶ
1424 2119 1601 2187 κρῖμα

45 2195 133 2247 γὺκ
160 2195 330 2249 ἔσται
360 2198 427 2250 ἐν
453 2199 629 2264 αὐτῇ,
655 2199 750 2252 καὶ
775 2200 889 2268 τὴν
909 2203 1091 2255 πόλιν
1119 2203 1185 2256 δὲ
1214 2203 1312 2257 καί
1341 2203 1406 2256 τὸ
1427 2203 1590 2272 ἅγιον

46 2279 455 2348 γυνδιαρθαρεῖ
497 2282 524 2320 b
558 2282 680 2334 σὺν
714 2281 790 2348 τῷ
824 2284 1132 2353 ἡγουμένῳ
1169 2285 1246 2351 τῷ
1273 2285 1593 2355 ἐρχομένῳ,

45 2363 118 2414 cal
149 2364 648 2431 συγκοπήσονται
677 2367 756 2431 ὡς
784 2369 852 2420 ἐν
882 2369 1303 2439 κατακλυσμῷ·
1338 2370 1458 2423 οὐδὲ
1490 2369 1586 2422 λεί.

45 2444 184 2511 μανον
213 2445 368 2500 ἔσται
404 2447 610 2513 λοιπὶν,
653 2450 774 2504 οὐδὲ
806 2451 930 2521 ῥίζα
969 2453 1130 2506 πάλιν
1161 2453 1595 2508 ἀναϐλαστάνου-

45 2545 110 2590 πα,
173 2529 272 2581 καί
333 2530 444 2597 ἕως
497 2533 711 2600 τέλους
774 2537 1040 2606 πολέμου
1105 2537 1596 2608 συντετμημένου

45 2613 401 2682 ἰρανισμοῖς.
431 2615 538 2668 Καὶ
563 2617 720 2670 πάλιν
749 2617 920 2686 λέγων
944 2620 1042 2691 τὴν
1065 2622 1442 2692 αἰχμαλωσίαν
1468 2622 1586 2676 ταύ·

45 2713 116 2766 την
149 2697 338 2766 φησίν·
385 2699 721 2768 Ἇρθήσεται
766 2704 1028 2773 θυμίαμα
1065 2706 1163 2759 καὶ
1205 2706 1468 2775 σπονδήο
1498 2705 1597 2759 καὶ

46 2781 115 2832 ἓπί
157 2782 394 2848 τούτοις
433 2783 532 2836 ἑατί
579 2786 644 2838 τὸ
686 2787 848 2854 ἱερὸν
873 2787 1192 2859 βδέλυγμα
1235 2790 1347 2859 τῆς
1375 2789 1597 2860 ἐρημώ-

46 2879 188 2928 γεως,
219 2865 321 2918 καὶ
349 2866 459 2934 ἕως
487 2871 846 2937 συντελείας
894 2873 1101 2940 καιροῦ
1129 2874 1454 2928 συντέλεια
1496 2874 1596 2928 δοὲ

45 2949 262 3012 ἰήσεται
288 2951 387 3005 ἐπὶ
428 2950 542 3020 τὴν
582 2953 903 3023 ἐρήμωσιν.
949 2957 1114 3011 Ὅταν
1151 2957 1208 3011 δέ
1249 2957 1508 3032 ἀκούσῃς,
1551 2953 1596 3014 ὧ

45 3032 267 3098 Ἰουδαῖε,
302 3034 644 3099 συντέλειαν,
698 3039 748 3091 τί
791 3039 974 3094 λοιπὸν
1018 3041 1203 3112 ἓτερον
1257 3043 1592 3115 προσδοκᾷς;

45 3116 124 3169 ιἀὶ
152 3116 251 3169 ἐπὶ
281 3118 534 3183 τούτοις.
562 3120 626 3172 Τί
656 3121 712 3173 δέ
742 3124 910 3183 ἐστιν,
949 3124 1081 3177 Ἐπὶ
1110 3126 1382 3192 tacitam;
1422 3127 1564 3180 Τουτ

55 3217 153 3262 στι,
197 3201 340 3272 πρὸς
386 3201 597 3268 τούτοις
639 3208 753 3267 τοῖς
799 3206 1128 3276 εἰρημένοις,
1176 3211 1242 3278 τῇ
1272 3209 1372 3280 τῆς
1404 3209 1595 3274 Θυσίας

47 3284 293 3354 ιναιρέσει
349 3287 442 3338 καὶ
501 3287 601 3356 τῆς
634 3288 883 3358 σπονδῆς,
924 3289 1108 3361 ἕτερον
1139 3290 1291 3345 ἔσται
1329 3311 1382 3346 τι
1409 3294 1594 3363 μεῖζον

47 3369 200 3424 εακόν.
253 3370 415 3422 Ποῖον
465 3370 530 3443 δὴ
572 3371 765 3440 τοῦτο;
821 3373 945 3426 Ἐπί
980 3374 1046 3427 τὸ
1078 3375 1237 3444 ἱερὸν
1276 3376 1596 3449 βδέλυγμα

55 3451 124 3518 ἦς
160 3453 534 3521 ἐρημώσεως⁸
584 3455 726 3526 ἱερὸν
771 3456 860 3509 τὸν
908 3457 1034 3511 ναὸν
1071 3459 1270 3524 καλῶν,
1319 3461 1595 3532 βδέλυγμα

48 3537 72 3587 ἐ
108 3538 446 3609 ἐρημώσεως
474 3540 563 3591 τὸν
592 3540 905 3611 ἀνδριάντα,
929 3542 988 3594 ὃν
1010 3543 1235 3614 ἔστησεν
1266 3548 1294 3598 6
1321 3545 1416 3618 τὴν
1444 3547 1594 3602 πόλιν

47 3619 257 3675 ;αθελὼν
304 3620 453 3675 ἔνδον
500 3624 558 3676 ἐν
605 3623 682 3693 τῷ
727 3623 863 3694 ναῷ.
890 3626 999 3680 Καὶ
1044 3625 1196 3700 [θ-ίὲ]
1225 3627 1337 3696 ἕως
1373 3644 1591 3684 συντε-

48 3705 201 3771 ῖεῖας,
253 3709 446 3776 φησὶν,
495 3707 812 3777 ἐρήμωσις.
855 3709 952 3762 Διά
995 3709 1154 3764 τοῦτό
1184 3715 1360 3782 ’φησιν
1405 3715 1434 3765 ὁ
1467 3716 1596 3786 Χρι-

48 3788 156 3852 τὸς,
199 3790 346 3859 μετά
385 3791 655 3862 Ἀντίοχον
689 3791 780 3844 τὸν
835 3793 1104 3864 Ἐπιφανῆ
1153 3797 1596 3868 παραγενόμενος

47 3870 71 3922 6
127 3872 270 3926 κατά
317 3873 516 3943 σ’άρκα,
566 3875 658 3928 καὶ
701 3877 1107 3945 προαναφωνῶν
1157 3877 1255 3948 τὴν
1289 3879 1594 3949 μέλλουσαν

48 3955 232 4010 σεσθαι
278 3958 675 4028 αἰχμαλωσίαν,
710 3961 804 4012 καὶ
831 3959 1044 4024 δεικνὺς
1084 3961 1166 4014 ὃτι
1201 3963 1326 4031 περὶ
1356 3963 1528 4033 αὐτῆς
1567 3968 1596 4019 6

54 4040 207 4112 ανιὴλ
242 4043 643 4113 προεφήτευσε,
678 4045 861 4114 φησίν·
893 4045 1080 4097 Ὅταν
1129 4044 1293 4112 ἴδητε
1344 4047 1409 4100 τὸ
1446 4049 1589 4112 βδέυ

48 4130 212 4193 ῖυτμα
243 4125 360 4194 τῆς
387 4125 756 4194 ἐρημώσεως,
802 4127 833 4180 ὃ
863 4124 992 4181 εἷπε
1024 4127 1250 4194 Δανιὴλ
1295 4132 1328 4182 ό
1364 4133 1596 4201 προφή-

48 4224 136 4274 ης,
176 4208 375 4274 ἑστὼς
415 4209 485 4261 ἐν
511 4210 671 4277 τόπῳ
696 4211 860 4281 ἁγίῳ·
904 4215 935 4265 ὁ
979 4210 1406 4282 ἀναγινώσκων
1437 4220 1594 4270 νοεί-

49 4309 104 4342 ω.
157 4292 383 4363 Ἐπειδὴ
437 4293 545 4365 γὰρ
589 4292 734 4346 ἅπαν
783 4295 1020 4358 εἴδωλον,
1071 4297 1163 4348 καὶ
1209 4297 1313 4348 πᾶν
1359 4296 1595 4369 τύπωμα

50 4376 306 4446 νθρώπου
353 4379 504 4447 παρὰ
543 4380 654 4442 τοῖς
702 4379 973 4443 Ἰουδαίοις
1006 4380 1279 4451 βδέλυγμα
1326 4383 1592 4447 ἐκαλεῖτο,

50 4460 433 4530 ἰνιγματωδῶς
464 4461 742 4531 ἐμφαίνων
772 4463 862 4515 τὸν
889 4464 1176 4536 ἀνδριάντα
1201 4469 1427 4531 ἐκεῖνον,
1457 4467 1594 4539 ὁμοῦ

49 4543 100 4595 αὶ
147 4545 287 4596 πότε
341 4545 436 4596 καὶ
471 4544 575 4597 ὑπὸ
621 4547 764 4608 τίνος
798 4549 829 4617 ἡ
865 4549 1208 4618 αἰχμαλωσία
1245 4550 1418 4614 ἔσται,
1463 4570 1594 4624 προ-

49 4626 387 4699 νεφὼνησεν.
419 4628 540 4680 ’Ὀτι
568 4628 625 4681 δέ
661 4632 788 4702 περὶ
833 4633 1116 4703 Ῥωμαίων
1151 4634 1323 4688 ταῦτα
1356 4635 1592 4707 εἴρηται,

49 4714 98 4763 αὶ
135 4713 165 4764 6
209 4711 540 4780 Ἰώσηππος,
579 4714 829 4786 καθάπερ
877 4716 1184 4788 ἔμπροσθεν
1232 4719 1595 4791 ἀπεδείξαμεν

49 4796 252 4866 ’ρηκεν.
327 4797 424 4859 Τίς
475 4793 567 4850 οῦν
617 4799 744 4868 ύμῖν
785 4799 967 4852 λοιπὸν
1001 4801 1378 4857 ὑπολέλειπται
1415 4803 1592 4873 λόγος,

49 4898 128 4932 ξαν
194 4880 303 4943 τὰς
360 4881 459 4951 μὲν
520 4881 684 4946 ἄλλας
743 4884 1039 4951 φαίνωνται
1103 4887 1478 4956 αἰχμαλωσίας
1541 4889 1592 4940 οἰ

49 4964 294 5034 ροφῆται
330 4963 469 5035 μετὰ
499 4965 867 5038 διωρισμένων
897 4969 1101 5038 χρόνων
1129 4970 1393 5035 εἰπόντες,
1421 4970 1592 5043 ταύτῃ

49 5067 56 5099 ;
99 5049 318 5119 μηδένα
362 5049 554 5120 χρόνον
593 5050 896 5121 ὁρίσαντες,
933 5052 1068 5104 ἀλλά
1115 5053 1300 5106 καὶτὸ
1351 5056 1595 5108 ἐναντίον

49 5133 429 5199 ροσειπόντες,
460 5134 543 5186 ὅτι
564 5134 668 5196 ἓως
691 5135 1000 5198 συντελείας
1032 5135 1183 5188 ἔσται
1216 5140 1248 5206 ἡ
1279 5139 1592 5208 ἐρήμωσιςς

52 5218 107 5270 αἱ
149 5219 237 5270 ὃτι
292 5218 356 5269 ού
388 5217 582 5285 ψεῦδος
627 5219 692 5271 τὰ
725 5220 1010 5288 εἰρημένα,
1045 5220 1175 5290 φέρε
1215 5221 1307 5274 καὶ
1351 5222 1448 5292 τὴν
1488 5223 1596 5276 ἀπὸ

51 5301 105 5352 iw
139 5301 501 5371 πραγμάτων
538 5301 715 5354 αὐτῶν
757 5303 1128 5373 παράσχωμεν
1171 5305 1498 5375 μαρτυρίαν.
1532 5307 1595 5358 Εἰ

51 5389 97 5437 ὲν
134 5385 254 5454 γάρ
306 5385 379 5454 μὴ
414 5385 774 5456 ἐπεχείρησαν
814 5387 1163 5458 οἰκοδομῆσαι
1207 5389 1301 5441 τὸν
1336 5390 1482 5451 ναὸν,
1521 5386 1596 5443 εἷ-

51 5489 89 5522 ιν
140 5471 210 5523 ἂν
260 5469 464 5536 λέγειν,
497 5471 578 5522 ὅτι
631 5469 696 5521 Εἴ
716 5487 778 5537 γε
822 5469 1202 5542 ὴϐουλήθημεν
1249 5474 1594 5543 ἐπιχειρῆσαι

51 5556 89 5607 ιὶ
157 5555 269 5624 τῆς
330 5554 621 5624 οἰκοδομῆς
671 5553 930 5622 ἅψασθαι,
987 5556 1204 5620 πάντως
1259 5557 1325 5610 ἂν
1375 5560 1597 5629 ἰσχύσα-

51 5657 95 5691 εν
144 5638 252 5692 καὶ¹
325 5636 621 5707 ἡνύσαμεν·
675 5639 792 5690 νυνὶ
841 5636 898 5690 δὲ
950 5639 1146 5704 αὐτοὺς
1204 5639 1452 5712 δείκνυμι
1498 5642 1597 5714 οὐχ

54 5852 72 5874 ⁸
121 5851 230 5904 Alii
253 5851 501 5912 ἀπολάϐῃ,
525 5855 686 5918 inquit
710 5853 898 5918 qulf.,
921 5855 1004 5918 (μή
1031 5853 1278 5903 scribebat
1297 5858 1434 5918 λάϐῃ.
1465 5857 1595 5908 Enrr.

55 5922 79 5956 b
108 5919 338 5980 Quicum
363 5928 476 5980 ιιιξσ.
501 5916 746 5980 ὀιαφθερεῖ.
763 5915 901 5980 ῨΙηίτα
929 5917 1316 5978 Μ(πρ1.πολέμου
1339 5915 1597 5980 συντετμη-

51 5997 135 6026 ’.ινυ
158 5976 476 6044 ἀφανισμοῖς,
524 5976 672 6044 Sznjl;
695 5979 905 6036 πολέμου
929 5976 1280 6040 (ξυντετμημένα
1300 5976 1595 6044 ἀφανισμῶν,

55 6038 214 6092 αιυοιέ
237 6050 365 6086 mss.
390 6038 656 6100 ἀσανισμῷ.

343 6131 613 6190 Ριιτῖιοι..
664 6133 778 6192 GR.
827 6133 1106 6192 XLVI”.

1293 405 1658 464 ADVERSUS
1695 407 2002 466 ΠΗΜΞΟΞ.
2047 409 2108 463 V.

3169 411 3274 465 θθθ

1712 526 1886 592 ᾶπαξ,
1923 528 2044 580 οὐδέ
2089 527 2189 589 δὶς,
2229 526 2362 579 ἀλλά
2417 529 2506 580 καί
2543 529 2660 598 τρῖς
2697 519 3146 598 ἐπιχειρήσαντας
3187 526 3281 579 καὶ

1710 611 1992 678 ραγέντας,
2051 609 2300 680 καθάπερ
2352 613 2408 662 ἐν
2457 613 2564 672 τοῖς
2615 602 3001 682 Ὀλυμπιακοῖς
3050 610 3278 677 ἀγῶσιν,

1704 692 1844 745 ὥστε
1875 692 2356 764 ἀναμφισϐήτητον
2382 688 2521 746 εἶναι
2549 693 2649 764 τῆς
2683 694 3006 763 Ἐκκλησίας
3035 691 3127 745 τὸν
3159 691 3282 745 στέ-

1709 791 1898 843 φανον.

1779 866 1865 912 ια’.
1886 861 2034 912 Ποῖοι
2054 867 2077 896 ε
2101 859 2282 912 τοίνυν
2314 858 2674 929 ἐπεχείρησαν
2695 875 2708 923 ;
2727 859 2790 911 Οἱ
2807 859 2892 911 ἀεὶ
2913 856 2988 928 τῷ
3004 856 3280 927 Πνεύμτιτι

1704 942 1780 1014 τῷ
1791 943 1929 1014 ἁγίῳ
1943 944 2373 1006 ἀντιπίπτοντες,
2387 945 2436 996 οἰ
2448 943 2826 1014 νεωτεροποιοὶ
2837 943 2928 995 καὶ
2940 940 3276 995 στασιασταί·

1709 1026 1846 1094 μετά
1889 1024 1999 1096 γὰρ
2055 1025 2152 1098 τὴν
2190 1025 2598 1080 Οὐεσπασιανοῦ
2639 1027 2734 1078 καὶ
2780 1025 2939 1077 Τίτου
2981 1023 3279 1093 γενομένην

1703 1108 1979 1178 ἐρήμωσιν
2009 1106 2033 1146 ἀ
2089 1109 2180 1161 ἐπὶ
2227 1108 2505 1180 Ἀδριανοῦ
2541 1108 2835 1168 συστάντες
2876 1101 3018 1160 οὗτοι
3062 1108 3109 1158 οἱ
3153 1105 3280 1158 Ἰου-

1701 1191 1838 1244 δαῖοι
1872 1190 2206 1255 ἐσπούδαζον
2245 1194 2338 1244 ἐπὶ
2366 1191 2465 1262 τὴν
2504 1191 2776 1263 προτέραν
2805 1189 3080 1243 πολιτείαν
3114 1190 3280 1242 ἐπαν-

1703 1274 1898 1339 ελθεῖν,
1949 1277 2049 1328 ούκ
2099 1275 2299 1339 εἰδότες
2341 1277 2422 1329 ὅτι
2465 1275 2629 1346 ψήφῳ
2669 1272 2802 1327 Θεοῦ
2838 1273 3153 1342 πολεμοῦσι,
3190 1289 3281 1325 κε-

1701 1358 1932 1431 λευούσῃ
1981 1358 2070 1411 διά
2125 1358 2325 1421 παντὸς
2373 1357 2711 1430 ἐρημοῦσθαι
2755 1358 2852 1428 τὴν
2894 1357 3066 1408 πόλιν·
3097 1356 3186 1408 τὸν
3223 1355 3280 1408 δὲ

1701 1441 1819 1512 Θεῷ
1858 1441 2196 1512 πολεμοῦντα
2231 1453 2254 1480 ο
2295 1440 2678 1512 περιγενέσθαι
2718 1442 3019 1511 ἀμήχανον.
3067 1438 3279 1510 Συρρή-

1704 1525 1894 1590 ξαντες
1932 1527 2112 1579 τοίνυν
2139 1525 2217 1596 τῷ
2248 1525 2476 1596 βασιλεῖ,
2506 1525 2668 1579 πάλιν
2703 1525 2784 1587 εἰς
2835 1525 3078 1592 ἀνάγκην
3119 1522 3279 1575 αὑτὸν

1701 1610 2045 1679 κατέστησαν
2069 1608 2366 1671 παντελοῦς
2388 1607 2739 1679 ἐρημώσεως.
2767 1606 3025 1660 Καθελὼν
3055 1605 3162 1676 γάρ
3192 1606 3284 1657 αύ-

1700 1694 1826 1756 τοὺς
1857 1696 2082 1757 ἐκεῖνος,
2107 1694 2202 1746 καὶ
2227 1693 2650 1763 χειρωσάμενος,
2681 1691 2774 1744 καὶ
2804 1691 2872 1743 τὰ
2891 1689 3114 1758 λείψανα
3139 1691 3282 1757 ἀφα-

1701 1777 1855 1839 νίσας
1909 1778 2110 1839 πάντα,
2169 1778 2255 1829 ἵνα
2299 1775 2433 1846 μηδέ
2474 1776 2849 1844 ἀναισχυντεῖν
2881 1773 3042 1843 ἔχωσι
3072 1771 3277 1832 λοιπον,

1699 1859 1792 1912 τὸν
1833 1860 2125 1932 ἀνδριάντα
2158 1859 2354 1930 ἔστησε
2389 1859 2480 1911 τὸν
2511 1857 2726 1910 ἑαυτοῦσ
2759 1854 2876 1910 εἶτα
2913 1855 3155 1915 συνιδὼν,
3198 1855 3280 1907 ὃτι

1703 1943 1989 2014 συμϐαίνει
2052 1944 2228 2015 χρόνῳ
2283 1943 2416 1996 ποτὲ
2475 1941 2665 1995 τοῦτον
2722 1945 3073 2007 καταπεσεῖν,
3139 1941 3280 1994 ὥστε

1700 2027 1882 2090 αὐτοῖς
1917 2026 2149 2080 ἐνθεῖναι
2179 2026 2429 2096 καυτῆρα
2465 2025 2682 2078 ἀνίατον
2711 2027 2809 2096 τῆς
2847 2027 3018 2097 ἥττης
3057 2026 3148 2078 καὶ
3180 2021 3279 2094 τῆς

1699 2111 2085 2180 ἀναισχυντίας
2123 2111 2340 2179 ἐκείνης
2379 2109 2621 2179 ἔλεγχον,
2664 2112 2725 2162 τὸ
2769 2110 2940 2180 ὄνομα
2983 2109 3044 2162 τὸ
3087 2106 3278 2161 ἑαυτοῦ

1697 2196 1808 2255 τοῖς
1837 2194 1934 2262 τῆς
1963 2193 2170 2256 πόλεως
2203 2193 2438 2263 ἐπέθηκε
2474 2193 2766 2261 λειψάνοις.
2809 2192 3024 2260 Ἐπειδὴ
3057 2190 3166 2260 γὰρ
3187 2189 3280 2242 Αἴ-

1699 2275 1810 2338 λιος
1847 2275 2120 2348 Ἀδριανὸς
2151 2273 2538 2348 ἐχρημάτιζεν,
2576 2275 2716 2329 οὕτω
2743 2277 2834 2327 καλ⁸
2870 2275 2964 2344 τὴν
2999 2273 3151 2326 πόλιν
3183 2289 3281 2325 κα-

1697 2357 1904 2412 λεῖσθαι
1935 2359 2344 2430 ἐνομοθέτησεν,
2374 2358 2584 2411 ἐκεῖθέν
2611 2375 2669 2410 τε
2699 2358 2855 2410 Αίλία
2881 2357 3040 2428 μέχρι
3068 2355 3160 2407 τοῦ
3183 2354 3280 2407 νῦν

1696 2443 2024 2514 ὀνομάζεται·
2054 2444 2160 2497 ἀπὸ
2186 2443 2285 2512 τῆς
2312 2443 2628 2513 ἐπωνυμίας
2660 2441 2753 2494 τοῦ
2784 2443 3155 2512 κρατήσαντος
3187 2439 3281 2491 καὶ

1697 2528 2018 2594 καθελόντος
2061 2528 2254 2598 αὑτήν.
2311 2526 2476 2598 Ὁρᾷς
2525 2526 2619 2596 τὴν
2671 2525 2892 2597 πρώτην
2940 2525 3280 2594 ἐπιχείρησιν

1696 2613 1805 2665 τῶν
1863 2611 2236 2682 ἀναισχύντων
2296 2609 2596 2675 Ἰουδαίων,
2639 2609 2810 2661 Βλέπε
2861 2609 2955 2661 καὶ
3004 2609 3107 2678 τὴν
3161 2607 3278 2676 μετ’

1697 2696 1936 2766 ἐκείνην.

1767 2779 1938 2833 Πάλιν
1966 2777 2060 2830 ἐπὶ
2093 2776 2506 2830 Κωνσταντίνου
2534 2779 2646 2839 τοῖς
2673 2777 2856 2839 αὑτοῖς
2891 2775 3275 2846 ἐπεχείρησαν.

1709 2861 1768 2916 '0
1816 2864 1872 2917 δέ
1906 2863 2187 2935 [βασιλεὺς
2233 2860 2356 2914 ἰδὼν
2403 2862 2502 2932 τήν
2553 2862 2898 2931 ἐπιχείρησιν
2937 2857 3164 2928 αύτῶν,]
3211 2856 3280 2909 τὰ

1697 2943 1811 3003 ὦτα
1855 2948 2034 3002 αὐτῶν
2085 2945 2378 3016 ἀποτεμὼν
2433 2946 2525 2998 καὶ
2573 2946 2636 2998 τὸ
2677 2945 2776 3016 τῆς
2820 2943 3106 3014 παρακοῆς
3143 2940 3280 3011 σύμ-

1699 3033 1854 3087 ϐολον
1900 3032 2073 3096 ἐνθεὶς
2104 3031 2284 3085 αὐτῶν
2314 3029 2391 3100 τῷ
2427 3028 2670 3099 σώματι,
2722 3026 2998 3098 πανταχοῦ
3047 3023 3279 3097 περιῆγε

1699 3118 1951 3190 καθάπερ
1973 3117 2127 3180 τινὰς
2158 3115 2432 3189 δραπέτας
2468 3115 2562 3168 καὶ
2598 3114 2912 3184 μαστιγίας,
2937 3111 3025 3166 διά
3053 3111 3149 3181 τῆς
3183 3108 3278 3162 τοῦ

1699 3201 1953 3274 σώματος
1988 3199 2292 3272 πηρώσεως
2338 3199 2511 3252 ἅπασι
2567 3197 2905 3268 καταδήλους
2957 3193 3148 3256 ποιῶν,
3184 3193 3280 3245 καὶ

1696 3289 1820 3352 τοὺς
1847 3285 2125 3358 πανταχοῦ
2163 3287 2184 3328 ί
2225 3283 2602 3356 σωφρονίζων,
2661 3282 2858 3353 μηκέτι
2915 3284 3028 3344 τοῖς
3095 3279 3278 3341 αὐτοῖς

1696 3373 1994 3442 ἐπιχειρεῖν
2024 3371 2363 3441 πράγμασιν.
2404 3367 2565 3420 Ἀλλά
2593 3366 2768 3421 ταῦτα
2806 3366 2905 3438 μὲν
2936 3366 3142 3436 ἀρχαῖα
3180 3361 3276 3416 καὶ

1697 3454 1933 3508 παλαιά·
1971 3453 2169 3524 μᾶλλον
2195 3453 2251 3505 δὲ
2286 3452 2442 3505 τοῦτο
2476 3451 2574 3521 μὲν
2607 3453 2719 3514 τοῖς
2752 3450 2830 3502 έτι
2881 3448 3277 3521 πρεσϐυτέροις

1697 3538 1791 3590 καὶ
1818 3537 2068 3607 γέρουσιν
2091 3535 2249 3607 ήμῶν
2276 3538 2390 3588 ἐστι
2419 3534 2720 3606 γνώριμον.

1775 3624 1840 3674 '0
1886 3622 1942 3674 δὲ
1990 3621 2172 3692 μέλλω
2218 3620 2314 3673 νῦν
2360 3621 2525 3690 ἐρεῖν,
2576 3607 2668 3672 καὶ
2714 3620 2828 3681 τοῖς
2877 3617 3082 3689 σφόδρα
3135 3615 3279 3677 νέοις

1697 3704 1856 3774 δῆλόν
1911 3707 2025 3757 ἐστι
2082 3704 2178 3756 καὶ
2223 3703 2552 3771 καταφανές.
2607 3701 2756 3774 [646]
2815 3701 2950 3755 Οὐδὲ
3016 3702 3124 3772 γὰρ
3185 3700 3278 3752 ἐπὶ

1712 3787 1988 3858 Ἀδριανοῦ
2023 3789 2118 3840 καὶ
2154 3785 2560 3840 Κωνσταντίνου
2617 3787 2857 3856 γέγονεν,
2889 3785 3002 3838 ἀλλ’
3045 3785 3138 3838 ἐπὶ
3170 3784 3279 3855 ’βα-

1699 3872 1890 3934 σιλέως
1921 3871 2026 3941 πρὸ
2052 3869 2224 3923 εἴκοσι
2258 3870 2395 3922 ἐτῶν
2430 3871 2801 3941 γεγενημένου
2837 3871 2931 3923 ἐπὶ
2958 3871 3054 3940 τῆς
3083 3871 3278 3937 γενεᾶς

1693 3955 1794 4026 τῆς
1833 3956 2124 4026 ἡμετέρας.
2162 3955 2446 4008 Ἰουλιανοῦ
2477 3956 2608 4027 γὰρ,
2649 3955 2746 4007 τοῦ
2793 3956 3004 4018 πάντας
3052 3954 3277 4025 ἀσεϐείςι

1694 4041 1819 4102 τοὺς
1871 4039 2128 4108 βασιλέας
2183 4043 2536 4108 νικήσαντος,
2582 4039 2877 4103 καλοῦντος
2933 4041 3131 4100 αὐτοὺς
3184 4038 3278 4091 ἐπὶ

1695 4122 1792 4185 τὰς
1820 4122 1927 4176 τῶν
1958 4122 2193 4176 εἰδώλων
2223 4123 2435 4188 θυσίας,
2463 4123 2554 4177 καὶ
2583 4124 2971 4194 ἐπισπωμένου
3007 4123 3143 4194 πρὸς
3171 4124 3272 4194 τὴν

1696 4206 1901 4261 οἰκείαν
1933 4207 2218 4261 ἀσέϐειαν*
2259 4203 2376 4260 εἶτα
2428 4207 2518 4260 τὸν
2571 4208 2800 4262 παλαιὸν
2853 4209 2950 4280 τῆς
2983 4209 3279 4280 θεραπείας

1697 4290 2132 4361 προϐαλλομένου
2181 4292 2402 4362 τρόπον,
2441 4292 2532 4344 καὶ
2579 4292 2866 4361 λέγοντος,
2912 4295 2995 4346 ὅτι
3027 4293 3135 4346 Καὶ
3182 4295 3275 4346 ἐπὶ

1696 4375 1804 4427 τῶν
1849 4375 2128 4448 προγόνων
2173 4375 2282 4428 τῶν
2313 4377 2591 4448 ὑμετέρων
2632 4377 2805 4441 οὕτως
2835 4380 2862 4431 6
2895 4377 3025 4441 Θεὸς
3085 4377 3280 4450 ἐθερα-

1698 4459 1916 4525 πεύετο,
1962 4460 2057 4512 καὶ
2112 4459 2334 4523 ἄκοντες
2380 4461 2690 4530 ὡμολόγουν
2733 4463 2852 4516 τότε
2889 4461 3089 4526 ταῦτα,
3137 4463 3278 4533 άπερ

1698 4546 1859 4616 ἡμεῖς
1907 4544 2269 4614 ἀπεδείξαμεν
2309 4544 2426 4607 νῦν,
2465 4546 2546 4598 ὅτι
2587 4546 2688 4616 τῆς
2736 4545 2943 4610 πόλεως
2980 4545 3084 4610 ἔξω
3131 4545 3280 4599 θύειν

1697 4630 1798 4681 οὐκ
1831 4629 1931 4692 ἔνι,
1967 4628 2101 4682 ἀλλὰ
2141 4629 2517 4700 παρανομοῦσι
2549 4631 2659 4683 πᾶν
2687 4631 2862 4684 ὁτιοῦν
2902 4630 3278 4696 ἐπιτελοῦντες

1698 4715 1790 4766 ἐπὶ
1832 4714 1933 4784 γῆς
1966 4713 2270 4784 ἀλλοτρίας.
2305 4713 2466 4765 Ὥστε
2515 4715 2562 4766 εἰ
2606 4713 2824 4784 βούλει,
2871 4713 3096 4783 ἔφασαν,
3132 4715 3279 4785 ἡμᾶς

1698 4799 1924 4863 θύοντας
1979 4800 2125 4860 ἰδεῖν,
2171 4800 2368 4863 ἀπόδος
2419 4801 2550 4870 ἡμῖν
2601 4800 2699 4871 τὴν
2754 4801 2929 4865 πόλιν,
2971 4800 3276 4871 ἀνάστησον

1695 4884 1786 4936 τὺν
1820 4883 1965 4946 ναὸν,
2001 4882 2173 4946 δεῖξον
2198 4885 2328 4954 ἡμῖν
2358 4883 2427 4935 τά
2459 4883 2590 4952 ἅγια
2626 4885 2735 4938 τῶν
2759 4885 2950 4953 ἁγίων,
2973 4884 3276 4954 ἀνάστησον

1695 4967 1789 5019 τὸν
1825 4966 2028 5037 βωμὸν,
2058 4967 2153 5020 καὶ
2193 4967 2428 5036 θύσομεν
2459 4969 2553 5020 καὶ
2583 4967 2676 5021 νῦν
2720 4969 2972 5038 καθάπερ
3013 4968 3108 5022 καὶ
3135 4967 3274 5040 πρό-

1696 5069 1871 5125 τερον.
1909 5054 2018 5106 Καὶ
2048 5055 2147 5106 ούκ
2178 5053 2472 5124 ᾐσχύνοντο
2503 5055 2552 5106 οἱ
2589 5055 2778 5126 μιαροὶ
2809 5055 2902 5108 καὶ
2931 5055 3275 5125 ἀναίσχυντοι

1697 5136 1852 5208 παρά
1877 5136 2068 5208 ἀνδρὸς
2093 5137 2324 5199 ἀσεϐοῦς
2358 5137 2451 5189 καὶ
2484 5135 2746 5209 Ἕλληνος
2774 5137 2947 5191 ταῦτα
2973 5137 3272 5198 αἰτοῦντες,

1698 5221 1924 5285 καὶτὰς
1974 5221 2177 5294 μιαράς
2225 5221 2431 5274 ἐκείνου
2485 5225 2674 5292 χεῖρας
2722 5222 3014 5286 καλοῦντες
3046 5224 3140 5275 ἐπὶ
3177 5221 3275 5292 τὴν

1697 5306 1806 5360 τῶν
1850 5307 2017 5376 ἁγίων
2043 5306 2355 5376 οἰκοδομήν’
2393 5307 2487 5359 καὶ
2520 5309 2620 5360 οὐκ
2662 5308 2959 5379 ᾐσθάνοντο
2993 5309 3277 5372 ἀδυνάτοις

1699 5389 2101 5464 ἐπιχειροῦντες
2146 5390 2487 5460 πράγμασιν,
2520 5392 2639 5444 ούδέ
2674 5392 2934 5456 συνεῖδον,
2967 5395 3048 5451 ὅτι
3087 5396 3134 5447 εἰ
3179 5395 3276 5464 μὲν

1698 5475 1981 5546 ἄνθρωπος
2024 5471 2091 5546 ἦν
2129 5476 2157 5528 6
2187 5474 2493 5538 καταλύσας
2536 5478 2748 5540 ἐκεῖνα,
2800 5477 2927 5546 ἐνῆν
2979 5478 3073 5532 καὶ
3127 5477 3279 5549 παρὰ

1764 5671 1784 5695 “-
1818 5667 1901 5716 Sic
1927 5664 2517 5729 Savil.cuj_usi_leclionem
2539 5669 2766 5729 recipere
2796 5671 2949 5717 visum
2974 5674 3064 5717 est.
3106 5669 3274 5719 ΜυιιιΓ.

1700 5729 1864 5778 Ποῦ...
1887 5727 2172 5777 στασιασταί
2186 5745 2200 5783 ς
2226 5727 2358 5776 Ευιτ.

1761 5792 1787 5859 ξι
1811 5793 1942 5846 Haec,
1969 5792 2086 5859 μετὰ
2105 5792 2196 5859 γάρ
2235 5790 2320 5859 τῂν
2344 5789 2708 5859 ρύεσπασιανοῦ
2749 5795 2829 5840 καὶ
2865 5795 3007 5842 Τίτου
3028 5796 3278 5859 γενομένην

1704 5849 2231 5916 ἐρήμωσινζόεδιιῐιιῖη
2257 5851 2404 5898 Savil.
2443 5857 2494 5898 et
2516 5855 2564 5900 in
2592 5861 2702 5903 octo
2735 5868 2872 5913 αισα,
2899 5863 2952 5903 ιιι
2985 5849 3170 5905 ρῐιὴοὶ
3194 5868 3275 5903 se-

1704 5917 1903 5960 auenlia
1928 5915 2075 5960 verba
2100 5912 2229 5959 οὗτοι
2251 5917 2294 5960 οὶ
2329 5912 2561 5960 Ἰουδαῖοι.

1703 5915 1903 5978 (ιυριιιία
1928 5915 2075 5961 verba
2100 5915 2229 5959 οὗτοι
2251 5917 2294 5960 οἱ
2329 5915 2561 5961 Ἰουδαῖοι.

1771 5979 1793 6041 f
1822 5977 1907 6041 Sig
1920 5975 2067 6022 Savil.
2100 5973 2266 6023 Monlf.
2293 5975 2346 6022 τὸ
2369 5975 2420 6022 δὲ
2448 5973 2572 6025 Θεοῦ
2605 5975 2937 6041 πολεμοῦντος.
2964 5976 3101 6025 lion.

1769 6035 1789 6076 ί
1813 6037 1912 6089 Alii
1937 6042 2170 6098 πανταχῆ.

2855 6125 2933 6184 26
