3920 6316
543 403 640 459 901

529 515 816 585 ἀνθρώπου
877 515 1034 568 πάλιν
1091 515 1271 568 λαϐεῖν
1323 519 1493 572 αὑτά·
1535 519 1666 571 Θεοῦ
1718 519 1773 571 δὲ
1806 519 1956 582 ὄντος
1999 518 2091 571 τοῦ

529 599 848 660 καθελόντος
895 598 1073 650 αὐτῶν
1115 599 1214 668 τὴν
1263 602 1436 664 πόλιν,
1478 605 1755 673 ἀμήχανον
1785 603 1853 656 τά
1885 606 1950 674 τῇ
1984 603 2102 674 θείᾳ

532 681 758 747 δόξαντα
815 681 981 751 ψήφῳ
1049 681 1278 752 δύναμιν
1350 686 1697 755 ἀνθρωπίνην
1757 686 2100 757 παρατρέψαι

530 763 677 815 ποτέ.
711 765 769 815 Ἃ
807 763 916 830 γὰρ
953 767 984 816 ό
1021 766 1163 829 Θεὸς
1194 769 1226 819 ὁ
1276 767 1440 836 ἅγιος
1477 769 1891 832 βεϐούλευται,
1934 770 2099 840 φησὶ,

528 845 620 909 τίς
647 844 1060 909 διασκεδάσει;
1101 850 1198 902 καὶ
1239 850 1353 916 τὴν
1383 851 1550 919 χεῖρα
1582 849 1767 906 αὐτοῦ
1807 852 1922 920 τὴν
1947 856 2104 921 ὑψη-

525 926 647 994 λὴν
685 930 774 994 τίς
818 930 1217 999 ἀποστρέψει;
1253 935 1458 1005 ’Ὠσπερ
1497 937 1603 1006 γάρ
1647 936 1682 988 ἂ
1716 937 1779 990 ἂν
1821 938 2101 1008 ἀναστήσῃ

527 1012 622 1063 καί
658 1011 890 1084 βουληθῇ
927 1014 1126 1082 μένειν,
1173 1017 1419 1069 καθελεῖν
1450 1018 1708 1070 ἀδύνατον
1756 1019 2062 1089 ἀνθρώποις
2085 1038 2098 1049 ·

526 1092 698 1157 οὕτως
744 1095 886 1166 άπερ
921 1097 985 1149 ἂν
1036 1099 1232 1170 καθέλῃ
1278 1101 1370 1153 καὶ
1439 1101 1692 1170 βούληται
1745 1104 1924 1173 μένειν
1969 1103 2102 1156 καθ-

527 1177 795 1246 ηρημένα,
832 1180 1131 1250 ἀναστῆσαι
1167 1184 1324 1235 πάλιν
1358 1185 1456 1237 οὐκ
1496 1185 1594 1239 ἔνι.
1632 1188 1812 1239 Ἔστω
1852 1187 1929 1246 δὲ,
1973 1190 2100 1240 Ἰου-

442 1278 449 1285 ί
526 1259 686 1343 δαῖοι,
732 1261 814 1312 ὅτι
847 1262 1102 1330 ¹βασιλεὺς
1132 1267 1222 1318 τὸν
1257 1268 1388 1321 ναὸν
1423 1271 1618 1331 ἐδίδου,
1652 1273 1743 1324 καὶ
1786 1272 1875 1324 τὸν
1921 1275 2101 1343 βωμὸν

529 1340 740 1426 ἀνίστα,
773 1345 1034 1426 ,καθάπερ
1084 1348 1240 1417 ὑμεῖς
1275 1352 1605 1406 ὑποπτεύετε
1646 1356 1856 1425 μάτην·
2005 1340 2102 1410 ⁷καὶ

529 1421 590 1508 τὸ
619 1423 727 1493 πῦρ
750 1425 950 1478 ἄνωθεν
979 1431 1104 1494 ὑμῖν
1132 1432 1347 1499 ἀφεῖναι
1382 1437 1446 1487 ἐκ
1475 1437 1581 1488 τῶν
1607 1439 1850 1508 οὐρανῶν
1880 1440 2101 1504 δυνατὸς

529 1498 630 1572 ἦνς
663 1505 850 1558 τούτου
891 1509 945 1561 δὲ
983 1512 1082 1564 οὑκ
1111 1513 1279 1579 ὄντος,
1330 1519 1528 1590 ἐναγὴς
1563 1522 1652 1573 καὶ
1686 1523 1989 1594 ἀκάθαρτος
2033 1522 2099 1595 ἦν

531 1589 758 1678 ήθυσία
812 1592 984 1662 ὑμῶν.
1027 1597 1126 1649 Διὰ
1171 1599 1326 1652 τοῦτο
1385 1604 1519 1668 γοῦν
1567 1607 1613 1658 οί
1665 1589 2095 1678 παῖδες-Ἀαρών

529 1674 840 1742 ἀπώλοντο,
884 1681 1067 1752 ἐπειδὴ
1112 1683 1221 1754 πῦρ
1265 1686 1538 1758 ἀλλότριον
1582 1692 1920 1760 εἰσήνεγκαν.
1961 1674 2097 1746 Ἀλλ’

530 1760 678 1828 ὅμως
710 1763 842 1831 πρὸς
875 1762 1090 1817 ἅπαντα
1123 1768 1521 1836 τυφλώττοντες
1552 1775 1889 1842 παρεκάλουν
1919 1776 2098 1842 αὑτὸν,

531 1845 627 1930 καλ
661 1845 899 1930 ἱκέτευον
943 1851 1276 1921 συνάρασθαι
1322 1857 1414 1907 καί¹
1452 1859 1853 1926 συνεφάξασθαι
1891 1863 1988 1930 τῆς
2022 1863 2102 1914 οἰ-

531 1928 765 1998 κοδομῆς
802 1929 894 1983 τοῦ
929 1933 1078 1988 ναοῦ.
1117 1936 1173 1988 ’0
1202 1937 1257 1988 δὲ
1291 1939 1382 1990 καὶ
1415 1941 1670 2009 χρήματα
1713 1928 1976 2011 ἀνήλωσε,
2010 1945 2102 1996 καὶ

533 2012 830 2097 ἐπιστάτας
868 2013 960 2066 τοῦ
1002 2015 1164 2084 ἔργου
1198 2019 1410 2090 ἔπεμψε
1439 2024 1563 2084 τοὺς
1595 2025 1700 2076 ἀπὸ
1730 2026 1830 2094 τῆς
1864 2026 2103 2097 μεγάλης

532 2095 726 2166 ἀρχῆς,
774 2098 865 2149 καὶ
915 2100 1161 2167 τεχνίτας
1211 2104 1471 2157 πάντοθεν
1523 2107 1758 2175 ἐκίνησε,
1796 2110 1889 2160 καὶ
1929 2095 2103 2161 πάντα

531 2180 703 2232 ἐποίει
746 2182 838 2233 καὶ
871 2183 1334 2253 ἐπραγματεύετο,
1372 2186 1555 2257 ἠρέμα
1601 2191 1693 2240 καὶ
1736 2189 1872 2242 κατά
1910 2190 2103 2260 μικρὸν

533 2263 691 2334 ἄχρις
717 2265 910 2328 αὑτοὺς
946 2267 1024 2328 εἰς
1059 2266 1118 2318 τὸ
1157 2267 1302 2321 θύειν
1337 2271 1567 2342 ἐμϐάλῃ,
1610 2273 1918 2340 προσδοκῶν
1965 2275 2104 2326 ἐκεῖ·

533 2346 624 2398 θεν
678 2348 771 2400 ἐπὶ
821 2348 920 2418 τὴν
960 2348 1067 2400 τῶν
1096 2349 1327 2404 εἰδώλων
1362 2353 1653 2424 θεραπείαν
1689 2357 1838 2427 ἥξειν
1885 2358 2101 2428 ῥᾳδίως,

531 2429 667 2500 ὁμοῦ
706 2449 765 2483 τε
811 2432 1044 2496 ἐλπίζων
1073 2437 1100 2486 6
1133 2436 1388 2506 μεμηνὼς
1419 2438 1510 2490 καὶ
1560 2441 1784 2510 ἀνόητος
1825 2441 1919 2495 τοῦ
1974 2444 2106 2510 Χρι-

535 2515 658 2566 στοῦ
714 2517 1075 2587 περιγράφειν
1131 2519 1226 2589 τὴν
1274 2522 1564 2591 ἀπόφασιν,
1610 2526 1707 2596 τὴν
1765 2528 1864 2580 οὐκ
1931 2528 2106 2581 ἐῶσαν

531 2598 832 2670 ἀναστῆναι
889 2603 979 2655 τὸν
1027 2603 1153 2657 ναὸν
1204 2605 1431 2662 ἐκεῖνον.
1484 2610 1621 2663 Ἀλλ’
1668 2615 1696 2665 6
1743 2597 2106 2684 δρασσόμένος

532 2684 657 2744 τοὺς
710 2685 905 2752 σοφοὺς
962 2689 1018 2737 ἐν
1060 2689 1124 2757 τῇ
1176 2693 1476 2764 πανουργίᾳ
1527 2694 1725 2759 αὐτῶν,
1771 2697 1972 2759 εὐθέως
2021 2697 2108 2750 διὰ

531 2766 639 2820 τῶν
675 2766 851 2838 ἔργων
900 2768 1106 2839 ἐδήλου,
1141 2771 1228 2823 ὅτε
1262 2774 1318 2825 αί
1349 2775 1442 2828 τοῦ
1491 2776 1625 2830 Θεοῦ
1677 2779 1847 2848 ψῆφοι
1887 2781 2106 2832 πάντων

530 2852 639 2904 εἰσί
671 2852 1051 2923 δυνατώτεραι,
1100 2857 1195 2908 καὶ
1243 2857 1438 2930 ἰσχυρά
1485 2861 1554 2914 τά
1602 2861 1738 2932 ἔργα
1786 2864 1893 2916 τῶν
1934 2863 2107 2930 λόγων

532 2934 624 2986 τοῦ
658 2935 813 2990 Θεοῦ,
854 2936 938 2999 Ὠς
981 2937 1088 3007 γὰρ
1136 2939 1342 3007 ἥψαντο
1381 2942 1479 3012 τῆς
1531 2945 1850 3016 παρανόμου
1905 2946 2107 3015 ταύτης

535 3019 786 3088 σπουδῆς,
820 3020 914 3072 καὶ
944 3020 1182 3087 γυμνοῦν
1209 3023 1443 3093 ἤρξαντο
1476 3026 1544 3079 τά
1592 3026 1835 3097 θεμέλια,
1873 3029 1967 3081 καὶ
2007 3046 2106 3081 πο-

536 3102 629 3155 λὺν
669 3105 941 3157 ἐκένωσαν
983 3107 1132 3175 χοῦν,
1188 3110 1280 3161 καὶ
1341 3110 1438 3176 τῆς
1498 3112 1782 3184 οἰκοδομῆς
1846 3114 2107 3168 ἅπτεσθαι

536 3185 720 3238 λοιπὸν
765 3187 1023 3256 ἤμελλον·
1071 3190 1182 3260 πῦρ
1234 3195 1546 3265 ἐκπηδῆσαν
1587 3199 1650 3249 ἐκ
1700 3198 1806 3251 τῶν
1848 3198 2109 3267 θεμελίων

536 3269 736 3332 εὐθέως
783 3272 1072 3339 κατέφλεξέ
1108 3292 1164 3326 τε
1216 3277 1441 3342 πολλοὺς
1486 3281 1842 3352 ἀνθρώπους,
1891 3283 1951 3334 οὑ
2000 3284 2108 3353 μὴν

537 3351 670 3437 ἀλλά
714 3355 804 3406 καὶ
846 3356 971 3418 τοὺς
1020 3357 1199 3424 λίθους
1252 3361 1344 3412 τοῦ
1389 3363 1550 3416 τόπου
1594 3351 1828 3428 ἐκείνου,
1880 3367 1972 3418 καὶ
2007 3351 2110 3437 τῆς

538 3436 767 3506 ἀκαίρου
841 3439 1172 3508 φιλονεικίας
1251 3443 1475 3513 ἔστησεν
1548 3448 1607 3500 οὑ
1657 3448 1816 3518 μόνον
1869 3452 1996 3512 τοὺς
2050 3436 2110 3503 τὸ

537 3519 698 3591 ἔργον
750 3525 1238 3596 ἐπιχειρήσαντας,
1295 3529 1430 3582 ἀλλά
1483 3533 1578 3584 καὶ
1634 3534 1874 3587 Ἰουδαῖοι
1928 3535 2111 3588 πολλοὶ

538 3603 696 3686 τοῦτο
729 3605 1052 3676 θεασάμενοι
1097 3610 1390 3682 ἐξέστησαν
1417 3616 1510 3668 καί¹
1540 3616 1901 3686 ᾐσχύνθησαν.
1928 3618 2112 3670 Ταῦτα

541 3685 689 3759 [647]
730 3691 967 3754 ἀκούσας
1009 3696 1036 3745 6
1080 3694 1331 3763 βασιλεὺς
1369 3685 1669 3762 Ἰουλιανὸς.
1700 3701 1874 3754 καίτοι
1916 3703 2108 3754 τοσαύ-

538 3787 638 3856 την
669 3773 866 3841 μανίαν
903 3775 1041 3845 ἔχων
1083 3779 1210 3848 περὶ
1250 3779 1345 3850 τὴν
1398 3783 1634 3850 σπουδὴν
1669 3784 1901 3856 ἐκείνην,
1931 3786 2112 3850 δείσας

544 3851 624 3940 μὴ.
656 3856 963 3940 περαιτέρω
1011 3861 1285 3929 προελθὼν
1339 3864 1432 3916 ἐπὶ
1471 3867 1568 3934 τὴν
1621 3851 2112 3940 ἐαυτοῦ-κεφαλὴν

541 3936 742 4008 καλέσῃ
780 3938 839 3991 τό
877 3941 1007 4012 πῦρ,
1055 3943 1263 4014 ἀπέστη
1301 3947 1552 4017 ήττηθεὶς
1611 3951 1748 4018 μετὰ
1793 3950 1885 4003 τοῦ
1931 3936 2114 4015 ἔθνους

543 4021 762 4106 παντὸς.
797 4023 902 4106 Καὶ
949 4020 1043 4076 νῦν
1088 4026 1182 4078 ἐὰν
1227 4027 1386 4101 ἔλθῃς
1418 4030 1496 4092 είς
1532 4030 1899 4104 Ἰεροσόλυμα,
1931 4036 2116 4106 γυμνά

690 4104 757 4190 τὰ
795 4105 1018 4190 θεμέλια
1038 4125 1051 4138 ·
1087 4109 1190 4161 κᾶν
1222 4110 1317 4181 τήν
1351 4112 1527 4166 αἰτίαν
1559 4101 1815 4187 ζητήσῃς,
1858 4101 2114 4190 οὐδεμίαν

545 4185 661 4275 ἀλλ’
691 4186 723 4256 ἢ
755 4187 957 4275 ταύτην
991 4191 1261 4275 ἀ-κούσεις.
1286 4196 1394 4249 Καὶ
1423 4197 1610 4250 τούτου
1650 4185 1924 4273 μάρτυρες
1957 4185 2116 4275 ἡμεῖς

546 4267 773 4356 πάντες·
808 4273 892 4340 ἐφ’
919 4273 1072 4343 ἡμῶν
1108 4275 1235 4348 γὰρ,
1267 4278 1327 4330 οὑ
1359 4279 1463 4351 πρὸ
1496 4267 1688 4334 πολλοῦ
1721 4267 1894 4338 ταῦτα
1928 4267 2116 4356 γέγονε

543 4353 759 4443 χρόνου.
799 4356 911 4443 [fat
961 4359 1148 4412 σκόπει
1181 4362 1338 4433 νίκης
1376 4366 1751 4434 περιφάνειαν.
1785 4371 1859 4422 Οὑ
1907 4353 2014 4443 γάρ
2059 4373 2116 4425 ἐν

545 4437 760 4525 χρόνοις
799 4440 1061 4510 βασιλέων
1105 4447 1340 4500 εὐσεϐῶν
1368 4447 1522 4501 τοῦτο
1568 4450 1785 4520 συνέϐη,
1820 4437 2011 4525 ἵναμή
2045 4472 2118 4507 τι·

547 4539 637 4586 νες
679 4523 931 4593 λέγωσιν,
967 4529 1046 4582 ὅτι
1101 4531 1412 4600 Χριστιανοὶ
1461 4533 1632 4587 ταῦτα
1678 4523 2009 4601 ἐπελθόντες.
2037 4540 2118 4592 δι-

545 4604 988 4693 ικῶλυσαὶδ-άλγ
1034 4613 1192 4681 ἡνίκα
1233 4613 1302 4666 τὰ
1349 4616 1589 4688 ἡμέτερα
1631 4618 1910 4687 ἠλαύνετο,
1956 4623 2117 4693 ἡνίκα

547 4690 677 4776 περὶ
721 4690 814 4742 τοῦ
849 4690 946 4762 ζῇν
996 4695 1194 4758 πάντες
1225 4697 1655 4770 ἐκινδυνεύομεν,
1704 4703 1796 4756 καί
1836 4690 2116 4776 παρρησία

545 4772 857 4860 ἀνθρωπίνη
886 4778 1048 4860 πᾶσα
1085 4784 1402 4852 παρῃρεῖτο,
1446 4785 1538 4836 καὶ
1587 4786 1655 4838 τὰ
1692 4772 1977 4858 Ἑλληνικά
2007 4772 2116 4860 ⁷’ῆν-

546 4855 659 4922 θει,
702 4858 796 4910 καὶ
838 4859 946 4913 τῶν
999 4864 1205 4918 πιστῶν
1251 4867 1299 4917 οί
1344 4867 1443 4936 μὲν
1496 4869 1552 4921 ἐν
1595 4872 1707 4933 τοῖς
1751 4855 1919 4935 οἴκοις
1950 4855 2113 4943 ἐκρύ-

546 4958 761 5007 πτοντο,
794 4945 842 4996 οἰ
885 4945 941 4998 δέ
979 4945 1116 5016 πρὸς
1164 4948 1264 5013 τὰς
1317 4950 1551 5024 ἐρημίας
1601 4954 1978 5023 μετῳκίζοντο,
2020 4957 2115 5009 καὶ

543 5025 645 5088 τὰς
695 5026 899 5098 ἀγοράς
947 5029 1208 5101 ἔφευγον·
1244 5034 1362 5088 τότε
1411 5036 1474 5107 δὴ
1525 5037 1698 5090 ταῦτα
1755 5039 1979 5105 ἐγίνετο,
2027 5041 2114 5095 ἵνα

546 5108 784 5179 μηδεμία
812 5112 1190 5185 ἀναισχυντίας
1217 5131 1241 5158 ει
1271 5121 1451 5184 αὐτοῖς
1478 5121 1952 5193 καταλιμπάνηται
1992 5125 2115 5195 πρό-

545 5205 728 5259 φάσις.

617 5275 834 5360 ξβἌἜτι
866 5274 958 5333 οὖν
987 5282 1382 5354 ἀμφισϐητεῖς,
1409 5279 1453 5338 ὦ
1492 5287 1732 5352 Ἰουδαῖε,
1767 5289 1859 5340 καὶ
1881 5289 1981 5360 τὴν
2009 5290 2116 5343 ἀπὸ

544 5356 636 5410 τοῦ
675 5359 774 5428 τῆς
802 5360 1038 5433 Χριστοῦ
1071 5369 1445 5438 προρρήσεως,
1478 5371 1570 5422 καὶ
1605 5372 1700 5441 τὴν
1731 5371 1837 5424 ἀπὸ
1875 5356 1972 5440 τῆς
2010 5372 2116 5427 τῶν

545 5443 889 5512 προφητῶνδ
941 5448 1032 5501 καί
1081 5451 1178 5519 τῆς
1231 5451 1335 5505 τῶν
1402 5454 1739 5524 πραγμάτων
1795 5455 2116 5522 ἀποδείξεως

549 5527 855 5607 μαρτυρίαν
897 5531 1038 5601 ὁρῶν
1073 5550 1164 5584 σου
1209 5534 1754 5607 καταψηφιςομένηνς
1797 5539 1932 5590 Ἀλλ’
1968 5540 2118 5593 οὐδὲν

545 5605 888 5678 θαυμαστόν·
929 5615 1170 5668 τοιοῦτον
1203 5618 1311 5688 γάρ
1347 5619 1500 5690 ὑμῶν
1556 5605 1616 5674 τὸ
1668 5605 1816 5686 ἔθνος
1851 5639 1871 5662 υ
1913 5625 2116 5679 ἄνωθεν

608 5751 638 5810 ξ’
660 5747 754 5810 alii
773 5748 1094 5810 ἀναίσχυντος.

1151 5814 1247 5885 ’τὴν
1286 5817 1380 5885 ἀπὸ
1409 5823 1492 5875 τῆς
1512 5821 1607 5885 τῶν
1642 5825 1909 5885 προφητῶν,
1935 5834 1964 5870 e
1992 5837 2106 5873 mss.

543 5876 812 5937 regeglam,
836 5871 1014 5937 vigiatze
1036 5871 1200 5920 Monlf.
1235 5871 1488 5937 §criplurié
1503 5871 1852 5930 subslithifnﬁs.
1881 5871 2013 5933 Enn.

608 5930 640 6004 7°?
665 5931 816 6004 Degis
851 5931 1089 6004 γάριροξι
1130 5930 1346 6004 τοιοῦτον
1371 5940 1419 5984 in
1441 5940 1724 6000 quibusdam
1752 5959 1862 5993 mss.
1881 5930 2110 6004 ἶξιίοιυοι·

546 6000 663 6036 mss.
690 5991 744 6035 τὸ
768 5991 863 6043 ἔθος
893 5989 1071 6040 habent
1094 6006 1180 6054 pro
1205 5996 1258 6043 τὸ
1279 5998 1418 6053 ἔθνος.

1298 402 1355 456 S.
1393 403 1678 459 JOANNIS
1711 403 2200 459 CHRYSOSTOMI
2241 363 2560 459 ARCHIEP.
2603 403 3151 460 CONSTANTINOP.

3673 405 3766 462 903
3870 361 3871 364 Ἴ

2201 519 2550 589 ἀναίσχυντον
2600 521 2694 574 καὶ
2747 522 3065 590 φιλόνεικον,
3102 519 3196 572 καὶ
3240 521 3350 580 τοῖς
3399 521 3653 588 φανεροῖς
3689 524 3765 572 ἀεὶ

2205 603 2472 672 μάχεσθαι
2525 604 2894 674 μεμελετηκὸς
2944 603 3252 674 πράγμασι.
3287 601 3473 655 Βούλει
3527 603 3620 655 καὶ
3668 605 3763 654 ὲτε.

2203 705 2330 758 ρους
2383 687 2658 755 ἐφοπλίοω
2704 705 2785 740 σοι
2825 695 3108 758 προφήτας
3153 685 3398 755 φανερῶς
3443 685 3575 737 αὑτὸ
3622 685 3768 738 τοῦτο

2201 771 2478 839 λέγοντας,
2511 773 2592 824 ὅτι
2624 771 2691 824 τά
2731 772 2828 842 μὲν
2864 771 3101 842 ὑμέτερα
3129 770 3356 842 λήψεται
3398 770 3573 832 τέλος,
3609 771 3682 822 τά
3721 771 3767 823 δέ

2203 854 2442 924 ἡμέτερα
2468 857 2712 925 ἀνθήσει,
2744 855 2838 907 καὶ
2878 853 3153 922 πανταχοῦ
3192 853 3288 921 τῆς
3323 854 3650 924 οἰκουμένης
3690 855 3768 905 ἐκ-

2202 937 2494 1006 ταθήσεται
2523 937 2582 989 τὸ
2616 939 2876 1007 κήρυγμα
2901 936 2994 989 τοῦ
3035 932 3291 1006 Χριστοῦ,
3319 936 3410 988 καὶ
3443 935 3639 998 θυσίας
3666 936 3767 987 ἐτέ-

2207 1037 2302 1089 ρας
2331 1021 2762 1090 εἰσενεχθήσεται
2814 1021 3032 1090 τρόπος,
3075 1019 3295 1071 ἐκείνων
3327 1019 3435 1069 τῶν
3470 1021 3603 1087 παρ’
3651 1019 3768 1086 ὑμῖν

2204 1103 2638 1165 καταλυθεῖσων;
2682 1104 2944 1155 Ἀκουσον
2994 1101 3123 1170 γοῦν
3176 1101 3267 1153 τοῦ
3319 1101 3627 1170 Μαλαχίου,
3684 1101 3768 1154 τοῦ

2208 1185 2342 1255 μετὰ
2394 1187 2518 1247 τοὺς
2579 1185 2768 1247 ἄλλους
2822 1187 3104 1256 προφήτας
3156 1184 3428 1247 ἐλθόντος·
3483 1186 3606 1237 οὑδέ
3671 1186 3770 1256 γὰρ

2215 1269 2432 1322 Ἡσαΐου
2491 1270 2722 1340 παράγω
2764 1269 3068 1340 μαρτυρίαν
3121 1268 3276 1331 τέως,
3325 1269 3445 1321 οὐδὲ
3487 1269 3769 1338 Ἱερεμίου,

2201 1352 2321 1405 οὑδὲ
2365 1351 2472 1404 τῶν
2499 1352 2673 1406 ἄλλων
2715 1353 3008 1424 προφητῶν
3058 1352 3164 1404 τῶν
3203 1351 3309 1420 πρὸ
3348 1355 3447 1421 τῆς
3489 1354 3764 1421 αἰχμαλω-

2203 1437 2338 1499 σίας,
2372 1437 2456 1488 ἵνα
2487 1436 2559 1507 μὴ
2581 1437 2772 1508 λέγῃς,
2802 1438 2884 1489 ὅτι
2919 1435 2986 1488 τὰ
3022 1435 3167 1488 δεινά
3200 1434 3368 1486 ταῦτα
3393 1433 3427 1488 5.
3459 1435 3770 1504 προέλεγον,

2201 1521 2291 1572 ἐπὶ
2320 1519 2418 1588 τῆς
2447 1520 2817 1590 αἰχμαλωσίας
2847 1520 3035 1588 ἐξέϐη·
3067 1519 3202 1572 ἀλλά
3229 1519 3461 1588 παράγω
3490 1521 3772 1590 προφήτην

2201 1605 2289 1656 τὸν
2323 1603 2458 1673 μετὰ
2487 1605 2581 1674 τήν
2625 1605 2880 1658 ἐπάνοδον
2919 1605 3016 1674 τὴν
3063 1605 3126 1656 ἐκ
3157 1602 3499 1667 Βαϐυλῶνος,
3542 1605 3641 1656 καὶ
3685 1604 3774 1672 τὴν

2199 1689 2299 1758 τῆς
2332 1686 2540 1750 πόλεως
2580 1687 3018 1740 ἀποκατάστασιν
3042 1685 3091 1751 ἀ,
3127 1685 3310 1752 σαφῶς
3340 1687 3465 1756 περὶ
3497 1686 3605 1738 τῶν
3639 1686 3669 1738 ὑ
3681 1705 3771 1757 με-

2201 1773 2373 1844 τέρων
2405 1772 2742 1842 πραγμάτων
2773 1770 3246 1840 προφητεύσαντα.

2285 1855 2500 1926 Ἐπειδὴ
2531 1854 2636 1924 γὰρ
2674 1853 2994 1922 ἐπανῆλθον,
3033 1851 3126 1906 καὶ
3157 1851 3253 1921 τὴν
3299 1851 3448 1902 πόλιν
3481 1849 3771 1912 ἀπέλαϐον,

2203 1941 2295 1993 καὶ
2326 1941 2416 1994 τὸν
2460 1940 2583 1992 ναὸν
2617 1937 3059 2009 ἀνῳκοδόμησαν,
3091 1935 3186 1987 καὶ
3217 1935 3313 1997 τὰς
3356 1934 3545 1997 θυσίας
3586 1936 3773 1988 ἐπτέ-

2202 2022 2345 2085 λουν,
2385 2023 2482 2092 τὴν
2513 2022 2808 2092 μέλλουσαν
2848 2021 3124 2089 ἐρήμωσιν
3155 2017 3355 2087 ταύτην
3380 2016 3476 2087 τὴν
3517 2014 3612 2068 νῦν
3651 2033 3773 2085 προ-

2202 2105 2394 2172 λέγων,
2448 2107 2541 2158 καὶ
2594 2105 2689 2175 τήν
2727 2103 2834 2156 τῶν
2873 2102 3070 2154 θυσιῶν
3119 2100 3418 2170 ἀναίρεσιν,
3466 2099 3612 2152 οὕτω
3663 2101 3773 2163 πῶς

2203 2207 2366 2259 φησιν
2394 2192 2421 2243 6
2455 2190 2742 2260 Μαλαχίας
2787 2190 2851 2241 ἐκ
2891 2185 3180 2259 προσώπου
3220 2184 3314 2238 τοῦ
3358 2185 3528 2237 Θεοῦ·
3569 2188 3639 2238 El
3674 2185 3773 2250 ,ιή-

2201 2277 2388 2343 ψομαι
2434 2274 2502 2338 ἑξ
2564 2272 2732 2341 ὑμῶν
2789 2273 3074 2338 πρόσωπα
3127 2269 3311 2338 ὑμῶν,
3345 2269 3504 2334 λέγει
3567 2270 3774 2335 Κύριος

2203 2354 2655 2425 παντοκράτωρ·
2708 2355 2794 2406 ὅτι
2847 2352 2963 2406 ἀπὸ
3011 2352 3322 2406 ἀνατολῶν
3377 2353 3558 2420 ἡλίου
3602 2351 3775 2420 μέχρι

2202 2441 2449 2509 δυσμῶν
2476 2440 2537 2493 τὸ
2567 2435 2751 2506 ὄνομά
2773 2453 2890 2505 μου
2913 2435 3272 2498 δεδόξασται
3301 2436 3369 2486 ἐν
3399 2435 3525 2499 τοῖς
3552 2437 3775 2490 ἔθνεσι.

2204 2525 2300 2576 καί
2331 2524 2400 2575 ἐν
2436 2523 2611 2575 παντὶ
2643 2522 2802 2587 τόπῳ
2841 2520 3100 2588 θυμίαμα
3139 2518 3498 2598 προσάγεται
3532 2518 3614 2583 τῷ
3652 2521 3777 2571 ὀνό-

2197 2610 2339 2677 ματί
2379 2626 2516 2678 μου,
2566 2606 2662 2659 καὶ
2716 2604 2898 2659 θυσία
2957 2601 3216 2671 καθαρά·
3268 2602 3435 2671 ὑμεῖς
3485 2602 3556 2654 δὲ
3597 2603 3776 2668 .3861}-

2201 2692 2380 2745 λοῦτε
2416 2691 2581 2744 αὑτό.
2621 2689 2759 2741 Πότε
2807 2687 2976 2741 ταῦτα
3024 2687 3180 2756 ἐξέϐη
3211 2729 3225 2752 ,
3256 2681 3300 2739 ὦ
3338 2686 3595 2749 Ἰουδαῖε;
3650 2687 3775 2738 πότε

2203 2778 2259 2828 ἐν
2295 2775 2455 2828 παντὶ
2490 2774 2640 2844 τόπῳ
2669 2773 2918 2842 θυμίαμα
2966 2771 3312 2843 προσηνέχθη
3353 2771 3430 2841 τῷ
3459 2771 3612 2840 Θεῷ;
3650 2774 3776 2824 πότε

2205 2859 2360 2911 θυσία
2392 2856 2636 2928 καθαρά;
2678 2857 2792 2909 Οὐκ
2823 2856 2888 2909 ἂν
2923 2855 3066 2926 ἔχοις
3108 2857 3294 2925 ἔτερον
3343 2858 3516 2908 εἰπεῖν
3562 2857 3773 2924 καιρὸν,

2204 2941 2316 2993 ἀλλ’
2349 2940 2382 3010 ἢ
2414 2940 2599 2992 τοῦτον
2627 2939 2716 2992 τὸν
2751 2939 2888 3008 μετά
2913 2939 3013 3008 τὴν
3044 2939 3134 2991 τοῦ
3168 2938 3404 3008 Χριστοῦ
3435 2940 3774 3008 παρουσίαν·

2203 3023 2278 3087 ὡς
2317 3026 2364 3077 εί
2397 3023 2470 3094 μὴ
2497 3023 2682 3076 τοῦτον
2722 3022 2975 3093 προλέγει
3003 3025 3093 3076 τὸν
3135 3023 3343 3091 καιρὸν,
3392 3023 3531 3092 μηδὲ
3558 3025 3662 3093 τὴν
3694 3023 3779 3074 θυ-

2209 3108 2327 3159 σίαν
2356 3106 2453 3177 τὴν
2484 3107 2776 3177 ήμετέραν,
2803 3106 2938 3159 ἀλλά
2977 3105 3074 3176 τὴν
3119 3105 3432 3176 Ἰουδαῖκὴν,
3467 3107 3564 3159 καὶ
3605 3106 3779 3174 παρά-

2207 3207 2369 3259 νομος
2396 3189 2548 3243 ἔσται
2582 3191 2614 3260 ή
2655 3189 2976 3261 προφητεία.
3009 3188 3072 3240 Εἰ
3106 3189 3211 3260 γὰρ
3237 3188 3330 3241 τοῦ
3373 3188 3662 3249 Μωῦσέως
3697 3205 3781 3239 κε-

2207 3271 2448 3336 λεύοντος
2489 3275 2567 3336 εἰς
2609 3272 2808 3343 μηδένα
2853 3273 3037 3343 ἓτερον
3070 3272 3230 3325 τόπον
3281 3273 3505 3338 ἀνάγειν
3563 3272 3776 3330 θυσίαν,

2207 3355 2320 3408 ἀλλ’
2365 3355 2398 3426 ἢ
2447 3359 2524 3418 εἰς
2575 3356 2662 3409 τὸν
2693 3367 2715 3394 ο
2756 3355 2917 3407 τόπον
2955 3354 3013 3406 ὃν
3055 3353 3120 3406 ἂν
3163 3354 3446 3423 ἐκλέξηται
3496 3355 3711 3425 Κύριος
3755 3359 3782 3406 ὁ

2207 3438 2368 3502 Θεὸς,
2419 3439 2513 3491 καὶ
2558 3439 2637 3500 εἰς
2671 3437 2726 3490 ἓν
2771 3437 2964 3508 χωρίον
3015 3437 3385 3505 συγκλείοντος
3435 3437 3538 3498 τάς
3593 3438 3780 3498 θυσίας

2209 3524 2440 3588 ἐκείνας,
2467 3525 2494 3575 6
2523 3523 2804 3593 προφήτης
2835 3522 3000 3590 λέγει,
3031 3523 3111 3574 ὅτι
3144 3524 3200 3575 ἐν
3233 3521 3391 3574 παντὶ
3433 3520 3593 3590 [ϐάὸἶ
3635 3522 3782 3590 τόπῳ

2209 3605 2458 3676 θυμίαμα
2509 3603 2687 3676 μέλλοι
2744 3604 3147 3676 προσάγεσθαι,
3191 3605 3286 3657 καὶ
3325 3603 3486 3656 θυσία
3529 3605 3780 3676 καθαρὰ,

2209 3691 2538 3745 ἐναντιοῦται
2571 3691 2664 3744 καὶ
2710 3690 2936 3761 μάχεται
2966 3690 3043 3761 τῷ
3081 3691 3309 3762 Μωῦσῇ.
3351 3690 3491 3742 Ἀλλ’
3529 3692 3635 3743 οὑκ
3674 3691 3784 3742 ἔστι

2212 3777 2357 3847 μάχη
2389 3776 2484 3828 καὶ
2516 3772 2812 3844 φιλονεικία
2832 3791 2844 3803 ·
2879 3775 3005 3844 περί
3033 3774 3140 3846 γὰρ
3172 3774 3361 3845 ἐτέρας
3395 3775 3614 3837 ἐκεῖνος
3643 3769 3782 3836 εἷπε,

2210 3861 2303 3912 καὶ
2342 3859 2469 3928 περὶ
2499 3858 2689 3928 ἐτέρας
2716 3850 2868 3920 οὗτος
2899 3857 3294 3926 προεφήτευσεν
3330 3854 3587 3928 ὕστερον.
3618 3857 3784 3910 Πόθεν

2210 3942 2367 3995 τοῦτο
2393 3941 2581 4010 δῆλονς
2616 3938 2746 3992 Ἀπὸ
2771 3956 2832 3991 τε
2860 3939 2967 3991 τῶν
2992 3938 3314 4011 εἰρημένων,
3341 3939 3449 3991 άπό
3487 3955 3555 3991 τε
3586 3941 3786 4010 ἐτέρων

2212 4025 2468 4078 πλειόνων
2499 4024 2759 4094 σημείων.
2783 4024 2894 4076 Καὶ
2924 4023 3135 4092 πρῶτον
3169 4023 3263 4091 μὲν
3303 4020 3410 4075 ἀπὸ
3437 4022 3538 4074 τοῦ
3585 4024 3750 4076 τόπου
3771 4039 3783 4051 ·

2211 4109 2271 4161 οὑ
2301 4107 2411 4178 γάρ
2440 4109 2495 4160 ἐν
2545 4108 2640 4177 μιᾷ
2688 4105 2861 4170 πόλει,
2905 4104 3153 4176 καθάπερ
3198 4106 3288 4156 ἐπὶ
3337 4104 3445 4156 τῶν
3485 4105 3788 4166 Ἰουδαίων,

2213 4187 2327 4244 ἀλλ’
2367 4188 2500 4243 Ἀπὸ
2557 4187 2866 4242 ἀνατολῶν
2906 4188 3084 4255 ἡλίου
3141 4187 3316 4255 μέχρι
3369 4185 3635 4256 δυσμῶν
3691 4189 3788 4257 τὴν

2213 4271 2509 4342 θεραπείαν
2561 4270 2919 4325 ἐπιτελεῖσθαι
2963 4269 3162 4339 ταύτην
3210 4271 3485 4340 προεῖπεν.
3519 4266 3659 4323 Εἶτα
3683 4271 3792 4323 ἀπὸ

2211 4355 2306 4410 τοῦ
2351 4354 2550 4424 τρόπου
2600 4354 2700 4424 τῆς
2758 4353 2974 4415 θυσίας·
3015 4353 3092 4424 τῷ
3138 4352 3244 4422 γὰρ
3290 4352 3564 4420 καθαρὰν
3621 4355 3789 4422 αὐτὴν

2213 4441 2514 4510 προειπεῖν,
2544 4437 2707 4501 ἔδειξε
2740 4437 2894 4489 ποίαν
2941 4435 3113 4504 ἔλεγε.
3155 4435 3264 4487 Καὶ
3303 4435 3408 4487 ἀπὸ
3451 4434 3568 4486 τῶν
3618 4454 3790 4506 προσ-

2211 4523 2376 4576 ὠπων
2401 4521 2456 4574 δὲ
2486 4521 2592 4574 τῶν
2623 4521 3005 4591 προσαγόντων
3033 4521 3202 4590 αὑτήν
3220 4536 3233 4549 ·
3259 4519 3317 4572 οὑ
3341 4519 3446 4590 γάρ
3469 4517 3655 4586 εἶπεν,
3705 4523 3791 4574 Ἔν

2211 4605 2290 4676 τῷ
2328 4604 2562 4676 Ἰσραὴλ,
2600 4603 2734 4666 ἀλλ’,
2770 4605 2866 4656 Ἕν
2902 4603 3024 4668 τοῖς
3054 4603 3276 4656 ἔθνεσι.
3309 4603 3418 4655 Καὶ
3454 4603 3547 4655 ἵνα
3584 4606 3662 4675 μὴ
3711 4623 3790 4656 νο-

2217 4693 2401 4758 μίσῃς,
2427 4689 2508 4740 ὅτι
2540 4688 2598 4739 ἐν
2640 4689 2739 4757 μιᾷ
2768 4687 2862 4739 καλ¹
2891 4685 3012 4737 δυσὶ
3057 4685 3152 4737 καὶ
3184 4685 3328 4753 τρισὶ
3359 4685 3553 4738 πόλεσι
3585 4689 3657 4740 τά
3694 4687 3792 4757 τῆς

2211 4771 2466 4842 λατρείας
2515 4773 2902 4841 περιστήσεται
2943 4769 3166 4839 ταύτης,
3210 4769 3306 4836 οὑχ
3362 4768 3553 4832 ἁπλῶς
3614 4767 3792 4832 εἶπεν,

2226 4853 2312 4904 Ἑν
2343 4852 2504 4904 παντὶ
2536 4851 2705 4922 τόπῳ,
2732 4849 2867 4913 ἀλλ’,
2907 4847 3036 4902 Ἀπὸ
3067 4844 3374 4902 ἀνατολῶν
3405 4849 3591 4912 ἡλίου
3615 4852 3795 4918 μέχρι

2210 4933 2459 5004 δυσμῶν
2477 4951 2491 4966 ·
2517 4936 2731 4998 δεικνὺς
2773 4935 2875 4997 ὅτι,
2893 4935 3024 5003 ὅσην
3049 4935 3076 4986 6
3104 4933 3250 5002 ήλιος
3291 4933 3458 5001 ἐφορᾷ
3500 4934 3642 5003 γῆν,
3669 4953 3797 4987 τοσ-

2211 5017 2380 5086 αύτην
2417 5017 2512 5069 καὶ
2551 5017 2613 5070 τὸ
2661 5019 2921 5090 κήρυγμα
2967 5015 3350 5085 καταλήψεται.
3397 5018 3691 5084 Καϐειρὰν

2210 5099 2356 5168 λέγει
2397 5101 2605 5165 θυσίαν,
2646 5102 2721 5163 ὡς
2772 5102 2870 5171 τῆς
2908 5099 3175 5173 προτέρας
3233 5098 3544 5168 ἀκαθάρτου
3586 5101 3794 5173 οὔσης.

2210 5185 2272 5236 οὑ
2319 5185 2404 5239 διὰ
2435 5186 2534 5256 τὴν
2565 5186 2771 5239 οἰκείαν
2810 5185 2988 5252 φύσιν,
3021 5184 3154 5238 άλλά
3183 5183 3269 5237 διὰ
3312 5187 3408 5253 τὴν
3457 5186 3795 5256 προαίρεσιν

2210 5269 2318 5323 τῶν
2352 5271 2754 5341 προσαγόντων.
2787 5269 2886 5321 Διὰ
2925 5267 3079 5321 τοῦτο
3117 5267 3265 5335 ἔλεγε
3288 5285 3301 5298 ·
3338 5268 3618 5337 Θυμίαμιι
3645 5271 3797 5334 ,Βδέο

2211 5354 2408 5423 λυγμοὶ
2431 5357 2529 5421 μοί
2555 5356 2742 5408 ἐστιν.
2780 5353 2984 5416 Ἄλλως
3008 5352 3082 5416 δὲ,
3121 5354 3214 5406 καὶ
3253 5353 3420 5424 αὑτὴν
3463 5353 3567 5424 τὴν
3598 5355 3798 5408 θυσῐαν

2213 5436 2266 5487 εί
2289 5453 2372 5498 τις
2415 5436 2738 5507 παραϐάλοι,
2772 5437 2905 5490 πολὺ
2941 5437 3000 5488 τὸ
3034 5435 3197 5506 μέσον
3239 5437 3458 5507 εὑρήσει
3498 5441 3601 5492 καὶ
3631 5440 3796 5492 ἀτει-

2217 5535 2306 5586 ρον
2343 5520 2436 5571 καὶ
2463 5519 2734 5581 τοσοῦτον,
2779 5518 2855 5581 ὡς
2907 5518 3113 5588 ταύτην
3157 5521 3359 5590 κυρίως
3413 5519 3590 5591 μόνην
3647 5523 3796 5574 κατὰ

2211 5607 2301 5658 τὸν
2339 5603 2437 5672 τῆς
2477 5603 2814 5669 συγκρίσεως
2858 5601 3013 5670 λόγον
3051 5602 3301 5670 λέγεσθαι
3353 5603 3630 5672 καθαράν.
3678 5607 3794 5658 Καὶ

2210 5691 2345 5758 ὅπερ
2376 5688 2468 5740 ἐπὶ
2498 5687 2591 5740 τοῦ
2624 5688 2788 5757 νόμου
2837 5688 2933 5740 καὶ
2960 5689 3054 5757 τῆς
3097 5689 3315 5758 χάριτος
3347 5689 3534 5756 ἔλεγεν
3575 5693 3606 5743 6
3638 5692 3796 5746 Παῦ-

2211 5774 2323 5835 λος,
2351 5773 2433 5824 ὅτι
2467 5771 2528 5823 οὑ
2570 5770 2880 5834 δεδόξασται
2910 5771 2971 5822 τὸ
3011 5770 3406 5840 δεδοξασμένον,
3450 5772 3644 5826 ἕνεκεν
3691 5777 3797 5839 ti;

2217 5853 2656 5923 ὑπερϐαλλούσης
2687 5853 2866 5923 δόξης,
2895 5853 3048 5906 τοῦτο
3074 5854 3166 5906 καὶ
3195 5854 3424 5908 ἐνταῦθα
3454 5855 3806 5926 θαῤῥοῦντες

2276 5943 2301 5982 d
2328 5945 2424 5991 Alii
2448 5947 2756 6002 κατάστασιν,
2782 5950 2831 5991 el
2856 5946 2925 5992 sic
2945 5945 3091 5992 Savil.

2285 6017 2304 6043 ε
2331 6008 2544 6064 Quatuor
2577 6020 2691 6056 mss.
2716 6007 2876 6054 θυσίαν
2901 6010 2937 6053 εἰ
2963 6008 3024 6053 αὴ
3050 6008 3111 6058 εἰς
3135 6007 3230 6054 τόν.
