3832 6252
33 335 48 387 Ι
1183 333 1506 391 ADVERSU:

1613 335 1878 392 UDIEOS.
1926 336 1987 401 Υ.¹

42 446 261 508 aituere;
311 454 491 498 verum
537 456 655 496 eum
703 443 842 498 Deus
886 453 1067 509 esset,
1116 444 1204 513 qui
1253 447 1516 500 civitatem

33 553 154 592 ll‘llﬂ]
197 533 558 602 subverterat,
597 535 709 590 fieri
750 549 1081 607 nequaquam
1122 552 1296 606 posse,
1327 548 1523 608 utqua:

33 644 88 682 us
109 629 436 690 decreverat,
457 641 707 696 umquam
729 637 991 683 everteret
1014 628 1243 682 humana
1265 632 1518 697 potentia.

34 737 83 771 rm
109 734 218 785 qua:
245 717 384 780 Deus
406 727 628 783 sanctus,
652 719 839 788 inquit,
869 719 1061 782 statuit,
1089 720 1199 787 quis
1220 719 1524 789 dissipabit?

47 829 244 864 manum
266 811 401 863 illius
423 810 670 864 excelsam
699 811 808 880 quis
828 820 1009 872 avertet
1034 808 1052 878 (
1074 811 1098 862 I
1107 811 1198 863 sai.
1241 811 1326 864 M.
1365 810 1434 865 27
1461 812 1523 879 )?

40 915 89 958 nt
136 906 276 959 enim
326 919 680 973 qurecumque
729 903 817 958 ille
860 903 1159 968 stabilierit,
1194 904 1521 973 volueritque

36 1015 176 1062 nere,
211 999 389 1052 nullus
424 997 583 1051 homo
629 1007 801 1066 potest
830 995 1071 1050 demoliri
1108 1014 1121 1050 :
1153 997 1223 1048 ita
1249 1012 1520 1065 quaecum-

33 1109 46 1147 :
90 1093 430 1154 destruxerit,
479 1090 811 1160 volueritque
853 1103 1067 1154 manere
1119 1089 1311 1153 diruta,
1364 1104 1521 1142 neruo

34 1186 131 1238 .erit
181 1185 497 1236 instaurare.
558 1182 754 1236 Verum
802 1189 918 1235 esto
966 1195 1126 1244 sane,
1179 1178 1378 1243 Judaei,
1425 1195 1520 1232 rex

34 1278 198 1346 iplum
230 1277 539 1343 reddiderit,
565 1291 708 1330 arant
735 1289 953 1344 prorsus
979 1275 1230 1338 erexerit,
1259 1273 1517 1344 quemad-

34 1370 150 1422 dum
195 1383 287 1422 vos
320 1367 513 1423 frustra
559 1368 796 1436 potuisse
822 1366 935 1421 ﬁeri
978 1366 1318 1432 suSpicamini
1348 1384 1360 1418 :
1391 1380 1515 1418 num

37 1474 187 1529 gnem
207 1459 478 1514 caelestem
507 1473 537 1512 e
565 1457 778 1512 sublimi
806 1466 1012 1526 peterat
1031 1455 1180 1510 vobis
1200 1455 1517 1509 demittere?

33 1553 103 1604 isi
134 1550 411 1616 defuisset,
445 1550 664 1619 impium
694 1557 747 1602 et
772 1549 1036 1618 impurum
1085 1547 1271 1602 fuisset
1313 1547 1516 1600 sacrifi-

34 1661 98 1697 m.
130 1643 210 1697 0b
231 1642 334 1697 hoc
355 1643 496 1697 enim
527 1642 802 1711 perierunt
828 1639 917 1693 ﬁlii
943 1640 1143 1703 Aaron,
1167 1639 1308 1708 quod
1339 1639 1514 1708 ignem

34 1751 167 1789 mum
196 1734 527 1789 induxerint.
556 1733 906 1788 Nihilominus
935 1733 1000 1786 ad
1028 1734 1207 1786 omnia
1237 1732 1511 1796 obcaecati,

39 1831 283 1885 ecrabant
308 1845 373 1883 ac
399 1829 783 1898 supplicabant,
814 1837 868 1881 ut
911 1841 1029 1881 cum
1070 1827 1196 1894 ipsis
1222 1827 1516 1894 susciperet

45 1923 418 1992 aggrederetur
475 1921 924 1988 instaurationem
967 1919 1168 1986 templi.
1219 1919 1287 1972 At
1333 1917 1420 1971 ille
1461 1928 1512 1972 et

33 2017 184 2069 :unias
211 2013 492 2084 impendit,
518 2021 570 2066 et
596 2010 877 2081 praefectos
903 2011 1048 2065 misit
1068 2011 1209 2064 viros
1232 2010 1509 2081 primates,

34 2105 244 2160 artifices
265 2105 608 2174 undiquaque
633 2102 835 2157 accersi
862 2101 1039 2170 jussit,
1069 2099 1198 2156 nihil
1228 2115 1332 2155 non
1366 2098 1506 2163 fecit,

36 2198 65 2250 il
98 2212 198 2250 non
232 2196 478 2261 tentavit,
525 2193 779 2264 paulatim
819 2208 883 2247 ac
921 2193 1118 2248 sensim
1173 2193 1274 2247 hoc
1324 2205 1506 2261 agens,

33 2303 258 2357 :ransque
286 2287 543 2351 futurum,
574 2296 630 2340 ut
675 2287 720 2340 si
766 2294 944 2354 posset
971 2284 1088 2338 illos
1114 2283 1179 2338 ad
1209 2283 1510 2338 sacriﬁcan-

34 2398 61 2433 n
86 2381 354 2444 inducere,
387 2379 537 2434 facile
566 2380 684 2433 illos
706 2389 980 2433 revocaret
1005 2376 1069 2431 ad
1095 2377 1267 2431 cultus
1294 2377 1511 2430 simula-

39 2491 162 2527 rum;
197 2474 367 2528 Simul
397 2483 448 2526 et
475 2472 600 2526 illud
645 2473 757 2526 fore
800 2470 1045 2539 Sperabat
1073 2470 1290 2524 insanus
1319 2468 1406 2522 ille
1448 2483 1512 2522 ac

34 2581 141 2630 :ors,
171 2575 226 2618 ut
264 2565 463 2618 Christi
491 2564 804 2617 sententiam
854 2561 1214 2626 frustraretur,
1244 2575 1361 2629 qua:
1402 2573 1506 2612 non

34 2657 126 2709 itur
147 2656 404 2724 templum
434 2655 561 2708 illud
592 2654 892 2708 instaurari.
922 2653 1118 2707 Verum
1149 2654 1214 2716 is,
1245 2650 1336 2723 qui
1364 2665 1509 2706 com-

33 2745 213 2800 :hendit
232 2747 501 2816 sapientes
528 2746 580 2799 in
606 2746 840 2814 ipsorum
861 2743 1050 2798 astutia
1073 2742 1160 2815 (1.
1183 2741 1302 2797 Cor.
1326 2743 1378 2796 '5.
1408 2740 1540 2808 19;’

33 2837 112 2891 ι5.
145 2834 272 2907 15),
325 2837 565 2906 protinus
596 2836 721 2905 ipsis
760 2834 913 2890 factis
955 2834 1244 2890 declaravit
1283 2833 1380 2899 illi,
1414 2831 1507 2888 Dei

34 2937 200 2982 :retum
243 2929 497 2983 omnibus
540 2943 661 2982 esse
710 2927 1020 2997 potentius,
1063 2925 1339 2996 validaque
1387 2940 1506 2980 esse

34 3034 91 3074 ira
117 3035 424 3074 sermonum
476 3019 586 3072 Dei.
625 3017 765 3072 ‘Nam
809 3017 966 3073 simul
1011 3026 1171 3088 atque
1214 3025 1508 3072 tentassent

33 3127 72 3166 is
91 3113 306 3182 impium
324 3121 590 3176 conatum,
615 3111 903 3180 coepissent
922 3109 1122 3165 nudare
1143 3109 1503 3174 fundamenta,

33 3204 142 3258 ltam
167 3214 366 3259 terram
387 3203 776 3264 exhausissent,
799 3210 1132 3270 restaretque
1157 3210 1214 3255 ut
1229 3201 1338 3271 jam
1360 3210 1503 3255 stru-

33 3309 128 3349 rarn
157 3294 573 3366 aggrederentur
596 3314 610 3349 :
634 3294 876 3363 protinus
901 3293 1037 3362 ignis
1061 3293 1312 3347 exsiliens
1331 3308 1362 3347 e
1389 3292 1505 3346 fun-

33 3388 188 3441 uentis
212 3387 418 3442 exussit
460 3386 674 3450 multos,
709 3386 940 3455 itemque
968 3383 1168 3454 lapides
1198 3397 1263 3438 eo
1303 3383 1353 3437 in
1386 3384 1504 3437 loco

35 3480 126 3534 itos
146 3521 160 3544 ,
191 3488 246 3534 et
277 3478 709 3547 intempestivam
755 3476 1104 3546 pertinaciam
1152 3475 1434 3544 interrupit
1463 3475 1500 3525 ¹.

33 3590 38 3622 ι
71 3571 234 3626 solum
262 3570 358 3641 qui
386 3570 535 3640 operi
563 3569 863 3635 instabant,
889 3567 984 3623 sed
1010 3569 1168 3622 etiam
1198 3566 1502 3622 Juda‘orum

33 3662 81 3714 lti
109 3671 325 3731 stupore
354 3675 420 3715 ac
448 3659 642 3714 rubore
680 3659 872 3730 repleti
913 3668 1054 3713 sunt.
1089 3658 1287 3726 Quibus
1311 3657 1502 3712 auditis

37 3769 157 3808 anus
187 3754 506 3823 Imperator,
529 3767 846 3822 quamquam
885 3758 1028 3804 tanta
1053 3751 1267 3805 vesania
1293 3749 1502 3804 deditus

33 3854 43 3898 ι
78 3845 147 3898 illi
187 3845 423 3915 negotio,
459 3844 658 3899 veritus
704 3851 881 3897 tamen
927 3856 993 3896 ne
1027 3841 1160 3896 ultra
1192 3851 1500 3911 progressus

34 3951 144 3989 uum
172 3937 336 4005 ipsius
365 3944 524 4000 caput
550 3934 723 4003 ignem
764 3940 1082 3998 accerseret,
1112 3931 1502 3988 destititvictus

33 4042 46 4078 ι
75 4035 172 4080 tota
202 4037 382 4097 gente.
407 4020 477 4080 Et
501 4039 639 4079 nunc
660 4025 704 4079 si
727 4024 909 4080 venias
936 4023 1343 4093 Jerosolymam,
1375 4038 1501 4077 con-

33 4117 113 4171 :ies
141 4118 279 4172 nuda
331 4115 676 4171 fundamenta
713 4115 893 4185 :quod
924 4115 969 4169 si
1005 4129 1218 4170 causam
1253 4104 1495 4185 quaeras,

59 4210 203 4264 aliam
247 4225 409 4281 quam
456 4210 592 4263 hanc
636 4209 840 4263 audies.
875 4207 1038 4276 Hujus
1077 4208 1154 4261 rei
1187 4221 1282 4260 nos
1310 4221 1498 4262 omnes

33 4315 84 4354 es
110 4315 289 4354 sumus
321 4319 335 4353 :
370 4309 551 4354 nostra
575 4299 715 4354 enim
749 4309 901 4353 aetate
923 4299 1037 4353 haec
1063 4314 1167 4353 non
1200 4299 1268 4352 ita
1293 4299 1497 4368 pridem

40 4392 237 4446 derunt.
270 4393 393 4449 Jam
431 4392 708 4448 considera
757 4392 1030 4446 victoriam
1067 4393 1348 4462 insignem.
1379 4392 1496 4448 Non

34 4499 64 4535 ιι
99 4483 195 4539 hoc
230 4484 426 4540 accidit
453 4483 550 4538 sub
581 4483 680 4552 piis
708 4482 1139 4552 lmperatorihus,
1169 4498 1266 4538 nec
1299 4484 1388 4555 qui
1410 4484 1496 4538 di-

33 4588 46 4627 :
85 4574 304 4643 possint,
343 4574 673 4629 Christianos
713 4588 846 4643 opus
887 4574 1066 4640 perlici
1106 4576 1371 4640 vetuisse;
1401 4576 1495 4631 sed

58 4679 170 4718 cum
199 4680 288 4720 res
315 4674 512 4719 nostra:
554 4675 735 4720 essent
779 4663 1008 4732 afﬂicta),
1051 4679 1169 4720 cum
1202 4681 1389 4722 omnes
1429 4671 1496 4724 de

47 4755 483 4823 periclitaremur,
505 4771 626 4810 cum
647 4756 819 4810 omnis
841 4757 1059 4812 libertas
1087 4768 1228 4814 esset
1250 4759 1458 4813 sublata
1477 4801 1492 4824 ,

33 4862 42 4899 l
67 4846 282 4904 ﬂoreret
309 4847 680 4917 paganismus,
711 4861 832 4900 cum
861 4847 1045 4903 ﬁdeles
1070 4849 1160 4903 alii
1197 4850 1408 4920 quidem
1442 4852 1494 4905 in

33 4939 116 4997 bus
151 4941 262 4997 suis
301 4941 592 5006 latitarent,
637 4941 725 4995 alii
757 4955 882 4996 vero
903 4941 954 4995 in
985 4943 1295 4999 solitudines
1319 4943 1491 4998 demi-

33 5044 146 5101 -ent,
193 5033 417 5104 foraque
445 5035 707 5105 fugerent,
755 5044 862 5089 tum
903 5034 1115 5089 demum
1143 5036 1256 5091 haec
1283 5039 1494 5094 accide-

33 5137 62 5192 t,
107 5143 171 5183 ne
200 5143 304 5199 qua
330 5136 553 5184 restaret
579 5127 683 5182 illis
712 5126 1052 5196 impudentiae
1093 5131 1322 5184 occasio.

33 5217 77 5272 Ξ.
107 5219 350 5274 Etiamne
374 5219 548 5273 adhuc
573 5218 802 5282 dubitas,
835 5216 1036 5283 Judzce,
1059 5233 1176 5273 cum
1206 5223 1492 5293 perSpicias

34 5327 66 5366 x
96 5313 288 5368 Christi
323 5313 684 5382 praedictione,
715 5321 768 5366 et
804 5325 873 5366 ex
909 5311 1283 5381 prephctarum
1313 5316 1494 5370 vatici-

33 5447 46 5471 ,
76 5416 126 5462 et
163 5423 227 5462 ex
271 5409 503 5476 ipsarum
543 5421 720 5460 rerum
765 5405 1219 5461 demonstratione
1259 5409 1494 5462 testimo-

34 5518 63 5554 ιι
89 5511 269 5556 contra
302 5511 353 5555 te
379 5501 546 5557 ferri?
573 5500 766 5554 Verum
795 5498 926 5554 nihil
952 5499 1142 5554 mirum
1177 5510 1277 5555 est.
1308 5501 1490 5555 Istius-

34 5593 64 5647 li
121 5596 316 5664 quippe
374 5592 470 5647 fuit
517 5601 605 5646 tua
655 5592 834 5658 natio,
875 5591 943 5646 ab
996 5591 1146 5646 initio
1194 5592 1392 5647 etfrons
1439 5603 1492 5647 et

34 5691 107 5751 Hic
147 5687 569 5751 quaedamdesunt
611 5688 661 5735 in
692 5693 796 5751 Mss.
823 5685 1031 5751 aliquot,
1059 5700 1168 5748 quae
1192 5686 1420 5751 leguntur
1444 5689 1492 5736 in

34 5750 101 5805 2L,
121 5747 258 5799 savil.
279 5757 331 5799 et
349 5749 468 5798 aliis.
491 5756 706 5810 Itemque
725 5747 814 5796 alia
833 5747 958 5797 male
981 5747 1177 5806 inserta,
1199 5747 1492 5801 rel-laniante

34 5811 76 5858 lii
101 5813 316 5862 mitione
347 5813 662 5872 omnibusque
693 5817 820 5869 Mss.,
845 5817 1084 5872 expuueta
1106 5818 1234 5860 sunt.

3109 341 3214 396 90?.

1634 449 1917 516 pervicax,
1962 461 2279 516 semperque
2327 449 2484 503 rebus
2539 451 2878 508 evidentibus
2910 469 3210 525 repugnare

1629 541 1803 594 solita.
1835 541 1927 593 V'is
1950 549 2002 593 ut
2025 548 2080 593 et
2103 539 2238 594 alios
2268 539 2554 610 prophetas
2580 543 2633 597 in
2662 554 2712 599 te
2740 560 2964 611 armem,
2992 547 3082 617 qui
3109 547 3210 604 hoc

1627 629 1800 697 ipsum
1827 640 2008 699 aperte
2032 630 2233 694 dicunt,
2258 631 2489 685 futurum
2511 642 2569 687 ut
2591 644 2765 690 vestra
2793 636 2951 691 ﬁnem
2979 639 3213 695 sortian-

1629 730 1736 788 tur,
1768 731 1951 776 nostra
1971 731 2156 777 contra
2169 721 2774 795 elllosescant;totoque
2796 737 3054 784 terrarum
3081 734 3214 788 orbe

1629 826 1944 884 prepagetur
1959 814 2153 870 Christi
2187 816 2528 884 praaconium,
2549 816 2798 886 aliudque
2826 822 3213 876 sacriﬁciorum

1626 921 1793 976 genus
1823 906 2120 972 inducatur,
2149 908 2214 962 iis
2238 921 2355 977 qua:
2385 908 2524 978 apud
2552 925 2646 963 vos
2670 910 2879 966 fuerunt
2903 915 3214 986 abrogatis?

1625 998 1762 1052 Audi
1791 999 1949 1068 igitur
1974 998 2307 1066 Malachiam,
2339 1001 2426 1069 qui
2457 1001 2664 1055 eteteris
2697 1003 2966 1072 prophetis
2988 1006 3087 1060 fuit
3121 1024 3215 1077 po-

1625 1089 1819 1143 sterior
1844 1106 1860 1144 :
1890 1090 2124 1144 nondum
2165 1091 2306 1144 enim
2354 1090 2502 1146 lsaite
2546 1103 2637 1146 aut
2676 1092 2923 1148 Jeremiae
2972 1098 3212 1165 pI'Odll(u

1627 1183 1989 1254 testimonium
2015 1224 2030 1248 ,
2063 1198 2238 1253 neque
2265 1183 2572 1254 cujusquam
2614 1186 2836 1240 aliorum
2867 1188 2955 1256 qui
2983 1204 3212 1256 princes-

1623 1281 1812 1326 serunt
1865 1274 2184 1343 captivitatis
2231 1283 2474 1344 tempus,
2529 1290 2596 1330 ne
2640 1275 2819 1331 dicere
2868 1279 3038 1346 possis
3091 1282 3208 1334 iure

1623 1363 1783 1426 mala,
1817 1377 1935 1432 qua:
1963 1363 2346 1432 prtedixerunt,
2372 1365 2628 1420 accidisse
2660 1368 2709 1419 in
2737 1368 3038 1437 captivitate
3067 1387 3080 1422 :
3112 1371 3207 1425 sed

1622 1453 1828 1508 adduco
1858 1455 2193 1526 prophetam,
2222 1457 2311 1525 qui
2328 1456 2424 1511 fuit
2444 1468 2563 1526 post
2584 1459 2808 1513 reditum
2831 1477 2892 1514 ex
2913 1461 3201 1532 Babylone,

1621 1557 1683 1597 ac
1711 1554 1828 1612 post
1855 1546 2084 1600 civitatis
2114 1547 2572 1615 instaurationem,
2617 1549 2785 1619 deque
2814 1553 2972 1605 rebus
3013 1555 3204 1607 vestris

1620 1643 1801 1703 aperte
1841 1636 2156 1690 vaticinatus
2181 1646 2281 1692 est.

1690 1725 1820 1780 Post
1858 1729 2200 1797 captivitatem
2216 1727 2582 1800 Babylonicum
2631 1732 2914 1788 Malacltias
2951 1720 3202 1790 Christia-

1619 1834 1739 1871 num
1768 1819 1959 1872 cultum
2001 1821 2571 1889 prcedixit.——Etenim
2607 1833 2883 1895 postquam
2920 1829 3200 1883 rediissem

1619 1924 1684 1964 ac
1712 1911 1954 1966 restituta
1983 1913 2198 1968 civitate
2245 1915 2502 1983 templum
2546 1917 2960 1986 exstruxissent,
2991 1921 3198 1974 sacriﬁ-

1618 2001 1807 2071 ciaque
1855 2004 2188 2073 peregissent
2229 2023 2244 2059 :
2285 2006 2422 2061 hanc
2457 2018 2778 2076 przesentem
2813 2008 3196 2067 desolationem

1617 2093 1948 2160 praedicens,
1983 2093 2318 2166 futuramque
2374 2098 2752 2153 sacriﬁciorum
2808 2102 3194 2167 sublationem,

1617 2183 1721 2239 hoc
1746 2195 1898 2253 pacto
1919 2202 1985 2240 ex
2007 2202 2232 2256 persona
2262 2187 2356 2242 Dei
2389 2188 2621 2258 loquitur
2651 2191 2934 2260 Malachias
2961 2213 2975 2248 :
3005 2193 3067 2250 Si
3108 2213 3196 2249 ac-

1616 2275 1800 2344 cipiam
1823 2277 1979 2346 facies
2003 2288 2190 2330 vestras
2209 2319 2225 2346 ,
2255 2278 2378 2331 dicit
2420 2279 2670 2335 Dominus
2708 2285 3021 2353 omnipotens
3038 2327 3053 2353 ,
3075 2303 3199 2356 quo—

1615 2368 1751 2418 niam
1795 2367 1858 2420 ab
1896 2379 2012 2421 ortu
2057 2369 2178 2422 solis
2226 2385 2381 2438 usque
2427 2371 2495 2422 ad
2532 2388 2764 2425 occasum
2809 2391 2989 2429 nomen
3031 2394 3198 2432 meum

1613 2459 1952 2529 glori/Scotum
1973 2470 2046 2514 est
2070 2463 2201 2515 inter
2220 2473 2392 2532 gentes
2411 2503 2427 2528 ,
2457 2474 2503 2517 et
2543 2466 2597 2517 in
2621 2467 2759 2519 onmi
2801 2469 2910 2522 loco
2941 2470 3197 2526 incensum

1614 2549 1823 2617 oﬂ'ertur
1851 2553 2042 2606 nomini
2070 2570 2179 2608 meo
2197 2595 2212 2618 ,
2241 2564 2286 2608 et
2327 2557 2633 2622 sacriﬁcium
2662 2574 2862 2628 purum.
2908 2560 3005 2616 Vos
3029 2575 3194 2618 autem

1613 2643 1922 2712 profanastis
1949 2644 2079 2699 illud
2099 2644 2255 2715 (Mat.
2282 2649 2331 2701 1.
2355 2647 2465 2718 ll).
2485 2640 2708 2715 Quando
2734 2650 2847 2705 haec
2877 2667 3189 2722 evenerunt,

1611 2731 1832 2789 Judaei
1859 2733 2082 2802 Quando
2127 2737 2183 2790 in
2217 2738 2364 2791 omni
2394 2738 2515 2794 loco
2545 2739 2819 2796 incensum
2847 2744 3086 2800 oblatum
3112 2758 3195 2802 est

1613 2822 1762 2878 Deo?
1809 2824 2032 2892 Quando
2071 2827 2392 2891 sacriﬁcium
2439 2832 2668 2898 purum?
2712 2831 2828 2887 Non
2853 2837 3023 2903 possis
3048 2837 3192 2894 aliud

1611 2913 1850 2984 proferre
1889 2925 2126 2988 tempus,
2177 2931 2334 2989 quam
2374 2921 2477 2978 hoc
2500 2963 2514 2987 ,
2558 2932 2905 2995 posteaquam
2947 2927 3194 2987 Christus

1610 3008 1843 3064 advenit.
1880 3010 2030 3078 Quod
2057 3013 2160 3068 nisi
2185 3015 2251 3070 de
2279 3013 2382 3069 hoc
2418 3025 2658 3087 tempore
2679 3022 2944 3089 praedixit,
2995 3027 3094 3082 nisi
3121 3027 3191 3084 de

1611 3109 1796 3157 nostro
1811 3103 2069 3160 sacriﬁcio
2092 3105 2411 3162 vaticinatus
2433 3117 2535 3177 est,
2564 3110 2658 3165 sed
2679 3111 2744 3165 de
2763 3111 3004 3182 Judaico,
3027 3119 3186 3175 etiam

1619 3190 1723 3262 legi
1756 3203 2027 3264 repugnat
2058 3197 2361 3266 prophetia.
2388 3198 2520 3254 Nam
2556 3215 2681 3255 cum
2715 3200 2889 3256 Moses
2910 3210 3055 3255 vetet
3079 3201 3189 3254 ullo

1617 3281 1725 3337 alio
1742 3282 1796 3336 in
1815 3283 1938 3339 loco
1951 3287 2281 3342 sacriﬁcium
2303 3288 2438 3355 ﬁeri,
2456 3302 2814 3362 praeterquam
2835 3293 2888 3348 in
2909 3308 2996 3360 eo,
3024 3308 3186 3363 quem

1615 3374 1780 3446 elegit
1803 3373 2068 3435 Dominus
2099 3379 2244 3438 Deus
2270 3383 2721 3456 (Deut.16.5.6),
2741 3402 2976 3457 cumque
3010 3384 3102 3443 ille
3129 3389 3184 3444 in

1607 3483 1770 3522 unum
1800 3469 1980 3524 locum
2007 3471 2267 3526 sacriﬁcia
2296 3474 2384 3528 illa
2410 3475 2750 3544 concluserit,
2774 3494 2904 3536 sane
2929 3483 3187 3554 propheta

1606 3559 1810 3628 dicens,
1851 3562 1994 3632 quod
2029 3562 2082 3616 in
2109 3564 2256 3618 omni
2284 3564 2404 3620 loco
2432 3565 2706 3623 incensum
2738 3569 3058 3628 adolendum
3084 3576 3182 3642 sit,

1607 3667 1670 3707 ac
1694 3654 2013 3710 sacriﬁcium
2051 3671 2277 3727 purum,
2310 3659 2624 3717 adversatur
2643 3678 2708 3719 ac
2744 3676 3006 3736 repugnat
3030 3669 3185 3725 Mosi.

1609 3743 1806 3800 Verum
1850 3745 1993 3801 nulla
2035 3757 2118 3803 est
2158 3748 2298 3804 inter
2320 3750 2442 3805 illos
2465 3767 2639 3823 pugna
2660 3794 2676 3821 ,
2704 3770 2878 3826 neque
2900 3759 3182 3816 dissensio.

1605 3837 1699 3893 llle
1719 3838 1786 3894 de
1811 3839 1917 3894 alio
1946 3841 2194 3910 loquutus
2219 3850 2301 3897 est
2327 3844 2590 3900 sacriﬁcio
2613 3887 2628 3914 ,
2661 3857 2717 3902 et
2740 3848 2827 3904 hic
2850 3850 2918 3906 de
2936 3852 3042 3906 alio
3063 3865 3187 3923 post

1605 3930 1918 3986 vaticinatus
1936 3945 2036 3987 est.
2070 3931 2220 3988 Unde
2247 3933 2348 3990 hoc
2376 3935 2704 3992 declaratur?
2732 3939 2865 3996 Tum
2893 3958 2959 3998 ex
2979 3944 3044 3999 iis
3066 3961 3186 4015 qua:

1605 4021 1746 4076 dicta
1785 4033 1928 4091 sunt,
1963 4032 2073 4078 tum
2103 4040 2170 4080 ex
2195 4026 2313 4080 aliis
2340 4028 2581 4097 plurimis
2619 4033 2812 4101 signis.
2852 4036 2931 4090 Ac
2955 4038 3184 4107 primum

1604 4132 1669 4172 ex
1700 4118 1816 4188 ipso
1839 4119 1957 4174 loco
1987 4137 2000 4173 :
2032 4135 2138 4174 non
2164 4121 2306 4174 enim
2350 4123 2403 4176 in
2431 4138 2535 4177 una
2575 4125 2810 4193 civitate,
2838 4132 3186 4198 quemadmo-

1603 4210 1728 4265 dum
1753 4213 1853 4268 sub
1880 4212 2098 4280 Judaais,
2153 4215 2248 4269 sed
2296 4215 2360 4268 ab
2385 4227 2504 4271 ortu
2535 4218 2656 4272 solis
2679 4235 2837 4290 usque
2863 4222 2934 4275 ad
2951 4239 3184 4280 occasum

1604 4305 1848 4374 pradixit
1874 4307 2011 4362 hanc
2035 4308 2296 4363 culturam
2336 4324 2457 4365 esse
2494 4310 2885 4368 celebrandam.
2918 4315 3186 4376 Prmterea

1602 4410 1666 4451 ex
1697 4396 1945 4452 Sacriﬁcii
1970 4398 2163 4467 modo,
2208 4401 2466 4470 siquidem
2507 4419 2691 4473 purum
2721 4405 2848 4460 illud
2877 4409 3181 4478 appellans,

1602 4487 1899 4543 declaravit
1941 4489 2010 4546 de
2057 4507 2163 4560 quo
2201 4492 2527 4562 loqueretur.
2568 4494 2803 4566 Denique
2858 4514 2886 4551 a
2939 4505 3185 4568 personis

1602 4583 1958 4639 oﬂ'erentium.
1989 4585 2102 4641 Non
2118 4586 2259 4640 enim
2280 4585 2430 4652 dixit,
2457 4587 2510 4640 in
2529 4587 2712 4656 Israel,
2740 4591 2833 4645 sed
2856 4591 2907 4645 in
2931 4596 3181 4661 gentibus.

1601 4678 1680 4734 Ac
1709 4693 1776 4733 ne
1803 4689 2017 4749 putares
2040 4678 2182 4750 quod
2209 4680 2262 4734 in
2291 4695 2394 4734 una
2437 4666 2708 4738 duabusve
2736 4695 2830 4739 aut
2855 4687 3024 4741 tribus
3048 4690 3182 4743 civi-

1603 4771 1798 4826 tatibus
1823 4771 1926 4826 hoc
1950 4772 2172 4826 cultura:
2208 4787 2376 4842 genus
2419 4773 2822 4831 instaurandum
2864 4789 3043 4847 esset,
3077 4795 3184 4836 non

1602 4863 1916 4934 simpliciter
1931 4863 2090 4931 dixit,
2113 4865 2168 4920 in
2186 4867 2331 4919 omni
2358 4866 2499 4933 loco,
2523 4867 2640 4934 sed,
2658 4867 2734 4921 Ab
2758 4879 2872 4924 ortu
2890 4871 3014 4925 satis
3031 4888 3186 4943 usque

1600 4959 1669 5010 ad
1693 4973 1925 5010 occasum
1967 4972 1986 5009 :
2014 4957 2386 5018 demonstrans
2418 4960 2558 5028 quod
2588 4971 2842 5029 quantum
2889 4972 3046 5018 terrae
3101 4968 3183 5020 sol

1601 5047 1808 5118 aspicit,
1852 5048 2178 5103 tantumdem
2215 5049 2561 5119 Evangelium
2608 5061 2751 5104 esset
2775 5063 3178 5121 occupaturum.

1607 5139 1800 5193 Parum
1826 5150 2003 5195 autem
2024 5140 2152 5195 dicit
2180 5140 2496 5195 sacriﬁcium
2521 5180 2536 5206 ,
2565 5141 2713 5212 quasi
2741 5143 3033 5211 priusillud
3055 5147 3181 5203 fuis-

1601 5243 1685 5288 set
1708 5233 1995 5302 impurum,
2029 5247 2134 5288 non
2155 5232 2366 5303 quidem
2393 5243 2577 5302 suapte
2598 5243 2804 5304 natura,
2846 5236 2940 5291 sed
2987 5240 3179 5296 volun—

1602 5337 1710 5384 tate
1738 5328 2071 5382 offerentium
2103 5345 2116 5380 :
2145 5337 2199 5380 et
2224 5327 2344 5381 ideo
2366 5327 2498 5381 dixit
2529 5347 2542 5382 :
2573 5328 2845 5383 Incensum
2873 5333 3183 5390 abominatio

1600 5431 1672 5476 est
1697 5422 1821 5477 milii
1849 5423 1868 5489 (
1895 5420 2020 5475 Isai.
2050 5421 2099 5475 1.
2136 5421 2263 5490 15).
2301 5420 2628 5490 Quamquam
2659 5432 2712 5476 et
2748 5423 2945 5495 alioqui
2985 5429 3030 5482 si
3061 5430 3182 5497 quis

1599 5517 1773 5585 ipsum
1815 5515 1916 5570 hoc
1945 5513 2262 5568 sacriﬁcium
2289 5512 2527 5566 conferat
2551 5526 2670 5567 cum
2703 5514 2794 5570 illo
2819 5555 2835 5583 ,
2866 5517 3051 5587 ingens
3078 5521 3180 5574 itu-

1600 5623 1947 5677 mensumque
1987 5605 2272 5662 discrimen
2320 5607 2575 5673 inveniet,
2625 5615 2682 5661 ut
2727 5607 2873 5676 juxta
2901 5625 3177 5682 compara-

1601 5700 1760 5756 tionis
1812 5700 2072 5755 rationem
2125 5699 2298 5754 solum
2349 5697 2450 5752 hoc
2496 5714 2686 5769 purum
2735 5699 2839 5754 dici
2888 5715 3177 5760 mereatur.

1605 5796 1858 5867 Quodque
1889 5797 1954 5854 de
1974 5796 2089 5867 lege
2113 5794 2344 5864 etgratia
2365 5793 2724 5862 dixitPaulus,
2749 5811 2813 5850 ne
2828 5797 3176 5867 gloriﬁcatum
