3920 6272
590 345 694 401 905

592 459 805 529 quidem
833 456 950 520 fuit,
979 453 1118 525 quod
1145 459 1260 507 erat
1286 449 1662 520 gluriflcatum,
1689 454 1906 518 propter
1929 445 2173 500 eminen-

593 560 699 606 tem
744 549 963 620 gloriam
1012 544 1096 616 (2.
1125 542 1242 598 Cor.
1271 543 1324 598 5.
1356 540 1459 611 10)
1489 558 1502 596 :
1534 540 1674 595 idem
1718 548 1772 592 et
1819 537 1904 592 hic
1950 535 2176 590 ﬁdenter

591 642 904 705 dixerimus,
929 637 1174 693 videlicet
1199 635 1299 690 hoc
1319 633 1634 690 sacrificium
1654 646 1776 686 cum
1805 630 1896 686 illo
1920 628 2172 684 collatum

589 735 762 790 solum
794 731 896 788 dici
941 731 1137 786 debere
1184 744 1394 799 purum.
1443 726 1558 782 Non
1586 725 1726 779 enim
1755 739 1851 792 per
1879 723 2080 776 fumum
2111 736 2174 775 ae

589 826 830 881 nidorem
851 866 867 890 ,
895 839 1001 879 non
1028 838 1122 893 per
1150 821 1460 890 sanguinem
1483 833 1545 872 ac
1570 815 1951 886 redemptionis
1977 812 2169 884 pretia,

589 917 682 972 sed
712 933 805 987 per
830 915 1057 985 Spiritus
1083 912 1303 982 gratiam
1329 910 1565 964 oﬂ‘ertur.
1591 907 1723 962 Audi
1746 893 1903 976 igitur
1923 914 1977 959 et
2006 905 2168 957 alium

591 1008 904 1078 prophetam
949 1005 1049 1058 hoc
1089 1003 1227 1058 idem
1256 1001 1627 1071 praedicentem
1653 1040 1667 1062 ,
1699 996 1839 1067 quod
1869 995 1964 1050 Dei
2001 994 2172 1048 cultus

591 1116 697 1155 non
725 1095 1240 1155 circumseribendus
1269 1103 1411 1149 esset
1457 1094 1573 1146 loco
1598 1133 1612 1152 ,
1657 1090 1749 1144 sed
1787 1089 1957 1158 ipsum
1986 1102 2172 1142 omnes

589 1192 842 1261 deinceps
871 1191 1110 1246 homines
1135 1197 1314 1244 essent
1343 1186 1624 1256 cognituri.
1673 1182 1968 1253 Sophonias
1993 1193 2169 1236 autem

588 1284 657 1338 ad
685 1285 824 1338 hunc
851 1282 1067 1338 modum
1107 1281 1338 1348 loquitur
1370 1298 1382 1333 :
1416 1278 1688 1348 Apparebit
1731 1288 1896 1330 autent
1924 1275 2172 1328 Dominus

589 1393 743 1446 super
771 1391 942 1430 omnes
988 1384 1189 1445 gentes,
1232 1382 1281 1425 et
1327 1370 1539 1424 abolebit
1565 1385 1735 1422 omnes
1776 1367 1896 1420 deos
1923 1366 2163 1437 gentium,

589 1475 637 1520 et
675 1466 960 1519 adorabunt
999 1465 1143 1518 illum
1168 1479 1196 1517 e
1222 1480 1311 1517 suo
1349 1462 1558 1531 quisque
1595 1461 1704 1514 loco
1747 1457 1936 1531 (Soph.
1966 1457 2020 1510 2.
2055 1457 2169 1525 Η).

587 1557 749 1626 Atqui
773 1570 879 1610 non
905 1556 1220 1626 permissum
1253 1555 1352 1608 hoc
1379 1553 1494 1618 fuit,
1525 1551 1619 1606 sed
1642 1551 1814 1605 Moses
1837 1563 1944 1602 uno
1965 1549 2016 1602 in
2049 1547 2168 1602 loco

589 1646 878 1701 sacriﬁcari
921 1646 1100 1716 jussit.
1159 1645 1293 1698 Cum
1344 1644 1502 1712 igitur
1535 1642 1716 1694 audias
1746 1639 2033 1709 prophetas
2069 1638 2170 1691 hoc

587 1737 939 1807 praedicantes
967 1752 1028 1791 ac
1054 1735 1404 1790 vaticinantes
1424 1775 1438 1796 ,
1466 1733 1605 1802 quod
1633 1748 1738 1786 non
1777 1731 1827 1784 in
1854 1746 2011 1783 unam
2042 1728 2171 1783 civi-

595 1837 783 1895 tatem,
814 1844 989 1899 neque
1013 1829 1064 1882 in
1092 1843 1253 1882 unum
1286 1827 1460 1882 locum
1487 1823 1837 1894 compellendi
1863 1823 1970 1877 sint
2002 1821 2171 1875 homi-

586 1935 702 1985 nes,
732 1920 825 1974 sed
848 1937 957 1976 sua:
977 1920 1199 1990 quisque
1224 1917 1368 1973 domi
1397 1917 1588 1972 sedens
1606 1916 1673 1970 sit
1691 1915 1930 1970 culturus
1960 1914 2129 1969 Deum
2153 1923 2167 1957 =

585 2011 724 2079 quod
748 2010 888 2064 aliud
917 2011 1087 2081 possis
1113 2009 1302 2063 afferre
1326 2018 1532 2078 tempus
1561 2023 1719 2076 quam
1759 2006 1860 2060 hoc
1893 2003 2168 2074 praesens?

587 2100 726 2154 Audi
766 2116 896 2156 sane
937 2117 1043 2170 quo
1089 2110 1245 2170 pacto
1285 2109 1338 2154 et
1383 2099 1667 2170 Evangelia
1698 2106 1752 2153 et
1795 2096 2168 2168 apostolicum

585 2190 865 2260 prophetia
883 2191 1223 2246 concordent.
1254 2190 1352 2246 Hic
1371 2190 1503 2244 dixit
1535 2207 1548 2242 :
1575 2188 1848 2260 Apparebit
1877 2187 2127 2241 Dominus
2144 2201 2168 2250 ;

583 2284 872 2352 Apostolus
899 2283 971 2338 ait
1000 2302 1014 2338 :
1045 2283 1298 2352 Apparuit
1333 2282 1498 2353 gratia
1533 2277 1632 2335 Dei
1667 2279 1906 2335 salutaris
1940 2278 2169 2334 omnibus

586 2375 871 2430 hominibus
893 2417 908 2442 ,
949 2376 1178 2430 erudiens
1205 2392 1329 2440 nos;
1374 2373 1460 2430 hic
1494 2372 1702 2444 inquit,
1744 2371 1914 2442 Super
1950 2381 2122 2441 gentes
2147 2386 2168 2424 :

585 2465 705 2530 ille,
749 2464 919 2535 Super
952 2481 1123 2519 omnes
1151 2464 1419 2530 homines;
1459 2463 1545 2518 hic
1575 2461 1712 2518 dixit
1744 2479 1759 2516 :
1785 2460 2012 2516 Abolebit
2049 2460 2170 2514 deos

583 2572 774 2620 eorum,
803 2555 912 2621 ille,
941 2554 1193 2610 Erudiens
1221 2571 1333 2622 nos,
1359 2564 1415 2608 ut
1443 2554 1744 2625 abnegantes
1770 2552 2078 2624 impietatem
2104 2566 2166 2604 ac
2204 2580 2210 2587 -

582 2649 849 2703 saecularia
873 2649 1150 2714 desideria,
1191 2648 1354 2703 sobrie
1375 2656 1421 2702 et
1447 2649 1590 2719 juste
1613 2656 1661 2702 et
1680 2648 1762 2718 pie
1783 2647 2008 2701 vivamus
2034 2643 2164 2716 (Tit.

581 2741 637 2795 2.
687 2742 808 2812 Η).
862 2742 1062 2798 Rursus
1110 2741 1354 2797 Christus
1397 2741 1745 2796 Samaritana
1789 2739 1967 2796 dixit:
2009 2737 2169 2794 Crede

582 2833 742 2897 mihi,
785 2834 997 2898 mulier,
1040 2835 1161 2904 quia
1199 2835 1329 2888 venit
1373 2833 1534 2900 hora,
1575 2832 1779 2902 quando
1804 2849 1894 2887 nec
1918 2833 1972 2886 in
2000 2841 2168 2886 monte

584 2923 678 2977 hoc
698 2967 713 2990 ,
753 2941 842 2978 nec
877 2924 1208 2995 Jerosolymis
1251 2924 1526 2977 adorabttis
1561 2923 1790 2980 Patrem.
1839 2922 2064 2992 Spiritus
2089 2931 2163 2975 est

583 3013 758 3079 Deus;
796 3026 844 3068 et
869 3016 957 3085 qui
976 3031 1090 3069 eum
1117 3014 1353 3078 adorant,
1381 3015 1435 3068 in
1464 3014 1646 3084 spiritu
1672 3023 1719 3067 et
1745 3014 1948 3067 veritate
1969 3022 2166 3081 Oportet

581 3105 796 3159 adorare
821 3104 1002 3176 (Joan.
1028 3107 1081 3160 4.
1109 3103 1226 3176 2!).
1277 3104 1402 3160 Hanc
1425 3113 1605 3159 autem
1648 3103 1889 3170 diccbat,
1920 3102 2074 3158 simul
2105 3110 2160 3157 et

1337 335 1394 392 S.
1434 333 1712 396 JOANNIS
1749 325 2227 387 CllliYSOSTOMI
2268 325 2586 384 ARCHIEP.
2627 323 3148 384 CONSTANTINOP.

3760 327 3853 384 90$

2278 443 2648 498 necessitatem
2677 441 2870 496 tollens
2891 440 3207 496 observandi
3239 441 3339 497 ioci
3360 483 3376 506 ,
3414 452 3470 497 et
3488 443 3670 497 cultus
3693 446 3856 496 sintdi-

2279 535 2416 589 mins
2445 536 2716 604 magisque
2739 532 3014 602 spirituale
3039 547 3206 603 genus
3233 532 3511 589 inducens.
3551 535 3627 588 Ex
3659 537 3742 589 his
3770 537 3856 604 igi-

2279 636 2366 682 tur
2406 642 2618 682 rursum
2663 635 2873 694 poterat
2909 624 3308 692 demonstrari,
3362 637 3480 696 post
3526 626 3644 682 haec
3693 643 3858 698 neque

2278 717 2568 784 sacrificia,
2619 731 2792 786 neque
2829 717 3220 780 sacerdotium,
3272 733 3458 790 neque.
3489 733 3676 788 regem
3721 720 3856 788 apud

2276 809 2489 866 Judzeos
2519 808 2747 876 futurum
2775 822 2914 863 esse.
2943 808 3075 862 Nam
3096 823 3188 877 per
3216 807 3361 862 urbis
3387 812 3725 864 eversionem
3752 811 3858 865 base

2276 901 2453 955 omnia
2483 899 2812 970 potissimum
2839 898 2996 952 simul
3026 899 3242 968 probata
3269 909 3410 956 sunt.
3441 903 3690 957 Attamen
3717 913 3862 972 pote-

2275 1009 2456 1048 ramus
2479 1003 2533 1047 et
2571 991 2859 1062 prophetas
2901 992 3167 1062 allegare,
3211 994 3300 1062 qui
3341 993 3442 1048 hoc
3482 1009 3749 1064 expresse
3789 996 3861 1048 lo-

2277 1097 2510 1158 quuntur
2542 1106 2554 1141 :
2583 1087 2676 1144 sed
2717 1088 2872 1144 video
2909 1104 3006 1143 vos
3036 1089 3292 1143 orationis
3318 1087 3649 1158 longitudine
3677 1087 3862 1157 fatiga-

2278 1191 2394 1246 tos,
2448 1196 2744 1251 vereorque
2791 1197 2860 1237 ne
2911 1184 3103 1236 frustra
3151 1192 3455 1250 temercque
3504 1181 3696 1235 videar
3745 1196 3860 1236 esse

2277 1273 2552 1328 molestus.
2585 1273 2915 1344 Quapmptcr
2940 1273 3204 1343 pollicitus
3229 1289 3314 1328 me
3343 1272 3456 1327 haec
3482 1273 3592 1325 alio
3617 1259 3859 1340 tempore

2276 1367 2637 1420 absoluturum
2666 1409 2680 1431 ,
2732 1366 2860 1422 illud
2898 1367 3108 1422 interim
3153 1367 3352 1436 rogabo
3379 1383 3510 1434 vos,
3562 1377 3624 1420 ut
3670 1367 3858 1422 fratres

2277 1468 2482 1514 vestros
2522 1460 2748 1514 servetis
2770 1501 2784 1525 ,
2822 1463 2892 1518 ab
2925 1475 3108 1515 errore
3147 1461 3408 1517 revocetis
3430 1501 3446 1525 ,
3487 1461 3554 1515 ad
3579 1460 3860 1515 veritatem

2278 1550 2561 1608 reducatis.
2613 1551 2748 1605 Nihil
2776 1554 2917 1606 enim
2967 1552 3221 1621 profuerit
3266 1553 3516 1617 audisse,
3570 1552 3676 1606 nisi
3727 1553 3856 1607 facta

2275 1642 2708 1696 demonstrentur
2735 1683 2750 1706 ,
2777 1659 2896 1712 qua:
2924 1658 3045 1697 cum
3075 1643 3231 1698 dictis
3257 1644 3613 1698 consentiant.
3651 1644 3858 1698 Etenim

2275 1751 2395 1803 qua:
2419 1734 2557 1789 dicta
2583 1744 2706 1789 sunt
2731 1776 2746 1800 ,
2775 1749 2879 1789 non
2906 1745 3121 1805 propter
3141 1751 3234 1790 vos
3263 1736 3401 1790 dicta
3431 1746 3578 1800 sunt,
3605 1737 3705 1790 sed
3739 1752 3858 1806 pro-

2277 1838 2392 1897 pter
2413 1828 2532 1882 illos
2559 1827 2798 1883 infirmos
2825 1847 2840 1883 :
2873 1838 2929 1883 ut
2973 1829 3048 1883 illi
3093 1838 3368 1899 postquam
3407 1830 3520 1883 hinc
3545 1844 3575 1882 a
3598 1830 3760 1884 vobis
3786 1830 3861 1883 di-

2275 1919 2535 1984 dicerint,
2580 1928 2636 1974 et
2677 1935 2709 1974 a
2753 1935 2913 1990 prava
2956 1919 3341 1976 consuetudine
3382 1920 3585 1976 fuerint
3618 1920 3856 1985 liberati,

2275 2013 2539 2069 sincerum
2593 2022 2647 2069 et
2694 2027 3006 2083 germanum
3056 2022 3309 2083 prtestent
3362 2011 3856 2076 Christianismum,

2275 2103 2580 2177 fugiantque
2601 2121 2788 2175 pravos
2807 2105 3108 2161 Iudaeorum
3127 2120 3443 2175 congressus
3458 2116 3509 2159 et
3535 2115 3856 2170 conventus,

2274 2199 2385 2253 sive
2408 2199 2496 2268 qui
2524 2199 2656 2252 fiunt
2682 2200 2734 2252 in
2755 2198 2966 2253 civitate
2987 2238 3004 2263 ,
3041 2199 3154 2251 sive
3181 2197 3275 2268 qui
3311 2198 3363 2250 in
3396 2197 3710 2259 subnrbiis,
3742 2212 3857 2265 ape-

2273 2289 2454 2344 luncas
2479 2290 2742 2344 latronum
2762 2330 2777 2353 ,
2809 2289 3110 2344 daemonum
3139 2288 3456 2343 habitacula.
3508 2288 3750 2343 Proinde
3788 2303 3853 2342 ne

2273 2380 2531 2435 deseratis
2572 2381 2785 2436 illorum
2829 2381 3052 2435 salutem
3077 2421 3092 2446 ,
3122 2380 3214 2435 sed
3244 2379 3524 2450 diligenter
3553 2382 3739 2435 omnia
3779 2379 3857 2434 fa-

2271 2472 2505 2537 cientes,
2554 2472 2684 2526 nihil
2730 2488 2835 2526 non
2881 2479 3185 2536 tentantes,
3236 2482 3465 2540 aegrotos
3505 2471 3754 2526 reducite
3789 2472 3855 2524 ad

2270 2563 2563 2631 Christum,
2593 2572 2724 2618 utet
2750 2563 2803 2617 in
2829 2562 2930 2617 hoc
2955 2563 3152 2617 smculo
3175 2602 3190 2627 ,
3215 2571 3268 2615 et
3294 2561 3346 2616 in
3375 2561 3556 2616 futura
3579 2563 3690 2615 vita
3719 2566 3855 2616 reci-

2270 2655 2479 2727 piamns
2528 2655 2807 2726 praemium
2859 2653 3150 2709 benefactis
3199 2653 3393 2708 nostris
3444 2653 3605 2723 longe
3657 2653 3852 2722 majus,

2269 2749 2437 2821 gratia
2462 2758 2516 2804 et
2559 2747 2798 2805 bonitate
2833 2747 3041 2803 Domini
3087 2747 3257 2802 nostri
3285 2746 3410 2801 Jesu
3454 2745 3698 2811 Christi,
3740 2748 3859 2816 qni-

2268 2856 2389 2895 cum
2418 2850 2472 2896 et
2504 2856 2597 2910 per
2638 2855 2795 2912 quem
2831 2839 2972 2894 Patri
3002 2839 3168 2909 gloria
3198 2853 3298 2892 una
3327 2853 3451 2893 cum
3484 2846 3682 2892 saneto
3705 2847 3760 2892 et
3780 2839 3860 2890 vi-

2268 2931 2424 2987 viflco
2449 2931 2646 3000 Spiritu
2665 2973 2682 2999 ,
2717 2945 2856 2987 nunc
2877 2939 2932 2985 et
2958 2944 3199 3000 semper,
3222 2938 3276 2985 et
3300 2929 3352 2984 in
3387 2929 3588 2984 saecula
3617 2928 3857 2983 saculo-

2269 3039 2388 3076 rum
2409 3063 2423 3088 ,
2453 3022 2643 3077 Amen.

592 3329 715 3372 CUM
758 3329 1089 3374 SUPERIOBI
1133 3331 1241 3373 DIE
1283 3330 1619 3374 PROLIXIUS
1663 3330 2100 3374 DISSERUISSET
2133 3327 2451 3371 ADVERSUS
2474 3325 2748 3381 JUDEOS,
2778 3325 2986 3379 ATQUE
3016 3325 3164 3369 HINC
3207 3324 3629 3390 RAUCEDINEK
3675 3325 3862 3370 νοεῖς

1503 3429 1992 3485 οοΝτιιΑχιεειςτ,
2039 3427 2206 3471 naue
2248 3426 2615 3470 ORATIONEM
2660 3427 2922 3469 nanum.
3349 3391 3356 3405 ’

2039 3563 2426 3576 ————__..

1145 3657 1339 3700 ORA'l'lO
1376 3658 1436 3700 SE
1444 3660 1473 3699 Ι
1483 3660 1572 3700 ΤΔ.

661 3733 714 3788 1.
755 3732 942 3788 Bestia
967 3733 1139 3789 donec
1172 3735 1224 3789 in
1259 3737 1426 3806 sylvis
1449 3745 1690 3806 pascunt,
1721 3736 1945 3792 necdum
1973 3752 2160 3807 pugnat

585 3823 838 3879 adversus
865 3825 1108 3880 homines
1148 3825 1486 3891 adhibentur,
1527 3827 1765 3884 mitiores
1804 3837 1929 3882 sunt
1966 3829 2169 3882 minus-

584 3930 688 3984 que
710 3931 865 3970 szevat
888 3933 903 3982 ;
931 3932 1115 3971 verum
1147 3919 1233 3972 ubi
1261 3928 1544 3974 venatores
1590 3935 1682 3974 eas
1709 3928 1890 3990 captas
1919 3921 1970 3974 in
1999 3919 2165 3974 urbes

586 4005 920 4072 adduxerim,
943 4015 1101 4077 atque
1129 4008 1359 4064 inclusas
1395 4009 1806 4075 exstimularint,
1843 4019 1899 4064 ut
1930 4020 2168 4080 pugnent

589 4109 708 4148 eum
738 4094 802 4148 iis
838 4096 929 4164 qui
958 4094 1142 4151 bestiis
1187 4098 1528 4167 objiciuntur,
1559 4108 1743 4168 postea
1785 4100 2047 4154 irruentes
2076 4101 2168 4155 ubi

585 4197 804 4238 carnem
830 4183 1262 4254 degustaverunt,
1290 4197 1344 4242 et
1370 4190 1681 4258 sanguinem
1710 4189 1997 4244 humanum
2020 4191 2169 4246 bibe-

590 4282 732 4339 runt,
762 4290 868 4328 non
893 4275 1050 4332 facile
1075 4279 1341 4333 abstinent
1379 4296 1408 4334 a
1440 4280 1632 4335 talibus
1660 4281 1854 4350 epulis,
1884 4281 1977 4336 sed
2005 4283 2167 4338 multa

587 4381 710 4420 cum
740 4367 991 4424 aviditate
1028 4371 1094 4424 ad
1136 4373 1378 4426 eamdem
1423 4373 1711 4428 decurrunt
1750 4390 2012 4430 mensam.
2057 4377 2167 4432 Hoc

589 4471 720 4511 sane
751 4467 807 4513 et
840 4461 993 4515 nobis
1027 4476 1122 4516 usu
1147 4464 1312 4516 venit.
1345 4464 1626 4533 Postquam
1657 4466 1797 4519 enim
1824 4481 1946 4520 cum
1970 4465 2167 4523 Judaeis

591 4563 827 4620 pugnam
852 4555 1204 4624 suscepimus,
1229 4565 1283 4609 et
1309 4555 1508 4625 impetu
1532 4557 1789 4611 adversus
1821 4557 2030 4612 illorum
2061 4560 2164 4613 im-

590 4642 852 4711 pudentes
887 4647 1333 4703 contradictiones
1358 4649 1516 4715 facto,
1548 4650 1778 4707 rationes
1805 4651 2014 4706 illorum
2041 4653 2166 4708 sub-

589 4733 866 4801 vertitnus,
886 4751 1202 4809 omnemque
1225 4739 1590 4797 celsitudinem
1619 4742 1906 4813 erigentem
1929 4759 2047 4799 sese
2073 4744 2138 4797 ad

589 4841 778 4882 versus
825 4830 1179 4898 cognitionem
1237 4832 1366 4894 Dei,
1421 4843 1474 4887 et
1528 4835 1875 4903 cogitationes
1932 4835 2165 4904 captivas

590 4919 839 4975 duximus
867 4921 932 4975 ad
961 4923 1249 4991 parendum
1277 4924 1489 4978 Christo
1521 4926 1596 4995 (2.
1629 4925 1743 4981 Cor.
1777 4927 1861 4981 10.
1886 4928 1965 4994 5),
1998 4927 2167 4996 major

589 5012 754 5066 etiam
780 5027 877 5065 nos
898 5013 1040 5082 cepit
1069 5013 1323 5070 adversus
1349 5016 1468 5071 illos
1494 5017 1720 5071 bellandi
1751 5016 2030 5085 cupiditas.
2060 5017 2164 5072 Sed

587 5103 712 5173 quid
742 5103 970 5158 faciam?
998 5103 1198 5160 Videtis
1242 5106 1368 5160 mihi
1403 5122 1587 5162 vocem
1619 5108 1810 5162 factam
1853 5107 2163 5162 imbecillio-

590 5206 725 5258 rem,
747 5208 864 5263 qua:
891 5203 1050 5249 tantm
1087 5200 1350 5250 sermonis
1377 5213 1583 5252 rursum
1613 5198 1894 5266 prolixitati
1928 5213 2021 5266 par
2046 5213 2165 5252 esse

589 5301 695 5340 non
725 5287 910 5356 possit,
937 5289 1182 5358 idemque
1210 5291 1338 5344 mihi
1362 5273 1501 5346 nunc
1526 5290 1786 5355 accidere,
1811 5291 1958 5361 quasi
1981 5292 2022 5345 si
2046 5292 2164 5361 quis

592 5377 747 5429 miles
775 5379 1003 5434 concisis
1029 5379 1230 5450 aliquot
1267 5397 1332 5435 ex
1373 5380 1635 5449 hostibus,
1667 5397 1963 5452 magnoque
1986 5383 2164 5437 animo

591 5464 941 5534 impressione
987 5469 1123 5524 facta
1173 5471 1226 5525 in
1271 5472 1500 5526 hostium
1544 5474 1920 5529 eondensatam
1971 5475 2160 5540 aciem,

591 5559 828 5629 pluribus
867 5566 1165 5632 prostratis,
1214 5582 1335 5621 mox
1377 5567 1544 5624 fracto
1575 5569 1750 5639 gladio
1794 5579 2163 5624 consternatus

593 5652 657 5704 ad
683 5667 807 5706 suos
835 5668 953 5710 sese
982 5656 1200 5712 referat.
1224 5659 1360 5724 Quin
1390 5661 1580 5728 potius,
1610 5660 1750 5731 quod
1777 5660 1928 5714 nobis
1947 5660 2160 5725 accidit,

591 5743 808 5812 gravius
849 5755 950 5800 est.
993 5744 1123 5800 Nam
1158 5748 1313 5804 militi
1337 5749 1427 5819 qui
1467 5749 1623 5820 fregit
1658 5747 1908 5821 gladium,
1939 5751 2059 5806 licet
2097 5750 2162 5805 ab

2270 3648 2372 3701 alio
2421 3646 2667 3717 quopiam
2707 3645 3028 3702 adstantium
3073 3659 3258 3701 ensem
3305 3645 3540 3714 eripere,
3588 3661 3858 3716 suumque

2269 3739 2501 3792 animum
2521 3753 2762 3802 exerere,
2788 3737 3110 3807 multamque
3129 3737 3497 3792 strenuitatem
3527 3738 3856 3793 ostendere:

2270 3838 2325 3883 at
2355 3829 2403 3883 si
2433 3843 2532 3883 vos
2559 3829 2780 3892 laboret,
2813 3844 2917 3882 non
2950 3828 3074 3883 licet
3100 3829 3167 3882 ab
3191 3828 3294 3882 alio
3321 3842 3509 3882 vocem
3541 3841 3736 3883 mutuo
3763 3845 3857 3883 su-

2270 3935 2437 3979 mere.
2462 3920 2597 3987 Quid
2629 3920 2824 3990 igitur?
2851 3919 3134 3989 Fugiemns
3159 3929 3211 3974 et
3237 3920 3367 3972 nos?
3393 3920 3463 3975 At
3489 3935 3602 3974 non
3628 3923 3856 3990 permit-

2271 4011 2334 4064 tit
2363 4011 2467 4066 boc
2483 4023 2674 4066 vestra:
2703 4012 2937 4066 caritatis
2978 4012 3216 4082 tyrannis
3255 4026 3316 4065 ac
3347 4011 3628 4065 violentia.
3660 4013 3858 4067 Vereor

2272 4113 2325 4159 et
2357 4101 2521 4173 patris
2553 4105 2890 4175 praesentiam
2935 4104 2974 4170 ',
3023 4114 3078 4158 et
3103 4113 3332 4158 vestram
3378 4119 3581 4158 vereor
3606 4107 3856 4160 alacrita-

2273 4197 2662 4266 temzproinde
2703 4213 2764 4251 ea
2812 4213 2930 4266 quae
2980 4212 3136 4267 supra
3186 4198 3326 4252 vires
3369 4208 3495 4252 sunt
3545 4202 3852 4269 aggrediar,

2270 4289 2444 4342 omnia
2483 4290 2838 4356 committens,
2871 4296 2926 4343 et
2955 4288 3197 4358 precibus
3235 4288 3389 4358 hujus
3416 4300 3470 4343 et
3513 4292 3732 4344 caritati
3761 4308 3858 4344 ve-

2269 4387 2413 4432 ειιιω.

2340 4459 2415 4515 Ne
2439 4475 2566 4515 vero
2603 4471 2834 4516 vestrum
2868 4460 3129 4533 quispiam
3167 4459 3525 4529 reprehendat
3553 4463 3854 4516 orationem

2267 4553 2412 4606 velut
2439 4552 2888 4622 intempestivam,
2934 4553 2979 4608 si
3003 4568 3124 4609 cum
3153 4561 3410 4621 martyres
3440 4566 3543 4604 nos
3577 4551 3739 4606 hodie
3769 4569 3859 4603 v0-

2268 4653 2392 4700 cent
2415 4646 2459 4711 ”,
2487 4660 2583 4698 nos
2636 4643 3055 4712 supersedentes
3113 4642 3321 4696 illorum
3357 4656 3641 4710 exponere
3679 4655 3856 4696 certa-

2269 4734 2431 4796 mina,
2480 4735 2732 4788 advcrsus
2776 4732 2989 4787 ,ἰιιάωοε
3041 4733 3091 4786 ἱη
3135 4743 3402 4786 certamen
3447 4731 3862 4786 descendimus.

2268 4825 2399 4879 Nam
2425 4835 2478 4880 et
2503 4826 2630 4893 ipsis
2661 4825 2978 4893 martyribus
3005 4822 3090 4876 hic
3109 4837 3286 4876 sermo
3313 4822 3394 4877 est
3419 4824 3760 4892 exoptatior.
3789 4825 3864 4877 Ex

2272 4920 2467 4973 nostris
2487 4919 2629 4974 enim
2661 4917 2906 4972 laudibus
2931 4916 3058 4971 nihil
3085 4916 3187 4970 illis
3221 4915 3522 4984 splendoris
3552 4929 3862 4972 accreseet.

2269 5011 2405 5077 Quid
2437 5012 2577 5064 enim
2607 5018 2798 5080 egeant
2833 5010 3021 5080 linguis
3051 5008 3266 5074 nostris,
3294 5023 3521 5086 quorum
3557 5013 3864 5064 certamina

2270 5112 2524 5171 superant
2571 5111 2812 5157 naturam
2861 5102 3164 5164 humanam,
3203 5115 3426 5170 quorum
3472 5103 3704 5169 prmmia
3761 5107 3862 5153 vim

2269 5195 2464 5264 ingenii
2495 5195 2661 5249 nostri
2685 5194 2942 5250 vincunt?
2985 5194 3292 5248 Deriserunt
3319 5192 3466 5262 gbanc
3493 5194 3689 5259 vitam,
3727 5212 3848 5250 con-

2269 5288 2543 5341 culcarunt
2569 5286 2902 5343 carnificinas
2923 5300 2984 5339 ac
3008 5293 3289 5348 tormenta,
3308 5284 3679 5352 despexerunt
3711 5302 3865 5340 moro

2269 5387 2397 5441 tem,
2435 5379 2502 5432 ad
2529 5378 2714 5432 caelum
2753 5378 3050 5444 evolarunt,
3074 5378 3241 5448 erepti
3276 5385 3400 5432 sunt
3425 5393 3458 5432 e
3484 5377 3746 5434 ﬂuctibus
3779 5397 3860 5434 re-

2269 5485 2386 5523 rum
2415 5469 2785 5536 humanarum,
2810 5470 2860 5522 in
2883 5470 3224 5540 tranquillum
3242 5467 3599 5539 enavigarnnt
3620 5481 3861 5539 portum,

2246 5571 2374 5616 ’non
2421 5577 2607 5616 aurum
2654 5573 3022 5632 argentutnve,
3082 5574 3173 5619 aut
3207 5571 3380 5619 vestes
3421 5565 3720 5632 pretiosas,
3768 5565 3866 5622 sed

2333 5697 2350 5727 ¹
2387 5693 2628 5743 Flavianus
2647 5708 2860 5756 praesens
2885 5703 3008 5747 erat.

2329 5760 2349 5788 ³
2382 5763 2570 5808 Festum
2594 5766 2699 5807 erat
2723 5765 2986 5822 Martyrum.
