3832 6252
42 364 146 423 905

41 486 321 539 thesauros
342 496 474 554 quos
504 499 662 539 nemo
693 494 867 553 potest
893 485 1099 554 eripere
1128 486 1493 555 importantes,
1529 499 1615 540 to-

42 575 341 639 lerantiam,
387 575 752 632 fortitudinem
792 584 847 631 et
872 578 1166 631 caritatem.
1201 577 1354 633 Nune
1388 578 1439 631 in
1466 578 1615 632 Pauli

41 669 260 721 chorum
290 676 661 736 pervenerunt,
684 676 806 723 ante
825 682 1049 722 coronas
1071 682 1193 722 suas
1215 669 1616 738 exspectatione

41 773 355 812 coronarum
401 757 624 822 alacres,
676 772 741 812 eo
780 758 921 828 quod
956 760 1065 827 jam
1095 758 1165 813 de
1205 760 1379 812 futuro
1427 758 1613 813 incertt

42 866 155 903 esse
196 850 489 905 desierunt.
543 850 677 919 Quid
716 851 875 921 igitur
918 851 1032 906 istis
1078 867 1211 922 opus
1264 852 1333 906 sit
1375 852 1615 907 oratione

42 943 254 997 nostra?
285 942 393 996 lloe
419 943 577 1012 igitur
600 956 967 1013 argumentum
1015 945 1119 1000 illis
1144 946 1363 1016 gratius.
1410 944 1489 999 Ex
1518 961 1614 999 no-

42 1033 163 1085 stris
195 1033 338 1086 enitn
381 1033 645 1100 laudibus,
675 1036 1121 1103 quemadmodum
1165 1045 1318 1091 antea
1348 1035 1611 1100 dicebam,

45 1125 166 1177 nihil
197 1124 411 1177 illorum
439 1125 619 1196 gloriae
660 1129 964 1183 accesserit.
1005 1128 1271 1183 Caeterum
1310 1144 1375 1183 ex
1420 1129 1614 1182 nostris

42 1218 292 1270 adversus
333 1216 546 1273 Judaeos
584 1219 1063 1277 conﬂictationibus
1110 1222 1336 1275 multum
1380 1221 1483 1275 illis
1522 1220 1616 1275 ad-

42 1306 284 1373 iungetur
302 1308 499 1377 gaudii,
530 1320 583 1364 et
613 1310 840 1365 libenter
862 1312 1206 1366 auscultaturi
1233 1322 1358 1366 sunt
1385 1312 1614 1365 maxime

44 1410 314 1451 sermones
353 1415 468 1466 eos,
515 1402 602 1471 qui
633 1418 728 1471 pro
762 1403 925 1473 gloria
973 1404 1064 1459 Dei
1107 1404 1373 1459 dicuntur.
1402 1403 1614 1458 Judteos

45 1486 178 1538 enim
214 1488 479 1556 imprimis
521 1492 747 1548 oderunt
775 1502 1053 1565 martyres,
1093 1495 1517 1566 quandoquidem
1548 1497 1615 1551 ab

47 1579 143 1631 iiiis
162 1581 475 1637 cruciﬁxum
513 1587 741 1641 maxime
769 1586 1016 1658 diligunt.
1049 1587 1178 1642 Natn
1212 1589 1297 1644 isti
1329 1589 1612 1644 dicebant:

48 1670 262 1749 Sanguis
283 1674 392 1743 ejus
405 1691 678 1745 supernos,
694 1689 739 1732 et
759 1696 908 1748 super
921 1681 1054 1749 filios
1072 1690 1270 1735 nostros
1296 1681 1502 1753 (Matth.
1521 1682 1611 1736 27.

45 1759 167 1831 25):
198 1764 273 1818 illi
321 1781 449 1821 vero
486 1770 792 1839 sanguinem
837 1774 1107 1841 prOprium
1160 1773 1459 1828 effuderunt
1501 1774 1618 1844 ejus

47 1868 239 1921 amore,
270 1873 428 1926 quem
462 1859 533 1913 illi
558 1861 879 1918 occiderant.
926 1864 1033 1919 Hos
1058 1865 1217 1936 igitur
1242 1881 1518 1922 sermones
1549 1866 1614 1919 li-

50 1944 227 2000 benter
256 1949 492 2004 audient.

112 2037 164 2090 2.
203 2038 359 2106 Quod
399 2042 575 2112 igitur,
609 2045 652 2098 si
697 2045 814 2102 haec
841 2046 1145 2103 Judteorum
1191 2051 1422 2106 servitus
1457 2050 1616 2105 ﬁnem

49 2143 182 2186 esset
226 2132 490 2203 habitura,
540 2138 642 2193 hoc
670 2156 881 2212 quoque
925 2134 1222 2211 prmdiCturi
1262 2144 1459 2200 fuerint
1498 2160 1617 2213 pro-

51 2224 232 2293 phetze,
281 2236 334 2282 et
378 2244 708 2300 nequaquam
750 2234 961 2289 silentio
991 2238 1328 2304 praaterituri,
1369 2238 1499 2293 satis
1520 2239 1616 2293 de-

51 2315 356 2371 claravintus
383 2337 395 2373 :
424 2337 545 2374 cum
573 2338 759 2377 omnes
780 2327 1111 2394 captivitates
1137 2343 1165 2381 a
1192 2328 1463 2398 prophetis
1494 2346 1619 2399 pra:-

51 2405 208 2460 dietas
239 2408 400 2463 fuisse
427 2413 793 2480 ostendimus;
826 2416 1051 2485 primum
1086 2417 1227 2473 illam
1269 2419 1322 2472 in
1362 2419 1614 2490 Aigypto,

54 2499 235 2557 deinde
260 2503 310 2555 in
343 2503 635 2575 Babylone,
661 2508 868 2562 tertiam
899 2511 997 2563 sub
1026 2509 1290 2565 Antiocho
1318 2511 1615 2582 Epiphane.

58 2589 533 2650 Demonstravimus
561 2598 701 2652 enim
732 2598 916 2653 harum
946 2601 1229 2671 unicuique
1270 2612 1324 2657 et
1350 2603 1523 2657 locum
1567 2612 1621 2657 et

60 2689 250 2753 tempus
278 2683 444 2740 fuisse
472 2688 781 2756 praedictum
824 2691 874 2745 in
916 2692 1079 2746 sacris
1122 2692 1308 2747 literis.
1340 2693 1473 2747 lluie
1495 2710 1619 2748 vero

60 2775 293 2839 praisettti
342 2777 519 2830 nullus
563 2780 817 2849 propheta
860 2782 1137 2852 prteﬁnivit
1167 2793 1392 2856 tempus.
1425 2785 1621 2839 Verum

60 2864 187 2931 quod
222 2876 367 2921 esset
403 2879 641 2936 ventura,
688 2874 967 2942 omniaque
997 2874 1318 2939 desolatura,
1365 2877 1619 2931 ditionem

61 2957 261 3028 insuper
283 2969 338 3014 et
363 2962 668 3033 religionem
700 2965 1034 3033 translatura,
1060 2977 1361 3037 quantoque
1383 2978 1622 3038 tempore

62 3059 169 3117 post
195 3050 421 3106 reditum
450 3070 481 3108 e
509 3054 778 3126 Babylone
797 3066 1039 3125 venturo,
1072 3060 1315 3128 praedixit
1347 3062 1547 3117 Daniel.

126 3139 383 3195 Postrema
415 3144 713 3200 Judteorum
753 3151 1012 3220 captivitas
1040 3169 1314 3223 numquam
1342 3154 1493 3222 finem
1523 3155 1621 3208 Ita-

65 3234 214 3289 bitura
233 3246 323 3290 est.
346 3268 417 3279 -—-
435 3237 699 3295 Caeterum
724 3242 863 3312 quod
884 3244 954 3298 sit
984 3244 1222 3299 habitura
1246 3245 1424 3309 ﬁnem,
1449 3248 1621 3317 quod-

65 3341 155 3399 que
170 3328 451 3399 aliquando
478 3332 710 3387 sistenda
732 3334 839 3388 sint
864 3336 963 3389 ista
988 3337 1141 3401 mala,
1176 3353 1273 3392 nec
1304 3339 1392 3393 ille
1420 3338 1623 3408 patefe-

66 3418 147 3483 cit,
172 3435 263 3474 nec
282 3422 560 3491 quisquam
590 3423 814 3479 aliorum
842 3428 1239 3497 prophetarum.
1274 3428 1410 3496 Quin
1438 3440 1623 3485 contra

66 3510 311 3575 preedixit,
344 3512 485 3581 quod
526 3514 591 3568 ad
635 3515 792 3571 ﬁnem
831 3532 996 3588 usque
1039 3518 1290 3575 duratura
1330 3534 1472 3577 esset
1510 3522 1624 3579 haec

66 3601 296 3655 servitus.
329 3604 626 3659 Attestatur
655 3606 740 3661 his
767 3623 883 3678 quae
914 3610 1163 3677 diximus,
1194 3622 1248 3667 et
1288 3613 1462 3682 ipsum
1491 3624 1626 3669 tem-

68 3706 170 3758 pus,
197 3693 331 3761 quod
358 3694 468 3764 jam
509 3704 712 3752 tantum
740 3710 1013 3769 peractum
1046 3713 1144 3769 est,
1194 3720 1292 3761 nec
1339 3706 1501 3761 ullum
1533 3722 1625 3762 ve-

67 3783 280 3851 stigium,
310 3802 411 3840 nec
442 3788 651 3843 initium
678 3792 741 3846 ad
774 3793 915 3849 hunc
934 3812 1100 3866 usque
1127 3797 1267 3852 diem
1297 3798 1450 3854 bona:
1472 3816 1623 3856 com-

68 3878 357 3932 mutationis
404 3884 657 3949 ostendit,
700 3885 857 3955 idque
905 3902 1025 3942 cum
1062 3891 1252 3946 crebro
1291 3891 1400 3961 jam
1448 3896 1623 3948 conati

69 3967 159 4019 sint
202 3970 497 4027 instaurare
542 3978 814 4044 templum.
851 3978 980 4033 Nam
1026 3982 1189 4035 semel
1231 3991 1285 4038 et
1328 3984 1519 4039 iterum
1563 4000 1627 4040 ac

70 4062 228 4125 tertio,
277 4064 379 4118 sub
406 4064 692 4133 Iladriano,
725 4070 823 4125 sub
857 4069 1222 4152 Constantino,
1267 4075 1366 4129 sub
1393 4076 1621 4144 Juliano,

68 4162 266 4207 Conatus
292 4154 505 4210 illorum
532 4159 794 4215 cohibitus
816 4173 896 4216 est
926 4180 939 4217 :
972 4164 1197 4234 primum
1224 4167 1435 4236 quidem
1458 4184 1489 4223 a
1518 4171 1622 4223 tui-

70 4240 251 4312 litibus,
282 4263 469 4302 rursus
512 4250 580 4305 ab
616 4251 735 4320 igne
773 4268 803 4307 e
834 4253 1186 4311 fundamentis
1211 4270 1540 4328 erumpente,
1571 4272 1626 4317 et

70 4335 256 4390 illorum
285 4340 636 4413 importunam
660 4346 1005 4413 pervicaciam
1030 4360 1329 4406 coercente.
1354 4352 1469 4406 Jam
1498 4369 1625 4409 vero

70 4428 237 4485 lubens
256 4432 371 4488 illos
397 4437 687 4505 rogaverim
718 4458 730 4492 :
755 4453 851 4495 cur
878 4450 1075 4498 tantum
1108 4446 1360 4514 temporis
1386 4447 1437 4501 in
1460 4447 1626 4519 Egy-

70 4532 149 4587 pte
172 4533 354 4581 versati
398 4530 671 4599 recepistis
704 4534 949 4602 patriam,
992 4551 1053 4591 ac
1097 4553 1281 4594 rursus
1318 4540 1526 4596 abducti
1570 4544 1622 4599 in

71 4611 373 4687 Babylonem
405 4620 636 4678 rediistis
662 4622 1047 4696 Jerosolymam
1080 4646 1093 4681 :
1124 4631 1282 4685 tertio
1308 4632 1405 4687 sub
1432 4635 1618 4687 Antio-

73 4703 160 4761 cho
182 4716 279 4764 tam
308 4711 473 4765 multa
502 4714 644 4781 passi
671 4716 828 4782 mala,
856 4717 919 4771 ad
952 4720 1229 4786 pristinum
1258 4725 1457 4778 reversi
1496 4728 1625 4781 estis

74 4804 268 4866 statum,
291 4802 567 4868 sacriﬁcia,
601 4804 784 4868 altare,
813 4818 993 4865 saneta
1033 4819 1333 4866 sanctorum
1370 4825 1422 4867 et
1449 4817 1624 4870 omnia

73 4900 179 4940 cum
205 4892 421 4958 pristina
462 4896 735 4964 recepistis
769 4898 1021 4967 dignitate
1050 4919 1063 4956 :
1097 4918 1235 4958 nunc
1272 4914 1448 4960 autem
1496 4908 1626 4963 nihil

74 4978 228 5035 simile
256 4982 448 5039 factum
477 4987 590 5041 est?
618 4988 810 5043 Verum
839 5005 957 5045 cum
995 5003 1205 5049 centum
1230 4999 1376 5063 anni,
1409 4999 1515 5053 imo
1543 5001 1625 5056 bis

74 5077 287 5138 centum,
324 5075 433 5130 imo
473 5085 574 5143 ter,
618 5078 725 5133 imo
752 5090 940 5149 quater
971 5090 1172 5139 tantum
1216 5089 1485 5159 multoque
1512 5107 1627 5146 am-

78 5161 196 5226 plius
231 5179 486 5222 annorum
517 5172 832 5238 prteterierit
855 5189 867 5224 :
893 5187 1013 5226 nam
1045 5174 1131 5229 ltie
1169 5178 1624 5247 quingentesimus

76 5267 131 5306 ex
166 5271 226 5311 eo
277 5268 513 5330 tempore
552 5262 724 5332 agitur
762 5278 930 5319 annus
984 5266 1038 5331 ¹;
1086 5282 1153 5321 ne
1191 5268 1623 5337 signiﬁcationem

76 5347 266 5417 quidem
286 5351 446 5405 ullam
465 5352 578 5421 ejus
599 5353 903 5409 mutationis
933 5356 1171 5411 videmus
1190 5359 1431 5416 alicunde
1459 5378 1624 5432 appa-

76 5450 206 5503 rere;
259 5442 351 5498 sed
391 5459 478 5500 res
528 5444 632 5500 illis
675 5446 908 5503 funditus
958 5450 1237 5520 collapsas,
1281 5468 1344 5507 ac
1394 5470 1491 5509 nec
1530 5472 1625 5526 per

76 5532 315 5587 somnium
337 5536 545 5605 quidem
569 5539 728 5593 ullam
750 5555 896 5611 spem
921 5543 998 5596 eis
1026 5546 1252 5610 ostendi,
1281 5550 1624 5617 quemadmo-

76 5618 185 5676 dum
215 5627 372 5692 prius.
405 5628 613 5687 Etenim
657 5632 702 5688 si
742 5645 954 5701 peccata
998 5650 1096 5691 sua
1125 5637 1433 5708 objicercnt,
1475 5642 1619 5698 dice-

133 5799 145 5829 ¹
167 5802 327 5869 Longe
352 5807 429 5858 hic
448 5808 639 5884 aberrat
662 5821 775 5861 vera
792 5810 1096 5875 chronologia
1120 5813 1487 5880 Chrysostomus.

1274 376 1313 426 A
1326 374 1636 430 DVERSUS
1672 374 1972 434 JUDEOS.
2020 380 2103 434 Vl.

3208 400 3312 454 ΟΜ

1727 496 1989 561 remque:
2022 494 2268 564 quoniam
2318 502 2647 566 peccavimus
2691 506 2832 573 Deo,
2883 509 3309 580 oﬁendimusque

1722 582 1889 650 illum,
1916 585 2033 641 ideo
2055 602 2159 641 non
2182 590 2468 658 recipimus
2502 607 2734 652 nostram
2761 601 3048 670 regionem,
3071 607 3194 669 etsi
3218 606 3305 674 qui

1722 675 1887 742 prius,
1912 691 2032 732 cum
2055 694 2085 733 a
2108 681 2379 750 prophetis
2399 698 2792 756 accusarentur,
2824 694 3158 763 impudenter
3178 713 3305 768 age-

1721 764 1865 827 bant,
1901 775 2059 837 atque
2099 770 2200 824 illis
2243 774 2495 829 atrociter
2522 780 2962 847 exprobrantibus
2992 764 3297 858 homicidia,

1720 858 2016 926 negabant,
2065 861 2223 917 iidem
2278 880 2419 919 nunc
2453 869 2832 927 conﬁterentur
2888 876 3305 951 damnarentque

1721 951 1935 1020 propria
1962 965 2173 1022 peccata
2206 975 2219 1009 :
2248 958 2434 1013 lubens
2460 961 2748 1033 deintegro
2782 982 3210 1041 unumquemque
3243 974 3303 1026 il-

1719 1040 1891 1095 lorum
1935 1042 2396 1116 interrogaverim,
2446 1067 2587 1107 nunc
2627 1066 2842 1125 propter
2867 1072 3078 1127 peccata
3120 1040 3227 1129 tua,
3272 1081 3306 1119 ο

1718 1132 1921 1201 Judzee,
1965 1148 2113 1192 extra
2157 1139 2541 1214 Jerosolymam
2576 1148 2689 1215 agis
2734 1158 2879 1206 tanto
2918 1156 3196 1222 tempore?
3241 1157 3309 1211 Et

1718 1225 1846 1293 quid
1882 1226 2016 1282 istuc
2058 1246 2252 1285 novum
2290 1242 2372 1287 est
2410 1246 2501 1289 aut
2536 1238 2765 1293 mirum?
2806 1240 2949 1298 Num
2987 1246 3127 1298 enim
3166 1262 3307 1302 nunc

1718 1324 1921 1371 tantum
1962 1320 2012 1372 in
2040 1325 2267 1389 peccatis
2295 1325 2491 1393 vivitis,
2542 1330 2685 1397 prius
2722 1332 2773 1385 in
2801 1332 3003 1401 iustitia
3053 1345 3305 1407 recteque

1720 1407 1873 1465 factis
1920 1413 2063 1467 soliti
2112 1416 2328 1472 vivere?
2374 1419 2560 1477 Nonne
2601 1423 2709 1492 jam
2758 1426 2883 1479 olim
2941 1429 3008 1482 ab
3052 1430 3202 1485 initio
3250 1434 3305 1486 in

1719 1500 2194 1563 innumerabilibus
2223 1514 2455 1579 peccatis
2500 1517 2899 1573 versabamini?
2929 1522 3118 1577 Annon
3147 1524 3308 1577 innu-

1719 1608 1863 1647 mera
1899 1597 2239 1666 reprehendit
2285 1602 2338 1656 in
2383 1604 2534 1659 vobis
2580 1606 2828 1663 Ezechiel
2861 1612 3135 1681 propheta,
3180 1628 3301 1667 cum

1720 1685 1947 1743 inductis
1972 1690 2176 1747 duabus
2209 1697 2575 1753 meretricibus
2601 1700 2693 1755 Ola
2731 1712 2784 1756 et
2822 1702 2993 1770 Oliba,
3024 1705 3101 1760 sic
3130 1707 3306 1777 loqui-

1723 1786 1807 1831 tur
1836 1797 1850 1833 :
1886 1779 2129 1850 Lupanar
2166 1785 2455 1853 wdiﬁcastis
2485 1789 2535 1841 in
2564 1789 2811 1862 /Egypto,
2858 1804 2906 1847 et
2950 1796 3207 1850 insanistis
3250 1798 3303 1850 in

1720 1870 1977 1939 barbaros,
2026 1884 2073 1928 et
2117 1877 2305 1932 alienos
2347 1880 2465 1934 deos
2502 1881 2727 1938 coluisris
2754 1885 2967 1953 (Ezech.
2995 1888 3135 1958 25)?
3163 1889 3299 1955 Quid

1719 1968 1912 2045 porro?
1942 1966 2072 2023 Cum
2114 1986 2260 2027 mare
2286 1971 2591 2043 ﬁnderetur,
2631 1992 2752 2032 cum
2780 1986 2943 2048 petrae
2986 1996 3301 2051 rumperen-

1721 2063 1828 2122 tur,
1856 2072 1976 2112 cum
2006 2068 2081 2113 tot
2122 2061 2374 2117 miracula
2402 2064 2590 2120 ﬁerent
2616 2066 2667 2121 in
2697 2068 2931 2138 deserto,
2962 2086 3139 2126 nonne
3165 2072 3304 2125 vitu-

1722 2147 1831 2202 lum
1876 2149 2178 2207 adorastis?
2202 2153 2391 2211 Nonne
2421 2156 2618 2212 Mosem
2656 2175 2796 2214 nunc
2826 2160 3089 2230 lapidibus
3128 2164 3299 2233 impe-

1725 2248 1916 2309 tentes,
1969 2258 2110 2298 nunc
2160 2247 2511 2315 expellentes;
2557 2265 2698 2306 nunc
2750 2252 2931 2307 multis
2976 2254 3149 2309 modis
3193 2254 3300 2309 fre—

1722 2341 1946 2401 quenter
1982 2336 2157 2391 conati
2196 2338 2323 2391 estis
2352 2339 2633 2395 occidere?
2662 2342 2850 2398 Nonne
2880 2347 3300 2414 perseverabatis

1720 2422 2076 2495 blaspltemias
2107 2428 2363 2496 jaeientes
2411 2431 2462 2484 in
2504 2432 2709 2486 Deum?
2743 2434 2928 2490 Nonne
2970 2437 3303 2509 Beelpltegor

1724 2513 1911 2569 initiati
1953 2517 2116 2572 estis?
2145 2518 2330 2574 Nonne
2361 2522 2495 2576 ﬁlios
2518 2532 2731 2579 vestros
2756 2541 2818 2581 ac
2865 2527 2997 2582 ﬁlias
3033 2530 3301 2584 sacriﬁca-

1723 2605 1820 2657 stis
1854 2605 2151 2673 daemoniis,
2196 2619 2251 2664 et
2278 2626 2436 2667 omne
2480 2614 2765 2683 impietatis
2795 2618 3103 2688 peccatique
3130 2635 3308 2690 genus.

1723 2694 2035 2753 exhibuistis
2060 2699 2082 2751 ?
2106 2699 2291 2756 Nonne
2325 2702 2579 2772 propheta
2620 2705 2770 2760 vobis
2810 2706 2908 2760 sub
2935 2723 3162 2777 persona
3206 2710 3301 2765 Dei

1725 2787 1962 2858 loquitur
1990 2808 2001 2844 :
2033 2792 2381 2866 Quadraginta
2421 2813 2579 2850 annos
2623 2798 2848 2867 infensus
2877 2800 2954 2869 {ui
2996 2802 3306 2871 generationi

1725 2879 1863 2945 Imic,
1892 2891 1937 2933 et
1961 2881 2088 2949 dixi,
2129 2900 2323 2954 semper
2357 2896 2525 2941 errant
2551 2889 2701 2942 corde
2731 2888 2903 2959 (Psal.
2933 2891 3020 2946 94.
3052 2892 3178 2961 10)“ἰ
3200 2892 3302 2960 Qtti

1726 2970 1839 3025 ﬁeri
1874 2974 2061 3041 potuit,
2105 2984 2160 3029 ut
2204 2986 2311 3031 tum
2336 2994 2431 3033 vos
2474 2995 2577 3034 non
2622 2992 2958 3037 aversaretur
3000 2984 3160 3049 Deus,
3207 2984 3305 3039 sed

1727 3072 1846 3131 post
1886 3067 2257 3121 mactationem
2313 3069 2562 3135 ﬁliorum,
2614 3080 2734 3141 post
2779 3072 3038 3145 idolorum
3078 3076 3300 3141 cultum,

1726 3163 1846 3223 post
1890 3164 2084 3210 tantam
2132 3157 2542 3228 improbitatem,
2574 3173 2694 3232 post
2722 3163 3040 3220 ineﬁ‘abilem
3080 3166 3301 3237 ingrati-

1728 3246 1985 3314 tudinem,
2007 3249 2167 3303 etiam
2198 3252 2505 3321 prophetam
2534 3254 2672 3324 apud
2698 3270 2792 3310 vos
2818 3272 2947 3326 esse,
2974 3272 3162 3328 passus
3198 3267 3300 3325 est,

1727 3352 1975 3409 magnum
2022 3340 2168 3395 illum
2215 3342 2436 3407 Mosam,
2478 3345 2733 3415 signaque
2773 3347 2939 3402 edidit
2973 3349 3209 3403 miranda
3250 3359 3305 3405 et

1727 3429 2025 3500 prodigiosa
2053 3450 2067 3485 :
2097 3448 2319 3503 qumque
2352 3435 2450 3489 sub
2470 3437 2573 3491 alio
2610 3438 2907 3492 mortalium
2932 3441 3144 3495 nemine
3167 3440 3304 3496 facta

1728 3530 1872 3589 sunt,
1920 3522 2033 3577 haec
2076 3525 2213 3579 inter
2253 3541 2350 3580 vos
2389 3529 2745 3597 contigerunt,
2779 3531 2969 3587 nebula
3010 3546 3171 3602 super
3210 3548 3304 3588 vos

1727 3616 1851 3669 tecti
1873 3617 1987 3671 vice
2014 3628 2275 3684 porrecta,
2301 3620 2543 3673 columna
2571 3621 2799 3676 lucerna;
2832 3622 2949 3677 loco
2975 3638 3067 3678 vos
3098 3639 3301 3693 praece-

1727 3704 1902 3769 dente,
1933 3707 2173 3763 hostibus
2203 3709 2340 3761 ultro
2361 3709 2689 3776 cedentibus,
2717 3711 3016 3767 civitatibus
3040 3713 3150 3767 sola
3177 3729 3304 3781 pro-

1728 3797 2010 3867 pemodum
2051 3814 2183 3853 voce
2222 3800 2428 3869 captis?
2463 3800 2579 3854 Non
2624 3802 2787 3856 armis
2812 3802 2961 3857 vobis
2995 3817 3131 3873 epus
3168 3813 3303 3870 erat,

1727 3904 1833 3943 non
1860 3891 1994 3955 acie,
2024 3907 2127 3946 non
2161 3908 2367 3963 pugna;
2397 3894 2521 3963 quin
2553 3894 2720 3948 solum
2744 3895 3051 3950 insonuistis
3079 3897 3221 3959 tuba,
3250 3906 3307 3953 et

1728 3981 1867 4035 ultro
1907 3984 2101 4037 moenia
2126 3994 2460 4039 corruerunt.
2495 3985 2872 4055 Suppeditatus
2905 3995 2988 4041 est
3014 3987 3165 4041 vobis
3208 4003 3304 4041 no-

1728 4087 1825 4127 vus
1864 4072 2076 4142 quidam
2118 4083 2172 4128 et
2200 4074 2461 4129 inauditus
2503 4084 2850 4142 commeatus,
2889 4075 2956 4131 de
2983 4092 3087 4146 quo
3112 4077 3307 4133 clamat

1728 4162 1982 4233 propheta
2009 4163 2190 4217 dicens
2213 4182 2226 4218 :
2254 4162 2448 4217 Panem
2474 4165 2584 4219 caeli
2613 4166 2749 4218 dedit
2776 4166 2867 4232 eis,
2894 4182 3073 4233 partem
3100 4167 3305 4237 angelo-

1727 4270 1840 4307 rum
1886 4255 2098 4307 comedit
2142 4254 2545 4309 Itomo:cibaria
2594 4257 2728 4309 misit
2780 4256 2851 4310 eis
2894 4256 2947 4309 in
2995 4256 3305 4312 abundantia

1729 4342 1898 4416 (Psal.
1934 4346 2019 4399 77.
2060 4346 2173 4415 9.5).
2205 4346 2405 4415 Quibus
2443 4347 2601 4418 igitur
2625 4348 2692 4403 de
2730 4350 2924 4414 causis,
2965 4349 3123 4405 dicite
3150 4350 3301 4416 mihi,

1728 4446 1855 4492 tunc
1882 4447 2226 4506 aspernantes
2263 4439 2449 4502 Deum,
2490 4438 2770 4495 simulacra
2812 4441 3069 4509 colentes,
3107 4441 3305 4497 liberos

1728 4538 2040 4595 mactantes,
2072 4529 2356 4599 pr0phetas
2377 4530 2635 4602 lapidibus
2670 4531 2980 4597 obruentes,
3025 4532 3303 4587 innumera

1729 4622 1929 4678 scelera
1949 4631 2333 4691 perpetrantes,
2358 4632 2555 4677 tantam
2582 4624 3001 4678 benevolentiam
3023 4623 3150 4678 estis
3172 4638 3303 4677 con-

1729 4714 1960 4784 sequuti,
2017 4721 2216 4766 tantam
2264 4729 2294 4767 a
2344 4715 2453 4769 Deo
2497 4714 2879 4785 providentiam
2919 4733 2934 4770 :
2968 4729 3109 4769 nunc
3153 4730 3302 4777 vero,

1729 4820 1850 4860 cum
1878 4822 1976 4861 nec
2002 4807 2139 4882 idola
2166 4806 2374 4872 colatis,
2404 4822 2503 4862 nec
2526 4808 2722 4863 liberos
2746 4808 3017 4874 occidatis,
3051 4824 3151 4863 nec
3179 4823 3303 4877 pro-

1729 4898 2201 4969 phetaslapidetis,
2235 4900 2286 4954 in
2309 4908 2565 4971 perpetua
2593 4900 2780 4970 degitis
2807 4901 3146 4970 captivitate?
3170 4899 3302 4953 Num

1730 4993 1870 5047 enim
1912 5003 2020 5047 tum
2062 4994 2193 5049 alius
2236 5004 2349 5048 erat
2392 4994 2551 5059 Deus,
2592 5009 2748 5063 quam
2803 5009 2943 5048 nunc
2963 4994 3080 5048 est?
3110 4994 3301 5046 Annon

1730 5082 1867 5137 idem
1896 5096 1994 5148 est,
2027 5087 2113 5154 qui
2146 5092 2253 5138 tum
2298 5086 2383 5138 illa
2425 5084 2771 5153 gubernabat,
2815 5093 2870 5139 et
2901 5085 2990 5154 qui
3020 5099 3160 5138 nunc
3186 5098 3303 5152 qua:

1730 5174 1860 5229 ﬁunt
1908 5176 2192 5243 operatur?
2242 5174 2377 5242 Quid
2428 5174 2584 5244 igitur
2632 5175 2684 5228 in
2724 5189 2881 5229 causa
2924 5174 3037 5240 fuit,
3086 5184 3143 5228 ut
3181 5189 3303 5228 eum

1728 5265 2057 5332 gravioribus
2088 5266 2316 5333 peccatis
2356 5264 2715 5327 abundaretis,
2757 5265 2971 5319 uberior
2997 5264 3153 5319 fuerit
3178 5279 3304 5334 erga

1728 5372 1825 5411 vos
1849 5358 1940 5412 Dei
1971 5357 2317 5413 beneﬁcentia
2347 5375 2362 5422 ;
2394 5372 2532 5412 nunc
2573 5373 2719 5423 vero,
2747 5373 2867 5411 cum
2897 5357 3091 5412 leviora
3118 5371 3304 5427 pecca-

1730 5448 1815 5511 tis,
1866 5463 2079 5517 prorsus
2129 5461 2225 5501 vos
2268 5456 2561 5513 aversetur,
2607 5458 2981 5516 perpetuzeque
3028 5446 3303 5501 tradiderit

1730 5537 2072 5609 ignominiaa?
2094 5537 2302 5592 Etenim
2333 5539 2375 5591 si
2401 5553 2496 5592 vos
2522 5554 2659 5593 nunc
2683 5538 2751 5593 ob
2776 5540 2977 5593 scelera
3003 5548 3297 5603 aversatur,

1728 5632 1896 5686 multo
1937 5633 2101 5700 magis
2144 5639 2269 5686 tunc
2306 5631 2558 5701 oportuit.
2586 5631 2737 5700 Quod
2780 5631 2825 5685 si
2862 5640 2987 5686 tunc
3012 5645 3107 5684 vos
3141 5630 3298 5686 susti-

1726 5728 1841 5780 nuit
1870 5725 2031 5795 impie
2059 5726 2317 5791 viventes,
2348 5740 2487 5779 nunc
2511 5726 2674 5779 multo
2699 5724 2864 5793 magis
2896 5722 3174 5792 oportebat
3210 5737 3298 5779 sn.-

1730 5817 1948 5886 stinere,
1980 5832 2100 5873 cum
2132 5815 2263 5872 nihil
2310 5816 2479 5872 simile
2505 5816 2861 5871 committatis.
2892 5814 3057 5884 Quam
3085 5809 3153 5867 ob
3179 5825 3293 5864 rem

2088 5914 2138 5953 ἰ
