3920 6246
527 304 627 359 907

529 417 685 482 igitur
735 431 838 471 non
883 419 1173 472 sustinuit?
1220 421 1274 472 Si
1304 437 1396 473 vos
1442 423 1603 486 pudet
1633 440 1846 481 causam
1889 428 2090 504 dicere,

529 525 626 576 ego
655 499 880 563 dilucide
906 509 1224 578 profitebor;
1259 511 1364 565 imo
1392 515 1688 581 potiusnon
1714 534 1834 588 ego,
1864 519 1960 574 sed
1986 499 2096 590 ipsa

530 615 703 652 rerum
737 601 946 656 veritas.

601 709 713 763 Net:
725 711 908 767 Christi
926 714 1122 769 Judaei:
1136 733 1286 770 causa
1305 719 1929 796 malorum—Postquam
1946 728 2098 783 Chri-

525 813 664 858 smm
697 805 986 870 occidistis,
1011 820 1288 879 postquam
1316 811 1368 865 in
1399 813 1676 870 Dominum
1699 816 1951 886 injecistis
1980 837 2095 875 ma-

525 907 646 957 nus,
676 903 952 964 postquam
979 899 1287 968 sanguinem
1309 899 1454 955 illum
1487 905 1772 971 pretiosum
1805 907 2092 975 effudistis;

529 995 814 1056 propterea
831 996 1039 1039 nonest
1058 987 1206 1042 vobis
1233 989 1432 1059 reliqua
1456 994 1750 1062 corrigendi
1785 1011 1906 1066 spes
1927 1015 2098 1070 neque

526 1076 700 1143 venia,
732 1091 901 1147 neque
929 1080 1188 1148 purgatio.
1212 1081 1344 1135 Tum
1375 1083 1514 1137 enim
1549 1101 1666 1154 quae
1705 1103 1799 1157 per
1825 1091 2096 1147 audaciam

527 1171 890 1238 perpetrastis,
939 1171 990 1225 in
1035 1187 1216 1227 servos
1265 1178 1628 1245 perpetrastis,
1679 1179 1731 1232 in
1777 1181 1997 1254 Mosem,
2046 1185 2097 1239 in

531 1261 742 1325 lsaiam.
775 1263 826 1315 in
854 1261 1174 1330 Jeremiam;
1220 1273 1329 1320 tum
1382 1269 1589 1324 tametsi
1649 1271 1890 1340 impietas
1924 1277 2098 1346 aliqua

526 1353 976 1420 committebatur,
1033 1364 1088 1407 at
1115 1355 1332 1409 audacia
1370 1357 1601 1412 nondum
1643 1374 1974 1430 processerat
2009 1380 2100 1420 us-

526 1456 632 1507 que
664 1441 729 1494 ad
758 1443 1014 1496 malorum
1041 1454 1218 1514 caput.
1259 1445 1408 1502 Nunc
1449 1460 1624 1504 autem
1656 1455 1832 1508 omnia
1855 1465 2094 1512 veterum

529 1530 759 1585 facinora
787 1534 1097 1602 superastis,
1129 1550 1226 1590 nec
1253 1537 1412 1592 ullum
1438 1551 1582 1594 retro
1606 1543 1888 1612 reliquistis
1907 1549 2096 1617 nequi-

524 1619 614 1674 tias
653 1621 884 1686 culmen,
924 1625 993 1678 ob
1036 1625 1326 1694 insaniam,
1372 1644 1472 1698 qua
1519 1630 1824 1689 debacchati
1875 1639 2004 1692 estis
2043 1639 2094 1694 iu

525 1709 815 1777 Christum,
843 1729 1012 1782 eoque
1036 1731 1174 1770 nunc
1193 1718 1463 1786 graviores
1489 1720 1632 1774 luitis
1661 1738 1862 1791 ptenas.
1885 1726 2095 1784 Etenim

525 1800 570 1854 si
593 1800 710 1855 Ιιωο
747 1817 851 1856 non
875 1813 958 1858 est
984 1820 1141 1860 causa
1172 1807 1472 1876 ignominia:
1511 1821 1722 1878 vestra},
1757 1829 1922 1884 quare
1957 1818 2098 1876 Deus

523 1903 622 1943 vos
643 1899 755 1942 tum
777 1890 1090 1947 occidentes
1115 1893 1316 1949 liberos
1338 1904 1548 1953 vestros
1564 1899 1987 1966 toleravit,nunc
2007 1921 2097 1962 au-

526 1990 632 2033 tem
649 1995 678 2034 a
697 1980 896 2037 talibus
916 1983 1262 2042 abstinentes
1280 1991 1590 2044 aversatur?
1608 1991 1886 2064 Siquidem
1907 1998 2094 2055 occiso

525 2067 741 2132 Christo
763 2073 940 2141 majus
969 2076 1298 2148 graviusque
1329 2082 1508 2137 scelus
1540 2085 2090 2159 commisistis.quarr.

527 2159 574 2210 si
615 2165 961 2220 mactassetis
994 2166 1217 2231 liberos,
1257 2182 1308 2224 et
1329 2185 1545 2226 omnem
1575 2173 1743 2238 legem
1763 2175 2083 2237 violassetis.

597 2252 651 2306 5.
693 2252 937 2310 Etiamne
988 2259 1207 2325 posthac
1250 2262 1512 2318 audebitis
1537 2265 1680 2321 illum
1707 2283 1895 2325 vocare
1925 2271 2093 2344 impo-

521 2352 722 2396 storem
751 2358 815 2398 ac
842 2345 973 2416 legis
998 2357 1447 2419 transgressorem
1506 2370 1568 2410 ac
1594 2372 1696 2412 non
1724 2361 1898 2428 potius
1917 2363 2094 2434 aliquo

521 2432 853 2502 accedentes,
897 2451 993 2492 vos
1035 2439 1178 2507 ipsos
1217 2445 1580 2512 occultabitis,
1633 2449 1720 2518 qui
1758 2449 1886 2520 ipsis
1927 2432 2095 2510 oculis

521 2521 827 2579 intueamiui
869 2535 972 2580 tam
1002 2531 1299 2587 evidentem
1329 2537 1644 2592 veritatem?
1673 2541 1881 2597 Etenim
1918 2542 1963 2599 si
1990 2543 2089 2600 im-

524 2621 707 2678 postor
721 2625 834 2670 erat
856 2616 1030 2686 Jesus,
1059 2631 1114 2674 ut
1138 2621 1331 2688 dicitis,
1350 2625 1581 2698 legisque
1604 2639 1978 2702 transgressor,
2000 2649 2096 2704 par

519 2715 655 2770 crat‘,
682 2716 740 2760 ut
761 2708 883 2764 hinc
911 2713 1066 2766 etiam
1093 2715 1300 2771 laudem
1327 2717 1552 2787 ferretis,
1580 2724 1668 2790 qui
1702 2727 1856 2781 talem
1880 2727 2097 2784 occide-

520 2801 668 2853 retis.
697 2800 825 2857 Nam
851 2804 894 2859 sl
922 2805 1148 2863 Phinees
1179 2816 1330 2865 unico
1357 2822 1555 2868 tantum
1579 2829 1853 2888 perempto
1879 2819 2095 2876 homine

519 2898 680 2944 totam
703 2895 933 2949 numinis
955 2897 1085 2950 iram
1107 2899 1359 2955 adversus
1383 2906 1627 2972 populum
1654 2910 2092 2968 exardescentem

517 2977 719 3036 sedavit
751 3001 764 3036 :
818 2984 974 3040 Stetit
1029 2989 1183 3054 enim,
1221 2991 1404 3059 inquit,
1453 2993 1686 3062 Phineas,
1725 3009 1773 3052 et
1808 3000 2022 3070 placavit
2046 3013 2094 3058 et

515 3071 725 3123 cessavit
772 3076 1022 3135 quassatio
1077 3076 1246 3147 (Psal.
1295 3082 1413 3137 105.
1455 3085 1582 3155 50);
1639 3097 1818 3160 totque
1853 3091 2094 3150 homines

517 3163 708 3231 eripuit
733 3163 799 3216 ab
825 3166 897 3218 ira
926 3166 1097 3221 divina
1127 3172 1280 3227 unius
1308 3173 1534 3230 hominis
1560 3180 1704 3235 caede
1739 3198 1752 3234 :
1783 3184 1949 3237 multo
1976 3200 2092 3238 ma-

516 3253 596 3321 gis
624 3253 736 3308 haec
769 3256 919 3310 vobis
947 3263 1180 3327 oportuit
1203 3263 1461 3331 accidere,
1503 3268 1547 3320 si
1575 3268 1704 3338 legis
1737 3281 2093 3343 transgressor

518 3352 652 3406 orat,
685 3359 840 3413 quem
878 3364 969 3402 vos
998 3351 1350 3410 crucifixistis.
1387 3357 1494 3411 Cur
1519 3359 1692 3429 igitur,
1721 3379 1919 3432 quzcso,
1963 3365 2090 3420 Phi-

520 3449 667 3499 uecs,
689 3437 802 3492 viro
820 3438 948 3508 legis
967 3450 1355 3512 transgressore
1376 3463 1667 3520 perempto,
1689 3452 1858 3522 justus
1884 3457 2092 3515 habitus

514 3533 616 3590 est,
652 3536 706 3580 et
739 3530 1037 3586 sacerdotio
1075 3532 1362 3591 honoratus
1391 3537 1579 3607 (Nam.
1609 3541 1696 3596 25.
1729 3543 1822 3616 7)?
1860 3545 1968 3602 Vos
1991 3564 2090 3602 au-

517 3623 622 3667 tem
652 3631 773 3671 cum
800 3619 851 3672 in
882 3636 1091 3675 crucem
1112 3627 1328 3693 egeritis
1353 3629 1520 3682 virum
1550 3632 1906 3701 itnpostorem,
1933 3649 1988 3692 ut
2007 3639 2091 3696 di-

512 3703 657 3771 citis,
706 3706 918 3778 Deoque
959 3711 1326 3770 adversantem
1369 3733 1382 3769 :
1433 3719 1630 3788 quifit,
1677 3732 1734 3776 ut
1771 3739 1875 3778 non
1909 3725 2091 3783 feratis

514 3796 721 3853 laudem
743 3810 798 3857 et
814 3802 1090 3870 honorem,
1114 3822 1295 3862 vermn
1320 3811 1476 3865 etiam
1505 3814 1776 3870 acerbiora
1800 3821 1936 3887 passi
1952 3821 2088 3891 sitis,

511 3908 668 3962 quam
699 3910 815 3948 eum
846 3896 980 3952 filios
999 3908 1203 3953 vestros
1226 3905 1562 3960 mactaretis?
1591 3907 1780 3962 Annon
1807 3909 1942 3964 istud
1974 3928 2094 3982 per-

511 3985 750 4052 spicuum
779 3997 860 4042 est
889 3990 970 4043 vel
1008 3990 1302 4056 hebetibus,
1329 4009 1423 4048 vos
1457 3998 1575 4065 quia
1615 3998 1868 4057 adversus
1898 4002 2091 4058 Serva-

511 4086 681 4132 torem
718 4094 780 4134 ac
809 4081 1101 4151 principem
1131 4085 1273 4139 orbis
1299 4087 1456 4155 impie
1481 4091 1681 4158 cgiSIis,
1723 4093 1812 4147 tali
1848 4095 2090 4152 vindictae

512 4169 733 4235 subjici?
775 4173 842 4226 Et
884 4189 1021 4228 nunc
1059 4191 1185 4231 sane
1223 4178 1497 4233 abstinetis
1533 4198 1560 4234 a
1590 4185 1788 4240 nefario
1814 4192 2085 4256 sanguine,

515 4263 730 4318 sabbata
770 4269 1013 4332 servatis,
1047 4279 1154 4322 tum
1184 4285 1313 4325 vero
1339 4273 1508 4341 ipsum
1543 4276 1701 4330 etiam
1729 4277 1929 4333 sabbati
1950 4279 2090 4335 diem

515 4354 812 4408 violabatis.
850 4358 916 4410 At
943 4373 1066 4412 ecce
1098 4359 1235 4415 Deus
1264 4376 1358 4429 per
1381 4362 1662 4418 Jeremiam
1692 4368 1928 4434 promisit
1953 4369 2084 4438 fore,

514 4455 570 4498 ut
615 4459 852 4514 parceret
903 4450 1097 4504 civitati
1145 4463 1356 4516 vestra},
1416 4456 1458 4509 si
1515 4455 1838 4513 desisterctis
1883 4472 2089 4531 gestare

513 4551 674 4590 onera
705 4538 922 4593 sabbato
939 4539 1067 4603 (Jer.
1092 4542 1178 4595 17.
1207 4541 1320 4614 21).
1347 4543 1448 4598 Sed
1480 4545 1580 4600 hoc
1605 4563 1744 4602 nunc
1774 4549 1961 4615 facitis,
1991 4568 2088 4606 ne-

511 4641 614 4696 que
643 4630 858 4698 gestatis
891 4645 1048 4685 onera
1085 4633 1339 4699 sabbato;
1383 4644 1613 4692 attamen
1654 4653 1719 4692 ne
1760 4639 1836 4694 sic
1875 4641 2086 4710 quidem

511 4721 662 4776 vobis
691 4725 1056 4779 reconciliatur
1089 4725 1199 4780 ille.
1240 4726 1370 4782 Nam
1403 4739 1671 4796 peccatum
1700 4731 1826 4788 illud
1850 4743 2083 4788 vestrum

511 4825 625 4868 erat
671 4817 902 4869 omnium
951 4820 1257 4883 maximum,
1309 4828 1364 4872 ut
1405 4821 1502 4875 ista
1543 4823 1692 4877 vobis
1730 4827 1997 4880 excusatio
2021 4825 2086 4880 de

513 4906 742 4973 peccatis
783 4921 1170 4975 supervacanea
1199 4910 1286 4964 sit.
1314 4910 1426 4965 Non
1454 4914 1595 4966 enim
1639 4914 1709 4967 ob
1745 4924 1935 4972 caetera
1960 4918 2084 4972 vitae

508 5000 811 5060 commissa.
838 4999 933 5054 sed
968 5010 1180 5069 promer
1204 5003 1329 5057 illud
1355 5003 1555 5059 facinus
1581 5007 1631 5059 in
1668 5006 1750 5060 his
1786 5011 1910 5062 estis
1939 5009 2084 5064 cala-

508 5095 801 5151 mitatibus.
830 5096 980 5163 Quod
1011 5097 1061 5150 ni
1087 5097 1164 5151 sic
1192 5097 1429 5165 haberet,
1460 5099 1598 5154 Deus
1620 5100 1757 5154 haud
1784 5117 1876 5156 vos
1900 5103 2083 5157 fuisset

509 5188 707 5241 tamdiu
728 5197 1021 5252 aversatus,
1049 5189 1252 5243 etiamsi
1284 5193 1555 5246 innumera
1576 5193 1677 5246 alia
1707 5206 1918 5261 peccata
1939 5210 2082 5249 com-

509 5278 803 5333 ruisissetis.
849 5277 903 5331 Id
946 5294 1064 5333 cum
1111 5282 1443 5350 perspicuum
1481 5284 1550 5336 sit
1586 5300 1649 5338 ex
1689 5286 1932 5341 omnibus
1964 5302 2081 5355 quas

509 5370 645 5422 dicta
677 5380 817 5435 sunt,
844 5385 905 5424 ex
925 5369 1045 5437 hoc,
1077 5372 1216 5441 quod
1241 5373 1476 5428 dicturus
1496 5389 1632 5440 sum,
1657 5376 1758 5431 erit
1778 5376 2076 5448 dilucidius.

509 5459 641 5527 Quid
673 5469 753 5512 est
783 5459 924 5514 hoc?
949 5462 1255 5516 Audivimus
1283 5464 1442 5519 Deum
1467 5467 1654 5520 crebro
1679 5482 1772 5536 per
1799 5457 2080 5537 prophetas

509 5551 772 5603 dicentem
805 5551 1092 5619 majoribus
1118 5553 1304 5610 vestris
1332 5572 1347 5609 :
1387 5553 1488 5608 Vos
1528 5557 1731 5626 quidem
1765 5560 1915 5614 eratis
1942 5560 2080 5631 digni

512 5637 669 5689 malis
690 5639 1001 5704 innumeris,
1017 5651 1173 5712 atego
1194 5644 1334 5712 facio
1359 5657 1571 5715 propter
1594 5663 1778 5699 nomen
1805 5663 1998 5710 meum,
2015 5661 2074 5700 ne

513 5729 823 5798 profanetur
849 5732 984 5786 inter
1013 5733 1195 5792 Gentes
1217 5737 1433 5805 (Exerit.
1460 5741 1547 5794 36.
1572 5740 1685 5798 2|).
1711 5738 1776 5793 Et
1801 5756 2018 5796 rursum
2057 5758 2072 5794 :

1259 308 1316 363 S.
1357 309 1632 367 JOANNIS
1670 314 2133 374 CilRYSOSTOEli
2167 322 2476 382 ARCﬂlEP.
2513 328 3045 391 CONSTANTINOP.

3645 344 3754 403 908

2199 430 2322 488 Non
2345 444 2556 504 propter
2579 452 2665 490 vos
2686 453 2776 507 ego
2804 438 2968 505 facio,
2992 439 3179 497 domus
3210 442 3404 512 Israel,
3437 451 3526 504 sed
3543 466 3764 523 propter

2191 540 2377 580 nomen
2407 542 2576 580 meum
2598 525 2700 597 (1b.
2734 544 2782 582 υ.
2804 529 2915 591 52).
2948 530 3154 589 Sensus
3178 545 3357 591 autem
3377 539 3463 595 hic
3491 553 3610 600 est:
3633 562 3766 602 era-

2190 616 2262 668 tis
2286 617 2504 686 quidem
2535 620 2883 688 gravioribus
2913 622 3063 695 digni
3111 629 3392 698 suppliciis
3420 647 3484 687 ac
3524 639 3708 704 poenis
3740 657 3757 696 :

2188 722 2377 763 verum
2401 725 2469 764 ne
2486 713 2611 781 quis
2639 712 2866 779 diceret,
2897 716 3044 786 quod
3068 718 3232 784 Deus,
3262 737 3386 776 cum
3420 725 3491 780 ob
3514 727 3758 799 inopiam

2187 799 2387 854 virium
2416 817 2524 856 non
2553 815 2737 873 posset
2756 820 2997 872 servare,
3012 810 3233 880 reliquit
3257 811 3472 872 Judaeos
3499 818 3556 872 in
3576 822 3759 874 mani-

2187 891 2289 947 bus
2321 893 2586 959 hostium,
2612 897 2850 953 auxilior
2883 908 2936 954 et
2966 903 3244 974 prospicio
3275 909 3450 965 vobis.
3481 911 3677 982 itaque
3710 916 3758 970 si

2185 982 2320 1054 legis
2357 993 2730 1058 transgressor
2764 999 2881 1045 erat
2911 992 3184 1057 Christus,
3215 1013 3376 1067 quem
3407 1017 3503 1057 vos
3535 1005 3758 1060 cruciﬁ-

2183 1078 2364 1140 xistis,
2401 1079 2618 1134 etiamsi
2651 1081 2834 1138 decies
2875 1084 3023 1139 mille
3057 1099 3276 1156 peccata
3304 1095 3752 1164 comtnisissetis,

2181 1169 2353 1224 multo
2374 1171 2538 1225 etiam
2571 1175 2848 1242 prioribus
2887 1176 2995 1232 illis
3020 1179 3270 1248 graviora
3298 1200 3312 1235 :
3345 1182 3594 1251 profecto
3626 1201 3758 1255 pro-

2179 1268 2301 1328 pter
2359 1260 2461 1315 hoc
2518 1262 2720 1318 factum
2771 1278 3046 1324 servasset
3091 1286 3188 1325 vos
3229 1270 3389 1338 Deus,
3435 1290 3503 1329 ne
3549 1293 3752 1332 nomen

2179 1349 2352 1418 ipsius
2386 1353 2740 1422 pollueretur,
2777 1373 2846 1413 ne
2884 1359 2974 1415 ille
3017 1376 3115 1432 pro
3156 1377 3355 1433 magno
3379 1366 3614 1434 quodam
3650 1369 3752 1422 ha-

2178 1441 2419 1504 beretur.
2461 1461 2596 1502 neve
2631 1448 2757 1516 quis
2802 1451 3036 1516 diceret,
3067 1469 3168 1508 vos
3218 1455 3390 1524 ipsius
3436 1473 3604 1514 causa
3633 1461 3752 1516 haec

2177 1529 2300 1596 pati.
2330 1529 2479 1596 Quod
2509 1533 2550 1584 si
2584 1532 2788 1587 videtur
2809 1537 2878 1587 ob
2894 1551 3040 1590 suam
3068 1538 3233 1607 ipsius
3259 1541 3478 1610 gloriam
3505 1545 3753 1599 relaxare

2175 1628 2410 1683 peccata,
2443 1620 2606 1673 multo
2630 1623 2794 1692 ntagis
2823 1622 2923 1678 hoc
2947 1642 3086 1679 nunc
3115 1637 3231 1682 erat
3257 1630 3517 1692 facturus;
3553 1643 3610 1688 et
3645 1649 3757 1687 caa-

2174 1705 2292 1759 dem
2318 1706 2448 1762 hanc
2472 1720 2739 1780 acceptam
2776 1715 3062 1782 habuisset,
3104 1732 3165 1771 ac
3191 1719 3581 1775 multitudinem
3620 1737 3754 1791 pec-

2173 1807 2410 1852 catorum
2443 1810 2732 1856 vestrorqu
2763 1803 3065 1862 delevisset.
3089 1808 3350 1866 Caeterum
3375 1815 3627 1882 quoniam
3650 1857 3664 1879 ,
3696 1827 3753 1870 ut

2177 1899 2412 1956 apparet,
2443 1905 2536 1944 vos
2557 1903 2810 1962 perpetuo
2834 1908 3126 1965 aversatur,
3172 1901 3340 1969 palam
3369 1915 3450 1958 est
3497 1921 3620 1959 eum
3658 1922 3754 1976 per

2179 1977 2310 2032 hanc
2339 1981 2467 2034 iram
2511 1992 2564 2036 et
2603 1995 2908 2055 perpetuam
2953 1988 3348 2048 derelictionem
3383 1994 3752 2054 demonstrare

2176 2071 2333 2120 etiam
2375 2071 2844 2140 impudentioribus
2870 2093 3012 2142 eum,
3051 2081 3138 2150 qui
3173 2097 3202 2135 a
3229 2085 3375 2140 vobis
3407 2087 3621 2141 occisus
3643 2098 3749 2154 est,

2176 2173 2278 2212 non
2308 2159 2466 2216 fuisse
2487 2171 2930 2235 transgressorem
2962 2169 3110 2240 legis,
3150 2173 3242 2227 sed
3265 2173 3434 2243 ipsum
3458 2178 3592 2247 legis
3617 2193 3750 2233 con—

2173 2251 2420 2320 ditorem,
2447 2264 2501 2308 et
2520 2255 2978 2315 innumerabilium
3008 2261 3267 2318 bonorum
3301 2279 3574 2323 auctorem
3602 2272 3751 2326 vobis

2171 2343 2468 2400 advenisse.
2502 2345 2625 2402 ideo
2651 2364 2745 2404 vos
2765 2351 2852 2421 qui
2884 2353 3044 2423 impie
3073 2354 3269 2410 fecistis
3291 2358 3547 2413 adversus
3575 2361 3749 2425 illum,

2173 2434 2226 2488 in
2243 2438 2556 2493 contumelia
2585 2449 2639 2494 et
2659 2441 2940 2511 ignominia
2966 2444 3186 2515 degitis:
3219 2463 3315 2501 nos
3341 2464 3470 2504 vero
3485 2451 3574 2521 qui
3605 2453 3750 2506 illum

2171 2526 2473 2598 adoramus,
2500 2542 2653 2587 antea
2683 2535 2831 2590 vobis
2858 2538 3102 2592 omnibus
3126 2539 3464 2607 ignobiliores
3485 2583 3500 2606 ,
3545 2542 3751 2598 honore

2172 2633 2267 2673 vos
2290 2637 2475 2676 omnes
2500 2625 2865 2692 prteccdimus.
2914 2640 3110 2697 perque
3140 2629 3233 2684 Dei
3261 2631 3484 2700 gratiam
3520 2648 3750 2688 venera-

2173 2707 2385 2764 biiiores
2420 2712 2569 2768 vobis
2597 2715 2841 2770 omnibus
2865 2732 3049 2773 sumus
3082 2729 3136 2773 et
3169 2719 3220 2773 in
3259 2720 3460 2790 majore
3494 2722 3752 2792 dignitate

2172 2800 2460 2856 constituti.
2490 2804 2555 2858 Et
2575 2804 2715 2862 unde
2742 2806 2923 2878 liquet,
2964 2809 3225 2879 inquiunt,
3268 2812 3406 2882 quod
3440 2829 3537 2867 nos
3559 2816 3750 2884 repulit

2176 2892 2350 2947 Deus?
2374 2893 2564 2961 Quzeso
2591 2906 2661 2963 te,
2683 2899 2915 2955 etiamne
2940 2915 3073 2970 opus
3096 2911 3178 2956 est
3209 2901 3308 2956 hoc
3326 2903 3502 2960 verbis
3527 2904 3750 2960 demon-

2172 2992 2361 3048 strare,
2391 3001 2510 3040 cum
2534 2987 2644 3056 ipsa
2661 3005 2747 3043 res
2767 2990 3016 3055 clamitet,
3039 3006 3102 3046 ac
3121 3005 3301 3047 vocem
3327 2994 3447 3048 tuba
3466 2996 3747 3051 clariorem

2171 3074 2394 3142 emittat,
2446 3085 2553 3131 tum
2597 3094 2695 3148 per
2724 3077 2868 3136 urbis
2903 3083 3252 3147 eversionem,
3285 3093 3392 3138 tum
3429 3101 3525 3156 per
3563 3089 3747 3158 templi

2170 3165 2579 3223 destructionem
2622 3180 2728 3224 tum
2761 3187 2856 3240 per
2882 3181 3072 3226 caetera
3101 3175 3298 3239 omnia,
3343 3176 3517 3230 adhuc
3554 3179 3746 3232 verbo-

2171 3274 2286 3312 rum
2311 3257 2811 3316 demonstrationem
2851 3262 3194 3319 desideratis?
3234 3265 3429 3320 Verum
3479 3268 3747 3330 homines,

2171 3349 2429 3419 inquiunt,
2463 3351 2616 3406 nobis
2657 3353 2770 3408 haec
2791 3354 3096 3420 intulerunt,
3129 3371 3232 3412 n0n
3264 3357 3418 3411 Deus.
3466 3355 3584 3411 imo
3615 3360 3749 3414 Deus

2169 3441 2267 3495 ista
2291 3442 2620 3511 potissimum
2647 3444 2838 3499 effecit.
2865 3446 3016 3513 Quod
3042 3448 3084 3500 si
3107 3447 3221 3502 hac
3247 3447 3548 3504 hominibus
3574 3452 3749 3521 impuo

2171 3545 2270 3599 tas,
2299 3535 2428 3590 illud
2466 3550 2676 3590 rttrsum
2718 3539 3013 3604 considera,
3041 3539 3202 3609 quod,
3242 3540 3342 3595 etsi
3370 3540 3620 3598 homines
3654 3544 3750 3597 ista

2167 3625 2360 3681 fuerint
2397 3628 2531 3693 ausi,
2576 3627 2674 3682 nisi
2715 3628 2824 3684 Deo
2871 3629 3171 3699 placuisset,
3217 3647 3322 3686 non
3354 3633 3660 3701 potuissent
3685 3634 3747 3688 ad

2167 3715 2412 3772 effectum
2440 3717 2748 3788 perducere.
2773 3720 2901 3774 Cum
2921 3721 3075 3790 igitur
3095 3722 3331 3778 irruisset
3351 3724 3438 3777 ille
3466 3725 3747 3790 barbarus,

2170 3817 2330 3863 totam
2361 3809 2630 3864 Persidem
2659 3824 2840 3864 secum
2864 3810 3082 3876 ducens,
3128 3826 3347 3881 sperans
3377 3814 3512 3876 fore,
3543 3823 3605 3869 ut
3631 3818 3745 3869 uni-

2169 3915 2352 3956 versos
2372 3899 2587 3954 adortus
2611 3910 2845 3969 caperet,
2890 3902 3154 3957 civitatem
3185 3913 3346 3958 totam
3377 3907 3522 3960 velut
3550 3921 3744 3977 sagena

2167 3993 2392 4063 quadam
2415 4009 2477 4049 ac
2497 3995 2596 4048 reti
2622 3995 2923 4050 conclusam
2953 3996 3177 4051 habebat
3209 4014 3223 4053 :
3250 4013 3424 4053 nonne
3445 4009 3596 4060 tunc.
3627 4009 3746 4054 tunc

2170 4085 2402 4155 inquam,
2442 4085 2688 4154 quoniam
2716 4085 2852 4140 Deus
2883 4097 2998 4141 erat
3029 4087 3178 4141 vobis
3212 4089 3501 4158 propitius,
3546 4090 3747 4162 absque

2171 4174 2329 4239 bello,
2369 4175 2483 4229 sine
2513 4175 2793 4242 conﬂictu,
2849 4177 2964 4230 sine
3003 4177 3185 4244 proelio
3225 4188 3433 4232 centum
3474 4182 3744 4249 octoginta

2169 4267 2400 4338 quinque
2437 4267 2668 4322 millibus
2708 4266 2931 4321 militum
2968 4268 3360 4323 interfectorum
3399 4270 3742 4340 Assyriorum

2169 4359 2306 4428 apud
2359 4373 2454 4413 vos
2509 4360 2743 4429 relictis,
2793 4361 2864 4417 ita
2891 4359 3055 4430 fugit,
3107 4371 3164 4414 ut
3216 4361 3343 4416 satis
3393 4361 3657 4427 haberet,
3703 4364 3744 4417 si

2171 4450 2315 4503 solus
2339 4449 2585 4506 evaderet
2611 4451 2930 4507 incolumis?
2959 4451 3149 4506 Verum
3176 4463 3230 4506 et
3261 4452 3360 4505 alia
3402 4451 3537 4507 bella
3583 4454 3742 4507 innu-

2173 4539 2439 4593 merabilia
2487 4539 2790 4611 frequenter
2825 4541 2892 4596 ad
2939 4542 3098 4596 istum
3137 4542 3350 4596 modum
3391 4541 3551 4595 solvit
3578 4542 3741 4596 Dens.

2171 4631 2345 4698 Quare
2358 4641 2412 4686 et
2432 4649 2589 4698 nunc,
2619 4634 2718 4688 nisi
2738 4635 2850 4704 ipse
2869 4643 3012 4689 esset
3035 4634 3123 4703 qui
3147 4635 3351 4704 penitus
3371 4649 3463 4688 vos
3483 4633 3738 4698 deseruit,

2175 4738 2281 4778 non
2300 4725 2594 4793 potuissent
2617 4727 2886 4781 civitatem
2903 4735 3133 4781 vestram
3155 4725 3382 4791 diruere,
3409 4741 3469 4780 ac
3487 4727 3740 4797 templum

2174 4825 2406 4880 vastare;
2438 4832 2541 4871 non
2564 4817 2835 4887 hucusque
2861 4827 3007 4872 tanto
3040 4827 3278 4888 tempore
3307 4817 3588 4871 mansisset
3616 4818 3738 4872 soli-

2172 4906 2368 4960 tudinis
2393 4907 2684 4974 calamitas,
2726 4923 2830 4961 non
2851 4907 3002 4962 vobis
3028 4924 3170 4977 saepe
3193 4909 3504 4964 conantibus
3538 4910 3739 4964 instau-

2171 4998 2428 5054 rationem
2455 5009 2673 5054 conatus
2695 5000 2746 5054 in
2775 5015 2995 5054 vacuum
3025 5003 3292 5057 cessisset.

2241 5092 2292 5146 4.
2315 5091 2431 5146 Jam
2462 5107 2568 5146 non
2588 5107 2656 5146 ex
2687 5091 2768 5147 his
2791 5093 2982 5158 solum,
3011 5107 3192 5146 verum
3217 5092 3374 5146 etiam
3407 5105 3474 5146 ex
3501 5090 3623 5145 aliis
3647 5105 3743 5146 ca-

2172 5183 2340 5238 nabor
2362 5182 2511 5239 vobis
2536 5184 2709 5254 palam
2748 5183 2946 5248 facere,
2983 5201 3087 5237 non
3115 5198 3207 5237 sua
3239 5184 3430 5239 virtute
3462 5182 3616 5240 vobis
3645 5183 3742 5237 ista

2169 5275 2359 5330 fecisse
2382 5274 2647 5329 Romanos
2683 5275 3052 5343 Imperatores,
3091 5274 3184 5328 sed
3209 5275 3329 5345 quia
3355 5273 3518 5327 Deum
3556 5274 3744 5328 habui-

2168 5369 2264 5422 stis
2293 5368 2504 5432 iratnm,
2537 5367 2625 5437 qui
2661 5383 2756 5420 vos
2781 5367 3103 5422 deseruerat.
3145 5366 3348 5421 Etenim
3387 5365 3432 5419 si
3469 5365 3612 5434 quod
3651 5382 3745 5436 ge-

2167 5471 2304 5516 stum
2335 5469 2435 5529 est,
2475 5461 2760 5515 humanum
2787 5472 2899 5516 erat
2928 5475 3060 5530 opus
3086 5476 3102 5515 :
3148 5458 3376 5530 oportuit
3417 5468 3626 5511 vestras
3658 5473 3746 5512 ca-

2167 5555 2429 5608 lamitates
2456 5552 2662 5608 excidio
2699 5551 2856 5616 ﬁniri,
2892 5567 2990 5607 nec
3030 5551 3234 5621 longius
3265 5547 3487 5619 proferri
3507 5558 3742 5602 vestram

2167 5646 2528 5712 Ignominiam.
2553 5646 2818 5701 Ponamus
2837 5645 3000 5711 enim,
3025 5645 3164 5715 quod
3196 5656 3292 5697 vos
3317 5640 3510 5703 dicitis,
3544 5641 3738 5694 mmnia

2171 5739 2236 5794 ab
2261 5727 2752 5794 hominibus'fuisse
2780 5737 3052 5796 subversa.
3088 5736 3348 5791 civitatem
3373 5732 3627 5796 dirutam,
3661 5731 3730 5785 ιι
