3920 6242
99 362 207 418 9οἶ

98 496 190 542 νος
217 478 316 534 οὗ)
341 479 531 535 ἕνεκεν
563 482 662 537 οὑκ
691 485 984 559 ἠνέσχετο;
1026 488 1146 543 Κᾶν
1180 489 1336 559 ὑμεῖς
1363 487 1689 560 αἰσχύνησθε

97 565 280 617 είπεῖν
310 563 410 633 τὴν
441 563 642 628 αἰτίαν,
680 568 791 636 ἐγὼ
821 571 1067 642 φανερῶς
1091 571 1232 643 ἐρῶο
1263 571 1460 643 μᾶλλον
1499 571 1556 623 δέ
1591 570 1690 622 οὑκ

99 646 235 716 ἐγὼ,
260 646 379 700 ἀλλ’
409 647 546 719 αὑτὴ
570 650 678 703 τῶν
708 654 1051 724 πραγμάτων
1075 655 1108 725 ἡ
1139 651 1388 725 ἀλήθεια.

186 809 409 880 Ἐπειδὴ
436 811 526 864 τὸν
557 812 791 882 Χριστὸν
819 814 1192 878 ἀπεκτείνατε,
1220 815 1407 886 ἐπειδὴ
1433 813 1574 867 κατά
1596 814 1690 867 τοῦ

103 894 382 946 Δεσπότου
419 895 518 957 τὰς
560 899 750 966 χεῖρας
795 897 1116 963 ἐξετείνατε,
1150 899 1339 968 ἐπειδὴ
1366 898 1428 950 τὸ
1460 892 1598 966 αἷμα
1632 899 1692 951 τὸ

102 977 290 1046 τίμιον
320 977 594 1046 ἐξεχέατε.
627 979 717 1032 διὰ
744 979 901 1034 τοῦτο
925 982 1026 1034 οὑκ
1057 980 1202 1034 ἐστιν
1230 981 1359 1052 ὑμῖν
1383 980 1688 1052 διόρθωσις,

102 1061 226 1113 οὑδέ
263 1060 562 1132 συγγνώμη
591 1061 795 1127 λοιπὸν,
821 1063 941 1116 οὑδὲ
981 1065 1266 1132 ἀπολογία.
1295 1063 1426 1117 Τότε
1459 1063 1554 1133 μὲν
1582 1062 1692 1134 γὰρ

103 1147 183 1208 είς
212 1143 437 1206 δούλους
460 1139 528 1214 ἦν
547 1144 616 1197 τά
640 1144 984 1216 τολμώμενα,
1004 1151 1083 1211 εἰς
1102 1147 1338 1202 Μωῦσέα
1359 1147 1692 1200 καὶἮσαῒαν

105 1229 199 1280 καὶ
234 1227 511 1298 Ἱερεμίαν
531 1245 545 1258 ο
578 1229 700 1281 τότε
733 1231 781 1282 εί
812 1230 907 1284 καὶ
945 1230 1173 1285 ἀσέϐειά
1198 1248 1282 1295 τις
1315 1231 1549 1300 ἐγένετο,
1578 1230 1692 1284 ἀλλ’

102 1309 264 1364 οῦπω
297 1312 360 1364 τὸ
382 1311 678 1380 κεφάλαιον
707 1313 815 1366 τῶν
845 1314 1029 1367 κακῶν
1057 1311 1124 1386 ἧν
1152 1314 1441 1386 τολμηθέν.
1479 1315 1614 1367 Νυνὶ
1637 1314 1695 1367 δὲ

105 1396 290 1447 πάντα
318 1394 674 1466 άπεκρύψατε
706 1396 775 1449 τά
803 1396 1030 1462 παλαιὰ,
1062 1399 1236 1452 οὐδενὶ
1281 1398 1337 1452 δέ
1369 1399 1555 1470 τρόπῳ
1591 1415 1697 1450 πα-

107 1479 380 1547 ρανομίας
410 1479 712 1550 ὑπερϐολὴν
743 1481 1060 1534 κατελίπετε
1089 1482 1177 1548 διά
1206 1482 1307 1551 τῆς
1346 1485 1424 1546 εἰς
1462 1481 1694 1552 Χριστὸν

112 1562 343 1630 μανίαςο
375 1562 454 1614 διὸ
476 1562 570 1615 καὶ¹
599 1562 858 1632 μειζόνως
892 1565 1183 1628 κολάζεσθε
1211 1564 1324 1617 νῦν.
1345 1565 1517 1626 Ἐπεὶ,
1539 1566 1588 1617 εί
1619 1563 1693 1635 μὴ

107 1644 271 1696 τοῦτό
300 1647 418 1697 ἐστι
443 1645 505 1697 τὸ
533 1646 702 1699 αἴτιον
734 1647 834 1716 τῆς
865 1646 1143 1718 παρούσης
1169 1645 1320 1718 ὑμῶν
1357 1647 1598 1718 ἀτιμίας,
1622 1646 1698 1698 τί·

108 1743 198 1790 νος
220 1727 411 1780 ἕνεκεν
435 1727 926 1782 παιδοκτονούντων
953 1730 1050 1800 μέν
1074 1729 1227 1801 ὑμῶν
1249 1733 1277 1784 6
1296 1730 1427 1793 Θεὸς
1441 1731 1696 1800 ήνέσχετο

107 1811 255 1871 τότε,
283 1811 452 1882 μηδὲν
470 1812 527 1864 δὲ
547 1812 788 1865 τοιοῦτον
809 1813 1123 1883 τολμῶντας
1145 1813 1548 1886 ἀποστρέφεται
1569 1812 1693 1877 νῦν;

110 1889 188 1946 Ἦ
217 1895 383 1963 δῆλον
408 1895 490 1948 ὃτι
518 1897 612 1948 καὶ
634 1896 1010 1960 παιδοκτονίας
1030 1897 1126 1950 καὶ
1147 1897 1328 1962 πάσης
1349 1895 1697 1966 παρανομίας

111 1978 297 2048 πολλῷ
328 1982 511 2048 χεῖρον
556 1979 890 2051 ἐτολμήσατε
939 1981 1036 2033 καὶ
1082 1978 1287 2052 μεῖξον,
1319 1980 1411 2033 τὸν
1464 1980 1696 2051 Χριστὸν

109 2062 420 2128 ἀνελόντες.

183 2233 260 2303 γ’.
294 2236 420 2289 Ἔτι
441 2231 534 2289 οὖν
556 2235 813 2302 ἀνέξεσθε
833 2235 1036 2290 πλάνον
1075 2236 1236 2291 αὑτὸν
1266 2236 1360 2290 καὶ
1383 2235 1698 2307 παράνομον

111 2320 324 2383 καλεῖν,
354 2320 548 2373 εἴπατέ
579 2337 669 2389 μοι
691 2336 704 2348 ⁸
740 2321 836 2372 καὶ
855 2320 955 2373 οὑκ
983 2319 1312 2383 ἀπελθόντες
1342 2318 1568 2382 ἐαυτούς
1595 2333 1696 2370 που

111 2401 493 2474 κατορύξετε⁴Ιι
525 2403 662 2473 πρὸς
710 2401 854 2456 οὑτω
902 2403 1141 2474 φανερὰν
1192 2401 1535 2473 πραγμάτων
1567 2398 1700 2469 ἀλή-

111 2486 267 2540 θειαν
298 2485 747 2550 ἀντιϐλέποντεςς
793 2487 855 2539 El
901 2485 1009 2556 γάρ
1056 2485 1255 2550 πλάνος
1296 2481 1363 2557 ἦν
1410 2489 1438 2538 6
1472 2483 1697 2556 Ἰησοῦς,

113 2570 374 2639 καθάπερ
404 2567 558 2640 [655]
589 2569 746 2638 φατὲ,
773 2570 866 2622 καὶ
905 2568 1243 2639 παράνομος,
1281 2569 1374 2622 καὶ
1413 2567 1702 2638 εὐδοκιμῆ-

113 2669 208 2706 σαι
236 2653 386 2722 ὑμᾶς
415 2653 604 2723 ἐχρῆν,
638 2652 720 2705 ὃτι
746 2651 907 2706 αὑτὸν
932 2653 1308 2705 ἀπεκτείνατε.
1337 2652 1400 2703 Εἰ
1424 2650 1534 2722 γὰρ
1565 2650 1594 2702 6
1614 2652 1704 2702 Φι-

113 2738 236 2800 νεὲς
261 2737 363 2791 ἕνα
392 2735 516 2790 τινὰ
539 2736 764 2801 ἀνελὼν,
790 2735 984 2805 όλόκλη
991 2753 1080 2808 ρον
1103 2736 1202 2806 τὴν
1225 2735 1367 2790 κατὰ
1393 2734 1487 2788 τοῦ
1520 2735 1704 2798 ἔθνους

113 2820 596 2892 όργὴν,ἕπαυσεν·
637 2823 824 2891 Ἕστη
870 2821 982 2892 γὰρ
1022 2821 1250 2887 Φινὲες,
1291 2822 1444 2890 φησὶ,
1482 2820 1579 2874 καὶ
1609 2820 1706 2884 ἐξ·

115 2905 397 2968 ιλὰσατο,
426 2904 526 2958 καὶ
570 2905 872 2958 ἐκόπασεν
899 2906 938 2971 ἡ
972 2905 1221 2971 θραῦσις
1239 2922 1253 2935 ·
1279 2904 1374 2958 καὶ
1419 2902 1704 2968 τοσούτους

112 2989 498 3059 ἀσεϐήσαντας
545 2986 863 3058 ἀνθρώπους
914 2988 1192 3060 ἐξήρπασε
1242 2987 1342 3057 τῆς
1391 2987 1558 3060 ὀργῆς
1610 2985 1704 3039 τοῦ

107 3071 254 3152 ,Θεοῦ
307 3073 408 3142 μιᾷ
458 3073 639 3142 σφαγῇ
690 3071 1010 3141 παρανόμου
1062 3071 1206 3133 τινὸς
1254 3070 1480 3141 ἀνδρός”
1528 3069 1708 3140 πολλῷ

118 3155 325 3226 μᾶλλον
354 3156 439 3223 ἐφ’
463 3153 616 3224 ὑμῶν
657 3152 818 3207 τοῦτο
841 3153 1096 3221 γενέσθαι
1141 3153 1331 3224 ἐχρῆν,
1360 3154 1413 3206 εί
1438 3169 1502 3220 γε
1535 3155 1710 3224 παρά-

117 3255 283 3309 νομος
335 3232 404 3308 ἦν
452 3240 480 3290 6
529 3237 618 3304 ὑφ’
649 3235 802 3306 ὑμῶν
848 3236 1198 3307 σταυρωθείς.
1230 3237 1296 3289 Τί
1327 3237 1528 3307 δήποτε
1559 3233 1653 3292 οῦν
1679 3240 1709 3292 6

117 3323 220 3391 μὲν
253 3322 444 3383 Φινεὲς
469 3319 639 3391 ἄνδρα
670 3320 984 3390 παράνομον
1013 3319 1216 3373 ἀνελὼν
1252 3319 1574 3384 ἐδικαιοῦτο,
1614 3321 1710 3373 καὶ

116 3403 397 3476 ἱερωσύνῃ
443 3405 700 3474 ἐτιμᾶτο·
751 3403 910 3474 ὑμεῖς
955 3403 1034 3468 δὲ,
1061 3404 1137 3467 ώς
1187 3405 1342 3473 φατὲ,
1370 3404 1569 3457 πλάνον
1615 3404 1710 3457 καὶ

114 3488 373 3542 ἀντίθεόν
394 3504 516 3540 τινα
541 3485 970 3558 σταυρώσαντες,
989 3488 1048 3539 οὑ
1073 3487 1234 3558 μόνον
1259 3488 1359 3540 οὐκ
1375 3488 1709 3558 εὐδοκιμεῖτε

113 3574 242 3628 οὐδὲ
274 3571 535 3642 τιμᾶσθε,
563 3571 698 3624 ἀλλά
750 3571 844 3623 καὶ
889 3570 1247 3642 χαλεπώτερα
1275 3572 1528 3635 ἐπάθετε,
1556 3572 1588 3641 ἦ
1621 3573 1710 3626 ὅτε

113 3659 249 3718 τοὺς
285 3657 440 3719 υἱοὺς
475 3655 628 3725 ὑμῶν
675 3654 1002 3723 ἐσφάττετες
1050 3655 1152 3708 οὑκ
1193 3655 1416 3726 εῦδηλον
1463 3657 1556 3709 καὶ
1599 3657 1711 3716 τοῖς

117 3740 338 3810 σφόδρα
384 3739 654 3806 ἀνοήτοις,
695 3738 796 3799 ὃτι,
833 3737 1021 3810 ἐπειδὴ
1065 3740 1145 3802 είς
1196 3739 1288 3792 τὸν
1336 3739 1564 3808 Σωτῆρα
1619 3737 1714 3790 καὶ

117 3823 443 3894 προστάτην
480 3822 583 3892 τῆς
611 3821 937 3892 οἰκουμένης
980 3824 1430 3893 παρηνομήσατε,
1458 3820 1712 3892 τοιαύτην

117 3908 435 3977 ὑπομένετε
485 3905 674 3976 δίκην;
728 3905 922 3958 Καίτοι
969 3921 1034 3974 γε
1076 3904 1172 3959 νῦν
1207 3906 1302 3958 καὶ
1335 3905 1580 3976 αἱμάτων
1611 3907 1716 3959 ἀπ-

116 3991 319 4060 έχεσθε
354 3989 584 4059 μιαρῶν,
610 3991 703 4042 καὶ
727 3989 973 4042 σάϐϐατα
1004 3991 1220 4060 τηρεῖτε
1239 4006 1252 4019 ·
1280 3989 1400 4041 τότε
1428 3989 1485 4042 δὲ
1513 3990 1606 4042 καὶ
1635 3991 1715 4051 είς

118 4073 300 4144 αὑτὴν
331 4071 639 4142 ἐνυϐρίζετε
670 4071 768 4143 τὴν
800 4073 1032 4143 ἡμέραν.
1063 4074 1174 4126 Καὶ
1216 4074 1245 4126 6
1283 4073 1414 4136 Θεὸς
1445 4071 1716 4143 ἐπηγγέλ-

120 4157 250 4209 λετο
277 4154 370 4207 διὰ
397 4155 492 4207 τοῦ
535 4155 819 4225 Ἱερεμίου,
851 4155 1128 4224 φείδεσθαι
1161 4157 1262 4226 τῆς
1301 4157 1508 4219 πόλεως
1537 4155 1712 4226 ὑμῶν,

121 4245 172 4294 εξ
203 4237 506 4294 παύσοισθε
540 4238 783 4310 αἴροντες
809 4240 1169 4310 βαστάγματα
1194 4243 1252 4294 ἐν
1281 4240 1534 4311 σαϐϐάτῳ
1555 4257 1567 4269 ·
1599 4239 1714 4293 ἀλλ’

125 4326 244 4378 ἰδοὺ
290 4322 386 4375 νῦν
415 4321 573 4376 τοῦτο
599 4327 825 4386 ποιεῖτε,
858 4324 953 4377 καὶ
990 4325 1090 4377 οὑκ
1131 4326 1315 4395 αῑρετε
1359 4324 1717 4394 βαστάγματα

123 4412 186 4461 ἐν
241 4407 516 4477 σαϐϐάτῳ,
567 4410 662 4460 καὶ
705 4407 824 4460 οὑδέ
871 4407 1044 4471 οὑτως
1089 4407 1516 4463 καταλλάττεται
1564 4409 1713 4480 ὑμῖν.

124 4494 204 4546 Τὸ
250 4492 359 4560 γάρ
400 4491 706 4562 ἁμάρτημα
735 4491 889 4562 ὑμῶν
917 4492 1094 4545 ἐκεῖνο
1123 4492 1378 4548 ἀπάντων
1407 4491 1588 4562 μεῖζον
1625 4488 1714 4563 ἦν,

122 4576 275 4630 ὥστε
319 4574 572 4645 περιττὸς
617 4576 746 4644 ὑμῖν
785 4570 938 4638 οὗτος
975 4578 1004 4630 6
1031 4576 1183 4644 λόγος
1217 4577 1246 4629 6
1273 4575 1380 4629 τῶν
1411 4575 1715 4647 ἁμαρτιῶν.

127 4659 209 4712 Οὑ
242 4657 351 4728 γάρ
376 4657 466 4711 διὰ
498 4658 589 4711 τὸν
634 4658 818 4711 λοιπὸν
854 4659 1008 4730 ὑμῶν
1035 4659 1168 4728 βίον,
1195 4658 1329 4711 ἀλλά
1358 4658 1424 4711 δι’
1451 4660 1626 4712 ἐκεῖνο
1659 4659 1720 4710 τὸ

123 4742 395 4813 τόλμημα
425 4743 482 4795 ἐν
504 4745 614 4806 τοῖς
643 4741 910 4812 παροῦσιν
933 4743 1054 4795 ἐστέ
1073 4742 1454 4806 δεινοῖς.Ὤστε
1480 4743 1533 4796 εῐ
1554 4759 1616 4810 γε
1644 4741 1720 4812 μὴ

124 4827 295 4880 τοῦτο
325 4821 415 4896 ἦν,
445 4826 546 4878 οὑκ
573 4826 638 4878 ἂν
668 4826 760 4878 ἐπὶ
783 4825 1035 4879 τοσοῦτον
1063 4829 1090 4879 6
1115 4827 1246 4890 Θεὸς
1279 4827 1422 4896 ὑμᾶς
1447 4826 1722 4896 ἀπεστρά-

127 4928 236 4981 φη,
263 4910 316 4961 εί
349 4911 444 4963 καὶ
479 4908 647 4979 μυρία
675 4905 774 4980 ἦτε
807 4909 1215 4979 ἡμαρτηκότες⁹
1252 4910 1347 4962 καὶ
1376 4909 1534 4979 δῆλον
1570 4908 1634 4962 ἐκ
1659 4925 1721 4962 τε

127 4995 246 5048 τῶν
275 4993 580 5063 εἰρημένων
605 4993 880 5056 ἀπάντων,
916 4993 1009 5045 καὶ
1031 4991 1218 5046 τούτου
1247 4987 1308 5046 οὗ
1339 4993 1514 5058 μέλλω
1542 4993 1722 5060 λέγειν

129 5077 255 5132 νῦν.
290 5076 356 5128 Τί
383 5076 441 5128 δὲ
468 5074 626 5129 τοῦτό
661 5079 840 5137 ἐστιν;
883 5074 1226 5146 Ἦκούσαμεν
1248 5075 1337 5128 τοῦ
1360 5075 1495 5128 Θεοῦ
1521 5075 1722 5128 πολλά-

132 5179 228 5224 κις
259 5159 511 5228 λέγοντος
555 5160 644 5213 διὰ
673 5160 781 5214 τῶν
810 5160 1104 5232 προφητῶν
1149 5159 1284 5230 πρὸς
1321 5161 1446 5224 τοὺς
1477 5162 1721 5234 πατέρας

128 5246 265 5307 τοὺς
312 5244 636 5316 ὑμετέρους,
679 5245 761 5298 ὅτι
803 5243 998 5313 Ὑμεῖς
1019 5243 1136 5313 μὲν·
1159 5243 1314 5308 ἄξιοι
1343 5244 1572 5312 μυρίων
1617 5242 1724 5315 ἦτε

129 5326 343 5383 κακῶν
364 5345 378 5357 ο
417 5328 533 5397 ἐγὼ
552 5328 641 5394 δὲ,
679 5328 832 5398 φησὶ,
863 5327 1010 5381 ποιῶ
1041 5325 1134 5382 διὰ
1159 5329 1226 5382 τό
1256 5327 1442 5398 ὄνομά
1458 5346 1596 5398 μου,
1624 5331 1724 5384 ἵνα

128 5413 220 5484 μὴ
254 5411 581 5480 βεϐηλωθῇ
614 5413 683 5466 ἐν
726 5413 851 5479 τοῖς
882 5412 1102 5469 ἔθνεσι.
1146 5415 1253 5468 Καὶ
1296 5413 1486 5467 πάλιν·
1536 5416 1618 5468 Οὐ
1645 5413 1719 5468 δι’

126 5497 298 5569 ὑμᾶς
465 5495 633 5562 ποιῶ,
663 5493 826 5563 οἶκος
853 5497 958 5552 τοῦ
997 5498 1256 5568 Ἰσραὴλ,
1290 5499 1427 5554 ἀλλ’
1456 5498 1496 5567 ἢ
1530 5498 1628 5555 διὰ
1657 5503 1723 5557 τὸ

127 5580 334 5653 ὄνομά
372 5584 593 5651 μου.Ὃ
638 5582 694 5636 δὲ
741 5582 909 5650 λέγει,
936 5583 1173 5638 τοιοῦτόν
1220 5586 1372 5639 ἐστι·
1406 5585 1722 5658 Βαρυτέρας

201 5827 231 5859 ⁸
259 5823 492 5889 Quinque
509 5840 622 5878 mss.
649 5826 940 5890 κατορύξετι,
967 5829 1136 5880 Morel.
1161 5829 1474 5893 κατωρύξατε.

1247 367 1616 426 ADVERSUS
1649 363 1958 422 ιυυίευε.
2000 365 2090 423 Vl.

3259 368 3369 421 908

1797 483 1898 554 μὲν
1931 485 2201 557 τιμωρίας
2230 479 2328 555 ἦτε
2359 487 2498 552 ἄξιοι
2543 487 2637 542 καὶ
2687 483 2960 546 κολάσεως
2981 499 2992 512 ο
3029 481 3143 533 ἀλλ’
3177 482 3263 535 ἵνα
3296 484 3370 554 μή

1795 585 1880 630 τις
1917 569 2072 641 λέγῃ,
2105 570 2186 622 ὅτι
2218 570 2462 623 ἀσθενῶν
2485 573 2514 626 6
2543 571 2696 634 Θεὸς,
2727 569 2819 622 καὶ
2854 568 2927 638 μὴ
2953 566 3247 636 δυνάμενος
3277 565 3370 618 at?»

1796 669 1906 716 σαι,
1940 654 2118 723 ἀφῆκε
2153 655 2278 716 τοὺς
2322 653 2610 716 Ἰουδαίους
2648 656 2767 715 ταῖς
2798 651 2907 704 τῶν
2941 649 3214 720 πολεμίων
3253 665 3372 719 χερ-

1796 736 1900 799 σὶν,
1931 736 2400 807 ἀντιλαμϐάνομαι
2426 737 2519 789 καὶ
2554 734 3075 808 προΐσταμαι.”Ωστε
3109 735 3157 785 εί
3191 731 3372 803 παρά-

1794 835 1955 889 νομος
1989 815 2057 890 ἦν
2099 821 2127 872 6
2171 819 2424 891 Χριστὸς,
2460 821 2619 890 ὑμεῖς
2650 817 2706 871 δὲ
2758 817 2919 872 αὑτὸν
2970 813 3372 886 ἐσταυρώσατε,

1796 903 1889 955 καὶ
1914 904 1962 956 εἰ
1992 903 2159 974 μυρία
2185 900 2282 975 ἦτε
2315 905 2712 977 ἡμαρτηκότες,
2741 905 2835 957 καὶ
2864 900 3042 971 πολλῷ
3092 900 3195 952 τῶν
3233 915 3374 968 προ-

1794 986 1852 1038 τέ
1863 1003 1967 1056 ρων
1990 986 2366 1059 χαλεπώτερα,
2391 988 2607 1052 πάντως
2635 987 2700 1040 ἂν
2733 987 2763 1039 ὑ
2772 987 2876 1057 μᾶς
2899 987 2928 1038 6
2951 984 3081 1046 Θεὸς
3104 981 3192 1035 διὰ
3215 980 3374 1034 τοῦτο

1794 1070 2072 1135 διέσωσεν,
2107 1072 2192 1124 ἵνα
2227 1071 2301 1144 μὴ
2328 1071 2390 1125 τὸ
2421 1072 2592 1142 ὄνομα
2636 1070 2802 1124 αὑτοῦ
2851 1067 3153 1139 βεϐηλωοῇ,
3181 1066 3269 1119 ἵνα
3301 1065 3375 1136 μὴ

1800 1154 1974 1225 μέγας
2017 1173 2100 1218 τις
2143 1157 2349 1220 ἐκεῖνος
2395 1153 2702 1229 νομίζηται,
2737 1153 2874 1225 μηδέ
2902 1150 3034 1222 εἴπῃ
3058 1168 3162 1214 τις,
3194 1150 3274 1203 ὃτι
3307 1149 3374 1202 δι’

1796 1239 2004 1292 ἐκεῖνον
2033 1239 2206 1292 ταῦτα
2237 1241 2488 1294 ἐπάθετε.
2521 1241 2583 1292 Et
2610 1238 2717 1309 γὰρ
2751 1236 2996 1306 φαίνεται
3025 1232 3114 1286 διὰ
3141 1233 3240 1304 τὴν
3260 1233 3378 1285 ἐαυ-

1795 1323 1890 1376 τοῦ
1938 1325 2095 1389 δόξαν
2139 1324 2208 1378 τά
2259 1326 2628 1397 ἁμαρτήματα
2671 1323 2825 1395 ὑμῶν
2873 1319 3150 1394 παρορῶν,
3197 1315 3377 1386 πολλῷ

1799 1407 1998 1474 μᾶλλον
2028 1408 2094 1461 ἂν
2125 1407 2280 1461 τοῦτο
2311 1409 2533 1478 ἐποίησε
2566 1405 2680 1471 νῦν,
2711 1405 2806 1458 καὶ
2827 1403 2925 1472 τὴν
2953 1402 3164 1472 σφαγὴν
3192 1398 3379 1452 ἀπεδέ-

1799 1488 1927 1554 ξατο
1977 1491 2200 1561 ταύτην,
2241 1494 2334 1545 καὶ
2387 1491 2455 1544 τὰ
2508 1489 2681 1542 πολλὰ
2741 1488 2856 1560 [ἂν]
2901 1487 3054 1558 ὑμῶν
3096 1483 3377 1557 ἐξήλειψεν

1796 1574 2366 1645 άμαρτήματα.”οταν
2392 1573 2448 1627 δέ
2475 1573 2731 1642 φαίνηται
2763 1573 2843 1634 είς
2879 1572 3031 1633 τέλος
3073 1571 3216 1640 ὑμᾶς
3245 1570 3379 1621 ἀπο-

1801 1661 2183 1734 στρεφόμενος,
2211 1659 2430 1730 εὑδηλον
2456 1660 2536 1712 ὅτι
2569 1658 2658 1711 διά
2701 1657 2800 1727 τῆς
2828 1655 3000 1725 ὀργῆς
3027 1653 3251 1723 ταύτης,
3283 1651 3378 1704 καὶ

1796 1733 1895 1814 τῆς
1925 1746 2005 1808 είς
2033 1743 2186 1807 τέλος
2215 1742 2674 1811 ἐγκαταλείψεως,
2709 1739 2948 1794 δείκνυσι
2984 1739 3078 1792 καὶ
3107 1741 3220 1802 τοῖς
3253 1733 3382 1814 σφό-

1797 1813 1900 1897 δρα
1943 1825 2408 1897 ἀναισχυντοῦσιν,
2457 1826 2538 1879 ὅτι
2589 1824 2710 1894 οὐχὶ
2760 1821 3072 1894 παράνομός
3114 1837 3198 1884 τις
3243 1813 3311 1890 ἦν
3350 1815 3383 1870 6

1800 1911 2048 1979 σφαγεὶς,
2083 1909 2198 1963 ἀλλ’
2231 1910 2391 1973 αὑτὸς
2440 1909 2468 1960 6
2515 1907 2830 1978 νομοθέτης,
2876 1906 2972 1960 καὶ
3017 1903 3125 1958 τῶν
3172 1900 3380 1973 μυρίων

1799 1994 2021 2063 ἀγαθῶν
2050 1995 2222 2058 αἴτιος
2249 1995 2282 2046 6
2309 1994 2768 2065 παραγενόμενος.
2796 1990 3074 2044 Διά¹τοῦτο
3100 1991 3148 2041 οἱ
3180 1989 3276 2058 μὲν
3302 1987 3382 2048 είς

1800 2081 1962 2134 αὑτὸν
1991 2081 2360 2153 ἀσεϐήσαντες
2389 2081 2567 2152 ὑμεῖς,
2603 2081 2660 2132 ἐν
2691 2078 2848 2151 ὑϐρει
2878 2077 2973 2130 καὶ
3002 2075 3217 2146 ἀτιμίᾳ,
3245 2074 3294 2126 οί
3326 2073 3383 2125 δὲ

1801 2166 2235 2238 προσκυνοῦντες
2261 2167 2421 2220 αὑτὸν
2439 2169 2620 2238 ἡμεῖς,
2641 2165 2956 2236 άτιμότεροι
2988 2163 3205 2216 πάντων
3228 2159 3382 2229 ὑμῶν

1801 2253 2110 2324 ἔμπροσθεν
2157 2253 2334 2316 ὄντες,
2365 2252 2452 2306 διά
2482 2252 2580 2322 τὴν
2608 2250 2701 2303 τοῦ
2927 2246 3061 2301 Θεοῦ
3097 2245 3258 2317 χάριν
3291 2243 3386 2297 καὶ

1804 2337 2121 2407 σεμνότεροι
2165 2337 2382 2390 πάντων
2430 2335 2585 2406 ὑμῶν
2620 2337 2785 2405 ἐσμεν
2817 2333 2932 2396 νῦν,
2967 2331 3061 2384 καὶ
3091 2333 3148 2382 ἐν
3179 2328 3385 2400 μείζονι

1801 2423 1934 2492 τιμῇ
1963 2420 2405 2492 καθεστήκαμεν.
2424 2420 2533 2473 Καὶ⁵
2557 2419 2722 2473 πόθεν
2747 2417 2903 2489 δῆλον
2930 2418 3011 2470 ὅτι
3036 2413 3383 2486 ἀπεστράφη,

1805 2505 1988 2573 φησὶν,
2024 2507 2172 2574 ἡμᾶς
2216 2506 2244 2557 ὁ
2286 2503 2444 2568 Θεὸς;
2475 2505 2647 2570 Λόγου
2679 2502 2788 2573 γὰρ
2817 2501 2894 2554 ἔτι
2930 2499 3087 2572 χρεία
3120 2497 3214 2551 καὶ⁸
3253 2499 3388 2550 ἀπο-

1804 2586 2055 2651 δείξεωςς
2093 2587 2214 2639 εἰπέ
2247 2603 2357 2656 μοι.
2389 2585 2510 2638 Τῶν
2540 2585 2880 2656 πραγμάτων
2909 2583 3088 2634 αὑτῶν
3119 2578 3386 2650 βοώντων,

1805 2671 1898 2724 καὶ
1921 2669 2218 2738 σάλπιγγος
2240 2669 2624 2741 λαμπροτέραν
2649 2668 2916 2738 ἀφιέντων
2941 2665 3146 2736 φωνὴν,
3177 2662 3265 2715 διὰ
3287 2663 3389 2728 τῆς

1806 2755 2167 2824 κατασκαφῆς
2196 2753 2298 2823 τῆς
2321 2753 2462 2807 κατά
2489 2752 2583 2824 τὴν
2603 2752 2778 2818 πόλιν,
2810 2750 2898 2804 διὰ
2922 2751 3021 2821 τῆς
3056 2746 3390 2818 ἐρημώσεως

1804 2836 1900 2890 τοῦ
1931 2837 2083 2900 ναοῦ,
2119 2838 2213 2890 καὶ
2242 2836 2329 2890 διὰ
2359 2836 2467 2890 τῶν
2494 2834 2668 2890 ἄλλων
2699 2836 2953 2889 ἁπάντων
2986 2831 3096 2885 τῶν
3129 2834 3209 2894 εἰς
3245 2830 3390 2898 ὑμᾶς

1810 2920 2253 2992 συμϐεϐηκότων,
2285 2921 2366 2973 ἔτι
2393 2920 2481 2974 διὰ
2502 2919 2675 2988 λόγων
2713 2917 2985 2983 ἀπόδειξιν
3011 2914 3316 2985 ἐπιζητεῖτε
3337 2910 3388 2968 ¹³;

1822 3005 1959 3058 Ἀλλ’
1993 3004 2290 3075 ἄνθρωποι,
2335 3005 2488 3075 φησὶ,
2524 3002 2697 3057 ταῦτα
2740 3004 2872 3073 ἡμῖν
2907 3001 3210 3071 ἐπήγαγον,
3240 2997 3337 3065 οὑχ
3362 2996 3392 3048 6

1809 3089 1960 3152 Θεός.
1997 3089 2248 3141 Μάλιστα
2284 3087 2381 3158 μὲν
2414 3083 2506 3140 οῦν
2551 3088 2579 3139 6
2607 3086 2740 3149 Θεὸς
2773 3083 2946 3139 ταῦτα
2983 3081 3295 3153 εἰργάσατο.
3328 3079 3392 3131 El

1808 3171 1865 3225 δὲ
1904 3171 2211 3244 ἀνθρώποις
2243 3169 2414 3223 ταῦτα
2455 3169 2668 3243 λογίζῃ.
2703 3170 2976 3240 σκόπησον
3008 3165 3167 3219 πάλιν
3195 3165 3390 3226 ἐκεῖνο,

1810 3259 1893 3312 ὅτι
1923 3259 2018 3313 καὶ
2043 3257 2339 3328 ἄνθρωποι,
2386 3256 2433 3308 εί
2469 3255 2543 3326 μὴ
2570 3255 2648 3324 τῷ
2681 3252 2799 3323 Θεῷ
2828 3251 3017 3305 δοκοῦν
3042 3246 3110 3322 ἦν
3137 3248 3312 3312 τοῦτο,
3343 3247 3394 3299 εί

1813 3344 1904 3396 καὶ
1953 3341 2214 3410 ἐτόλμων,
2247 3341 2348 3392 οὑκ
2383 3340 2448 3392 ἂν
2485 3338 2708 3408 ἴσχυσαν
2754 3338 2833 3399 εἰς
2883 3334 3057 3406 πέρας
3087 3332 3226 3386 αὑτά
3254 3333 3393 3400 ἀγα-

1813 3427 2086 3496 γεῖν.⁹⁹οτε
2120 3424 2250 3492 γοῦν
2277 3423 2374 3495 τὴν
2403 3421 2638 3493 Περσίδα
2671 3423 2852 3474 πᾶσαν
2887 3418 3034 3487 ἄγων
3053 3431 3073 3456 ε
3106 3415 3337 3488 ἐπῆλθεν
3365 3416 3396 3468 6

1816 3510 2111 3581 βάρϐαρος,
2131 3509 2226 3561 καὶ
2247 3507 2304 3573 ἐξ
2332 3507 2631 3578 ἐπιδρομῆς
2657 3504 2903 3566 ἅπαντας
2931 3501 3196 3573 λήψεσθαι
3225 3515 3394 3570 προσο

1814 3596 2065 3666 εδόκησε,
2093 3593 2187 3646 καὶ
2217 3593 2467 3661 καθάπερ
2486 3593 2542 3642 ἐν
2575 3591 2784 3660 σαγήνῃ
2814 3589 2917 3640 τινὶ
2941 3588 3033 3641 καλ¹
3059 3586 3296 3649 δικτύοις
3317 3587 3397 3648 είς

1813 3679 1912 3750 τὴν
1943 3677 2094 3730 πόλιν
2125 3676 2368 3738 ἅπαντας
2393 3669 2505 3743 εἶχε
2535 3671 3063 3741 συγκεκλεισμένους
3083 3687 3095 3699 ·
3129 3669 3251 3741 οὐχὶ
3275 3669 3397 3722 τότε
3445 3732 3452 3740 υ

1814 3765 1901 3837 δὴ,
1936 3765 2075 3826 τότε,
2113 3762 2299 3832 ἐπειδὴ
2328 3761 2356 3812 6
2385 3760 2516 3824 Θεὸς
2554 3759 2709 3822 ’ίλεως
2731 3754 2818 3828 ἦν,
2846 3757 3014 3828 χωρὶς
3047 3755 3282 3825 πολέμου
3305 3755 3398 3807 καὶ

1821 3849 2000 3922 μάχης
2037 3848 2130 3901 καὶ
2161 3846 2434 3916 συμϐολῆς
2463 3843 2656 3897 ἑκατὸν
2686 3841 3011 3912 ὀγδοήκοντα
3039 3841 3200 3893 πέντε
3223 3839 3393 3910 χιλιάδ

1815 3934 1910 3998 δας
1964 3931 2310 4005 στρατιωτῶν
2368 3931 2597 4002 νεκροὺς
2658 3927 2817 3998 ἀφεὶς
2867 3928 2996 3999 παρ’
3030 3928 3179 3998 ὑμῖν,
3226 3924 3399 3988 οὑτως

1817 4018 2037 4088 ἔφυγεν,
2069 4015 2319 4086 ἀγαπῶν,
2351 4016 2400 4067 εί
2431 4011 2719 4082 διασωθείη
2759 4011 2953 4082 μόνος;
2992 4012 3101 4064 Καὶ
3131 4009 3321 4072 ἄλλους
3341 4007 3399 4061 δέ

1821 4102 2046 4175 μυρίους
2087 4100 2359 4171 πολέμους
2402 4096 2574 4160 οὕτως
2602 4096 2816 4167 ἔκρινεν
2867 4097 2896 4147 6
2941 4094 3074 4158 Θεὸς
3117 4093 3427 4169 πολλάκις.-

1819 4187 1981 4240 Ὥστε
2009 4186 2102 4240 καὶ
2130 4185 2244 4250 νῦν,
2270 4185 2318 4236 εί
2349 4182 2424 4254 μὴ
2446 4181 2606 4243 αὑτὸς
2627 4177 2693 4252 ἦν
2719 4183 2746 4234 6
2777 4178 3033 4244 καθάπαξ
3058 4179 3200 4248 ὑμᾶς
3220 4179 3398 4248 ἀφεὶς,

1819 4275 1918 4328 οὑκ
1952 4273 2018 4326 ἂν
2051 4272 2273 4341 ἴσχυσαν
2314 4271 2362 4321 οἱ
2396 4269 2495 4340 τὴν
2536 4266 2688 4320 πόλιν
2721 4265 2877 4336 ὑμῶν
2915 4264 3258 4327 καθελόντες,
3307 4266 3402 4318 καὶ

1819 4358 1910 4411 τὸν
1943 4357 2068 4409 ναὸν
2091 4352 2497 4426 ἐρημώσαντες,
2519 4352 2620 4404 οὑκ
2649 4351 2713 4404 ἂν
2742 4351 2904 4421 μέχρι
2927 4348 3182 4401 τοσούτου
3210 4348 3278 4401 τά
3303 4349 3402 4419 τῆς

1821 4441 2056 4513 ἐρημίας
2100 4441 2341 4510 ἔμεινεν
2383 4438 2484 4489 οὑκ
2515 4435 2600 4497 ἂν,
2647 4435 2905 4496 πολλάκις
2949 4433 3103 4504 ὑμῶν
3133 4434 3402 4504 ἐπιχειρηο

1823 4528 2053 4592 σάντων,
2089 4523 2346 4594 ἀνόνητος
2381 4523 2413 4592 ή
2442 4521 2783 4591 ἐπιχείρησις
2807 4518 3049 4588 γέγονεν.

1891 4764 1953 4818 δ’.
1981 4763 2093 4817 Οὑκ
2115 4759 2363 4814 ἐντεῦθεν
2390 4759 2446 4811 δὲ
2473 4758 2651 4829 μόνον,
2680 4756 2813 4810 ἀλλὰ
2836 4757 2928 4809 καὶ
2958 4752 3222 4825 ἑτέρωθεν
3258 4754 3404 4824 ὑμᾶς

1824 4852 2006 4902 πεῖσαι
2033 4847 2388 4919 πειράσομαι,
2426 4846 2504 4897 ὅτι
2533 4844 2632 4896 οὑκ
2675 4843 2853 4912 οἰκείᾳ
2883 4841 3113 4909 δυνάμει
3141 4837 3404 4907 ἐποίησαν

1824 4937 1958 5008 ὅπερ
1989 4935 2251 5006 ἐποίησαν
2279 4934 2358 4994 εἰς
2388 4931 2532 5000 ὑμᾶς
2567 4929 2616 4981 οἱ
2664 4927 2902 4998 βασιλεῖς
2937 4923 3240 5008 Ῥωμαίων,
3267 4921 3404 5008 ἀλλά

1823 5021 1912 5076 διὰ
1929 5005 2034 5091 ’τὴν
2061 5019 2232 5090 ὀργὴν
2259 5015 2353 5070 τοῦ
2382 5014 2517 5067 Θεοῦ
2545 5013 2640 5066 καὶ
2667 5011 2769 5082 τὴν
2794 5007 2960 5064 αὑτοῦ
2993 5005 3397 5076 ἐγκατάλειψιν.

1824 5109 1888 5162 El
1913 5106 2021 5178 γὰρ
2049 5103 2146 5159 ἀνθ
2158 5102 2351 5175 ρώπων
2377 5096 2446 5172 ἦν
2473 5099 2633 5169 ἔργον
2672 5097 2732 5149 τὸ
2764 5094 3075 5166 γενόμενον,
3101 5092 3206 5145 ἔδει
3240 5091 3401 5178 μέχρι

1824 5192 1923 5263 τῆς
1946 5177 2200 5251 ἁλώσεως
2231 5185 2422 5254 στῆναι
2452 5184 2521 5236 τὰ
2556 5182 2817 5252 ὑμέτερα,
2853 5179 2948 5232 καὶ
2982 5179 3056 5263 μή
3095 5177 3406 5263 περαιτέρω

1826 5261 2106 5348 προελθεῖν
2134 5270 2288 5343 ὑμῶν
2333 5269 2432 5339 τὴν
2473 5267 2715 5337 ἀτιμίαν.
2757 5263 2978 5348 Κείσθω,
2999 5261 3107 5334 γάρ
3133 5261 3279 5348 ᾐκατά
3310 5275 3406 5314 τον

1825 5344 2090 5430 ὑμέτερον
2117 5357 2296 5424 λόγον,
2324 5355 2406 5406 ὅτι
2432 5351 2499 5404 τὰ
2528 5351 2680 5420 τείχη
2713 5347 3060 5416 κατέσκαψαν
3099 5346 3147 5399 οἱ
3191 5344 3402 5417 ἀνθρω-

1827 5461 1940 5509 ποι,
1974 5445 2068 5496 καὶ
2093 5442 2191 5512 τὴν
2225 5438 2378 5491 πόλιν
2406 5434 2672 5498 καθεῖλον,
2714 5435 2807 5487 καὶ
2849 5432 2938 5484 τὸν
2967 5430 3150 5502 βωμὸν
3182 5430 3402 5501 ἀνέτρι-

1886 5641 1916 5681 ὶι
1943 5641 2075 5700 Haec,
2099 5643 2196 5690 τῶν
2218 5642 2282 5696 εἰς
2299 5643 2420 5702 ὑμᾶς
2437 5639 2823 5701 συμϐεϐηκότων,
2849 5638 2916 5686 ἔτι
2943 5638 3021 5686 διὰ
3041 5639 3193 5699 λόγων
3212 5634 3405 5684 ἀπόδει-

1825 5707 1890 5760 ξιν
1913 5705 2190 5760 ἐπιζητεῖτε.
2217 5703 2399 5751 desunt
2420 5705 2468 5750 in
2493 5703 2666 5750 de‘cem
2689 5713 2802 5748 mss.

1835 5754 1846 5760 ’
1875 5769 1910 5840 Ic
1934 5754 2072 5876 Ηέιιέ
2090 5754 2382 5829 scripturam
2407 5769 2595 5815 uolam
2616 5761 2780 5813 Montl‘.
2805 5763 2858 5811 in
2881 5767 3019 5812 lextu
3047 5759 3268 5808 scribens
3288 5754 3397 5817 ἀγα-

1824 5844 1939 5889 γων.
2003 5839 2098 5876 οισι.
