3920 6300
540 369 646 422 909

539 483 647 550 ψαν
665 498 678 510 ·
727 479 800 552 μὴ
831 480 1069 542 καὶτοὺς
1095 479 1377 549 προφήτας
1402 477 1676 550 ἄνθρωποι
1703 478 1945 531 ἐπαυσαν
1968 492 1984 540 ;
2033 475 2108 547 μὴ

541 565 639 636 τὴν
682 562 775 616 τοῦ
827 562 1138 632 Πνεύματος
1170 563 1328 631 χάριν
1357 562 1598 624 ἀνεῖλονς
1633 563 1706 633 μή
1754 562 1822 615 τὰ
1869 561 2006 614 ἄλλα
2044 559 2112 614 τά

546 645 718 717 σεμνά
745 644 812 697 τά
836 645 963 713 παρ’
989 645 1136 714 ὑμῖν,
1169 645 1321 696 αὐτοὶ
1347 645 1668 707 κατέλυσαν,
1702 640 1812 698 οἷον
1838 644 1898 696 τὸ
1930 643 2111 714 φωνὴν

545 733 610 783 ἐκ
654 729 744 784 τοῦ
784 727 1096 800 ἱλαστηρίου
1137 727 1416 798 φέρεσθαι,
1450 729 1547 798 τὴν
1596 728 1688 779 ἐπὶ
1728 726 1806 798 τῷ
1852 727 2112 797 χρίσματι

545 799 840 882 γενομένην
870 810 1166 887 ἐνέργειαν,
1194 810 1292 880 τὴν
1321 810 1546 880 δήλωσιν
1581 809 1678 880 τὴν
1703 811 1792 862 ἐπὶ
1817 811 1923 862 τῶν
1952 809 2112 862 λίθων

543 897 635 950 τοῦ
672 894 898 966 ίερέως;
942 895 1052 946 Καὶ
1079 893 1187 964 γὰρ
1220 897 1251 962 ή
1292 893 1552 962 Ἰουδαῖκὴ
1580 892 1824 945 πολιτεία
1855 893 1975 962 οὐχὶ
2012 891 2112 944 κά-

541 979 712 1036 τωθεν
745 979 923 1041 πάσας
957 974 1067 1048 εἶχε
1094 977 1190 1040 τάς
1220 977 1411 1047 ἀρχὰς,
1443 973 1578 1029 ἀλλά
1614 975 1712 1037 τὰς
1761 974 1976 1036 πλείους
2019 972 2114 1026 καὶ

546 1063 876 1134 σεμνοτέρας
910 1062 1113 1116 ἀνωθεν
1147 1063 1210 1113 ἐκ
1240 1062 1346 1113 τῶν
1374 1060 1645 1131 οὐρανῶνο
1694 1055 1804 1112 οἷόν
1850 1077 1900 1111 τι
1946 1058 2110 1126 λέγω,

545 1146 734 1208 θυσίας
764 1144 1108 1214 συνεχώρησε
1137 1143 1405 1211 γενέσθαι.
1425 1144 1482 1196 Ὀ
1519 1144 1616 1214 μὲν
1638 1140 1730 1196 οῦν
1760 1142 1941 1212 βωμὸς
1964 1143 2113 1196 κάτω

546 1225 634 1302 ἦν,
669 1231 762 1283 καὶ
787 1229 854 1281 τὰ
877 1228 1021 1291 ξύλα,
1063 1227 1154 1280 καλ⁸
1183 1228 1215 1296 ἠ
1258 1227 1519 1298 μάχαιρα,
1547 1227 1641 1280 καὶ
1665 1229 1693 1279 6
1721 1226 1899 1297 ἱερεύς
1918 1243 1931 1256 ⁸
1967 1226 2027 1279 τὸ
2056 1226 2114 1279 δὲ

547 1311 678 1384 πῦρ,
707 1313 768 1364 τὸ
800 1311 988 1380 μέλλον
1022 1311 1155 1363 ίέναι
1193 1313 1250 1363 ἐν
1279 1313 1388 1373 τοῖς
1417 1311 1629 1374 ἀδύτοις
1656 1310 1880 1373 ἐκείνοις
1903 1311 1996 1364 καὶ
2016 1310 2113 1374 τάς

549 1395 741 1456 θυσίας
771 1395 1033 1463 δαπανᾷν,
1066 1393 1267 1447 ἄνωθεν
1298 1389 1409 1462 εἶχε
1438 1393 1533 1464 τὴν
1559 1394 1750 1465 ἀρχήν.
1781 1396 1856 1448 Οὐ
1890 1394 1997 1465 γὰρ
2023 1394 2114 1447 ἀν-

549 1478 763 1548 θρωπος
795 1478 872 1539 είς
900 1477 990 1529 τὸν
1023 1476 1147 1529 ναὸν
1189 1478 1374 1548 εἰσῆγε
1412 1477 1542 1547 πῦρ,
1571 1477 1706 1530 ἀλλὰ
1744 1477 1874 1546 φλὸξ
1910 1478 2113 1532 ἄνωθεν

551 1561 952 1631 κατενεχθεῖσα.
994 1561 1134 1614 οὕτω
1170 1561 1267 1632 τὴν
1316 1562 1409 1614 ἐπὶ
1455 1563 1553 1632 τῆς
1609 1561 1798 1626 θυσίας
1843 1563 2113 1617 διακονίαν

550 1644 806 1716 ἐπλήρου.
837 1646 943 1696 Καὶ
972 1644 1132 1697 πάλιν
1151 1644 1354 1698 εἴποτε
1385 1646 1486 1698 ἔδει
1509 1665 1560 1699 τι
1591 1647 1800 1717 μαθεῖν,
1825 1647 1930 1701 ἀνὰ
1953 1647 2114 1718 μέσον

551 1727 656 1781 τῶν
687 1727 946 1797 χερουϐὶμ
973 1728 1036 1779 ἐκ
1077 1727 1170 1780 τοῦ
1217 1727 1529 1799 ίλαστηρίου
1567 1730 1714 1799 φωνή
1748 1747 1831 1791 τις
1865 1730 2110 1801 ἐφέρετο,

507 1876 518 1884 ι
551 1811 644 1864 καὶ
668 1812 737 1862 τὰ
761 1811 1022 1881 μέλλοντα
1056 1811 1341 1880 προῦλεγε.
1376 1812 1542 1865 Πάλιν
1572 1814 1663 1866 ἐπὶ
1682 1813 1787 1868 τῶν
1821 1813 1981 1868 λίθων
2009 1815 2115 1869 τῶν

550 1894 642 1946 ἐπί
666 1893 760 1945 τοῦ
788 1893 1013 1964 στήθους
1043 1893 1133 1945 τοῦ
1157 1893 1477 1967 ἀρχιερέως,
1511 1895 1647 1966 ὅπερ
1684 1894 1909 1949 ἐκάλουν
1942 1896 2114 1967 δήλω-

553 1994 658 2044 σιν,
685 1977 892 2045 ἐγίνετό
914 1994 998 2040 τις
1025 1976 1314 2048 ἐκλαμψις,
1345 1977 1440 2030 καὶ
1459 1978 1527 2031 τὰ
1555 1979 1812 2047 μέλλοντα
1834 1981 2113 2050 ἐσήμαινε.

551 2061 695 2132 Πρὸς
730 2061 955 2124 τούτοις,
987 2061 1147 2130 ήνίκα
1171 2061 1295 2113 τινὰ
1323 2061 1568 2131 χρίεσθαι
1601 2062 1725 2126 ἔδει,
1761 2065 1792 2133 ἠ
1824 2063 1917 2116 τοῦ
1950 2065 2120 2118 Πνεύ-

554 2161 722 2216 ματος
754 2145 910 2215 χάρις
945 2145 1227 2212 ἐφίπατο,
1258 2143 1408 2216 [655]
1441 2147 1534 2198 καὶ
1561 2145 1620 2198 τὸ
1649 2146 1825 2198 ἔλαιον
1847 2147 2114 2218 ἀνεπήδαο

551 2228 644 2284 καὶ
682 2229 953 2300 προφῆται
983 2225 1191 2289 τούτοις
1221 2227 1496 2296 διηκόνουν
1540 2231 1652 2292 τοῖς
1683 2230 1990 2300 πράγμασι,
2025 2230 2119 2284 καὶ

551 2314 748 2383 νεφέλη
778 2313 1034 2375 πολλάκις
1056 2311 1149 2366 καὶ
1181 2311 1384 2373 καπνὸς
1405 2311 1471 2364 τά
1499 2311 1665 2364 ἄδυτα
1691 2313 2116 2382 κατελάμϐανεν.

552 2400 648 2454 Ἴν’
677 2394 770 2451 οὖν
803 2397 875 2468 μὴ
902 2397 1327 2466 ἀναισχυντῶσιν
1354 2395 1402 2447 οἱ
1441 2395 1701 2470 Ἰουδαῖοι,
1738 2396 1871 2465 μηδὲ
1908 2394 2119 2467 ἀνθρώ-

553 2501 673 2548 ποις
698 2481 1015 2550 λογίζωνται
1038 2481 1135 2550 τὴν
1159 2479 1334 2534 αὐτῶν
1364 2480 1664 2550 ἐρήμωσιν,
1699 2479 1818 2549 οὐχὶ
1839 2478 1935 2550 τὴν
1966 2479 2121 2532 πόλιν

556 2569 713 2638 μόνον
745 2565 922 2636 ἀφῆκε
955 2568 1157 2628 πεσεῖν,
1193 2563 1286 2617 καὶ
1317 2563 1405 2617 τὸν
1439 2562 1562 2616 ναὸν
1594 2562 1964 2635 ἐρημωθῆναι,
1987 2560 2120 2615 ἀλλά

555 2655 648 2706 καὶ
684 2651 752 2704 τὰ
779 2651 1079 2722 πράγματα
1111 2652 1309 2712 ἐκεῖνα,
1345 2648 1488 2720 άπερ
1521 2650 1584 2701 ἐκ
1609 2648 1717 2701 τῶν
1751 2647 1991 2715 οὐρανῶν
2023 2647 2121 2710 τὰς

553 2736 725 2805 ἁρχάς
751 2731 914 2804 εἶχεν,
948 2733 1185 2786 ἐκποδὼν
1215 2731 1467 2801 γενέσθαι
1500 2732 1747 2803 ἐποίησε,
1779 2731 1839 2783 τὸ
1873 2729 2002 2800 πῦρ,
2024 2729 2121 2800 τὴν

555 2820 758 2890 φωνὴν,
793 2819 888 2889 τὴν
921 2818 1030 2871 τῶν
1074 2818 1233 2870 λίθων
1273 2817 1558 2888 ἔκλαμψιν,
1600 2817 1665 2870 τά
1691 2816 1824 2870 ἄλλα
1858 2816 2030 2869 πάντα
2056 2815 2122 2868 τά

553 2902 970 2956 τοιαῦτα.”οταν
1001 2897 1091 2954 οὖν
1114 2901 1245 2974 λέγῃ
1279 2919 1360 2954 σοι
1387 2905 1415 2955 6
1451 2902 1719 2963 Ἰουδαῖος,
1743 2902 1824 2955 ὅτι
1849 2900 1943 2954 ἀνθ
1955 2919 2122 2972 ρωποι

553 2987 687 3056 ἡμῖν
713 2985 1072 3055 ἐπολέμησαν,
1105 2985 1378 3055 ἄνθρωποι
1410 2984 1823 3048 ἐπεϐούλευσαν,
1846 2985 1964 3036 εἰπὲ
1989 2984 2124 3054 πρὸς

555 3070 739 3133 αὑτὸν,
775 3067 1022 3122 Μάλιστα
1061 3067 1158 3137 μὲν
1190 3069 1286 3120 οὐκ
1335 3069 1400 3122 ἂν
1448 3067 1790 3138 ἐπολέμησαν
1827 3068 2119 3137 ἄνθρωποι,

557 3155 606 3206 εί
653 3151 726 3222 μὴ
767 3153 794 3203 6
837 3149 968 3213 Θεὸς
1019 3149 1605 3220 συνεχώρησεν.Ἔστω
1633 3150 1708 3213 δὲ,
1736 3149 1796 3201 τὸ
1826 3149 2001 3219 τεῖχός
2029 3166 2121 3202 σου

558 3235 804 3288 καθεῖλον
830 3235 876 3286 οἱ
909 3233 1212 3304 ἄνθρωποι·
1249 3233 1324 3304 μὴ
1356 3234 1416 3286 τὸ
1453 3233 1561 3304 πῦρ
1587 3233 1790 3287 ἄνωθεν
1819 3233 2122 3303 καταφέρε-

560 3319 683 3371 σθαι
712 3319 994 3390 ἄνθρωπος
1023 3315 1324 3384 ἐκώλυσεν;
1356 3318 1429 3388 μὴ
1463 3318 1561 3388 τὴν
1586 3317 1768 3387 φωνὴν
1796 3316 1894 3386 τὴν
1930 3317 1993 3368 ἐκ
2028 3316 2120 3369 τοῦ

562 3400 870 3473 ίλαστηρίου
906 3401 1140 3470 συνεχῶς
1189 3402 1525 3472 ἀκουομένην
1573 3401 1854 3472 ἄνθρωπος
1899 3402 2122 3472 ἐπέσχες

563 3485 637 3555 μὴ
662 3484 760 3556 τὴν
787 3484 1014 3555 δήλωσιν
1037 3483 1136 3554 τὴν
1167 3485 1258 3536 ἐπὶ
1281 3484 1385 3536 τῶν
1408 3484 1599 3547 λίθων;
1640 3485 1713 3554 μὴ
1746 3483 1804 3536 τὸ
1834 3488 2038 3555 χρῖσμα
2067 3485 2125 3537 τὸ

561 3567 866 3637 ίερατικόν;
900 3565 972 3638 μὴ
1012 3566 1078 3619 τά
1113 3563 1245 3619 ἄλλα
1274 3565 1491 3621 ἅπαντα
1521 3567 1766 3620 καθεῖλεν
1812 3567 2122 3638 άνθρωπος;

559 3649 657 3720 οὐχ
684 3651 712 3702 ὁ
744 3649 873 3713 Θεὸς
904 3648 1077 3703 ταῦτα
1108 3649 1439 3713 ἀνέστειλεν;
1479 3651 1644 3703 Παντί
1670 3668 1772 3702 που
1799 3651 1955 3722 δῆλόν
1985 3651 2120 3704 ἐστι.

559 3734 715 3797 Τίνος
746 3731 838 3789 οῦν
866 3735 1049 3787 ἕνεκεν
1081 3734 1318 3800 ἀνεῖλεν;
1366 3737 1462 3788 οὐκ
1500 3734 1739 3805 εὒδηλον,
1774 3736 1854 3787 ὅτι
1893 3737 2125 3804 μισήσας

561 3821 704 3890 ὑμᾶς
737 3821 830 3874 καὶ
861 3820 1229 3891 ἀποστραφεὶς
1282 3815 1567 3883 καθάπαξ;
1599 3821 1750 3890 Οὐχὶ,
1786 3819 1948 3890 φησίν
1971 3836 1983 3847 ·
2011 3818 2123 3871 ἀλλ’

560 3906 744 3977 ἐπειδὴ
772 3907 869 3979 τὴν
905 3906 1232 3977 μητρόπολιν
1257 3907 1355 3957 οὐκ
1384 3906 1599 3975 ἔχομεν,
1629 3905 1718 3958 διά
1760 3905 1915 3957 τοῦτο
1953 3903 2124 3956 ταῦτα

559 3993 659 4045 οὐκ
703 3993 915 4062 ἔχομεν.
949 3993 1103 4054 Τίνος
1147 3993 1202 4044 δὲ
1259 3992 1441 4043 ’ένεκεν
1492 3989 1589 4061 τὴν
1643 3989 1973 4060 μητρόπολιν
2025 3990 2124 4041 οὐκ

561 4077 745 4146 ﬁxe-ce;
775 4079 873 4129 οὐκ
906 4077 1089 4146 ἐπειδὴ
1124 4077 1266 4146 ὑμᾶς
1295 4078 1323 4127 6
1351 4075 1482 4137 Θεὸς
1519 4073 1879 4143 ἐγκατέλιπε;

631 4160 843 4213 Μᾶλλον
875 4159 952 4224 δὲ,
982 4161 1065 4212 ἵνα
1112 4161 1174 4211 ἐκ
1211 4159 1524 4232 περιουσίας
1565 4158 1635 4214 τὰ
1677 4159 2002 4228 ἀναίσχυντα
2029 4159 2125 4212 αῦο

561 4249 668 4301 τῶν
700 4248 1064 4318 ἐμφράξωμεν
1094 4247 1354 4316 στόματα,
1391 4247 1523 4317 φέρε
1555 4247 1647 4299 καὶ
1675 4247 1832 4300 τοῦτο
1860 4249 1924 4299 δι’
1949 4249 2125 4300 αὐτῶν

562 4332 926 4405 ἀποδείξωμεν
957 4333 1064 4384 τῶν
1086 4331 1336 4400 Γραφῶν.
1371 4332 1450 4383 ὅτι
1480 4333 1574 4399 οὐχ
1602 4333 1634 4401 ἡ
1669 4331 1760 4384 τοῦ
1802 4332 1929 4385 ναοῦ
1957 4349 2123 4384 κατα-

565 4417 745 4486 σκαφὴ
781 4416 880 4486 τῆς
907 4415 1045 4468 κατά
1073 4416 1168 4485 τὴν
1195 4415 1528 4485 προφητείαν
1561 4416 1890 4486 ἀναιρέσεώς
1919 4418 2064 4471 ἐστιν
2089 4420 2120 4488 ἡ

563 4501 732 4559 αἰτία,
763 4499 874 4552 ἀλλ’
905 4500 936 4569 ὴ
963 4499 1098 4570 ὀργὴ
1142 4498 1234 4551 τοῦ
1271 4498 1424 4561 Θεοῦ,
1476 4500 1568 4552 καὶ
1596 4500 1654 4552 τὸ
1688 4500 1943 4570 μειζόνως
1967 4501 2125 4555 αὐτὸν

565 4581 860 4651 παροξῦναι
888 4581 982 4634 νῦν
1014 4581 1099 4633 διὰ
1131 4582 1228 4651 τῆς
1256 4583 1334 4643 εἰς
1362 4581 1452 4633 τὸν
1482 4583 1711 4652 Χριστὸν
1739 4583 1952 4651 μανίας,
1977 4584 2009 4653 ἢ
2035 4584 2123 4636 ὅτε
2154 4639 2161 4646 ,

564 4666 654 4719 τὸν
691 4663 888 4733 μόσχον
914 4662 1478 4733 προσεκύνησαν.”υτε
1515 4664 1642 4731 γοῦν
1674 4668 1702 4718 ὁ
1732 4666 1966 4736 Μωῡσῆς
1997 4683 2125 4736 προ-

565 4750 878 4817 εφήτευσεν,
907 4747 1029 4799 οὔτε
1073 4747 1198 4809 ναὸς
1246 4744 1332 4818 ἦν,
1373 4747 1493 4800 οὔτε
1539 4749 1739 4818 βωμὸς,
1775 4749 1908 4802 ἀλλά
1957 4750 2125 4821 μυρία

565 4829 885 4893 ἀσεϐοῦντες
932 4829 1216 4892 διετέλουν,
1245 4832 1336 4883 καὶ
1389 4830 1448 4882 τὸ
1497 4831 1596 4900 τῆς
1643 4834 1982 4906 προφητείας
2027 4834 2125 4886 οὐκ

564 4915 779 4985 ἀπέπτη
801 4927 825 4954 ει
859 4915 1119 4986 χάρισμα,
1151 4913 1285 4966 άλλά
1311 4914 1405 4967 καὶ
1435 4907 1587 4978 οὗτος
1617 4916 1776 4979 αὐτὸς
1799 4920 1826 4970 6
1849 4919 2018 4987 μέγας
2033 4919 2124 4971 καὶ

563 4999 803 5065 γενναῖος
829 4999 988 5068 ἀνὴρ,
1025 4997 1118 5050 καὶ
1146 4997 1321 5066 ἕτεροι
1348 4998 1482 5069 πρὸς
1508 4997 1681 5070 τούτῳ
1708 5000 1870 5052 πάλιν
1907 5000 2125 5072 ἐϐδομή-

563 5095 726 5133 κοντα
752 5078 1134 5149 ἀνεδείχθησαν
1159 5079 1280 5131 τότε
1307 5080 1599 5152 προφῆται.
1647 5082 1756 5134 Καὶ¹
1789 5082 1848 5134 οὺ
1885 5082 2004 5133 τότε
2039 5083 2127 5152 μὸο

565 5179 653 5216 νον
673 5161 720 5222 δ,
754 5162 888 5216 ἀλλά
908 5163 1002 5216 καὶ
1031 5162 1166 5232 μετά
1189 5161 1361 5216 ταῦτα
1385 5163 1512 5217 ναοῦ
1528 5165 1789 5231 δοθέντος,
1820 5165 2019 5241 καὶτῆς
2041 5165 2127 5217 άλ-

564 5245 660 5316 λης
681 5245 930 5316 λατρείας
963 5246 1179 5315 ἁπάσης
1195 5263 1209 5276 ·
1233 5241 1351 5298 εἶτα
1382 5247 1784 5319 ἐμπρησθέντος
1804 5246 2011 5310 τούτου,
2034 5249 2127 5312 καὶ

566 5328 779 5382 πάντων
807 5329 1081 5399 ἀχθέντων
1106 5333 1185 5393 είς
1216 5332 1526 5397 Βαϐυλῶνα,
1557 5331 1716 5388 πάλιν
1761 5332 2015 5404 Ἰεςεκιὴλ
2037 5333 2127 5391 καὶ

566 5410 758 5481 Δανιὴλ
787 5411 845 5463 οὑ
880 5412 948 5468 τά
980 5412 1108 5482 ἆγια
1145 5413 1252 5466 τῶν
1279 5414 1448 5484 άγίων
1480 5414 1731 5485 δρῶντες,
1761 5414 1822 5465 οὐ
1852 5415 2003 5488 παρά
2037 5417 2126 5469 τὸν

567 5491 747 5564 βωμὸν
779 5493 1031 5558 ἑστῶτες,
1063 5496 1177 5548 ἀλλ’
1210 5498 1267 5550 ἐν
1317 5498 1453 5569 μέσῃ
1502 5496 1653 5568 χώρᾳ
1688 5497 1997 5571 βαρϐάρων,
2040 5517 2129 5570 με·

627 5704 649 5768 _“
676 5701 817 5768 Alius
836 5702 1018 5761 ἀπέπτη
1040 5707 1182 5768 ὅμως.

785 5770 916 5838 τοοιρ
936 5762 1154 5838 ψιὶιιιῇιιεξ
1175 5784 1285 5818 mss.
1322 5776 1376 5838 οἱ
1401 5773 1558 5838 Ξανὶι.
1594 5773 1760 5838 Monlf.
1791 5776 1846 5822 οὐ
1866 5837 1869 5838 ν
1889 5775 2029 5824 τοῦτο
2051 5793 2121 5838 μ.,

655 5823 783 5873 idem
809 5825 926 5896 infra
947 5823 1294 5898 ἀναιρεθέντων,
1315 5833 1361 5882 ἐν
1381 5841 1436 5898 τῇ
1463 5837 1722 5898 Βαϐυλῶνι,
1745 5837 1874 5898 Quod
1894 5823 1930 5888 cr

567 5890 715 5941 etiam
739 5890 1203 5940 corrcximusJﬂmr.

1293 365 1349 420 S.
1389 363 1676 420 JOANNIS
1711 359 2196 418 CIERYSOSTOMI
2233 361 2547 416 ARCHIEP.
2592 362 3122 419 CONSTANTINOP.

3689 358 3802 415 910

2209 476 2342 541 ταξῦ
2389 477 2717 546 παρανόμων
2764 476 2858 530 καὶ
2903 474 3221 544 ἀκαθάρτων
3253 472 3402 534 ὄντες
3452 470 3800 542 ἀνθρώπων,

2213 561 2520 632 πνεύματος
2561 559 2914 632 ἐπληροῦντο,
2951 559 3044 612 καὶ
3067 559 3135 610 τά
3169 555 3426 628 μέλλοντα
3453 555 3798 627 προῦλεγον,

2213 647 2307 700 καὶ
2339 646 2516 716 πολλῷ
2547 646 2655 700 τῶν
2689 645 2968 715 προτέρων
2999 643 3091 696 καὶ
3114 642 3333 696 πλείονα
3361 641 3456 695 καὶ
3485 641 3802 711 παραδοξὰ

2209 745 2342 797 τερα
2388 723 2538 780 εἷπον
2567 728 2883 798 πράγματα,
2911 729 3006 780 καὶ
3031 725 3151 796 ὄψιν
3185 726 3474 780 ἐθεάσαντο
3501 725 3688 787 θείαν,
3720 725 3800 786 ὼς

2213 811 2396 874 αὐτοῖς
2428 811 2648 866 δυνατὸν
2689 809 2757 883 ἦν
2796 812 2940 865 ἰδεῖν.
2977 811 3132 872 Τίνος
3161 805 3252 863 οῦν
3279 809 3485 874 ἕνεκεν,
3510 808 3642 861 είπέ
3675 826 3796 878 μοι,

2212 896 2308 949 νῦν
2351 896 2450 948 οὐκ
2478 897 2628 965 ἔχετε
2657 897 2967 966 προφήτας;
3011 895 3109 948 οὐκ
3135 893 3373 962 εὔδηλον,
3401 894 3483 946 ὅτι
3510 892 3613 945 τοῦ
3649 892 3796 945 Θεοῦ

2214 979 2284 1032 τά
2309 979 2426 1032 καθ’
2454 980 2598 1050 ὑμᾶς
2625 979 3059 1051 ἀποστραφέντος
3082 996 3097 1043 ;
3125 978 3279 1040 Τίνος
3305 972 3397 1031 οῦν
3425 977 3617 1030 ἕνεκεν
3641 976 3798 1045 ὑμᾶς

2211 1062 2563 1134 ἀπεστράφης
2607 1062 2841 1132 Εὔδηλον
2897 1063 2990 1114 καὶ
3029 1060 3185 1114 τοῦτο
3233 1059 3413 1121 πάλιν,
3448 1060 3531 1111 ὅτι
3563 1058 3658 1112 διὰ
3703 1059 3798 1108 τὸν

2215 1145 2588 1216 σταυρωθέντα
2634 1147 2726 1198 καὶ
2768 1145 2866 1215 τὴν
2897 1144 3096 1214 τόλμαν
3134 1143 3230 1213 τὴν
3278 1142 3598 1212 παράνομον
3644 1141 3798 1192 ἐκεί-

2214 1245 2329 1296 νην.
2359 1227 2526 1280 Πόθεν
2551 1228 2706 1280 τοῦτο
2742 1227 2921 1297 δῆλον,
2955 1227 3145 1298 φησίν;
3190 1225 3303 1292 Ἀφ’
3337 1219 3410 1277 ὧν
3439 1225 3548 1293 πρὸ
3591 1222 3794 1275 τούτου

2218 1311 2315 1380 μὲν
2341 1311 2680 1374 ἀσεϐοῦντες,
2708 1313 2922 1365 πάντων
2944 1309 3356 1378 ἐπετυγχάνετε,
3374 1308 3466 1360 νῦν
3487 1307 3544 1358 δέ
3571 1305 3798 1359 δοκοῦν-

2215 1410 2305 1456 τες
2349 1395 2749 1465 ἐπιεικέστερον
2797 1394 2894 1464 ζῇν
2945 1393 3081 1464 μετά
3123 1393 3214 1446 τὸν
3260 1392 3513 1462 σταυρὸν,
3561 1391 3795 1459 μείζονα

2216 1479 2516 1548 ὑπομένετε
2543 1479 2830 1550 τιμωρίαν,
2861 1477 2953 1531 καὶ
2973 1477 3184 1539 οὐδενὸς
3202 1475 3501 1529 ἀπολαύετε
3523 1473 3641 1525 τῶν
3662 1489 3796 1542 προ-

2213 1562 2272 1614 τέ
2281 1579 2408 1633 ρων.

2285 1647 2471 1701 ε¹.’Ίνα
2487 1645 2543 1699 δὲ
2568 1647 2660 1700 καὶ
2679 1647 2773 1700 ἀπ’
2792 1645 2968 1700 αὐτῶν
2993 1644 3100 1697 τῶν
3122 1641 3410 1715 προφητῶν
3423 1639 3585 1693 τοῦτο
3603 1638 3793 1705 σαφῶς

2215 1729 2310 1782 καὶ
2347 1729 2637 1800 διαρρήδην
2682 1729 3066 1800 παριστώντων
3095 1727 3190 1799 τὴν
3217 1726 3393 1780 αἰτίαν
3421 1724 3530 1776 τῶν
3579 1723 3789 1792 παρόν-

2215 1831 2322 1866 των
2360 1813 2542 1867 κακῶν
2573 1813 2802 1884 μάθητε,
2829 1813 3093 1866 ἀκούσατε
3123 1811 3176 1864 τί
3203 1827 3364 1880 φησιν
3403 1809 3656 1868 Ἡσαΐας,
3671 1805 3791 1866 πῶς

2219 1898 2314 1950 καὶ
2337 1897 2432 1968 τὴν
2461 1897 2723 1969 ἐσομένην
2751 1897 3066 1969 εὐεργεσίαν
3087 1897 3218 1948 πᾶσι
3244 1893 3332 1948 διὰ
3352 1893 3444 1946 τοῦ
3478 1889 3636 1964 [656]
3661 1891 3792 1969 Χρισ

2219 1981 2344 2035 στοῦ
2374 1981 2648 2052 προλέγει,
2681 1968 2778 2034 καὶ
2815 1968 2912 2051 τὴν
2950 1980 3219 2050 ὑμετέραν
3251 1975 3670 2046 ἀγνωμοσύνην.
3706 1968 3790 2034 Τῷ

2213 2064 2456 2134 μώλωπι
2487 2064 2694 2126 αὐτοῦ,
2728 2063 2909 2134 φησιν,
2938 2063 3109 2132 ἡμεῖς
3137 2061 3382 2130 ἱάθημεν
3404 2077 3416 2088 ·
3449 2058 3548 2128 τὴν
3576 2057 3670 2108 διὰ
3691 2053 3784 2134 τοῦ

2221 2131 2451 2219 σταυροῦ
2480 2131 2749 2220 σωτηρίαν
2775 2131 2904 2201 πᾶσι
2933 2131 3228 2216 γενομένην
3252 2142 3533 2215 προλέγων
3551 2151 3602 2193 ε.
3653 2131 3788 2190 Εἶτα

2218 2229 2388 2300 λέγων
2433 2233 2590 2302 ἡμεῖς
2635 2230 2797 2294 τίνες,
2826 2230 3096 2300 ἐπήγαγεο
3135 2228 3360 2291 Πάντες
3399 2226 3482 2290 ὡς
3521 2223 3786 2289 πρόϐατα

2218 2314 2657 2384 ἐπλανήθημεν,
2698 2314 3001 2383 ἅνθρωπος
3028 2313 3095 2367 ἑν
3132 2312 3206 2381 τῇ
3239 2309 3352 2374 ὀδῷ
3380 2307 3567 2363 αὐτοῦ
3601 2307 3784 2359 ἐπλα-

2218 2397 2394 2465 νήθη.
2425 2399 2534 2452 Καὶ
2561 2399 2732 2466 λέγων
2760 2399 2852 2451 τοῦ
2886 2397 3118 2469 σταυροῦ
3144 2396 3234 2449 τὸν
3254 2395 3472 2465 τρόπον,
3503 2392 3648 2444 οὕτω
3674 2391 3785 2453 πῶς

2222 2500 2416 2552 φησιν·
2455 2483 2549 2548 Ὠς
2579 2484 2873 2551 πρόϐατον
2914 2483 3013 2536 ἐπὶ
3056 2480 3300 2550 σφαγὴν
3337 2477 3516 2546 ἤχθη,
3558 2473 3659 2526 καὶ
3704 2472 3785 2535 ὡς

2221 2569 2409 2637 ἀμνὸς
2429 2569 2703 2622 ἐναντίον
2729 2569 2833 2622 τοῦ
2866 2568 3164 2636 κείροντος
3187 2564 3370 2622 αὑτὸν
3398 2562 3658 2630 ἄφωνος,
3683 2559 3783 2611 οὗ·

2221 2674 2336 2722 τως
2367 2657 2476 2709 οὐκ
2508 2656 2729 2723 ἀνοίγει
2769 2654 2835 2708 τὸ
2878 2655 3070 2723 στόμα
3103 2652 3286 2706 αὐτοῦ
3306 2666 3320 2679 °
3370 2650 3439 2702 ἐν
3472 2646 3550 2714 τῇ
3586 2659 3785 2698 ταπει-

2222 2741 2397 2795 νώσει
2431 2741 2613 2795 αὑτοῦ
2644 2742 2679 2808 ἡ
2712 2740 2909 2806 κρίσις
2935 2737 3117 2792 αὐτοῦ
3145 2736 3314 2804 ἤρθη.
3347 2732 3450 2786 Καὶ
3478 2729 3581 2782 ποῦ
3611 2727 3778 2780 ταῦτα

2223 2825 2366 2878 ἐστιν
2401 2824 2526 2876 ἰδεῖν
2558 2823 2869 2888 ἐξελθόντα;
2909 2823 2997 2875 Ἐν
3022 2821 3098 2892 τῷ
3127 2820 3423 2892 παρανόμῳ
3448 2815 3784 2884 δικαστηρίῳ

2223 2910 2476 2962 Πιλάτου.
2517 2907 2762 2961 Τοσαῦτα
2803 2906 2912 2979 γὰρ
2955 2902 3561 2977 καταμαρτυρησάντων
3593 2896 3779 2979 αύτρῦ,

2225 2993 2408 3063 φησὶν,
2435 2991 2584 3045 οὐδὲν
2612 2976 2939 3062 ἀπεκρίνατο
2967 2990 3147 3052 αὐτοῖς
3176 2976 3205 3040 6
3245 2983 3473 3055 Ἰησοῦςο
3511 2982 3607 3034 καὶ
3663 2976 3780 3032 εἶπε

2224 3077 2359 3148 πρὸς
2380 3075 2539 3130 αὐτὸν
2561 3076 2590 3126 6
2619 3075 2838 3146 ἡγεμών
2859 3092 2871 3102 ·
2908 3074 3159 3138 Ἀκούεις
3192 3071 3247 3124 τί
3276 3065 3440 3125 οὗτοί
3464 3083 3580 3121 σου
3606 3082 3784 3118 κατα-

2218 3158 2622 3230 μαρτυροῦσι;
2667 3160 2774 3211 Καὶ
2815 3157 2965 3210 οὐδὲν
3007 3154 3353 3226 ἁπεκρίνατο,
3394 3152 3508 3206 ἀλλ’
3543 3150 3781 3219 εἱστήκει

2226 3242 2414 3311 σιγῶν.
2449 3240 2618 3294 Τοῦτο
2649 3242 2825 3294 τοίνυν
2872 3243 2900 3293 6
2949 3240 3229 3311 προφήτης
3278 3233 3525 3291 ἄνωθενά
3570 3232 3779 3299 ἔλεγεν·

2235 3329 2328 3392 Ὡς
2357 3327 2652 3393 πρόϐατον
2693 3325 2792 3378 ἐπὶ
2836 3323 3079 3392 σφαγὴν
3120 3321 3295 3389 ἤχθη,
3336 3319 3431 3372 καὶ
3476 3319 3560 3382 ὡς
3595 3315 3781 3384 ἀμνὸς

2223 3411 2499 3463 ἐναντίον
2537 3408 2642 3462 τοῦ
2675 3408 2977 3476 κείροντος
3006 3406 3189 3459 αὑτὸν
3217 3404 3468 3474 ἄφωνος.
3505 3399 3639 3454 Εἶτα
3678 3400 3780 3453 δει-

2226 3495 2358 3556 κνὺς
2388 3493 2487 3563 τὴν
2536 3491 2880 3562 παρανομίαν
2904 3490 3000 3560 τὴν
3029 3490 3085 3540 ἐν
3115 3488 3190 3559 τῷ
3215 3487 3546 3557 δικαστηρίῳ
3569 3485 3780 3554 γενομέ-

2224 3595 2319 3647 νην
2345 3578 2484 3640 τότε,
2521 3577 2714 3646 φησίν·
2761 3575 2856 3626 Ἐν
2884 3572 2957 3641 τῇ
2990 3569 3333 3626 ταπεινώσει
3358 3570 3544 3624 αὑτοῦ
3591 3570 3626 3634 ή
3663 3569 3780 3636 κρί-

2225 3679 2324 3727 σις
2359 3660 2544 3714 αὐτοῦ
2593 3659 2766 3727 ἤρθη.
2810 3657 2994 3720 Οὐδεὶς
3025 3657 3223 3709 αὑτὸνε
3258 3655 3395 3708 κατά
3447 3655 3537 3707 τὸν
3585 3652 3679 3706 τοῦ
3716 3652 3780 3704 δι-

2224 3745 2378 3797 καίου
2426 3745 2583 3811 λόγον
2621 3741 2921 3811 ἐψηφίσατο
2948 3741 3089 3804 τότε,
3119 3739 3231 3794 ἀλλ’
3257 3737 3501 3804 ἐδέξαντο
3528 3740 3627 3799 τὰς
3652 3737 3780 3805 ψευ-

2225 3828 2331 3890 δεῖς
2366 3827 2670 3898 μαρτυρίας
2700 3825 2799 3886 τάς
2828 3827 2945 3877 κατ’
2969 3823 3152 3878 αὑτοῦ.
3178 3821 3249 3874 Τὸ
3283 3820 3339 3872 δὲ
3382 3821 3553 3872 αῐτισν
3598 3819 3688 3871 διὰ
3723 3817 3779 3870 τὸ

2228 3914 2300 3983 μὴ
2356 3912 2634 3983 βούλεσθαι
2666 3912 2826 3965 αὐτὸν
2869 3908 3202 3974 ἐπεξελθεῖν⁸
3251 3908 3297 3958 εἰ
3352 3904 3461 3974 γὰρ
3512 3901 3776 3968 ἐϐούλετο,

2227 3996 2404 4050 πάντα
2431 3995 2497 4048 ἂν
2531 3996 2746 4067 ἐδόνησε
2773 3996 2867 4049 καὶ
2893 3996 3118 4047 ἔσεισεν.
3149 3993 3210 4044 El
3247 3990 3352 4061 γὰρ
3378 3987 3471 4041 ἐπὶ
3503 3985 3599 4040 τοῦ
3633 4003 3779 4039 σταυ-

2227 4078 2320 4152 ροῦ
2349 4079 2467 4132 τότε
2494 4078 2589 4141 ὢν,
2620 4082 2721 4142 τὰς
2769 4079 2972 4148 πέτρας
3014 4073 3287 4147 διέρρηξε,
3319 4074 3416 4143 τὴν
3465 4073 3777 4140 οἰκουμένην

2225 4166 2488 4225 ἐσκότισε,
2512 4165 2606 4229 τάς
2641 4165 2862 4225 ἀκτῖνας
2892 4159 3196 4230 ἀπέστρεψε
3224 4158 3322 4219 τὰς
3343 4154 3592 4226 ἡλιακὰς,
3617 4153 3776 4205 νύκτα

2225 4249 2282 4300 ἐν
2330 4248 2509 4318 ἡμέρᾳ
2561 4245 2830 4315 πανταχοῦ
2862 4244 2961 4314 τῆς
2997 4245 3098 4313 γῆς
3128 4241 3366 4312 ἐποίησε,
3396 4239 3486 4293 καὶ
3517 4240 3574 4290 ἐν
3603 4236 3677 4304 τῷ
3708 4236 3775 4287 δι-

2226 4333 2505 4405 καστηρίῳ
2537 4332 2757 4393 δυνατὸς
2779 4327 2847 4400 ἦν
2870 4328 3023 4382 τοῦτο
3049 4327 3292 4396 ποιῆσαι.
3311 4323 3446 4377 Ἀλλ’
3470 4323 3570 4374 οῦκ
3593 4320 3777 4389 ὴθέληυ

2228 4435 2308 4483 σε,
2360 4418 2634 4488 πραότητα
2684 4418 2776 4470 καὶ
2827 4415 3123 4469 ἐπιείκειαν
3175 4409 3632 4478 ἐπιδεικνύμενος.
3691 4405 3776 4458 Διὰ

2225 4501 2380 4554 τοῦτό
2406 4519 2596 4571 φησιν’
2643 4503 2739 4554 Ἐν
2783 4499 2856 4567 τῇ
2896 4497 3250 4553 ταπεινώσει
3287 4493 3470 4551 αὐτοῦ
3515 4493 3556 4558 ἡ
3592 4491 3775 4558 κρίσις

2224 4583 2410 4638 αὐτοῦ
2442 4584 2612 4653 ἤρθη.
2644 4581 2774 4639 Εἶτα
2813 4585 3023 4646 δεικνὺς
3049 4583 3124 4645 ὡς
3170 4582 3268 4636 οῦκ
3309 4579 3589 4649 ἄνθρωπος
3610 4573 3675 4646 ἦν
3704 4575 3778 4640 εἷς

2226 4671 2332 4724 τῶν
2361 4669 2587 4733 πολλῶν,
2625 4671 2872 4740 ἐπήγαγε
2893 4685 2905 4696 ·
2944 4667 3062 4735 Τὴν
3101 4665 3168 4718 δὲ
3217 4664 3426 4733 γενεὰν
3475 4660 3658 4713 αὑτοῦ
3697 4658 3772 4720 τίς

2228 4755 2608 4824 (Sam-ricam”
2642 4755 2736 4816 Τίς
2770 4754 2878 4825 γάρ
2896 4755 3012 4805 ἐστι
3035 4752 3162 4821 περὶ
3192 4743 3253 4802 οὒ
3271 4749 3290 4787 ί
3329 4763 3490 4817 φησιν
3517 4746 3600 4798 ὅτι
3627 4745 3770 4810 Αἵρε-

2227 4855 2320 4892 ται
2363 4839 2481 4892 ἀπὸ
2522 4837 2632 4906 τῆς
2665 4837 2776 4906 γῆς
2815 4839 2852 4902 ’ἡ
2904 4835 3014 4903 ζωὴ
3063 4833 3290 4896 αὐτοῦ;
3327 4831 3423 4883 Διά
3450 4827 3609 4880 τοῦτο
3639 4827 3770 4879 καὶὸ

2228 4921 2439 4985 Παῦλός
2470 4938 2666 4992 φησιν’
2711 4923 2770 4976 Ἡ
2814 4919 2924 4989 ζωὴ
2966 4919 3135 4991 ’ἡμῶν
3176 4917 3502 4984 κέκρυπται
3544 4913 3665 4965 σὺν
3703 4909 3770 4974 τῷ

2225 5003 2456 5072 Χριστῷ
2479 5006 2549 5058 ἐν
2575 5005 2654 5070 τῷ
2684 5004 3013 5070 Θεῷ.”οταν
3037 5007 3069 5056 ό
3097 5001 3346 5070 Χριστὸς
3380 4995 3707 5067 φανερωθῇ,
3736 4995 3770 5061 ἦ

2228 5084 2336 5153 ζωὴ
2377 5087 2564 5156 ἡμῶν,
2611 5089 2743 5141 τότε
2787 5087 2884 5140 καὶ
2925 5086 3093 5154 ὑμεῖς
3130 5082 3621 5153 φανερωθήσεσθε
3664 5079 3771 5133 σὺν

2226 5171 2385 5236 αὐτῷ
2415 5172 2485 5225 ἐν
2509 5171 2677 5240 δόξῃ.
2696 5171 2834 5224 Ἀλλ’
2859 5173 2994 5242 ὅπερ
3023 5169 3326 5241 προεθέμην
3353 5169 3524 5220 εἰπεῖν
3557 5167 3648 5219 καὶ
3675 5166 3769 5217 δεῖ·

2230 5254 2336 5319 ξαι,
2362 5256 2442 5309 ὅτι
2472 5255 2537 5309 δι’
2565 5257 2725 5310 αὺτὸν
2753 5257 2819 5309 τὰ
2849 5255 3092 5326 παρόντα
3121 5253 3445 5324 ὑπομένουσι
3473 5251 3637 5314 κακά,
3668 5252 3768 5320 ὥρα

2229 5338 2410 5392 λοιπὸν
2457 5341 2768 5408 εἰσαγαγεῖν
2801 5338 2892 5391 τὸν
2930 5339 3152 5391 Ἡσαΐαν
3195 5338 3434 5405 λέγοντα.
3464 5336 3576 5390 Ποῦ
3613 5335 3768 5389 τοίνυν

2230 5421 2390 5475 τοῦτό
2428 5438 2595 5494 φησι;
2631 5423 2784 5476 Μετά
2832 5422 2892 5474 τὸ
2941 5422 3305 5493 δικαστήριον,
3340 5421 3479 5492 μετά
3514 5422 3614 5490 τὴν
3659 5438 3769 5488 σφο-

2228 5505 2349 5578 γὴν,
2378 5506 2515 5577 μετά
2535 5506 2632 5577 τὴν
2664 5505 2949 5577 ἀνάληψιν,
2987 5506 3124 5576 μετὰ
3151 5507 3214 5559 τὸ
3239 5508 3406 5560 εἰπεῖν
3435 5507 3520 5560 ὅτι
3557 5504 3768 5576 Alpem:

2293 5716 2313 5743 ’⁵
2337 5713 2561 5774 Quinque
2584 5726 2694 5761 mss.
2725 5718 2775 5758 ρι
2796 5711 2906 5760 Sav.
2931 5713 3256 5774 αἰνιττόμενος.

2292 5776 2317 5812 d
2338 5773 2560 5834 Quindue
2582 5789 2692 5820 mss.
2715 5776 2740 5820 6
2758 5774 2994 5834 προφήτης
3014 5775 3165 5831 δηλῶν
3186 5773 3372 5822 ἄνωθεν.

2291 5839 2308 5858 ⁸
2341 5839 2437 5883 Alii
2462 5842 2512 5883 el
2534 5835 2678 5882 Savil.
2709 5835 2856 5888 οὐδεὶς
2875 5835 3018 5895 αύτῷ,

2295 5897 2314 5936 ί
2341 5899 2437 5949 Alii
2459 5898 2525 5955 τίς
2547 5899 2595 5946 δὲ
2617 5896 2749 5952 οὗτος
2768 5898 2870 5956 περὶ
2907 5895 2979 5946 οὗ.
