3832 6250
170 398 282 451 98‘.)

166 520 287 565 tare
314 510 608 579 dejectum;
656 526 777 564 num
809 518 862 565 et
907 510 1034 565 illud
1082 510 1147 565 ab
1186 510 1487 565 hominibus
1528 508 1744 571 factum,

175 600 311 670 quod
342 600 609 671 prophetae
654 602 971 657 cessarunt?
1015 602 1152 656 Num
1187 609 1242 657 et
1282 601 1499 671 spiritus
1523 600 1745 670 gratiam

166 694 528 747 sustulerunt?
555 693 685 747 Nunt
719 693 819 747 alia
843 706 959 764 quae
987 692 1124 762 apud
1145 692 1238 747 vos
1272 691 1419 746 fuere
1447 690 1745 746 veneranda

160 784 560 851 destruxerunt,
599 785 761 839 veluti
806 800 990 839 vocem
1042 785 1111 838 de
1163 783 1527 853 propitiatorio
1570 781 1743 846 reddi,

160 878 273 931 vim
302 877 580 940 unctionis,
617 876 1026 931 declarationem
1054 892 1171 947 qute
1202 876 1360 930 ﬁebat
1400 876 1452 929 in
1484 873 1743 944 lapidibus

158 967 493 1022 sacerdotis?
512 966 693 1037 Neque
709 968 848 1021 enim
874 966 1088 1022 Iudaica
1108 966 1293 1037 religio
1309 966 1537 1036 origines
1557 980 1743 1020 omnes

160 1056 395 1113 habebat
411 1074 475 1113 ex
501 1058 857 1121 inferioribus,
877 1058 968 1113 sed
986 1058 1167 1127 plures
1184 1073 1245 1112 ac
1265 1056 1744 1127 magnificentiores

160 1164 398 1219 superne
426 1164 456 1203 e
492 1149 657 1204 czelis.
689 1150 926 1219 Exempli
954 1166 1108 1205 causa
1144 1169 1157 1204 :
1202 1150 1444 1219 permisit
1486 1149 1741 1204 sacrificia

156 1240 302 1294 ﬁeri.
342 1239 521 1295 Altare
570 1239 781 1310 quidem
809 1249 924 1295 erat
964 1240 1118 1302 infra,
1171 1237 1403 1309 itemque
1443 1240 1649 1309 gladius
1688 1249 1743 1295 et

157 1331 326 1401 ligna,
374 1347 578 1387 necnon
623 1332 910 1387 Sacerdos:
952 1343 1201 1387 cmterum
1233 1333 1366 1402 ignis
1407 1341 1657 1386 venturus
1687 1331 1739 1385 in

156 1424 317 1492 adyta
348 1423 459 1491 illa,
489 1424 830 1492 victimasque
858 1432 1291 1493 consumpturus,
1324 1438 1354 1477 e
1383 1423 1624 1492 supernis
1647 1423 1740 1476 ha-

154 1514 321 1569 bebat
346 1514 623 1584 originem.
664 1514 772 1569 Nec
810 1516 949 1569 enim
983 1516 1140 1568 homo
1184 1513 1440 1569 inferebat
1482 1515 1653 1583 ignem
1683 1514 1738 1568 in

155 1605 436 1674 templum,
462 1605 554 1660 sed
580 1606 790 1659 flamma
811 1621 841 1659 e
866 1606 1077 1659 sublimi
1110 1606 1345 1659 immissa
1369 1605 1612 1660 sacriﬁcii
1636 1605 1735 1659 mi-

152 1697 435 1751 nisterium
467 1697 780 1765 complebat.
822 1696 1053 1751 Rursum
1089 1698 1132 1749 si
1176 1696 1386 1765 quando
1413 1710 1737 1765 cognoscen-

152 1788 286 1842 dum
316 1798 429 1843 erat
448 1788 643 1858 aliquid
670 1803 701 1843 e
731 1788 1114 1857 propitiatorio,
1147 1802 1248 1841 vox
1271 1787 1530 1855 quaepiam
1565 1802 1595 1840 e
1620 1801 1734 1839 me-

150 1878 242 1933 dio
280 1878 566 1933 Cherubim
604 1879 864 1948 prodibat,
905 1879 1199 1949 praedicens
1242 1878 1433 1931 futura.
1471 1877 1672 1931 Rursus
1702 1892 1735 1932 e

149 1968 417 2037 lapidibus
444 1970 533 2039 qui
562 1978 713 2024 erant
748 1970 799 2023 in
846 1978 1059 2039 pectore
1101 1969 1291 2022 summi
1321 1968 1635 2035 sacerdotis,
1682 1967 1734 2023 id

150 2062 414 2115 vocabant
442 2061 876 2128 declarationem,
904 2060 1171 2116 relucebat
1210 2062 1379 2131 fulgor
1409 2060 1621 2130 quidam
1647 2061 1731 2113 fu-

148 2165 268 2208 tura
301 2155 619 2225 significans.
665 2156 925 2210 Prtcterea
956 2155 1162 2225 quoties
1189 2163 1331 2208 esset
1353 2152 1543 2223 aliquis
1577 2153 1732 2207 inun-

146 2246 377 2315 gendus,
401 2228 691 2301 devolabal
709 2247 927 2316 spiritus
948 2246 1134 2315 gratia,
1163 2255 1217 2299 et
1240 2244 1416 2299 oleum
1443 2243 1728 2300 insiliebat.

147 2339 277 2393 Haec
301 2348 474 2393 autem
502 2339 939 2393 administrabant
968 2338 1260 2408 prophetae.
1291 2336 1427 2404 Quin
1460 2345 1513 2391 et
1536 2337 1729 2392 nebula

143 2430 453 2499 frequenter
473 2438 526 2484 et
548 2428 721 2482 fumus
746 2428 899 2500 adyta
929 2428 1236 2497 occupabat.
1267 2427 1446 2497 Itaque
1475 2440 1543 2483 ne
1561 2427 1729 2482 Judaei

144 2519 397 2590 perfricta
426 2519 599 2575 fronte
628 2519 932 2574 hominibus
961 2521 1278 2589 imputarent
1309 2534 1522 2573 suarum
1550 2533 1727 2572 rerum

144 2612 519 2675 vastationem,
566 2628 674 2665 non
718 2611 889 2665 solum
930 2612 1197 2665 civitatem
1244 2610 1383 2664 Deus
1422 2624 1609 2679 passus
1646 2618 1730 2664 est

143 2702 307 2769 dirui,
358 2717 419 2756 ac
467 2703 719 2772 templum
769 2703 986 2767 vastari,
1030 2716 1213 2756 verum
1252 2702 1411 2755 etiam
1456 2700 1564 2767 illa,
1610 2715 1728 2769 qua:

143 2795 354 2849 caelitus
379 2794 643 2849 habebant
668 2795 926 2864 originem
943 2837 958 2861 ,
1003 2810 1033 2850 e
1057 2793 1232 2848 medio
1257 2793 1491 2859 sustulit,
1534 2793 1725 2847 videli-

141 2894 230 2939 cet
260 2886 457 2956 ignem,
477 2901 682 2949 vocem,
713 2902 743 2940 e
765 2886 1022 2954 lapidibus
1039 2884 1185 2939 reddi
1213 2884 1422 2937 solitum
1447 2882 1721 2952 fulgorem,

141 2987 196 3031 et
215 2980 373 3047 hujus
392 2980 599 3049 generis
620 2979 719 3033 alia
737 2980 996 3032 universa.
1019 2977 1245 3031 Proinde
1261 2991 1379 3029 cum
1402 2976 1490 3029 tibi
1509 2975 1726 3031 Iudaeus

142 3071 358 3137 dixerit,
389 3071 629 3126 homines
651 3072 801 3125 nobis
827 3071 1019 3125 bellum
1048 3070 1355 3131 intulerunt,
1382 3068 1622 3122 homines
1641 3070 1725 3121 in-

141 3162 318 3214 sidiati
347 3170 487 3225 sunt,
520 3160 685 3215 dicito
726 3160 797 3213 illi
838 3176 851 3211 :
888 3157 1121 3229 profecto
1147 3174 1253 3212 non
1283 3157 1479 3213 bellum
1520 3158 1726 3213 intulis-

141 3264 261 3307 sent
291 3252 548 3317 homines,
582 3252 681 3305 nisi
711 3252 850 3307 Deus
881 3251 979 3305 hoc
1005 3251 1352 3321 permisisset.
1386 3250 1582 3305 Verum
1610 3259 1725 3306 esto

142 3359 293 3409 sane,
348 3360 555 3399 murum
601 3352 835 3398 vestrum
879 3343 1138 3397 diruerint
1188 3343 1450 3406 homines,
1499 3358 1623 3397 num
1673 3352 1726 3398 et

143 3436 319 3503 ignem
348 3451 410 3490 ex
440 3435 550 3489 alto
586 3434 775 3490 devehi
804 3435 972 3490 vetuit
998 3434 1193 3488 homo?
1218 3433 1353 3488 Num
1376 3451 1558 3489 vocem
1592 3435 1725 3489 assi-

142 3528 246 3581 due
288 3542 352 3581 cx
391 3525 757 3596 propitiatorio
797 3526 965 3580 audiri
1005 3526 1215 3580 solitam
1255 3524 1481 3579 inhibuit
1519 3524 1723 3579 homo?

143 3635 271 3673 num
328 3618 738 3673 declarationem
785 3618 839 3672 in
883 3618 1143 3689 gemmis?
1178 3633 1301 3672 num
1336 3617 1721 3672 sacerdotalem

143 3711 487 3765 unctionem?
514 3725 639 3764 num
660 3718 849 3765 czetera
875 3711 1048 3764 omnia
1071 3710 1283 3765 sustulit
1308 3710 1503 3764 homo?
1532 3710 1723 3763 Annon

144 3804 287 3856 Deus
339 3802 450 3857 hare
493 3802 669 3857 omnia
715 3802 967 3856 sustulit?
1005 3802 1212 3858 Nemini
1251 3818 1355 3856 non
1388 3803 1722 3872 perspicuum

142 3904 259 3957 est;
294 3893 383 3947 sed
415 3909 515 3963 qua
556 3893 623 3949 de
660 3908 816 3949 causa
864 3893 1109 3947 sustulit?
1150 3895 1339 3947 Annon
1384 3892 1722 3948 manifestum

139 3996 225 4037 est
276 3984 393 4038 ideo
448 3984 675 4051 fecisse,
740 3984 883 4054 quod
924 3999 1019 4038 vos
1055 3985 1279 4049 odisset,
1326 3985 1572 4054 quodque
1626 4000 1722 4052 pe-

142 4078 287 4130 nitus
326 4077 693 4131 aversarctur?
730 4076 1092 4146 Nequaquam,
1144 4077 1407 4145 inquiunt,
1456 4076 1551 4131 sed
1592 4092 1724 4146 quo-

145 4173 286 4220 ni::m
341 4169 619 4238 metropoli
683 4183 959 4233 caremus,
999 4169 1118 4221 ideo
1161 4182 1401 4221 caremus
1462 4177 1514 4221 et
1572 4168 1717 4222 istis:

143 4272 241 4310 cur
270 4274 395 4312 vero
429 4259 515 4313 illa
553 4259 789 4313 caretis?
830 4257 1012 4313 Nonne
1050 4258 1173 4329 quia
1211 4272 1305 4312 vos
1334 4258 1477 4313 Deus
1525 4257 1721 4313 dereli-

142 4354 277 4419 quit.

216 4441 355 4496 Deus
402 4442 654 4512 indignius
678 4444 788 4496 tulit
817 4443 1002 4499 Christi
1039 4461 1237 4509 necem,
1269 4461 1417 4514 quam
1456 4446 1595 4498 vituli
1620 4447 1687 4497 ad
1698 4477 1721 4490 ο

144 4534 517 4587 orationem.—
531 4534 665 4600 Quin
702 4535 895 4603 potius,
929 4546 984 4590 ut
1015 4537 1227 4590 uberius
1255 4536 1576 4605 impudentia
1608 4532 1723 4589 illo;

144 4643 263 4680 rum
291 4643 381 4681 ora
408 4627 713 4682 claudamus
746 4646 758 4681 :
787 4644 882 4698 age
911 4638 964 4683 et
1004 4628 1105 4683 hoc
1143 4630 1531 4698 Scripturarum
1574 4631 1722 4683 testi-

146 4720 339 4774 moniis
359 4720 802 4788 demonstremus,
828 4722 968 4791 quod
998 4722 1176 4791 templi
1204 4722 1408 4777 eversio
1437 4738 1538 4775 non
1566 4721 1725 4775 fuerit

144 4826 304 4866 causa
338 4811 710 4867 destructionis
737 4823 1047 4868 cancrorum
1075 4828 1102 4865 a
1142 4813 1410 4881 pmphetis
1438 4813 1719 4882 prcediette,

145 4904 240 4958 sed
270 4904 345 4957 ira
372 4904 484 4969 Dei,
515 4914 568 4958 et
600 4904 741 4974 quod
772 4905 937 4973 magis
964 4906 1122 4957 etiam
1156 4904 1324 4972 ipsum
1357 4904 1609 4956 irritarint
1640 4904 1720 4957 iu-

144 4996 414 5051 sanientes
447 4997 500 5049 in
529 4996 796 5050 Christum
821 5036 835 5057 ,
867 5010 1022 5063 quam
1071 5004 1179 5046 tum
1225 5008 1346 5047 cum
1377 4993 1597 5046 vitulum
1628 4993 1722 5046 ad-

144 5097 375 5143 orarent.
406 5087 535 5142 Nam
565 5103 684 5144 cum
712 5087 1088 5145 vaticinaretur
1117 5084 1307 5148 Moses,
1345 5099 1441 5141 nec
1470 5084 1719 5154 templum

144 5190 262 5237 erat
282 5223 297 5247 ,
325 5197 423 5235 nec
453 5181 657 5244 altare;
685 5179 777 5233 sed
810 5194 927 5233 cum
959 5177 1305 5246 persisterent
1342 5178 1394 5230 in
1436 5178 1724 5231 innumeris

144 5273 500 5342 impietatibus
520 5314 534 5340 ,
568 5282 742 5326 tamen
786 5269 1077 5341 pmphetia‘.
1106 5268 1302 5323 donum
1342 5282 1445 5323 non
1474 5268 1719 5322 cessavit.

147 5363 345 5419 Verum
370 5373 425 5420 et
449 5365 534 5419 hic
578 5364 689 5433 ipse
732 5378 951 5432 magnus
978 5368 1135 5430 atque
1161 5359 1402 5430 egregius
1428 5361 1529 5424 vir,
1557 5368 1611 5415 et
1635 5359 1725 5413 alii

146 5470 331 5511 rursus
378 5465 569 5526 praeter
611 5455 750 5510 hunc
793 5453 1121 5524 septuaginta
1171 5462 1279 5506 tum
1314 5452 1563 5507 exstitere
1605 5468 1727 5522 pro-

147 5550 322 5615 pheta:
356 5564 368 5599 :
402 5562 497 5600 nec
526 5546 576 5599 id
607 5546 775 5599 solum
799 5587 812 5610 ,
845 5561 1022 5598 verum
1050 5552 1103 5597 et
1129 5552 1245 5613 post
1268 5543 1447 5597 datum
1474 5542 1723 5612 templum

148 5637 508 5707 reliquamque
533 5646 697 5691 totam
719 5636 999 5703 culturam,
1022 5634 1213 5690 deinde
1235 5635 1335 5688 hoc
1360 5634 1575 5688 incenso
1600 5649 1727 5688 cun-

150 5730 351 5801 ctisque
380 5730 623 5798 sublatis,
656 5730 708 5783 in
739 5729 1008 5799 Babylone
1041 5743 1221 5782 rursus
1250 5727 1567 5782 exstiterunt
1591 5726 1727 5781 Eze-

154 5841 170 5874 t
188 5821 289 5877 hiel
316 5833 365 5879 et
396 5822 600 5896 Daniel,
624 5823 710 5897 qui
737 5838 854 5880 cum
883 5837 979 5878 nec
1007 5828 1185 5883 sancta
1212 5828 1513 5877 sanctorum
1536 5818 1733 5893 aspice-

1371 391 1733 450 ADVERSUS
1770 390 2069 449 JUDEOS.
2116 392 2201 447 VI.

3329 419 3433 471 910

1854 515 1994 569 rent,
2022 521 2119 561 nec
2145 506 2298 562 altari
2327 510 2656 579 assisterent,
2683 514 2778 570 sed
2804 515 2855 570 in
2887 515 3056 573 media
3082 517 3425 582 barbarorum

1853 596 2071 666 regione
2098 606 2153 653 et
2181 598 2510 668 impurorum
2552 602 2824 661 hominum
2868 610 3138 663 consortio
3174 624 3432 680 agerent,

1852 684 2038 757 spiritu
2079 688 2265 758 repleti
2314 688 2487 745 futura
2532 694 2920 763 praedicebaut,
2962 699 3118 769 idque
3155 700 3223 756 de
3269 703 3429 757 rebus

1852 775 2020 831 multo
2047 786 2156 834 tum
2188 777 2423 847 pluribus
2442 821 2457 845 ,
2490 789 2597 835 tum
2626 783 3103 843 admirabilioribns
3126 806 3282 861 quam
3311 808 3427 860 qua:

1851 880 2236 940 praeesserant
2266 889 2279 925 :
2310 886 2373 927 ac
2400 871 2631 928 divinam
2662 875 2917 932 visionem
2945 881 3204 946 viderunt,
3235 891 3475 959 quate-f

1850 978 1950 1017 nus
1976 962 2105 1032 ipsis
2128 963 2310 1019 videre
2346 965 2511 1019 licuit.
2555 966 2734 1036 Itaque
2758 968 2918 1024 dicite
2945 972 3072 1025 mihi
3092 1013 3105 1036 ,
3133 989 3294 1042 quare
3322 988 3426 1029 non

1849 1052 2056 1108 habetis
2084 1070 2223 1108 nunc
2252 1056 2573 1125 prophetas?
2603 1060 2791 1112 Annon
2815 1061 3155 1130 perspicuum
3182 1075 3262 1117 est
3293 1064 3426 1118 hanc

1846 1160 1965 1200 esse
2014 1161 2265 1211 causam,
2306 1150 2445 1216 quod
2488 1150 2625 1204 Deus
2661 1162 2832 1206 vestra
2871 1163 3144 1207 aversatus
3184 1157 3291 1209 sit?
3321 1157 3425 1211 Sed

1845 1249 2004 1304 quam
2034 1237 2103 1291 ob
2137 1252 2349 1292 causam
2381 1254 2475 1293 vos
2509 1250 2779 1295 aversatus
2816 1244 2932 1296 est?
2965 1244 3177 1297 Clarum
3218 1246 3340 1299 item
3372 1258 3427 1300 et

1846 1326 1946 1381 hoc
1965 1368 1979 1392 ,
2008 1330 2149 1398 quod
2178 1330 2246 1385 ob
2272 1330 2417 1384 illum
2442 1332 2752 1386 crucifixum
2775 1375 2790 1397 ,
2818 1342 2871 1387 et
2903 1335 3117 1403 impium
3147 1336 3270 1388 illud
3302 1338 3413 1390 faei-

1844 1434 1963 1473 nus.
1993 1420 2144 1475 Unde
2170 1421 2272 1476 hoc
2302 1422 2483 1491 liquet,
2514 1422 2721 1491 inquis?
2748 1425 2824 1477 Ex
2864 1424 2981 1489 hoc,
3014 1425 3151 1494 quod
3178 1441 3298 1480 cum
3327 1442 3423 1479 au-

1843 1514 1998 1567 tehac
2039 1513 2200 1581 impie
2240 1514 2521 1579 viveretis,
2563 1514 2692 1568 nihil
2735 1532 2839 1569 non
2884 1516 3242 1580 obtinebatis;
3285 1534 3424 1573 nunc

1842 1621 1970 1660 vero
1998 1621 2117 1660 cum
2149 1606 2431 1661 videamini
2472 1608 2765 1663 modestius
2803 1609 2983 1663 vivere
3019 1619 3137 1678 post
3171 1625 3418 1677 crucem,

1842 1697 2070 1765 majores
2103 1697 2246 1751 luitis
2272 1713 2476 1767 pmnas,
2509 1714 2677 1767 neque
2694 1699 2987 1768 quidquam
3010 1715 3191 1754 eorum
3212 1702 3422 1755 contine

1839 1785 1915 1855 git
1940 1786 2155 1852 habere,
2183 1803 2300 1857 quae
2329 1788 2475 1857 prius
2505 1789 2800 1844 habebatis.

1909 1878 1962 1933 5.
2006 1877 2088 1931 Ea:
2124 1880 2379 1948 prophetis
2418 1878 2657 1949 probatur
2688 1884 2861 1951 futura
2893 1881 3175 1952 reprobatio
3210 1882 3420 1936 Judco-

1836 1985 1971 2022 rum.
1996 2000 2070 2010 —
2094 1970 2163 2025 Ut
2189 1981 2365 2025 autem
2386 1981 2440 2027 et
2469 1973 2595 2041 ipsis
2623 1973 2901 2043 prophetis
2936 1974 3038 2028 hoc
3065 1975 3339 2029 evidenter
3366 1984 3421 2030 et

1836 2076 2088 2130 expresse
2109 2062 2529 2128 testificantibus,
2560 2066 2895 2133 pmsentium
2921 2067 3179 2120 malorum
3204 2081 3417 2121 causam

1836 2154 2168 2225 intelligatis,
2195 2155 2372 2210 audite
2398 2156 2524 2226 quid
2571 2155 2701 2210 dicit
2746 2155 2939 2224 Isaias,
2968 2158 3233 2227 quomodo
3275 2173 3415 2227 pra:-

1834 2247 1963 2301 dicit
1993 2247 2149 2301 simul
2178 2255 2232 2303 et
2258 2258 2534 2302 venturam
2560 2248 2807 2303 omnibus
2834 2264 2932 2318 per
2956 2249 3222 2303 Christum
3252 2250 3417 2304 bene-

1834 2340 2131 2408 ficentiam,
2158 2350 2213 2396 et
2235 2351 2465 2396 vestram
2497 2342 2946 2411 ingratitudinem.
2976 2341 3188 2408 Livore,
3218 2342 3415 2411 inquit,

1833 2432 1940 2499 ejus
1980 2446 2072 2485 nos
2115 2432 2282 2484 sanati
2321 2447 2491 2485 sumus
2517 2430 2627 2500 (Is.
2655 2432 2743 2487 55.
2771 2432 2844 2501 5)
2874 2450 2887 2486 :
2914 2432 3139 2486 salutem
3179 2431 3417 2487 indicans

1832 2537 1927 2591 per
1954 2537 2168 2577 crucem
2210 2522 2461 2577 omnibus
2501 2523 2753 2576 oblatam.
2797 2523 2995 2578 Deinde
3032 2524 3215 2593 quales
3251 2524 3417 2578 simus

1832 2629 1931 2668 nos
1972 2614 2210 2668 indicans
2230 2654 2245 2680 ,
2279 2614 2505 2683 subjecit
2535 2632 2547 2667 :
2584 2614 2768 2668 Omnes
2802 2623 2857 2668 ut
2894 2631 3007 2669 oves
3039 2616 3378 2670 aberravimus
3399 2660 3412 2679 ,

1831 2704 1979 2757 homo
2008 2705 2061 2757 in
2086 2705 2166 2757 via
2193 2721 2285 2757 sua
2311 2706 2491 2758 erravit
2516 2704 2621 2776 (Ib.
2651 2722 2698 2758 υ.
2728 2705 2803 2773 6).
2834 2706 2967 2759 Tum
2997 2707 3167 2761 crucis
3195 2707 3418 2761 modum

1831 2795 2106 2863 explicans
2129 2836 2145 2861 ,
2176 2796 2253 2849 sic
2292 2795 2522 2865 loquitur
2554 2813 2566 2849 :
2600 2796 2743 2849 Sicut
2771 2797 2872 2850 ovis
2900 2797 2967 2848 ad
2995 2797 3288 2850 occisionem
3316 2799 3413 2850 du-

1830 2895 1940 2939 ctus
1967 2896 2069 2949 est,
2102 2893 2145 2939 et
2173 2896 2227 2939 ut
2255 2902 2415 2956 agnus
2444 2887 2495 2939 in
2521 2896 2792 2957 conspectu
2830 2887 3077 2940 tondentis
3116 2889 3279 2955 ipsum
3308 2890 3414 2941 sine

1827 2994 1947 3031 voce
1986 2978 2108 3049 fuit,
2141 2978 2213 3031 sic
2242 2995 2341 3031 non
2380 2978 2541 3047 aperit
2578 2994 2633 3031 os
2675 2994 2838 3030 suum.
2877 2976 2944 3029 In
2983 2978 3262 3031 humilitate
3306 2980 3414 3048 ejus

1820 3069 2072 3139 judicium
2113 3072 2220 3138 ejus
2259 3069 2508 3123 sublatum
2548 3078 2621 3123 est
2647 3070 2666 3139 (
2686 3068 2764 3123 Ib.
2794 3085 2844 3122 υ.
2881 3070 2931 3122 7.
2963 3069 3053 3139 8).
3090 3070 3149 3122 Et
3179 3069 3265 3122 ubi
3300 3070 3413 3124 lucc

1829 3162 2070 3217 evenisse
2100 3161 2223 3215 licet
2248 3160 2464 3216 videre?
2492 3161 2545 3214 In
2578 3160 2778 3217 nefario
2804 3162 3050 3229 prmtorio
3079 3161 3250 3215 Pilati.
3278 3161 3409 3215 Cum

1829 3252 1970 3307 enim
2002 3262 2109 3307 tam
2140 3252 2322 3314 multa,
2348 3251 2535 3320 inquit,
2569 3252 2868 3305 testimonia
2896 3252 3195 3321 proferrent
3221 3252 3413 3305 adver-

1830 3360 1919 3398 sus
1946 3345 2138 3415 ipsum,
2166 3344 2296 3397 nihil
2326 3343 2403 3397 eis
2432 3343 2703 3412 respondit
2731 3343 2905 3398 Jesus.
2931 3344 2994 3397 Et
3019 3344 3151 3398 dixit
3173 3344 3237 3397 ad
3265 3344 3411 3397 illum

1829 3434 2031 3488 Prmses
2052 3476 2066 3499 ,
2094 3434 2253 3486 Audis
2278 3450 2427 3502 quam
2458 3434 2616 3486 ntulta
2657 3434 2711 3486 in
2748 3444 2795 3486 te
2827 3435 3151 3501 testiﬁcentur
3179 3434 3197 3503 (
3226 3433 3410 3487 Matth.

1826 3525 1916 3579 27.
1961 3522 2088 3597 13)?
2132 3525 2329 3580 Verum
2373 3524 2504 3577 nihil
2543 3525 2842 3593 respondit,
2872 3525 2964 3579 sed
2997 3526 3167 3579 stabat
3198 3527 3408 3581 tacitus.

1818 3619 1940 3671 ‘lloc
1963 3618 2089 3671 olim
2118 3619 2317 3671 caelitus
2338 3618 2545 3671 afﬂatus
2571 3618 2823 3687 propheta
2850 3619 3057 3673 dixerat
3090 3638 3103 3674 :
3135 3619 3281 3673 Sicut
3305 3622 3411 3674 ovis

1827 3709 1894 3761 ad
1924 3709 2219 3762 occisionem
2246 3708 2423 3762 ductus
2448 3718 2554 3772 est,
2588 3718 2632 3761 et
2658 3710 2785 3761 sicut
2809 3726 2967 3778 agnus
2996 3724 3165 3762 coram
3205 3725 3259 3763 se
3294 3719 3409 3763 ton-

1828 3800 1973 3854 dente
1998 3810 2164 3854 mutus
2194 3799 2345 3868 (Isai.
2375 3801 2463 3855 53.
2490 3801 2564 3870 8).
2591 3800 2831 3855 Posthtee
2860 3815 3133 3869 exponens
3163 3802 3415 3870 iniquita-

1828 3900 1935 3945 tem
1973 3890 2025 3944 in
2068 3891 2317 3960 prmtorio
2358 3898 2713 3960 perpetratam
2751 3890 2823 3943 ait
2855 3907 2868 3942 :
2902 3889 2967 3942 In
2998 3891 3278 3943 humilitate
3304 3892 3411 3960 ejus

1816 3983 2073 4053 judicium
2096 3985 2204 4055 ejus
2229 3983 2477 4037 sublatura
2503 3994 2594 4037 est.
2625 3983 2793 4037 Nemo
2820 3993 2928 4037 tum
2959 3999 3023 4037 ex
3049 3983 3179 4052 juris
3209 3985 3411 4037 ratione

1826 4073 1894 4129 de
1922 4074 2013 4129 illo
2042 4076 2345 4145 suffragium
2382 4076 2524 4140 tulit,
2558 4074 2647 4128 sed
2688 4074 2815 4127 falsa
2861 4075 3034 4143 potius
3060 4074 3317 4128 adversus
3349 4074 3412 4127 il-

1828 4165 1935 4219 lum
1973 4166 2295 4234 recipiebant
2324 4166 2641 4220 testimonia.
2676 4165 2732 4219 ln
2771 4179 2925 4217 causa
2954 4174 3097 4228 erat,
3129 4164 3268 4230 quod
3297 4175 3402 4219 tum

1828 4256 2042 4310 uolebat
2069 4270 2187 4310 esse
2218 4257 2430 4309 vindex.
2462 4255 2592 4309 Nam
2625 4256 2667 4309 si
2699 4256 2970 4318 voluisset,
3002 4256 3175 4309 omnia
3206 4256 3385 4310 turbas

1827 4354 1927 4409 set,
1956 4347 2434 4415 coneussissetque.
2464 4347 2670 4400 Etenim
2702 4347 2744 4399 si
2776 4346 2825 4398 id
2856 4347 3128 4415 temporis,
3153 4362 3257 4415 quo
3284 4361 3409 4415 pen-

1826 4437 1985 4491 debat
2026 4438 2075 4491 in
2117 4452 2305 4501 cruce,
2340 4452 2462 4490 saxa
2496 4437 2736 4501 discidit,
2779 4438 2960 4491 orbem
3010 4448 3265 4492 terrarum
3307 4438 3406 4491 ob-

1828 4532 2095 4593 seuravit,
2124 4532 2254 4585 solis
2295 4531 2473 4584 radios
2511 4531 2735 4597 avertit,
2765 4540 2971 4585 noctem
3002 4531 3173 4585 medio
3201 4531 3287 4585 die
3316 4546 3409 4599 per

1829 4623 2123 4677 universam
2150 4633 2339 4677 terram
2370 4624 2595 4688 induxit,
2624 4622 2760 4676 idem
2788 4622 3046 4692 potuisset
3074 4623 3124 4675 in
3157 4623 3407 4691 praatorio

1828 4713 2021 4767 facere.
2056 4712 2249 4767 Verum
2291 4714 2456 4767 noluit
2481 4756 2495 4778 ,
2526 4712 2982 4767 mansuetudinem
3025 4728 3087 4766 ac
3136 4712 3407 4766 lenitatem

1827 4803 2103 4858 exhibens.
2132 4803 2255 4858 Ideo
2279 4804 2406 4858 dicit
2437 4823 2447 4857 :
2482 4802 2545 4856 In
2575 4803 2856 4856 humilitate
2882 4805 2988 4872 ejus
3017 4803 3268 4873 judicium
3299 4820 3409 4873 ejus

1827 4896 2074 4949 sublatum
2118 4905 2207 4949 est.
2252 4895 2453 4950 Deinde
2495 4895 2898 4955 demonstrans,
2937 4894 3075 4962 quod
3120 4908 3223 4945 non
3268 4904 3408 4947 esset

1829 5002 1962 5041 unus
1985 4987 2201 5057 quilibet
2225 5002 2255 5041 e
2281 4987 2456 5055 vulgo,
2484 4983 2706 5052 subjecit
2736 5002 2748 5037 :
2775 4982 3153 5037 Generationem
3176 4984 3281 5053 ejus
3299 4984 3411 5052 quis

1828 5078 2113 5132 enarrabit?
2132 5078 2261 5145 Quis
2279 5078 2418 5132 enim
2444 5085 2543 5139 est,
2567 5075 2634 5129 de
2654 5091 2757 5144 quo
2777 5075 2903 5127 dicit
2924 5092 2938 5127 :
2960 5073 3173 5127 Tollitur
3193 5073 3256 5125 de
3276 5083 3409 5127 terra

1828 5172 1926 5224 vita
1950 5172 2099 5241 ejus?
2129 5170 2251 5224 Ideo
2275 5177 2328 5223 et
2353 5169 2548 5222 Paulus
2571 5167 2697 5222 dicit
2728 5184 2741 5221 :
2780 5166 2893 5219 Vita
2920 5177 3090 5219 nostra
3116 5165 3409 5220 abscondita

1827 5276 1900 5318 est
1928 5281 2040 5318 cum
2076 5263 2273 5317 Christo
2313 5263 2364 5314 in
2410 5260 2532 5314 Deo.
2573 5260 2699 5313 Cum
2739 5260 3029 5330 apparuerit
3058 5258 3284 5313 Christus
3309 5258 3413 5314 vita

1828 5369 2020 5425 nostra,
2050 5368 2167 5411 tunc
2192 5366 2238 5410 et
2262 5372 2346 5409 vos
2372 5354 2674 5424 apparebitis
2694 5370 2806 5406 cum
2825 5353 2913 5407 illo
2935 5352 2985 5405 in
3008 5351 3170 5424 gloria
3191 5351 3407 5423 (Coloss.

1829 5452 1881 5506 5.
1912 5451 1965 5505 5.
1995 5448 2081 5521 4).
2110 5447 2214 5504 Sed
2244 5447 2384 5518 quod
2422 5447 2600 5501 dicere
2644 5459 3020 5514 proposueram
3044 5484 3060 5510 ,
3090 5453 3149 5498 ut
3184 5443 3409 5499 demon-

1830 5550 2052 5595 strarem
2083 5554 2174 5593 eos
2201 5549 2414 5609 propter
2439 5536 2580 5591 hunc
2605 5536 2881 5606 praesentia
2911 5536 3045 5589 mala
3072 5534 3408 5602 sustinuisse,

1830 5640 1994 5687 restat
2034 5639 2092 5684 ut
2120 5630 2290 5699 ipsum
2332 5629 2516 5682 Isaiam
2548 5627 2789 5682 inducam
2833 5627 3159 5696 loquentem.
3184 5625 3409 5682 Ubinam

1832 5723 1934 5777 hoc
1961 5722 2130 5776 dicit?
2158 5721 2285 5776 Post
2313 5720 2637 5790 praatorium,
2667 5727 2785 5789 post
2809 5719 3151 5783 occisionem,
3184 5725 3300 5787 post
3325 5732 3405 5769 as~

1832 5816 2184 5890 sumptionem
2208 5856 2223 5883 ,
2283 5814 2369 5871 ubi
2429 5813 2559 5871 dixit
2591 5830 2605 5866 :
2645 5811 2859 5869 Tollitur
2896 5813 2958 5869 de
2995 5822 3126 5869 terra
3164 5812 3261 5865 vita
3288 5812 3417 5888 ejus,
