3920 6238
454 484 664 551 stthjit-it
694 500 707 536 :
739 481 800 535 Et
827 479 955 534 dabo
981 478 1230 547 improbos
1261 494 1350 548 pro
1377 479 1634 541 sepultura
1661 478 1768 546 ejus
1786 517 1802 540 ,
1829 485 1872 528 et
1897 475 2026 527 divi-

353 639 360 648 _
456 589 528 631 tes
554 594 644 646 pro
673 585 827 629 morte
852 574 985 627 illius
1010 571 1162 641 (lsai.
1186 571 1273 625 55.
1305 571 1382 637 9).
1420 570 1534 624 Νοη
1564 569 1874 637 simpliciter
1899 567 2031 624 dixit

453 669 685 727 Iudaeos.
712 666 803 720 sed
832 664 1119 733 improbos.
1145 662 1280 730 Quid
1307 668 1445 716 enim
1471 661 1572 715 illis
1596 661 1887 729 improbius
1909 673 2032 714 esse

457 759 642 828 possit,
673 756 762 824 qui
791 764 909 825 post
937 764 1014 808 tot
1039 763 1284 822 tantaque
1312 762 1524 822 accepta
1555 750 1806 806 benelicia
1831 748 2029 804 beneﬁ-

453 866 573 903 cum
605 847 946 903 occiderunt?
970 846 1078 900 Nisi
1103 845 1216 900 haec
1238 853 1543 906 evenerunt,
1568 843 1665 896 nisi
1696 857 1834 896 nunc
1855 840 2028 896 vivitis

453 941 506 993 in
549 937 830 1007 ignominia
855 979 869 999 ,
902 937 1000 990 nisi
1039 935 1282 990 omnibus
1314 949 1432 1004 qum
1472 932 1698 1002 majores
1734 932 2030 987 habuerunt

451 1029 582 1083 estis
611 1029 818 1096 privati,
847 1027 948 1080 nisi
981 1025 1184 1079 corruit
1209 1033 1383 1078 vestra
1412 1024 1614 1086 civitas,
1647 1022 1746 1077 nisi
1773 1022 2026 1090 templum

455 1128 691 1174 vestrum
733 1133 939 1173 versum
975 1127 1058 1171 cst
1099 1117 1150 1170 in
1194 1115 1396 1169 ruinam
1417 1155 1432 1180 ,
1460 1114 1684 1184 denique
1713 1114 1812 1168 nisi
1837 1125 2028 1169 vestra:

454 1210 782 1263 calamitates
822 1215 1074 1276 superant
1097 1222 1306 1261 omnem
1347 1205 1685 1275 tragoediam,
1713 1220 1779 1259 ne
1805 1205 2026 1271 credas,

453 1316 488 1354 0
512 1299 713 1354 Jnda-c.
735 1300 928 1354 Contra
955 1299 996 1351 si
1029 1313 1114 1351 res
1138 1299 1265 1366 ipsa:
1291 1297 1578 1357 clamitant,
1603 1297 1648 1351 si
1675 1297 1811 1366 quod
1841 1296 2028 1365 praedi-

453 1401 596 1443 ctum
627 1399 742 1443 erat
769 1405 795 1442 a
829 1388 1098 1457 prophetis
1119 1429 1133 1449 ,
1172 1385 1460 1457 perlectum
1491 1398 1570 1442 est
1601 1403 1615 1440 :
1643 1387 1769 1456 quid
1799 1386 1987 1442 frustra
2008 1427 2024 1453 ,

453 1481 580 1549 quid
625 1483 885 1534 incassum
929 1478 1204 1547 impudens
1244 1478 1342 1534 es?
1381 1477 1513 1532 Nam
1543 1478 1630 1532 ubi
1660 1479 1745 1532 illa
1770 1478 1908 1547 apud
1935 1493 2028 1534 vos

455 1569 753 1625 veneranda
773 1611 789 1633 ,
822 1569 908 1621 ubi
949 1568 1180 1637 pontifex
1199 1609 1214 1632 ,
1244 1569 1334 1622 ubi
1378 1569 1512 1622 stola
1536 1579 1591 1623 et
1619 1568 1873 1622 rationale
1897 1609 1914 1634 ,
1940 1568 2028 1623 ubi

454 1663 783 1718 declaratio?
815 1662 892 1716 Ne
927 1678 1050 1716 vero
1088 1663 1214 1716 tnihi
1259 1661 1388 1717 istos
1430 1661 1754 1730 patriarchas
1793 1659 2025 1727 dixeris,

455 1773 721 1828 caupones
741 1799 754 1821 ,
787 1758 1170 1824 negotiatores,
1205 1756 1349 1811 omni
1391 1757 1664 1827 iniquitate
1699 1755 1907 1824 plenos.
1937 1753 2030 1808 Dic

457 1851 585 1904 mihi
609 1893 623 1913 ,
657 1851 827 1917 qualis
855 1862 934 1905 est
974 1849 1256 1914 sacerdos,
1287 1865 1408 1904 cum
1448 1865 1551 1902 non
1594 1849 1664 1902 sit
1707 1858 1859 1902 vetus
1899 1845 2028 1900 illud

453 1941 653 2006 oleum,
679 1956 845 2010 neque
866 1940 1150 2010 quidquam
1177 1940 1393 1994 omnino
1418 1939 1609 1994 veteris
1633 1936 2030 1992 sanctimoniae?

456 2033 568 2093 Dic,
599 2031 830 2098 inquam,
860 2033 1009 2095 mihi,
1039 2032 1213 2102 qualis
1241 2032 1528 2095 sacriﬁcus,
1561 2047 1680 2085 cum
1710 2046 1816 2085 non
1847 2030 1917 2084 sit
1940 2043 2029 2084 sa-

453 2120 730 2182 criﬁcium,
758 2136 928 2191 neqttc
947 2122 1134 2186 altare,
1160 2136 1329 2190 neque
1349 2120 1560 2174 cultus?
1584 2120 1672 2174 Vis
1695 2119 1786 2174 tibi
1813 2120 2028 2175 recitem

455 2208 601 2276 leges
629 2209 695 2262 de
733 2211 1031 2266 sacerdotio
1049 2252 1064 2276 ,
1092 2209 1356 2278 quomodo
1385 2210 1523 2263 soliti
1553 2209 1658 2264 sint
1684 2209 1810 2263 olim
1839 2223 2030 2265 conse-

453 2299 635 2354 cruri?
661 2297 722 2357 Ut
751 2301 1034 2372 intelligas,
1063 2301 1202 2370 quod
1227 2301 1314 2370 qui
1344 2316 1483 2355 nunc
1504 2301 1639 2369 apud
1667 2315 1761 2354 vos
1787 2299 2032 2354 dicuntur

455 2388 791 2467 patriarchae,
816 2407 916 2444 non
944 2392 1048 2444 sint
1068 2391 1388 2456 sacerdotes,
1413 2389 1504 2444 sed
1531 2405 1622 2458 per
1644 2389 2030 2444 simulationem

456 2489 792 2544 Sacerdotum
823 2490 980 2551 agant
1019 2497 1294 2550 personam
1316 2521 1330 2545 ,
1361 2496 1459 2535 nec
1487 2481 1638 2535 aliter
1665 2480 1849 2534 ludant
1873 2495 2030 2550 quam

457 2580 738 2635 histriones
781 2572 836 2626 in
873 2587 1028 2627 scena
1056 2588 1070 2636 ;
1100 2572 1206 2626 imo
1231 2582 1288 2625 ut
1315 2573 1487 2626 verius
1511 2571 1713 2638 dicam,
1743 2586 1842 2626 nec
1867 2570 2025 2626 susti-

457 2688 587 2726 nere
622 2671 822 2740 possint
871 2663 1161 2718 sacerdotis
1205 2678 1480 2732 personam
1516 2681 1529 2716 :
1560 2673 1662 2716 tam
1703 2663 1884 2732 procul
1926 2677 2030 2716 non

452 2764 626 2818 solum
661 2779 690 2816 a
730 2763 986 2822 veritate,
1018 2773 1195 2811 verum
1240 2757 1398 2811 etiam
1437 2757 1505 2812 ab
1545 2758 1653 2827 ipsa
1697 2759 2033 2814 simulatione

451 2856 731 2910 sacerdotii
762 2855 974 2908 absunt.
1005 2849 1300 2904 Recordare
1331 2850 1486 2918 igitur
1505 2850 1768 2919 quomodo
1792 2859 1900 2905 tum
1928 2852 2034 2905 Aa-

455 2962 552 3000 ron
576 2945 742 3000 l‘actus
766 2947 836 3000 sit
855 2940 1124 3005 sacerdos,
1148 2949 1276 3009 quot
1302 2941 1498 2994 hostias
1523 2956 1618 3009 pro
1643 2941 1731 2995 illo
1751 2941 2035 2996 immolarit

455 3035 664 3102 Moses,
703 3045 833 3104 quot
877 3031 1120 3091 vrctimas
1165 3033 1542 3101 prostravcrit,
1577 3033 1840 3102 quomodo
1883 3033 2032 3088 illum

455 3127 677 3192 laverit,
703 3126 968 3195 quomodo
1000 3123 1207 3176 unserit
1239 3123 1404 3190 ipsius
1431 3134 1723 3177 extremum
1747 3125 1993 3180 auricula:
2012 3166 2029 3192 ,

454 3232 667 3272 manum
695 3217 972 3281 dextram,
1007 3211 1195 3280 pedem
1223 3212 1462 3270 dextrum
1485 3252 1500 3277 ,
1529 3212 1723 3268 deinde
1760 3214 1812 3267 in
1853 3224 2032 3270 sancta

453 3317 757 3363 sanctorum
789 3302 1138 3360 introduxerit
1161 3317 1176 3365 ;
1215 3310 1334 3370 post
1351 3300 1702 3369 btecjusserit
1723 3305 2031 3377 praescripto

453 3397 660 3452 dierum
688 3412 907 3449 numero
935 3406 1154 3448 manere
1178 3390 1338 3444 intus.
1360 3391 1498 3456 Quin
1530 3393 1701 3461 potius
1721 3408 1897 3463 operte
1923 3410 2034 3463 pre

455 3487 588 3542 tium
613 3497 694 3539 est
724 3487 833 3554 ipsa
861 3486 1019 3538 verba
1051 3479 1232 3534 audire
1261 3498 1275 3533 :
1311 3479 1434 3535 Haec
1453 3523 1468 3547 ,
1500 3483 1700 3552 inquit,
1731 3485 1896 3538 unctio
1925 3487 2030 3538 Aa-

452 3593 565 3640 ron,
591 3586 636 3629 et
663 3587 828 3628 unctto
854 3576 1073 3641 ﬁliorum
1100 3572 1227 3641 ejus.
1252 3570 1318 3624 Et
1343 3572 1577 3642 loquutus
1600 3583 1672 3627 est
1698 3573 1942 3631 Dominus
1963 3579 2032 3632 ad

455 3668 652 3722 Mosam
688 3669 856 3720 dicens
885 3683 904 3720 :
933 3667 1145 3720 Assume
1178 3663 1347 3717 Aaron
1384 3673 1430 3718 et
1467 3663 1599 3732 ﬁlios
1635 3667 1772 3734 ejus,
1798 3677 1846 3720 et
1877 3669 2032 3724 stolas

451 3777 655 3825 eorum,
685 3769 732 3812 et
764 3759 1008 3811 unctionis
1051 3756 1217 3810 oleum
1237 3795 1250 3817 ,
1289 3764 1334 3807 et
1361 3756 1566 3808 vitulum
1597 3773 1687 3825 pro
1725 3773 1922 3826 peccato
1943 3801 1958 3825 ,
1985 3769 2030 3813 et

447 3851 689 3915 arietem,
717 3859 763 3902 et
802 3866 1016 3902 convoca
1055 3861 1366 3915 synagogam
1401 3845 1468 3898 ad
1508 3847 1688 3898 ostium
1726 3846 2031 3903 tabernaculi

451 3943 740 3998 testimonii.
773 3941 835 3994 Et
858 3942 984 3995 dixit
1013 3940 1178 3994 Moses
1205 3937 1447 3990 universa:
1485 3939 1794 3992 multitudtni
1826 3958 2032 4012 congre-

449 4043 584 4103 gata:
610 4049 629 4085 :
654 4033 734 4084 hic
758 4042 828 4084 est
853 4047 1034 4093 sermo,
1061 4043 1206 4096 quem
1234 4029 1486 4080 mandauit
1513 4027 1775 4082 Dominus.
1804 4029 1871 4084 Et
1890 4041 2030 4100 post-

448 4139 605 4192 quam
631 4122 926 4174 admovisset
955 4137 1034 4173 eos
1064 4117 1364 4188 (dicendum
1393 4127 1474 4172 est
1499 4120 1638 4172 enim
1669 4122 2026 4191 compendio),

449 4215 572 4267 lauit
594 4229 674 4265 eos
695 4227 844 4280 aqua,
870 4211 1034 4263 induit
1057 4209 1246 4274 tunica,
1273 4209 1425 4261 cinxit
1449 4226 1597 4277 zona,
1623 4211 1785 4264 induit
1811 4215 2032 4285 epcndy-

451 4314 535 4356 ten
553 4345 565 4364 ,
592 4302 826 4368 imposuit
856 4301 1139 4362 ltumerale,
1171 4299 1430 4370 pra’cittxit
1454 4299 1599 4352 illum
1623 4318 1682 4354 ac
1705 4302 2026 4372 substrinxit,

448 4393 688 4460 imposuit
716 4391 956 4444 rationale
973 4430 988 4455 ,
1020 4401 1063 4443 et
1089 4407 1239 4459 super
1264 4389 1510 4444 rationale
1532 4391 1767 4462 imposuit
1793 4394 2026 4448 declara-

449 4485 638 4536 tionem
663 4493 710 4536 et
737 4485 987 4536 ceritatem
1015 4496 1034 4536 :
1058 4491 1102 4535 et
1127 4482 1326 4535 mitram
1353 4482 1586 4552 imposuit
1614 4485 1768 4554 capiti
1793 4485 1950 4551 illius,
1983 4496 2028 4541 et

367 4612 370 4615 -
450 4591 604 4643 super
645 4575 845 4628 mitram
888 4573 1128 4628 laminam
1171 4589 1375 4626 auream
1413 4589 1432 4628 :
1466 4574 1645 4628 deinde
1683 4587 1882 4645 sumpto
1919 4579 2027 4632 oleo

450 4665 729 4734 conspersit
757 4665 916 4717 altare
935 4705 949 4728 ,
978 4672 1023 4716 et
1052 4664 1376 4731 sancti/icavit
1400 4664 1566 4728 illud;
1593 4675 1639 4718 et
1664 4681 1780 4721 vasa
1799 4709 1813 4729 ,
1840 4677 1887 4721 et
1921 4669 2028 4738 pel-

451 4759 552 4810 sn'm
574 4767 620 4811 et
643 4756 820 4816 basim,
848 4764 894 4808 et
919 4756 1248 4823 sanctiﬁcavit
1273 4770 1349 4820 ea,
1374 4767 1420 4808 et
1441 4757 1615 4823 ell'udit
1640 4775 1701 4812 ex
1727 4777 1783 4814 eo
1804 4761 1856 4814 in
1875 4772 2026 4830 caput

453 4849 623 4901 Aaron
654 4861 673 4900 :
703 4856 747 4899 et
773 4844 894 4913 ﬁliis
918 4845 1053 4898 illius
1081 4844 1308 4899 similiter
1331 4845 1464 4914 fecit,
1495 4857 1539 4900 et
1562 4848 1773 4902 adduxit
1794 4851 2022 4906 vitulum.

451 4937 579 4993 Cum
605 4945 768 4990 autem
794 4936 1098 4989 immolasset
1123 4951 1255 5000 eum,
1289 4947 1547 5007 postquam
1576 4937 1742 4992 Aaron
1763 4957 1877 4994 cum
1905 4942 2027 5010 ﬁliis

453 5029 559 5081 suis
583 5027 895 5096 imposuisset
917 5042 1114 5092 manus,
1137 5027 1349 5095 sumpsit
1373 5030 1435 5080 de
1457 5030 1700 5098 sanguine
1724 5039 1770 5082 et
1790 5030 2026 5100 imposuit

451 5118 684 5171 cornibus
716 5117 919 5176 altaris.
948 5127 991 5172 et
1018 5117 1297 5186 puriﬁcat'it
1335 5118 1522 5180 altare,
1554 5129 1598 5171 et
1627 5121 1918 5190 sanguinem
1944 5124 2024 5193 ef-

453 5209 582 5277 fudit
607 5209 659 5260 in
680 5207 835 5260 basim
859 5209 1055 5273 altaris,
1077 5218 1122 5260 et
1142 5209 1466 5277 sancti/icavit
1485 5209 1634 5275 illud,
1658 5220 1710 5262 ut
1731 5211 2025 5281 prapitiaret

452 5314 605 5366 super
627 5298 771 5351 illud.
802 5297 997 5352 Deinde
1021 5307 1278 5367 postquam
1304 5301 1531 5368 quendam
1557 5316 1622 5354 ea;
1641 5301 1718 5354 Itis
1739 5313 2022 5371 cremasset,

452 5387 556 5442 alia
583 5390 705 5457 [oris
722 5429 738 5452 ,
770 5391 872 5441 alia
896 5390 1028 5441 intus
1047 5430 1060 5452 ,
1093 5390 1303 5443 adduxit
1327 5408 1499 5444 rursus
1523 5392 1726 5445 arietem
1746 5433 1760 5453 ,
1787 5404 1832 5447 et
1861 5394 2026 5462 ipsum

455 5478 724 5530 immolavit
749 5479 800 5530 in
828 5479 1191 5546 holocaustum,
1216 5490 1260 5533 et
1279 5481 1456 5534 iterum
1481 5481 1695 5536 adduxit
1718 5483 1873 5536 alium
1894 5484 2025 5537 aric-

453 5581 549 5626 tem
577 5571 1016 5624 consummationis
1043 5588 1061 5624 :
1086 5583 1132 5624 et
1161 5589 1330 5626 rursus
1359 5573 1556 5628 Aarone
1580 5591 1692 5628 cum
1720 5576 1838 5642 filiis
1863 5577 2026 5644 impo-

454 5672 601 5714 nente
625 5678 801 5714 manus
823 5661 1000 5714 occidit
1023 5677 1041 5714 :
1064 5679 1358 5734 sumensque
1377 5665 1438 5717 de
1460 5665 1700 5735 sanguine
1722 5667 1850 5735 ejus,
1877 5682 2026 5737 super

453 5763 728 5810 “tremum
767 5751 1006 5809 auriculae
1041 5754 1207 5809 Aaron
1241 5756 1428 5810 ἄαται-αῖ
1449 5795 1466 5822 ,
1494 5766 1539 5810 et
1572 5772 1724 5828 super
1750 5767 2021 5812 extremum

1187 361 1244 417 S.
1286 361 1561 417 JOANNIS
1598 355 2073 415 CIIRYSOSTOMI
2111 357 2426 413 ARCHIEP.
2467 355 2995 414 CONSTANTINOP.

3607 362 3716 418 919.

2136 485 2315 526 manus
2339 473 2557 536 dextras,
2586 485 2632 525 et
2670 490 2820 542 super
2847 485 3120 527 extremum
3156 475 3298 544 pedis
3327 475 3527 540 dextri,
3561 477 3715 528 simili

2137 565 2286 617 uredo
2312 564 2428 632 {erit
2448 574 2493 617 et
2515 565 2634 633 ﬁliis
2661 564 2813 617 illius.
2846 563 3036 617 Deinde
3057 581 3256 618 sumens
3284 566 3511 632 quadam
3533 565 3599 617 de
3622 567 3714 618 lto-

2133 654 2232 707 stia
2273 655 2504 722 imposuit
2543 655 2771 707 manibus
2813 654 2986 708 Aaron
3027 664 3074 708 et
3110 656 3330 723 ﬁliorum
3368 659 3509 727 ejus,
3542 673 3607 709 ac
3643 674 3716 710 sic

2135 744 2332 798 obtulit.
2361 745 2427 798 Et
2451 755 2650 814 sumpto
2677 763 2850 799 rursus
2876 748 3119 817 sanguine
3143 757 3189 801 et
3214 747 3277 802 de
3301 749 3408 801 oleo
3435 751 3716 818 conspersit

2133 851 2285 904 super
2307 834 2475 888 Aaron
2503 844 2548 889 et
2572 835 2724 890 stolas
2748 837 2906 904 illius,
2935 848 2981 891 et
3003 855 3153 908 super
3175 840 3308 906 filios
3336 842 3464 910 ejus,
3488 851 3534 894 et
3559 859 3718 907 super

2134 924 2290 978 stolas
2324 941 2494 978 eorum
2521 940 2541 978 :
2559 934 2604 979 et
2628 927 2956 995 sanctiﬁcavit
2982 945 3094 997 eos,
3117 939 3163 981 et
3190 932 3342 1000 jussit
3367 942 3421 983 ut
3447 944 3715 1001 coquereut

2135 1032 2310 1103 carnc‘s
2339 1017 2391 1068 in
2419 1017 2547 1070 atrio
2579 1016 2884 1072 tabernaculi
2913 1021 3196 1086 testimonii,
3229 1022 3428 1092 illicquc
3449 1025 3521 1076 eis
3547 1040 3716 1077 vesce-

2135 1119 2310 1162 rentur
2341 1123 2360 1162 :
2399 1119 2445 1162 et
2481 1110 2542 1162 ab
2577 1111 2705 1164 ostio
2741 1111 3048 1164 tabernaculi
3080 1113 3347 1166 testimonii
3386 1131 3450 1168 ue
3485 1117 3717 1185 egredia-

2136 1199 2294 1261 mini,
2326 1199 2525 1269 inquit,
2555 1200 2662 1252 dies
2689 1211 2876 1270 septem
2895 1241 2910 1266 ,
2938 1200 3096 1254 donec
3133 1201 3238 1256 dies
3269 1203 3539 1272 impleatur
3557 1245 3576 1272 ,
3609 1205 3716 1259 dies

2134 1293 2465 1348 ordinationis
2493 1305 2684 1348 vestrm.
2717 1296 2920 1366 Septem
2945 1298 3077 1351 enim
3101 1299 3270 1353 diebus
3292 1300 3506 1354 initiabit
3530 1319 3714 1356 nwnus

2133 1393 2323 1438 uestras
2342 1425 2356 1446 ,
2382 1394 2435 1437 ut
2469 1387 2764 1453 propitietur
2791 1404 2881 1454 pro
2907 1389 3042 1440 vobis
3065 1387 3254 1460 (Leuit.
3286 1391 3338 1443 7.
3369 1391 3468 1453 35;
3503 1391 3555 1446 8.
3585 1394 3640 1446 Ι.
3667 1403 3714 1446 et

2133 1475 2316 1544 seqq.).
2341 1476 2474 1530 Cum
2499 1477 2656 1546 igitur
2680 1477 2821 1533 dicat
2852 1479 2932 1532 his
2961 1481 3118 1533 rebus
3142 1481 3399 1534 initiatum
3428 1482 3592 1538 fuisse
3615 1485 3714 1538 As-

2134 1579 2254 1631 ron,
2287 1567 2369 1620 his
2399 1568 2752 1635 puriﬁcatam,
2785 1569 2867 1623 his
2895 1571 3298 1638 sanctificatum,
3331 1589 3424 1641 per
3452 1574 3566 1629 hate
3595 1576 3713 1642 pls-

2135 1672 2285 1711 casse
2315 1658 2515 1725 Deum,
2546 1660 2676 1713 nihil
2704 1670 2880 1714 autctn
2911 1661 3096 1715 borum
3124 1679 3260 1716 nunc
3287 1665 3374 1717 iiat
3393 1706 3409 1728 ,
3437 1681 3610 1734 neque
3637 1667 3714 1718 vi-

2134 1751 2291 1804 ctima
2331 1766 2501 1820 neque
2531 1753 2917 1817 holocaustum,
2951 1769 3118 1822 neque
3156 1756 3423 1822 sanguinis
3449 1758 3711 1825 aSpersio,

2136 1856 2308 1910 neque
2335 1841 2438 1896 olei
2466 1841 2700 1896 inuuctio
2721 1885 2736 1907 ,
2769 1859 2865 1898 nec
2890 1843 3026 1897 adsit
3053 1845 3441 1899 tabernaculum
3469 1850 3713 1902 testimo-

2135 1935 2206 1988 ttii
2227 1975 2241 2000 ,
2271 1950 2441 2004 neque
2477 1935 2541 1989 ad
2571 1936 2886 2004 praeﬁnitum
2922 1936 3126 1990 dierum
3150 1953 3428 1992 numerum
3465 1939 3713 1995 sedeatur

2135 2027 2312 2082 intus:
2340 2027 2580 2097 profecto
2609 2027 2779 2097 palam
2807 2037 2886 2083 est
2912 2029 3261 2095 sacerdotem,
3288 2031 3376 2097 qui
3406 2047 3548 2086 nunc
3575 2032 3712 2101 apud

2135 2118 2268 2172 istos
2294 2129 2410 2182 est,
2442 2119 2706 2188 itnpttrum
2735 2133 2799 2172 ac
2824 2117 3078 2172 nefarium
3107 2133 3224 2174 esse
3243 2160 3257 2184 ,
3292 2120 3623 2191 illegitimum
3651 2137 3714 2176 ac

2137 2208 2434 2276 profanum,
2461 2208 2687 2277 denique
2715 2207 2781 2261 ad
2811 2209 2939 2261 iram
2970 2208 3134 2262 Deum
3163 2223 3469 2278 provocare.
3500 2211 3713 2266 Etenim

2135 2299 2178 2352 si
2220 2313 2324 2351 non
2369 2308 2574 2367 poterat
2616 2299 2772 2352 aliter
2811 2299 3142 2363 consecrari,
3175 2299 3275 2354 nisi
3307 2300 3450 2356 hisee
3482 2301 3674 2356 ritibus
3695 2344 3711 2366 ,

2137 2392 2354 2444 omnino
2382 2405 2598 2445 necesse
2623 2399 2708 2445 est
2749 2399 2914 2444 totum
2961 2391 3312 2446 sacerdotium
3353 2393 3566 2451 illorum
3607 2410 3714 2448 non

2136 2479 2447 2535 consistere.
2479 2479 2642 2534 Vides
2669 2495 2698 2533 a
2729 2495 2814 2534 me
2853 2481 3040 2535 merito
3064 2481 3280 2546 dictum,
3311 2482 3451 2552 quod
3486 2499 3592 2537 non
3620 2499 3714 2539 so-

2136 2572 2244 2624 lum
2273 2587 2302 2625 a
2332 2572 2552 2626 veritate
2575 2611 2592 2638 ,
2623 2587 2804 2626 verum
2835 2572 2992 2626 etiam
3022 2571 3089 2627 ab
3131 2572 3241 2642 ipsa
3271 2573 3347 2627 rei
3374 2573 3715 2631 simulatione

2136 2663 2318 2729 procul
2347 2663 2555 2716 absunt.

2205 2750 2260 2804 6.
2291 2750 2492 2816 Quanta
2519 2751 2582 2805 sit
2609 2750 2876 2805 sacerdotii
2902 2751 3138 2821 dignitas.
3161 2782 3230 2791 —
3257 2750 3364 2806 Nec
3390 2769 3456 2808 ex
3485 2753 3568 2808 Itis
3597 2764 3715 2810 Ian-

2136 2850 2248 2895 tum
2267 2881 2284 2914 ,
2312 2856 2493 2894 verum
2519 2840 2675 2895 etiam
2703 2857 2769 2896 ex
2797 2841 2913 2894 aliis
2937 2841 3141 2895 discere
3169 2841 3308 2906 licet,
3332 2855 3524 2911 quanta
3554 2843 3715 2900 fuerit

2135 2931 2414 2987 sacerdotii
2445 2931 2691 3001 dignitas.
2731 2931 2956 2985 Proinde
2981 2946 3098 2985 cmn
3125 2932 3380 2986 adversus
3406 2935 3581 2988 Aaron
3619 2951 3710 2989 se-

2136 3023 2387 3077 ditionem
2414 3022 2702 3075 movissent
2729 3021 2966 3076 homines
2989 3022 3200 3091 quidam
3225 3023 3466 3077 scelerati
3494 3025 3714 3093 perditi-

2134 3130 2268 3186 que,
2296 3122 2548 3169 conantes
2576 3129 2698 3168 eum
2725 3129 2753 3166 a
2782 3113 3075 3183 principatu
3101 3113 3368 3184 depellere
3387 3155 3400 3178 ,
3431 3125 3485 3169 et
3511 3115 3580 3169 de
3609 3115 3711 3170 bo.

2136 3222 2265 3260 nore
2302 3223 2422 3260 cum
2468 3207 2555 3259 illo
2597 3206 2950 3273 disceptarent
2989 3223 3001 3257 :
3040 3191 3494 3260 mansuetissimus
3536 3207 3712 3265 Moses

2133 3295 2352 3365 cupiens
2377 3295 2478 3349 illis
2502 3295 2657 3347 rebus
2683 3295 2808 3363 ipsis
2834 3294 3006 3350 facere
3029 3295 3206 3360 iidem,
3230 3295 3367 3365 quod
3395 3313 3496 3350 non
3520 3308 3578 3351 ιιι
3605 3297 3708 3351 [κιο

2137 3399 2267 3444 trem
2289 3430 2304 3450 ,
2329 3377 2422 3442 aut
2443 3399 2754 3458 cognatum,
2789 3397 2880 3441 aut
2906 3388 3211 3442 familiarem
3231 3430 3246 3454 ,
3271 3390 3529 3444 evexisset
3560 3391 3708 3445 illuni

2136 3482 2203 3535 ad
2231 3497 2348 3535 eum
2391 3481 2682 3544 honorent,
2725 3481 2815 3533 sed
2857 3480 2945 3534 Dei
2987 3495 3177 3549 parens
3203 3481 3374 3535 edicto
3404 3482 3711 3538 tradidisset

2136 3572 2208 3625 illi
2237 3571 2586 3626 saecrdotium
2620 3570 2763 3634 illud,
2790 3570 2948 3638 jussit
2973 3581 3029 3623 ttt
3056 3586 3377 3639 unaquchue
3404 3572 3578 3626 tribus
3602 3573 3711 3627 vir-

2133 3678 2250 3732 gain
2279 3662 2512 3724 aﬂ‘erret,
2541 3663 2678 3716 idem
2709 3662 2956 3731 pra-cepit
2981 3663 3174 3715 Aaroni
3206 3677 3360 3716 :cum
3387 3664 3709 3731 attulissent,

2134 3770 2320 3809 omnes
2347 3754 2581 3822 accepit,
2613 3761 2668 3808 ct
2699 3754 2838 3807 intus
2876 3753 3128 3822 reposuit.
3160 3754 3237 3807 Eo
3272 3751 3410 3808 facto
3428 3755 3590 3822 jussit
3613 3770 3709 3810 ex-

2133 3846 2358 3914 spectari
2384 3845 2617 3899 divinum
2643 3844 2923 3913 judicium,
2949 3844 3086 3912 quod
3116 3861 3209 3916 per
3232 3846 3400 3915 virgas
3429 3847 3545 3900 illas
3564 3857 3710 3903 esset

2136 3936 2526 4006 proferendum.
2561 3936 2756 3991 Deinde
2781 3950 2899 3990 cum
2929 3936 3084 3991 simul
3112 3937 3344 3991 omnium
3379 3937 3707 4008 reliquorum

2136 4028 2292 4098 virga:
2331 4035 2610 4083 manerent
2638 4027 2689 4081 in
2728 4027 2914 4082 eodem
2961 4027 3173 4094 habitu,
3204 4029 3314 4082 sola
3355 4029 3497 4098 virga
3529 4033 3706 4096 Aaron

2133 4117 2486 4186 germinavit,
2534 4115 2851 4186 frondesque
2887 4116 3134 4186 produxit
3172 4131 3233 4172 ac
3271 4118 3470 4172 fructus
3499 4117 3704 4190 (Nunt.

2135 4208 2248 4279 Π),
2273 4217 2330 4263 ιιι
2355 4208 2722 4278 intelligerent,
2750 4202 2956 4261 natura!
2979 4206 3256 4260 Dominum
3279 4208 3422 4262 illum
3443 4207 3708 4277 delegisse

2133 4301 2342 4365 denuo,
2374 4299 2666 4353 litterarum
2695 4298 2808 4352 vice
2837 4297 2972 4352 foliis
3001 4301 3172 4351 usum.
3202 4297 3406 4351 Etenim
3435 4301 3523 4367 qtti
3555 4300 3707 4355 initio

2132 4391 2341 4446 dicebat
2365 4407 2380 4444 :
2403 4387 2653 4442 Germinet
2682 4397 2814 4440 terra
2841 4387 3042 4441 herbam
3067 4389 3307 4458 graminis
3337 4387 3483 4458 (Gen.
3510 4390 3561 4442 1.
3589 4391 3703 4458 Η),

2131 4482 2351 4551 ejusque
2389 4480 2493 4532 vim
2525 4479 2588 4531 ad
2619 4477 3038 4531 lrttctilicandum
3064 4479 3345 4531 excitavit:
3378 4479 3512 4534 idem
3548 4489 3604 4534 et
3639 4481 3705 4535 ιι.

2132 4572 2222 4626 iud
2251 4571 2447 4642 lignum
2474 4568 2615 4638 quod
2641 4577 2756 4622 erat
2778 4567 2983 4622 aridum
3013 4579 3065 4623 ct
3091 4569 3470 4640 inlrugilcrum,
3504 4571 3627 4626 fecit
3651 4581 3707 4628 ιιι

2130 4665 2326 4734 absque
2355 4674 2491 4719 terra
2521 4673 2573 4718 et
2597 4666 2709 4718 sine
2738 4665 2913 4721 radice
2939 4667 3249 4735 germinare!
3277 4685 3290 4721 :
3316 4678 3531 4736 eratque
3555 4669 3706 4724 dein.

2130 4769 2256 4824 ceps
2285 4755 2426 4825 tirga
2458 4756 2541 4809 illa
2573 4768 2937 4825 argumentum
2971 4767 3024 4812 ct
3063 4759 3413 4812 testimonium
3445 4769 3550 4813 tam
3582 4762 3704 4816 illo~

2132 4863 2248 4900 rutn
2275 4846 2505 4910 malitize,
2526 4863 2680 4914 quam
2702 4848 2860 4901 divini
2876 4848 3079 4917 judicii,
3099 4865 3200 4902 non
3225 4851 3467 4904 emittens
3490 4851 3706 4922 quidem

2131 4954 2340 5006 vocem,
2358 4939 2450 4993 sed
2473 4939 2586 5009 ipso
2606 4951 2819 5009 aspectu
2839 4943 3024 5010 quavis
3045 4941 3164 4997 tuba
3184 4943 3376 4997 clarius
3393 4943 3705 5014 exhortans.

2132 5044 2199 5084 ne
2224 5029 2347 5098 quid
2375 5030 2554 5084 talium
2584 5031 2872 5085 facinorum
2901 5033 2950 5086 in
2979 5042 3244 5102 posterum
3267 5032 3702 5104 aggrederentur.

2129 5118 2236 5174 Nec
2280 5119 2380 5174 hoc
2415 5121 2573 5174 modo
2603 5131 2801 5176 tantum
2822 5163 2838 5189 ,
2866 5122 2958 5176 sed
3001 5123 3106 5177 alio
3141 5123 3365 5192 quodam
3390 5137 3706 5194 argumento

2132 5211 2270 5265 Deus
2297 5209 2587 5266 declaravit
2625 5227 2746 5266 eum
2791 5212 3140 5268 sacerdotem.
3170 5213 3379 5269 Etenim
3406 5230 3527 5269 cum
3553 5218 3705 5272 multi

2131 5314 2271 5358 mota
2312 5304 2565 5359 adversus
2603 5303 2752 5358 illum
2795 5305 3052 5360 seditione
3077 5315 3383 5374 appeterent
3409 5305 3572 5376 ipsius
3604 5307 3704 5361 ho-

2129 5409 2313 5449 norem
2346 5411 2360 5448 :
2390 5394 2711 5464 principatus
2740 5395 2879 5448 enim
2912 5410 2998 5449 res
3035 5406 3116 5448 est
3147 5411 3240 5464 pro
3276 5410 3376 5464 qua
3415 5394 3704 5464 depugnari

2129 5487 2283 5552 solet,
2315 5496 2368 5542 et
2395 5503 2512 5557 quze
2540 5487 2801 5556 expetitur
2824 5502 2853 5540 a
2885 5487 3059 5540 multis
3091 5505 3105 5541 :
3133 5488 3287 5556 jussit
3317 5497 3370 5540 ut
3400 5486 3558 5540 illatis
3581 5488 3707 5539 thu-

2129 5577 2336 5642 ribulis,
2364 5588 2418 5632 et
2447 5578 2692 5648 imposito
2723 5578 3082 5647 tltymiamate,
3114 5578 3313 5630 C(L'lllus
3337 5587 3710 5647 exspectarent

2129 5669 2463 5722 sententiam.
2514 5672 2685 5736 Atque
2728 5667 2830 5722 illis
2875 5667 3208 5721 adolentibus
3244 5675 3380 5720 terra
3422 5665 3708 5720 dehiscens

2130 5772 2317 5814 omnes
2338 5757 2630 5825 absorbuit,
2653 5757 2741 5829 qui
2769 5772 2886 5813 cum
2916 5757 3040 5828 ipsis
3065 5768 3481 5812 consenserant:
3508 5771 3710 5826 eosque
