3920 6242
443 291 547 348 915

441 405 726 478 ἀναμένειν
767 403 963 476 ψῆφον.
994 401 1104 455 Καὶ
1149 401 1464 473 θυμιώντων
1489 400 1688 463 αὐτῶν,
1724 402 1852 470 ήγῆ
1899 399 2016 453 δια-

444 492 617 544 στᾶσα
648 488 854 548 πάντας
907 484 1132 538 κατέπιε
1183 480 1306 546 τόυς
1357 484 1772 554 συναιρομένους
1807 482 2012 544 αὐτοῖς,

443 573 538 627 καὶ
563 573 687 634 τοὺς
715 571 783 622 τα
825 572 1019 640 πυρεῖα
1042 566 1307 629 λαϐόντας
1329 566 1534 620 ἀνωθεν
1555 565 1847 634 κατέφλεξε
1879 564 2007 635 πῦρ.

443 656 554 708 Καὶ
580 655 666 707 ἵνα
701 653 773 722 μὴ
789 652 866 721 τῷ
899 652 1073 722 χρόνῳ
1104 650 1241 721 λήθῃ
1269 649 1328 702 τὸ
1356 651 1642 719 γενόμενον
1671 648 1969 720 παραδοθὲν
1986 660 2008 687 ⁸

444 739 658 805 ἀγνοεῖν
687 736 809 798 τοὺς
862 734 998 806 μετὰ
1047 731 1218 785 ταῦτα
1257 735 1378 802 ποιῇ
1430 731 1527 802 τὴν
1582 731 1878 802 παράδοξον
1920 729 2012 781 τοῦ

443 818 577 873 Θεοῦ
609 817 804 888 ψῆφον,
838 816 1166 888 προσέταξεν
1194 818 1222 867 ό
1244 815 1480 884 Μωῡσῆς
1513 817 1692 868 ἐκεῖνα
1719 814 1786 866 τὰ
1819 815 2014 882 πυρεῖα

445 902 701 966 λαϐόντας
730 901 1046 971 περιελάσαι
1081 901 1160 971 τῷ
1215 899 1603 968 θυσιαστηρίῳ,
1650 899 1714 952 ἵν’
1744 897 1930 967 ῶσπερ
1980 895 2012 964 ἡ

447 986 639 1057 ῥάϐδος
665 989 830 1058 χωρίς
865 985 1046 1055 φωνῆς
1075 983 1225 1054 ἠφίει
1256 982 1436 1052 φωνὴν
1460 982 1547 1033 διὰ
1573 982 1672 1050 τῆς
1696 981 1890 1050 ὅψεως,
1925 977 2017 1031 οῦ-

443 1086 520 1121 τω
558 1070 650 1122 καὶ
673 1069 740 1122 τὰ
762 1068 968 1120 πέταλα
999 1066 1166 1119 ταῦτα
1209 1068 1321 1128 τοῖς
1354 1065 1489 1135 μετὰ
1510 1064 1674 1116 ταῦτα
1699 1064 2012 1131 διαλέγηται

444 1151 576 1204 πᾶσι
619 1150 766 1222 [659]
787 1153 878 1203 καὶ
932 1151 1164 1220 παραινῇ
1220 1149 1314 1201 καὶ
1342 1147 1700 1218 συμϐουλεύῃ,
1751 1145 2014 1216 μηδαμῶς

449 1237 728 1306 μιμεῖσθαι
759 1235 855 1305 τὴν
884 1235 990 1286 τῶν
1021 1233 1295 1304 προτέρων
1324 1232 1528 1290 ἄνοιαν,
1570 1232 1656 1283 ἵνα
1695 1229 1766 1301 μὴ
1788 1229 1883 1301 τὴν
1913 1229 2012 1280 αὑ·-

444 1320 542 1390 τὴν
577 1319 904 1388 ὑπομείνωσι
947 1319 1118 1388 δίκην.
1165 1318 1325 1388 Ὁρᾷς
1351 1317 1466 1378 πῶς
1498 1315 1556 1368 τὸ
1603 1314 1826 1368 παλαιὸν
1860 1315 1908 1366 οἱ
1937 1314 2012 1364 ἱε-

451 1405 561 1472 ρεῖς
593 1402 1050 1475 ἐχειροτονοῦντο;
1081 1402 1214 1454 Νυνὶ
1253 1401 1310 1453 δὲ
1344 1400 1566 1467 παίγνια
1593 1399 1662 1452 τὰ
1691 1397 1838 1469 παρά
1881 1398 2010 1448 Ἰου-

446 1486 614 1548 δαίοις
644 1487 820 1539 πάντα
865 1486 958 1539 καὶ
991 1486 1160 1554 γέλως
1209 1487 1300 1538 καὶ
1334 1484 1564 1554 αἰσχύνη
1619 1483 1712 1536 καὶ
1741 1480 2012 1550 καπηλεῖα

447 1569 541 1622 καὶ
577 1569 773 1640 μυρίας
806 1569 974 1639 μεστά
1005 1569 1366 1640 παρανομίας.
1399 1567 1621 1630 Τούτοις
1661 1561 1752 1620 οῦν
1781 1566 2009 1618 ἀκολου-

452 1651 582 1713 θεῖς,
617 1652 736 1705 είπέ
768 1671 878 1722 μοι,
905 1657 1018 1714 τοῖς
1044 1652 1368 1714 ἀπεναντίας
1394 1650 1481 1704 ἀεὶ
1510 1653 1620 1713 τοῖς
1644 1649 1737 1702 τοῦ
1770 1647 1902 1701 Θεοῦ
1924 1649 2010 1700 νό-

451 1752 570 1803 μοις
599 1737 807 1790 ἆπαντα
832 1737 924 1790 καὶ
959 1739 1130 1789 ποιεῖν
1169 1736 1262 1788 κα)⁸
1302 1735 1478 1803 λέγειν
1522 1732 1894 1803 φιλονεικοῦσι,
1918 1733 2012 1785 καὶ

449 1819 582 1889 πρὸς
609 1820 706 1882 τὰς
733 1821 1053 1888 συναγωγὰς
1077 1819 1256 1872 αὐτῶν
1278 1819 1518 1889 τρέχεις;
1556 1818 1648 1870 καὶ
1683 1817 1744 1869 οὐ
1771 1816 2012 1879 δέδοικας

449 1900 522 1972 μὴ
557 1903 796 1972 σκηπτὸς
830 1903 1032 1956 ἄνωθεν
1062 1902 1404 1972 κατενεχθεὶς
1437 1900 1749 1971 καταφλέξῃ
1777 1917 1871 1953 σου
1914 1900 2013 1970 τὴν

448 1985 717 2056 κεφαλήν;
755 1986 867 2038 Οὐκ
895 1981 1042 2050 οἶδας
1080 1989 1182 2050 ὅτι,
1219 1987 1321 2040 κᾶν
1354 1986 1426 2056 μὴ
1472 1984 1704 2057 λῃστεύῃ
1736 2001 1838 2045 τις,
1869 1987 1926 2038 ἐν
1956 1984 2014 2038 δὲ

446 2067 522 2137 τῷ
550 2068 655 2120 τῶν
688 2068 1054 2140 λῃστευόντων
1081 2069 1328 2139 σπηλαίῳ
1361 2071 1523 2140 φανῇ,
1557 2069 1656 2138 τὴν
1676 2069 1844 2138 αὐτὴν
1873 2067 2016 2120 ἐκεί-

448 2167 556 2213 νοις
581 2151 761 2204 δίδωσι
783 2151 966 2223 δίκην;
1001 2153 1108 2206 Καὶ
1146 2153 1196 2204 τί
1226 2153 1368 2221 λέγω
1400 2154 1468 2206 τά
1496 2152 1602 2205 τῶν
1626 2152 1870 2223 λῃστῶνς

523 2237 666 2287 Ἰστε
713 2236 883 2307 δήπου
916 2251 1115 2299 παντες
1164 2237 1256 2289 καὶ
1291 2236 1588 2308 μέμνησθε,
1618 2238 1705 2290 ὅτε
1743 2238 1870 2301 τοὺς
1925 2239 2015 2291 ἀν-

445 2315 700 2388 δριάντας
730 2319 977 2372 καθεῖλον
1015 2321 1142 2390 παρ’
1179 2322 1309 2389 ἡμῖν
1341 2321 1524 2390 μιαροί
1553 2337 1695 2382 τινες
1745 2320 2016 2391 ἅνθρωποι

448 2403 540 2454 καὶ
569 2401 786 2472 γόητες,
835 2403 951 2465 πῶς
985 2404 1084 2456 οὐκ
1126 2405 1320 2456 ἐκεῖνοι
1363 2404 1520 2474 μόνον
1555 2404 1604 2455 οἱ
1629 2403 2013 2474 τολμήσαντες,

445 2485 582 2539 ἀλλὰ
610 2488 703 2538 καὶ
725 2487 837 2538 ὅσοι
881 2488 1146 2558 παρόντες
1177 2487 1360 2550 ἁπλῶς
1395 2489 1506 2550 τοῖς
1543 2489 1854 2559 γενομένοις
1885 2488 2017 2556 ἐφά-

446 2586 636 2640 νησαν,
673 2573 750 2633 είς
790 2569 1133 2642 δικαστήριον
1189 2571 1628 2643 ἀναρπασθέντες
1670 2572 1762 2625 καὶ
1815 2590 2016 2628 συναπ-

447 2651 702 2722 αχθέντες
727 2653 974 2716 ἐκείνοις,
997 2655 1094 2724 τὴν
1123 2655 1356 2724 ἐσχάτην
1383 2655 1587 2708 ἔδωκαν
1617 2655 1772 2722 δίκην
1795 2671 1809 2718 ;
1829 2655 1900 2707 Σὺ
1934 2654 2009 2718 δέ,

446 2733 574 2787 ἔνθα
603 2737 791 2806 Πατὴρ
825 2737 1124 2808 ὑϐρίζεται,
1161 2739 1253 2791 καὶ
1277 2737 1406 2800 Υίὸς
1445 2737 1861 2807 βλασφημεῖται,
1886 2737 2015 2791 ἔνθα

445 2817 506 2870 τὸ
535 2817 758 2888 Πνεῦμα
783 2821 842 2872 τὸ
872 2821 1024 2888 ἆγιον
1048 2822 1141 2873 καὶ
1167 2820 1427 2884 ζωοποιὸν
1453 2820 1746 2883 ἀθετεῖται,
1771 2819 2018 2884 σπεύδεις

445 2900 680 2971 τρέχειν,
715 2902 838 2954 εἰπέ
874 2920 998 2974 μοις
1031 2904 1125 2955 καὶ
1156 2904 1216 2955 οὑ
1248 2903 1491 2964 δέδοικας
1513 2903 1635 2955 οὐδὲ
1668 2903 1910 2974 φρίττεις
1937 2905 2017 2966 είς

445 2982 570 3046 τοὺς
601 2983 860 3053 βεϐήλους
896 2986 989 3038 καὶ
1019 2985 1358 3055 ἀκαθάρτους
1383 2984 1583 3047 τόπους
1621 2987 1861 3048 ἐκείνους
1892 3003 2017 3038 σαυ-

446 3067 538 3119 τὸν
564 3068 830 3136 είσάγων;
864 3069 971 3122 Καὶ
1003 3068 1158 3122 ποίαν
1185 3069 1343 3133 ἕξεις,
1395 3068 1516 3120 εἰπέ
1559 3085 1672 3137 μοι,
1703 3068 2016 3136 ἀπολογίαν,

446 3149 568 3203 τίνα
590 3152 943 3223 συγγνώμην,
971 3151 1110 3205 ἐκὼν
1129 3153 1354 3205 σεαυτὸν
1369 3155 1447 3216 είς
1468 3153 1528 3205 τὸ
1555 3151 1828 3224 βάραθρον
1842 3152 2018 3218 ώθῶν,

447 3235 542 3288 καὶ
571 3236 710 3288 κατὰ
743 3237 1004 3307 κρημνῶν
1036 3235 1286 3306 ἀφιείςδς

517 3318 608 3388 Μὴ
641 3321 748 3389 γάρ
781 3319 1044 3390 μοιτοῦτο
1071 3321 1252 3392 εἴπης,
1277 3319 1355 3372 ὅτι
1391 3317 1554 3387 νόμος
1579 3320 1694 3372 ἐκεῖ
1732 3321 1906 3372 κεῖσαι
1929 3321 2022 3373 καὶ

449 3401 746 3472 προφητῶν
796 3401 994 3472 βιϐλία.
1050 3403 1166 3455 υύκ
1211 3403 1371 3472 ἀρκεῖ
1394 3400 1552 3453 τοῦτο
1593 3401 1818 3471 ποιῆσαι
1857 3402 2020 3456 τόπον

449 3484 623 3552 ἅγιον.
658 3485 723 3536 Τί
745 3485 853 3556 γὰρ
884 3485 1065 3556 μεῖζόν
1087 3487 1222 3548 ἐστι,
1250 3483 1425 3554 βιϐλία
1449 3484 1658 3536 κεῖσθαι
1695 3487 1753 3538 ἐν
1789 3485 1956 3556 τόπῳ,
1985 3487 2018 3557 ἢ

451 3567 784 3637 φθέγγεσθαι
807 3567 872 3620 τὰ
893 3569 1000 3622 ἀπὸ
1040 3569 1146 3620 τῶν
1171 3566 1422 3637 βιϐλίων;
1455 3565 1688 3637 Εΰδηλον
1717 3568 1799 3620 ὅτι
1817 3567 1885 3621 τά
1913 3569 2020 3622 ἀπὸ

447 3650 560 3703 τῶν
589 3650 808 3720 βιϐλίων
839 3650 1169 3721 φθέγγεσθαι
1205 3651 1298 3703 καὶ
1343 3649 1486 3721 ἐχειν
1533 3650 1590 3702 ἐν
1619 3650 1897 3715 διανοίαις.
1955 3652 2020 3704 Τί

449 3727 564 3796 οῦν,
587 3734 709 3787 είπέ
741 3751 852 3804 μοι,
893 3733 1078 3804 ἐπειδὴ
1103 3735 1131 3786 ό
1158 3733 1400 3796 διάϐολος
1437 3733 1738 3802 ἐφθέγξατο
1759 3734 1866 3788 ἀπὸ
1912 3734 2022 3789 τῶν

451 3817 701 3888 Γραφῶν,
746 3815 856 3888 ἆρα
891 3817 1124 3888 ἡγιάσθη
1167 3817 1331 3870 αὑτοῦ
1376 3817 1436 3870 τὸ
1486 3818 1692 3888 στόμα;
1737 3819 1850 3872 Ούκ
1875 3819 2022 3874 ἔστιν

451 3901 648 3966 εἰπεῖν,
684 3900 798 3953 ἀλλ’
821 3901 1032 3972 ἔμεινεν
1054 3898 1128 3952 ὢν
1149 3899 1411 3965 διάϐολος.
1442 3900 1506 3952 Τί
1525 3901 1582 3953 δέ
1607 3912 1628 3939 ε
1660 3901 1710 3954 οί
1738 3902 2018 3973 δαίμονες;

451 3984 632 4054 ἐπειδὴ
682 3985 979 4055 ἐκήρυττον
1025 3985 1119 4037 καὶ
1162 3983 1361 4052 ἔλεγοψ
1415 3979 1585 4038 Οὗτοι
1638 3988 1692 4038 οί
1725 3985 2020 4053 ἅνθρωποι

449 4064 656 4121 δοῦλοι
667 4066 773 4120 τοῦ
789 4068 935 4122 Θεοῦ
951 4071 1068 4120 εἱσι
1085 4067 1190 4120 τοῦ
1205 4071 1240 4120 ὑ
1251 4068 1318 4135 φοί
1319 4083 1494 4132 στου,
1512 4070 2021 4138 καταγγέλλοντες

451 4154 594 4223 ὑμῖν
623 4154 770 4207 έδὸῖ
801 4155 1116 4221 σωτηρίας.
1151 4148 1258 4223 ἆρα
1289 4151 1380 4207 οῦν
1433 4153 1522 4206 διὰ
1578 4155 1734 4207 τοῦτο
1786 4158 1864 4218 είς
1895 4159 2021 4220 τοὺς

453 4237 783 4300 ἀποστόλους
803 4238 997 4300 αὐτοὺς
1019 4237 1312 4306 ἐντάξομεν
1333 4254 1346 4301 ;
1371 4237 1651 4306 Οὐδαμῶς,
1681 4237 1795 4291 ἀλλ’
1821 4239 2020 4309 ὁμοίως

452 4321 647 4382 αὐτοὺς
683 4321 918 4389 μένομεν
947 4320 1411 4389 ἀποστρεφόμενοι
1439 4321 1531 4371 καὶ
1555 4319 1853 4388 μισοῦντες.
1888 4319 2021 4376 Εἶτα

454 4406 670 4474 ῥήματα
703 4403 800 4471 μὲν
826 4402 1206 4472 προφερόμενα
1240 4403 1338 4471 οὐχ
1375 4401 1610 4468 ἁγιάζει,
1643 4402 1712 4456 τὰ
1751 4404 1808 4456 δὲ
1842 4404 2020 4474 βιϐλία

452 4488 680 4557 κείμενα
711 4486 956 4555 ἁγιάζει;
993 4487 1086 4538 καὶ
1130 4486 1247 4549 πῶς
1286 4486 1353 4538 ἂν
1388 4486 1500 4556 ἔχοι
1529 4486 1686 4540 τοῦτο
1715 4487 1900 4557 λόγον;
1923 4491 2021 4544 Διά

450 4571 607 4624 τοῦτο
635 4570 869 4642 μάλιστα
906 4569 1003 4638 μὲν
1037 4570 1178 4639 μισῶ
1207 4570 1306 4640 τὴν
1347 4570 1690 4643 συναγωγὴν,
1717 4571 1901 4643 ἐπειδὴ
1927 4572 2020 4628 τὸν

449 4657 614 4727 νόμον
631 4639 741 4724 ἐχει
768 4654 1006 4719 καὶτοὺς
1028 4639 1461 4726 προφήτας,’καὶ
1483 4639 1643 4709 πλέον
1672 4657 1839 4728 αὐτὴν
1877 4639 2020 4728 μισῶ

449 4739 568 4806 νῦν,
604 4739 637 4810 ἢ
671 4739 721 4790 εἰ
758 4737 924 4809 μηδὲν
954 4733 1065 4808 εἶχε
1095 4737 1322 4792 τούτων.
1369 4738 1433 4790 Τί
1460 4737 1690 4808 δήποτε;
1725 4741 1844 4794 Ὅτι
1877 4742 2020 4811 μέγα

447 4825 511 4882 τὸ
537 4823 748 4893 δέλεαρ,
777 4822 992 4894 πολλὴή
1028 4822 1209 4892 ἀπάτη
1239 4825 1352 4886 τοῖς
1371 4821 1750 4894 ἀφελεστέροις
1769 4825 2018 4878 ἐντεῦθεν

448 4909 678 4977 γίνεταιο
705 4907 829 4960 ἐπεὶ
858 4907 952 4960 κα)⁸
983 4906 1073 4959 τὸν
1087 4905 1316 4976 δαίμονα
1343 4908 1548 4960 ἐκεῖνον
1561 4907 1646 4960 διά
1673 4907 1828 4961 τοῦτο
1856 4911 2017 4978 φθεγ-

448 4993 676 5062 γόμενον
695 4991 892 5062 μᾶλλον
925 4989 959 5062 ἢ
1002 4989 1292 5044 σιωπῶντα
1318 4990 1548 5061 ἤλαυνεν
1574 4992 1602 5042 ό
1626 4991 1852 5054 Παῦλος.
1888 4995 2019 5045 Δια-

449 5073 728 5143 πονηθείς
757 5075 887 5145 γὰρ,
937 5075 1090 5142 φησὶ,
1125 5072 1204 5139 τῷ
1231 5075 1516 5143 πνεύματι
1541 5068 1728 5126 εἶπεν*
1762 5075 2016 5139 Ἔξελθε

448 5157 550 5212 ἀπ’
587 5157 797 5225 αὐτῆς.
831 5158 942 5211 Καὶ
969 5157 1112 5220 τίνος
1152 5158 1364 5220 ἐνεκενς
1409 5156 1627 5226 Ἐπειδὴ
1660 5157 1806 5210 ἐϐόαο
1841 5154 2015 5212 Οὗτοι

450 5245 503 5297 οί
540 5242 834 5310 ἅνθρωποι
869 5241 1076 5296 δοῦλοι
1130 5241 1236 5294 τοῦ
1264 5239 1412 5292 Θεοῦ
1433 5240 1539 5293 τοῦ
1582 5243 1846 5308 ὑψίστου
1871 5244 2010 5297 εὶσί.

451 5323 715 5392 Σιγῶντες
745 5326 842 5394 μὲν
879 5325 986 5394 γὰρ
1019 5325 1117 5394 οὐχ
1150 5322 1320 5386 οὕτως
1359 5325 1602 5392 ἠπάτων,
1653 5325 2014 5393 φθεγγόμενοι

451 5412 505 5465 δὲ
539 5410 763 5472 πολλοὺς
792 5409 1022 5480 ημελλον
1048 5409 1156 5462 τῶν
1181 5409 1556 5480 ἀφελεστέρων
1586 5410 1876 5480 ὑποσύρειν
1921 5414 2016 5466 καὶ

513 5535 539 5605 _‘
562 5533 642 5583 Sic
661 5545 750 5582 sex
775 5547 888 5605 mgs.
915 5532 1088 5582 etSav.
1105 5533 1292 5605 (ξίιοιιιίἶ
1313 5552 1403 5605 γιν.
1429 5536 1666 5598 παραδοθῇ
1691 5536 1770 5583 καὶ
1795 5537 2014 5600 ἀγνοεῖν.)

456 5595 540 5666 Hd_.
567 5595 905 5666 παρασκευάσῃ
932 5607 1018 5666 pr_o
1038 5595 1169 5657 ποιῇ,
1190 5601 1474 5666 βοειψῆφον
1497 5595 1696 5666 pompm.

510 5657 539 5698 h
565 5655 660 5707 ΑΙίὶ
686 5656 850 5717 ἀφιείς,
873 5655 1002 5718 quod
1020 5670 1107 5720 pro
1124 5655 1255 5722 Vulg.
1290 5655 1420 5722 ἀφείι
1443 5655 1734 5721 rebepimus.

513 5721 538 5752 ⁶
571 5720 669 5772 Alii
701 5718 744 5764 τί
769 5718 862 5768 δαί.

1101 286 1160 340 Β.
1201 285 1486 341 JOANNIS
1524 286 2014 344 CHRYSOS'3‘0MI
2051 284 2389 342 ARCHIEP.
2434 285 2979 350 CONSTANTINOP.

3577 283 3689 341 ειη

2121 398 2344 460 πείθειν,
2369 400 2464 451 καὶ
2491 401 2546 452 ἐν
2569 403 2678 461 τοῖς
2705 400 2882 463 ἄλλοις
2916 399 3099 461 αὐτοῖς
3122 397 3422 468 προσέχειν.
3447 399 3562 451 Ἷνα
3576 401 3690 472 γὰρ

2117 481 2287 552 θύραν
2320 483 2568 549 ἀνοίξωσι
2599 486 2717 544 ταῖς
2739 483 2946 535 ἑαυτῶν
2978 483 3230 544 ἀπάταις,
3261 483 3351 533 καὶ
3385 482 3464 550 τῷ
3501 483 3689 551 ψεύδει

2116 565 2318 636 πολλὴν
2360 566 2490 619 δῶσι
2524 568 2856 638 παρρησίαν,
2883 567 2969 619 διὰ
3001 566 3156 618 τοῦτο
3210 566 3302 618 καὶ
3349 564 3524 634 ἀληθῆ
3569 583 3689 618 τινα

2115 649 2398 720 ἀνέμιξαν,
2423 651 2672 721 καθάπερ
2688 653 2738 704 οί
2766 651 2835 704 τὰ
2856 651 3156 721 δηλητήρια
3170 648 3528 718 κεραννύντες
3545 648 3684 719 φάρ-

2119 751 2291 802 μακα,
2332 734 2506 802 μέλιτι
2540 734 2689 806 16130]
2715 736 2775 788 τὸ
2800 737 2973 805 στόμα
2993 735 3091 804 τῆς
3125 733 3342 794 κύλικος
3368 732 3690 802 περιχρίον-

2116 833 2226 881 τες,
2251 820 2654 892 εὐπαράδεκτον
2702 819 2914 872 ποιοῦσι
2961 821 3060 889 τὴν
3101 818 3303 888 βλάϐην
3330 815 3379 869 ἀ.
3404 817 3504 868 Διά
3528 818 3694 870 τοῦτο

2115 901 2178 972 δὴ
2215 904 2446 972 μάλιστα
2471 903 2678 965 Παῦλος
2708 904 3022 962 διεπονεῖτο,
3073 905 3166 956 καὶ
3198 903 3454 957 ἔσπευδεν
3491 905 3692 967 αὐτοὺς

2115 985 2487 1054 ἐπιστομίσαι,
2525 985 2708 1055 ἐπειδὴ
2741 985 2814 1056 μὴ
2841 987 2939 1057 τὴν
2972 987 3155 1050 αὐτοῖς
3180 989 3562 1057 προσήκουσαν
3590 987 3694 1057 ἥρ-

2115 1069 2282 1133 παζον
2303 1069 2478 1133 ἀξίαν.
2513 1070 2610 1121 Διά
2643 1070 2798 1123 τοῦτο
2827 1071 2980 1139 κάγὼ
3019 1072 3158 1141 μισῶ
3197 1071 3499 1134 Ἰουδαίους,
3533 1072 3691 1122 ἐπει-

2115 1154 2178 1224 δὴ
2207 1155 2369 1224 νόμον
2423 1153 2624 1222 έχουσι,
2661 1153 2822 1224 νόμον
2854 1156 3184 1227 ὑϐρίζοντες,
3234 1157 3328 1209 καὶ
3357 1157 3532 1225 ταύτῃ
3560 1155 3690 1215 τοὺς

2116 1239 2509 1309 ἀφελεστέρους
2534 1240 2805 1304 δελεάζειν
2822 1239 3240 1310 ἐπιχειροῦντες.
3260 1239 3373 1291 υύκ
3397 1235 3463 1308 ἦν
3494 1238 3684 1307 ἐγκληο

2119 1343 2193 1395 μα
2232 1329 2484 1383 τοσοῦτον
2511 1331 2712 1392 αὐτοῖς,
2747 1332 2795 1381 εἰ
2829 1328 2901 1398 μὴ
2939 1328 3293 1388 ’πιστεύοντες
3317 1329 3427 1387 τοῖς
3469 1326 3691 1395 προφή-

2115 1426 2252 1477 ταις,
2283 1413 2540 1481 ἠπείθουν
2567 1412 2644 1483 τῷ
2664 1411 3028 1482 Χριστῷ.Νῦν
3062 1410 3116 1462 δὲ
3146 1410 3323 1479 πάσης
3347 1408 3693 1478 ἀπεστέρην-

2113 1509 2205 1545 ται
2249 1495 2596 1566 συγγνώμης,
2649 1497 2877 1557 ἐκείνοις
2933 1495 3028 1563 μὲν
3079 1493 3358 1546 πείθεσθαι
3409 1491 3690 1558 λέγοντες,

2114 1579 2532 1649 καθυϐρίζοντες
2550 1581 2605 1634 δὲ
2635 1580 2728 1633 τὸν
2758 1577 3225 1649 προφητευόμενον
3255 1578 3342 1630 ὑπ’
3371 1576 3615 1628 ἐκείνων.

2187 1663 2252 1727 ζ’.
2277 1663 2452 1728 Ὅλως
2481 1664 2536 1716 δὲ
2565 1667 2612 1718 εί
2639 1664 2898 1733 νομίζεις,
2923 1661 3056 1714 διότι
3078 1661 3238 1731 νόμος
3264 1662 3380 1712 ἐκεῖ
3399 1662 3572 1711 κεῖται
3590 1656 3684 1710 καὶ

2116 1747 2411 1818 προφητῶν
2436 1747 2634 1818 βιϐλία,
2671 1749 2760 1800 τὸν
2779 1747 2941 1799 τόπον
2969 1746 3121 1812 ἅγιον
3142 1741 3301 1799 εἶναι.
3331 1742 3447 1812 ῶρα
3474 1757 3554 1794 σοι
3576 1742 3690 1792 λοι-

2117 1832 2216 1886 πὸν
2237 1833 2330 1886 καὶ
2350 1833 2418 1886 τὰ
2437 1832 2650 1895 εἴδωλα,
2668 1833 2900 1893 καὶτοὺς
2926 1831 3090 1892 ναοὺς
3115 1828 3220 1880 τῶν
3245 1825 3474 1878 εἰδώλων
3496 1825 3688 1891 ἁγίους

2115 1915 2254 1972 εἶναι
2285 1919 2542 1988 νομίζειν.
2583 1919 2691 1971 Καὶ
2716 1917 2824 1985 γὰρ
2856 1915 3090 1983 πολέμου
3124 1911 3254 1963 ποτὲ
3286 1908 3690 1970 καταλαϐόντος

2113 2004 2240 2066 τοὺς
2294 2002 2576 2066 Ἰουδαίους
2601 2042 2616 2063 ,
2669 2002 3042 2073 κρατήσαντες
3070 1999 3118 2049 οἱ
3163 1994 3428 2058 Ἀζώτιοι,
3456 1993 3551 2044 καὶ
3584 1993 3689 2062 τὴν

2116 2087 2346 2140 κιϐωτὸν
2383 2086 2658 2149 λαϐόντες,
2692 2089 2770 2147 εἰς
2817 2083 2878 2135 τὸ
2930 2082 3137 2136 ἑαυτῶν
3190 2079 3334 2149 ἱερὸν
3367 2079 3684 2146 εἰσήγαγον.

2115 2165 2261 2240 Ἀρα
2285 2167 2376 2224 οῦν
2403 2170 2492 2222 δια
2517 2168 2674 2222 τοῦτο
2695 2169 2850 2236 ἅγιος
2872 2163 2939 2237 ἦν
2965 2168 2993 2218 ό
3013 2165 3158 2226 ναὸς.
3186 2162 3372 2232 ἐπειδὴ
3399 2162 3497 2232 τὴν
3522 2160 3693 2213 κιϐω-

2113 2252 2204 2304 τὸν
2236 2248 2417 2321 εἷχενς
2454 2252 2737 2322 Οὐδαμῶς,
2767 2250 2903 2303 ἀλλὰ
2941 2249 3032 2303 καί
3063 2247 3288 2318 βέϐηλος
3317 2245 3412 2299 καὶ
3436 2244 3688 2313 ἀκάθαρ-

2113 2356 2225 2402 τος.
2257 2337 2359 2390 Ιί-αὶ
2392 2338 2594 2398 εὐθέως
2621 2335 2778 2388 τοῦτο
2803 2334 2889 2388 διὰ
2909 2334 3015 2387 τῶν
3037 2333 3213 2404 ἔργων
3241 2331 3530 2385 ἐδείκνυτο.
3569 2331 3690 2382 ἰνα

2115 2423 2221 2492 γὰρ
2271 2421 2515 2490 μάθωσιν
2563 2420 2612 2472 οἱ
2660 2417 2910 2488 πολέμιοι
2939 2418 3020 2470 ὅτι
3054 2418 3112 2469 οὺ
3168 2415 3234 2469 δι’
3269 2414 3554 2468 ἀσθένειαν
3590 2414 3688 2466 τοῦ

2115 2502 2274 2567 Θεοῦ,
2309 2503 2444 2556 ἀλλὰ
2475 2501 2564 2554 διὰ
2604 2502 2703 2573 τὴν
2756 2499 3100 2571 παρανομίαν
3127 2500 3235 2552 τῶν
3276 2497 3688 2568 θεραπευόντων

2117 2587 2277 2639 αὐτὸν
2299 2588 2330 2658 ἠ
2354 2581 2490 2656 ἧττα
2511 2585 2702 2654 γέγονε
2719 2602 2732 2615 ·
2766 2586 2858 2637 καὶ⁸
2881 2586 2912 2654 ἡ
2943 2582 3170 2646 κιϐωτὸς
3197 2581 3458 2652 ληφθεῖσα
3483 2581 3690 2649 αἰχμά-

2117 2670 2303 2734 λωτος,
2345 2673 2403 2722 ἐν
2431 2669 2684 2740 ἀλλοτρίᾳ
2714 2671 2782 2739 γῇ
2815 2670 2912 2736 τὴν
2943 2668 3092 2737 ἰσχὺν
3121 2667 3218 2737 τὴν
3245 2665 3446 2718 οἰκείαν
3479 2663 3689 2715 ἐπεδεί-

2117 2772 2300 2814 κνυτο,
2329 2755 2408 2818 δίς
2436 2754 2496 2806 τὸ
2521 2755 2735 2808 εἴδωλον
2777 2752 2947 2824 χαμαὶ
2991 2751 3213 2821 ῥίψασα,
3245 2751 3336 2803 καὶ
3355 2747 3688 2816 διακλασθῆ-

2117 2859 2204 2894 ναι
2237 2839 2726 2910 παρασκευάσασα.
2765 2836 3029 2890 Τοσοῦτον
3070 2837 3291 2904 ἀπεῖχεν
3334 2835 3558 2901 ἁγιάσαι
3594 2833 3688 2885 τὸν

2118 2924 2300 2987 τόπον,
2335 2924 2417 2976 ὅτι
2448 2924 2543 2975 καὶ
2577 2921 2830 2990 ἐπολέμει
2856 2919 2933 2990 τῷ
2973 2917 3142 2988 τόπῳ.
3184 2917 3390 2980 Ἀλλως
3423 2917 3508 2981 δὲ,
3555 2915 3689 2968 ποία

2119 3007 2348 3070 κιϐωτὸς
2377 3006 2473 3060 νῦν
2526 3005 2675 3078 παρά
2717 3004 3006 3066 Ἰουδαίοις,
3039 3004 3172 3055 ὅπου
3230 3001 3538 3074 ἱλαστήριον
3583 3002 3688 3053 οὐκ

2119 3093 2284 3157 ἐστιν,
2316 3093 2449 3144 ὅπου
2483 3089 2543 3142 οὐ
2576 3087 2804 3160 χρισμὸς
2830 3129 2844 3152 ,
2875 3087 2934 3139 οὑ
2965 3085 3228 3157 διαθήκης
3255 3085 3478 3146 πλάκες,
3523 3083 3582 3136 οὑ
3617 3083 3689 3136 τά

2119 3177 2249 3246 ἅγια
2281 3175 2389 3228 τῶν
2416 3173 2606 3241 ἁγίων,
2638 3172 2697 3223 οὐ
2721 3171 2780 3223 τὸ
2802 3168 3218 3238 καταπέτασμα,
3253 3168 3351 3221 οὐκ
3372 3169 3686 3237 ἀρχιερεὺς,

2117 3263 2176 3315 ού
2212 3259 2480 3330 θυμίαμα,
2511 3257 2607 3326 οὐχ
2636 3253 2995 3315 όλοκαύτωσις
3023 3263 3068 3314 ε,
3092 3253 3152 3304 ού
3177 3251 3356 3311 θυσία,
3385 3251 3444 3302 οὺ
3468 3251 3534 3302 τὰ
3553 3249 3690 3304 ἀλλα

2116 3345 2185 3398 τὰ
2217 3343 2469 3396 ποιοῦντα
2496 3340 2696 3412 σεμνὴν
2721 3339 2816 3409 τὴν
2845 3337 3074 3392 κιϐωτὸν
3095 3337 3213 3389 τότε
3241 3336 3487 3403 ἐκείνην;
3531 3334 3690 3402 Ἐμοὶ

2118 3429 2225 3482 τῶν
2242 3429 2333 3481 ἐπὶ
2352 3427 2449 3498 τῆς
2479 3427 2682 3496 ἀγορᾶς
2701 3423 3062 3493 πωλουμένων
3085 3421 3355 3475 κιϐωτίων
3368 3419 3517 3472 οὐδὲν
3540 3420 3690 3487 ἅμειο

2119 3531 2207 3568 νον
2238 3512 2373 3582 αὕτη
2404 3513 2436 3582 ἡ
2459 3509 2687 3572 κιϐωτὸς
2711 3508 3012 3562 διακεῖσθαι
3040 3508 3202 3567 δοκεῖ,
3236 3505 3370 3559 ἀλλὰ
3390 3505 3481 3558 καὶ
3507 3501 3689 3572 πολλῷ

2118 3601 2316 3668 χεῖρον.
2345 3597 2454 3651 Καὶ
2477 3594 2584 3666 γὰρ
2605 3596 2730 3668 τους
2758 3592 3051 3664 παριόντας
3075 3592 3224 3644 οὐδὲν
3253 3590 3349 3661 μὲν
3371 3587 3541 3642 ταῦτα
3563 3587 3690 3657 βλά-

2118 3665 2219 3751 ᾧαι
2247 3681 2468 3734 δύναται
2511 3665 2570 3744 ί,
2614 3665 2795 3748 ἐκείνη
2847 3677 2902 3728 δὲ
2949 3675 3144 3744 πολλὴν
3183 3674 3303 3726 καθ’
3331 3673 3543 3742 ἡμέραν
3575 3673 3689 3733 tot;

2119 3767 2256 3836 αὒτῇ
2300 3762 2613 3835 προσιοῦσιν
2649 3762 2940 3832 ἐργάζεται
2981 3759 3201 3829 βλάϐην.
3263 3757 3559 3826 Ἀδελφοί,
3598 3756 3687 3824 μὴ

2119 3847 2325 3902 παιδία
2351 3849 2590 3916 γίνεσθε
2629 3845 2757 3910 ταῖς
2785 3843 3021 3913 φρεσὶν,
3063 3839 3224 3895 ἀλλά
3259 3837 3334 3909 τῇ
3366 3841 3543 3905 κακίᾳ
3576 3857 3689 3904 νη-

2120 3929 2368 3994 πιάζετε,
2398 3932 2489 3983 καὶ¹
2513 3931 2635 3993 τοὺς
2670 3927 2804 3998 πρὸς
2825 3926 2993 3980 ταῦτα
3019 3925 3382 3995 ἐπτοημένους
3409 3925 3506 3992 τῆς
3531 3923 3690 3975 ἀκαί-

2123 4029 2215 4088 ρου
2249 4014 2452 4083 ταύτης
2493 4013 2733 4080 ἀγωνίας
2770 4009 3230 4072 ἀπαλλάττοντες,
3274 4007 3600 4060 παιδεύσατε
3632 4005 3689 4058 τί

2119 4097 2223 4169 χρὴ
2257 4097 2538 4166 φοϐεῖσθαι
2567 4095 2660 4147 καὶ
2684 4094 2997 4153 δεδοικέναι,
3023 4092 3142 4161 οὑχὶ
3169 4092 3266 4161 τὴν
3296 4088 3521 4142 κιϐωτὸν
3550 4088 3689 4140 ταύοι

2118 4200 2237 4251 την,
2261 4181 2396 4234 ἀλλὰ
2431 4181 2490 4232 τὸ
2513 4177 2895 4248 καταφθείρειν
2925 4177 3014 4228 τὸν
3038 4177 3162 4228 ναὸν
3187 4174 3280 4227 τοῦ
3311 4173 3443 4226 Θεοῦ
3467 4172 3555 4225 διὰ
3578 4172 3690 4224 τῶν

2119 4269 2234 4319 ἐκεῖ
2254 4267 2488 4338 δρόμων,
2515 4265 2604 4318 διὰ
2623 4265 2711 4317 τοῦ
2736 4264 2870 4335 πρὸς
2893 4261 2983 4314 τὸν
3019 4259 3342 4328 Ἰουδαῑσμὸν
3366 4257 3687 4322 συνειδότος,

2117 4350 2204 4404 διὰ
2236 4351 2336 4420 τῆς
2356 4350 2582 4421 ἀκαίρου
2605 4349 2807 4418 ταύτης
2828 4345 3279 4416 παρατηρήσεως.
3303 4343 3528 4407 οἵτινες
3554 4343 3687 4414 γὰρ,

2118 4436 2302 4504 φησὶν,
2320 4435 2389 4487 ἐν
2404 4436 2562 4500 νόμῳ
2584 4429 2944 4491 δικαιοῦσθε,
2965 4426 3071 4495 τῆς
3087 4426 3324 4496 χάριτος
3335 4423 3686 4488 ἐξεπέσατε.

2117 4519 2285 4572 Τοῦτο
2309 4517 2414 4588 χρὴ
2443 4515 2770 4575 δεδοικέναι,
2804 4513 2877 4584 μὴ
2908 4511 3046 4566 κατὰ
3079 4510 3177 4581 τὴν
3214 4510 3422 4580 ἡμέραν
3469 4509 3690 4578 ἐκείνην

2116 4601 2385 4672 ἀκούσητε
2411 4597 2564 4669 παρά
2603 4596 2698 4650 τοῦ
2742 4595 3028 4666 μέλλοντος
3068 4594 3274 4663 κρίνειν
3315 4592 3488 4662 ὑμᾶς·
3556 4591 3692 4644 ’Υπ-

2115 4687 2304 4756 άγετε,
2341 4687 2451 4738 οὐκ
2480 4683 2611 4736 οῖδα
2659 4679 2842 4749 ὑμᾶς’
2878 4681 2990 4741 τοῖς
3031 4677 3139 4749 γὰρ
3172 4676 3272 4745 ἐμὲ
3309 4675 3690 4746 σταυρώσασιν

2115 4770 2526 4840 ἐκοινωνήσατε,
2562 4765 2655 4820 καὶ
2679 4765 2776 4827 τὰς
2797 4762 3008 4840 ἑορτὰς,
3038 4761 3104 4824 ἃς
3133 4757 3418 4820 κατέλυσα,
3452 4759 3691 4828 φιλονει-

2114 4852 2335 4914 κοῦντές
2361 4867 2450 4922 μοι
2475 4849 2638 4903 πάλιν
2668 4843 2998 4917 ἀνεστήσατε
3016 4887 3030 4908 ,
3073 4843 3208 4916 πρὸς
3234 4843 3331 4906 τὰς
3365 4843 3692 4912 συναγωγὰς

2113 4937 2374 5008 ἐδράμετε
2407 4933 2516 4988 τῶν
2567 4936 2648 4996 είς
2697 4930 2798 5002 ἐμὲ
2832 4930 3336 5000 παρανομησάντων
3388 4927 3686 4982 Ἰουδαίων.

2113 5021 2284 5090 Κάγὼ
2318 5020 2415 5092 μὲν
2460 5017 2550 5072 τὸν
2586 5018 2714 5071 ναὸν
2737 5017 3007 5080 καθεῖλον,
3041 5014 3136 5070 καὶ
3168 5014 3408 5085 ἐρείπιον
3451 5011 3689 5079 ἐποίησα

2112 5105 2201 5158 τὸν
2226 5103 2419 5174 σεμνὸν
2447 5104 2652 5155 ἐκεῖνον
2686 5100 2782 5154 καὶ
2805 5100 3007 5170 φρικτὰ
3028 5098 3324 5168 κατέχοντα
3358 5096 3685 5166 πράγματα,

2113 5190 2266 5262 ὑμεῖς
2286 5189 2342 5242 δὲ
2372 5189 2491 5258 οίκή
2503 5205 2665 5258 ματα,
2698 5185 3008 5256 καπηλείων
3033 5181 3183 5237 οὐδὲν
3209 5183 3427 5253 ἄμεινον
3467 5182 3679 5235 διακεί-

2116 5293 2284 5346 μενα,
2327 5274 2420 5328 καὶ
2467 5272 2705 5343 σπήλαια
2743 5273 2767 5312 8
2817 5269 3026 5341 λῃστῶν
3056 5267 3434 5340 ἐθεραπεύετε.
3486 5266 3552 5319 Εἰ
3578 5269 3688 5339 γὰρ

2172 5411 2201 5451 ἀ
2223 5411 2357 5460 Unus
2374 5411 2428 5459 τὸ
2449 5411 2707 5474 φάρμακον.

2179 5477 2201 5504 °
2223 5475 2414 5536 Septem
2439 5467 3064 5536 ἠιδὲξνόλ-οκαύτωσιςηηοῐειί
3082 5469 3342 5530 Monu.qui
3369 5467 3552 5518 edebat
3576 5471 3690 5518 ὁλο-

2113 5533 2356 5597 καύτωμα.
2384 5536 2531 5582 Savil.
2558 5534 2707 5581 habet
2730 5536 2874 5581 etiam
2895 5533 3228 5597 Qoxaﬁtwqc.

2179 5592 2425 5658 ίΑῘὶιιυοι
2477 5609 2590 5658 mss.
2654 5597 2817 5655 πολλῷ
2861 5594 3030 5658 χεῖρον.
3087 5592 3245 5643 Ταῦτα
3286 5593 3368 5655 μὲν
3407 5592 3498 5652 γὰρ
3547 5592 3684 5640 οὐδὲν

2115 5659 2434 5762 παραϐλάπτει
2457 5657 2565 5712 τοὺς
2584 5658 2849 5731 παριόντας.

2234 5720 2324 5762 Alii
2350 5722 2526 5762 οἱκπιια
2545 5721 2771 5762 καπηλων
2792 5721 2846 5762 οὐ

2229 5720 2326 5771 Λίίί
2350 5722 2526 5777 οἱκημα
2545 5717 2771 5776 καπήλων
2792 5720 2924 5768 οὐδὲν
2945 5721 2991 5767 ἆ.
3023 5717 3328 5778 διακείμενον,
3357 5731 3398 5764 κ.
3427 5717 3664 5773 σπήλαιον
