3920 6280
98 361 227 415 915
1343 357 1701 414 ADVERSUS

1826 354 2029 412 DIEOS.
2074 356 2161 410 Vl.
3298 360 3360 419 9!
3374 370 3401 419 δ

96 475 199 541 qui
229 474 512 527 tliuribula
544 483 895 544 sumpserant,
924 473 1056 543 ignis
1075 488 1106 528 e
1131 473 1262 527 caelo
1282 471 1542 526 demissus
1563 485 1717 524 cxus-
1796 545 1799 546 ν
1827 470 1999 523 tissimi
2019 482 2156 523 sunt.
2183 470 2442 526 Tacentes
2467 474 2608 528 enim
2650 489 2754 530 non
2778 475 2995 545 perinde
3019 474 3354 546 decepisscnt
3382 517 3398 538 ,

93 563 176 616 sit
210 563 426 632 (Num.
459 564 571 633 16).
601 564 735 618 Tum
766 580 833 619 ne
862 564 1000 634 quod
1030 563 1293 619 acciderat
1322 562 1573 631 temporis
1596 576 1720 632 pro-
1763 545 1812 565 ⁸’
1826 561 2098 629 loquentes
2122 569 2299 616 autem
2329 564 2526 618 multos
2554 576 2707 620 erant
2729 567 3082 635 simpliciores
3122 545 3398 620 attracturi

94 666 320 721 gressu
349 653 606 709 oblivioni
632 654 869 721 daretur,
900 670 1034 709 neve
1070 653 1431 708 admirabilem
1463 652 1597 708 hanc
1622 652 1717 707 Dei
1825 655 2251 724 persuasurique,
2273 671 2377 725 quo
2406 657 2653 715 nimirum
2679 668 2733 713 et
2757 660 2875 713 aliis
2909 662 2960 714 in
2998 660 3156 716 rebus
3182 660 3283 715 sibi
3311 677 3399 713 au—

96 746 457 799 sententiam
504 745 805 816 ignorarent
851 748 1082 816 posteri,
1128 746 1377 815 praecepit
1417 745 1626 810 Moses,
1662 752 1719 798 ut
1824 742 2131 797 scultarent.
2159 744 2430 814 Siquidem
2453 756 2511 801 ut
2539 748 2731 802 ostium
2758 751 3024 817 aperirent
3066 751 3177 804 suis
3203 751 3400 804 fraudi-

97 838 410 893 thuribnla
451 849 658 908 sumpta
695 839 1021 907 applicarent
1053 838 1119 892 ad
1148 839 1347 902 altare,
1380 848 1436 892 ut
1462 836 1717 907 quemad-
1825 831 1942 899 bus,
1997 845 2315 904 possemque
2367 838 2418 890 in
2455 847 2722 908 posterum
2770 842 2976 894 mentiri
3014 842 3399 896 conﬁdentius:

100 927 349 983 modum
385 931 530 1001 virga
557 931 671 984 sine
699 944 829 984 voce
850 945 1033 985 vocem
1065 931 1240 985 emisit
1268 930 1380 999 ipso
1408 937 1714 997 conspectu,
1826 931 2103 992 propterea
2136 942 2255 979 vera
2287 942 2497 997 quoque
2544 930 2794 983 nonnulla
2825 932 3266 998 commisccbant,
3298 948 3401 989 non

100 1018 314 1073 itidem
347 1029 419 1072 et.
444 1019 526 1073 hae
571 1020 781 1073 laminte
816 1029 1057 1088 posteros
1083 1020 1475 1089 alloquerentur
1500 1032 1714 1082 omnes,
1825 1015 1978 1069 aliter
2006 1031 2160 1084 quam
2188 1019 2278 1087 qui
2308 1018 2547 1073 letbifera
2579 1022 2801 1075 miscent
2826 1037 3028 1076 venena
3049 1063 3064 1087 ,
3124 1038 3185 1077 os
3230 1026 3400 1091 poculi

100 1109 521 1177 admonerent,
554 1111 722 1181 iisque
750 1113 1116 1177 consulerent,
1148 1128 1216 1167 ne
1254 1113 1511 1181 majorum
1538 1126 1721 1165 amen-
1826 1106 1984 1161 melle
2005 1109 2431 1165 circumlinentes
2451 1151 2466 1175 ,
2507 1110 2777 1179 efﬁciunt,
2805 1121 2864 1166 ut
2884 1113 3086 1168 facilius
3110 1116 3398 1184 accipiatur

104 1202 252 1253 tiam
278 1203 641 1267 imitarentur,
668 1218 732 1256 ne
754 1203 965 1271 quando
983 1204 1141 1257 simili
1165 1218 1318 1272 poena
1341 1203 1716 1269 plecterentur.

108 1290 315 1356 Vides,
343 1302 405 1343 ut
425 1292 547 1344 olim
574 1292 876 1346 sacerdotes
896 1294 1235 1346 crearentur?
1255 1292 1405 1345 Nunc
1428 1306 1553 1345 vero
1576 1291 1719 1344 lusus

103 1387 260 1440 meri
308 1397 441 1440 sunt
482 1389 755 1455 risusque,
782 1403 899 1457 qua)
938 1388 1069 1440 ﬁunt
1102 1386 1239 1455 apud
1268 1385 1477 1440 Judtcos
1502 1383 1676 1439 omnia
1700 1422 1715 1448 ,

107 1476 304 1544 pudor
337 1484 397 1531 et
434 1479 749 1546 cauponatio
788 1479 939 1547 plena
976 1480 1248 1533 immensae
1284 1477 1582 1546 impietatis.
1613 1476 1721 1530 Hos

107 1570 292 1637 igitur
322 1571 584 1638 sequeris,
616 1569 701 1623 dic
727 1569 875 1633 mihi,
904 1570 991 1638 qui
1018 1570 1355 1637 pertinaciter
1382 1568 1557 1621 solent
1579 1581 1720 1620 sem-

110 1676 221 1729 per
252 1669 371 1713 tum
408 1662 579 1714 facere
600 1702 612 1725 ,
644 1670 751 1714 tum
782 1661 960 1715 dicere
989 1662 1162 1715 omnia
1184 1702 1200 1726 ,
1241 1675 1358 1730 qua:
1398 1659 1491 1713 Dei
1520 1658 1720 1727 legibus

109 1753 528 1807 adversentur?
553 1753 618 1806 ad
650 1755 835 1807 horum
865 1764 1157 1824 synagogas
1182 1752 1456 1807 accurris?
1478 1752 1586 1806 Nec
1610 1767 1722 1806 me-

112 1844 256 1907 tuis,
274 1858 356 1899 ne
385 1843 617 1897 fulminis
640 1844 865 1912 impetus
886 1844 1086 1899 etclitus
1108 1844 1342 1898 emicans
1362 1851 1547 1896 exurat
1565 1850 1723 1909 caput

115 1936 283 1979 tuum
306 1927 329 1978 ?
360 1929 441 1979 An
475 1928 718 1996 ignoras,
745 1943 838 1981 eos
861 1928 951 1997 qui
981 1929 1078 1997 ipsi
1101 1927 1312 1997 quidem
1337 1941 1442 1981 non
1478 1925 1720 1996 prtedan-

115 2028 232 2084 tur,
270 2018 369 2071 sed
397 2028 567 2072 tamen
599 2020 648 2071 in
681 2019 987 2088 praedonum
1014 2020 1282 2089 speluncis
1305 2019 1574 2087 conspecti
1599 2016 1720 2072 fue-

114 2111 259 2176 rint,
294 2112 511 2165 easdem
537 2112 663 2165 dare
689 2127 872 2181 poenas
893 2128 1022 2182 quas
1049 2112 1323 2182 praedones
1341 2112 1364 2165 ?
1384 2111 1519 2178 Quid
1545 2119 1721 2165 autem

114 2202 325 2269 loquor
352 2202 419 2257 de
448 2202 823 2271 praedonibus?

200 2294 514 2347 Statuarum
538 2295 863 2365 dejectionem
893 2305 1153 2349 memorat.
1194 2325 1263 2336 —
1302 2295 1547 2350 Profecto
1572 2294 1720 2349 scitis

118 2400 325 2439 omnes
356 2401 417 2437 ac
452 2387 786 2451 meministis,
818 2388 1029 2454 quando
1060 2386 1197 2455 apud
1225 2400 1322 2439 nos
1347 2385 1587 2440 scelerati
1613 2386 1723 2454 qui-

118 2478 258 2531 dam
293 2478 537 2532 homines
587 2489 638 2531 et
690 2480 1097 2547 priestigiatores
1145 2486 1345 2531 statuas
1393 2477 1718 2546 dejecerunt,

119 2589 237 2641 quo
273 2580 431 2642 pacto
452 2587 554 2626 n0n
584 2572 653 2626 illi
679 2583 873 2626 tantum
901 2573 989 2641 qui
1020 2571 1221 2625 facinus
1246 2571 1361 2625 ausi
1376 2570 1601 2631 fuerant,
1626 2568 1721 2623 sed

122 2673 401 2733 quotquot
424 2665 733 2733 simpliciter
756 2674 1045 2732 praesentes
1074 2663 1341 2733 conspecti
1369 2672 1513 2717 erant
1541 2702 1557 2728 ,
1586 2676 1722 2731 quo-

124 2759 282 2811 niam
320 2758 635 2812 videbantur
668 2758 770 2812 illis
800 2758 1043 2812 assentiri
1071 2799 1085 2821 ,
1115 2756 1164 2810 in
1192 2756 1444 2825 judicium
1474 2754 1677 2823 abrepti
1702 2794 1718 2819 ,

122 2850 406 2919 simulque
430 2856 569 2903 'cutu
602 2850 703 2903 illis
732 2849 942 2903 abducti
983 2891 999 2915 ,
1048 2857 1286 2903 extremo
1332 2847 1588 2915 supplicio
1617 2846 1723 2900 sint

116 2940 337 2995 aﬂ'ecti.
368 2940 448 2993 Tu
472 2956 599 2995 vero
624 2942 710 2994 ubi
729 2941 885 2995 Pater
909 2941 1134 2994 alﬁcitur
1158 2938 1473 2994 contumelia
1491 2979 1505 3003 ,
1527 2938 1614 2993 ubi
1636 2937 1723 2991 Fi-

128 3035 241 3088 lius
268 3034 550 3088 lacessitur
577 3033 828 3087 conviciis
855 3072 873 3100 ,
906 3033 993 3087 ubi
1022 3041 1236 3087 sanctus
1264 3041 1317 3086 et
1341 3030 1579 3085 viviﬁcus
1604 3029 1722 3098 Spi-

126 3125 272 3177 ritus
290 3124 666 3189 contemnitur,
700 3139 763 3177 eo
783 3123 965 3177 studes
991 3121 1307 3177 accurrere?
1336 3120 1450 3175 Non
1481 3120 1674 3174 metuis
1699 3162 1714 3186 ,

127 3230 244 3268 non
276 3215 562 3280 horrescis,
588 3230 703 3268 cum
735 3214 959 3282 teipsum
988 3215 1037 3267 in
1085 3214 1198 3269 loca
1241 3212 1455 3283 profana
1486 3213 1720 3282 impura-

125 3322 239 3375 que
266 3306 525 3372 conjicis?
554 3306 646 3359 Dic
676 3305 824 3370 mihi,
853 3320 1009 3374 quam
1042 3305 1261 3360 habebis
1287 3305 1677 3359 excusationem
1702 3344 1717 3370 ,

127 3414 298 3469 quam
331 3399 540 3451 veniam
565 3438 581 3464 ,
627 3398 716 3466 qui
747 3398 926 3451 volens
954 3398 1177 3465 teipsum
1200 3398 1250 3449 in
1282 3394 1588 3450 barathrum
1620 3395 1720 3449 im-

126 3493 342 3556 mittas,
376 3490 426 3544 in
456 3491 803 3559 praecipitium
835 3490 948 3544 des.

202 3580 354 3635 Libri
380 3581 541 3634 sancti
563 3598 660 3633 non
682 3591 909 3634 sanctam
938 3581 1129 3652 faciunt
1159 3580 1590 3652 Synagogam.-—
1612 3580 1720 3636 Ne-

125 3688 240 3743 que
267 3672 414 3726 enim
441 3672 568 3725 mihi
596 3672 721 3726 illud
746 3672 963 3737 dixeris,
989 3672 1129 3743 quod
1158 3673 1266 3727 illic
1288 3672 1385 3727 sita
1412 3682 1496 3726 est
1522 3673 1599 3727 lex
1622 3712 1636 3736 ,
1666 3682 1723 3726 et

128 3768 518 3834 prophetarum
544 3763 685 3817 libri.
713 3763 891 3832 Neque
907 3764 1046 3817 enim
1077 3763 1177 3817 hoc
1204 3763 1331 3816 satis
1358 3773 1437 3817 est
1460 3762 1524 3816 ad
1547 3763 1717 3816 locum

133 3864 385 3910 sanctum
417 3854 766 3910 reddendum.
798 3854 984 3909 Utrum
1013 3854 1153 3909 enim
1202 3853 1372 3924 majus
1420 3863 1519 3919 est,
1557 3854 1721 3908 libros

129 3963 258 4005 esse
282 3948 545 4016 repositos
568 3946 619 4001 in
645 3947 784 4013 loco,
817 3962 883 4000 an
914 3948 1055 4015 loqui
1085 3962 1143 4001 ea
1170 3962 1288 4016 qua:
1314 3946 1507 4000 suntin
1538 3946 1720 4000 libris?

131 4038 485 4109 Perspicuum
530 4050 611 4093 est
644 4079 658 4104 ,
691 4038 878 4092 melius
902 4053 1020 4093 esse
1046 4038 1088 4091 si
1120 4053 1181 4091 ea
1210 4053 1326 4107 qua:
1349 4048 1471 4091 sunt
1498 4037 1720 4093 inlibris

130 4132 378 4201 loquaris
426 4130 729 4200 habeasque
755 4133 807 4184 in
842 4130 1040 4184 animo.
1090 4130 1227 4200 Ergo
1256 4130 1515 4199 responde
1544 4129 1671 4184 inihi
1700 4170 1716 4196 ,

131 4242 261 4279 cuin
303 4224 547 4278 diabolus
594 4225 840 4278 recitaret
877 4239 937 4277 ea
966 4264 980 4287 ,
1011 4239 1129 4292 qum
1151 4232 1273 4277 sunt
1304 4222 1353 4275 in
1393 4220 1678 4290 Scripturis
1700 4262 1716 4287 ,

131 4333 267 4371 nutu
298 4330 362 4370 os
394 4316 532 4370 illius
572 4316 949 4369 sanctiﬁcatum
991 4315 1110 4368 est?
1154 4315 1266 4368 Non
1310 4326 1458 4383 potes
1502 4314 1714 4378 dicere,

131 4409 233 4463 sed
265 4408 554 4478 permansit
582 4407 631 4460 id
659 4408 798 4477 quod
827 4418 941 4462 erat
960 4408 1219 4461 diabolus.
1247 4407 1381 4474 Quid
1413 4414 1590 4460 autem
1618 4407 1720 4459 dte-

134 4498 368 4553 mones?
396 4497 527 4552 Cum
561 4500 911 4568 prtedicarent
954 4515 1014 4553 ac
1049 4500 1322 4553 dicerent:
1370 4497 1467 4551 lsti
1496 4498 1719 4552 homines

139 4593 273 4646 servi
298 4590 393 4644 Dei
419 4592 648 4645 altissimi
665 4604 777 4645 sunt
798 4634 813 4657 ,
842 4593 1194 4645 anuuntiantes
1217 4592 1351 4645 vobis
1380 4593 1510 4644 viam
1535 4592 1719 4645 salutis

134 4683 279 4753 (Act.
311 4683 398 4737 16.
441 4682 566 4752 17);
609 4698 675 4737 an
703 4684 823 4737 ideo
849 4684 966 4737 illos
997 4684 1048 4735 in
1080 4684 1436 4750 apostolorum
1478 4682 1717 4737 ordinem

134 4772 473 4830 referemus?
494 4774 852 4845 Nequaquam,
877 4773 981 4828 imo
1010 4773 1363 4830 nihilominus
1382 4789 1721 4829 exsecramur

133 4867 283 4929 illos,
310 4865 642 4934 odimusque.
679 4864 819 4933 Ergo
847 4879 967 4917 eum
1012 4866 1169 4918 verba
1215 4865 1418 4933 prolata
1452 4880 1558 4919 non
1598 4881 1721 4919 san-

132 4959 398 5020 ctiticent,
430 4956 548 5009 libri
572 4956 787 5024 repositi
813 4956 1178 5010 sanctiﬁcant?
1206 4957 1437 5011 Minime.
1464 4957 1575 5025 Qua
1607 4968 1719 5011 tan-

134 5048 263 5101 dem
294 5045 539 5099 ratione?
560 5046 670 5100 lmo
696 5046 796 5100 hoc
835 5048 1047 5105 nomine
1073 5048 1159 5101 odi
1189 5062 1506 5118 synagOgam
1538 5090 1552 5113 ,
1578 5049 1717 5119 quod

136 5138 317 5207 legem
346 5136 535 5192 habeat
562 5152 624 5192 ac
650 5139 933 5209 prophetas
962 5178 976 5203 ,
1020 5148 1075 5193 et
1116 5154 1255 5193 nunc
1296 5143 1454 5193 etiam
1492 5141 1719 5210 amplius

133 5229 227 5284 odi
253 5268 269 5290 ,
292 5244 451 5298 quam
477 5230 521 5282 si
550 5228 678 5283 nihil
707 5229 928 5284 istorum
953 5229 1191 5284 haberet.
1222 5228 1328 5285 Cur
1353 5232 1423 5284 ita
1453 5232 1664 5287 tandem
1696 5234 1718 5286 ?

74 5380 84 5399 ’
135 5321 403 5389 Quoniam
436 5322 633 5377 variam
667 5324 788 5376 hinc
815 5322 1010 5377 habent
1033 5338 1231 5387 escam,
1261 5323 1560 5394 variamque
1589 5326 1719 5380 frau-

136 5412 223 5465 dis
238 5412 515 5466 materiam
549 5453 563 5477 ,
592 5429 690 5481 qua
721 5414 1069 5484 simpliciores
1093 5414 1343 5468 alliciant.
1371 5415 1717 5486 Quandoqui-

136 5506 331 5556 demet
356 5503 549 5559 Paulus
573 5505 813 5575 spiritum
838 5507 984 5561 illum
1008 5508 1308 5576 loquentem
1336 5509 1530 5578 potius,
1560 5524 1716 5579 quam

137 5604 405 5649 tacentem
434 5595 610 5664 ejecit.
636 5595 839 5650 Etenim
854 5600 1080 5651 molestia
1106 5598 1350 5668 taedioque
1368 5598 1600 5667 a/fectus,
1634 5600 1717 5653 iu-

136 5685 270 5755 quit,
302 5686 501 5753 spiritui
539 5686 698 5742 dixit:
740 5690 821 5741 exi
848 5692 907 5741 ab
946 5688 1075 5758 illa(
1103 5687 1241 5742 Ibid.
1272 5706 1320 5743 υ.
1350 5690 1418 5744 18
1446 5691 1486 5759 ).
1515 5690 1627 5758 Qua
1653 5691 1718 5747 de

137 5775 337 5831 causa?
380 5776 639 5844 Quoniam
672 5780 970 5835 clamabat:
1001 5778 1100 5836 Isti
1122 5781 1342 5836 homines
1370 5783 1497 5837 servi
1518 5784 1611 5837 Dei
1632 5784 1713 5837 αι-

1824 1197 2044 1251 malum.
2079 1199 2229 1254 Hanc
2257 1201 2326 1255 ob
2354 1216 2566 1255 causam
2593 1210 2644 1256 et
2682 1202 2878 1257 Paulus
2914 1205 3246 1273 potissimum
3276 1207 3401 1258 afﬁ-

1825 1290 2062 1343 ciebatur
2097 1291 2370 1355 molestia,
2401 1292 2786 1363 festinabatque
2832 1296 2936 1350 illis
2978 1297 3258 1352 occludere
3304 1313 3364 1352 os
3386 1340 3404 1361 ,

1824 1379 1965 1448 quod
1990 1380 2088 1434 sibi
2119 1384 2484 1438 auctoritatem
2516 1396 2867 1453 usurparent,
2896 1403 3226 1458 nequaquam
3272 1391 3402 1460 ipsis

1825 1479 2224 1538 congruentem.
2270 1472 2416 1527 Hanc
2447 1474 2513 1527 ob
2540 1489 2753 1528 causam
2785 1486 2835 1531 et
2876 1478 2987 1545 ipse
3025 1478 3240 1533 Judazos
3271 1480 3355 1533 odi
3384 1521 3398 1544 ,

1826 1559 1966 1628 quod
1994 1575 2113 1614 cum
2142 1563 2308 1631 legem
2332 1563 2578 1631 habeant,
2608 1566 2774 1635 legem
2793 1567 3007 1633 violant,
3035 1580 3087 1623 et
3116 1570 3215 1625 hoc
3244 1572 3404 1626 modo

1825 1652 2173 1720 simpliciores
2221 1653 2458 1708 inescare
2496 1667 2773 1710 conantur.
2828 1658 2943 1713 Non
2982 1661 3200 1728 perinde
3243 1678 3405 1730 grave

1826 1741 2025 1797 crimen
2056 1744 2416 1811 admitterent,
2451 1746 2549 1800 nisi
2579 1762 2699 1802 cum
2726 1750 2947 1804 credant
2975 1751 3247 1821 prophetis
3270 1792 3286 1819 ,
3312 1768 3402 1807 re-

1826 1832 2361 1902 pugnarentChristo.
2384 1835 2533 1890 Nunc
2556 1853 2681 1892 vero
2707 1839 2804 1893 sibi
2823 1854 3033 1894 omnem
3062 1842 3227 1895 veniae
3249 1858 3398 1911 spem

1825 1923 2137 1979 ademerunt
2159 1966 2173 1991 ,
2225 1927 2313 1995 qui
2342 1942 2461 1980 cum
2489 1942 2547 1982 se
2572 1929 2773 1998 jactent
2818 1932 3089 2001 prophetis
3125 1934 3346 1988 credere
3376 1975 3392 2000 ,

1826 2014 2163 2070 contumeliis
2187 2014 2425 2072 afﬁciunt
2453 2034 2575 2073 eum
2602 2061 2617 2085 ,
2642 2036 2798 2090 quem
2825 2021 2897 2075 illi
2925 2024 3301 2092 praedixerunt.

1898 2104 1949 2158 7.
1980 2104 2034 2158 in
2066 2121 2306 2172 summa,
2338 2107 2383 2163 si
2434 2108 2610 2165 credis
2655 2112 2829 2166 locum
2874 2128 2994 2169 esse
3039 2127 3281 2171 sanctum
3334 2133 3400 2171 eo

1826 2195 1968 2264 quod
1998 2194 2103 2251 illic
2132 2197 2213 2252 lex
2238 2209 2291 2253 et
2322 2201 2699 2270 prophetarum
2719 2203 2837 2258 libri
2868 2206 3084 2273 repositi
3117 2217 3238 2260 sunt
3259 2249 3274 2272 ,
3305 2223 3398 2263 su-

1828 2296 2006 2355 perest
2026 2297 2080 2342 ut
2104 2298 2158 2343 et
2184 2289 2320 2344 idola
2349 2301 2400 2346 et
2422 2291 2682 2347 idolorum
2707 2295 2899 2363 templa
2927 2312 3023 2365 pro
3064 2300 3263 2353 sanctis
3297 2301 3398 2353 dn-

1826 2393 1935 2432 cas.
1978 2380 2252 2447 Quondam
2284 2385 2425 2437 enim
2452 2426 2466 2449 ,
2497 2401 2616 2439 cutn
2648 2387 2843 2443 bellum
2888 2398 3095 2447 teneret
3137 2392 3351 2448 Judmos
3389 2434 3405 2460 ,

1826 2471 2054 2525 vietores
2082 2474 2251 2527 Azoui
2278 2489 2535 2543 ceperunt
2559 2492 2757 2544 arcam,
2775 2480 2934 2549 inque
2961 2496 3110 2536 suum
3144 2486 3399 2555 templum

1826 2559 2114 2614 intulerunt
2138 2564 2212 2631 (1.
2242 2562 2368 2634 Reg.
2395 2565 2473 2632 5).
2502 2567 2584 2620 An
2611 2567 2730 2622 ideo
2759 2580 2999 2622 sanctum
3029 2583 3145 2626 erat
3189 2574 3399 2628 illorum

1830 2654 2101 2721 templum,
2126 2654 2266 2723 quod
2290 2656 2503 2711 haberet
2526 2674 2701 2713 arcam
2720 2660 2742 2712 ?
2762 2660 3121 2731 Nequaquam,
3156 2666 3248 2719 sed
3278 2682 3403 2734 pro-

1827 2744 2005 2798 fanum
2028 2787 2041 2810 ,
2084 2747 2176 2801 sed
2202 2748 2488 2818 impurum.
2526 2750 2583 2805 ld
2622 2754 2859 2821 protinus
2890 2755 3015 2823 ipsis
3056 2757 3207 2812 factis
3232 2759 3408 2814 decla«

1826 2831 2002 2890 ratum
2030 2846 2132 2891 est.
2162 2839 2291 2895 Nam
2320 2850 2374 2894 ut
2413 2841 2593 2898 hostes
2624 2844 2977 2914 intelligerent
3022 2849 3295 2902 victoriam
3328 2851 3406 2919 ip-

1826 2930 1899 2984 sis
1912 2932 2157 2997 cessisse,
2174 2948 2276 2986 uou
2294 2935 2361 2988 ob
2378 2935 2738 3005 impotentiam
2760 2939 2972 3006 Dei,sed
2990 2941 3059 2995 ob
3080 2943 3404 3011 iniquitatem

1826 3038 2008 3078 eorum
2035 3039 2064 3078 a
2088 3026 2274 3095 quibus
2296 3026 2570 3083 colebatur
2595 3048 2610 3084 :
2637 3032 2792 3085 etiam
2818 3047 2936 3087 arca
2961 3044 3109 3103 capta
3139 3037 3188 3089 in
3229 3038 3405 3092 aliena

1827 3125 1966 3171 terra
1990 3118 2096 3171 vim
2130 3133 2278 3173 suam
2301 3120 2563 3187 ostendit,
2597 3122 2723 3177 dum
2749 3124 2891 3178 idolo
2916 3126 2995 3179 bis
3027 3126 3080 3180 in
3107 3128 3278 3182 solum
3305 3130 3404 3183 de-

1821 3208 1962 3278 jecto
1990 3209 2163 3266 effecit
2193 3220 2250 3265 ut
2272 3214 2429 3267 etiam
2462 3212 2809 3285 frangeretur.
2861 3216 3089 3273 Tantum
3129 3220 3310 3274 aberat
3351 3231 3407 3277 ut

1827 3300 2003 3355 locum
2032 3304 2415 3369 sanctiﬁcaret,
2451 3316 2506 3359 ut
2531 3306 2703 3361 locum
2734 3308 2891 3362 etiam
2922 3322 3268 3381 expugnaret.
3304 3314 3407 3368 Ve-

1825 3406 1942 3445 rum
1965 3392 2049 3447 hic
2077 3409 2318 3463 quaenam
2350 3406 2429 3449 est
2454 3411 2575 3452 arca
2608 3413 2770 3466 penes
2795 3399 3007 3455 Judaeos
3031 3444 3045 3467 ,
3080 3402 3166 3456 ubi
3193 3419 3297 3458 non
3328 3416 3410 3460 est

1825 3483 2292 3552 propitiatorium?
2335 3502 2441 3541 non
2468 3488 2741 3543 oraculum
2766 3530 2781 3556 ,
2822 3504 2924 3545 non
2975 3493 3276 3547 testamenti
3320 3504 3404 3548 ta-

1825 3575 1983 3641 bulae,
2014 3591 2118 3630 non
2141 3587 2321 3631 sancta
2350 3587 2798 3644 sanctorum,non
2820 3581 3015 3648 velum,
3043 3598 3146 3637 non
3169 3599 3410 3639 summus

1825 3666 2076 3722 sacerdos
2096 3709 2111 3734 ,
2140 3682 2246 3722 non
2270 3668 2556 3739 thymiama
2585 3710 2600 3735 ,
2629 3685 2731 3724 non
2763 3670 3123 3727 holocaustum
3144 3714 3159 3738 ,
3194 3691 3296 3729 non
3318 3691 3409 3729 sa-

1825 3756 2079 3811 criﬁcium
2106 3797 2121 3821 ,
2154 3772 2258 3811 non
2306 3758 2407 3812 alia
2435 3774 2553 3827 qua:
2601 3768 2710 3813 tum
2756 3775 2933 3815 arcam
2981 3762 3084 3818 illis
3112 3763 3409 3820 reddebant

1824 3847 2178 3901 venerandam
2200 3848 2223 3899 ‘t
2248 3848 2373 3902 Mihi
2395 3849 2605 3917 quidem
2627 3849 2931 3905 Judzeorum
2960 3868 3022 3906 ea
3041 3894 3056 3919 ,
3079 3870 3235 3923 quam
3266 3872 3407 3912 nunc

1826 3936 2043 4003 habent,
2071 3954 2195 3994 arca
2221 3940 2386 3993 nihilo
2412 3941 2601 3996 melius
2627 3940 2824 3997 habere
2846 3943 3055 3999 videtur
3084 3946 3148 4000 iis
3172 3948 3366 4001 arcolis
3388 3987 3405 4013 ,

1824 4044 1941 4099 quas
1962 4041 2194 4085 veneunt
2216 4032 2266 4086 in
2295 4032 2408 4087 foro
2428 4074 2443 4098 ,
2472 4033 2580 4089 imo
2606 4036 2754 4103 pejus
2794 4035 2969 4091 habet.
3000 4037 3130 4093 Nam
3159 4039 3240 4094 itm
3279 4041 3409 4095 nihil

1825 4120 2017 4175 laedere
2043 4131 2265 4191 possunt
2290 4123 2331 4177 si
2353 4124 2470 4194 quis
2489 4124 2671 4189 adeat;
2702 4126 2791 4179 illa
2815 4142 2942 4182 vero
2957 4129 3193 4198 quotidie
3214 4147 3407 4187 noxam

1825 4212 1983 4268 infert
2012 4214 2075 4268 iis
2099 4215 2189 4284 qui
2218 4216 2558 4269 accesserint.
2593 4215 2833 4283 Fratres,
2872 4235 2934 4270 ne
2960 4220 3069 4272 sitis
3096 4223 3238 4286 pueri
3264 4239 3409 4276 men—

1826 4306 1973 4371 tibus,
2014 4307 2102 4361 sed
2128 4308 2320 4360 malitia
2345 4307 2544 4375 parvuli
2569 4317 2721 4362 estote
2754 4310 2831 4379 (1.
2865 4309 2984 4365 Cor.
3016 4312 3100 4366 14.
3133 4313 3224 4385 20)
3252 4331 3410 4377 ;eos-

1825 4414 1926 4467 que
1954 4399 2040 4468 qui
2059 4399 2123 4452 ad
2152 4400 2247 4453 ista
2272 4408 2503 4469 stupent,
2527 4401 2594 4455 ab
2612 4401 2711 4455 hoc
2730 4403 3100 4473 intempestivo
3117 4416 3256 4460 metu
3274 4408 3405 4462 libeo

1826 4502 2022 4554 rantes,
2069 4493 2277 4547 erudite
2316 4493 2441 4562 quid
2476 4504 2720 4561 oporteat
2770 4496 2959 4549 timere
2988 4536 3002 4560 ,
3036 4500 3401 4569 revereriqnc,

1825 4600 1929 4638 non
1960 4584 2113 4638 istam
2142 4601 2352 4639 arcam:
2405 4587 2497 4641 sed
2526 4587 2666 4656 quod
2696 4601 3076 4645 concurrentes
3119 4592 3185 4646 ad
3238 4593 3403 4661 illam,

1823 4678 2023 4732 violent
2054 4679 2307 4748 templum
2336 4680 2447 4744 Dei,
2480 4696 2576 4749 per
2597 4682 2974 4738 conscientiam
2994 4684 3059 4738 ad
3075 4684 3403 4743 Judaismnm

1824 4784 2160 4840 propensam,
2202 4787 2295 4840 per
2316 4772 2737 4843 intempestivam
2763 4774 2918 4830 istam
2955 4776 3405 4837 observationem.

1827 4860 2102 4930 Quotquot,
2134 4862 2319 4933 inquit,
2350 4866 2403 4919 in
2426 4866 2532 4936 lege
2546 4866 2923 4936 justi/immitti,
2963 4884 2995 4920 a
3022 4871 3185 4940 gratia
3208 4873 3394 4926 excidi-

1826 4952 1917 5007 stis
1948 4951 2089 5023 (Gal.
2114 4955 2168 5010 5.
2195 4954 2272 5024 4).
2300 4956 2411 5011 Hoc
2437 4966 2648 5027 oportet
2669 4958 2879 5024 timere,
2904 4974 2971 5014 ne
2998 4959 3049 5013 in
3076 4960 3162 5014 die
3188 4961 3283 5017 illo
3304 4976 3403 5016 au~

1824 5044 1980 5099 diatis
2001 5045 2069 5099 ab
2107 5061 2173 5101 eo
2215 5047 2303 5117 qui
2338 5062 2431 5101 vos
2463 5048 2795 5116 judicaturus
2838 5058 2919 5103 est
2948 5067 2961 5103 :
2993 5049 3274 5118 Discedite,
3302 5068 3405 5107 non

1825 5138 1939 5191 novi
1983 5155 2066 5192 vos
2100 5139 2246 5211 (Luc.
2272 5141 2357 5194 15.
2386 5139 2478 5209 27)
2505 5156 2519 5204 ;
2546 5140 2979 5195 communicastis
3012 5141 3152 5194 enitn
3190 5156 3310 5195 cum
3338 5143 3404 5199 iis

1824 5229 1911 5299 qui
1938 5245 2023 5285 me
2050 5230 2454 5294 crueiﬁxerunt;
2476 5240 2530 5285 et
2557 5230 2916 5286 solemnitates
2943 5273 2957 5297 ,
2988 5246 3120 5302 quas
3140 5246 3239 5301 ego
3264 5235 3405 5287 anti-

1824 5321 1979 5389 quari
2005 5362 2019 5385 ,
2061 5321 2441 5376 contendentes
2487 5336 2696 5375 mecum
2723 5337 2909 5376 rursus
2934 5322 3301 5387 instaurastis;
3330 5324 3397 5379 ad

1824 5414 2150 5479 Judazorum,
2182 5414 2267 5483 qui
2296 5414 2453 5483 impie
2482 5414 2707 5484 agebant
2738 5414 2788 5469 iti
2821 5430 2909 5470 me
2934 5457 2949 5470 .
2994 5430 3055 5469 ac
3084 5415 3251 5483 legem
3285 5418 3399 5470 vio-

1826 5506 2045 5571 labant,
2091 5519 2383 5575 synagogas
2423 5505 2787 5559 concurristis.
2830 5507 2986 5573 Atqui
3035 5521 3133 5575 ego
3187 5507 3399 5576 quidem

1827 5598 2080 5667 templum
2126 5596 2334 5649 illorum
2365 5596 2618 5661 subverti,
2660 5605 2714 5650 et
2758 5597 2809 5651 in
2851 5597 3101 5652 ruderum
3146 5613 3397 5651 acervum

1825 5690 1959 5745 verti
1989 5688 2237 5757 templum
2262 5685 2388 5740 illud
2419 5687 2719 5743 venerabile
2744 5730 2759 5755 ,
2787 5704 2872 5743 res
2910 5689 3167 5744 verendas
3196 5698 3249 5743 et
3278 5689 3399 5742 lior-

1827 5784 2017 5840 rendas
2063 5781 2375 5848 continens;
2429 5796 2522 5837 vos
2574 5790 2750 5839 autent
2799 5783 3094 5839 habitacula
3145 5795 3400 5853 cauponis
