3920 6286
226 316 338 398 διε

223 461 372 519 τότε,
405 457 494 510 ὅτε
534 455 602 510 τὰ
634 457 902 528 χερουϐἰμ
939 453 1029 529 ἦν,
1059 458 1146 510 ὅτε
1182 459 1215 527 ή
1247 459 1497 523 κιϐωτὸς,
1538 459 1688 535 [661]
1718 463 1807 515 ὅτε

231 541 311 594 ἔτι
364 538 683 610 Πνεύματος
733 540 960 611 ἐπήνθει
989 540 1166 611 χάρις.
1206 541 1301 595 νῦν
1326 541 1426 612 μὲν
1464 543 1676 610 ἔλεγεν,
1726 545 1806 597 ὅτι

238 621 606 690 Ἔποιήσατε
639 624 827 676 αὑτὸν
850 623 1158 692 σπήλαιον
1191 624 1458 691 λῃστῶν,
1488 625 1581 677 νῦν
1604 626 1660 679 δὲ
1679 667 1694 689 ,
1725 628 1806 680 ὃτι

226 701 414 758 οἷκον
444 705 752 773 ἐμπορίου,
776 704 864 758 διά
891 706 991 768 τάς
1021 705 1362 775 παρανομίας
1387 707 1563 760 αὐτῶν
1586 710 1680 761 καὶ
1708 710 1808 774 τὰς

225 786 546 858 μιαιφονίας
563 803 576 817 ·
609 786 704 840 νῦν
728 787 816 839 ὅτε
842 788 1039 850 αὐτοὺς
1072 790 1104 858 ή
1127 787 1220 840 τοῦ
1269 789 1584 860 Πνεύματος
1611 792 1806 860 ἐγκατ-

216 869 381 922 ’ἑλιπε
410 871 588 940 χάρις,
607 870 701 922 καί
729 869 904 922 πάντα
935 871 1114 923 ἐκεῖνα
1142 871 1407 942 ἀνῄρηται
1426 872 1493 925 τὰ
1522 874 1710 943 σεμνὰ,
1728 875 1804 946 τῷ

219 953 346 1023 θεῷ
377 951 804 1021 φιλονεικοῦντες
830 967 877 1019 ι,
912 954 1010 1025 τὴν
1045 955 1355 1024 παράνομον
1387 954 1591 1026 ταύτην
1619 958 1802 1010 ἐπιτε-

218 1036 380 1088 λοῦσι
411 1037 686 1108 λατρείαν,
718 1037 769 1089 τί
794 1035 858 1089 ἄν
887 1054 970 1100 τις
995 1035 1306 1107 προσειπὼν
1351 1039 1451 1102 τάς
1484 1041 1803 1109 συναγωγὰς

219 1119 410 1172 αὐτῶν
438 1121 466 1161 h
490 1160 505 1183 ,
541 1119 700 1184 ἀξίαν
749 1119 900 1173 ἔσται
942 1121 1192 1190 εὑρηκὼς
1225 1123 1572 1193 ἐπωνυμίαν;
1602 1123 1664 1175 Εἰ
1693 1123 1801 1194 γάρ

214 1203 346 1256 τότε
391 1202 654 1274 σπήλαιον
707 1203 918 1275 λῃστῶν
951 1200 1039 1276 ἦν,
1076 1205 1163 1256 ὅτε
1195 1205 1275 1258 ἔτι
1305 1207 1372 1259 τά
1405 1207 1505 1276 τῆς
1527 1206 1801 1271 πολιτείας

217 1285 472 1355 ἐκράτει,
495 1285 589 1339 νῦν
621 1284 723 1338 κᾶν
757 1288 1026 1356 πορνεῖον,
1061 1287 1162 1340 κᾶν
1210 1288 1556 1358 παρανομίας
1580 1290 1796 1359 χωρίον,

217 1367 329 1420 κᾶν
357 1369 630 1440 δαιμόνων
682 1369 1050 1438 καταγώγιον,
1093 1370 1196 1423 κᾶν
1239 1370 1484 1424 διαϐόλου
1520 1374 1798 1443 φρούριον,

215 1452 326 1504 κάν
348 1451 538 1522 ψυχῶν
569 1452 810 1524 ὄλεθρον,
838 1454 942 1507 κᾶν
985 1454 1258 1518 ἀπωλείας
1295 1455 1512 1524 ἀπάσης
1556 1457 1798 1527 κρημνὸν

215 1536 319 1587 καὶ
349 1535 647 1608 βάραθρον,
679 1536 782 1590 κᾶν
811 1537 986 1591 ὁτιοῦν
1010 1555 1096 1601 τις
1121 1539 1390 1609 προσείπῃ
1414 1577 1429 1600 ,
1460 1538 1677 1592 ἔλαττον
1699 1539 1796 1608 τῆς

214 1619 379 1682 ἀξίας
399 1621 534 1690 ἐρεῖ.
569 1619 713 1672 Ναὸν
739 1620 1022 1690 ἐπιθυμεῖς
1056 1620 1210 1686 ίδεῖν;
1249 1621 1321 1691 μὴ
1357 1622 1566 1692 δράμῃς
1595 1624 1674 1686 εἰς
1700 1622 1796 1693 τὴν

216 1701 572 1774 συναγωγὴν,
601 1702 735 1756 ἀλλὰ
760 1703 916 1772 γενοῦ
943 1706 1006 1757 σὺ
1037 1705 1183 1768 ναός.
1216 1705 1352 1758 Ἕνα
1383 1705 1597 1758 καθεῖλε
1615 1704 1741 1758 ναὸν
1767 1708 1796 1758 ὁ

211 1786 355 1848 θεὸς
380 1788 438 1839 ὲν
465 1782 873 1858 Ἰεροσολύμοις,
899 1787 994 1840 καὶ
1025 1787 1249 1858 μυρίους
1270 1787 1562 1856 ἀνέστησεν
1587 1789 1794 1876 ἐκερου

214 1869 407 1939 πολλῴ
457 1869 840 1940 σεμνοτέρους·
902 1869 1097 1938 Ὑμεῖς
1141 1870 1252 1940 γὰρ
1291 1871 1436 1936 ναὸς
1479 1870 1625 1923 Θεοῦ
1659 1869 1799 1924 ἐᾶτε

212 1950 461 2018 ζῶντος,
489 1951 642 2022 φησί.
678 1951 1034 2006 Καλλώπισον
1083 1953 1288 2022 ταύτην
1322 1952 1422 2023 τὴν
1462 1953 1658 2016 οίκίαν,
1694 1954 1799 2005 ἀπ·

211 2033 414 2086 έλασον
448 2035 622 2089 πάντα
642 2033 900 2104 λογισμὸν
937 2033 1192 2105 πονηρὸν,
1241 2035 1326 2087 ἵνα
1359 2034 1491 2106 γένῃ
1518 2034 1676 2105 μέλος
1703 2036 1796 2088 τοῦ

210 2115 462 2184 Χριστοῦ
490 2115 688 2187 τίμιον,
719 2119 805 2169 ἵνα
830 2116 963 2191 γένῃ
989 2117 1114 2180 ναὸς
1141 2118 1236 2169 τοῦ
1263 2117 1403 2169 Πνεύ
1415 2134 1581 2186 ματος
1601 2132 1613 2147 ·
1637 2117 1793 2186 ποίη-

212 2213 315 2250 σον
347 2199 443 2252 καὶ
490 2199 711 2270 ἑτέρους
749 2199 1043 2263 τοιούτους.
1096 2201 1207 2252 Καὶ
1249 2200 1500 2270 καθάπερ
1555 2201 1794 2270 πένητας

209 2279 459 2349 ὁρῶντες
489 2282 589 2334 οὐκ
617 2282 682 2336 ἂν
705 2283 1116 2354 παραδράμοιτι
1147 2283 1363 2353 ῥᾳδίως,
1393 2281 1536 2336 οὕτω
1565 2279 1661 2334 καί
1701 2280 1790 2336 τὸν

209 2365 312 2416 ἐπὶ
344 2365 446 2434 τήν
473 2367 795 2437 συναγωγὴν
825 2366 1083 2438 τρέχοντα
1112 2367 1323 2436 βλέπων
1345 2407 1360 2430 ,
1414 2365 1489 2436 μὴ
1534 2365 1788 2437 παρίδῃς,

208 2445 333 2496 ἀλλ’
366 2446 556 2517 ῶσπερ
587 2447 787 2518 χαλινῷ
813 2467 918 2502 τινι
953 2448 1030 2518 τῷ
1064 2449 1204 2519 λόγῳ
1252 2448 1536 2518 κατασχὼν
1578 2451 1656 2511 είς
1691 2448 1788 2518 τὴν

224 2527 561 2598 Ἐκκλησίαν
592 2532 925 2599 ὲπανάγαγε.
949 2531 1097 2600 Αὕτη
1125 2531 1323 2584 πλείων
1343 2531 1559 2600 ἐκείνης
1585 2531 1618 2600 ἡ
1649 2529 1794 2600 ἐλεη-

209 2611 450 2683 μοσύνη,
490 2613 586 2667 καὶ
611 2614 817 2684 μυρίων
847 2614 1126 2667 ταλάντων
1163 2612 1344 2684 μεῖζον
1375 2613 1436 2665 τὸ
1459 2611 1789 2683 κέρδος.Καί

277 2776 430 2843 {Alii
471 2781 638 2841 σεμνὰ,
660 2782 732 2842 τῷ
752 2783 860 2842 θεῷ
895 2777 1307 2843 φειλονεικοῦντες,
1326 2783 1467 2828 notat
1487 2776 1654 2828 Monlf.
1702 2779 1786 2838 qui

205 2839 344 2942 legit
363 2839 640 2903 perpetam,
659 2839 807 2904 σεμνὰ
826 2839 912 2890 καῖ
924 2844 992 2904 τῷ
1026 2844 1084 2889 Θ.
1112 2842 1239 2903 φίλα,
1263 2841 1348 2897 τὴν
1367 2856 1419 2886 π.

337 2903 480 2942 “eum
503 2903 658 2942 αὐτῶν
678 2907 726 2942 in
753 2919 836 2942 nm
848 2917 924 2942 pm
958 2917 1074 2942 ιηςς.

331 2903 486 2954 Deest
503 2903 658 2952 αὐτῶν
678 2903 727 2953 in
751 2917 925 2954 nmen)
958 2903 1075 2952 mss.

1335 343 1698 400 ADVERSUS
1747 346 1821 403 JU
1834 347 2058 403 DASOS.
2106 346 2217 402 Vll.

3377 357 3477 412 916

1909 465 1960 516 τί
1989 463 2131 531 λέγω
2180 463 2392 535 μυρίων
2418 462 2727 525 ταλάντων;
2763 462 2854 514 καὶ
2883 459 2977 513 τοῦ
3029 462 3236 531 κόσμου
3277 467 3478 529 παντὸς

1908 545 2000 600 τοῦ
2020 546 2364 615 φαινομένου,
2393 545 2514 598 ἐπεὶ
2534 544 2629 596 καὶ
2657 546 2685 596 ὁ
2709 542 2802 596 ἄνθ
2811 560 2991 614 ρωπος
3011 542 3102 596 τοῦ
3123 544 3326 615 κόσμου
3349 566 3480 602 παν.

1905 629 1996 693 τὸς
2023 627 2382 698 τιμιώτερος’
2421 625 2510 680 διά
2541 625 2650 697 γὰρ
2685 627 2845 681 αὐτὸν
2877 627 2970 679 καὶ
3009 627 3236 697 οὐρανὸς
3274 631 3368 683 καὶ
3405 632 3477 702 γῆ

1906 713 2001 765 καὶ
2036 711 2277 765 Θάλασσα
2305 710 2517 778 γέγονε,
2550 708 2644 761 καὶ
2669 708 2934 778 ἤλιος,καί
2970 710 3219 780 ἀστέρες.
3263 712 3478 784 Ἑννοη-⁸

1907 811 1999 847 σον
2025 787 2202 847 τοίνυν
2229 797 2290 846 τὸ
2313 791 2524 862 ἀξίωμα
2553 789 2647 842 τοῦ
2683 791 2986 861 σωζομένου
3009 831 3023 857 ,
3074 793 3169 846 καὶ
3205 793 3279 864 μὴ
3311 812 3480 848 κατα-

1904 880 2177 948 φρονήσῃς
2201 876 2364 930 αύτοῦ
2396 876 2492 945 τῆς
2513 873 2852 943 ἐπιμελείας.
2886 875 3006 928 Κᾶν
3046 875 3154 945 γὰρ
3200 877 3372 948 μυρία
3393 896 3477 942 τις

1903 960 2186 1032 καταϐάλῃ
2215 961 2491 1030 χρήματα,
2519 957 2669 1010 οὐδὲν
2684 955 2921 1009 τοιοῦτον
2955 958 3268 1028 ἐργάζεται,
3303 961 3424 1013 ὅσον
3447 961 3476 1013 ὀ

1901 1040 2077 1112 ψυχὴν
2104 1039 2403 1106 διασώζων,
2421 1039 2514 1093 καί
2537 1039 2745 1109 πλάνης
2763 1039 3013 1107 ἀπάγων,
3045 1042 3138 1094 καὶ
3166 1042 3300 1111 πρὸς
3322 1043 3476 1096 εὐσέ-

1905 1125 2057 1177 ϐειαν
2078 1124 2452 1195 χειραγωγῶν.
2499 1125 2556 1175 Ὀ
2579 1122 2766 1189 πένητι
2788 1122 2910 1184 δοὺς
2932 1121 3086 1192 λιμὸν
3108 1123 3316 1190 ἔλυσεν,
3331 1128 3360 1178 ὁ
3383 1126 3475 1181 τὸν

1916 1201 2266 1272 Ἱουδαῒζοντα
2287 1206 2579 1274 διορθώσας
2601 1205 2856 1258 ἀσέϐειαν
2880 1206 3083 1260 ἀνεῖλεν
3103 1222 3116 1235 ⁸
3149 1208 3352 1271 ἐκεῖνος
3376 1227 3475 1261 πε-

1900 1290 2017 1343 νίαν
2041 1290 2489 1360 παρεμυθήσατο,
2505 1285 2657 1351 οὗτος
2686 1290 3029 1361 παρανομίαν
3048 1291 3274 1361 ἔστησεν
3295 1309 3308 1320 ·
3330 1295 3473 1346 ἐκεῖ-ι

1899 1388 1986 1434 νος
2004 1373 2066 1426 τὸ
2098 1359 2256 1443 σῶμα
2287 1359 2479 1442 ὀδύνης
2511 1370 2839 1441 ἀπήλλαξεν.
2872 1359 3027 1433 οὗτος
3047 1374 3140 1425 καὶ
3166 1359 3265 1444 τήν
3295 1374 3469 1446 ψυχὴν

1897 1455 1998 1521 τῆς
2026 1457 2249 1524 γεέννης
2291 1456 2622 1524 ἐξήρπασεν.
2658 1453 2874 1516 Ἐδειξα
2920 1453 3013 1505 τὸν
3049 1453 3342 1524 θησαυρὸν,
3395 1458 3468 1527 μὴ

1898 1538 2139 1606 προδῶτε
2168 1538 2228 1590 τὸ
2250 1539 2460 1608 κέρδος.
2497 1537 2610 1589 Οὐκ
2644 1535 2788 1588 ἔστιν
2823 1535 3053 1588 ἐνταῦθα
3085 1539 3272 1590 πενίαν
3297 1541 3470 1593 αἰτιά-⁴

1899 1620 2111 1683 σασθαι,
2149 1621 2251 1672 οὐκ
2293 1620 2409 1671 ἐστι
2443 1618 2711 1689 πτωχείαν
2755 1617 3155 1687 προϐαλέσθαι·
3206 1622 3469 1690 ῥημάτων

1897 1705 2040 1755 ἐστὶν
2069 1705 2102 1772 ή
2149 1701 2380 1774 δαπάνη,
2410 1703 2582 1770 λόγων
2613 1702 2727 1754 ἐστί
2753 1702 2813 1752 τὸ
2839 1701 3118 1772 ἀνάλωμα.
3163 1704 3252 1773 Μὴ
3291 1705 3469 1759 τοίνυν

1895 1787 2338 1856 κατοκνήσωμεν,
2391 1785 2528 1846 ἀλλ’,
2579 1786 2680 1853 ὅση
2731 1785 2930 1854 σπουδὴ
2968 1796 2991 1824 α
3025 1789 3120 1840 καὶ
3170 1787 3464 1858 προθυμία,

1895 1871 2019 1932 τοὺς
2047 1869 2308 1938 ἀδελφοὺς
2334 1869 2684 1939 θηρεύσωμεν
2710 1870 2832 1932 τοὺς
2851 1869 3172 1940 ἡμετέρους,
3200 1871 3292 1924 καὶ
3307 1871 3468 1926 ἀκονι

1896 1970 1996 2015 τας
2024 1955 2104 2015 εἰς
2131 1953 2232 2016 τὰς
2283 1953 2461 2014 οἰκίας
2490 1952 2589 2015 τὰς
2639 1952 2844 2005 ἑαυτῶν
2873 1952 3069 2015 αὐτοὺς
3118 1953 3464 2018 ἑλκύσαντες.

1896 2034 2116 2106 ἄριστον
2150 2034 2516 2105 παραϐῶμεν,
2543 2035 2638 2089 καὶ
2669 2034 2948 2106 τραπέζης
2983 2036 3167 2090 αὐτοῖς
3207 2039 3466 2106 κοινωνήιι

1897 2136 2079 2189 σωμεν
2123 2120 2381 2190 σήμερον,
2417 2120 2502 2171 ἵνα
2531 2115 2619 2172 ἐπ’
2667 2119 2821 2189 ὄψεσι
2870 2122 2991 2182 ταῖς
3016 2121 3315 2191 ἡμετέραις
3366 2121 3463 2192 τὴν

1893 2201 2146 2271 νηστείαν
2170 2197 2448 2264 λύσαντες,
2477 2201 2569 2254 καὶ
2605 2201 2974 2272 πληροφορίαν
3008 2204 3139 2273 ήμῖν
3165 2204 3256 2257 καί
3280 2203 3464 2256 πίστιν

1895 2283 2081 2354 ἱκανήν
2105 2283 2477 2354 παρασχόντες
2509 2283 2610 2352 τῆς
2643 2283 2818 2355 καλῆς
2859 2284 3059 2356 ταύτης
3091 2284 3460 2355 διορθώσεως,

1892 2366 1986 2419 καὶ
2015 2366 2227 2428 ἑαυτοῖς
2253 2367 2347 2419 καὶ
2368 2368 2498 2435 ἡμῖν
2532 2367 2642 2420 τῶν
2671 2366 2906 2420 αἰωνίων
2935 2368 3156 2438 ἀγαθῶν
3197 2369 3461 2436 γένωνται

1892 2448 2159 2520 πρόξενοι,
2191 2449 2370 2518 χάριτι
2401 2450 2494 2502 καὶ
2529 2448 2909 2520 φιλανθρωπίᾳ
2940 2449 3034 2502 τοῦ
3062 2451 3265 2523 Κυρίου
3304 2451 3462 2522 ήμῶν

1903 2529 2077 2600 Ἰησοῦ
2104 2531 2360 2600 Χριστοῦ,
2390 2531 2457 2583 δι’
2488 2525 2548 2582 οῦ
2579 2533 2671 2584 καὶ
2700 2532 2816 2600 μεθ’
2846 2528 2905 2585 οῦ
2932 2533 3009 2601 τῷ
3051 2533 3225 2604 llath
3252 2535 3285 2604 ή
3311 2533 3459 2598 δόξα.

1892 2612 2008 2683 ἅμα
2035 2611 2112 2682 τῷ
2137 2613 2275 2679 ἁγίῳ
2325 2612 2633 2682 Πνεύματι,
2683 2613 2778 2666 νῦν
2831 2615 2924 2667 καὶ
2961 2615 3066 2678 ἀεὶ,
3110 2617 3202 2669 καὶ
3229 2619 3308 2679 εἰς
3334 2617 3460 2679 τοὺς

1893 2697 2092 2758 αἰῶνας
2116 2696 2223 2747 τῶν
2252 2694 2479 2748 αἰώνων.
2533 2696 2722 2766 Ἀμήν.

1956 2836 2102 2904 {Sp}:
2130 2851 2243 2884 mss.
2267 2837 2417 2904 ΔρξιλλόιΔ
2444 2837 2575 2904 πάσῃ
2620 2838 2821 2904 σπουδῇ.
2882 2837 3160 2903 (Legebalur
3200 2847 3457 2904 perperam

1898 2898 1999 2946 ἀλλ’
2023 2900 2111 2960 ὅσῃ
2138 2898 2320 2960 σπουδῄ
2344 2899 2423 2945 καὶ
2444 2898 2712 2962 προθυμία.)

1270 3203 1568 3297 ΚΑΤΑ
1639 3155 2197 3296 ΙΟΥΔΑΙΩΝ.
2251 3201 2401 3273 εσσε]

753 3493 939 3561 Λόγος
973 3491 1244 3561 ἕϐδομος.

278 3654 504 3729 α’.*Αρα
523 3656 917 3729 κόρονιὲλάϐετε
928 3657 1026 3728 τῆς
1049 3656 1185 3728 πρὸς
1211 3656 1492 3720 Ἰουδαίους
1517 3658 1692 3728 μάχης
1712 3650 1776 3729 ;

203 3741 466 3816 βούλεσθε
499 3742 593 3795 καὶ
614 3732 850 3811 σήμερον
873 3739 972 3811 τῆς
992 3739 1161 3810 αὐτῆς
1188 3739 1494 3804 ὑποθέσεως
1517 3733 1780 3811 ἁψώμεθα

203 3826 411 3889 πάλιν;
439 3825 509 3885 ¹Εἰ
541 3823 650 3894 γάρ
703 3822 796 3875 καὶ
831 3821 999 3874 πολλά
1034 3821 1104 3874 τὰ
1144 3821 1451 3894 ἔμπροσθεν
1493 3820 1777 3894 εἰρημένα,

200 3909 326 3966 ἀλλ’
354 3910 504 3979 ὅμως
527 3905 671 3978 ὑμᾶς
694 3905 976 3975 ἐπιθυμεῖν
994 3899 1144 3975 οἶμαι
1167 3905 1446 3975 τῆςαύτῆς
1465 3906 1780 3976 ἀκροάσεως

201 3990 395 4047 πάλιν.
434 3991 494 4043 '0
522 3989 628 4062 γὰρ
663 3989 758 4061 τῆς
787 3990 866 4052 εἰς
894 3988 987 4040 τὸν
1012 3979 1243 4057 Χριστὸν
1268 3989 1487 4058 ἀγάπης
1516 3989 1614 4041 οὐκ
1641 3989 1777 4058 ἔχων

201 4076 394 4147 κόρον,
443 4073 561 4127 οὐδὲ
613 4073 710 4144 τῆς
754 4070 890 4142 πρὸς
918 4071 1043 4134 τοὺς
1077 4070 1369 4140 μισοῦντας
1400 4064 1560 4124 αὑτὸν
1601 4072 1778 4142 μάχης

198 4160 436 4231 λήψεται
460 4157 620 4227 κόρον
638 4155 786 4208 ποτέ.
813 4154 996 4225 Χωρίς
1022 4153 1079 4206 δὲ
1105 4153 1328 4216 τούτων,
1349 4155 1442 4206 καὶ
1457 4151 1630 4217 ἄλλως
1648 4157 1778 4226 ἡμῖν

200 4244 502 4310 ἀναγκαῖος
525 4233 676 4301 οὗτος
692 4241 720 4290 ὁ
748 4238 930 4306 λόγος’
957 4236 1034 4288 ἐτι
1063 4235 1171 4307 γὰρ
1187 4236 1414 4306 λείψανα
1441 4237 1548 4290 τῶν
1575 4238 1777 4309 ἑορτῶν

197 4325 386 4381 αὐτῶν
416 4323 819 4378 ὑπολέλειπται.
865 4316 1003 4373 Ἀλλ’
1029 4319 1216 4390 ὥσπερ
1252 4319 1429 4373 αὐτῶν
1462 4321 1518 4373 αἱ
1551 4319 1778 4388 σάλπιγ-

199 4427 302 4479 γες
326 4407 434 4461 τῶν
460 4409 644 4468 ἐντοῖς
670 4405 916 4476 θεάτροις
933 4398 1072 4474 ἦσαν
1099 4404 1576 4474 παρανομώτεραι,
1601 4405 1691 4457 καὶ
1720 4406 1776 4456 αί

200 4491 449 4562 νηστεῐαι
493 4487 660 4559 μέθης
691 4487 784 4541 καί
811 4486 995 4556 κώμου
1025 4485 1224 4550 παντὸς
1245 4481 1384 4557 ἦσαν
1406 4487 1773 4559 αἰσχρότεραι,

197 4571 348 4628 οὕτω
376 4575 469 4625 καὶ
507 4573 562 4624 αἱ
596 4571 790 4641 σκηναὶ
821 4570 879 4622 αἱ
897 4568 991 4622 νῦν
1023 4571 1152 4641 παρ’
1183 4569 1364 4623 αὐτῶν
1409 4569 1770 4641 πηγνύμεναι,

196 4657 314 4710 τῶν
334 4653 662 4723 πανδοχείων
688 4653 793 4706 τῶν
826 4653 1030 4723 πόρνας
1059 4653 1290 4722 ἐχόντων
1315 4653 1409 4706 καί
1448 4653 1773 4724 αὐλητρίδας

195 4739 355 4794 οὐδὲν
384 4739 606 4808 ἄμεινον
627 4735 944 4789 διάκεινται.
979 4735 1087 4789 Καὶ
1113 4735 1299 4806 μηδεὶς
1326 4736 1529 4805 τόλμαν
1557 4753 1775 4805 καταγι-

195 4822 457 4877 νωσκέτω
481 4819 574 4872 τοῦ
601 4819 759 4887 λόγου
777 4837 788 4849 ·
814 4818 986 4888 τόλμα
1018 4819 1125 4890 γὰρ
1154 4818 1354 4888 ἐσχάτη
1400 4819 1491 4871 καὶ
1534 4837 1774 4890 παρανο-

137 4894 148 4901 ’
199 4909 302 4978 μία
334 4906 396 4958 τὸ
423 4904 495 4976 μὴ
525 4904 694 4966 οὕτως
716 4900 1038 4956 ὑποπτεύειν
1059 4902 1186 4972 περί
1215 4901 1455 4955 ἐκείνων.
1482 4903 1650 4956 Ὅταν
1666 4903 1773 4974 γάρ

192 4991 277 5062 τῷ
307 4990 428 5061 Θεῷ
479 4985 930 5058 φιλονεικοῦντες,
972 4986 1066 5038 καὶ
1105 4984 1183 5054 τῷ
1210 4985 1484 5056 Πνεύματι
1514 4986 1594 5056 τῷ
1632 4989 1772 5058 ἁγίῳ

193 5075 617 5136 ἀντιπίπτοντες
645 5071 947 5142 πράττωσι,
979 5067 1097 5130 πῶς
1121 5068 1179 5119 οὑ
1209 5068 1315 5140 χρὴ
1357 5069 1610 5140 τοιαύτην
1643 5073 1772 5141 περὶ

194 5159 378 5214 αὐτῶν
401 5157 581 5228 ψῆφον
607 5154 888 5224 ὲκφέρειν;
920 5148 1026 5204 τΗν
1055 5167 1184 5204 ποτε
1216 5152 1386 5222 σεμνὴ
1424 5153 1560 5223 αὕτη
1591 5157 1624 5224 ἡ
1648 5156 1770 5223 έορ..

193 5245 286 5316 τὴ,
320 5244 406 5296 ὅτε
437 5241 578 5296 κατά
597 5241 759 5311 νόμον
776 5237 1003 5308 ἐγίνετο,
1033 5235 1237 5288 καὶτοῦ
1268 5235 1402 5289 Θεοῦ
1434 5237 1769 5300 κελεύοντος,

194 5328 316 5383 νυνί
344 5327 401 5380 δὲ
429 5327 527 5379 οὐκ
542 5326 624 5378 ἔτι
644 5341 655 5353 ·
676 5324 738 5376 τὸ
764 5321 871 5393 γάρ
897 5320 1113 5389 ἀξίωμα
1136 5319 1305 5389 αὐτῆς
1331 5321 1475 5374 ἅπαν
1500 5320 1770 5391 ἀνῄρηται

193 5413 276 5483 τῷ
307 5410 458 5482 παρά
487 5409 712 5479 γνώμην
731 5405 823 5459 τοῦ
851 5403 984 5457 θεοῦ
1016 5402 1279 5471 γίνεσθαι.
1306 5403 1415 5456 Καὶ
1451 5405 1499 5456 οί
1535 5405 1768 5474 μάλιστα

195 5494 619 5566 καθυϐρίζοντες
640 5491 733 5546 καὶ
755 5491 846 5544 τὸν
879 5488 1041 5558 νόμον
1061 5487 1153 5540 καὶ
1181 5487 1279 5550 τὰς
1321 5486 1512 5558 ἑορτὰς
1539 5486 1634 5552 τάς
1664 5506 1771 5542 πει-

196 5580 382 5643 λαιάς.
414 5574 560 5634 οὗτοι
603 5577 838 5648 μάλιστα
881 5574 1099 5626 πάντων
1125 5569 1260 5622 εἰσὶν
1290 5571 1337 5623 οἰ
1359 5568 1641 5634 δοκοῦντες
1671 5571 1767 5627 νῦν

191 5664 460 5722 ἐπιτελεῖν
481 5679 494 5693 ο
526 5661 574 5714 οι
609 5661 667 5713 δὲ
707 5659 940 5730 μάλιστα
969 5656 1061 5708 τὸν
1081 5654 1241 5724 νόμον
1279 5654 1542 5724 τιμῶντες
1583 5656 1764 5726 ἡμεῖς,

194 5751 244 5805 οἱ
271 5747 521 5815 καθάπερ
551 5742 897 5814 γεγηρακότα
925 5740 1206 5812 ἄνθρωπον
1244 5737 1635 5807 ἀναπαύοντες,
1674 5745 1767 5796 καί

508 5857 783 5918 ΡΑΤιιοι..
832 5860 948 5919 Gn.
991 5861 1048 5920 Χ
1064 5861 1277 5921 LVIII.

1887 3486 1983 3560 οὐχ
2033 3489 2282 3548 ’έλκοντες
2333 3487 2413 3548 εἷς
2459 3485 2527 3537 τὰ
2575 3485 2874 3555 σκάμματα
2907 3485 3048 3554 μετὰ
3090 3487 3189 3556 ’τὴν
3242 3479 3454 3550 “nam

1881 3573 2002 3627 οὐδὲ
2019 3570 2169 3641 παρά
2185 3568 2374 3640 καιρὸν
2390 3567 2749 3632 ἀγωνίζεσθαι
2765 3569 3182 3636 ἀναγκάζοντες.
3204 3571 3324 3623 Ὀτι
3347 3571 3456 3642 γὰρ

1881 3657 1979 3709 οὐκ
1999 3654 2111 3707 ἔστι
2128 3649 2292 3722 νόμου
2312 3649 2501 3722 καιρὸς
2523 3649 2773 3715 νῦν,οῠτε
2791 3653 2888 3720 τῆς
2905 3651 3137 3714 παλαιᾶς
3157 3651 3452 3717 πολιτείας,

1885 3737 2082 3800 ἱκανῶς
2110 3735 2208 3806 μὲν
2231 3734 2325 3787 καὶ
2345 3733 2654 3805 ἔμπροσθεν
2683 3733 3044 3804 ἀπεδείξαμεν
3063 3751 3076 3764 ·
3109 3735 3240 3806 φέρε
3273 3735 3337 3807 δή
3361 3739 3453 3791 καὶ

1879 3821 1947 3873 τά
1969 3818 2192 3887 λείψανα
2218 3835 2285 3884 γυ
2294 3816 2589 3886 μνάσωμεν
2611 3818 2872 3888 τήμερον.
2900 3818 2970 3868 Ἥ
2980 3824 3098 3887 ρκει
3129 3818 3225 3885 μὲν
3241 3813 3333 3872 οὖν
3347 3818 3454 3872 δεία

1882 3902 2046 3968 ξαντα
2099 3899 2186 3954 διὰ
2207 3899 2316 3953 τῶν
2345 3899 2637 3970 προφητῶν
2677 3901 2929 3953 ἀπάντων
2955 3940 2968 3966 ,
3000 3900 3082 3952 ὅτι
3109 3899 3170 3952 τὸ
3202 3905 3375 3955 ποιεῖν
3397 3919 3452 3957 τι

1877 3981 2116 4040 τοιοῦτον
2145 3985 2248 4048 ἔξω
2280 3982 2386 4035 τῶν
2427 3982 2812 4054 Ἱεροσολύμων
2853 3984 3168 4055 παρανομία
3209 3983 3292 4048 τίς
3334 3987 3451 4042 ἐστι

1881 4070 1974 4122 καὶ
2000 4067 2224 4122 ἀσέϐεια
2247 4108 2261 4132 ,
2298 4065 2638 4136 ἀπηλλάχθαι
2690 4067 3049 4137 πραγμάτων.
3101 4066 3166 4120 Εἰ
3199 4067 3308 4139 γὰρ
3355 4071 3452 4125 καὶ

1880 4151 2076 4223 ἀληθὲς
2105 4139 2191 4221 ἦν,
2227 4148 2254 4201 ὃ
2282 4144 2556 4219 πανταχοῦ
2589 4150 2966 4221 κομπάζοντες
3004 4150 3091 4204 ἀεὶ
3131 4151 3450 4222 ψιθυρίζουο

1881 4253 1982 4298 σιν,
2018 4235 2098 4287 ὅτι
2139 4234 2237 4304 τὴν
2270 4232 2425 4284 πόλιν
2479 4232 2849 4304 ἀπολήψονται
2899 4232 3080 4299 πάλιν,
3109 4235 3231 4288 οὐδὲ
3279 4233 3452 4301 οὕτως

1877 4317 2216 4388 ἀπηλλάχθαι
2259 4315 2368 4369 τῶν
2404 4316 2502 4385 τῆς
2546 4317 2889 4387 παρανομίας
2930 4316 3291 4387 ἐγκλημάτων
3328 4319 3450 4372 ἐδύδ

1877 4417 2052 4454 ναντο.
2085 4399 2229 4470 Πλὴν
2260 4399 2374 4451 ἀλλ’
2401 4401 2562 4470 ἡμεῖς
2588 4401 2651 4452 ὲκ
2669 4398 2983 4470 περιουσίας
3017 4400 3112 4453 καί
3142 4400 3300 4454 τοῦτο
3347 4401 3452 4454 ἀπο

1877 4483 2175 4553 εδείξαμεν,
2203 4483 2280 4535 ὅτι
2313 4481 2436 4535 οὔτε
2465 4483 2824 4553 ἀναστήσεται
2859 4481 3042 4535 λοιπὸν
3070 4483 3102 4552 ἡ
3125 4483 3297 4545 πόλις,
3324 4482 3448 4535 οὔτε

1876 4565 2238 4637 ἀπολήψονται
2259 4566 2358 4635 τὴν
2385 4565 2593 4618 ἑαυτῶν
2617 4565 2908 4618 πολιτείαν.

1947 4741 2147 4801 Τούτου
2189 4749 2245 4801 δὲ
2298 4747 2738 4818 ἀποδειχθέντος,
2793 4747 2887 4800 καί
2934 4747 3002 4801 τά
3044 4745 3204 4801 λοιπά
3235 4743 3447 4802 ἅπαντα

1877 4831 2307 4901 συνωμολόγητο,
2341 4826 2450 4885 οἷον
2476 4825 2551 4894 ὡς
2582 4830 2703 4883 οὕτε
2738 4830 2928 4892 θυσίας
2970 4825 3134 4893 εἶδος,
3165 4825 3288 4883 οὕτε
3327 4831 3447 4884 όλο⁴

1875 4911 2218 4975 καυτώσεως,
2244 4915 2341 4985 οὐχ
2367 4917 2398 4984 ή
2431 4913 2521 4967 τοῦ
2544 4913 2706 4985 νόμου
2731 4911 2978 4984 δύναμις,
3012 4912 3110 4964 οὐκ
3130 4913 3254 4965 ἄλλο
3274 4929 3325 4965 τι
3345 4913 3445 4981 τῆς

1875 4995 2146 5058 πολιτείας
2177 4997 2390 5068 ἐκείνης
2418 4998 2606 5068 στῆναι
2630 4997 2932 5067 δυνήσεται.
2962 4993 3182 5065 Πρῶτον
3217 4995 3314 5064 μὲν
3337 4995 3445 5064 γὰρ

1873 5078 2156 5132 ἐκέλευσεν
2184 5080 2211 5131 ὁ
2252 5079 2413 5150 νόμος
2448 5080 2567 5150 τρὶς
2590 5079 2682 5132 τοῦ
2723 5077 2968 5132 ἐνιαυτοῦ
3017 5079 3122 5131 πᾶν
3161 5075 3444 5145 ἀρσενικὸν

1874 5163 1953 5223 εἰς
1989 5163 2078 5216 τὸν
2113 5163 2238 5216 ναὸν
2283 5163 2593 5216 ἀναϐαίνειν
2620 5179 2633 5193 ·
2667 5161 2759 5215 τοῦ
2783 5162 2839 5214 δὲ
2873 5157 3001 5215 ναοῦ
3025 5158 3441 5224 καταλυθέντος,

1875 5245 2133 5300 ἀδύνατον
2160 5246 2316 5299 τοῦτο
2340 5245 2612 5311 γενέσθαι.
2640 5242 2793 5298 Μετά
2810 5244 2982 5298 ταῦτα
3000 5244 3158 5296 πάλιν
3181 5242 3442 5296 ἐπέταττε

1871 5325 1961 5380 τὸν
1990 5329 2278 5400 γονορῤυῆ,
2304 5325 2394 5381 τὸν
2423 5328 2640 5399 λεπρὸν,
2669 5329 2767 5396 τὴν
2793 5328 2851 5380 ὲν
2874 5324 3232 5395 καταμηνίοις
3251 5326 3441 5392 γυναῖ-⁵

1874 5423 1964 5467 κα.
1995 5409 2093 5480 τὴν
2132 5410 2291 5479 λεχῶ,
2322 5411 2510 5474 θυσίας
2534 5405 2858 5482 ἀναφέρειν·
2901 5409 3169 5463 καὶτοῦτο
3199 5408 3256 5461 δὲ
3281 5407 3443 5462 πάλιν

1871 5488 2152 5558 ἀδύνατον,
2182 5495 2280 5546 ούκ
2305 5493 2455 5557 ὄντος
2479 5489 2794 5556 τοῦτό-που,
2825 5493 2943 5546 οὐδὲ
2967 5493 3061 5546 τοῦ
3103 5491 3286 5562 βωμοῦ
3319 5508 3442 5561 φαιει

1873 5576 2116 5646 νομένου.
2161 5577 2474 5629 Ἐκέλευσεν
2506 5575 2652 5648 ᾄδειν
2687 5578 2863 5648 ἱεροὺς
2893 5577 3120 5647 ῦμνους·
3162 5575 3257 5628 καί
3286 5573 3443 5627 τοῦτο

1872 5657 2180 5729 ἔμπροσθεν
2217 5659 2576 5731 ἀπεδείξαμεν
2597 5661 2704 5714 ἀπὸ
2739 5660 2832 5714 τοῦ
2863 5663 3030 5714 τόπου
3073 5657 3440 5731 κωλυόμενον.

1873 5741 1968 5795 καί
2002 5742 2128 5805 τοὺς
2172 5745 2452 5814 προφήτας
2482 5729 2877 5811 ἐγκαλοῦντας,
2927 5745 3021 5798 καὶ
3059 5743 3313 5810 λέγοντας
3357 5729 3446 5792 ὅτι

3024 5855 3101 5917 ἓὶἱ
