3920 6246
479 311 581 368 9U

477 423 627 499 [663]
655 422 965 490 ἀνέγνωσαν
999 417 1103 483 ἔξω
1129 418 1314 488 νόμον,
1353 415 1447 468 καὶ
1487 406 1890 499 ἐπεκαλέσαντο
1918 413 2046 499 ὁμο-

473 495 677 577 λογίαν.
710 507 876 559 Ὅταν
910 505 1089 558 τοίνυν
1136 500 1269 572 μηδὲ
1320 497 1788 567 ἀναγινώσκεσθαι
1825 495 2046 549 δυνατὸν

473 589 541 662 ἦν
565 591 655 643 τὸν
685 589 846 657 νόμον
887 586 990 651 ἐξω
1023 585 1122 654 τῆς
1157 583 1381 646 πόλεως,
1433 580 1548 644 πῶς
1589 579 1748 632 αὑτὸν
1790 578 2046 647 πράττειν

476 660 580 741 ἔξω
603 676 701 742 τῆς
728 670 932 731 πόλεως
960 668 1184 720 δυνατόν
1205 685 1219 731 ;
1250 668 1347 718 Διά
1366 665 1494 734 γοῦν
1522 663 1678 716 τοῦτο
1695 663 1788 715 καὶ
1811 660 2046 714 ἀπειλῶν

473 759 657 818 αὐτοῖς
690 754 904 820 ἔλεγεν·
949 752 1069 804 Οὐκ
1112 750 1512 818 ἐπισκέψομαι
1561 748 1666 812 τὰς
1723 744 2047 814 θυγατέρας

473 843 660 910 ὑμῶν,
694 841 837 892 ὅταν
853 837 1325 904 ἐκπορνεύσωσι,
1351 834 1446 885 καὶ
1463 831 1568 896 τὰς
1596 831 1834 898 νύμφας
1862 826 2043 896 ὑμῶν,

473 926 620 979 ὅταν
654 923 1042 993 μοιχεύσωσι.
1079 920 1144 972 Τί
1201 919 1260 971 δέ
1297 917 1453 970 τοῦτό
1497 916 1651 974 ἐστι;
1700 914 1879 982 Νόμον
1918 912 2046 980 ὑμῖν

473 1010 742 1077 ἀναγνοὺς
774 1004 1022 1066 παλαιὸν,
1064 1003 1395 1072 σαφέστερον
1441 999 1666 1066 ποιῆσαι
1694 997 2044 1077 πειράσομαι.

473 1093 570 1154 Τίς
595 1076 692 1145 οὖν
721 1092 870 1142 ἐστιν
896 1091 924 1141 ὁ
948 1087 1144 1156 νόμος;
1187 1085 1325 1138 Ἐὰν
1341 1080 1575 1150 παραϐῇ
1597 1080 1750 1149 γυνὴ
1773 1079 1919 1132 κατὰ
1939 1076 2047 1131 τοῦ

473 1175 693 1242 ἀνδρὸς
719 1170 930 1238 αὐτῆς,
956 1170 1053 1222 καὶ
1076 1167 1294 1236 παρίδῃ
1324 1165 1512 1219 αὐτὸν
1538 1163 1928 1230 ὑπεριδοῦσα,
1947 1161 2046 1214 καὶ

474 1253 731 1326 κοιμηθῇ
770 1273 860 1318 τις
897 1254 1022 1322 μετ’
1069 1249 1258 1316 αὐτῆς
1298 1248 1504 1313 κοίτην
1534 1245 1903 1314 σπέρματος,
1947 1245 2046 1326 καί

474 1321 1065 1408 λάθῃήέξτόςςθαζιμῶν
1091 1333 1196 1388 τοῦ
1230 1331 1466 1399 ἀνδρὸς,
1497 1329 1595 1384 καὶ
1615 1331 1842 1398 μάρτυς
1878 1326 1964 1396 μὴ
2007 1321 2048 1396 ᾖ

473 1424 600 1476 κατ’
623 1422 834 1489 αὐτῆς,
871 1420 964 1472 καὶ
989 1418 1074 1488 μὴ
1097 1412 1134 1489 ᾖ
1168 1413 1649 1484 συνειλημμένη,
1692 1411 1790 1464 καί
1824 1408 2048 1478 ἐπέλθῃ

474 1507 568 1560 ἐπ’
604 1503 763 1570 αὐτῷ
803 1502 1036 1571 πνεῦμα
1076 1499 1414 1566 ζηλώσεως,
1453 1497 1603 1564 αὕτη
1641 1495 1710 1548 δὲ
1750 1493 1836 1563 μὴ
1875 1489 1917 1564 ᾖ
1949 1511 2050 1561 με·

473 1588 789 1660 μιασμένη.
837 1587 901 1638 Ὃ
923 1584 980 1636 δὲ
1000 1583 1145 1650 λέγει
1174 1581 1409 1635 τοιοῦτόν
1443 1581 1588 1632 ἐστιν
1607 1595 1618 1608 ·
1670 1577 1792 1630 Ἐάν
1834 1593 2048 1646 μοιχευ-

476 1673 579 1743 θῇ,
609 1674 762 1741 φησι,
792 1669 952 1739 γυνὴ,
979 1666 1072 1720 καὶ
1104 1663 1420 1734 ὑποπτεύσῃ
1446 1661 1541 1732 τὴν
1575 1661 1819 1732 μοιχείαν
1838 1663 1866 1712 ὁ
1889 1661 2046 1730 ἀνὴρ,

473 1757 508 1826 ἢ
563 1756 637 1827 μὴ
692 1751 950 1823 μοιχευθῇ
979 1791 994 1815 ,
1047 1746 1200 1812 οὗτος
1253 1748 1309 1800 δὲ
1361 1745 1707 1816 ὑποπτεύσῃ,
1762 1745 1856 1798 καί⁵
1912 1744 2049 1827 μήτε

478 1825 689 1910 μάρτυς
725 1832 799 1908 ᾖ,
861 1835 996 1905 μήτε
1044 1832 1240 1902 κύησις
1293 1830 1625 1898 ἐλέγχουσα,
1677 1827 1813 1910 ἄξει
1857 1825 2051 1891 αὐτὴν

476 1907 627 1988 πρὸς
643 1907 755 1971 τὸν
776 1917 935 1986 ἱερέα
951 1957 966 1981 ,
999 1916 1159 1985 φησὶ,
1188 1913 1284 1967 καὶ
1324 1913 1635 1979 προσοίσει
1657 1910 1723 1963 τὸ
1743 1907 1934 1976 δῶρον
1953 1911 2052 1960 αὐ-

474 2003 586 2070 τῆς
613 2003 872 2069 ἄλευρον
896 2001 1180 2067 κρίθινον.
1217 1997 1280 2048 Τί
1307 1997 1501 2065 δήποτε
1529 1995 1588 2046 οὑ
1617 1993 1914 2063 σεμίδαλιν,
1951 1991 2052 2044 οὑκ

476 2086 705 2154 ἄλευρον
743 2082 938 2154 πυροῦ,
971 2081 1108 2134 ἀλλά
1142 2079 1418 2150 κρίθινον;
1445 2076 1661 2145 Ἐπειδὴ
1703 2073 1895 2137 πένθος
1934 2073 2051 2126 ἐστὶ

477 2171 573 2222 καὶ
616 2167 958 2233 κατάγνωσις
999 2165 1093 2217 καὶ
1127 2161 1328 2230 ὑποψία
1368 2159 1581 2230 πονηρά
1627 2158 1688 2211 τὸ
1744 2157 2047 2227 γινόμενον,

478 2253 729 2320 ἐμιμεῖτο
760 2249 857 2318 τὴν
885 2245 1167 2317 συμφορὰν
1190 2245 1288 2312 τῆς
1305 2242 1510 2305 οἰκείας
1541 2241 1729 2303 Θυσίας
1759 2241 1819 2291 τδ
1844 2241 2045 2308 σχῆμαο

479 2334 568 2387 διὰ
600 2333 707 2404 γάρ
723 2331 880 2384 τοῦτό
899 2347 1060 2404 φησιν
1082 2347 1093 2358 ·
1115 2331 1236 2382 Οὐκ
1266 2325 1520 2395 ἐπιχεεῖς
1545 2324 1634 2378 ἐπ’
1650 2321 1795 2375 αὐτὸ
1821 2323 2046 2404 ἔλαιον,

480 2416 624 2471 οὐδὲ
655 2403 962 2480 ἐπιθήσεις
983 2423 1002 2442 ⁸
1030 2413 1121 2465 ἐπ’
1152 2410 1298 2465 αὐτὸ
1323 2412 1591 2464 λίϐανον.
1629 2404 1769 2459 Εἶτα
1809 2404 1908 2471 (δεῖ
1940 2403 2050 2474 γὰρ

482 2500 784 2571 ἐπιτεμεῖν)
816 2499 913 2552 καὶ
945 2495 1232 2566 προσάξει
1273 2493 1465 2560 αὐτὴν
1498 2497 1529 2546 ό
1557 2491 1768 2559 ἱερεὺς,
1805 2489 1904 2541 καὶ
1937 2489 2049 2556 λή-

479 2588 659 2653 ψεται
707 2582 862 2650 ὕδωρ
893 2580 1150 2649 καθαρὸν
1197 2579 1266 2632 ἐν
1306 2577 1518 2646 ἀγγείῳ
1556 2575 1910 2642 ὀστρακίνῳ,
1952 2571 2049 2625 καὶ

481 2668 599 2723 ἀπὸ
621 2667 730 2736 τῆς
770 2665 883 2736 γῆς
926 2664 1032 2732 τῆς
1064 2665 1256 2730 οὔσης
1288 2662 1386 2716 ἐπὶ
1408 2660 1512 2714 τοῦ
1545 2659 1803 2727 ἐδάφους
1827 2656 2047 2720 λαϐὼν,

481 2750 820 2822 ἐμϐαλεῖείς
857 2747 922 2802 τὸ
953 2746 1127 2813 ὕδωρ,
1160 2747 1252 2798 καί
1283 2743 1498 2808 στήσει
1523 2741 1637 2809 τήν
1665 2739 2048 2822 γυναῖκα,καὶ

481 2821 665 2904 ὀρκιεῖ
695 2833 905 2898 αὐτὴν,
943 2829 1039 2883 καὶ
1063 2828 1204 2896 ἐρεῖ’
1236 2831 1302 2881 Εἰ
1328 2826 1413 2896 μὴ
1447 2825 1706 2892 παρέϐης
1729 2821 2050 2904 μιανθῆναι

482 2903 631 2985 πρὸς
659 2915 764 2969 τὸν
796 2913 983 2982 ἄνδρα
1003 2913 1110 2966 τὸν
1133 2910 1418 2978 σεαυτῆς,
1466 2908 1594 2962 σώα
1621 2909 1743 2961 ῑσθι
1775 2905 1894 2961 ἀπὸ
1943 2903 2049 2958 τοῦ

481 3002 704 3065 ’ὓδατος
737 2997 842 3051 τοῦ
875 2994 1128 3064 ἐλεγμοῦ
1149 3009 1163 3023 °
1203 2995 1254 3046 εί
1277 2992 1344 3046 δὲ
1363 2991 1625 3059 παρέϐης
1672 2989 1769 3044 καὶ
1805 2990 2052 3059 μεμίαν-

483 3101 608 3152 σαι,
638 3084 731 3138 καί
762 3081 947 3135 ἔδωκέ
975 3098 1061 3145 τις
1081 3079 1195 3146 τὴν
1216 3078 1424 3144 κοίτην
1441 3076 1627 3130 αὐτοῦ
1647 3075 1716 3128 ἐν
1743 3075 1862 3138 σοὶ,
1886 3073 2051 3143 πλὴν

484 3170 592 3224 τοῦ
610 3169 828 3236 ἀνδρός
843 3181 980 3229 σου,
995 3164 1112 3232 δῴη
1127 3165 1341 3232 Κύριός
1361 3176 1434 3214 σε
1451 3162 1519 3215 ἐν
1531 3159 1646 3228 ἀρᾷ
1662 3159 1760 3213 καὶ
1780 3159 2051 3228 ἐνόρκιον

483 3254 729 3323 ἐνμέσῳ
753 3249 858 3304 τοῦ
891 3249 1063 3303 λαοῦ.
1084 3249 1146 3300 Τί
1174 3248 1340 3309 ἐστιν,
1370 3247 1466 3299 Ἐν
1490 3243 1603 3314 ἀρᾷ
1620 3245 1715 3298 καί
1746 3238 2049 3312 ἐνόρκιον;

487 3336 829 3404 Ἵναλέγωσι·
855 3333 945 3404 Μὴ
967 3333 1193 3403 πάθοιμι
1215 3333 1290 3395 ὼς
1319 3331 1515 3385 ἔπαθεν
1541 3331 1574 3400 ὴ
1599 3329 1742 3381 δεῖνα
1768 3329 1924 3399 γυνή.
1951 3329 2052 3380 Ἐν

481 3419 566 3488 τῷ
594 3420 804 3474 δοῦναι
837 3419 1055 3488 Κύριον
1085 3416 1196 3484 τὴν
1239 3415 1475 3469 κοιλίαν
1507 3430 1621 3466 σου
1654 3412 2051 3482 ἐμπεπρισμέ-

483 3523 622 3573 νην,
645 3504 742 3558 καὶ
766 3504 1168 3557 εἰσελεύσεται
1195 3501 1258 3553 τὸ
1279 3501 1433 3568 ὓδωρ
1449 3499 1512 3551 τὸ
1538 3497 2053 3566 ἐπικατηραμένον

484 3589 693 3659 πρῖσαι
731 3587 844 3654 τὴν
873 3585 1128 3656 γαστέρα
1169 3600 1304 3638 σου.
1339 3582 1448 3637 Καὶ
1481 3581 1602 3649 ἐρεῖ
1637 3583 1674 3650 η
1710 3581 1862 3650 γυνή
1884 3597 1896 3610 ο
1941 3581 2052 3632 ι’έ-

483 3690 671 3736 νοιτο,
722 3673 969 3741 γένοιτο.
1024 3670 1132 3722 Καὶ
1165 3669 1356 3731 ἔσται,
1414 3667 1521 3721 ἐὰν
1649 3666 2049 3735 μεμιασμένῃ,

485 3757 897 3811 εἰσελεύσεται
942 3753 1010 3806 τὸ
1063 3753 1218 3820 ὕδωρ
1249 3752 1354 3806 τοῦ
1401 3751 1678 3820 ἐλεγμοῦ,
1718 3750 1816 3804 καί
1851 3753 2052 3819 πρίσει

483 3843 600 3910 τὴν
631 3842 868 3896 κοιλίαν
895 3837 1105 3906 αὐτῆς,
1159 3835 1257 3889 καί
1302 3835 1474 3889 ἔσται
1502 3837 1540 3903 η
1575 3834 1729 3904 γυνὴ
1763 3837 1849 3901 είς
1877 3835 2050 3904 ἀράν.

495 3929 638 3980 Ἐὰν
667 3924 734 3978 δὲ
775 3923 860 3993 μὴ
886 3919 1110 3992 μιανθῇ
1150 3922 1188 3987 ὴ
1237 3919 1412 3988 γυνὴ,
1442 3917 1601 3983 ἀθῴα
1625 3919 1797 3973 ἔσται
1830 3923 1925 3974 καὶ
1953 3923 2052 3976 ἐκ-

483 4007 838 4078 σπερματιεῐ
890 4004 1146 4074 σπέρμα.
1209 4005 1358 4056 Ἐπεὶ
1409 3999 1501 4056 οῦν
1542 4005 1621 4066 εἰς
1679 4005 2052 4075 αἰχμαλωσίαν

482 4093 824 4148 ἀπελθόντων
852 4089 1061 4152 αὑτῶν,
1104 4088 1255 4141 οὐδὲν
1303 4087 1503 4141 τούτων
1535 4087 1784 4156 γενέσθαι
1831 4089 2053 4144 δυνατὸν

482 4174 572 4246 ἦν,
597 4175 719 4230 οὑτε
753 4175 846 4228 τοῦ
888 4171 1014 4227 ναοῦ
1051 4173 1224 4234 ὄντος,
1264 4170 1386 4224 οὑτε
1418 4171 1512 4223 τοῦ
1551 4170 1733 4241 βωμοῦ
1753 4214 1768 4239 ,
1800 4172 1922 4225 οὔτε
1953 4175 2052 4243 τῆς

487 4259 712 4329 σκηνῆς,
771 4256 894 4310 οὑτε
951 4257 1050 4326 τῆς
1105 4255 1290 4318 θυσίας
1324 4254 1755 4325 ἀναφερομένης,
1814 4257 2052 4311 ἀπειλῶν

485 4341 701 4408 ἔλεγεν·
742 4342 863 4392 Οὐκ
915 4337 1319 4406 ἐπισκέψομαι
1349 4339 1454 4402 τὰς
1493 4337 1818 4404 θυγατέρας
1860 4338 2048 4408 ὑμῶν,

483 4426 632 4479 ὅταν
677 4424 1056 4493 πορνεύσωσι
1076 4462 1088 4484 ,
1132 4421 1228 4476 καί
1259 4423 1364 4488 τὰς
1390 4423 1645 4490 ,νύμφας
1679 4421 1861 4491 ὑμῶν,
1909 4424 2052 4478 ὅταν

480 4510 907 4582 μοιχεύσωσιν.

557 4593 621 4662 β’.
639 4593 798 4662 Ὁρᾷς
827 4588 1038 4643 ἀπὸτοῦ
1053 4589 1217 4641 τόπου
1243 4589 1339 4658 τὴν
1370 4589 1520 4658 ἰσχὺν
1543 4588 1731 4658 ἔχοντα
1746 4592 1833 4644 τὸν
1857 4593 2048 4662 νόμον;

485 4677 609 4730 Ὀτι
631 4675 687 4728 δὲ
709 4674 830 4726 οὑτε
857 4673 949 4726 τὸν
977 4673 1126 4739 ἱερέα
1155 4672 1376 4724 δυνατὸν
1404 4668 1565 4737 εἶναι,
1599 4673 1696 4742 τῆς
1727 4674 1931 4738 πόλεως
1953 4677 2052 4728 οὑκ

483 4759 670 4829 οὑσης,
696 4757 850 4828 δῆλον
875 4758 938 4808 ἐκ
975 4756 1185 4808 τούτου.
1225 4756 1433 4826 ’Ὠσπερ
1466 4755 1574 4825 γὰρ
1603 4757 1824 4826 βασιλέα
1867 4759 1926 4810 οὑ
1955 4758 2049 4810 δυ-

483 4843 642 4898 νατὸν
678 4838 839 4905 εἶναι,
876 4839 1029 4912 [τῶν]
1069 4839 1440 4910 στρατοπέδων
1476 4840 1576 4892 οὑκ
1617 4841 1805 4903 ὄντων,
1837 4843 1897 4893 οὑ
1931 4842 2048 4895 δια-

480 4928 737 5000 δήματος,
763 4925 857 4994 οὑχ
885 4922 1218 4994 ἀλουργίδος,
1244 4923 1304 4974 οὑ
1332 4923 1438 4975 τῶν
1477 4923 1650 4976 ἄλλων
1678 4925 1783 4976 τῶν
1813 4925 1911 4988 τὴν
1951 4925 2050 4993 βα-

487 5010 690 5063 σιλείαν
724 5005 1196 5078 συγκροτούντων’
1249 5005 1420 5068 οὑτως
1469 5007 1590 5058 οὑδέ
1651 5007 1799 5078 ἱερέα
1827 5007 2049 5063 δυνατὸν

484 5089 644 5155 εἶναι,
678 5091 866 5153 θυσίας
907 5088 1274 5160 ἀνῃρημένης,
1297 5092 1608 5159 προσφορᾶς
1640 5091 2045 5163 κεκωλυμένης,

479 5177 586 5230 τῶν
616 5176 782 5244 ἁγίων
806 5172 1227 5242 πεπατημένων,
1249 5172 1340 5225 τοῦ
1369 5173 1644 5243 σχήματος
1678 5174 1876 5236 παντὸς
1909 5177 2050 5244 ἠφα-

480 5258 766 5328 νισμένουθ
799 5259 832 5326 ἡ
865 5255 972 5326 γάρ
1006 5255 1270 5328 ἱερωσύνη
1331 5259 1386 5310 ἐν
1440 5258 1647 5323 τούτοις
1703 5261 1905 5314 ἅπασιν
1955 5258 2043 5332 ἦν.

483 5343 679 5410 Ἤρκει
706 5340 802 5410 μὲν
834 5334 925 5392 οῦν
945 5380 959 5402 ,
999 5340 1133 5411 ὅπερ
1165 5341 1334 5410 ἔφθην
1365 5340 1552 5402 εἰπὼν,
1604 5343 1738 5412 πρὸς
1777 5343 2048 5409 ἀπόδειξιν

485 5426 610 5495 ημῖν
646 5413 739 5477 τοῦ
778 5424 914 5493 μήτε
943 5423 1168 5489 θυσίας,
1219 5427 1355 5496 μήτε
1405 5426 1850 5498 ὁλοκαυτώματα,
1910 5432 2046 5500 μήτε

485 5509 605 5570 τοὺς
657 5506 875 5570 λοιποὺς
921 5508 1256 5580 καθαρμοὺς,
1299 5512 1432 5579 μήτε
1489 5509 1617 5563 ἀλλο
1654 5511 1804 5584 [664]
1855 5530 1906 5566 τι
1943 5513 2044 5584 τῆς

539 5741 570 5770 ⁸
589 5741 686 5791 Alﬁ
707 5741 880 5805 ἐπιχέει
900 5746 951 5792 el
973 5742 1196 5798 ἐπιθήσει.

1197 305 1254 359 S.
1296 303 1581 358 JOANNIS
1619 301 2048 358 CHRYSOSTO!

2158 301 2469 358 MKCHIEP.
2511 301 3070 372 (ΣΟΝΞΤΑΝΤΙΝΟΡ,

2169 410 2462 480 Ἰουδαϊκῆς
2487 411 2760 475 πολιτείας
2790 411 3076 482 ἐπανήξειν
3096 431 3107 443 ·
3141 414 3337 468 ’λοιπον
3379 415 3411 484 ή
3453 415 3725 484 ἀπόδειξις

2151 493 2243 545 τοῦ
2293 495 2492 564 μηκέτι
2530 495 2825 564 στήσεσθαι
2868 497 2958 550 τὸν
2999 497 3145 550 ναόν.
3199 499 3409 570 ’Ὠσπερ
3461 503 3572 570 γὰρ
3625 504 3728 557 οὑκ

2153 577 2303 639 ὄντος
2329 576 2518 662 τούτρυ
2554 577 2647 629 νῦν
2678 580 2852 631 πάντα
2881 578 3170 650 ἀνῄρηται,
3200 582 3302 634 κᾶν
3328 581 3458 654 δοκῇ
3496 603 3548 636 τι
3579 586 3720 653 γίνεο

2154 658 2299 716 σθαι,
2331 658 2662 730 παρανόμως
2691 660 2951 730 τολμᾶται
2971 679 2984 691 ο
3011 661 3182 725 οὑτως
3218 664 3600 729 ἀποδείξαντος
3635 668 3726 720 τοῦ

2152 741 2311 811 λόγου
2338 745 2417 797 ὅτι
2455 744 2710 796 οὑδέποτε
2741 744 2994 815 ἐπανήξει
3021 746 3156 816 πρὸς
3195 747 3256 798 τὸ
3280 749 3480 801 οἰκεῖον
3517 751 3727 820 σχῆμα,

2154 825 2374 879 κάκεῖνο
2419 827 2914 891 συναποδέδεικται,
2945 829 3026 880 ὅτι
3064 828 3188 882 οῦτε
3233 832 3266 901 ἡ
3307 830 3466 901 λοιπὴ
3501 832 3729 903 λατρεία

2152 910 2288 979 πρὸς
2313 912 2412 981 τὴν
2438 912 2711 982 προτέραν
2745 911 3003 983 ἐπανήξει
3033 915 3364 968 κατάστασιν
3395 915 3556 968 πάλιν
3576 959 3592 981 ,
3630 919 3728 986 οὑχ

2155 993 2332 1058 ἱερεὺς
2377 994 2530 1046 ἔσται
2574 1013 2692 1060 τις,
2726 998 2786 1049 οὑ
2835 997 3104 1067 βασιλεύς.
3138 999 3199 1050 Εἰ
3230 998 3336 1067 γάρ
3375 1001 3489 1062 τοῖς
3534 1003 3599 1052 ἐκ
3632 1001 3726 1052 τοῦ

2154 1078 2464 1147 σπέρματος
2491 1079 2687 1143 αὑτῶν,
2728 1081 2829 1133 κάν
2849 1097 2930 1144 τις
2955 1077 3022 1152 ἦν
3054 1081 3161 1134 τῶν
3194 1082 3596 1146 ἰδιωτευόντων,
3629 1085 3728 1136 οὑκ

2152 1162 2333 1228 ἐφεῖτο
2346 1161 2476 1229 γοῦν
2501 1162 2782 1232 λατρεύειν
2800 1163 3320 1234 ἀλλογενέσι,-πολλῴ
3343 1165 3542 1233 μᾶλλον
3562 1165 3728 1218 αὑτὸν

2152 1243 2242 1296 τὸν
2279 1244 2500 1314 βασιλέα
2531 1246 2848 1300 ὑποκεῖσθαι
2880 1247 3104 1316 ἑτέροις,
3146 1246 3301 1316 θέμις
3335 1248 3435 1300 οὑκ
3457 1243 3545 1318 ἦν.
3577 1249 3730 1317 Πλὴν

2153 1326 2269 1381 ἀλλ’
2296 1328 2482 1400 ἐπειδὴ
2504 1327 2653 1397 ἀγὼν
2682 1332 2812 1401 ημῖν
2835 1331 2947 1382 ἐστι
2976 1330 3070 1381 καὶ
3100 1329 3322 1401 σπουδὴ,
3351 1332 3451 1384 οὑκ
3481 1330 3730 1394 ἐκείνους

2155 1412 2501 1483 ἐπιστομίσαι
2558 1414 2741 1484 μόνον,
2789 1413 2925 1466 ἀλλά
2954 1415 3046 1467 καὶ
3076 1413 3172 1483 τὴν
3201 1414 3473 1485 ὑμετέραν
3501 1416 3729 1483 ἀγάπην

2157 1496 2396 1564 σοφίσαι,
2425 1496 2554 1567 φέρε
2574 1495 2731 1548 τοῦτο
2757 1496 2885 1548 αὑτὸ
2917 1495 3177 1566 ἑτέρωθεν
3199 1497 3592 1568 ἀποδείξωμεν,
3616 1492 3729 1550 οἷον

2154 1579 2236 1630 ὅτι
2258 1580 2350 1631 καὶ
2379 1579 2446 1632 τά
2481 1581 2588 1632 τῶν
2621 1579 2840 1639 θυσιῶν,
2870 1579 2962 1631 καὶ
3001 1579 3068 1630 τά
3096 1580 3195 1647 τῆς
3226 1580 3523 1651 ἱερωσύνης
3545 1581 3727 1634 αὑτῶν

2157 1662 2449 1726 πέπαυται,
2469 1663 2542 1725 ὡς
2575 1665 2770 1733 μηκέτι
2800 1663 2961 1713 πάλιν
2991 1662 3304 1714 ἐπανελθεῖν
3323 1664 3413 1715 ἐπὶ
3437 1663 3498 1714 τὸ
3526 1664 3724 1733 πρότε-

2160 1761 2249 1813 ρον
2292 1744 2430 1806 ἔθος.
2485 1745 2581 1806 Τίς
2623 1741 2715 1797 οὑν
2747 1745 2916 1797 ταῦτά
2963 1761 3157 1815 quam;
3202 1746 3258 1798 ὐ
3291 1745 3598 1815 θαυμαστὸς
3631 1747 3727 1800 καὶ

2160 1821 2331 1897 μέγας
2357 1830 2640 1898 προφήτης
2675 1828 2853 1880 Δαυῖδ.
2887 1823 3052 1890 Οὗτος
3081 1829 3187 1899 γάρ
3211 1829 3384 1899 δηλῶν
3412 1831 3492 1882 ὃτι
3524 1830 3726 1884 θυσιῶν

2155 1916 2187 1982 ή
2229 1913 2324 1981 μὲν
2353 1910 2706 1964 ἐκϐάλλεσθαι
2739 1911 2942 1980 μέλλει,
2988 1913 3020 1982 ή
3061 1912 3118 1964 δέ
3170 1912 3506 1981 εἰσάγεσθαι,
3553 1913 3726 1977 οὕτως

2156 1993 2336 2060 ἔλεγε⁶
2368 1994 2573 2046 Πολλὰ
2601 1993 2916 2061 ἐποίησας,
2963 1994 3066 2056 σὺ,
3101 1996 3278 2063 Κύριε
3327 1999 3359 2049 ό
3406 1998 3551 2062 Θεός
3579 2014 3722 2066 μου,

2156 2079 2228 2131 τὰ
2259 2076 2561 2146 θαυμάσια
2576 2094 2712 2142 σου,
2747 2077 2845 2131 καί
2885 2077 3010 2144 τοῖς
3035 2078 3442 2148 διαλογισμοῖς
3468 2096 3586 2133 σου
3613 2083 3727 2134 οὐκ

2155 2161 2287 2215 ἐστι
2327 2162 2418 2226 τίς
2457 2159 2883 2229 ὀμοιωθήσεταί
2905 2178 3002 2215 σοι
3023 2178 3034 2191 ·
3079 2162 3412 2232 ἀπήγγειλα
3447 2165 3545 2216 καὶ
3579 2163 3723 2218 ἐλά-

2155 2249 2342 2312 λησα.
2371 2245 2512 2315 Ὅρα
2539 2245 2728 2312 σοφίαν
2759 2248 3056 2315 προφήτου.
3091 2246 3298 2309 Εἰπὼν,
3323 2250 3533 2302 Ilo.le
3563 2250 3726 2303 ἐποί-

2159 2346 2312 2396 ησας
2348 2328 2428 2381 σὺ
2451 2372 2464 2392 ,
2504 2331 2679 2395 Κύριε
2717 2331 2750 2381 ὁ
2781 2331 2925 2395 Θεός
2955 2347 3096 2397 μου,
3140 2331 3211 2382 τὰ
3236 2331 3539 2400 θαυμάσια
3584 2350 3722 2400 σου,

2154 2413 2249 2465 καὶ
2287 2411 2579 2478 ἐκπλαγεὶς
2626 2410 2723 2482 τὴν
2754 2411 2848 2463 τοῦ
2875 2411 3005 2464 Θεοῦ
3044 2412 3517 2484 θαυματουργίαν,
3573 2416 3724 2469 οὑδέν

2157 2495 2283 2565 περὶ
2310 2494 2408 2563 τῆς
2431 2493 2716 2566 ὁρωμένης
2749 2495 2880 2565 ἡμῖν
2909 2494 3216 2563 διαλέγεται
3255 2497 3516 2560 κτίσεως,
3561 2499 3725 2569 οὑραο

2156 2580 2246 2633 νοῦ
2267 2580 2359 2632 καὶ
2383 2580 2484 2648 γῆς
2521 2581 2614 2632 καὶ
2647 2578 2914 2648 θαλάττης
2953 2581 3048 2632 καὶ
3084 2579 3273 2644 ὓδατος
3323 2581 3415 2634 καὶ
3444 2582 3639 2653 πυρὸς,
3663 2583 3724 2634 οὑ

2157 2665 2286 2735 περί
2313 2664 2421 2715 τῶν
2459 2664 2576 2714 κατ’
2607 2664 2880 2729 Αἴγυπτον
2911 2663 3214 2733 γενομένων
3236 2664 3553 2736 παραδόξων
3578 2667 3727 2718 ἐκεί-

2157 2764 2261 2800 νων
2303 2746 2617 2817 θαυμάτων,
2654 2746 2714 2798 οὑ
2749 2747 2877 2816 περὶ
2911 2745 3084 2800 ἄλλων
3129 2747 3289 2801 τινῶν
3325 2747 3582 2816 τοιούτων
3623 2767 3726 2819 ση-

2159 2831 2346 2900 μείων,
2371 2829 2505 2882 ἀλλά
2533 2828 2659 2882 τίνα
2683 2831 2816 2898 φησί
2849 2829 3134 2901 θαυμαστά
3160 2827 3325 2895 εἴναι;
3363 2832 3595 2886 Θυσίαν
3623 2833 3725 2886 καί

2159 2914 2186 2954 δ
2212 2913 2567 2982 προσφορὰν
2591 2915 2701 2967 οὐκ
2726 2913 3053 2982 ἠθέλησας.
3087 2915 3151 2968 Τί
3185 2914 3392 2982 λέγεις;
3433 2916 3555 2968 εἰπέ
3594 2933 3688 2986 μοι
3707 2932 3724 2949 ο

2153 2997 2312 3050 τοῦτό
2333 3000 2448 3050 ἐστι
2467 2996 2527 3050 τὸ
2551 2997 2849 3066 παράδοξον
2877 3000 2972 3052 καὶ
2994 2999 3332 3069 θαυμαστόνς
3362 2998 3517 3068 Οὐχὶ,
3537 2997 3724 3068 φησιν’

2156 3081 2214 3133 οὑ
2248 3080 2355 3151 γὰρ
2380 3080 2444 3151 δὴ
2468 3079 2626 3133 τοῦτο
2650 3083 2806 3150 μόνον
2823 3076 3130 3148 εἷδεν,ἀλλά
3152 3085 3505 3153 προφητικοῖς
3519 3082 3727 3137 ἀνωθεν

2157 3163 2488 3235 καταμαθὼν
2517 3163 2812 3234 ὀφθαλμοῖς
2837 3165 2936 3235 τὴν
2984 3165 3092 3218 τῶν
3139 3165 3306 3218 ἐθνῶν
3339 3167 3725 3238 προσαγωγὴν,

2158 3250 2250 3301 καὶ
2277 3249 2391 3312 πῶς
2406 3249 2454 3300 οἰ
2474 3251 2583 3312 τοῖς
2603 3248 2742 3312 θεοῖς
2766 3248 3195 3320 προσηλωμένοι,
3224 3249 3315 3302 καὶ
3331 3248 3727 3320 θεραπεύοντες

2157 3331 2357 3394 λίθους,
2414 3333 2507 3386 καὶ
2562 3332 2669 3384 τῶν
2730 3331 2938 3400 ἀλόγων
2997 3333 3322 3404 ἀθλιώτερον
3368 3333 3724 3404 διακείμενοι,

2158 3417 2415 3486 ἐξαίφνης
2446 3415 2764 3485 ἀνέϐλεψαν,
2807 3418 2900 3469 καὶ
2925 3417 3014 3470 τὸν
3047 3417 3154 3469 τῶν
3184 3419 3434 3471 ἁπάντων
3480 3420 3726 3488 ἐπέγνω-

2161 3515 2258 3551 σαν
2275 3498 2570 3568 Δεσπότην,
2598 3501 2690 3551 καὶ
2712 3498 2808 3569 τὴν
2827 3499 3029 3569 μιαρὰν
3053 3499 3162 3552 τῶν
3184 3500 3448 3570 δαιμόνων
3471 3501 3725 3572 λατρείαν

2159 3583 2409 3650 ἀφέντες,
2470 3581 2722 3652 καθαρῶς
2755 3583 2850 3636 καὶ
2900 3585 3170 3654 ἀναιμωτί
3215 3585 3304 3638 τὸν
3359 3586 3490 3638 Θεὸν
3534 3587 3728 3658 ἐθερά-

2159 3683 2350 3719 πευον·
2386 3665 2479 3717 καὶ
2528 3665 2607 3717 ἐτι
2635 3666 2859 3720 συνιδὼν
2880 3668 2961 3720 ὅτι
3000 3668 3100 3721 οὑκ
3139 3669 3332 3721 ἐκεῖνοι
3369 3671 3550 3740 μόνον,
3593 3671 3729 3723 ἀλλά

2156 3751 2252 3825 ¹καὶ
2274 3751 2322 3803 οἰ
2365 3749 2605 3802 Ἰουδαῖοι
2633 3752 2683 3802 οἱ
2735 3751 3086 3821 ἀτελέστερον
3113 3751 3465 3824 διακείμενοι,
3504 3755 3607 3826 τὴν
3639 3755 3729 3811 διὰ

2159 3833 2356 3888 θυσιῶν
2392 3833 2486 3887 καὶ
2519 3833 2986 3905 ὁλοκαυτωμάτων
3025 3837 3119 3888 καὶ
3155 3836 3262 3889 τῶν
3289 3837 3462 3890 ἀλλων
3490 3840 3601 3892 τῶν
3625 3857 3728 3893 σω-

2161 3917 2405 3989 ματικῶν
2435 3917 2664 3986 ἀφέντες
2699 3917 3013 3990 θεραπείαν,
3048 3920 3140 3971 ἐπὶ
3172 3919 3268 3990 τὴν
3324 3923 3602 3991 ἡμετέραν
3635 3924 3731 3977 καὶ

2158 3995 2303 4056 οῦτοι
2331 4001 2648 4070 φιλοσοφίαν
2676 4002 2920 4073 ἦχθησαν
2939 4019 2953 4032 ο
2978 4003 3072 4055 καὶ
3087 4003 3442 4074 λογισάμενος
3472 4006 3573 4078 τὴν
3594 4008 3731 4077 ἄφα-

2157 4103 2246 4138 τον
2265 4084 2358 4137 τοῦ
2381 4085 2513 4136 Θεοῦ
2533 4085 2938 4154 φιλανθρωπίαν
2958 4086 3054 4152 τὴν
3075 4086 3500 4157 ὑπερδαίνουσαν
3513 4090 3731 4144 ἅπαντα

2158 4168 2303 4234 νοῦν,
2338 4168 2432 4221 καὶ
2473 4167 2763 4236 ἐκπλαγεὶς
2789 4167 2886 4239 ὅση
2920 4167 3026 4220 τῶν
3056 4171 3398 4238 πραγμάτων
3413 4173 3609 4240 γέγονε
3638 4191 3734 4243 με·

2157 4252 2382 4323 ταὸολὴ;
2414 4253 2507 4306 καὶ
2541 4251 2654 4315 πῶς
2688 4250 2827 4304 αὑτά
2851 4251 3272 4324 μετερρύθμισε,
3300 4254 3390 4306 καὶ
3406 4256 3515 4306 ἀπὸ
3536 4256 3730 4326 δαιμό-

2157 4354 2262 4391 νων
2293 4335 2556 4404 ἀγγέλους
2587 4335 2712 4397 τοὺς
2750 4332 3069 4405 ἀνθρώπους
3095 4336 3406 4406 εἰργάσατο,
3456 4339 3550 4391 καὶ
3583 4342 3732 4392 πολι-

2156 4419 2303 4473 τείαν
2371 4421 2632 4490 εἰσήγαγε
2701 4416 2808 4470 τῶν
2877 4417 3119 4487 οὐρανῶν
3189 4421 3343 4486 ἀξίαν
3403 4423 3618 4491 (ταῦτα
3673 4425 3730 4478 δέ

2158 4504 2371 4555 ἅπαντα
2441 4502 2687 4568 ἐγένετο,
2754 4501 2854 4572 τῆς
2908 4503 3141 4566 παλαιᾶς
3186 4503 3582 4576 καταλυθείσης
3637 4507 3731 4559 θυ-

2160 4586 2318 4650 σίας,
2377 4585 2469 4637 καὶ
2536 4587 2730 4656 ἐτέρας
2791 4585 3236 4657 ἐπεισαχθείσης,
3308 4587 3406 4657 τῆς
3478 4588 3568 4640 διά
3636 4589 3730 4642 τοῦ

2160 4667 2408 4740 σώματος
2461 4668 2554 4721 τοῦ
2617 4669 2907 4740 Χριστοῦ),
2942 4669 3238 4737 ἐκπλαγεὶς
3288 4671 3380 4723 καὶ
3440 4669 3730 4742 θαυμάσας

2157 4752 2309 4821 ἔλεγε
2327 4770 2341 4784 °
2379 4753 2581 4806 Πολλὰ
2607 4753 2904 4819 ἐποίησας
2939 4754 3041 4819 σὺ,
3070 4754 3248 4821 Κύριε
3268 4757 3300 4807 ό
3325 4755 3467 4820 Θεός
3495 4757 3730 4824 μου,τά

2157 4834 2454 4904 θαυμάσια
2489 4852 2625 4889 σου.
2670 4837 2778 4889 Καὶ
2822 4837 2903 4888 ὃτι
2935 4837 2997 4888 ἐκ
3031 4836 3324 4908 προσώπου
3357 4837 3450 4891 τοῦ
3488 4840 3729 4910 Χριστοῦ

2155 4919 2252 4989 τὴν
2286 4919 2621 4990 προφητείαν
2653 4918 2852 4988 ταύτην
2879 4920 3096 4973 ἃπασαν
3132 4920 3386 4991 προλέγει
3425 4932 3476 4986 ε,
3521 4922 3729 4987 εἰπὼν,

2159 5003 2388 5055 Θυσίαν
2420 5001 2514 5054 καί
2548 5002 2899 5071 προσφορὰν
2931 5005 3039 5056 οὐκ
3083 5004 3412 5070 ἠθέλησας,
3455 5006 3728 5076 ἐπήγαγε,

2156 5084 2328 5154 Σῶμα
2366 5083 2432 5136 δὲ
2461 5087 2795 5154 κατηρτίσω
2821 5104 2958 5155 μοι·
3001 5086 3063 5138 τὸ
3090 5085 3241 5158 [ϋϐὸ]
3275 5086 3432 5157 σῶμα
3466 5086 3644 5156 λέγων
3676 5091 3740 5154 τὸ,

2155 5168 2491 5229 δεσποτικὸν,
2530 5169 2628 5240 τὴν
2672 5169 2855 5240 κοινὴν
2893 5169 3034 5240 ὑπὲρ
3068 5171 3164 5241 τῆς
3204 5172 3529 5242 οἰκουμένης
3576 5191 3731 5241 γενο-

2159 5253 2323 5322 μένην
2352 5253 2562 5315 θυσίαν,
2588 5255 2622 5323 ἢ
2654 5253 2750 5316 τὰς
2773 5255 2949 5324 ψυχὰς
2971 5254 3125 5325 ἡμῶν
3155 5255 3474 5327 ἐξεκάθηρε,
3504 5259 3602 5312 καὶ
3632 5261 3728 5322 τὰς

3023 5512 3033 5524 \
3111 5511 3216 5527 ~\\'
3289 5513 3300 5527 Ὁ

2215 5504 2245 5573 ι)
2266 5506 2362 5556 Alii
2390 5509 2616 5573 σημείων,
2637 5508 2780 5573 mia
2801 5511 3045 5570 θαυμαστά
3071 5511 3244 5573 μᾶλλόν
3266 5513 3372 5558 εἰσι’
3386 5509 3538 5558 ταῦτα
3564 5511 3731 5573 λέγων,

2155 5570 2376 5630 ἐπήγαγε,
2401 5571 2577 5617 θυσίαν
2619 5571 2713 5618 καί.

2217 5633 2250 5696 θ,
2273 5631 2636 5696 ’.Ακουσονροει
2657 5634 2890 5694 προλέγει,
2917 5634 3100 5695 legitur
3120 5635 3169 5682 in
3195 5634 3498 5696 Morelmsgd
3519 5633 3668 5696 deest
3685 5633 3734 5682 in

2154 5694 2324 5740 multis
2347 5706 2460 5760 mss.
2500 5693 2616 5760 δον.
2645 5693 2790 5760 (fliam
2815 5693 3042 5760 ἄκουσον,
3071 5697 3213 5746 εἰπὼν
3241 5697 3343 5758 γάρ.
3372 5693 3520 5746 'lnfra
3547 5695 3736 5760 aliquot

2157 5767 2270 5803 mss.
2293 5756 2468 5809 καὶτὰς
2490 5756 2718 5818 ἁμαρτίας
2737 5758 2981 5806 κατέδυσε.
