3832 6244
126 339 231 396 917

138 453 357 517 legerent
400 445 569 514 legem
594 484 609 507 ,
654 452 709 499 et
745 443 1067 497 advocarent
1107 440 1513 495 confessionem.
1554 438 1685 495 Cum

134 544 283 612 igitur
320 555 387 592 ne
426 538 525 606 legi
564 536 773 605 quidem
814 535 897 590 lex
932 534 1161 603 potuerit
1196 544 1346 587 extra
1384 532 1683 594 civitatem,

134 629 385 702 quomodo
425 629 593 698 legem
632 642 844 681 servare
882 635 1163 695 potuerunt
1199 634 1346 677 extra
1379 623 1687 677 civitatem?

128 727 269 779 llauc
294 722 361 775 ob
384 735 593 774 causam
634 728 689 773 et
717 718 963 771 minitans
1005 716 1104 769 illis
1133 715 1258 768 dicit
1282 755 1297 779 ,
1334 712 1453 767 Non
1481 714 1686 767 uisitabo

134 819 256 886 ﬁlias
281 822 484 877 vestras,
515 827 628 863 cum
654 820 884 879 stuprum
907 806 1217 869 admiserint,
1245 821 1401 869 neque
1424 820 1577 857 nurus
1602 819 1685 855 ve-

124 922 269 971 stras,
295 920 408 957 cum
435 901 691 955 mazchatat
715 901 901 969 fuerint
926 898 1076 970 (Osee
1121 892 1176 951 ὅ.
1208 896 1318 965 14).
1349 895 1484 962 Quid
1508 904 1685 949 autem

133 1001 223 1054 hoc
249 996 372 1051 est?
401 995 635 1049 Recitata
664 993 830 1048 veteri
867 993 982 1061 lege
1009 990 1241 1046 conabor
1283 988 1433 1043 vobis
1462 988 1687 1043 reddere

130 1087 414 1144 dilucidius.
460 1086 589 1151 Quae
631 1083 788 1152 igitur
832 1082 919 1135 illa
962 1081 1086 1136 lex?
1126 1080 1186 1135 Si
1223 1080 1441 1144 mulier,
1481 1080 1681 1148 inquit,

129 1178 443 1248 pi'wvaricata
473 1176 621 1244 fuerit
645 1190 677 1225 a
702 1175 805 1227 viro
830 1189 945 1238 suo,
975 1188 1183 1241 eumque
1207 1173 1458 1242 negligens
1505 1171 1683 1241 despe-

126 1272 281 1333 xerit,
322 1268 674 1334 dormieritque
709 1264 892 1332 aliquis
931 1280 1046 1317 cum
1084 1265 1175 1317 illa
1209 1266 1343 1316 coitu
1373 1264 1608 1329 seminis,
1640 1274 1686 1316 et

128 1361 317 1416 latuerit
345 1359 516 1413 oculos
544 1358 658 1421 uiri,
686 1373 775 1409 nec
806 1356 941 1408 testis
965 1356 1113 1424 fuerit
1143 1354 1379 1407 adversus
1406 1352 1568 1419 illam,
1600 1371 1687 1407 nec

127 1454 268 1523 fuerit
309 1450 618 1521 deprehensa
651 1466 669 1503 :
697 1466 757 1501 ac
782 1464 934 1518 super
956 1448 1119 1517 ipsum
1148 1446 1349 1517 quidem
1374 1448 1557 1500 venerit
1582 1448 1687 1515 spi-

125 1547 244 1597 ritus
264 1543 548 1612 selatypiw,
570 1542 682 1611 ipsa
706 1556 820 1594 vero
846 1556 945 1592 non
974 1540 1121 1610 fuerit
1147 1540 1482 1591 contaminata
1500 1538 1681 1608 (Nunt.

125 1640 173 1693 5.
205 1637 286 1692 12.
318 1636 428 1705 14).
469 1633 884 1690 Ξειιειιεοιιοΐιιιιι
916 1632 1195 1686 verborum
1222 1631 1309 1685 hic
1332 1640 1414 1685 est
1443 1650 1456 1686 :
1485 1630 1538 1688 Si
1566 1648 1684 1685 mu-

122 1735 233 1793 lier,
265 1730 455 1800 inquit,
486 1728 745 1783 mmchata
773 1726 950 1790 fuerit,
978 1737 1032 1781 et
1060 1725 1139 1779 vir
1162 1723 1353 1779 habeat
1374 1724 1517 1778 illam
1537 1724 1683 1778 adul-

128 1824 237 1879 terii
277 1832 575 1891 suspectam
599 1861 615 1886 ,
646 1830 738 1874 aut
777 1836 883 1874 non
924 1818 1084 1873 fuerit
1122 1818 1422 1884 mtechata,
1466 1818 1560 1873 sed
1599 1819 1685 1873 ille

122 1916 408 1984 suspicetur
433 1933 446 1968 :
469 1923 522 1969 et
549 1914 593 1968 si
622 1928 727 1967 non
767 1912 925 1966 fuerit
959 1913 1142 1977 testis,
1182 1927 1280 1966 nec
1319 1922 1501 1966 uterus
1530 1926 1683 1964 coar-

122 2024 278 2080 guens
312 2026 325 2061 :
357 2007 512 2061 Ducet
531 2049 545 2071 ,
575 2008 745 2077 inquit
761 2050 776 2072 ,
804 2006 947 2060 illam
974 2005 1042 2058 ad
1065 2008 1370 2059 sacerdotem
1392 2047 1407 2073 ,
1439 2016 1484 2059 et
1510 2005 1681 2072 oﬂ'eret

121 2104 298 2154 donum
327 2099 484 2165 illius,
515 2100 840 2152 hordeaceam
866 2099 1084 2166 farinam
1112 2095 1310 2167 (Num.
1338 2097 1392 2152 5.
1422 2098 1489 2151 15
1507 2098 1550 2165 ).
1576 2096 1683 2152 Cur

121 2194 191 2246 ita
232 2191 443 2245 tandem
482 2206 587 2244 non
627 2190 953 2259 siligineum,
988 2204 1093 2243 non
1121 2187 1379 2242 triticeam
1420 2189 1677 2255 farinam,

122 2283 211 2337 sed
240 2282 625 2337 hordeaceam?
651 2282 908 2348 Quoniam
935 2281 988 2335 id
1015 2281 1156 2351 quod
1181 2280 1482 2350 gerebatur,
1513 2282 1682 2338 luctus

118 2386 225 2431 erat
245 2417 260 2441 ,
289 2386 347 2431 et
374 2376 631 2431 incusatio
656 2377 990 2446 suspicioque
1020 2391 1175 2445 prava
1196 2418 1209 2439 ,
1242 2374 1410 2429 forma
1436 2376 1680 2431 sacrificii

115 2468 451 2523 domesticam
469 2471 821 2524 calamitatem
849 2470 1171 2536 imitabatur,
1191 2484 1360 2539 eoque
1380 2469 1536 2524 dicit:
1559 2469 1680 2525 Non

113 2558 332 2625 e/I'undes
371 2576 519 2629 super
559 2559 701 2613 illam
738 2562 935 2627 oleum,
979 2576 1137 2630 neque
1176 2561 1398 2629 impones
1436 2560 1514 2614 illi
1543 2561 1677 2615 thus.

113 2648 300 2704 Deinde
339 2652 359 2720 (
381 2666 501 2704 nam
527 2649 923 2705 contrahendus
948 2660 1032 2705 est
1054 2651 1269 2723 sermo)
1295 2651 1508 2705 adducet
1536 2651 1680 2705 illam

111 2748 370 2813 sacerdos,
400 2755 667 2813 sumetque
683 2760 861 2811 puram
883 2759 1066 2812 aquam
1092 2744 1144 2796 in
1170 2759 1283 2796 vase
1306 2744 1450 2809 ﬁctili
1471 2788 1487 2808 ,
1516 2755 1564 2797 et
1593 2761 1680 2798 su-

114 2842 204 2885 met
219 2833 278 2887 de
300 2843 454 2899 terra,
475 2849 588 2903 qua:
598 2844 674 2887 est
689 2834 740 2885 in
767 2834 1064 2902 pavimento,
1087 2847 1431 2903 sumptumque
1449 2837 1679 2906 conjiciat

114 2925 163 2975 in
190 2940 369 2992 aquam
392 2965 405 2988 ,
432 2934 711 2993 statuetque
738 2923 993 2979 mulierem
1018 2966 1033 2991 ,
1065 2938 1111 2977 et
1141 2926 1394 2993 udjurabit
1424 2928 1601 2993 illam,
1631 2940 1677 2981 et

113 3014 271 3067 dicet:
290 3016 336 3068 si
363 3032 462 3068 non
487 3033 538 3070 es
592 3026 920 3086 transgressa,
944 3033 1032 3069 nec
1057 3016 1251 3086 polluta
1274 3018 1378 3071 viro
1405 3027 1511 3081 tuo,
1538 3019 1678 3073 salva
1710 3048 1715 3053 -

113 3114 208 3157 esto
232 3105 293 3157 ab
319 3122 453 3175 aqua
480 3105 868 3176 redargutionis.
917 3105 1063 3171 Quod
1102 3107 1145 3159 si
1185 3118 1492 3177 transgressa
1526 3125 1581 3163 es
1616 3126 1677 3163 ac

112 3197 316 3264 polluta,
338 3208 382 3250 et
403 3198 584 3267 aliquis
606 3208 765 3250 tecum
785 3198 1045 3251 concubuit
1062 3209 1241 3268 praeter
1258 3203 1491 3252 maritum
1513 3212 1671 3265 tuum,

112 3290 186 3341 det
207 3288 456 3342 Dominus
480 3300 527 3342 te
548 3290 600 3342 in
621 3290 1004 3342 exsecrationem
1025 3306 1083 3341 ac
1103 3290 1473 3344 detestationem
1497 3292 1547 3343 in
1569 3309 1669 3344 nte-

112 3380 186 3431 dio
205 3379 380 3450 populi
401 3378 507 3449 (Ib.
526 3396 571 3433 υ.
603 3381 688 3433 15.
717 3380 868 3449 sqq.).
894 3379 1026 3445 Quid
1054 3389 1154 3446 est,
1179 3380 1230 3433 in
1248 3382 1664 3435 exsecrationem

111 3488 167 3523 ac
191 3471 635 3525 detestationem?
666 3470 731 3525 Ut
761 3472 932 3525 dicant
954 3513 967 3537 ,
1000 3487 1066 3525 ne
1104 3471 1233 3524 mihi
1268 3472 1501 3536 accidat,
1531 3474 1671 3541 quod

110 3563 289 3615 accidit
317 3562 395 3616 illi
420 3562 627 3616 mulieri
661 3579 673 3614 :
705 3561 771 3616 Ut
809 3562 985 3617 reddat
1017 3561 1264 3617 Dominus
1304 3573 1498 3618 uterum
1534 3574 1674 3618 tuum

108 3656 390 3723 diruptam,
423 3665 468 3708 et
510 3654 813 3725 ingredietur
854 3672 984 3725 aqua
1022 3665 1310 3721 exsecrata,
1336 3657 1672 3727 ut'diruntpat

110 3757 317 3799 uentrem
345 3755 507 3809 tuum,
534 3757 579 3798 et
607 3746 734 3798 dicet
755 3747 952 3812 mulier,
982 3747 1092 3814 ﬁat,
1121 3749 1231 3815 ﬁat.
1263 3747 1329 3800 Et
1350 3748 1461 3812 erit,
1491 3749 1534 3802 si
1563 3754 1673 3819 [ue-

108 3839 165 3889 rit
192 3839 407 3906 polluta,
440 3837 743 3907 ingredietur
770 3854 901 3908 aqua
925 3838 1318 3913 redargutionis,
1349 3849 1396 3892 et
1423 3839 1672 3909 dirumpet

111 3941 317 3983 ventrem
347 3931 486 3984 illius
511 3971 525 3996 ,
558 3941 601 3982 et
628 3931 721 3983 erit
751 3931 930 3984 mulier
957 3931 1289 3984 exsecrabilis.
1325 3932 1472 3997 Quod
1501 3933 1545 3986 si
1571 3950 1670 3987 non

110 4024 253 4089 luerit
280 4023 478 4091 polluta
504 4023 681 4074 mulier
702 4061 716 4084 ,
745 4022 836 4074 erit
861 4022 1073 4074 innocua
1091 4063 1107 4089 ,
1136 4032 1181 4074 et
1203 4023 1563 4090 proseminabit
1590 4041 1671 4077 se-

109 4129 211 4165 men
234 4112 392 4185 (1b.).
410 4114 666 4179 Quoniam
693 4113 848 4183 igitur
870 4129 988 4168 cum
1017 4114 1069 4167 in
1086 4115 1438 4183 captivitatem
1460 4115 1670 4171 abducti

108 4215 278 4260 essent
302 4246 318 4271 ,
350 4205 482 4259 nihil
515 4206 700 4258 horum
733 4205 842 4260 fieri
877 4215 1117 4275 poterat,
1149 4222 1267 4261 cum
1298 4223 1396 4261 nec
1420 4209 1668 4276 templum

110 4307 244 4352 esset
270 4315 374 4353 nec
401 4314 491 4352 ara
513 4341 527 4364 ,
560 4315 657 4353 nec
689 4298 1077 4353 tabernaculum
1105 4298 1359 4353 haberent
1385 4314 1486 4353 nec
1512 4298 1671 4354 oll‘er-

108 4400 285 4445 rentur
314 4391 502 4445 hostia:
532 4408 543 4443 :
575 4390 828 4445 Dominus
856 4391 1185 4444 comminans
1212 4391 1342 4444 dixit
1366 4409 1378 4443 :
1404 4390 1527 4444 Non
1552 4393 1670 4445 visi-

107 4480 212 4531 tabo
238 4482 376 4549 ﬁlias
403 4492 621 4544 uestras,
653 4498 765 4534 cum
788 4494 1015 4551 stuprum
1041 4482 1332 4536 admiserint
1358 4498 1376 4536 :
1401 4500 1487 4536 nec
1514 4499 1670 4536 nurus

106 4584 303 4639 vestras,
328 4589 441 4625 cum
465 4574 721 4627 masc/tata:
746 4574 927 4642 fuerint
949 4573 1099 4645 (Osee
1146 4575 1198 4628 4.
1224 4576 1341 4649 Η).⁸

171 4666 224 4719 2.
266 4666 566 4721 Sacerdotes
594 4673 730 4733 apud
753 4665 960 4720 Judazos
979 4684 1083 4720 esse
1107 4684 1208 4721 non
1236 4677 1459 4737 possunt.
1482 4698 1552 4708 —
1579 4667 1670 4723 Vi-

105 4758 195 4813 des
228 4759 402 4829 legem
444 4775 473 4812 a
516 4759 631 4812 loco
669 4759 774 4812 vim
813 4758 1047 4814 habere?
1083 4760 1161 4813 Ex
1199 4759 1298 4813 hoc
1336 4761 1669 4828 perspicuum

104 4859 181 4902 est
207 4866 275 4904 ne
313 4850 644 4904 sacerdotem
673 4849 887 4918 quidem
917 4864 1033 4904 esse
1063 4864 1217 4919 posse
1236 4891 1250 4915 ,
1283 4868 1401 4904 cum
1430 4852 1566 4904 desit
1593 4852 1670 4904 ci-

104 4942 251 4995 vitas.
283 4941 739 5009 Quemadmodum
783 4941 923 4995 enim
957 4942 1069 4994 fieri
1100 4957 1207 4995 non
1242 4952 1450 5010 potest,
1480 4951 1538 4995 ut
1565 4942 1667 4995 lm-

103 5041 310 5097 perator
350 5032 453 5097 sit,
486 5032 529 5085 si
560 5047 663 5085 non
692 5030 761 5085 sit
795 5032 1057 5085 exercitus
1079 5074 1092 5097 ,
1120 5047 1223 5085 non
1263 5032 1500 5086 diadema
1522 5073 1536 5096 ,
1566 5049 1669 5086 non

102 5136 329 5191 purpura
356 5164 371 5189 ,
400 5138 504 5176 non
534 5124 635 5176 alia
675 5138 793 5192 qua:
822 5138 1040 5192 regnum
1075 5122 1398 5176 constituunt
1427 5141 1441 5176 :
1477 5124 1545 5177 ita
1575 5140 1672 5177 nec

102 5214 369 5269 sacrificus
397 5230 515 5269 esse
538 5225 712 5285 potest
740 5214 940 5269 sublata
972 5214 1162 5277 hostia,
1186 5216 1343 5268 vetita
1372 5215 1635 5270 oblatione
1652 5258 1666 5280 ,

104 5306 298 5360 salictis
319 5308 659 5373 conculcatis,
689 5316 798 5360 toto
822 5322 997 5361 rerum
1028 5317 1165 5360 statu
1191 5307 1405 5360 abolito.
1434 5306 1561 5361 Nam
1590 5308 1669 5359 his

104 5395 259 5451 rebus
288 5398 568 5451 constabat
596 5396 967 5452 sacerdotium.
1000 5396 1304 5451 Sufficiebat
1335 5398 1489 5467 igitur
1516 5397 1668 5451 nobis

100 5487 161 5539 ad
190 5488 578 5556 probationem,
603 5499 658 5543 ut
683 5489 808 5555 dixi,
837 5488 977 5558 quod
1004 5504 1173 5558 neque
1200 5489 1474 5554 sacrificia,
1497 5505 1667 5559 neque

101 5577 522 5633 holocautomata
546 5621 560 5644 ,
594 5595 761 5650 neque
787 5581 1001 5652 reliqua:
1038 5580 1425 5650 puriﬁcationes
1446 5622 1461 5647 ,
1496 5596 1666 5650 neque

102 5681 353 5736 pia-terea
407 5674 687 5743 quidquam
730 5675 923 5743 politis:
974 5674 1207 5729 Judaica:
1248 5674 1534 5728 rediturum
1574 5676 1661 5728 sit.

98 5764 407 5832 Supererat,
425 5777 481 5821 ut
506 5767 954 5823 demonstraretur
981 5783 1266 5835 numquam
1299 5766 1411 5824 fore
1444 5777 1500 5825 ut
1527 5777 1661 5824 tem-

1314 327 1677 385 ADVERSUS
1712 327 2013 383 ΠΗ)ὰέΟᾶ
2056 329 2165 384 V'll.

3260 344 3363 399 9l8

1796 440 1937 508 plum
1977 441 2314 497 instzturetttr.
2356 444 2489 500 Nam
2524 447 2662 503 sicut
2704 450 2794 505 illo
2834 468 2938 508 non
2976 464 3151 511 stante
3187 473 3365 514 omnia

1792 545 1933 586 nunc
1962 541 2082 585 sunt
2111 533 2378 604 abrogata,
2411 548 2466 592 et
2491 538 2538 594 si
2562 541 2686 610 quid
2713 544 2953 599 videatur
2982 546 3095 602 fieri
3122 591 3137 615 ,
3164 548 3365 607 facinus

1791 630 1874 675 est
1903 622 2157 677 adversus
2187 624 2354 695 legem
2391 645 2402 679 :
2435 628 2504 682 ita
2533 643 2809 701 postquam
2839 635 3257 695 demonstratum
3284 652 3366 697 est

1791 728 2077 783 numquam
2108 715 2221 771 fore
2257 728 2314 770 ut
2354 720 2610 788 templum
2647 725 2828 779 redeat
2855 727 2920 782 ad
2950 729 3228 798 pristinum
3256 745 3365 787 sta-

1792 814 1903 858 tum
1925 847 1940 871 ,
1968 806 2155 860 eadem
2194 823 2353 877 opera
2386 821 2440 864 et
2478 811 2604 867 illud
2632 813 3047 875 demonstratum
3074 836 3189 890 est,
3221 826 3363 893 quod

1792 911 1964 966 neque
1994 900 2173 953 cmteri
2202 902 2333 956 ritus
2359 913 2413 957 ct
2439 906 2612 960 cultus
2639 907 2707 961 ad
2734 911 3009 978 pristinum
3039 926 3232 971 statum
3259 922 3366 974 sint

1790 988 2049 1055 redituri,
2090 1007 2196 1046 non
2235 996 2483 1050 sacerdos
2520 997 2726 1053 futurus
2762 1004 3059 1073 quispiam,
3102 1026 3205 1063 non
3247 1027 3359 1066 rex.

1791 1077 2002 1134 Etenim
2042 1083 2086 1136 si
2126 1099 2231 1139 non
2270 1086 2462 1142 licebat
2501 1091 2666 1145 cuivis
2694 1108 2759 1147 ex
2791 1095 3022 1163 ipsorum
3052 1105 3363 1170 cognatione

1790 1173 2029 1238 quamvis
2065 1175 2312 1244 plebeio,
2356 1181 2555 1234 servire
2587 1183 2896 1253 alienigenis
2922 1227 2937 1251 ,
2984 1190 3150 1243 multo
3197 1195 3364 1263 magis

1790 1259 1869 1313 fas
1898 1276 2004 1315 non
2027 1276 2140 1318 erat
2165 1266 2335 1335 ipsum
2376 1286 2552 1340 regem
2583 1274 2889 1345 alienigenis
2916 1279 3123 1349 subjici.
3166 1259 3364 1340 Verum

1789 1355 2035 1419 quoniam
2072 1357 2156 1411 hic
2188 1360 2555 1417 contendimus
2589 1378 2947 1437 conamurque
2982 1386 3088 1425 non
3120 1383 3358 1443 tantum,

1792 1454 1845 1497 ιιι
1874 1443 1977 1498 illis
2006 1446 2313 1504 obturemus
2339 1466 2418 1518 os,
2447 1467 2629 1508 verum
2657 1458 2814 1512 etiam
2843 1469 2898 1513 ut
2925 1472 3154 1517 vestram
3177 1468 3361 1521 caritac

1792 1544 1896 1588 tem
1923 1538 2227 1595 erudiamus
2256 1559 2269 1595 :
2298 1558 2395 1612 age
2420 1543 2520 1599 hoc
2545 1546 2715 1615 ipsum
2742 1550 2953 1606 aliunde
2975 1553 3364 1613 demonstrabi-

1794 1640 1931 1693 mus,
1958 1628 2202 1685 videlicet
2229 1634 2370 1702 quod
2396 1634 2497 1688 illis
2523 1646 2576 1690 et
2601 1640 2978 1696 sacriﬁciorum
3002 1654 3055 1698 et
3078 1649 3361 1703 sacerdotii

1789 1718 1907 1770 linis
1927 1720 2013 1783 sit,
2041 1721 2173 1777 adeo
2200 1734 2256 1778 ut
2281 1741 2568 1797 numquam
2586 1733 2814 1801 amplius
2838 1734 2905 1788 ad
2934 1736 3207 1804 pristinam
3232 1755 3360 1794 con-

1786 1811 2119 1867 suetudinem
2151 1815 2263 1871 base
2291 1818 2398 1872 sint
2423 1821 2675 1877 reditura.
2707 1825 2836 1890 Quis
2865 1827 3022 1897 igitur
3052 1829 3166 1885 hinc
3189 1832 3359 1888 dicit!

1787 1903 2143 1960 Admirandus
2162 1908 2252 1963 ille
2269 1925 2331 1963 ac
2352 1927 2572 1981 magnus
2594 1916 2846 1984 propheta
2868 1920 3050 1975 David.
3074 1923 3359 1982 Declarans

1788 1992 1930 2047 enim
1974 1994 2100 2050 illud
2140 2000 2519 2082 sacrificiorum
2562 2020 2727 2074 genus
2765 2023 2884 2064 esse
2920 2011 3273 2083 ejiciendum,
3304 2028 3359 2073 et

1785 2082 1928 2137 aliud
1970 2085 2323 2144 inducendum
2344 2131 2359 2153 ,
2386 2092 2617 2163 loquitur
2652 2097 2704 2151 in
2735 2097 2876 2155 hunc
2901 2103 3118 2159 modum
3148 2124 3162 2160 :
3193 2082 3359 2164 Multa

1784 2175 2264 2244 l'ecistitu,Domine
2290 2182 2429 2238 Deus
2440 2200 2603 2254 nteus,
2621 2190 2868 2244 mirabilia
2898 2203 3003 2261 tua,
3022 2178 3075 2249 ἐι
3102 2199 3359 2269 cogitatio-

1785 2267 1929 2322 nibus
1958 2271 2057 2324 tuis
2082 2288 2184 2326 non
2208 2286 2279 2328 est
2305 2277 2391 2347 qui
2413 2279 2588 2332 similis
2611 2281 2675 2334 sit
2700 2282 2787 2336 tibi
2813 2299 2831 2336 :
2857 2267 3179 2354 annuntiavi,
3209 2303 3258 2345 et
3282 2294 3359 2348 lo-

1785 2372 1967 2450 quutus
1986 2378 2097 2415 sum
2117 2363 2336 2434 (Psalnt.
2359 2366 2447 2423 39.
2475 2369 2550 2440 6).
2576 2370 2709 2427 Vide
2731 2377 2999 2445 propheta:
3022 2383 3356 2450 sapientiam.

1787 2449 1885 2504 Ubi
1901 2450 2138 2517 dixisset,
2156 2454 2209 2506 Μ
2217 2456 2321 2510 ulta
2336 2459 2497 2526 fecisti
2521 2471 2599 2530 tu,
2624 2463 2838 2520 Domine
2866 2467 2999 2523 Deus
3018 2449 3175 2538 meus,
3203 2480 3358 2530 mira-

1782 2539 1903 2593 bilia
1930 2552 2035 2608 tua,
2065 2549 2388 2614 stupefactus
2414 2551 2763 2610 admiratione
2788 2558 2951 2614 divini
2979 2564 3195 2631 Opificii,
3227 2568 3356 2624 nihil

1782 2631 1848 2685 de
1868 2633 2169 2690 conditione
2190 2653 2367 2694 rerum
2390 2642 2540 2698 nobis
2563 2648 2990 2720 conspicuarutu,
3010 2656 3147 2722 cadi,
3175 2668 3352 2725 terra),

1782 2723 1977 2819 maris,
2007 2735 2061 2780 et
2083 2742 2234 2797 aqua:
2252 2770 2268 2797 ,
2295 2741 2349 2785 et
2373 2732 2508 2802 ignis
2526 2776 2540 2798 ,
2571 2752 2676 2791 non
2706 2737 2774 2793 de
2800 2745 3075 2811 stupendis
3101 2748 3203 2802 illis
3231 2723 3354 2819 pro;

1783 2811 1957 2883 digiis,
1980 2831 2098 2885 quae
2122 2819 2427 2878 acciderunt
2450 2823 2503 2877 in
2530 2825 2780 2898 Egypto,
2806 2846 2909 2886 non
2931 2833 2999 2888 de
3023 2811 3351 2893 οωιριοὶέΙιιιη

1777 2902 2010 2983 jusmodi
2056 2907 2325 2964 miraculis
2352 2912 2404 2979 ί,
2433 2916 2526 2968 sed
2568 2933 2689 2986 quin
2729 2920 2856 2975 dicit
2896 2939 3015 2978 esse
3057 2928 3352 2985 miracula?

1781 2994 2106 3088 Sacri/icium
2140 3009 2188 3052 et
2226 3000 2526 3058 oblationem
2564 3009 2768 3063 noluisti
2807 3010 2931 3081 (1b.
2959 3030 3008 3069 υ.
3040 3017 3133 3087 7).
3175 3022 3309 3086 Quid
3333 3062 3350 3088 ,

1781 3087 2023 3156 obsecro,
2046 3091 2177 3147 dicis
2193 3093 2219 3147 1’
2240 3095 2319 3149 An
2342 3096 2471 3151 illud
2493 3101 2807 3169 stupendum
2829 3115 2911 3159 est
2934 3122 2997 3161 ac
3019 3087 3351 3169 mirandumi

1779 3178 2119 3251 Nequaquam
2142 3226 2158 3251 ,
2206 3184 2406 3255 inquit;
2442 3204 2547 3243 non
2574 3192 2717 3246 enim
2743 3197 2844 3249 hoc
2869 3198 3036 3252 solum
3068 3201 3225 3268 vidit,
3255 3204 3351 3261 sed

1779 3272 1981 3327 caelitus
2011 3274 2229 3329 edoctus
2258 3279 2614 3347 prOSpiciebat
2651 3285 2819 3339 oculis
2855 3289 3176 3357 pmpheticis
3206 3295 3349 3349 futu-

1779 3378 1899 3415 rum
1930 3374 1986 3417 ut
2023 3374 2206 3434 gentes
2242 3369 2663 3438 adducerentur,
2694 3383 2749 3428 et
2785 3379 3050 3445 quomodo
3084 3382 3174 3450 qui
3204 3385 3349 3453 prius

1780 3465 1933 3507 erant
1967 3456 2163 3513 addicti
2200 3458 2301 3513 diis
2324 3501 2338 3527 ,
2380 3461 2729 3534 colebantque
2767 3467 3001 3537 lapides,
3043 3474 3349 3533 miseriores

1778 3544 1909 3613 ipsis
1952 3548 2118 3603 brutis
2158 3561 2375 3618 repente
2417 3554 2586 3608 visum
2627 3558 2961 3627 reciperent,
3005 3566 3348 3638 omniumque

1779 3636 2058 3691 Dominum
2086 3653 2467 3709 agnoscerent,
2496 3660 2559 3698 ac
2593 3646 2782 3703 relicto
2810 3649 3016 3720 impuro
3043 3636 3346 3715 damtonitm

1779 3730 1923 3783 cultu
1951 3746 2081 3798 pure
2099 3732 2335 3803 citraque
2353 3738 2659 3807 sanguinem
2682 3740 2845 3795 Deum
2871 3745 3124 3801 colerent.
3152 3747 3345 3806 Simul-

1779 3834 1881 3888 que
1919 3820 2235 3891 intelligens,
2275 3825 2415 3893 quod
2456 3842 2561 3881 non
2605 3828 2679 3882 illi
2719 3830 2909 3899 solum,
2945 3835 3038 3890 sed
3084 3848 3131 3893 et
3174 3839 3344 3898 Judaei

1778 3910 2128 3979 simpliciores
2148 3913 2329 3968 relicta
2357 3916 2669 3985 hostiarum,
2688 3918 3187 3995 bolocautomatum,
3210 3934 3342 3988 alio-

1778 4017 1999 4071 rumque
2028 4006 2379 4073 corporalium
2404 4010 2598 4064 rituum
2626 4014 2991 4072 observatione
3016 4020 3081 4074 ad
3104 4033 3341 4080 nostram

1778 4104 1832 4148 et
1851 4094 1948 4163 ipsi
1970 4097 2354 4169 philosophiam
2379 4101 2784 4173 adducerentur,
2811 4108 3070 4182 simulque
3088 4127 3341 4185 reputans

1778 4186 2095 4241 ineffabilem
2126 4189 2220 4244 Dei
2246 4205 2369 4260 erga
2394 4207 2560 4261 genus
2588 4195 2873 4253 lmmanum
2902 4202 3194 4272 caritatem,
3223 4221 3340 4276 qua:

1777 4289 1991 4346 superat
2015 4296 2224 4335 omnem
2254 4282 2572 4339 intellectum
2594 4328 2610 4354 ,
2642 4295 2697 4342 et
2719 4292 2968 4348 attonitus
2993 4294 3341 4355 admiratione

1778 4379 1934 4423 tanta:
1974 4373 2281 4426 mutationis
2318 4372 2544 4441 futurae,
2585 4390 2639 4431 et
2679 4395 2834 4448 quam
2891 4386 3199 4443 mirabiliter
3239 4389 3340 4446 ista

1779 4460 1918 4515 Deus
1944 4462 1996 4515 in
2021 4462 2180 4516 alium
2205 4464 2443 4520 ordinem
2470 4467 2816 4525 translaturus
2838 4485 2997 4541 esset,
3020 4484 3073 4530 et
3100 4476 3341 4535 homines

1778 4568 1842 4606 ex
1869 4552 2195 4609 daemonibus
2217 4556 2451 4611 facturus
2478 4560 2693 4629 angelos
2711 4601 2728 4627 ,
2759 4578 2821 4617 ac
2846 4565 2965 4619 vita:
2989 4582 3155 4637 genus
3182 4569 3340 4625 indu-

1775 4652 1955 4698 cturus
1983 4646 2125 4698 ca:lis
2153 4644 2389 4715 dignum.

1849 4736 2167 4805 Sacriﬁcium
2218 4756 2307 4808 per
2332 4757 2514 4810 corpus
2539 4740 2743 4801 Christi.
2770 4776 2841 4803 ν-
2861 4747 2992 4802 Tum
3032 4750 3172 4820 quod
3222 4753 3337 4808 lucc

1776 4829 1951 4881 omnia
1997 4839 2175 4884 essent
2222 4830 2395 4886 futura
2423 4845 2600 4890 vetere
2651 4839 2908 4895 sacrificio
2935 4842 3153 4910 abolito,
3183 4857 3236 4900 et
3259 4848 3337 4901 al-

1778 4928 1892 4975 tero
1930 4921 1983 4974 in
2021 4922 2162 4977 illius
2213 4924 2385 4979 locum
2410 4926 2569 4981 ducto
2614 4944 2708 4997 per
2750 4946 2941 5001 corpus
2963 4932 3203 4995 Christi:
3235 4935 3333 4989 ad-

1776 5011 1996 5067 miratus
2023 5023 2200 5069 autem
2232 5031 2294 5069 ac
2331 5018 2657 5086 stupefactus
2681 5020 2890 5075 dicebat
2918 5040 2931 5076 :
2967 5025 3134 5079 Multa
3183 5038 3236 5081 tu
3264 5032 3339 5097 fe.

1776 5104 1885 5156 cisti
1918 5102 2056 5160 Deus
2082 5107 2331 5159 mirabilia
2357 5118 2462 5159 tua.
2491 5109 2556 5162 Et
2602 5111 2741 5178 quod
2770 5128 2835 5165 ex
2876 5128 3099 5181 persona
3143 5118 3339 5179 Christi
3432 5148 3447 5170 .-
3507 5115 3520 5131 ’

1777 5206 1942 5252 totum
1971 5199 2071 5253 hoc
2099 5199 2402 5253 vaticinium
2451 5200 2676 5256 ediderit
2724 5203 2920 5258 docens
2941 5246 2955 5270 ,
3011 5222 3133 5261 cum
3163 5208 3337 5267 dixis-

1775 5300 1892 5342 set:
1944 5290 2269 5358 Sacri/icium
2326 5301 2371 5342 et
2418 5293 2717 5346 oblationem
2772 5297 2978 5351 noluisti
3003 5338 3018 5364 ,
3064 5301 3334 5371 subjecit,

1772 5379 1964 5449 Corpus
2011 5392 2176 5436 autem
2220 5382 2473 5453 adaptasti
2523 5385 2679 5450 milii;
2723 5387 2791 5443 de
2843 5404 3065 5459 corpore
3118 5394 3336 5464 loquens

1770 5472 2033 5526 dotninico
2067 5512 2082 5537 ,
2126 5474 2391 5527 communi
2431 5489 2528 5543 pro
2570 5484 2680 5530 toto
2718 5478 2846 5533 orbe
2878 5482 3166 5547 sacrificio,
3199 5488 3340 5555 quod

1779 5573 1991 5618 nostras
2018 5564 2317 5633 purificavit
2341 5565 2542 5619 animas
2566 5608 2580 5631 ,
2612 5578 2825 5635 peccata
2851 5570 3091 5627 dissolvit
3128 5576 3169 5639 ³,
3199 5593 3337 5633 mur-

1831 5654 1968 5726 ιμᾼιίὶ
1981 5668 2001 5726 ε
2030 5653 2273 5726 Mirgculis
2292 5655 2420 5726 ;_sed
2441 5667 2549 5726 qua:
2571 5657 2867 5713 mirabiliora
2897 5671 3026 5726 sunt;
3048 5664 3133 5715 illa
3156 5665 3335 5723 dicens,

1766 5714 1904 5766 addit
1928 5728 1946 5764 :
1969 5714 2263 5777 sacriﬁcium
2280 5723 2325 5766 et
2347 5714 2643 5772 oblationem.
2672 5730 2765 5772 etc.

1832 5779 1853 5809 ³
1885 5778 2070 5840 Aliquot
2087 5787 2187 5828 Mss.
2208 5792 2220 5829 :
2247 5786 2301 5830 Et
2322 5785 2514 5841 peccata
2525 5780 2698 5832 tnduit.
