3920 6242
457 321 560 377 Oli!

455 448 562 492 tem
603 430 893 496 exstinxit,
947 427 1108 482 caelos
1153 425 1396 493 aperuit,
1433 422 1756 490 multamque
1802 434 1865 474 ac
1909 432 2026 473 ma-

455 542 612 598 gnam
653 539 801 594 spem
849 520 1001 576 nobis
1054 517 1329 582 ostendit,
1365 523 1664 582 mutemque
1712 509 2033 580 praeparavit

456 617 631 672 omnia
719 629 836 684 qua:
862 610 1077 682 quidem
1125 616 1180 662 et
1219 605 1412 660 Paulus
1454 603 1640 658 videns
1681 601 2025 658 exclamavit.

407 709 410 713 ’
454 710 639 767 dicens
715 706 759 758 0
795 701 1010 757 altitudo
1052 700 1347 754 divitiarum
1373 706 1418 749 et
1455 695 1718 765 sapientia:
1740 701 1787 748 et
1812 691 2032 745 scientia

457 801 577 857 Dei!
594 815 744 869 quam
765 794 1109 849 inscrutabilia
1130 800 1243 844 sunt
1254 788 1452 860 judicia
1467 789 1646 857 ejus,et
1664 783 2030 852 investigabiles

455 887 548 940 via:
576 867 683 954 ejus
703 881 880 954 (llam.
903 879 990 933 11.
1013 878 1102 946 55)
1131 877 1144 928 ι
1175 875 1296 928 Ηωο
1321 874 1477 942 igitur
1493 870 1667 925 omnia
1701 867 2035 937 prospiciens

453 977 702 1037 dicebat:
744 973 910 1028 Multa
947 972 1108 1041 fecisti
1151 979 1225 1034 tu,
1257 967 1471 1020 Domine
1509 964 1644 1018 Deus
1686 978 1845 1026 meus,
1874 961 2032 1014 mira-

453 1073 574 1128 bilia
601 1081 708 1124 tua.
757 1066 957 1122 Deinde
996 1080 1116 1120 cum
1155 1078 1220 1118 ex
1275 1074 1498 1130 persona
1523 1056 1718 1112 Christi
1759 1055 2027 1110 dixisset:

457 1161 882 1216 Holocautomata
908 1167 954 1210 et
972 1172 1063 1226 pro
1096 1163 1296 1223 peccato
1323 1168 1422 1204 non
1450 1149 1692 1219 probasti,
1729 1145 2028 1214 suhjttnxit:

453 1255 597 1310 Tunc
619 1254 747 1320 dixi,
778 1268 890 1306 ecce
913 1250 1052 1303 venio
1084 1247 1251 1319 (Psal.
1276 1245 1364 1300 59.
1394 1246 1444 1297 7.
1474 1242 1552 1313 8).
1581 1240 1759 1304 Tunc;
1783 1237 2031 1308 quando?

455 1348 587 1403 Cum
613 1344 940 1418 perfectioris
969 1342 1224 1396 doctrinae.
1257 1349 1465 1406 tempus
1485 1346 1586 1390 cst.
1618 1335 1750 1389 Nam
1790 1329 2034 1401 imperfe-

453 1442 619 1496 ctiora
655 1455 685 1493 a
716 1436 883 1492 servis
912 1435 1026 1503 ejus
1063 1441 1214 1487 erant
1240 1429 1488 1484 discenda
1511 1467 1532 1495 ,
1570 1425 1874 1481 sublimiora
1904 1436 2032 1476 vero

453 1543 507 1589 et
564 1532 854 1586 humanam
921 1524 1224 1596 superantia
1291 1532 1567 1583 naturam,
1617 1517 1686 1572 ab
1741 1517 1856 1584 ipso
1902 1513 2032 1583 legis

454 1639 692 1682 auctore.
721 1622 844 1677 ideo
866 1631 922 1676 et
952 1619 1144 1674 Paulus
1171 1617 1379 1671 dicebat
1413 1632 1424 1666 :
1457 1610 1796 1681 Multifariam
1833 1607 2032 1659 multis-

453 1736 549 1790 que
598 1716 758 1770 modis
813 1713 938 1767 olim
994 1710 1133 1766 Deus
1189 1710 1424 1778 loquutus
1475 1702 1699 1774 patribus
1749 1699 1930 1753 nostris
1980 1698 2031 1749 in

453 1787 710 1882 prophetis
737 1822 756 1860 :
779 1803 1013 1859 extremis
1042 1801 1177 1871 hisce
1204 1799 1375 1852 diebus
1419 1797 1654 1864 loquutus
1697 1799 1768 1845 est
1811 1787 1950 1842 nobis
1980 1787 2033 1839 in

453 1904 592 1958 Filio
615 1942 630 1966 ,
685 1916 832 1967 quem
884 1896 1141 1952 constituit
1177 1890 1407 1947 heredem
1437 1887 1659 1941 omnium
1685 1926 1700 1946 ,
1762 1899 1850 1948 per
1885 1895 2032 1950 quem

452 1999 570 2067 fecit
613 2005 658 2051 et
694 1993 880 2049 sarcula
910 1990 1092 2060 (Hebr.
1125 1989 1176 2040 1.
1225 1988 1275 2040 1.
1315 1983 1394 2047 9.).
1425 1982 1500 2035 Ac
1527 1992 1711 2034 rursus
1751 1975 1985 2067 Joannes
2018 1989 2034 2026 :

456 2063 565 2143 Lex
595 2103 681 2156 per
727 2084 921 2138 Mosem
952 2081 1075 2133 data
1115 2087 1186 2131 est
1208 2117 1221 2140 ,
1250 2075 1414 2146 gratia
1458 2081 1504 2125 et
1530 2071 1711 2124 veritas
1740 2081 1829 2137 per
1852 2063 2030 2117 Jesum

457 2178 713 2235 Christum
745 2177 880 2246 facta
908 2183 976 2228 est
1007 2171 1182 2242 (Joan.
1215 2172 1266 2223 1.
1299 2165 1408 2237 17).
1441 2165 1619 2233 Itaque
1670 2161 1784 2213 haec
1825 2169 2035 2210 summa

455 2272 589 2341 legis
630 2271 745 2324 laus
786 2277 901 2332 est,
941 2263 1081 2335 quod
1111 2277 1171 2317 ea
1226 2269 1466 2315 naturam
1509 2256 1790 2309 humanam
1831 2255 1909 2308 illi
1938 2249 2031 2303 do-

456 2363 590 2418 ctori
618 2359 950 2431 preparavit.
982 2355 1180 2412 Deinde
1206 2369 1272 2407 ne
1302 2362 1515 2422 putares
1541 2349 1681 2401 hunc
1699 2361 1817 2400 esse
1844 2357 2036 2396 recen-

455 2464 564 2510 tem
610 2453 816 2515 Deum,
860 2458 951 2504 aut
1012 2445 1208 2516 aliquid
1255 2459 1423 2512 nuper
1471 2441 1740 2495 inventum
1799 2434 2028 2499 afferre,

457 2547 582 2603 audi
623 2544 747 2615 quid
776 2541 906 2597 dicit
937 2558 950 2595 :
983 2537 1049 2592 In
1072 2538 1235 2606 capite
1282 2534 1396 2588 libri
1441 2532 1684 2601 scriptum
1733 2536 1806 2581 est
1854 2527 1916 2580 de
1953 2539 2036 2578 me

458 2639 630 2712 (Psal.
668 2636 756 2692 59.
785 2634 865 2704 8).
891 2633 1008 2688 Iam
1047 2630 1172 2684 olim
1214 2642 1388 2681 meum
1443 2623 1730 2678 adventum
1771 2617 2032 2688 praedixe-

459 2710 582 2786 runt
631 2727 941 2798 prOpltelm,
977 2732 1033 2778 et
1079 2722 1133 2775 in
1162 2719 1311 2774 initio
1344 2717 1600 2771 libroruin
1648 2728 1780 2766 mea:
1842 2710 2035 2763 divini-‘-

459 2825 582 2880 tatis
625 2819 983 2892 cognitionem
1026 2815 1197 2870 obiter
1243 2810 1546 2866 hominibus
1573 2803 1957 2874 apernerunt‘.

527 2918 582 2971 5.
607 2913 786 2982 Itaque
837 2924 957 2965 cum
991 2908 1130 2962 Deus
1183 2905 1310 2960 dicit
1357 2903 1508 2956 initio
1555 2897 1753 2954 conditi
1799 2892 2026 2949 mundi:

461 3007 733 3064 Faciamus
761 3002 1010 3056 hominem
1041 2997 1106 3050 ad
1157 2993 1555 3050 similitudinem
1606 2998 1828 3042 nostram
1877 2984 2026 3056 (Gen.

461 3103 516 3157 1.
558 3100 670 3170 26),
701 3093 1030 3165 ωηίεηιιιιίςθ
1054 3089 1206 3143 nobis
1247 3085 1360 3140 Filii
1387 3084 1713 3138 divinitatem
1743 3080 1931 3148 aperit,
1962 3077 2029 3129 ad

461 3207 621 3265 quem
653 3190 904 3259 loquitur.-
935 3185 1062 3237 Post
1091 3180 1205 3233 hmc
1237 3176 1512 3231 declarans
1549 3174 1684 3225 hanc
1722 3173 1842 3223 vitae
1869 3170 2030 3221 ratio-

465 3262 588 3340 nem
619 3296 722 3334 non
769 3291 888 3332 esse
932 3272 1090 3346 priori
1121 3267 1439 3324 contrariam
1471 3306 1485 3330 ,
1529 3263 1622 3318 sed
1668 3262 1769 3314 hoc
1818 3274 2028 3328 quoque

463 3375 696 3432 voluisse
724 3373 888 3425 Deum
913 3411 927 3434 ,
969 3375 1029 3420 ut
1075 3363 1166 3418 illo
1199 3359 1462 3416 sacrilicio
1503 3357 1775 3425 antiquato
1805 3353 1859 3405 in
1907 3349 2028 3416 ejus

470 3465 824 3531 vehementia.
889 3473 994 3514 non
1057 3454 1437 3515 contrarietas,
1481 3447 1597 3516 (aut
1665 3448 1876 3520 pugna)
1946 3443 2036 3499 ubi

467 3558 687 3612 dixisset
731 3573 749 3607 :
783 3555 844 3606 In
888 3551 1050 3619 capite
1077 3549 1190 3603 libri
1225 3549 1464 3617 scriptum
1503 3556 1572 3598 est
1602 3551 1665 3598 de
1702 3561 1780 3598 me
1805 3585 1820 3610 ,
1850 3543 2029 3613 subje-

469 3654 540 3706 cit
581 3663 594 3701 :
651 3645 718 3700 Ut
753 3646 966 3714 {acerem
1009 3644 1314 3697 uoluntatem
1372 3650 1529 3706 luant,
1559 3638 1732 3701 Deus,
1797 3638 1932 3692 uolui
1984 3645 2030 3690 et

467 3739 628 3808 legem
667 3748 804 3791 tuam
839 3737 894 3790 in
945 3736 1109 3789 medio
1160 3734 1345 3786 uentris
1391 3733 1487 3788 mei
1515 3729 1684 3804 (Psal.
1715 3731 1801 3786 ‘59.
1840 3730 1892 3784 8.
1950 3728 2028 3802 9).

465 3830 593 3887 Post
619 3845 924 3900 exponens,
982 3843 1100 3899 qua:
1160 3826 1371 3881 tandem
1422 3834 1565 3879 esset
1601 3824 1844 3878 voluntas
1887 3824 2025 3889 Dei,

465 3924 820 3996 przetermissa
844 3922 1112 3977 mentione
1154 3919 1478 3981 hostiarum,
1527 3917 2026 3980 holocautmnatum,

465 4015 820 4081 oblationum,
858 4013 1096 4067 laborum
1140 4023 1203 4064 ac
1248 4008 1500 4064 sudorum
1525 4049 1540 4072 ,
1590 4008 1698 4062 ait:
1730 4005 2030 4061 Annuntiavi

461 4107 709 4180 iustitiam
733 4105 788 4158 in
815 4103 1038 4158 Ecclesia
1063 4117 1246 4171 magna
1268 4099 1372 4171 (Ib.
1393 4115 1443 4152 υ.
1483 4099 1595 4168 10).
1622 4097 1755 4163 Quid
1787 4107 1867 4152 est
1904 4099 2026 4162 hoc,

463 4194 772 4252 Annuutiavi
804 4193 1059 4264 justitiam
1092 4192 1147 4243 in
1200 4189 1429 4244 Ecclesia
1451 4191 1671 4259 magna?
1707 4189 1820 4243 Non
1860 4189 2025 4254 dixit,

463 4289 585 4345 dedi
611 4287 768 4351 :sed,
812 4286 1121 4339 aununtiavi.
1149 4283 1286 4351 Quid
1328 4282 1538 4337 tandem
1593 4282 1923 4351 igitur?Non
1961 4297 2028 4335 ex

464 4379 752 4438 benefactis
776 4420 790 4442 ,
843 4393 941 4432 nec
979 4375 1278 4440 laboribus,
1325 4389 1422 4428 nec
1449 4376 1789 4443 pensatione,
1819 4372 1911 4427 sed
1961 4388 2026 4427 ex

463 4475 574 4530 sola
609 4472 774 4543 gratia
811 4468 1116 4538 justificavit
1156 4482 1323 4537 genus
1349 4477 1605 4520 nostrum.
1634 4465 1781 4532 Quod
1807 4474 1860 4519 et
1889 4465 2025 4517 Pau-

463 4567 546 4621 lus
581 4563 855 4619 declarans
883 4561 1009 4614 dicit
1035 4577 1049 4612 :
1079 4558 1227 4612 Nunc
1254 4569 1420 4610 autem
1457 4559 1639 4626 absque
1687 4557 1791 4626 lege
1823 4557 2023 4625 justitia

467 4657 562 4712 Dei
590 4655 911 4725 manifestata
938 4660 1009 4705 est
1033 4649 1206 4722 (Rom.
1237 4651 1290 4704 '5.
1330 4649 1424 4717 2|)
1448 4667 1459 4702 :
1482 4647 1682 4716 justitia
1721 4657 1896 4702 autem
1927 4646 2020 4700 Dei

463 4763 560 4819 per
580 4745 734 4800 ﬁdem
769 4743 893 4798 Jesu
921 4740 1117 4796 Christi
1143 4781 1159 4806 ,
1190 4755 1295 4794 non
1325 4753 1419 4808 per
1455 4738 1616 4792 ullum
1662 4737 1908 4793 sudorem
1928 4749 2021 4792 aut

466 4839 720 4894 laborem.
748 4833 816 4889 Et
841 4834 941 4887 hoc
963 4839 1236 4899 assumpto
1257 4829 1558 4885 testimonio
1578 4828 1716 4882 hunc
1734 4829 1786 4882 in
1807 4829 2018 4884 modum

464 4930 714 5000 loquitur.
760 4925 999 4981 Umbram
1043 4925 1176 4977 enim
1205 4921 1390 4976 habens
1420 4923 1500 4975 lea:
1528 4925 1809 4992 futurorum
1859 4931 2016 4976 bono-

459 5040 573 5078 rum
592 5065 607 5090 ,
635 5039 734 5076 non
761 5022 924 5091 ipsam
969 5036 1134 5073 rerum
1180 5020 1445 5089 imaginem
1465 5061 1479 5085 ,
1512 5018 1724 5088 singulis
1743 5019 1888 5072 annis
1932 5018 2020 5070 iis-

463 5115 574 5169 dem
616 5113 818 5176 hostiis,
847 5127 972 5180 quas
1010 5127 1204 5180 semper
1245 5109 1498 5174 offerunt,
1530 5125 1801 5176 numquam
1859 5117 2015 5176 potest

461 5205 748 5258 accedentes
788 5202 1032 5271 perfectos
1057 5201 1278 5254 reddere.
1315 5198 1439 5252 Ideo
1463 5199 1743 5268 ingrediens
1772 5199 2015 5249 mundum

461 5297 581 5350 dicit
607 5310 626 5349 :
646 5294 949 5363 sacriﬁcium
979 5302 1026 5345 et
1058 5291 1353 5344 oblationem
1381 5289 1605 5353 noluisti,
1635 5305 1816 5358 corpus
1854 5296 2016 5368 autem

460 5385 712 5455 adaptasti
739 5384 861 5436 mihi
889 5381 1068 5453 (Hebr.
1099 5381 1186 5436 10.
1218 5383 1270 5435 1.
1290 5382 1376 5450 5);
1399 5379 1698 5450 significans
1725 5380 2014 5448 ingressum

461 5464 736 5545 Unigeniti
766 5480 818 5529 in
853 5474 1102 5528 mundum
1127 5516 1139 5538 ,
1185 5488 1280 5543 per
1325 5475 1499 5527 carnis
1549 5472 2011 5542 dispensationem.

460 5565 548 5621 Sic
579 5565 717 5619 enim
747 5562 812 5618 ad
841 5579 938 5619 nos
967 5565 1109 5619 venit
1135 5605 1150 5632 ,
1196 5580 1298 5620 non
1327 5565 1496 5620 locum
1518 5563 1634 5620 loco
1659 5575 2011 5631 commutatis,

522 5725 545 5758 ⁸
579 5731 672 5774 se:
692 5731 818 5782 Msa,
839 5735 1023 5785 aperus.

1159 311 1216 365 S.
1257 308 1533 365 JOANNIS
1568 305 1921 363 CIIRYSOST
1924 305 2042 362 0M1
2081 307 2399 367 ARCHIEP.
2437 313 2970 375 CONSTANTINOP.

3619 327 3724 380 9‘30

2137 420 2252 491 (qui
2299 439 2526 495 namque
2556 427 2658 483 hoc
2685 432 2966 485 conveniat
2993 431 3044 486 in
3076 448 3196 488 eum
3221 475 3236 498 ,
3263 435 3350 504 qui
3393 446 3476 490 est
3503 435 3723 507 ubique,

2139 514 2336 582 quique
2370 527 2560 571 cuncta
2601 521 2902 591 complet)?
2939 523 3032 579 sed
3077 541 3171 594 per
3197 541 3412 581 carnem
3444 527 3599 581 nobis
3649 526 3724 580 fa-

2141 614 2258 658 ctus
2286 617 2368 661 est
2403 613 2744 680 conspicuus.
2793 613 3060 670 Ctnterum
3105 619 3353 688 quoniam
3386 634 3495 674 non
3548 621 3722 674 solum

2139 696 2395 755 adversus
2442 701 2659 760 Iudaeos
2705 716 2788 762 est
2837 709 2992 764 nobis
3055 725 3226 780 pugna
3252 751 3268 777 ,
3322 727 3507 767 verum
3559 715 3722 768 etiam

2140 789 2395 846 adversus
2420 792 2687 862 Gentiles,
2719 813 2782 854 ac
2806 801 3002 854 multos
3029 802 3307 858 luereticos
3334 823 3348 859 :
3377 819 3477 875 age
3503 805 3726 876 profun-

2139 879 2343 936 diorem
2373 899 2590 940 sensum
2618 890 2900 957 quemdam
2931 893 3016 947 hic
3034 893 3183 947 vobis
3208 896 3512 964 aperiamus
3531 939 3545 959 ,
3577 914 3727 968 qum-

2140 988 2428 1045 ratnusque
2465 979 2588 1048 quid
2632 982 2846 1037 tandem
2896 985 2997 1039 sibi
3048 986 3207 1050 velit,
3244 989 3386 1058 quod
3415 1004 3540 1044 eum
3580 990 3722 1045 Pan-

2139 1064 2221 1118 lus
2249 1067 2656 1127 innumerabilia
2698 1073 2911 1131 haberet
2940 1079 3239 1133 testimonia
3264 1122 3278 1145 ,
3311 1097 3430 1151 qua:
3467 1083 3726 1138 docere":

2139 1169 2352 1213 cessare
2392 1160 2560 1230 legem
2601 1173 2915 1236 veteresque
2967 1169 3140 1233 ritus,
3195 1171 3349 1240 hujus
3410 1175 3655 1229 meminit
3705 1194 3719 1228 :

2141 1263 2315 1318 neque
2377 1254 2517 1307 enim
2568 1263 2773 1313 temere
2826 1275 2998 1329 neque
3051 1259 3268 1317 fortuito
3317 1264 3367 1319 id
3415 1264 3572 1331 fecit,
3629 1269 3722 1322 sed

2143 1340 2352 1397 ratione
2402 1359 2466 1399 ac
2506 1347 2765 1415 sapientia
2809 1351 3033 1419 quadam
3067 1353 3344 1408 ineffabili.
3371 1356 3521 1423 Quod
3575 1358 3721 1410 enim

2137 1429 2241 1486 alia
2281 1451 2490 1506 quoque
2533 1438 2778 1496 habuerit
2805 1445 3105 1498 testimonia
3131 1489 3147 1513 ,
3177 1457 3286 1502 tum
3331 1450 3531 1519 majora
3560 1491 3574 1514 ,
3610 1461 3720 1505 tum

2140 1527 2541 1586 vehementiora
2573 1575 2586 1598 ,
2613 1535 2657 1587 si
2701 1537 2954 1592 voluiSsct
2988 1539 3252 1596 adducere
3275 1584 3291 1608 ,
3321 1559 3506 1598 omnes
3547 1547 3718 1599 conti-

2141 1620 2413 1673 tclmutur.
2461 1622 2621 1678 Isaias
2651 1627 2790 1679 enim
2837 1629 2909 1682 ait
2937 1631 2952 1660 ¹
2989 1648 3002 1684 :
3055 1630 3174 1684 Non
3215 1643 3287 1687 est
3328 1636 3450 1688 mihi
3485 1639 3720 1691 uoluntas

2141 1709 2193 1761 in
2241 1713 2408 1777 vobis,
2455 1713 2634 1784 plenus
2688 1734 2801 1771 sum
2841 1720 3330 1777 lwlocautomatibus
3375 1727 3631 1791 arietum;
3670 1738 3717 1782 et

2137 1805 2342 1874 adipem
2397 1824 2644 1878 agnorum
2683 1821 2730 1864 et
2783 1815 3077 1881 sanguinem
3134 1825 3396 1871 taurorum
3443 1829 3489 1872 et
3553 1821 3719 1873 hirco-

2138 1911 2258 1948 rum
2295 1898 2412 1952 nolo
2441 1939 2456 1964 ,
2508 1917 2665 1971 neque
2704 1904 2750 1955 si
2797 1907 3026 1957 veneritis
3069 1906 3122 1959 in
3165 1919 3486 1978 conspectum
3531 1927 3715 1965 meum.

2142 1987 2274 2050 Quis
2300 1991 2433 2043 enim
2466 1993 2727 2061 acquisivit
2752 1994 2858 2047 hcce
2897 1995 2960 2048 de
2987 1996 3217 2063 manibus
3255 2002 3466 2054 vestris?
3493 2001 3556 2054 Si
3575 2003 3719 2057 obtu-

2138 2079 2304 2134 leritis
2345 2085 2470 2138 mihi
2515 2086 2852 2156 similaginem
2871 2129 2885 2151 ,
2934 2091 3126 2159 [rustra
3177 2092 3372 2161 facietis
3399 2107 3421 2146 :
3462 2096 3717 2149 incensum

2138 2172 2453 2226 abominatio
2481 2177 2604 2227 mihi
2631 2188 2702 2230 est
2730 2177 2881 2240 (lsai.
2918 2179 2967 2232 1.
2998 2180 3201 2248 11-15).
3238 2182 3302 2236 Ει
3329 2183 3453 2236 alibi
3483 2199 3714 2239 rursum:

2139 2260 2268 2314 Non
2318 2281 2449 2316 nunc
2482 2268 2721 2320 advocavi
2771 2278 2839 2329 te.
2860 2268 3054 2335 Iacob,
3089 2287 3245 2339 neque
3293 2274 3571 2328 moli-stium
3631 2279 3718 2331 tibi

2138 2354 2368 2417 eaizibui,
2387 2353 2553 2409 Israel
2577 2399 2590 2422 ,
2622 2375 2720 2411 non
2747 2360 3042 2428 gloriﬁcasti
3071 2379 3150 2414 me
3167 2364 3219 2415 in
3248 2367 3530 2434 sacrificiis,
3561 2385 3717 2437 neque

2133 2445 2357 2499 serviisti
2381 2448 2505 2500 mihi
2533 2449 2586 2501 in
2629 2449 2774 2504 donis
2794 2452 2923 2516 tuis;
2959 2469 3118 2523 neque
3155 2457 3244 2508 tibi
3279 2458 3515 2512 molestus
3557 2462 3636 2529 fui
3664 2462 3716 2514 is

2138 2540 2326 2607 thure,
2374 2559 2532 2610 neque
2565 2546 2760 2614 parasti
2797 2546 2922 2599 mihi
2967 2559 3177 2617 argento
3220 2551 3438 2618 sufﬁtmn
3469 2551 3579 2622 (Id.
3623 2555 3712 2606 45.

2129 2633 2219 2687 29..
2246 2632 2352 2704 9.5)
2379 2651 2394 2688 :
2421 2633 2677 2690 Jeremias
2701 2645 2877 2688 autem
2911 2651 2926 2688 :
2954 2633 3034 2687 Ad
3049 2636 3170 2704 quid
3201 2636 3323 2686 mihi
3362 2634 3476 2685 thus
3510 2651 3536 2686 e
3565 2633 3709 2688 Saba

2134 2725 2306 2793 o/Iers,
2349 2735 2397 2777 et
2415 2729 2799 2782 cinnamomum
2820 2734 2863 2776 et
2888 2734 3020 2776 terra
3053 2724 3366 2794 longinqua?
3393 2723 3708 2778 Holocauto-

2135 2827 2271 2871 mata
2297 2823 2458 2870 uestra
2497 2831 2595 2866 nou
2615 2817 2979 2866 delectaverunt
3025 2830 3103 2867 me
3136 2815 3358 2884 (Jerem.
3391 2814 3443 2868 6.
3473 2815 3597 2883 9.0).
3627 2819 3707 2870 Ac

2133 2929 2344 2973 rursus,
2378 2911 2804 2965 Holocautomata
2824 2921 2990 2965 vestra
3017 2926 3124 2964 una
3147 2927 3261 2962 cum
3301 2911 3507 2976 reliquis
3546 2914 3706 2964 sacri-

2131 3009 2261 3076 ﬁciis
2298 3009 2470 3060 vestris
2518 3005 2769 3073 colligite,
2813 3013 2861 3058 et
2897 3004 3139 3058 camedite
3182 3021 3356 3057 carnes
3413 3003 3591 3075 (Idem
3646 3002 3698 3059 Ἰ.

2129 3102 2250 3173 21).
2281 3102 2347 3156 Et
2369 3102 2501 3156 alius
2521 3102 2736 3168 insuper
2763 3099 3138 3168 prophetarum
3194 3100 3269 3152 sic
3320 3101 3393 3153 ait
3428 3118 3440 3153 :
3475 3101 3633 3169 Aufer
3669 3120 3702 3155 ιι

2128 3214 2206 3250 me
2241 3197 2496 3262 strepitum
2537 3193 2820 3246 cantionum
2851 3204 3070 3254 tuarum,
3112 3201 3155 3244 et
3205 3193 3452 3257 psalmum
3491 3212 3704 3262 organa-

2123 3301 2235 3340 rum
2266 3296 2466 3340 tuorum
2499 3304 2598 3340 non
2624 3287 2831 3341 audiam
2855 3285 3040 3350 (Amos
3069 3287 3124 3339 5.
3155 3285 3278 3348 εὖ).
3303 3286 3505 3340 Rursus
3535 3289 3697 3355 alibi,

2121 3395 2243 3435 cum
2284 3379 2449 3432 Judaei
2494 3378 2729 3432 dicerent
2766 3396 2778 3430 :
2825 3378 2901 3432 An
2933 3378 3140 3446 accipiet
3179 3378 3424 3432 Dominus
3462 3383 3514 3433 in
3555 3382 3702 3434 holo-

2123 3473 2505 3532 cautomatibus,
2539 3472 2583 3523 si
2630 3471 2813 3524 dedero
2855 3472 3187 3542 primogenita
3227 3490 3337 3526 mea
3381 3489 3471 3541 pro
3516 3474 3698 3539 impie-

2121 3573 2223 3616 tate
2235 3580 2361 3628 mea,
2386 3564 2603 3631 fructum
2620 3562 2805 3616 ventris
2829 3563 2926 3616 mei
2954 3580 3046 3630 pro
3073 3573 3272 3633 peccato
3292 3563 3512 3633 anima:(
3535 3564 3695 3618 Mich.

2124 3656 2178 3712 6.
2207 3657 2320 3727 7)?
2348 3655 2920 3724 Prnphetainerepans
2939 3656 3060 3711 illos
3080 3698 3096 3722 ,
3121 3655 3331 3710 dicebat
3363 3675 3376 3710 :
3405 3657 3700 3711 Annuntia-

2124 3759 2226 3803 tum
2258 3759 2330 3801 est
2376 3749 2490 3812 tibi,
2539 3751 2702 3807 homo,
2746 3747 2867 3816 quid
2895 3749 2956 3800 sit
2985 3747 3188 3810 bonum,
3212 3759 3264 3802 et
3289 3749 3408 3816 quid
3447 3749 3698 3804 Dominus

2122 3838 2260 3893 Deus
2285 3851 2476 3908 quierat
2500 3842 2587 3892 abs
2617 3849 2680 3905 te,
2711 3850 2765 3892 ut
2802 3839 2984 3908 diligas
3013 3843 3424 3906 misericordiam,
3456 3853 3503 3895 et
3535 3845 3698 3914 facias

2111 3932 2368 4003 judicium
2392 3942 2438 3985 et
2456 3932 2736 3999 justitiam,
2789 3941 2844 3984 ut
2896 3941 3101 3999 paratus
3154 3934 3223 3985 sis
3271 3933 3532 3986 antbulare
3585 3945 3698 4000 post

2120 4021 2394 4076 Dominum
2441 4021 2604 4076 Deum
2645 4033 2787 4074 tuum
2818 4022 2837 4092 (
2859 4022 2938 4075 Ib.
2970 4041 3016 4076 v.
3049 4025 3082 4078 8
3106 4024 3144 4092 ).
3193 4023 3352 4078 David
3374 4039 3591 4094 quoque
3616 4026 3697 4078 sic

2119 4113 2325 4167 dicebat
2361 4131 2371 4164 :
2406 4111 2521 4165 Non
2566 4114 2811 4182 accipiam
2855 4113 2917 4166 de
2964 4114 3113 4167 domo
3155 4125 3240 4168 tua
3275 4115 3488 4180 vitulos,
3537 4131 3700 4183 neque

2131 4207 2194 4258 de
2232 4207 2460 4277 gregibus
2499 4207 2597 4259 tuis
2634 4207 2798 4259 hircos
2827 4205 3011 4277 (Psal.
3065 4207 3154 4261 49.
3201 4207 3478 4276 9).Quare
3501 4251 3516 4272 ,
3571 4223 3695 4264 cum

2136 4307 2210 4350 tot
2237 4308 2414 4366 possm.
2443 4297 2632 4352 afferre
2660 4298 2955 4352 testimonia
2973 4337 2988 4359 ,
3030 4314 3123 4367 per
3172 4313 3289 4368 qua:
3319 4297 3460 4353 Deus
3488 4301 3698 4355 videtur

2118 4391 2205 4445 illa
2250 4392 2510 4444 sacrificia
2561 4392 2820 4459 rcjieere,
2875 4391 3214 4456 neomenias,
3271 4392 3526 4458 sabbata,
3578 4394 3692 4448 dies

2116 4481 2299 4544 festos,
2347 4481 2591 4535 omnibus
2641 4482 2745 4536 illis
2791 4482 3022 4546 omissis,
3052 4482 3206 4552 hujus
3225 4484 3700 4538 uniusineminit?

2115 4576 2227 4630 Non
2285 4584 2484 4630 temere
2533 4575 2582 4628 id
2631 4573 2859 4640 factum,
2919 4591 3090 4644 neque
3147 4576 3393 4638 fortuito;
3439 4575 3531 4628 sed
3585 4578 3693 4643 jam

2115 4681 2330 4720 causam
2367 4665 2623 4720 dicemus.
2665 4666 2811 4720 Multi
2848 4667 3123 4733 infideles,
3164 4675 3218 4721 et
3245 4683 3309 4721 ex
3337 4666 3540 4721 .ludzeis
3567 4669 3694 4736 ipsis

2115 4765 2407 4829 pugnantes
2436 4757 2689 4812 adversus
2714 4773 2838 4824 nos,
2873 4758 3056 4813 dicunt
3093 4769 3323 4813 veterem
3372 4758 3694 4827 religionem

2111 4852 2438 4921 antiquatam
2492 4865 2610 4905 esse
2633 4890 2648 4915 ,
2690 4865 2796 4903 non
2848 4849 2988 4918 quod
3022 4851 3131 4919 ipsa
3173 4858 3313 4904 esset
3342 4848 3654 4918 imperfecta
3676 4891 3692 4913 ,

2112 4915 2284 5011 neque
2307 4941 2446 5011 quod
2476 4940 2684 4994 inducta
2706 4943 2775 4994 sit
2796 4915 2989 5010 major,
3012 4915 3190 4995 nostra
3216 4915 3460 4995 videlicet
3480 4915 3724 5010 icligioJ

2110 5034 2204 5088 sed
2250 5045 2468 5103 propter
2505 5033 2898 5102 improbitatem
2939 5045 3145 5096 eorum,
3197 5033 3285 5100 qui
3341 5042 3449 5085 lum
3501 5011 3726 5085 affore"

2111 5125 2238 5178 bant
2287 5124 2566 5179 sacrificia.
2597 5123 2816 5177 llesaias
2846 5123 3024 5190 itaque
3061 5122 3191 5176 dicit
3220 5139 3233 5174 :
3268 5121 3328 5176 Si
3369 5123 3700 5176 extenderitis

2109 5232 2289 5269 manus
2313 5225 2528 5279 vestras,
2557 5225 2774 5268 avertam
2813 5215 2985 5268 oculos
3010 5230 3146 5267 meos
3176 5231 3206 5266 a
3257 5213 3410 5267 vobis.
3443 5213 3506 5267 Si
3551 5215 3694 5266 mul-

2180 5485 2196 5515 ί
2222 5489 2272 5532 ιιι
2295 5485 2451 5533 tribus
2473 5491 2580 5534 Mss.
2605 5486 2674 5533 sic
2709 5483 2926 5543 legitur:
2958 5481 3121 5532 Isaias.
3158 5489 3325 5531 eorum
3369 5482 3548 5532 hostias
3593 5496 3696 5534 esse

2107 5545 2281 5608 invisas
2302 5549 2568 5608 ostendens.
2598 5545 2714 5595 dicit
2753 5558 3003 5608 personam
3043 5544 3130 5594 Dei
3151 5557 3320 5608 gerens
3364 5557 3381 5594 :
3414 5543 3538 5603 Quid
3577 5545 3695 5596 mihi

2111 5607 2278 5657 hostile
2297 5605 2506 5658 vestrm?
2530 5609 2694 5666 plenus
2718 5605 2855 5668 sum;
2888 5605 3400 5663 leocausta'arietmn.
3438 5616 3532 5656 etc.

2173 5672 2192 5701 ²
2218 5677 2264 5717 ιιι
2289 5670 2426 5719 Savil.
2451 5671 2572 5733 etin
2597 5671 2883 5733 quibusdam
2898 5671 3271 5733 manuscriptis:
3305 5671 3695 5733 Holocautomata

2109 5739 2262 5780 uestra
2292 5745 2398 5781 cum
2439 5729 2634 5794 reliquis
2677 5729 2931 5796 sacriﬁciis
2971 5729 3299 5782 vestris'odiri
3314 5745 3328 5792 ;
3375 5739 3418 5782 et
3459 5729 3695 5782 comedit!

2109 5806 2294 5842 cantes.
