3790 6252
83 384 189 436 α’ἓΓ
1242 365 1596 425 Al‘VERSUS
1632 360 1930 418 JUDIEOS.
1977 366 2083 420 VII.

79 495 406 572 tiplicaverilis
447 493 864 558 obsecrationem,
906 508 1006 545 non
1035 488 1302 543 exaudiam
1353 500 1473 539 vos:
1506 498 1628 537 mox

78 603 273 644 causam
311 584 530 648 addens,
564 584 933 655 prosequitur:
959 581 1149 634 Manus
1168 580 1299 633 enim
1318 588 1493 631 uestra:
1513 593 1631 629 san-

81 680 217 751 guine
244 675 404 746 plenis
433 673 585 745 (lsai.
616 675 667 728 1.
716 673 828 737 15).
854 673 965 727 Hoc
1002 680 1177 725 autem
1207 683 1313 723 non
1348 677 1429 722 est
1469 666 1623 719 sacri-

83 774 187 828 ﬁcia
210 784 493 833 accusare,
550 768 644 823 sed
696 767 1030 822 offerentium
1075 762 1403 833 iniquitatem
1448 759 1630 814 crimi-

78 862 203 919 nari.
256 859 323 913 Et
358 858 479 914 ideo
508 873 613 912 non
662 869 877 926 accepta
932 856 1113 911 habuit
1160 853 1451 915 sacriﬁcia,
1484 850 1621 918 quod

77 970 131 1009 ea
168 950 405 1006 manibus
450 950 670 1019 impuris
737 950 1008 1003 olferrent.
1042 948 1271 1001 Rursum
1315 943 1478 997 David
1506 958 1625 995 cum

78 1045 283 1099 dixisset
316 1058 328 1094 :
364 1040 486 1095 Non
514 1042 762 1113 accipiam
798 1041 861 1094 de
911 1041 1059 1093 domo
1109 1048 1195 1091 tua
1230 1037 1410 1091 vitulos
1434 1074 1447 1099 ,
1473 1048 1632 1099 neque

75 1138 130 1188 de
149 1133 371 1203 gregibus
401 1134 498 1186 tuis
519 1134 683 1187 hircos
702 1128 1070 1204 (Psal.‘49.9).
1100 1127 1295 1197 adjecit
1325 1146 1337 1180 :
1364 1124 1630 1179 Peccatori

75 1234 225 1279 autem
248 1223 376 1277 dixit
406 1220 572 1285 Deus,
600 1227 778 1288 Quare
796 1229 849 1272 tu
879 1235 1086 1272 enarras
1133 1218 1355 1281 ius-‘itias
1383 1233 1517 1269 meas
1537 1257 1550 1280 ,
1584 1226 1631 1269 et

75 1314 273 1369 assumis
323 1321 667 1368 testamentum
706 1326 868 1363 meum
899 1325 988 1379 per
1027 1325 1083 1362 os
1118 1309 1299 1361 tuum?
1335 1306 1412 1359 Tu
1465 1317 1632 1359 autem

77 1407 213 1464 odisti
248 1406 569 1474 disciplinam
594 1445 608 1467 ,
649 1413 693 1457 et
734 1402 958 1473 abjccisti
991 1418 1243 1456 sermones
1283 1417 1418 1454 meos
1446 1409 1632 1453 retror.

76 1515 193 1554 sum.
220 1496 279 1552 Si
309 1496 508 1551 uidebas
533 1496 731 1566 furem,
760 1493 990 1548 currebas
1016 1511 1131 1546 cum
1165 1510 1250 1557 eo,
1279 1504 1323 1547 et
1344 1510 1457 1546 cum
1483 1494 1633 1547 adul-

75 1590 181 1643 teris
233 1592 514 1655 portionem
567 1596 704 1639 tuam
753 1587 972 1655 ponebas
1016 1600 1037 1639 :
1080 1603 1136 1639 os
1182 1595 1322 1639 tuum
1358 1587 1631 1640 abundavit

75 1679 251 1733 malitia
270 1720 286 1743 ,
326 1688 373 1732 et
397 1678 571 1747 lingua
620 1689 705 1730 tua
731 1677 1022 1731 contexebat
1061 1678 1206 1732 dolos
1237 1694 1256 1732 :
1275 1679 1452 1731 sedens
1474 1720 1489 1743 ,
1531 1679 1629 1731 ad-

73 1785 227 1823 versus
280 1769 489 1835 fratrem
535 1779 679 1820 tuum
726 1768 1069 1833 obtrectabas,
1100 1778 1146 1822 et
1183 1770 1422 1823 adversus
1466 1769 1631 1838 ﬁlium

71 1861 231 1913 matris
278 1869 379 1914 tua?
420 1860 637 1929 ponebas
688 1859 1049 1926 o/fendiculum
1094 1859 1268 1930 (Psal.
1303 1863 1393 1916 49.
1428 1859 1627 1933 16-20).

73 1950 211 2007 Unde
237 1949 571 2020 perspicuum
613 1959 692 2005 est
719 1993 732 2017 ,
762 1951 901 2019 quod
931 1966 1035 2005 non
1090 1950 1175 2005 hic
1204 1950 1420 2005 omnino
1447 1950 1632 2019 rejecit

70 2042 353 2107 sacriﬁcia,
404 2041 498 2096 sed
570 2043 817 2111 quoniam
881 2042 1323 2109 moechabantur,
1380 2042 1627 2111 quoniam

70 2134 397 2199 furabantur,
428 2134 679 2203 quoniam
732 2133 984 2187 fratribus
1038 2132 1442 2187 insidiabantur.
1474 2133 1629 2187 Certe

67 2243 176 2281 cum
219 2226 579 2297 unusquisque
628 2225 1003 2295 prophetarum
1033 2268 1048 2294 ,
1096 2226 1339 2295 inquiunt
1369 2235 1630 2291 ,accuset

65 2317 336 2373 oﬁ‘erentes
418 2317 675 2373 sacriﬁcia
704 2358 719 2383 ,
791 2319 867 2374 sic
934 2318 1023 2373 illa
1100 2319 1267 2374 Deum
1362 2319 1628 2388 respuisse

66 2408 199 2462 dicit.

128 2501 176 2553 ι.
207 2497 462 2554 Probatur
516 2504 675 2572 legem
720 2501 971 2556 sublatam
996 2501 1153 2572 fuisse
1175 2518 1280 2555 non
1328 2503 1392 2556 ob
1422 2513 1626 2572 peccata

62 2592 349 2647 Judteorum
371 2634 387 2660 ,
416 2594 503 2649 sed
528 2595 671 2664 quod
708 2596 998 2666 imperfecta
1023 2605 1259 2649 esset.—
1282 2596 1409 2650 Haec
1436 2595 1626 2650 adver-

62 2686 179 2739 sarii
203 2687 377 2740 nostri
424 2686 634 2753 dicunt,
662 2689 753 2743 sed
786 2689 977 2743 Paulus
1004 2688 1106 2743 illis
1132 2690 1335 2759 plagam
1359 2690 1486 2743 satis
1515 2705 1626 2743 ma-

62 2792 204 2845 gnam
246 2778 473 2844 inﬂixit,
506 2789 560 2835 et
584 2780 793 2835 abunde
818 2781 1030 2835 illorum
1074 2781 1415 2849 impudentiae
1458 2780 1622 2835 silen-

63 2867 182 2920 tium
240 2869 523 2938 imposuit,
574 2869 675 2924 hoc
733 2872 1056 2925 testimonio.
1106 2872 1238 2925 Cum
1284 2874 1428 2925 enim
1465 2872 1626 2927 vellet

61 2958 371 3026 ostendere,
416 2962 581 3015 Deum
629 2963 794 3031 ipsam
845 2961 1148 3016 Judzeorum
1201 2963 1510 3032 religionem
1567 2974 1625 3017 ut

61 3049 492 3121 imperfectiorem
536 3056 825 3122 rejecisse,
894 3055 1200 3125 irritamque
1248 3055 1472 3121 fecisse,
1522 3055 1623 3110 hoc

62 3144 345 3213 assumpsit
383 3145 782 3213 testimonium,
837 3145 896 3199 in
934 3161 1039 3215 quo
1076 3147 1341 3200 accusatio
1390 3146 1622 3202 olleren-

60 3235 177 3289 tium
222 3236 372 3291 nulla
420 3247 532 3303 est,
575 3237 883 3307 sed‘ipsius
950 3238 1220 3308 religionis
1290 3237 1622 3307 imperfectio

59 3326 183 3381 nuda
226 3343 327 3399 per
350 3329 749 3383 sedeclaratnr.
779 3329 1042 3399 Propheta
1094 3330 1234 3383 cnim
1268 3330 1408 3384 nulla
1456 3331 1508 3384 in
1564 3346 1623 3385 re

57 3434 300 3474 accusans
342 3420 590 3487 Judzeos,
627 3422 936 3492 simpliciter
982 3422 1058 3475 sic
1098 3421 1327 3491 loquitur
1359 3439 1371 3475 :
1406 3422 1623 3491 Sacriﬁ-

58 3513 178 3565 cium
224 3522 271 3566 et
302 3512 607 3567 oblationem
648 3514 887 3579 noluisti,
919 3531 1103 3583 corpus
1146 3526 1314 3569 autem
1367 3516 1623 3585 adaptasti

57 3604 169 3656 milii
190 3644 206 3670 ,
235 3604 643 3659 holocautomata
672 3617 718 3659 et
737 3623 827 3675 pro
853 3618 1055 3675 peccato
1084 3624 1181 3660 non
1203 3609 1422 3677 probasti
1448 3606 1616 3678 (Psal.

56 3696 134 3752 45.
160 3699 229 3766 7).
269 3692 437 3764 quue
480 3711 751 3765 exponens
798 3697 991 3750 Paulus
1029 3697 1141 3751 ait:
1177 3697 1331 3751 Tollit
1358 3699 1527 3767 prius,
1568 3707 1620 3749 ut

57 3786 292 3852 posterius
313 3796 508 3840 statuat
524 3787 704 3856 (Hebr.
726 3788 811 3842 10.
834 3788 911 3858 9).
938 3790 1066 3842 Nam
1096 3800 1437 3859 posteaquam
1465 3790 1617 3857 dixit,

58 3878 370 3945 Sacriﬁcium
418 3890 465 3934 et
494 3880 794 3935 oblationem
854 3884 1057 3935 noluisti
1088 3899 1105 3936 :
1135 3884 1326 3937 deinde
1379 3884 1613 3947 addidit,

55 3969 237 4039 Corpus
266 3980 436 4024 autem
461 3973 716 4043 adaptasti
740 3973 896 4027 mihi:
919 3984 1196 4043 postquam
1224 3976 1453 4029 ostendit
1480 3976 1618 4029 aliud

57 4059 317 4116 inductum
370 4062 685 4117 sacriﬁcium
710 4105 725 4127 ,
757 4064 954 4117 nullam
1004 4075 1258 4134 prmtcrea
1296 4081 1441 4134 spem
1473 4065 1621 4119 dedit

56 4152 319 4221 futurum,
374 4163 430 4208 ut
480 4156 606 4210 illud
655 4157 1039 4211 restitueretur.
1094 4158 1159 4211 Et
1207 4157 1307 4211 hoc
1338 4159 1506 4227 ipsum
1541 4159 1621 4210 in-

56 4252 345 4313 terpretans
377 4246 571 4301 Paulus
595 4288 610 4314 ,
639 4248 772 4302 dixit
800 4265 813 4301 :
846 4247 951 4301 Per
995 4248 1295 4302 oblationem
1327 4250 1458 4301 lianc
1500 4266 1622 4303 san-

54 4334 248 4399 rtiﬁcati
278 4352 457 4390 sumus
477 4338 528 4391 in
554 4338 808 4392 voluntate
845 4338 1032 4394 Christi
1064 4338 1166 4409 (Ib.
1194 4357 1238 4394 v.
1266 4341 1376 4408 10).
1408 4341 1467 4395 Si
1488 4342 1619 4394 enim

54 4427 249 4495 sanguis
284 4438 549 4482 taurorum
576 4440 621 4483 et
666 4432 917 4485 hircorum
941 4473 957 4499 ,
998 4442 1042 4485 et
1071 4434 1197 4486 cinis
1249 4435 1419 4487 vitula:
1443 4451 1617 4504 asper-

54 4534 129 4570 sus
176 4519 467 4589 inquinatos
521 4524 802 4589 sanctiﬁcat
848 4524 915 4575 ad
960 4525 1125 4577 carnis
1170 4526 1569 4579 emundationem
1600 4542 1620 4579 :

52 4619 231 4675 quanto
258 4613 425 4683 magis
453 4614 660 4683 sanguis
711 4614 837 4667 Jesu
887 4613 1107 4679 Christi,
1140 4619 1227 4684 qui
1256 4632 1345 4684 per
1374 4615 1620 4685 Spiritum

52 4710 272 4755 sanctum
302 4704 483 4757 obtulit
524 4707 843 4773 semetipsum
888 4707 1303 4772 immaculatum,
1334 4708 1621 4760 cmundabit

50 4794 404 4847 conscientiam
461 4805 681 4849 nostram
726 4797 789 4849 ab
830 4798 1063 4866 aperibus
1089 4800 1296 4850 mortuis
1344 4797 1526 4867 (Hebr.
1564 4798 1619 4851 9.

54 4882 134 4934 15.
165 4883 281 4955 14)?
305 4885 490 4954 Itaque
520 4886 657 4954 quod
686 4886 811 4939 illud
832 4883 1146 4941 sacriﬁcium
1174 4889 1502 4957 antiquatum
1529 4890 1617 4951 sit,

49 4984 100 5027 et
140 4976 282 5032 aliud
312 4979 366 5031 in
415 4979 532 5047 ejus
570 4980 742 5033 locum
792 4979 1092 5045 inductum,
1119 4980 1366 5049 quodque
1403 4982 1620 5050 posthac

52 5064 170 5120 illud
211 5083 320 5123 non
354 5070 424 5123 sit
461 5071 841 5125 restituendum
869 5071 996 5124 satis
1020 5112 1035 5135 ,
1063 5087 1127 5125 ex
1170 5072 1251 5126 his
1288 5072 1621 5127 demonstra-

55 5165 158 5210 tum
190 5168 294 5213 est.
329 5160 443 5227 Age
467 5160 577 5229 jam
603 5172 874 5230 superest,
923 5168 979 5215 ut
1014 5161 1156 5230 quod
1204 5161 1398 5216 dudum
1445 5162 1618 5216 conati

50 5265 228 5307 sumus
258 5253 667 5319 demonstrare,
712 5256 850 5308 illius
916 5255 1196 5309 sacerdotii
1254 5256 1385 5309 ritus
1448 5271 1621 5325 neque

47 5341 152 5411 jam
202 5359 503 5413 apparere,
551 5361 721 5416 neque
764 5346 941 5400 denuo
998 5347 1298 5413 redituros,
1347 5346 1620 5401 evidenter

54 5435 149 5490 hoc
174 5438 459 5506 palamque
492 5454 524 5493 e
561 5438 847 5507 Scripturis
870 5438 997 5507 ipsis
1027 5438 1311 5493 dilucidum
1345 5440 1616 5502 faciamus,

55 5541 213 5593 pauca
244 5530 400 5598 prius
414 5528 562 5583 vobis
587 5530 783 5598 praefati
806 5573 819 5594 ,
856 5546 959 5600 quo
986 5532 1074 5583 ﬁat
1104 5530 1409 5585 evidentior
1434 5546 1617 5584 eorum

52 5634 165 5684 qua:
194 5620 445 5675 dicentur
474 5624 761 5676 enarratio.
794 5623 1058 5675 Abraham
1081 5638 1325 5676 reversus
1352 5638 1381 5676 e
1404 5622 1618 5675 Perside

52 5712 229 5779 genuit
256 5710 409 5765 lsaac
433 5755 447 5776 ,
468 5713 614 5768 Isaac
655 5712 1220 5775 dcinchacobJacob
1246 5712 1524 5767 duodecim
1554 5714 1616 5766 ﬁ.

57 5805 180 5867 lies,
214 5821 281 5859 ex
334 5806 523 5875 quibus
554 5807 799 5876 prolectat-
840 5816 959 5862 sunt
985 5807 1261 5862 duodecim
1293 5808 1497 5873 tribus,
1532 5808 1614 5862 vel

3217 370 3320 424 922

1740 483 1917 549 potius
1962 485 2236 539 tredecim.
2295 487 2730 558 Quandoquidem
2801 489 2916 545 loco
2961 487 3160 557 Joseph
3212 491 3318 544 duo

1739 577 1905 644 ipsius
1928 578 2019 631 ﬁlii
2050 578 2301 646 Ephraim
2331 590 2383 634 et
2429 581 2695 638 Manasses
2721 585 3039 638 exstiterunt
3083 585 3313 639 trilutnm

1740 666 2024 735 principes.
2068 668 2134 722 Et
2162 671 2607 739 quemadmodum
2647 675 2930 745 unicuique
2972 675 3200 730 ﬁliorum
3227 676 3315 731 Ja-

1737 756 1839 809 cob
1868 757 2032 812 tribus
2058 761 2375 827 cognomine
2418 764 2805 831 respondebat,
2833 766 3041 831 Ruben,
3072 768 3312 831 Sime0n,

1739 845 1885 906 Levi.
1917 848 2073 908 Juda.
2113 849 2475 920 Nephthalim.
2505 852 2616 908 Gad
2642 897 2657 919 ,
2698 859 2852 922 Aser,
2877 856 3149 926 Benjamin
3185 874 3199 911 :
3234 872 3313 912 src

1736 937 1836 992 sub
1860 938 2061 1008 Joscpb
2082 940 2187 993 duo
2229 943 2368 997 illius
2398 942 2512 1007 ﬁlii,
2542 944 2782 999 Manasse
2809 955 2862 999 et
2904 946 3154 1016 Ephraim
3181 989 3196 1014 ,
3227 962 3318 1002 co-

1735 1044 1963 1097 gnomen
2011 1031 2263 1087 indebant
2316 1034 2555 1089 tribubus
2593 1045 2683 1090 :et
2712 1036 3113 1105 appellabantur
3150 1040 3314 1094 altera

1737 1120 1947 1189 quidem
1975 1121 2229 1190 Ephraim
2256 1165 2270 1188 ,
2325 1124 2491 1180 altera
2511 1141 2641 1181 vero
2691 1127 2951 1181 Manasse.
2984 1128 3182 1184 Harum
3216 1129 3317 1183 ita-

1735 1226 1838 1280 que
1869 1211 2144 1280 tredecim,
2174 1224 2381 1289 cazterre
2409 1216 2623 1285 quidem
2653 1233 2841 1272 omnes
2861 1233 3016 1288 agros
3048 1219 3317 1276 habebant

1736 1318 1799 1357 ac
1836 1315 2129 1374 proventus
2155 1308 2369 1373 multos,
2404 1319 2459 1364 et
2485 1311 2913 1379 agricolabantur
2950 1329 3156 1378 omnes,
3193 1317 3318 1371 reli-

1738 1409 1947 1465 quaque
1985 1398 2164 1452 omnia
2234 1401 2557 1456 exercebant
2609 1402 2673 1457 ad
2722 1404 2917 1459 victum
2978 1409 3319 1475 pertinentia;

1735 1482 1998 1540 Caeterum
2036 1488 2203 1543 tribus
2257 1490 2385 1546 Levi
2429 1493 2541 1546 sola
2594 1492 2851 1551 honorata
2893 1498 3229 1566 sacerdodo,
3281 1516 3312 1555 a

1736 1578 1961 1647 negotiis
1990 1579 2054 1634 ad
2097 1582 2291 1637 victum
2342 1586 2726 1654 pertinentibus
2764 1590 2980 1645 liberata
3012 1602 3126 1647 erat
3151 1634 3165 1659 ,
3220 1610 3317 1650 ne-

1734 1685 1839 1738 que
1879 1672 2124 1729 colebant
2170 1691 2326 1746 agros
2354 1720 2368 1742 ,
2401 1694 2573 1750 neque
2601 1683 2894 1737 tractabant
2935 1694 3109 1753 artes,
3145 1702 3317 1758 neque

1735 1772 1992 1829 praeterea
2023 1766 2311 1838 quidquam
2353 1769 2508 1840 hujus
2558 1776 2769 1841 generis
2820 1778 3176 1846 exercebant,
3221 1781 3315 1836 sed

1734 1852 1832 1906 soli
1864 1855 2163 1912 sacerdotio
2204 1861 2465 1915 vacabant
2486 1903 2502 1927 ,
2533 1878 2594 1916 ac
2625 1864 2862 1921 decimas
2920 1870 3253 1940 accipiebant
3281 1886 3313 1925 a

1736 1952 1847 1999 toto
1892 1947 2085 2016 populo
2130 1958 2240 2003 tum
2289 1952 2423 2019 vini,
2462 1962 2571 2009 tum
2618 1954 2897 2023 frumenti,
2942 1969 3049 2013 tmn
3102 1961 3309 2028 hordei,

1734 2038 1897 2093 et-de
1940 2040 2062 2093 aliis
2126 2042 2289 2097 rebus
2339 2046 2588 2100 omnibus
2646 2048 2909 2104 decimam
2959 2052 3066 2107 illis
3110 2057 3310 2123 portio-

1732 2142 1855 2182 nem
1884 2129 2079 2185 dabant
2108 2148 2295 2189 omnes
2323 2180 2338 2203 ,
2365 2147 2420 2192 et
2446 2138 2529 2192 hic
2556 2151 2669 2195 erat
2716 2142 2820 2197 illis
2858 2156 3167 2213 proventus.
3205 2147 3313 2202 Nec

1732 2218 1813 2275 fas
1844 2230 1958 2274 erat
1988 2237 2049 2277 ex
2083 2225 2188 2279 ulla
2219 2226 2319 2280 alia
2352 2228 2490 2283 tribu
2522 2231 2851 2287 sacerdotem
2883 2251 3136 2305 umquam
3167 2238 3303 2294 ﬁeri.

1732 2313 1813 2367 Ex
1864 2313 1962 2369 hac
1994 2317 2139 2371 enim
2170 2319 2307 2374 tribu
2342 2319 2517 2376 factus
2551 2333 2633 2378 est
2673 2326 2886 2393 Aaron,
2932 2329 3182 2385 nimirum
3239 2331 3307 2387 de

1733 2406 1871 2459 tribu
1906 2406 2070 2471 Levi,
2126 2424 2188 2463 ac
2230 2427 2324 2480 per
2352 2416 2745 2470 successionem
2790 2418 2930 2473 illius
2984 2423 3183 2489 posteri
3219 2437 3307 2477 sa-

1731 2497 2027 2551 cerdotium
2089 2502 2474 2573 accipiebant,
2549 2522 2721 2576 neque
2767 2512 2990 2581 quisque
3062 2530 3309 2585 umquam

1730 2589 1979 2643 sacerdos
2016 2606 2079 2645 ex
2119 2592 2225 2647 alia
2272 2595 2409 2650 tribu
2455 2608 2665 2653 creatus
2704 2608 2805 2654 est.
2864 2602 2927 2656 lli
2974 2605 3153 2675 itaque
3205 2608 3306 2663 Le-

1734 2679 1856 2731 vita:
1885 2680 2119 2735 decimas
2167 2683 2235 2738 ab
2281 2685 2385 2739 illis
2414 2689 2764 2756 accipiebant,
2795 2700 2848 2745 et
2886 2693 2964 2747 sic
2999 2694 3301 2751 alebantur.

1728 2768 1833 2824 Sed
1885 2781 2011 2827 ante
2078 2774 2241 2829 Jacob
2283 2778 2382 2830 sub
2436 2778 2628 2846 Isaac,
2666 2784 2766 2835 sub
2830 2784 3136 2854 Abraham,
3186 2804 3304 2851 cum

1728 2861 1964 2915 nondum
1998 2874 2141 2919 esset
2192 2865 2396 2932 Moses,
2426 2870 2658 2924 nondum
2684 2873 2879 2943 scripta
2910 2874 3026 2940 lex,
3071 2878 3304 2936 nondum

1730 2950 2021 3007 Leviticum
2057 2956 2414 3012 sacerdotium
2446 2971 2589 3015 esset
2641 2965 2903 3031 proditum
2928 3008 2942 3031 ,
2992 2983 3098 3023 non
3129 2970 3304 3026 taber-

1728 3046 1997 3111 naculum,
2028 3062 2131 3101 non
2174 3051 2431 3118 templum
2469 3062 2612 3108 esset
2640 3097 2655 3121 ,
2688 3071 2795 3110 non
2849 3058 3014 3114 tribus
3039 3060 3300 3130 discretae,

1727 3150 1833 3189 non
1862 3135 2154 3192 Jerusalem
2200 3151 2471 3205 exstaret,
2502 3158 2621 3197 cum
2666 3147 2842 3202 nullus
2873 3151 3092 3206 omnino
3123 3152 3171 3205 in
3199 3154 3295 3207 Ju-

1726 3224 1875 3280 dmos
1919 3243 2097 3282 rerum
2146 3232 2497 3301 principatum
2540 3248 2891 3306 occupasset,
2947 3241 3041 3295 fuit
3087 3244 3299 3313 quidam

1727 3317 2079 3373 Melchisedec
2115 3321 2365 3376 sacerdos
2393 3324 2483 3378 Dei
2521 3326 2782 3381 altissimi.
2822 3329 2915 3385 Hic
2956 3331 3301 3393 Melchisedec

1725 3420 1841 3464 erat
1886 3426 1981 3466 rex
2023 3413 2164 3468 idem
2192 3422 2245 3468 et
2268 3416 2518 3471 sacerdos
2551 3437 2562 3470 :
2590 3428 2745 3489 typus
2794 3424 3159 3482 cnimluturus
3184 3440 3299 3484 erat

1727 3502 1952 3569 Christi,
2002 3505 2151 3574 cujus
2179 3516 2233 3562 et
2267 3505 2538 3577 Scriptura
2566 3513 2842 3568 manifeste
2874 3518 3133 3572 meminit.
3164 3520 3297 3575 Cum

1726 3594 1866 3647 enim
1920 3595 2188 3651 Abraham
2232 3598 2423 3654 Persas
2486 3602 2735 3669 adortus,
2779 3606 2959 3662 fratris
3022 3608 3131 3666 ﬁlio
3201 3612 3331 3669 Ι.οιΔ

1725 3702 1788 3739 ex
1827 3686 2035 3742 illorum
2072 3690 2315 3745 manibus
2354 3702 2539 3762 erepto
2564 3737 2578 3759 ,
2626 3698 2874 3752 omnibus
2921 3702 3108 3771 spoliis
3150 3704 3296 3760 dire-

1726 3777 1828 3844 ptis
1857 3778 2094 3845 rediret,
2130 3780 2371 3836 hostibus
2412 3785 2607 3839 virtute
2652 3787 2907 3854 devictis,
2943 3791 3153 3847 huncin
3184 3811 3300 3850 mo-

1725 3868 1849 3920 dum
1898 3869 1963 3923 de
2012 3870 2368 3928 Melchisedec
2430 3874 2665 3943 loquitur
2709 3878 2977 3950 Scriptura
3011 3881 3121 3937 :Et
3163 3885 3299 3941 Mcl-

1724 3958 1950 4012 chisedec
1996 3977 2086 4013 rex
2128 3961 2301 4015 Solent
2356 3966 2532 4018 obtulit
2591 3984 2772 4035 panem
2828 3988 2888 4024 ac
2935 3974 3141 4037 uinum;
3191 3988 3299 4032 erat

1725 4050 1855 4102 enim
1902 4052 2273 4107 sacerdos-Dei
2322 4055 2589 4121 altissimi;
2634 4070 2683 4112 et
2736 4062 2986 4117 benedixit
3035 4066 3253 4122 Abrahae
3281 4112 3297 4134 ,

1725 4141 1947 4207 dixitque
1972 4159 1991 4196 :
2024 4145 2311 4199 benedictus
2353 4163 2404 4201 es
2448 4148 2706 4203 Abraham
2744 4152 2853 4206 Deo
2900 4155 3147 4210 altissimo
3168 4200 3182 4223 ,
3212 4162 3298 4229 qui

1724 4234 1908 4286 creavit
1949 4235 2128 4289 caelum
2166 4247 2213 4289 et
2238 4248 2421 4290 terram
2446 4281 2459 4303 ,
2492 4249 2538 4291 et
2589 4240 2876 4297 benedictus
2920 4242 3059 4299 Deus
3110 4249 3300 4303 altissi-

1724 4342 1855 4389 mus,
1904 4328 1991 4397 qui
2030 4329 2238 4382 tradidit
2285 4332 2513 4385 inimicos
2545 4342 2656 4387 tuos
2706 4335 2757 4388 in
2810 4353 2988 4392 manus
3050 4351 3182 4394 tuas.
3228 4342 3299 4396 Et

1724 4420 1857 4471 dedit
1873 4420 1949 4474 illi
1972 4420 2190 4475 decimas
2205 4440 2267 4476 ea:
2290 4426 2514 4477 omnibus
2528 4426 2781 4480 Abraham
2801 4428 2950 4499 (Gen.
2978 4432 3063 4485 H.
3086 4433 3293 4505 18-20).

1724 4512 1779 4567 Si
1819 4515 1938 4581 quis
1969 4514 2127 4583 igitur
2157 4514 2532 4583 prophetarum
2570 4521 2776 4573 exstitit
2801 4560 2817 4585 ,
2847 4522 2935 4591 qui
2963 4522 3129 4588 dicat,
3156 4525 3298 4593 quod

1723 4616 1844 4674 post
1883 4606 2150 4660 Abraham
2180 4648 2195 4672 ,
2249 4620 2468 4678 postque
2500 4612 2852 4666 sacerdotium
2907 4615 3031 4671 illud
3052 4657 3067 4683 ,
3097 4628 3151 4672 et
3180 4618 3295 4673 hate

1725 4698 1979 4751 sacriﬁcia
2019 4710 2175 4768 atque
2216 4701 2511 4758 oblationes
2536 4744 2549 4765 .
2591 4707 2890 4760 cxoriturus
2920 4718 3065 4764 esset
3108 4726 3286 4765 sacer-

1725 4788 1821 4840 dos
1861 4789 1991 4841 alius
2021 4830 2033 4849 ,
2064 4806 2167 4843 non
2215 4807 2281 4845 ex
2324 4793 2411 4845 illa
2456 4794 2593 4848 tribu
2626 4838 2639 4859 ,
2666 4798 2758 4851 sed
2798 4814 2861 4851 ex
2894 4800 2991 4853 alia
3016 4842 3030 4863 ,
3075 4816 3141 4855 ex
3182 4818 3285 4871 qua

1727 4896 2010 4949 numquam
2068 4894 2280 4939 creatus
2325 4894 2408 4939 est
2464 4888 2714 4943 sacerdos
2755 4932 2771 4955 ,
2823 4907 2926 4944 non
2997 4894 3291 4950 secundum

1725 4975 1966 5029 ordinem
2016 4976 2274 5042 Aaronis,
2327 4976 2424 5033 sed
2471 4980 2761 5033 secundum
2785 4981 3029 5035 ordinem
3079 4983 3299 5039 Melchi-

1725 5066 1882 5121 sedec
1928 5086 1940 5119 :
1982 5066 2323 5123 manifestum
2365 5076 2480 5131 est,
2532 5069 2695 5138 quod.
2728 5079 2880 5125 vetus
2935 5072 3295 5130 sacerdotium

1725 5158 1973 5221 cessavit,
2000 5158 2139 5212 aliud
2170 5168 2344 5213 autem
2389 5172 2581 5213 novum
2630 5161 2679 5212 in
2726 5161 2867 5215 illius
2912 5163 3085 5217 locum
3139 5164 3299 5219 indu-

1725 5259 1865 5303 ctum
1888 5259 1988 5304 est.
2013 5250 2142 5303 Nam
2185 5250 2229 5301 si
2282 5249 2514 5304 futurum
2558 5262 2695 5314 erat,
2736 5261 2791 5305 ut
2816 5260 2965 5305 vetus
3004 5253 3130 5307 illud
3160 5255 3299 5309 obti-

1726 5349 1918 5405 ncret,
1960 5356 2065 5395 non
2116 5340 2409 5395 secundum
2457 5341 2694 5395 ordinem
2754 5342 3105 5400 Melchisedec
3134 5388 3148 5410 ,
3203 5348 3297 5402 scd

1725 5434 2014 5487 secundum
2047 5433 2289 5488 ordinem
2318 5432 2496 5487 Aaron
2526 5435 2759 5501 oportuit
2809 5436 2933 5488 dici.
2959 5437 3089 5502 Quis
3139 5439 3297 5508 igitur

1727 5525 1827 5579 hoc
1870 5526 2033 5579 dicit?
2084 5526 2179 5579 llic
2231 5527 2344 5596 ipse
2393 5525 2481 5595 qui
2530 5525 2596 5580 de
2656 5526 2931 5583 sacriﬁciis
2984 5529 3231 5598 loquutus
3276 5572 3295 5597 ,

1724 5617 1791 5671 de
1819 5616 2028 5671 Christo
2048 5616 2315 5671 disserens
2340 5616 2440 5670 hoc
2467 5632 2677 5687 quoque
2713 5618 2911 5674 alicubi
2949 5619 3087 5674 dixit
3116 5641 3131 5673 :
3156 5620 3297 5675 Dia-it

1725 5710 1971 5764 Dominus
2018 5708 2234 5765 Domino
2283 5725 2430 5768 meo:
2461 5705 2644 5761 Sedea
2690 5710 2875 5764 dextris
2923 5714 3041 5767 meis
3094 5714 3120 5780 (
3150 5711 3313 5769 Ρεςιλ.Δ

1726 5806 1945 5869 100.1).
