3790 6242
408 417 414 424 _
431 339 532 395 99.3

498 452 551 507 5.
592 447 794 504 Deinde
834 460 902 500 ne
936 445 1054 514 quis
1081 441 1148 498 de
1173 440 1467 510 vulgarium
1499 438 1775 492 hominum
1822 437 2001 504 aliquo

426 543 786 612 suspicaretur
812 537 939 592 illud
964 551 1082 590 esse
1103 535 1321 600 dictum,
1348 549 1452 586 non
1483 533 1609 587 dicit
1632 532 1733 585 hoc
1763 531 1999 606 llesaias,

430 649 601 704 neque
622 628 912 692 Jeremias,
945 643 1112 696 neque
1142 626 1416 695 quisquam
1445 624 1581 678 alius
1606 625 1862 694 propheta
1893 623 1998 691 pri-

428 735 562 778 vata:
589 720 904 777 conditionis
928 760 942 782 ,
967 718 1060 771 sed
1090 718 1201 787 ipse
1231 733 1354 781 rex,
1395 726 1452 770 ut
1477 716 1828 784 intelligeres,
1861 713 2000 782 quod

428 832 533 870 non
563 814 729 882 possit
771 826 869 864 rex
911 809 1180 862 hominem
1205 807 1474 876 appellare
1516 820 1668 858 suum
1699 804 1994 867 Dominum,

424 904 520 960 sed
551 905 713 957 Deum
757 902 951 955 solum.
993 900 1122 956 Nam
1150 899 1194 952 si
1224 899 1462 966 privatus
1494 896 1716 959 fuisset,
1760 895 2001 948 fortassis

400 986 618 1066 ‘aliquis
657 993 934 1063 impudens
973 993 1223 1053 dixisset,
1271 989 1413 1042 illum
1453 988 1521 1041 de
1562 988 1776 1041 homine
1817 987 1996 1058 loqui;

427 1102 568 1142 nunc
594 1101 714 1140 eum
741 1100 834 1139 rex
870 1083 1058 1147 fuerit,
1087 1081 1354 1136 hominem
1382 1095 1484 1143 non
1524 1076 1864 1155 appellaverit
1890 1078 1995 1131 Do-

431 1181 634 1238 minum
661 1193 835 1231 suum.
863 1175 1137 1242 Quomodo
1161 1174 1300 1230 enim
1337 1173 1383 1226 si
1423 1171 1490 1226 de
1534 1172 1778 1240 quopiam
1810 1171 1998 1239 vulga-

432 1271 571 1324 rium
605 1269 876 1322 hominum
905 1266 1016 1320 lucc
1039 1265 1288 1336 loquutus
1313 1250 1498 1316 fuisset
1526 1261 1687 1314 David
1708 1302 1722 1322 ,
1754 1259 1996 1325 dixisset,

424 1361 565 1432 quod
594 1361 750 1415 etiam
775 1373 804 1410 a
831 1357 1030 1412 dextris
1051 1355 1379 1415 consedisset
1398 1353 1672 1408 inell’abilis
1691 1367 1752 1421 ac
1779 1367 1999 1406 summa:

424 1455 565 1508 illius
591 1450 920 1516 majestatis?
949 1449 1060 1502 Hoc
1085 1449 1228 1502 enim
1257 1446 1604 1515 impossibile.
1639 1445 1710 1498 De
1743 1447 1844 1498 hoc
1871 1458 2000 1498 vero

422 1546 527 1599 ait:
559 1543 699 1599 Dixit
730 1541 972 1593 Dominus
1013 1539 1225 1592 Domino
1251 1553 1380 1608 meo,
1416 1536 1597 1591 Sedea
1625 1534 1812 1608 dextris
1840 1535 1995 1597 meis,

422 1636 579 1690 donec
625 1649 809 1702 ponam
836 1632 1063 1684 inimicos
1111 1640 1224 1682 tuos
1275 1627 1543 1682 scabellum
1572 1626 1756 1694 pedum
1799 1636 1998 1699 tuorum

422 1724 592 1795 (Psal.
622 1723 744 1778 109.
777 1723 827 1776 1.
855 1719 946 1789 2).
977 1720 1177 1774 Deinde
1207 1734 1273 1792 ne
1303 1727 1518 1790 putares
1537 1731 1656 1773 eum
1685 1716 1996 1773 imbecillam

427 1831 548 1871 esse
573 1815 851 1883 minusque
878 1820 1145 1880 potentem
1168 1851 1184 1875 ,
1209 1810 1429 1875 Tecum,
1459 1811 1652 1877 inquit,
1685 1808 1998 1879 principatus

423 1917 494 1960 est
517 1906 568 1958 in
587 1905 759 1958 diebus
781 1902 1013 1972 potentia:
1035 1912 1133 1976 tua:
1153 1902 1170 1968 (
1194 1898 1274 1951 Ib.
1306 1914 1354 1952 υ.
1383 1899 1472 1968 5).
1500 1897 1821 1952 Manifestius
1840 1897 2002 1967 etiam

421 1996 698 2051 declarans
723 2034 737 2056 ,
782 1991 984 2046 addidit
1013 2007 1027 2043 :
1059 1989 1298 2050 Exulem
1319 1999 1438 2060 ante
1454 1986 1912 2057 Luciferumgenui
1932 1996 2000 2065 te.

420 2086 560 2142 Ante
585 2083 886 2142 Luciferum
925 2089 1098 2154 autem
1127 2081 1300 2134 nullus
1329 2080 1600 2148 hominum
1640 2079 1732 2133 fuit
1771 2081 1996 2148 genitus.

429 2177 506 2236 Tu
529 2180 762 2232 sacerdos
786 2176 838 2227 in
858 2183 1099 2230 (uernum
1123 2172 1395 2245 secundum
1427 2172 1652 2223 ordinem
1673 2169 1724 2224 Μ
1732 2169 2002 2240 elchisedec

426 2271 543 2341 (Ib.
577 2287 623 2325 υ.
654 2271 721 2326 4:
751 2268 906 2326 Hebr.
936 2269 988 2323 5.
1021 2268 1054 2322 6
1079 2269 1117 2336 ).
1144 2266 1257 2320 Non
1280 2266 1418 2320 dixit
1446 2266 1734 2340 secundum
1757 2265 1998 2334 ordinem

420 2365 620 2420 Aaron.
650 2361 878 2416 Proinde
902 2371 1215 2428 percontare
1251 2358 1492 2413 Judaeum
1519 2401 1533 2423 ,
1579 2359 1624 2413 si
1648 2358 1998 2412 sacerdotium

417 2465 569 2509 vetus
596 2469 700 2511 non
721 2461 836 2508 erat
862 2450 1255 2525 antiquandam,
1285 2465 1440 2519 quam
1471 2449 1538 2502 ob
1557 2463 1776 2504 causam
1799 2447 2000 2526 induxit

416 2547 576 2602 alium
603 2543 928 2600 sacerdotem
953 2521 1239 2595 secundum
1253 2527 1498 2592 ordinem
1531 2539 1896 2592 Melrhisedee.
1918 2521 1997 2591 Ad

418 2638 558 2697 hunc
605 2637 761 2706 igitur
785 2635 954 2703 ipsum
1000 2632 1174 2686 locum
1224 2630 1543 2699 perveniens
1593 2629 1822 2694 Paulus,
1873 2629 1996 2698 vide

415 2727 681 2799 quomodo
711 2727 855 2782 illum
899 2721 1280 2778 evidentiorem
1327 2720 1638 2775 reddiderit.
1683 2721 1816 2776 Cum
1849 2722 1990 2777 enim

416 2820 633 2875 dixisset
663 2818 728 2874 de
754 2817 987 2875 Christo,
1013 2812 1459 2885 quemadmodum
1489 2821 1542 2871 et
1577 2812 1698 2866 alibi
1732 2812 1993 2886 loquitur,

419 2913 496 2971 'l'u
514 2912 744 2966 sacerdos
770 2912 821 2963 in
841 2899 1081 2963 aiter-num
1096 2906 1369 2970 secundum
1393 2905 1618 2959 ordinem
1639 2904 1691 2957 Μ
1699 2905 1996 2964 elchisedec:

415 3002 717 3072 subjunxit:
751 3000 827 3054 De
853 3000 1156 3070 quo_multus
1177 2996 1317 3050 nobis
1346 3011 1531 3072 sermo,
1554 3003 1599 3048 et
1627 3005 1871 3049 enarrata
1889 2995 1994 3065 dif-

418 3096 563 3162 ﬁcilis
591 3093 714 3166 (Id.
740 3094 794 3148 5.
827 3091 955 3160 11).
1001 3088 1202 3157 Deinde
1229 3102 1350 3142 cum
1395 3087 1718 3172 increpasset
1763 3086 1995 3156 discipu-

418 3185 498 3240 los
517 3225 533 3251 ,
573 3193 633 3238 ut
662 3183 839 3252 paucis
867 3181 1040 3235 dicam
1062 3220 1077 3243 ,
1106 3179 1211 3240 ait,
1238 3178 1356 3244 quis
1385 3178 1474 3232 ille
1515 3178 1584 3232 sit
1611 3177 1993 3250 Melchisedec;

417 3287 472 3329 et
491 3273 703 3330 adducit
723 3272 1019 3336 historiam,
1041 3270 1112 3334 ita
1138 3282 1394 3322 narrans:
1422 3267 1521 3320 Hic
1547 3268 1761 3320 occurrit
1781 3266 1996 3344 Abrahaz

416 3365 682 3427 revertenti
707 3379 737 3416 a
777 3363 1059 3418 concisione
1083 3376 1255 3431 regum
1274 3397 1292 3424 ,
1322 3358 1667 3436 benedixitque
1691 3357 1790 3421 illi,
1821 3359 1901 3421 cui
1947 3367 1995 3410 et

415 3457 634 3510 decimas
658 3454 722 3513 de
748 3452 976 3506 omnibus
1015 3449 1299 3518 impartitus
1343 3460 1415 3502 est
1464 3447 1720 3524 Abraham
1763 3447 1892 3518 (Id.
1939 3447 1993 3503 7.

416 3550 468 3601 1.
507 3545 598 3610 2).
645 3544 772 3598 Post
809 3542 1053 3611 aperiens
1097 3539 1573 3594 considerationem
1612 3539 1822 3606 figura):
1866 3538 1994 3592 Con-

415 3635 726 3706 templamini
753 3643 919 3686 autem
960 3640 1178 3700 quantus
1216 3631 1280 3701 sit
1318 3632 1411 3685 iste
1433 3672 1449 3694 ,
1500 3630 1704 3700 inquit,
1733 3631 1816 3683 cui
1841 3631 1992 3688 etiam

418 3728 637 3784 decimas
672 3725 734 3778 de
760 3724 987 3778 omnibus
1011 3722 1296 3791 impartitus
1325 3731 1398 3774 est
1427 3721 1677 3774 Abraham
1708 3721 1994 3791 patriarcha

417 3819 539 3891 (Id.
585 3829 636 3875 υ.
685 3817 781 3887 4).
830 3813 941 3882 Hoc
989 3823 1167 3867 autem
1209 3827 1314 3866 non
1341 3812 1458 3878 sine
1495 3827 1656 3884 causa
1682 3811 1858 3894 dixit,
1899 3811 1992 3865 sed

415 3907 698 3973 ostendere
726 3906 961 3975 cupiens,
987 3905 1152 3958 multo
1181 3903 1350 3971 majus
1377 3916 1495 3956 esse
1521 3902 1869 3956 sacerdotium
1895 3916 1992 3956 no-

413 4013 582 4058 strum
605 4015 761 4070 quam
789 3995 1118 4052 Judtcorum.
1145 3995 1316 4065 Atque
1342 3994 1393 4046 in
1421 3994 1550 4062 ipsis
1577 3993 1714 4064 typis
1743 3994 1886 4062 prius
1910 4008 1994 4047 re-

413 4107 530 4153 rum
555 4089 865 4154 excellentia
889 4087 1202 4142 declaratur.
1234 4085 1362 4139 Nam
1389 4083 1650 4138 Abraham
1690 4087 1848 4145 lsaaci
1883 4094 1994 4139 erat

413 4193 562 4254 pater
581 4224 596 4248 ,
642 4197 772 4236 avus
799 4180 1014 4242 Jacobi,
1046 4193 1274 4247 proavus
1304 4177 1428 4230 Levi
1458 4219 1472 4242 ,
1518 4177 1778 4246 siquidem
1814 4177 1992 4230 Jacobi

414 4275 555 4338 ﬁlius
597 4280 713 4330 erat
738 4270 886 4324 Levi.
931 4270 1004 4322 Ex
1034 4262 1160 4322 Levi
1205 4267 1556 4324 sacerdotium
1601 4267 1738 4336 apud
1782 4267 1993 4323 Judzcos

411 4364 636 4435 sumpsit
653 4360 930 4429 originem.
957 4357 1152 4412 Verum
1175 4357 1260 4410 hic
1281 4356 1545 4436 Abraham
1575 4357 1874 4426 progenitor
1895 4358 1994 4412 Le-

412 4455 634 4508 vitarum
660 4466 722 4505 ac
742 4449 1080 4518 Judaicorum
1109 4447 1443 4505 sacerdotum
1475 4447 1573 4500 sub
1600 4447 1951 4523 Melchisedec
1971 4491 1985 4514 ,

411 4542 503 4610 qui
531 4550 713 4612 typum
737 4540 952 4610 gerebat
977 4539 1144 4592 nostri
1172 4538 1474 4601 sacerdotii,
1510 4538 1628 4592 laici
1659 4538 1829 4612 locum
1855 4541 1991 4594 obti-

411 4633 546 4698 nuit,
571 4633 728 4706 idque
755 4631 952 4700 duplici
997 4630 1155 4686 modo
1201 4629 1524 4684 declaravit:
1576 4632 1800 4699 primum
1848 4634 1987 4700 quod

410 4727 488 4782 illi
529 4725 736 4780 dederit
773 4725 1046 4779 decimas:
1079 4738 1200 4777 nam
1230 4723 1348 4776 laici
1389 4722 1757 4778 sacerdotibus
1785 4724 1990 4798 dabant

407 4820 640 4874 decimas
663 4835 678 4884 ;
706 4805 897 4872 deinde
917 4816 1056 4886 quod
1083 4815 1501 4870 benedictionem
1529 4817 1869 4884 acceperitab
1888 4833 1984 4872 eo:

406 4911 599 4967 ctenim
631 4909 752 4964 laici
792 4925 820 4962 a
857 4907 1217 4964 sacerdotibus
1256 4905 1674 4962 benedictionem
1704 4909 1984 4976 accipiunt.

408 5002 640 5058 Rursum
683 5001 958 5056 considera
999 5041 1014 5066 ,
1075 5007 1269 5068 quanta
1327 4999 1394 5052 sit
1454 4999 1763 5054 excellentia
1817 5001 1985 5054 nostri

405 5093 717 5161 sacerdotii,
762 5090 970 5160 quando
1010 5090 1274 5144 Abraham
1308 5090 1599 5156 patriarcha
1643 5090 1941 5144 Judrcorum
1967 5134 1981 5157 ,

406 5184 704 5252 progenitor
730 5182 1027 5236 Levitarum
1050 5223 1065 5246 ,
1097 5182 1420 5250 comperitur
1449 5182 1868 5248 benedictionem
1897 5199 1984 5238 ac-

403 5277 579 5342 cipere
603 5291 633 5328 a
662 5273 1024 5332 Melchisedec.
1057 5273 1235 5342 illique
1261 5271 1387 5328 dare
1417 5271 1649 5327 decimas
1669 5261 1818 5329 (Gen.
1853 5275 1980 5345 14).

411 5365 537 5418 Nam
571 5373 849 5432 utrumque
894 5373 1071 5418 narrat
1102 5364 1262 5417 Vetus
1285 5363 1681 5436 Testamentum
1766 5377 1820 5419 et
1843 5367 1981 5436 quod

403 5453 752 5508 Melehisedec
793 5454 1118 5508 benedixerit
1154 5453 1418 5518 Abrahae,
1459 5464 1514 5508 et
1557 5455 1696 5524 quod
1744 5455 1981 5511 decimas

403 5545 471 5605 ah
498 5560 564 5598 eo
593 5546 869 5612 acceperit.
919 5545 1009 5599 llis
1054 5546 1212 5614 igitur
1241 5546 1368 5614 ipsis
1407 5547 1457 5600 in
1487 5549 1712 5602 medium
1742 5551 1980 5605 adductis

420 5636 610 5698 l'aulus
631 5636 869 5692 dicebat:
912 5638 1251 5704 Considerate,
1283 5623 1506 5709 quantus
1535 5651 1612 5702 est
1650 5643 1787 5696 iste?
1816 5643 1978 5710 Quis?

407 5726 763 5795 uclrltiwdec,
793 5728 991 5798 inquit,
1043 5730 1124 5780 cui
1164 5730 1313 5800 etiam
1366 5730 1580 5804 decimas
1618 5732 1868 5806 Abraham
1913 5751 1974 5788 ca:

1135 328 1188 379 S.
1231 323 1505 380 JOANNIS
1542 317 2012 377 CIIRYSOSTOMI
2055 318 2366 376 ARCHIEP.
2407 319 2938 388 CONSTANTINOP.

3601 328 3700 387 99.:

2114 437 2377 505 prazcipuis
2431 436 2600 500 dedit,
2659 438 2882 506 ipsorum
2945 439 3252 507 patriarcha.
3318 441 3392 495 Et
3435 442 3700 507 trucidati:

2105 527 2186 595 qui
2213 537 2327 580 sunt
2356 543 2417 580 ea:
2444 529 2563 596 ﬁliis
2611 528 2762 591 Levi,
2809 530 3141 583 sacerdotium
3179 534 3491 603 accipientes
3510 574 3530 597 ,
3563 549 3699 588 mam

2106 625 2278 670 datum
2335 619 2548 685 habent,
2589 629 2642 672 ut
2685 621 2903 673 decimas
2944 623 3192 690 accipiant
3234 639 3267 675 a
3307 627 3510 694 populo
3533 666 3550 687 ,
3617 625 3701 678 lto»:

2103 720 2177 763 est
2237 726 2270 761 α
2330 709 2569 780 fratribus
2615 712 2754 776 suis,
2803 729 3102 786 quamquam
3159 719 3371 784 egressis
3431 733 3460 770 e
3527 718 3702 770 lambis

2104 803 2318 870 Abrahae
2346 803 2366 876 (
2395 802 2550 856 Hebr.
2583 805 2635 876 Ἰ.
2662 805 2715 858 4.
2745 804 2838 872 5).
2867 803 3016 871 Quod
3045 817 3219 861 autem
3247 806 3414 872 dicit,
3457 807 3576 874 tale
3604 819 3699 862 est.

2115 895 2314 949 Levita:
2336 936 2352 958 ,
2384 895 2595 965 inquit,
2641 897 2728 966 qui
2759 896 2900 966 apud
2927 897 3140 952 Judteos
3172 907 3295 952 sunt
3343 900 3699 958 sacerdotes.

2107 986 2409 1043 mandatum
2439 995 2760 1056 acceperunt
2779 972 2926 1056 juxta
2956 989 3151 1066 legem,
3175 1001 3231 1044 ut
3260 990 3517 1066 decimas

2108 1085 2295 1142 pereat
2319 1077 2387 1130 ab
2411 1077 2528 1130 aliis
2554 1076 2771 1148 ludatis.
2802 1077 3042 1146 Tametsi
3064 1064 3251 1134 omnes
3273 1064 3552 1150 progeniti
3581 1091 3701 1135 sunt

2108 1180 2171 1219 ex
2206 1165 2472 1220 Abraham
2493 1209 2507 1231 ,
2538 1176 2642 1220 tam
2673 1167 2869 1222 Levita:
2892 1212 2906 1233 ,
2939 1184 3104 1241 quam
3141 1171 3381 1239 reliquus
3428 1171 3697 1241 populus,

2109 1256 2451 1310 nihilominus
2478 1257 2711 1312 decimas
2745 1260 3008 1328 accipiunt
3037 1274 3066 1313 a
3095 1259 3347 1316 fratribus
3386 1262 3532 1316 suis.
3585 1261 3701 1316 lel-

2109 1350 2356 1404 chisedcc
2381 1365 2525 1412 vero,
2555 1351 2642 1419 qui
2673 1365 2775 1423 non
2805 1351 2947 1406 ducit
2976 1353 3231 1422 originem
3272 1353 3341 1407 ab
3374 1353 3532 1420 illis,
3561 1351 3584 1423 (
3608 1368 3698 1409 ne-

2103 1460 2207 1512 que
2232 1443 2375 1499 enim
2397 1459 2463 1507 ex
2484 1444 2750 1519 Abraham
2773 1447 3080 1515 progenitus
3099 1457 3232 1511 erat,
3261 1463 3446 1518 neque
3471 1463 3545 1506 ex
3571 1450 3702 1502 tribu

2101 1534 2354 1600 Levitica,
2381 1535 2474 1589 sed
2496 1550 2558 1588 ex
2580 1535 2684 1607 alio
2703 1540 2938 1608 genere)
2964 1537 3246 1603 decimavit
3266 1539 3579 1602 Abraham,
3612 1541 3700 1595 hoc
3788 1534 3790 1592 ἰ

2103 1625 2427 1680 estdecimas
2444 1627 2645 1700 accepit
2676 1627 2742 1679 ab
2765 1627 3050 1682 Abraham.
3073 1628 3180 1684 Nec
3197 1629 3249 1684 id
3282 1631 3490 1695 solum,
3519 1646 3698 1685 verum
3788 1633 3790 1644 ³

2102 1728 2156 1772 et
2195 1719 2335 1772 aliud
2353 1719 2599 1788 quiddam
2621 1718 2965 1790 fecitzeidem
2992 1722 3080 1792 qui
3116 1723 3521 1791 promissiones
3546 1724 3700 1778 habe-
3788 1763 3790 1804 ι

2106 1809 2211 1872 bat,
2234 1808 2477 1882 videlicet
2491 1811 2812 1878 Abrahamo,
2827 1810 3113 1884 benedixit.
3132 1812 3200 1867 Et
3213 1814 3342 1883 quid
3354 1813 3491 1880 hoc,
3509 1815 3698 1885 inquis,

2102 1900 2392 1970 significat?
2416 1901 2567 1967 Quod
2591 1902 2676 1956 hic
2697 1903 2785 1956 illo
2811 1905 2976 1957 multo
2993 1904 3063 1958 sit
3092 1904 3338 1960 inferior.
3372 1905 3698 1973 Quomodo?

2105 1991 2242 2044 Citra
2260 2008 2450 2058 omnem
2468 1995 2850 2066 controuersiam
2865 1995 2998 2064 quod
3012 1995 3177 2050 minus
3192 2007 3265 2050 est
3281 2013 3314 2048 a
3335 1999 3547 2067 majore
3561 1999 3696 2051 ιω.
3788 1987 3790 2054 ἶ

2103 2083 2368 2138 dictionem
2396 2087 2577 2156 accipit
2605 2085 2824 2156 (lbid.v.
2847 2087 2924 2158 7).
2965 2089 3145 2158 Itaque
3162 2090 3262 2143 nisi
3281 2091 3570 2144 Abraham
3591 2108 3697 2160 pl'o-
3788 2077 3790 2086 ’

2102 2175 2307 2245 genitor
2325 2175 2626 2247 Levitarum
2649 2178 2834 2233 fuisset
2856 2178 3070 2235 inferior
3083 2180 3477 2245 Melchisedec,
3511 2198 3696 2250 nequi-

2103 2282 2258 2334 quam
2283 2267 2357 2320 illi
2380 2267 2466 2322 bic
2487 2269 2863 2342 benedixisset,
2887 2285 3056 2340 neque
3080 2272 3203 2326 huic
3224 2272 3319 2327 ille
3342 2274 3594 2326 decimas
3618 2275 3696 2329 de

2101 2359 2285 2414 disset.
2320 2361 2518 2416 Deinde
2544 2361 2726 2416 volens
2749 2363 3056 2428 ostendere,
3083 2379 3178 2433 per
3210 2363 3589 2424 Melchisedoc
3609 2365 3696 2422 hoc

2103 2449 2400 2524 advenisse,
2449 2451 2675 2520 subjecit
2713 2453 2896 2509 dicens
2940 2473 2954 2508 :
2986 2453 3118 2508 Etut
3133 2456 3205 2508 ita
3244 2456 3459 2525 loquar,
3483 2457 3588 2512 hoc
3606 2470 3693 2513 est.

2101 2541 2506 2610 propemodum,
2529 2559 2617 2612 per
2641 2544 2893 2600 Abraham
2912 2547 3175 2617 etiamipse
3197 2547 3343 2611 Levi,
3368 2551 3465 2617 qui
3490 2552 3693 2602 decium

2103 2633 2586 2709 accipit,decimatus
2605 2644 2676 2687 est
2699 2628 2806 2700 (Ib.
2828 2619 2872 2685 ιι.
2894 2630 2927 2685 9
2939 2646 2971 2690 ,I.
2988 2630 3124 2696 Quid
3145 2647 3254 2698 est,
3276 2637 3592 2711 decimatas
3611 2639 3699 2688 est?

2102 2705 2344 2777 Decimus
2354 2724 2499 2798 dedit
2510 2722 2855 2799 Melchisedec
2869 2733 2922 2777 et
2938 2725 3047 2791 ipse
3058 2725 3205 2786 Levi,
3221 2728 3318 2794 qui
3339 2709 3590 2781 nondum
3599 2742 3695 2782 erat

2100 2815 2307 2884 genitus
2326 2830 2423 2884 per
2440 2823 2642 2884 patrem
2658 2815 2841 2884 ipsius,
2865 2817 3047 2884 inquit.
3071 2816 3252 2869 Adhuc
3281 2820 3425 2871 enim
3443 2820 3503 2872 in
3532 2821 3697 2872 tamen

2102 2907 2258 2974 patris
2274 2916 2376 2959 erat
2396 2923 2510 2980 cum
2524 2915 2801 2970 occurreret
2811 2906 3025 2978 Abraha:
3044 2906 3410 2962 Melchisedec.
3428 2909 3572 2964 Nam
3593 2910 3696 2964 ideo

2102 2997 2202 3051 hoc
2231 3012 2494 3067 occupans
2530 2998 2696 3062 dixit,
2731 2997 2801 3052 Ut
2838 2999 2910 3051 ita
2951 2999 3148 3068 loquar.
3181 2999 3296 3054 Cur
3343 3001 3470 3057 haec
3510 3003 3698 3058 diceret

2103 3088 2342 3163 subjicit:
2373 3089 2432 3143 Si
2457 3092 2816 3162 consummatio
2845 3090 2999 3161 igitur
3041 3101 3147 3144 erat
3173 3108 3264 3159 per
3293 3091 3598 3148 Leviticuns
3620 3112 3693 3147 sa-

2101 3181 2377 3240 cerdotium
2399 3197 2418 3236 :
2445 3181 2662 3250 papulas
2703 3181 2835 3234 enim
2861 3179 2953 3235 sub
2986 3181 3075 3234 illo
3103 3183 3266 3252 legem
3307 3186 3560 3253 accepit;
3588 3187 3695 3254 quid

2102 3286 2229 3340 Opus
2253 3280 2359 3323 erat
2387 3271 2568 3326 deinde
2592 3271 2863 3325 secundum
2884 3273 3108 3325 ordinem
3137 3272 3498 3327 Melchisedec
3524 3279 3696 3329 exoriri

2103 3363 2259 3415 alium
2286 3363 2600 3424 sacerdotem
2631 3364 2719 3434 qui
2740 3379 2840 3416 non
2869 3364 3066 3416 dicatur
3084 3365 3240 3433 juxta
3259 3366 3510 3422 ordinem
3535 3367 3692 3420 Aaron

2101 3452 2277 3524 (Ibid.
2307 3469 2354 3510 υ.
2390 3456 2449 3508 11
2475 3455 2533 3526 )?
2561 3455 2695 3520 Quid
2735 3465 2911 3519 autem
2954 3463 3036 3510 est
3082 3455 3222 3525 quod
3249 3455 3430 3510 dicit?
3470 3457 3531 3512 Si
3582 3473 3693 3523 res.

2100 3545 2287 3614 inquit,
2318 3554 2470 3600 erant
2495 3544 2765 3614 perfectae,
2800 3561 2917 3615 qua:
2943 3545 3263 3616 gerebantur
3284 3549 3437 3616 apud
3465 3534 3696 3612 ludens,

2100 3649 2270 3704 neque
2307 3635 2391 3698 lex
2419 3645 2533 3690 erat
2559 3637 2744 3691 umbra
2787 3635 3082 3690 futurorum
3119 3638 3388 3692 bonorum
3413 3681 3431 3704 ,
3468 3643 3567 3697 sed
3593 3643 3696 3712 ipsa

2101 3737 2268 3781 totum
2292 3727 2585 3803 efficiebat,
2614 3743 2713 3798 nec
2739 3727 2969 3783 futurum
2999 3737 3142 3794 erat,
3169 3738 3229 3782 ut
3251 3730 3521 3794 cuiquam
3554 3731 3688 3783 alteri

2102 3818 2356 3884 cederet,
2387 3835 2559 3890 neque
2589 3828 2646 3872 ut
2675 3820 3028 3875 sacerdotium
3053 3822 3200 3890 prius
3227 3831 3483 3875 cessaret
3507 3864 3524 3886 ,
3567 3824 3687 3874 alte-

2099 3926 2321 3980 rumque
2348 3910 2705 3978 induceretur,
2733 3927 2828 3967 cur
2857 3912 3112 3982 propheta
3138 3912 3306 3983 dixit:
3341 3913 3426 3966 Tu
3457 3931 3517 3967 es
3544 3932 3688 3968 sacer-

2099 4001 2190 4054 dos
2216 4002 2270 4054 in
2296 4010 2533 4068 internum
2566 4003 2838 4077 secundum
2861 4003 3086 4057 ordinem
3123 4003 3471 4058 Melchisedec
3501 4008 3520 4072 (
3547 4005 3684 4059 Psal.

2099 4093 2221 4148 109.
2253 4093 2370 4166 4)“ἰ
2397 4094 2683 4150 Dicendum
2727 4095 2867 4150 enim
2893 4105 3066 4162 ,erat,
3114 4097 3408 4152 secundum
3443 4098 3683 4154 ordinem

2099 4187 2296 4240 Aaron.
2335 4185 2536 4258 idcirco
2571 4188 2689 4242 ait:
2729 4188 2773 4258 si
2820 4189 3202 4255 consummatio
3244 4205 3345 4259 per
3386 4189 3682 4246 Leviticnm

2097 4279 2451 4333 sacerdotium
2482 4289 2596 4334 erat
2619 4321 2634 4344 ,
2663 4280 2789 4349 quid
2819 4281 3010 4335 deinde
3065 4295 3197 4351 Opus
3225 4292 3343 4337 erat
3386 4283 3680 4346 secundum

2098 4371 2337 4426 ordinem
2374 4371 2728 4428 Melchisedee
2764 4374 2957 4427 exoriri
2987 4375 3320 4448 sacerdotem
3352 4377 3527 4430 alium
3553 4419 3569 4442 ,
3595 4379 3679 4446 qui

2097 4477 2200 4514 non
2249 4461 2514 4520 diceretur
2558 4463 2847 4524 secundum
2891 4464 3130 4528 ordinem
3177 4467 3406 4521 Aaron?
3453 4468 3538 4522 Ex
3584 4468 3678 4520 hoc

2102 4555 2242 4607 enim
2275 4553 2475 4623 liquet,
2525 4556 2651 4610 illud
2681 4557 3031 4612 sacerdotium
3079 4560 3234 4614 linem
3265 4560 3545 4631 accepisse
3567 4603 3584 4628 ,
3628 4573 3679 4616 es

2094 4643 2238 4702 aliud
2270 4645 2322 4698 in
2362 4645 2502 4700 illius
2527 4646 2700 4701 locum
2747 4647 3015 4702 inductum
3043 4663 3160 4703 esse
3191 4650 3362 4705 multo
3387 4654 3588 4706 melius
3613 4667 3672 4705 ac

2093 4733 2387 4790 sublimius.
2414 4737 2523 4792 Hoc
2543 4746 2715 4792 autem
2740 4740 2929 4806 evicto,
2953 4741 3112 4803 simul
3133 4751 3182 4795 et
3205 4743 3334 4796 illud
3358 4745 3408 4797 in
3429 4747 3676 4801 confise

2093 4832 2194 4889 est,
2220 4825 2377 4878 alium
2407 4828 2564 4880 etiam
2595 4826 2714 4902 vitae
2731 4837 2924 4882 statum
2953 4829 3248 4894 sacerdotio
3268 4846 3671 4900 congruentem.

2093 4915 2248 4967 simul
2295 4916 2645 4971 inducendum
2687 4917 2847 4972 fuisse
2870 4960 2886 4981 ,
2918 4903 3125 4974 necnon
3154 4923 3321 4990 legem
3353 4926 3635 4980 meliorem
3656 4967 3672 4988 .

2092 5005 2337 5059 nimirum
2387 5018 2642 5062 nostram.
2689 5008 2839 5074 Quod
2885 5023 3014 5064 sane
3042 5011 3417 5068 demonstrans
3485 5017 3702 5072 Paulus

2091 5095 2334 5150 dicebat:
2364 5095 2631 5151 Translata
2676 5101 2806 5152 enim
2834 5102 3115 5155 sacerdotio
3143 5143 3158 5168 ,
3202 5108 3490 5158 necessario
3531 5111 3588 5174 ﬁt
3630 5119 3671 5159 et

2091 5186 2212 5256 legis
2238 5189 2500 5242 translatio
2520 5230 2536 5252 ,
2579 5199 2626 5243 et
2653 5191 2829 5261 horum
2871 5193 3100 5265 conditor
3123 5204 3193 5246 est
3219 5212 3351 5248 unus
3394 5197 3593 5267 (Hebr.
3621 5201 3667 5253 τ.

2091 5279 2158 5332 12
2179 5279 2222 5349 ).
2253 5279 2385 5347 Quia
2411 5281 2550 5334 enim
2583 5281 2836 5350 pleraque
2864 5283 3047 5352 legalia
3075 5284 3216 5356 circa
3252 5288 3546 5344 sacerdotii
3573 5292 3664 5343 mi-

2087 5371 2300 5424 nisteria
2327 5373 2708 5439 consistebant,
2759 5376 2902 5443 prius
2929 5386 3106 5430 autem
3133 5379 3496 5434 sacerdotium
3549 5400 3648 5452 pro

2088 5460 2318 5529 (ligatum
2348 5473 2467 5528 est,
2518 5465 2768 5518 nimirum
2808 5466 2914 5519 alio
2940 5467 2990 5519 in
3038 5468 3176 5521 illius
3202 5471 3376 5524 vicem
3424 5473 3660 5534 inducto,

2087 5553 2468 5622 legislationem
2498 5558 2655 5611 etiam
2702 5560 2972 5614 meliorem
3021 5561 3072 5613 in
3105 5563 3242 5617 illius
3270 5564 3444 5619 locum
3490 5567 3657 5622 induci

2084 5647 2338 5713 oportuit.
2369 5647 2610 5704 Posthmc
2652 5649 2956 5717 declarans,
2985 5655 3052 5708 de
3077 5671 3184 5724 quo
3212 5656 3328 5711 hmo
3357 5659 3524 5726 dicat,
3554 5665 3653 5714 ait:

2089 5735 2166 5790 De
2189 5755 2286 5810 quo
2309 5740 2436 5794 enim
2464 5739 2697 5814 dicuntur
2716 5744 2843 5811 hare,
2869 5747 3072 5801 alterius
3095 5748 3253 5804 tribus
3273 5753 3527 5822 particeps
3549 5757 3653 5823 fxit,
