3906 6236
148 322 264 378 9‘23

222 437 288 491 ε’.
323 428 480 496 Εἶτα,
512 433 600 486 ἵνα
631 435 704 504 μὴ
733 436 857 502 περί
889 452 1030 498 τινος
1062 435 1169 486 τῶν
1192 433 1400 486 πολλῶν
1421 428 1720 501 ἀνθρώπων

141 519 311 573 τοῦτο
343 518 624 589 ὑποπτεύῃ
657 535 740 580 τις
766 519 1040 587 λέγεσθαι,
1079 518 1138 572 οῦ
1171 535 1334 588 φησιν
1365 517 1494 570 αὐτὸ
1521 517 1550 568 6
1569 512 1721 586 [669]

154 601 422 668 Ἣσαῖας,
455 602 579 656 οῦτε
639 604 926 674 Ἱερεμίας,
977 603 1098 656 οὔτε
1126 603 1283 667 ἀλλος
1312 619 1394 665 τις
1439 600 1724 671 προφήτης

149 686 376 756 ἰδιώτης
401 687 711 756 γενόμενος,
729 686 844 758 ἀλλ’
867 687 1028 750 αὐτὸς
1057 689 1085 739 6
1110 685 1378 754 βασιλεὺς,
1399 683 1507 756 [ἵνα
1526 681 1721 754 μάθῃς.

144 771 235 823 ὃτι
275 771 334 837 6]
360 771 613 838 βασιλεὺς
635 771 691 823 δὲ
725 770 928 840 Κύριον
957 769 1147 823 ἑαυτοῦ
1169 770 1357 822 οὐδένα
1381 767 1604 820 καλέσαι
1635 764 1725 816 δύ-

144 870 338 914 ναται,
368 853 481 907 ἀλλ’
508 855 541 924 ἢ
563 853 654 906 τὸν
680 853 810 905 Θεὸν
845 853 1022 924 μόνον.
1048 854 1106 905 Εἰ
1140 854 1236 922 μὲν
1261 852 1370 921 γάρ
1396 850 1608 918 ἰδιώτης
1632 844 1720 918 ἦν,

144 937 285 1000 ἴσως
309 939 374 992 ἄν
415 955 499 1001 τις
527 935 647 989 εἷπε
680 937 786 989 τῶν
813 936 1326 1006 ἀναισχυντούντων,
1363 937 1445 988 ὅτι
1475 933 1600 998 περὶ
1639 935 1726 986 ἁν-

143 1020 377 1093 θρὼπου
405 1022 550 1089 λέγει
573 1037 585 1050 °
619 1022 736 1073 νυνὶ
765 1020 821 1072 δέ
847 1020 1100 1093 βασιλεὺς
1127 1019 1200 1072 ῶν
1218 1019 1500 1090 ἄνθρωπον
1530 1015 1721 1070 ἑαυτοῦ

141 1107 360 1177 Κύριον
383 1107 484 1160 οῦκ
505 1106 570 1159 ἂν
599 1105 872 1168 ἐκάλεσεν,
893 1088 1015 1167 Πῶς
1040 1105 1084 1156 δ’
1104 1105 1190 1163 ἂν,
1221 1107 1268 1157 εί
1300 1105 1424 1176 περί
1453 1121 1594 1166 τινος
1617 1101 1724 1154 τῶν

141 1189 367 1242 πολλῶν
399 1187 699 1256 ἀνθρώπων
728 1187 879 1255 ἔλεγε
911 1185 1084 1240 ταῦτα
1121 1189 1149 1240 6
1179 1186 1360 1248 Δαυῒδ,
1401 1182 1551 1238 εἶπεν
1587 1183 1721 1255 [ἂν,ι

137 1274 231 1328 ὅτι
263 1273 332 1326 ἐκ
363 1271 552 1337 δεξιῶν
587 1270 806 1324 ἐκάθισε
851 1271 950 1340 τῆς
982 1271 1292 1341 ἀπορρήτου
1338 1270 1432 1322 καὶ
1483 1269 1726 1339 μεγάλης

137 1357 312 1424 δόξης
343 1357 588 1426 ἐκείνηςς
629 1354 786 1408 τοῦτο
810 1355 918 1425 γὰρ
960 1356 1255 1425 ἀμήχανον.
1293 1354 1427 1425 Περὶ
1449 1353 1504 1406 δὲ
1533 1351 1722 1406 τούτου

140 1441 317 1510 φησίν
338 1455 350 1467 ·
394 1435 582 1491 Εἶπεν
625 1441 658 1492 ό
700 1439 912 1506 Κύριος
937 1436 1017 1502 τῷ
1044 1440 1238 1504 Κυρίῳ
1256 1455 1404 1504 μου,
1426 1435 1620 1490 Κάθου
1653 1435 1722 1488 ἐκ

137 1521 370 1586 δεξιῶν
388 1539 528 1590 μου,
557 1521 669 1586 ἕως
698 1519 774 1574 ἂν
804 1519 885 1576 θῶ
914 1521 1054 1586 τοὺς
1079 1521 1330 1590 ἐχθρούς
1355 1535 1470 1574 σου
1498 1519 1734 1573 ὑποπό-

138 1605 284 1664 διον
309 1603 427 1658 τῶν
450 1602 651 1656 ποδῶν
673 1619 808 1656 σου.
841 1599 1003 1665 Εἶτα,
1039 1604 1128 1658 ἵνα
1162 1603 1236 1674 μὴ
1266 1603 1519 1674 νομίσῃς,
1563 1602 1723 1655 αὐτὸν

137 1687 356 1758 ἀσθενῆ
398 1682 538 1740 εἶναι
576 1686 671 1739 καὶ
704 1685 1086 1750 ἀδυνατοῦντα,
1124 1688 1388 1756 ἐπήγαγε,
1424 1686 1584 1739 Μετὰ
1607 1685 1724 1740 σοῦ

137 1772 181 1837 ἡ
216 1771 379 1839 ἁρχὴ
395 1771 466 1822 ἐν
488 1769 677 1838 ἡμέρᾳ
706 1767 817 1835 τῆς
845 1768 1150 1836 δυνάμεώς
1175 1784 1310 1822 σου.
1337 1769 1444 1822 Καὶ
1466 1768 1726 1837 σαφέστε-

143 1873 244 1926 ρον
293 1854 472 1922 δηλῶν
516 1854 734 1919 ἔλεγεν,
805 1853 905 1919 Ἐκ
954 1851 1215 1920 γαστρὸς
1257 1852 1370 1920 πρὸ
1415 1852 1724 1920 ἑωσφόρον

137 1937 453 2008 ἑγέννησά
476 1954 569 1992 σε.
601 1937 716 2006 Πρὸ
735 1934 1011 2005 ἐωσφὸρου
1039 1934 1094 1988 δὲ
1110 1935 1283 1998 οὐδεὶς
1305 1934 1605 2006 ἀνθρώπων
1631 1953 1726 2004 γε·

137 2023 432 2092 γέννηται.
461 2021 542 2074 Σὺ
572 2019 763 2087 ἱερεὺς
786 2021 874 2084 είς
901 2017 1008 2071 τὸν
1037 2016 1221 2071 αἰῶνα
1246 2021 1394 2072 κατὰ
1417 2023 1532 2086 τὴν
1552 2019 1724 2083 τάξιν

136 2103 548 2174 Μελχισεδέκ.
606 2103 716 2156 Οὐκ
765 2097 884 2154 εἷπε
909 2141 923 2164 ,
977 2100 1114 2154 κατά
1152 2101 1250 2172 τὴν
1301 2101 1454 2167 τάξιν
1494 2101 1720 2171 Ἀαρών.

153 2187 474 2258 Ἐρώτησον
506 2187 684 2239 τοίνυν
714 2185 806 2257 τὸν
853 2185 1120 2244 Ἰουδαῖον.
1155 2187 1202 2237 εί
1230 2184 1303 2255 μὴ
1336 2185 1556 2255 ἔμελλεν
1586 2188 1618 2254 ἠ
1647 2187 1725 2237 ἱε-

144 2270 374 2340 ρωσύνη
407 2268 771 2322 καταλύεσθαι
801 2271 836 2339 ἡ
873 2267 1075 2322 παλαιὰ
1095 2307 1109 2328 ,
1135 2267 1278 2330 τίνος
1325 2269 1512 2322 ἕνεκεν
1541 2269 1725 2338 ἕτερον

141 2355 454 2423 εἰσήγαγεν
509 2351 658 2423 ίερέα
713 2352 854 2404 κατά
913 2351 1007 2421 τὴν
1040 2350 1191 2417 τάξιν
1240 2351 1590 2420 Μελχισεδέκ.
1632 2351 1726 2413 Εἰς

139 2437 311 2491 τοῦτο
338 2435 467 2504 γοῦν
493 2427 622 2488 αὐτὸ
653 2435 712 2488 τὸ
740 2433 936 2506 χωρίον
967 2435 1133 2487 ἐλθὼν
1165 2437 1192 2487 6
1225 2434 1449 2507 Παῦλος,
1473 2435 1575 2505 δρα
1610 2433 1726 2498 πῶς

142 2521 287 2578 αὐτὸ
325 2519 656 2589 σαφέστερον
682 2519 953 2588 ἐποίησεν.
981 2517 1164 2571 Εἱπὼν
1193 2517 1302 2589 γὰρ
1320 2517 1447 2588 περὶ
1475 2518 1564 2572 τοῦ
1591 2519 1726 2586 Χρι-

145 2599 309 2662 στοῦ,
342 2604 425 2656 ὅτι
453 2601 635 2664 καθὼς
671 2603 728 2653 ἐν
777 2602 946 2672 ἑτέρῳ
973 2601 1141 2670 λέγει,
1169 2601 1251 2655 Σὺ
1277 2601 1468 2669 ἱερεὺς
1495 2603 1581 2665 είς
1621 2600 1728 2654 τὸν

143 2687 343 2740 αἰῶνα
374 2673 524 2738 κατᾶ
549 2687 662 2752 τὴν
685 2683 860 2747 τάξιν
894 2684 1283 2754 Μελχισεδὲκ,
1315 2685 1562 2754 ἐπήγαγε
1583 2699 1596 2712 '
1623 2687 1728 2736 Πε-

135 2762 206 2838 τι
247 2765 321 2824 οὗ
374 2769 570 2842 πολὺς
602 2769 746 2836 ἡμῖν
787 2772 820 2822 ὁ
851 2771 1032 2835 λόγος
1081 2768 1175 2821 καί
1229 2768 1722 2837 δυσερμήνευτος.

145 2850 313 2927 Εἶτα,
345 2854 676 2922 ἐπιτιμήσας
703 2855 815 2913 τοῖς
849 2850 1135 2922 μαθηταῖς,
1175 2851 1254 2916 δεῖ
1282 2851 1388 2922 γάρ
1424 2854 1723 2921 ἐπιτεμεῖν,

144 2938 305 3005 λέγει
323 2977 336 2994 .
361 2928 624 2999 τίςέστιν
653 2937 680 2989 6
711 2935 1072 3005 Μελχισεδὲκ,
1101 2936 1193 2988 καὶ
1226 2936 1417 3002 ἐπάγει
1460 2935 1558 3005 τὴν
1589 2937 1727 2988 ίστο-

147 3022 305 3093 ρίαν,
339 3019 482 3073 οὓτω
506 3020 707 3086 λέγων’
736 3014 924 3084 Οὗτος
949 3021 982 3072 ὀ
1031 3019 1424 3086 συναντήσας
1476 3018 1728 3087 Ἀϐραὰμ

143 3103 600 3172 ὑποστρέφοντι
628 3101 746 3156 ἀπὸ
774 3099 882 3168 τῆς
911 3101 1106 3169 κοπῆς
1134 3103 1251 3156 τῶν
1271 3101 1599 3165 βασιλέων,
1629 3101 1726 3155 καί

145 3189 501 3258 εὐλογήσας
546 3187 762 3251 αὑτὸν,
788 3181 835 3254 ᾧ
868 3187 967 3241 καί
1005 3187 1264 3251 δεκάτην
1301 3185 1572 3252 ἐμέρισεν
1610 3184 1726 3238 ἀπὸ

146 3261 404 3328 στάντων
431 3275 704 3342 Ἀϐραάμ.
723 3271 877 3333 Εἶτα,
901 3271 1254 3326 ἐκκαλύπτων
1282 3271 1340 3323 τὺ
1363 3268 1620 3339 θεώρημα
1636 3269 1726 3322 τοῦ

145 3358 356 3419 τύπου,
377 3357 651 3424 Θεωρεῖτε
665 3357 732 3409 δὲ
752 3357 1012 3424 πηλίκος
1030 3351 1226 3419 οὗτος,
1243 3354 1425 3424 φησὶν,
1449 3348 1496 3419 ᾧ
1520 3353 1614 3406 καί
1643 3351 1732 3405 δε-

148 3441 356 3508 κάτην
371 3440 644 3510 ἐμέρισεν
654 3441 770 3514 ἀπὸ
785 3439 1026 3492 πάντων
1037 3440 1084 3491 Ἀ
1094 3437 1281 3507 ϐραὰμ
1308 3439 1336 3490 6
1367 3438 1725 3508 πατριάρχης.

149 3525 334 3580 Τοῦτο
347 3524 404 3577 δὲ
431 3524 531 3595 οὐχ
557 3515 740 3586 ἁπλῶς
756 3523 938 3590 ἔλεγεν
955 3563 969 3585 ,
997 3521 1110 3576 ἀλλ’
1134 3520 1463 3594 ἐνδείξασθαι
1482 3520 1733 3590 βουλόμε-

147 3628 248 3674 νος
265 3651 278 3670 ,
297 3611 382 3663 ὅτι
416 3609 596 3679 πολλῷ
623 3608 820 3680 μείζων
839 3609 871 3677 ή
890 3606 1009 3660 καθ’
1029 3608 1174 3678 ἡμᾶς
1200 3605 1458 3676 ἱερωσύνη
1479 3605 1576 3672 τῆς
1606 3606 1732 3660 Ἰου-

146 3688 382 3766 δαῗκῆς.
407 3696 518 3748 Καὶ
552 3697 610 3748 ἐν
653 3697 767 3756 τοῖς
818 3692 1008 3754 τύποις
1045 3693 1226 3754 αὐτοῖς
1258 3691 1366 3744 τῶν
1396 3691 1730 3759 πραγμάτων

149 3780 509 3853 προλαϐοῦσα
537 3781 570 3848 ἡ
603 3777 842 3850 ὑπεροχὴ
867 3775 1241 3828 διαδείκνυται.
1277 3774 1334 3826 Ὁ
1355 3775 1461 3844 γὰρ
1485 3773 1731 3842 Ἀϐραὰμ

148 3861 256 3918 τοῦ
300 3862 486 3917 Ἰσαὰκ
531 3861 713 3931 πατὴρ
746 3857 834 3931 ἦν,
879 3858 1096 3914 καὶτοῦ
1138 3856 1329 3910 Ἰακὼϐ
1359 3860 1595 3918 πάππος,
1619 3855 1732 3922 ’καὶ

150 3947 294 4004 Λευῒ
322 3947 604 4016 πρόγονος
634 3943 730 3997 τοῦ
763 3944 877 4013 γὰρ,
908 3941 1099 3996 Ἰακὼδ
1124 3936 1190 4011 ἦν
1219 3941 1332 4001 υίὸς
1359 3941 1386 3992 6
1413 3941 1563 3991 Λευῖ.
1599 3937 1732 3990 Ἀπὸ

151 4031 272 4101 γὰρ
297 4029 428 4085 Λευῖ
455 4030 488 4100 ἡ
518 4028 780 4098 ἱερωσύνη
813 4026 962 4098 παρά
997 4025 1266 4086 Ἰουδαίοις
1295 4023 1392 4092 τὴν
1413 4023 1582 4094 ἀρχὴν
1612 4020 1733 4074 ἐλα-

152 4117 279 4168 6εν.
310 4106 456 4167 ’Ἀλλ’
486 4107 639 4176 οὗτος
658 4115 686 4166 6
725 4111 974 4181 Ἀϐραὰμ
1003 4111 1032 4162 6
1064 4109 1322 4176 πρόγονος
1349 4106 1458 4160 τῶν
1494 4105 1731 4159 Λευῖτῶν

151 4197 388 4260 καὶτῶν
431 4195 733 4250 Ἰουδαϊκῶν
775 4194 982 4265 ἱερέων,
1028 4193 1119 4244 ἐπὶ
1160 4191 1253 4246 τοῦ
1294 4189 1644 4259 Μελχισεδὲκ,
1673 4188 1732 4250 ὃς

148 4277 230 4353 ἦν
273 4281 444 4343 τύπος
490 4281 590 4350 τῆς
633 4278 754 4332 καθ’
785 4279 933 4348 ἡμᾶς
979 4275 1294 4347 ἱερωσύνης,
1347 4273 1533 4328 λαῖκοῦ
1579 4271 1732 4337 τάξιν

152 4367 368 4435 ἐπεῖχε·
398 4363 493 4417 καὶ
522 4362 678 4416 τοῦτο
696 4362 760 4414 δι’
787 4361 1110 4431 ἀμφοτέρων
1139 4357 1392 4426 ἐδήλωσε,
1425 4356 1619 4411 καὶδιὰ
1639 4356 1731 4408 τοῦ

151 4448 345 4501 δοῦναι
368 4445 600 4516 δεκάτην
625 4443 792 4514 αὐτῷ’
823 4445 872 4495 οἱ
911 4443 1020 4513 γὰρ
1057 4441 1233 4494 λαῖκοὶ
1257 4445 1369 4504 τοῖς
1400 4439 1601 4512 ἱερεῦσι
1634 4439 1732 4502 τὰς

153 4529 397 4592 δεκάτας
421 4529 642 4582 διδόασι’
668 4529 761 4598 καὶ
784 4529 866 4581 ὅτι
893 4525 1168 4596 ηὐλογήθη
1192 4527 1318 4598 παρ’
1346 4523 1530 4577 αὐτοῦ’
1557 4525 1604 4592 oi
1627 4522 1732 4594 γάρ

153 4614 342 4668 λαῖκοὶ
370 4612 521 4681 παρὰ
548 4611 658 4664 τῶν
685 4597 874 4680 ἱερέων
896 4609 1258 4676 εὐλογοῦνται.
1281 4608 1448 4660 Πάλιν
1471 4609 1570 4678 δρα
1595 4607 1732 4674 πόση

156 4700 195 4768 ἡ
231 4697 475 4769 ὑπεροχὴ
504 4696 605 4765 τῆς
642 4695 762 4747 καθ’
797 4695 941 4763 ἡμᾶς
976 4691 1291 4764 ἱερωσύνης,
1325 4694 1452 4746 ὅταν
1487 4692 1734 4764 Ἀϐραὰμ

153 4787 186 4838 6
218 4781 566 4851 πατριάρχης
601 4779 709 4831 τῶν
753 4776 1043 4838 Ἰουδαίων,
1083 4777 1111 4828 6
1155 4776 1414 4846 πρόγονος
1445 4776 1549 4828 τῶν
1575 4777 1731 4829 Λευῖ-

153 4868 273 4921 τῶν
291 4907 307 4930 ,
333 4867 654 4936 εὑρίσκηται
675 4875 700 4903 α
732 4861 836 4915 ὑπὸ
863 4862 956 4914 τοῦ
976 4859 1304 4929 Μελχισεδὲκ
1330 4860 1732 4930 εύλογούμενος,

156 4953 262 5004 καί
289 4951 520 5009 δεκάτας
545 4947 734 5010 διδούς.
766 4947 875 4999 Καὶ
900 4945 1010 5016 γὰρ
1045 4943 1327 5015 ἀμφότερα
1369 4944 1542 4998 ταῦτά
1575 4963 1737 5014 φησιν

157 5039 198 5106 ἡ
217 5026 455 5096 Παλαιὰ,
465 5035 547 5086 ὅτι
563 5034 654 5086 καί
672 5032 961 5101 εὐλόγησεν
977 5034 1004 5083 6
1018 5031 1345 5100 Μελχισεδὲκ
1361 5030 1450 5082 τὸν
1465 5031 1667 5102 Ἀδραά
1675 5050 1732 5101 μ,

159 5128 264 5178 καὶ
302 5121 667 5174 δεδεκάτωκεν
708 5119 890 5174 αὐτόν.
921 5117 1105 5171 Ταῦτα
1135 5115 1265 5184 γοῦν
1297 5115 1437 5168 αὐτά
1463 5119 1539 5179 είς
1573 5117 1736 5188 μέσον

158 5207 392 5277 ἀγαγὼν
415 5210 446 5261 6
468 5205 712 5270 -Παῦλος,
737 5206 888 5274 ἔλεγε
903 5247 918 5270 ,
965 5203 1236 5273 Θεωρεῖτε
1257 5203 1326 5256 δὲ
1353 5204 1610 5271 πηλίκος
1635 5201 1738 5260 οὖ-

157 5309 309 5358 τοςς
342 5288 537 5356 Οὗτος
563 5292 674 5356 τίς;
718 5291 780 5344 ὐ
813 5289 1204 5360 Μελχισεδὲκ,
1242 5289 1423 5359 φησὶν,
1459 5283 1506 5354 ᾧ
1532 5289 1628 5343 καὶ
1653 5289 1738 5343 δε·

158 5378 360 5442 κάτην
395 5374 649 5444 Ἀϐραὰμ
681 5375 749 5427 ἐκ
789 5375 909 5428 τῶν
947 5374 1300 5443 ἀκροθινίων
1324 5372 1544 5427 ἔδωκεν
1575 5376 1606 5427 ό
1635 5387 1739 5427 πα-

157 5453 450 5524 τριάρχης
483 5459 746 5512 ἐκείνων.
781 5457 892 5513 Καὶ
931 5461 985 5512 οἱ
1005 5457 1122 5528 μὲν
1158 5458 1227 5512 ἐκ
1268 5455 1386 5510 τῶν
1417 5455 1562 5510 υἱῶν
1596 5458 1741 5514 Λευτ

233 5721 264 5789 ξ
289 5719 464 5789 Mprel.
492 5719 757 5789 0t_qui_darp
792 5731 907 5789 ms_s_.
941 5718 1222 5789 εὑρίσκεται.
1268 5717 1378 5789 _Mo_x
1403 5713 1598 5788 gnidarq
1620 5731 1736 5770 mss.

172 5783 420 5846 Ἀϐραὰμ,
437 5782 518 5829 καὶ
537 5783 610 5831 ὅτι
630 5782 827 5836 δεκάτας
858 5782 994 5830 ἔλαϐε
1018 5782 1128 5844 παρ’
1151 5782 1312 5828 αὐτοῦ.
1336 5782 1496 5830 Ταῦτα
1517 5782 1644 5841 γοῦν.

1256 313 1615 370 ADVERSUS
1649 313 1955 386 JUDAIOS.
2000 314 2108 368 VII.

3293 313 3398 373 936

1825 429 1938 494 τὴν
1961 431 2292 500 ἱερωσύνην
2321 432 2749 502 λαμϐάνοντες,
2765 431 3028 500 ἐντολὴν
3054 432 3203 504 [67οἶ
3226 435 3398 502 ἔχου..

1823 528 1927 566 σιν
1964 514 2376 568 ἀποδεκατοῦν
2406 516 2510 568 τὸν
2537 515 2712 578 λαὸν,
2745 515 3020 570 τουτέστι
3051 518 3194 583 τοὺς
3213 521 3394 575 ἀδελ-

1823 596 1975 666 φοὺς
2007 598 2449 666 αὑτῶν,και’περ
2470 601 2913 668 ἐξεληλυθότας
2937 603 3002 656 ἐκ
3027 603 3137 670 τῆς
3164 605 3396 673 ὀσφύος

1823 682 1930 735 τοῦ
1971 682 2234 760 Ἀϐραάμ.
2273 686 2336 737 Ὀ
2369 683 2423 735 δὲ
2441 683 2840 751 λέγειτοιοῦτόν
2863 686 3006 738 ἐστιν
3028 703 3041 716 ·
3073 687 3392 748 ΟίΛευῗται.

1825 767 2008 834 φησὶν,
2035 769 2082 819 οἱ
2117 767 2265 837 παρά
2288 767 2561 830 Ἰουδαίοις
2596 769 2778 837 ἱερεῖς,
2796 770 3011 842 ἐντολὴν
3036 769 3222 824 ἔλαϐον
3258 768 3398 823 κατά

1823 849 1912 900 τὸν
1943 851 2136 919 νόμον,
2191 851 2419 914 δεκάτας
2453 851 2747 922 λαμϐάνειν
2787 854 2850 907 ἐκ
2895 854 3000 905 τῶν
3053 854 3225 908 ἀλλων
3264 858 3396 910 Ἰουο

1823 932 2006 990 δαίων.
2040 936 2231 988 Καίτοι
2263 953 2323 1003 γε
2358 935 2554 999 πάντες
2591 940 2655 990 ἐκ
2692 937 2782 990 τοῦ
2830 937 3078 1008 Ἀϐραὰμ
3108 935 3267 1010 ἦσαν,
3301 943 3398 996 καὶ

1822 1020 1869 1068 οἱ
1901 1017 2154 1081 Λευῖται,
2191 1021 2283 1072 καὶ
2319 1022 2347 1072 ὀ
2395 1020 2580 1082 λοιπὸς
2621 1020 2778 1083 λαὸς.
2822 1019 2934 1074 ἀλλ’
2975 1022 3122 1091 ὅμως
3167 1023 3399 1089 δεκάτας

1821 1099 2152 1170 λαμϐάνουσι
2175 1103 2322 1172 παρά
2346 1103 2453 1156 τῶν
2487 1103 2729 1172 ἀδελφῶν
2764 1104 2964 1160 αὐτῶν.
3017 1106 3072 1157 ’0
3098 1107 3154 1158 δέ
3195 1109 3398 1179 Μελχι-

1825 1185 2000 1243 σεδὲκ,
2039 1187 2067 1238 6
2099 1187 2170 1256 μὴ
2199 1187 2685 1256 γενεαλογούμενος
2793 1189 2971 1242 αὐτῶν
2997 1189 3076 1258 (ού
3094 1190 3202 1262 γὰρ
3225 1194 3286 1244 ἐκ
3305 1193 3396 1245 τοῦ

1837 1268 2086 1338 Ἀϐραὰμ
2116 1265 2204 1339 ἦν,
2239 1269 2358 1324 οὐδὲ
2383 1273 2444 1322 ἐκ
2477 1271 2574 1340 τῆς
2614 1270 2783 1340 φυλῆς
2817 1271 2916 1340 τῆς
2949 1275 3258 1345 Λευῖτικῆς,
3283 1275 3397 1328 ἀλλ’

1823 1353 1880 1418 ἐξ
1911 1353 2098 1423 ἐτέρου
2138 1355 2324 1422 γένους
2345 1370 2355 1406 ι
2377 1395 2391 1412 ,
2421 1355 2754 1408 δεδεκάτωκε
2807 1356 2900 1408 τὸν
2939 1357 3209 1428 Ἀϐραάμ,
3241 1377 3398 1412 τουτ-

1823 1437 1959 1498 έστι,
1987 1439 2217 1502 δεκάτας
2247 1441 2376 1508 παρ’
2406 1439 2569 1492 αὑτοῦ
2595 1439 2774 1504 ἔλαϐε·
2812 1439 2903 1492 καὶ
2925 1441 2983 1492 οὐ
3011 1440 3170 1494 τοῦτο
3199 1443 3359 1511 μόνον
3379 1483 3398 1508 ,

1823 1521 1957 1573 ἀλλά
1987 1523 2079 1575 καὶ
2104 1523 2288 1590 ἔτερόν
2313 1540 2384 1580 τι.
2417 1523 2481 1574 Τί
2510 1522 2563 1574 δὲ
2599 1522 2788 1588 τοῦτο;
2821 1523 2941 1574 Ὅτι
2973 1525 3063 1575 καὶ
3093 1524 3184 1576 τὸν
3207 1525 3398 1595 ἔχοντα

1822 1603 1919 1666 τὰς
1959 1604 2310 1672 ἐπαγγελίας,
2342 1605 2436 1658 τὸν
2486 1605 2754 1676 Ἀϐραὰμ,
2785 1606 2944 1658 πάλιν
2962 1606 3254 1675 ηὑλόγησε.
3289 1611 3397 1662 Καὶ

1823 1686 1874 1738 τε
1902 1688 2079 1752 τοῦτο,
2107 1690 2259 1756 φησὶ,
2291 1690 2561 1742 δείκνυται
2576 1674 2596 1753 ;'
2634 1689 2753 1742 Ὀτι
2777 1682 2931 1751 οὗτος
2961 1674 3170 1742 ἐκείνου
3194 1692 3398 1762 σφόδρα
3423 1674 3438 1726 ί

1823 1769 2078 1824 ἐλάττων.
2117 1771 2270 1855 Πῶς;
2305 1772 2489 1838 Χωρίς
2521 1769 2725 1854 πάθῃς
2748 1771 3096 1840 ἀντιλογίας
3125 1773 3190 1826 τὸ
3222 1774 3398 1855 ἕλατ-

1823 1869 1930 1905 τον
1958 1855 2080 1908 ὑπὸ
2097 1853 2204 1906 τοῦ
2230 1855 2569 1922 κρείττονος
2596 1853 2945 1923 εὐλογεῖται.
2969 1855 3131 1907 Ὥστε
3158 1858 3204 1909 εί
3235 1857 3309 1928 μὴ
3329 1853 3398 1928 ἦν
3429 1853 3435 1922 ἶ

1825 1938 2060 1991 ἐλάττων
2095 1941 2124 1991 ὁ
2163 1939 2444 2008 Ἀϐραὰμ,
2484 1941 2512 1991 6
2551 1939 2813 2010 πρόγονος
2854 1939 2961 1991 τῶν
3003 1939 3264 2000 Λευῖτῶν,
3301 1941 3395 1993 τοῦ

1828 2020 2181 2089 Μελχισεδὲκ,
2204 2022 2302 2073 οὐκ
2326 2021 2390 2074 ἂν
2421 2023 2626 2084 ἐκεῖνος
2652 2020 2838 2074 τοῦτον
2864 2021 3176 2090 εὐλόγησεν,
3207 2023 3314 2076 οὐδ’
3332 2022 3398 2076 ἂν
3437 2063 3442 2090 ._

1855 2099 1920 2135 τ,
1948 2087 1978 2135 '_’
2003 2106 2024 2134 ι
2228 2103 2252 2118 κ
2432 2121 2456 2134 ,
2763 2101 2777 2120 ν
2967 2087 3009 2117 ι’
3046 2087 3055 2089 '
3264 2105 3314 2124 ..ρ
3438 2087 3444 2122 ι

1826 2123 1886 2159 ου
1900 2121 1975 2168 ..ος
2003 2105 2196 2171 εκείνῳ
2224 2104 2453 2166 οεκάτα,
2482 2103 2701 2157 ἔδωκεν.
2719 2105 2849 2156 Ειτα
2870 2103 3190 2174 βουλόμενος
3205 2105 3396 2170 δειςαι,

1823 2188 1904 2240 ὃτι
1929 2187 2017 2240 διά
2041 2187 2133 2240 τοῦ
2154 2187 2488 2257 Μελχισεδὲκ
2512 2187 2778 2257 προῆλθεν
2806 2189 2872 2240 ἂν
2896 2190 3070 2240 ἐκεῖνο
3089 2189 3136 2252 δ,
3151 2191 3399 2261 ἐπήγαγε

1825 2270 1999 2338 λέγων
2025 2288 2038 2300 ·
2077 2272 2207 2332 Καὶ,
2240 2271 2319 2335 ὠς
2345 2270 2493 2335 ἔπος
2529 2269 2736 2333 είπεῖν,
2776 2271 3019 2324 τουτέστι
3058 2273 3264 2341 σχεδὸν,
3301 2273 3401 2327 διὰ

1839 2355 2080 2423 Ἀϐραὰμ
2109 2354 2205 2407 καί
2227 2355 2371 2409 Λευῒ
2402 2357 2434 2407 ό
2456 2353 2712 2420 δεκάτας
2737 2355 3057 2424 λαμϐάνων
3087 2356 3401 2411 δεδεκάτω-

1826 2456 1938 2490 ται.
1969 2438 2033 2489 Τί
2078 2437 2133 2490 δέ
2172 2439 2288 2490 ὲστι
2309 2477 2322 2494 ,
2376 2437 2800 2502 δεδεκάτωται;
2841 2439 3081 2502 Δεκάτας
3106 2440 3271 2494 ἔδωκε
3304 2443 3400 2498 καὶ

1827 2524 2005 2586 αὐτὸς,
2030 2523 2180 2592 φησὶ,
2209 2522 2284 2592 τῷ
2313 2521 2662 2591 Μελχισεδὲκ,
2692 2526 2719 2576 6
2746 2521 2969 2592 μηδέπω
2991 2525 3289 2595 γεννηθεὶς,
3312 2526 3399 2582 διὰ

1825 2606 1918 2658 τοῦ
1944 2607 2147 2677 πατρὸς
2183 2606 2368 2659 αὑτοῦ·
2392 2607 2510 2658 Ἔτι
2533 2610 2662 2675 γὰρ.
2689 2608 2870 2676 φησὶν,
2893 2607 3051 2676 ἑντῇ
3084 2610 3274 2678 ὀσφύϊ
3289 2609 3399 2664 τοῦ

1827 2689 2048 2757 πατρὸς
2075 2688 2260 2741 αὑτοῦ
2298 2684 2394 2758 ἦν,
2431 2689 2529 2741 ὅτε
2558 2688 2949 2755 συνήντησεν
2984 2689 3140 2756 αὐτῷ
3175 2695 3398 2761 Μελχι-

1826 2771 2025 2825 σεδέκ’
2061 2772 2148 2825 διὰ
2172 2773 2328 2825 τοῦτο
2353 2772 2462 2843 γάρ
2488 2773 2768 2844 προλαϐὼν
2797 2769 2969 2836 εἶπεν,
3017 2775 3113 2842 Ὦς
3144 2778 3290 2842 ἔπος
3319 2780 3398 2830 εί-

1826 2854 1981 2908 πεῒν.
2011 2855 2167 2918 Τίνος
2187 2850 2279 2908 οῦν
2300 2855 2486 2908 ἕνεκεν
2511 2857 2685 2909 ταῦτα
2725 2857 2928 2924 ἔλεγεν,
2964 2859 3157 2928 ἐπάγει
3183 2860 3358 2929 λέγων
3380 2877 3394 2893 ·

1827 2942 1896 3012 El
1918 2937 2036 3009 μὲν
2071 2935 2188 2994 οὖν
2215 2940 2252 3007 η
2288 2940 2594 3005 τελείωσις
2620 2939 2718 2994 διὰ
2753 2939 2863 3008 τῆς
2896 2944 3209 3012 Λευῖτικῆς
3238 2949 3397 3013 ἱερω-

1827 3024 2023 3089 σύνης
2059 3019 2136 3092 ἦν
2179 3024 2234 3094 (ὁ
2257 3022 2407 3086 λαὸς
2431 3023 2539 3092 γὰρ
2564 3023 2655 3075 ἐπ’
2690 3022 2844 3091 αὐτῇ
2869 3026 3298 3094 νενομοθέτητο
3327 3029 3395 3098 ἀ),

1826 3107 1916 3173 τίς
1944 3107 2030 3160 ἔτι
2053 3107 2219 3174 χρεία
2245 3106 2394 3158 κατὰ
2417 3104 2532 3172 τὴν
2562 3105 2732 3169 τάξιν
2760 3108 3130 3175 Μελχισεδὲκ
3160 3112 3402 3166 ἀνίστα-

1829 3194 1968 3244 σθαι
1994 3189 2152 3256 ἱερέα
2179 3188 2402 3256 ἕτερον,
2431 3188 2530 3241 καί
2554 3191 2624 3242 οὐ
2662 3191 2810 3243 κατὰ
2834 3192 2950 3256 τὴν
2971 3192 3143 3254 τάξιν
3177 3194 3402 3261 Ἀαρὼν

1827 3272 2143 3341 λέγεσθαι;
2169 3270 2313 3324 Τίδὲ
2348 3273 2494 3324 ἐστιν
2526 3270 2554 3323 6
2588 3271 2768 3339 λέγει;
2803 3274 2864 3326 El
2900 3274 2968 3327 τά
3009 3277 3308 3346 πράγματα
3331 3275 3410 3350 ἦν,

1827 3356 2026 3418 τέλεια,
2078 3356 2230 3426 φησὶ,
2263 3354 2330 3409 τά
2357 3354 2498 3407 κατά
2538 3355 2820 3419 Ἰουδαίους
2841 3397 2855 3417 ,
2891 3360 2982 3411 καὶ
3015 3360 3090 3431 μὴ
3121 3362 3250 3414 σκιά
3273 3359 3340 3432 ἦν
3371 3365 3404 3419 6

1829 3441 1990 3511 νόμος
2015 3439 2122 3493 τῶν
2163 3438 2460 3509 μελλόντων
2499 3439 2749 3505 ἀγαθῶν,
2797 3441 2934 3496 ἀλλά
2973 3443 3033 3495 τὸ
3089 3447 3196 3497 πᾶν
3239 3447 3402 3510 αὐτὸς

1831 3521 2216 3594 κατωρθώκει,
2263 3523 2357 3576 καὶ
2401 3523 2500 3574 οὐκ
2539 3520 2760 3591 ἔμελλεν
2807 3525 2976 3595 ἐτέρῳ
3007 3532 3397 3598 παραχωρεῖν,

1829 3606 1951 3658 οὔτε
1981 3609 2012 3677 ἡ
2047 3606 2368 3676 ίερωσύνηὴ
2399 3606 2637 3676 προτέρα
2673 3607 3083 3673 ὑπεξίστασθαι,
3115 3613 3207 3664 καὶ
3238 3613 3406 3682 ἑτέρα

1831 3689 2274 3756 ἀντεισάγεσθαι,
2305 3689 2447 3750 τίνος
2471 3688 2654 3741 ἕνεκεν
2697 3691 2725 3744 ὁ
2763 3693 3048 3761 προφήτης
3079 3694 3282 3762 ἔλεγενο
3313 3697 3400 3751 Σὺ

1831 3773 2020 3840 ἱερεὺς
2039 3775 2125 3836 εἰς
2145 3771 2250 3824 τὸν
2272 3769 2473 3833 αἰῶνα,
2496 3773 2645 3824 κατὰ
2666 3770 2778 3838 τὴν
2805 3773 2978 3836 τάξιν
2993 3778 3399 3843 Multae-662:;

1832 3863 1936 3917 ἔδει
1962 3860 2070 3930 γὰρ
2108 3861 2312 3923 εἰπεῖν,
2351 3857 2492 3913 κατά
2521 3859 2622 3930 τὴν
2659 3858 2811 3924 τάξιν
2850 3861 3078 3932 Ἀαρών.
3122 3865 3221 3916 Διά
3243 3865 3404 3918 τοῦτό

1833 3966 2016 4019 φησιν,
2039 3950 2101 4000 EE
2129 3948 2226 4018 μὲν
2251 3943 2342 4000 οὖν
2363 3947 2689 4022 ήτελείωσις
2713 3946 2800 3999 διὰ
2819 3949 2916 4018 τῆς
2941 3951 3227 4022 Λευῖτικῆς
3252 3954 3406 4024 ἱερω-

1836 4034 1998 4103 σύνης
2032 4027 2120 4102 ἦν,
2150 4032 2232 4094 τίς
2259 4031 2338 4083 ἔτι
2378 4031 2536 4104 χρεία
2563 4029 2703 4083 κατά
2732 4031 2830 4100 τὴν
2867 4030 3018 4096 τάξιν
3066 4035 3403 4105 Μελχισεδὲκ

1834 4115 2152 4169 ἀνίστασθαι
2183 4115 2334 4185 ἱερέα
2361 4114 2566 4185 ἕτερον,
2592 4114 2685 4166 καὶ
2708 4115 2768 4166 οὐ
2789 4115 2929 4172 κατὰ
2969 4117 3066 4187 τὴν
3092 4119 3244 4182 τάξιν
3280 4120 3404 4173 ’Λα-

1837 4199 1942 4270 ρὼν
1960 4199 2248 4267 λέγεσθαις
2285 4198 2451 4268 Δῆλον
2492 4198 2603 4268 γὰρ
2644 4198 2708 4250 ἐκ
2743 4199 2953 4262 τούτου,
2984 4199 3058 4264 ὡς
3092 4203 3271 4274 ἐκείνη
3305 4204 3404 4272 μὲν

1832 4284 1980 4346 τέλος
2007 4283 2196 4336 ἐλαϐεν
2227 4284 2260 4352 ή
2300 4279 2565 4352 ἱερωσύνη
2587 4320 2602 4344 ,
2643 4282 2804 4351 ἑτέρα
2840 4283 2895 4336 δὲ
2933 4285 3404 4356 ἀντεισενήνεκται

1834 4368 2012 4438 πολλῷ
2047 4367 2268 4438 βελτίων
2294 4367 2387 4419 καὶ
2424 4364 2750 4436 ὑψηλοτέρα.
2789 4365 2992 4418 Τούτου
3015 4368 3072 4420 δὲ
3108 4369 3402 4438 ὁμολογου-

1838 4452 2020 4522 μένου,
2038 4453 2257 4504 κάκεῖνο
2276 4447 2736 4518 συνωμολόγηται,
2755 4449 2836 4504 δτι
2861 4451 2954 4502 καὶ
2977 4449 3221 4504 πολιτεία
3242 4453 3404 4523 ἑτέρα

1833 4540 1898 4608 τῇ
1929 4534 2193 4607 ἱερωσύνῃ
2227 4531 2594 4601 συμϐαίνουσα
2631 4533 3148 4602 συνεισαχθήσεται,
3195 4533 3333 4608 αῦτη
3364 4539 3399 4608 η

1833 4619 2076 4691 ἡμετέρα
2108 4615 2366 4685 δηλονότι,
2414 4614 2510 4666 καὶ
2547 4615 2835 4684 νομοθεσία
2867 4615 3107 4684 βελτίων.
3134 4616 3311 4689 Ὅπερ
3337 4618 3400 4689 δὴ

1836 4701 2257 4764 κατασκευάζων
2287 4700 2315 4750 6
2334 4696 2543 4760 Παῦλος
2569 4697 2740 4765 ἔλεγε,
2787 4699 3260 4768 Μετατιθεμένης
3293 4701 3404 4770 γὰρ

1837 4787 1944 4854 τῆς
1973 4786 2322 4854 ἱερωσύνης,
2349 4786 2416 4849 ἐξ
2451 4783 2717 4852 ἀνάγκης
2746 4783 2843 4836 καὶ
2876 4784 3061 4850 νόμου
3084 4782 3404 4850 μετάθεσις

1836 4871 2077 4942 γίνεται,
2100 4868 2200 4922 καί
2221 4869 2444 4921 τούτων
2468 4865 2827 4936 δημιουργὸς
2844 4861 2932 4931 εἷς
2951 4867 3140 4918 ἐστιν.
3184 4864 3402 4938 Ἐπειδὴ

1835 4955 1944 5022 γὰρ
1977 4953 2036 5005 τὸ
2077 4952 2234 5010 πλέον
2267 4950 2375 5004 τῶν
2413 4950 2656 5021 νομίμων
2690 4949 2818 5018 περὶ
2845 4949 2942 5018 τὴν
2970 4949 3068 5016 τῆς
3101 4946 3404 5017 ἱερωσύνης

1837 5035 2153 5089 ἀκολουθίαν
2181 5033 2516 5106 ἀνηλίσκετο,
2539 5034 2570 5101 ὴ
2596 5031 2652 5084 δὲ
2683 5030 2946 5101 ἱερωσύνη
2987 5032 3020 5101 ἡ
3047 5029 3287 5099 προτέρα
3316 5029 3405 5093 ἐξ·

1837 5119 2132 5189 εὸέϐλητο,
2177 5117 2397 5187 εῦδηλον
2443 5117 2523 5168 ὅτι
2559 5115 2749 5185 ἐτέρας
2794 5111 3260 5183 ἀντεισαχθείσης,
3307 5111 3404 5165 καὶ

1839 5201 2159 5273 νομοθεσίαν
2190 5201 2408 5271 μείζονα
2438 5197 2852 5268 ἁντεισαχθῆναι
2891 5195 3018 5250 ἔδει.
3043 5191 3176 5248 Εἶτα
3200 5193 3397 5263 δηλῶν,

1839 5286 1964 5356 περὶ
1986 5282 2135 5357 [671]
2155 5283 2293 5347 τίνος
2322 5284 2490 5336 ταῦτα
2518 5281 2754 5348 λέγεται,
2789 5278 2914 5348 Ἐφ’
2945 5279 3018 5332 ὃν
3037 5278 3147 5348 γὰρ
3163 5276 3400 5357 λέγεται

1838 5355 2041 5434 ταῦτα,
2083 5355 2236 5437 φησὶ,
2265 5365 2466 5438 φυλῆς
2511 5366 2717 5433 ἐτέρας
2755 5365 3165 5433 μετέσχηκεν,
3201 5361 3300 5430 ἀφ’
3326 5355 3404 5430 ἧς

1838 5455 2036 5523 οὐδεὶς
2068 5453 2452 5523 προσέσχηκε
2500 5450 2580 5517 τῷ
2627 5448 3047 5518 θυσιαστηρίῳ.
3091 5443 3406 5516 Πρόδηλον

1897 5714 1928 5754 ι’
1954 5713 2046 5774 Alii
2066 5708 2322 5774 προσῆλθεν
2339 5706 2504 5772 ἐκείνῳ

1904 5781 1928 5808 θ
1955 5773 2051 5826 Alii
2073 5770 2440 5834 νενομοθέτηται.
