3906 6240
68 327 188 383 925

44 461 114 503 ar
141 463 263 516 qua
290 447 463 502 nullus
487 447 697 500 vacabat
721 446 892 499 altari.
926 445 1254 512 Manifestum
1281 455 1353 496 est
1378 446 1506 498 enim
1531 446 1665 514 quod

46 554 116 590 ea:
143 540 306 590 Iuda
337 548 542 591 exortus
570 547 639 590 est
669 535 917 590 Dominus
952 547 1119 589 noster
1144 578 1157 598 ,
1196 536 1249 588 in
1290 552 1440 605 quam
1487 536 1668 588 tribum

45 632 197 683 mini
219 632 288 685 de
312 631 593 683 sacerdotio
619 629 784 683 Moses
805 630 1037 701 loquutus
1058 640 1127 683 est
1150 627 1333 699 (Hebr.
1361 629 1414 682 7.
1438 629 1525 682 15.
1554 626 1664 700 14).

44 721 199 775 Cum
240 724 403 792 igitur
428 723 633 775 clarum
659 722 728 775 sit
752 721 1020 775 Christum
1047 736 1110 775 ex
1140 720 1225 774 illa
1250 735 1368 774 esse
1397 719 1556 783 tribu,
1585 720 1667 773 ni-

50 815 273 868 mirum
335 831 400 868 ex
428 813 595 879 Juda,
628 823 682 867 et
730 812 1058 867 sacerdotem
1107 812 1397 866 secundum
1429 811 1667 866 ordinem

54 906 441 961 Melchisedec
461 947 474 965 .
509 921 667 974 porro
692 902 1046 959 Melchisedec
1075 918 1194 958 esse
1221 904 1388 957 multo
1435 902 1667 956 honora-

49 996 327 1050 biliorem
377 996 717 1051 Abrahamo.
750 997 995 1050 nimirum
1044 1006 1096 1051 et
1140 996 1271 1049 illud
1320 995 1679 1065 undequaque

49 1099 283 1143 constat
314 1089 458 1158 quod
484 1089 641 1142 etiam
668 1088 813 1143 aliud
855 1103 952 1157 pro
979 1087 1086 1141 alio
1130 1088 1397 1141 inducitur
1422 1086 1672 1140 sacerdo-

54 1182 202 1233 tium
239 1181 416 1233 multo
445 1196 531 1243 eo,
580 1179 721 1249 quod
750 1180 896 1247 prius
925 1179 1115 1243 fuerat,
1143 1179 1441 1233 sublimius.
1464 1177 1594 1231 Nam
1624 1178 1666 1230 si

51 1283 231 1342 typus
270 1272 395 1325 talis
420 1272 577 1326 etiam
601 1272 818 1326 Judaico
845 1272 1141 1325 sacerdotio
1170 1270 1496 1339 splendidior
1520 1277 1667 1334 erat,

51 1366 245 1417 "Iullo
277 1364 454 1434 magis
482 1366 595 1434 ipsa
626 1366 820 1418 veritas
844 1407 858 1429 ,
893 1363 1032 1434 quod
1078 1373 1308 1418 tractans
1333 1364 1470 1417 idem
1498 1362 1667 1417 dixit:

57 1455 322 1519 Amplius
353 1457 519 1509 adhuc
543 1456 865 1523 manifestum
885 1466 987 1519 est,
1019 1458 1061 1509 si
1087 1456 1360 1509 secundum
1383 1455 1673 1509 similitudi-

62 1563 192 1598 nem
250 1545 594 1599 Melchisedec
636 1546 862 1599 exoritur
901 1547 1031 1599 alius
1074 1546 1305 1599 sacerdos
1332 1546 1416 1615 qui
1460 1562 1562 1598 non
1608 1545 1673 1597 sit

49 1638 223 1707 juxta
252 1642 419 1707 legem
448 1637 683 1706 praxepti
719 1636 939 1690 carnalis
958 1678 973 1702 ,
1001 1637 1092 1689 sed
1128 1638 1286 1707 juxta
1309 1638 1537 1689 virtutem
1561 1637 1674 1691 vita:

54 1732 447 1785 indissolubilis
490 1729 660 1803 (Ibid.
694 1746 740 1783 v.
787 1730 874 1784 15.
916 1728 1046 1801 16
1077 1728 1211 1796 Quid
1242 1740 1323 1783 est
1346 1772 1359 1796 ,
1401 1747 1501 1784 non
1522 1732 1675 1801 juxta

56 1824 235 1892 legem
268 1822 510 1891 prazcepti
549 1822 769 1875 carnalis
788 1862 803 1884 ,
831 1821 919 1875 sed
939 1823 1089 1890 juata
1118 1824 1343 1874 virtutem
1380 1822 1494 1875 vita:
1516 1821 1676 1875 indis-

66 1914 545 1981 solubilis?Quod
576 1915 775 1968 nullum
826 1915 965 1967 illius
1011 1924 1337 1985 praeceptum
1387 1924 1533 1969 esset
1557 1930 1673 1969 car-

59 2007 219 2061 nale.
252 2006 375 2061 Non
421 2006 562 2059 enim
593 2020 721 2060 oves
764 2013 1000 2061 mactare
1044 2021 1216 2074 neque
1258 2006 1450 2060 vitulos
1472 2006 1672 2075 jussit;

58 2098 163 2152 sed
194 2113 302 2167 per
330 2099 576 2152 virtutem
601 2097 763 2152 animi
792 2098 955 2151 Deum
981 2098 1157 2152 colere
1181 2115 1194 2149 :
1223 2110 1277 2152 et
1308 2097 1497 2153 horum
1541 2115 1675 2167 pne-

60 2190 177 2244 mia
211 2190 379 2244 vitam
410 2189 564 2244 nobis
591 2189 921 2259 designavit,
962 2203 1080 2260 qua:
1106 2205 1393 2260 numquam
1436 2206 1675 2246 corrum-

62 2293 262 2352 petur.
293 2285 371 2337 Ac
411 2298 623 2337 rursum
668 2292 907 2338 mortuos
943 2298 1043 2338 nos
1071 2285 1171 2338 sub
1200 2285 1428 2353 peccatis
1456 2287 1674 2340 veniens

61 2374 386 2438 suscitavit,
415 2372 683 2428 destructa
711 2374 907 2444 duplici
930 2383 1122 2438 morte,
1154 2375 1317 2429 altera
1343 2377 1560 2445 peccati,
1592 2379 1673 2431 al-

62 2480 193 2522 tera
243 2469 443 2522 carnis.
471 2466 731 2535 Quoniam
762 2467 920 2537 igitur
946 2469 1067 2523 talia
1096 2469 1249 2523 nobis
1276 2470 1413 2524 bona
1445 2470 1674 2524 afferens

62 2561 251 2622 venit.
284 2558 406 2613 ideo
444 2559 605 2612 dicit:
649 2557 770 2611 Non
787 2560 939 2629 juxta
973 2559 1129 2629 legem
1168 2561 1389 2614 carnalis
1412 2563 1671 2631 prwcepti,

64 2655 163 2706 sed
184 2654 351 2722 juxta
374 2652 603 2704 virtutem
642 2652 757 2704 vita:
784 2650 1165 2706 indissolubilis.
1592 2650 1599 2655 “

144 2749 209 2803 6.
242 2746 362 2801 Jam
389 2745 549 2816 igitur
573 2755 626 2801 et
654 2745 784 2800 illud
809 2746 949 2816 quod
995 2746 1234 2801 restabat
1262 2746 1421 2799 simul
1451 2745 1673 2800 demon-

66 2850 319 2895 stratum
362 2849 470 2899 est,
526 2837 786 2891 translato
860 2836 1197 2899 sacerdotio,
1264 2836 1397 2907 legis
1464 2852 1675 2906 quoque

70 2929 499 2984 translationem
530 2928 641 2983 ﬁeri
669 2944 765 2999 par
789 2942 931 2984 esse.
980 2930 1226 2982 Attamen
1277 2938 1331 2983 et
1372 2929 1473 2984 hoc
1501 2930 1673 2998 ipsum

70 3040 355 3095 expresse
402 3023 593 3078 licebat
640 3023 1046 3090 demonstrare,
1077 3024 1468 3094 prephetasque
1509 3034 1674 3079 testes

71 3136 280 3177 rursus
310 3119 573 3173 adducere
596 3118 832 3173 dicentes
856 3158 873 3185 ,
893 3118 1060 3188 legem
1082 3132 1202 3172 esse
1225 3117 1671 3183 transferendam,

72 3226 133 3269 et
163 3212 484 3283 reipublicze
534 3221 728 3266 statum
758 3213 808 3265 in
836 3212 1025 3265 melius
1074 3210 1535 3264 transmutandum
1557 3250 1577 3276 ,
1622 3220 1678 3265 et

76 3322 368 3374 nunquam
394 3321 570 3375 regem
598 3304 827 3374 aliquem
854 3303 1095 3358 Judmum
1122 3303 1474 3357 cxoriturum.

156 3391 387 3444 Muralis
416 3389 695 3442 exhortatio
739 3389 805 3440 ad
844 3388 1199 3441 correctionem
1234 3386 1675 3456 fratrum—Ve-

76 3499 211 3539 rum
242 3482 496 3551 quoniam
539 3489 741 3534 tantum
781 3487 865 3534 est
907 3478 1214 3543 dicendurm,
1246 3487 1498 3546 quantum
1528 3478 1677 3531 audi-

79 3587 174 3628 tor
198 3573 375 3643 possit
398 3586 608 3641 capere,
639 3585 739 3625 nec
767 3570 943 3624 omnia
975 3569 1133 3622 simul
1159 3611 1174 3635 ,
1207 3581 1305 3623 nec
1343 3568 1632 3623 acervatim
1660 3587 1673 3622 :

81 3667 199 3719 illis
235 3666 288 3717 in
322 3663 464 3717 aliud
497 3672 707 3732 tempus
742 3662 1027 3716 reservatis
1054 3703 1067 3725 ,
1112 3661 1195 3715 hic
1226 3677 1525 3716 sermonem
1556 3659 1678 3714 fini-

80 3768 251 3809 emus
270 3795 286 3818 ,
316 3753 658 3807 exhortantes
694 3761 925 3807 vestram
966 3752 1261 3811 caritatem.
1291 3760 1346 3805 ut
1375 3751 1679 3805 memineri-

84 3846 161 3899 tis
189 3858 383 3898 eorum
407 3858 521 3912 qua:
549 3842 687 3896 dicta
710 3850 861 3905 sunt,
892 3849 946 3896 et
972 3842 1085 3896 haec
1107 3843 1213 3895 illis
1232 3858 1351 3912 qua:
1373 3844 1519 3912 prius
1540 3843 1678 3897 dicta

84 3944 227 3990 sunt
253 3935 551 3988 annectatis
574 3974 589 3999 ,
615 3934 861 4003 quodque
884 3934 1028 4003 prius
1053 3933 1356 4003 rogavimus
1380 3976 1395 4001 ,
1428 3933 1569 3988 idem
1619 3943 1675 3989 ct

87 4042 247 4083 nunc
273 4041 522 4095 rogamus
544 4066 559 4088 ,
586 4037 643 4080 ut
670 4024 862 4080 fratres
890 4036 1097 4079 vestros
1137 4026 1402 4080 reducatis
1438 4027 1503 4081 ad
1535 4028 1682 4081 salu-

90 4132 211 4175 tem
236 4162 251 4185 ,
282 4127 339 4174 et
364 4120 581 4173 multam
608 4118 1015 4172 sollicitudinem
1047 4118 1283 4172 habeatis
1309 4134 1404 4189 pro
1430 4121 1683 4175 membris

90 4210 388 4282 neglectis.
418 4211 639 4280 Propter
660 4212 759 4264 hoc
784 4210 927 4264 enim
955 4224 1052 4264 nos
1080 4217 1280 4263 tantum
1307 4210 1544 4265 laborum
1569 4226 1686 4266 sus-

92 4308 363 4374 cipimus,
397 4318 501 4357 nou
548 4310 601 4355 nt
651 4302 847 4356 frustra
889 4304 1186 4371 loquamur,
1228 4317 1397 4370 neque
1435 4313 1492 4359 ut
1532 4304 1684 4375 plau-

96 4412 231 4452 sum
263 4396 655 4464 strepitumque
680 4395 991 4461 referamus,
1016 4394 1107 4447 sed
1138 4404 1194 4448 ut
1220 4396 1429 4449 avulsos
1458 4395 1522 4449 ad
1550 4397 1688 4450 viam

98 4488 358 4542 veritatis
387 4486 720 4540 reducamus.
755 4486 831 4538 Ac
852 4501 917 4539 ne
948 4486 1068 4555 quis
1101 4485 1229 4539 mihi
1253 4485 1319 4537 di«
1339 4486 1558 4548 at,nihil
1589 4487 1693 4540 mi-

100 4581 162 4634 hi
221 4593 343 4631 cum
372 4591 438 4631 eo
464 4588 546 4631 est
594 4577 810 4647 negotii,
842 4577 1043 4629 utinam
1092 4577 1364 4645 contingat
1405 4578 1533 4631 mihi
1576 4594 1692 4634 mea

98 4670 286 4740 ipsius
318 4670 529 4738 negotia
562 4684 706 4723 recte
732 4670 946 4738 gerere!
977 4668 1143 4722 Nemo
1164 4684 1316 4722 suum
1349 4671 1511 4737 ipsius
1536 4686 1695 4741 nego-

102 4768 249 4818 tium
282 4772 428 4817 recte
460 4777 647 4833 gerere
677 4771 868 4829 potest,
896 4761 1134 4829 neglecta
1184 4763 1406 4828 proximi
1447 4762 1668 4816 dilectio

103 4873 182 4912 ne
228 4863 288 4911 et
327 4856 537 4909 salute:
562 4854 682 4908 ideo
706 4863 757 4907 et
801 4853 993 4907 Paulus
1039 4853 1153 4906 ait:
1182 4852 1344 4905 Nemo
1374 4852 1510 4917 quod
1544 4870 1695 4905 suum

104 4961 188 5006 est
212 4958 433 5016 quierat,
459 4949 547 5001 sed
574 4948 788 5017 quisque
826 4946 959 5015 quod
1006 4939 1301 5007 alterius(l.
1326 4938 1447 4999 Cor.
1469 4944 1552 4998 10.
1581 4947 1697 5015 24),

108 5046 327 5099 sciens.
350 5040 490 5108 quod
518 5054 614 5093 sua
634 5038 890 5107 cujusque
909 5036 1109 5091 utilitas
1134 5037 1185 5088 in
1213 5036 1443 5103 proximi
1471 5036 1698 5090 utilitate

112 5142 222 5191 Sita
254 5143 357 5187 est.
395 5132 569 5186 Sanus
598 5145 656 5185 es
684 5140 758 5191 tu,
779 5129 873 5184 sed
902 5128 1066 5181 frater
1095 5137 1215 5180 tuus
1259 5126 1575 5181 inﬁrmatur.
1603 5128 1702 5181 Ita-

116 5241 225 5288 que
251 5224 295 5277 si
327 5237 453 5276 vere
484 5220 740 5274 sollicitus
766 5220 931 5273 fueris
957 5232 1050 5286 pro
1079 5225 1385 5284 aegretante,
1412 5219 1577 5286 magis
1609 5218 1704 5272 do-

115 5316 286 5379 lebis,
324 5322 383 5367 et
409 5312 703 5366 imitaberis
731 5312 780 5363 in
810 5311 911 5364 hoc
938 5325 1161 5379 quoque
1188 5309 1398 5362 beatum
1431 5308 1581 5363 illum
1612 5310 1703 5377 qui

115 5410 251 5465 dicit
283 5427 293 5459 :
322 5408 433 5473 quis
455 5407 765 5471 infirmatur,
788 5415 835 5458 et
872 5420 965 5474 ego
994 5421 1096 5456 non
1126 5403 1397 5469 inﬁrmor?
1422 5403 1534 5471 quis
1561 5420 1706 5456 scan-

116 5505 406 5565 dalizatur,
435 5509 481 5552 et
530 5516 621 5570 ego
670 5515 770 5551 non
816 5515 937 5550 uror
961 5497 1039 5569 (2.
1071 5496 1188 5550 Cor.
1228 5498 1313 5551 11.
1337 5496 1467 5567 29)?
1494 5496 1703 5550 Etenim

98 5598 163 5651 si
194 5608 329 5649 cum
357 5591 496 5644 duos
524 5590 710 5644 obolos
751 5589 1073 5651 dederimus,
1116 5587 1436 5657 paulumque
1468 5589 1703 5677 pecunia:

106 5698 115 5742 i
138 5683 581 5750 nsumpserimus
608 5683 659 5734 in
686 5697 966 5750 pauperes,
994 5681 1316 5751 gaudemus:
1344 5681 1386 5734 si
1412 5681 1705 5751 poterimus

105 5777 337 5832 animas
366 5790 603 5839 servare,
628 5784 825 5841 quanto
871 5775 1124 5843 majorem
1156 5773 1439 5843 voluptatis
1468 5772 1699 5828 fructum

1309 328 1667 386 ADVERSUS
1702 329 2003 387 JUD/EOS.
2049 332 2157 385 V'li'.

3230 344 3329 395 "illi

1776 446 2080 515 capiemus?
2104 454 2352 516 quantam
2398 456 2570 501 autem
2610 449 2661 502 in
2688 448 2864 503 futuro
2904 447 3101 503 sa‘euio
3127 449 3338 515 recipit

1771 551 1892 591 mus
1920 536 2268 591 mercedem?
2314 537 2443 590 Nam
2487 537 2571 592 hic
2599 554 2808 608 quoque
2852 540 3061 608 quoﬁes
3088 540 3338 592 conveni-

1772 643 1891 683 mus
1915 671 1930 695 ,
1962 630 2185 685 multam
2224 630 2495 697 capiemus
2544 631 2861 700 voluptatem
2908 648 2979 686 ex.
3017 642 3343 700 COngressu,

1773 721 2177 775 reminiscentes
2203 722 2494 775 ofﬁciorum
2521 763 2534 785 ,
2565 737 2681 791 qua:
2708 723 2813 777 illis
2844 723 3202 790 prrestitimus.
3237 722 3343 777 De-

1773 813 1896 866 inde
1926 828 2045 867 cum
2075 813 2193 867 illos
2231 814 2667 882 coriSpexerimus
2696 813 2763 867 ad
2806 814 3031 867 tribunal
3060 812 3191 867 illud
3227 827 3343 868 mo—

1772 904 2026 958 tuendum
2050 944 2067 970 ,
2096 906 2272 958 multa:
2294 903 2499 959 ﬁduciae
2527 904 2805 973 participes
2826 905 3043 957 erimus.
3073 904 3140 958 Et
3161 918 3319 973 quem

1772 996 2059 1051 admodum
2090 998 2176 1066 qui
2206 997 2391 1064 injuria
2421 996 2697 1062 afﬁciunt,
2728 994 2819 1064 qui
2860 1005 3111 1062 usurpant
3136 994 3342 1057 aliena,

1772 1091 1864 1161 qui
1893 1090 2131 1159 rapiunt,
2161 1090 2249 1159 qui
2298 1090 2435 1143 mala
2478 1089 2755 1142 innumera
2789 1087 3045 1157 proximis
3086 1086 3344 1143 inferunt.

1774 1196 1894 1235 cum
1928 1183 2052 1236 illuc
2078 1182 2323 1236 venerint
2369 1194 2568 1250 eosque
2616 1179 2882 1243 viderint,
2928 1178 3016 1247 qui
3047 1176 3161 1230 haec
3205 1175 3344 1244 passi

1775 1282 1901 1327 sunt
1922 1273 2197 1344 (videbunt
2224 1274 2364 1327 enim
2405 1272 2544 1326 haud
2591 1270 2750 1326 dubie
2773 1312 2788 1335 ,
2820 1279 2875 1324 ut
2902 1270 3236 1339 perspicuum
3267 1276 3352 1321 est

1776 1373 1828 1418 et
1853 1380 1919 1418 ex
1946 1364 2106 1418 divite
2136 1364 2226 1418 illo
2253 1373 2307 1417 et
2339 1364 2564 1431 Lazaro)
2584 1404 2599 1427 ,
2643 1377 2815 1432 neque
2855 1376 2915 1415 os
2957 1359 3167 1428 aperire
3194 1368 3347 1427 pote-

1776 1466 1899 1512 runt
1923 1499 1937 1519 ,
1966 1473 2137 1528 neque
2163 1456 2430 1513 habebunt
2454 1500 2469 1522 ,
2498 1457 2639 1527 quod
2668 1456 2877 1521 dicant,
2927 1462 3017 1507 aut
3059 1460 3346 1516 excusent,

1781 1551 1874 1604 sed
1899 1551 2067 1604 multo
2096 1552 2300 1620 pudore
2330 1566 2623 1619 magnaque
2651 1547 3091 1603 condemnatione
3118 1544 3304 1614 repleti
3334 1584 3351 1609 ,

1776 1655 1843 1695 ex
1870 1641 2079 1695 illorum
2108 1650 2323 1710 aspectu
2350 1641 2413 1694 ad
2442 1642 2593 1710 ignea
2634 1638 2851 1693 ﬁumina
2881 1638 3228 1691 adducentur.
3257 1634 3348 1687 lti-

1776 1732 1897 1787 dem
1921 1734 2009 1803 qui
2054 1733 2281 1787 salutem
2334 1732 2557 1786 aliorum
2610 1740 2830 1795 curant,
2876 1730 2963 1799 qui
2984 1728 3213 1787 docent.
3264 1726 3349 1794 qui

1777 1824 2073 1889 instituunt,
2098 1824 2184 1878 ubi
2212 1824 2439 1878 viderint
2463 1838 2555 1879 eos
2579 1839 2710 1893 quos
2739 1826 3099 1883 servaverunt,
3132 1818 3237 1873 illic
3262 1833 3356 1885 pa-

1777 1916 2102 1970 trocinantes
2130 1916 2290 1984 ipsis,
2342 1916 2503 1970 multa
2536 1914 2724 1969 ﬁducia
2754 1913 3118 1982 replebuntur.
3158 1910 3223 1964 Et
3251 1909 3353 1961 hoc

1776 2007 1971 2063 Paulus
1998 2009 2277 2063 declarans
2306 2009 2436 2062 dixit
2467 2028 2479 2062 :
2510 2009 2684 2061 Gloria
2728 2017 2889 2061 vestra
2928 2023 3102 2060 sumus
3121 2046 3136 2070 ,
3177 2017 3351 2075 quem-

1776 2100 2049 2155 admodum
2075 2114 2121 2156 et
2150 2120 2234 2157 vos
2256 2112 2426 2156 nostra
2474 2102 2546 2173 (2.
2576 2103 2693 2157 Cor.
2728 2104 2778 2157 1.
2810 2100 2919 2172 14).
2949 2099 3169 2168 Quando
3211 2098 3311 2151 hoc
3330 2096 3355 2148 ?

1777 2192 1843 2246 In
1878 2195 1961 2247 die
1992 2194 2195 2248 Domini
2216 2196 2373 2249 nostri
2395 2194 2521 2248 Iesu
2558 2194 2765 2249 Christi.
2797 2198 2872 2249 Ac
2902 2210 3083 2249 rursus
3111 2192 3355 2247 Christus

1777 2287 2087 2341 exhortatur
2112 2328 2126 2351 ,
2157 2287 2341 2342 dicens
2375 2306 2387 2340 :
2416 2287 2594 2341 Facite
2631 2289 2770 2341 vobis
2803 2288 2991 2339 amicos
3015 2302 3077 2339 ea:
3121 2297 3356 2337 mamona

1776 2379 2053 2448 iniquitatis
2072 2420 2087 2443 ,
2115 2386 2169 2430 ut
2194 2395 2308 2431 cum
2334 2378 2640 2450 defeceritis.
2679 2378 2920 2445 recipiant
2956 2393 3043 2429 vos
3067 2377 3120 2429 in
3160 2384 3346 2427 (eterna

1776 2488 1869 2526 sua
1901 2472 2223 2525 tabernacula
2256 2471 2403 2535 (Luc.
2436 2470 2523 2525 16.
2553 2470 2632 2539 9).
2662 2470 2824 2524 Vides
2863 2471 3082 2523 multam
3114 2466 3356 2521 fiduciam

1777 2562 1930 2616 nobis
1952 2562 2190 2632 prrestari
2214 2562 2281 2614 ab
2312 2562 2373 2614 iis
2392 2602 2407 2625 ,
2439 2575 2572 2630 quos
2599 2559 2684 2613 hic
2709 2570 2891 2613 nostro
2918 2558 3175 2613 beneficio
3198 2559 3355 2625 juve-

1776 2654 1962 2708 rimus.
2013 2654 2165 2720 Quod
2206 2654 2287 2720 si,
2339 2653 2425 2706 ubi
2458 2652 2677 2722 pecunia
2728 2652 3003 2705 dumtaxat
3032 2650 3353 2711 insumitur,

1777 2754 1855 2800 tot
1873 2754 1997 2800 sunt
2025 2760 2271 2809 coronae,
2322 2752 2463 2799 tanta
2507 2758 2744 2806 merces,
2772 2750 2916 2796 tanta
2944 2739 3306 2795 remuneratio
3338 2757 3351 2791 :

1778 2838 1865 2892 ubi
1888 2838 2100 2907 juvatur
2119 2837 2295 2891 anima
2318 2877 2332 2901 ,
2359 2837 2447 2906 qui
2472 2837 2582 2891 ﬁeri
2616 2844 2791 2905 potest
2814 2844 2872 2888 ut
2915 2848 3020 2887 non
3048 2832 3210 2886 multa
3238 2845 3353 2883 ma-

1776 2945 1984 3001 gnaque
2030 2930 2182 2985 nobis
2229 2930 2538 2999 contingant
2578 2928 2755 2983 bona?
2787 2926 2996 2981 Etenim
3038 2925 3083 2979 si
3130 2921 3354 2977 Tabitha

1779 3022 1891 3089 illa,
1922 3037 2038 3091 quae
2058 3020 2243 3075 viduas
2270 3020 2530 3075 vestiebat
2554 3061 2566 3085 ,
2599 3034 2716 3088 quae
2744 3015 3041 3088 paupertati
3072 3013 3355 3067 subvenie-

1778 3113 1869 3167 bat
1890 3153 1907 3177 ,
1938 3127 1968 3165 a
1998 3122 2169 3166 morte
2220 3112 2270 3165 in
2297 3112 2456 3165 vitam
2486 3118 2728 3165 revocata
2772 3118 2853 3163 est
2880 3108 3014 3177 (Act.
3043 3106 3097 3160 9.
3143 3103 3235 3177 56)
3260 3146 3274 3167 ,
3302 3114 3358 3159 et

1777 3204 2025 3275 lacryma:
2052 3218 2233 3257 eorum
2252 3202 2341 3272 qui
2372 3201 2640 3256 beneﬁciis
2665 3200 2837 3255 affecti
2862 3198 3068 3254 fuerant
3089 3239 3104 3262 ,
3126 3198 3357 3250 animam

1778 3294 1833 3350 in
1858 3308 2052 3363 corpus
2081 3292 2440 3359 reduxerunt,
2487 3307 2607 3347 cum
2650 3292 2883 3345 nondum
2912 3290 3146 3344 venisset
3178 3302 3358 3341 resur-

1779 3386 1948 3440 rectio
1982 3402 1995 3436 :
2035 3383 2159 3454 quid
2189 3384 2382 3438 facient
2410 3383 2681 3436 hominum
2714 3398 2809 3451 per
2837 3391 2887 3435 te
2916 3390 3247 3435 servatorum
3277 3378 3355 3430 la-

1779 3477 2014 3550 crymte?
2042 3477 2189 3532 Sicut
2214 3476 2356 3530 enim
2388 3475 2524 3528 hanc
2552 3476 2958 3528 circumstantes
2987 3471 3157 3524 vidua:
3186 3470 3358 3523 vivam

1780 3587 1845 3627 ex
1872 3579 2077 3625 mortua
2108 3568 2452 3624 reddiderunt
2482 3585 2495 3620 :
2524 3568 2600 3622 sic
2623 3576 2674 3621 et
2703 3576 2753 3621 te
2784 3577 2908 3619 tunc
2950 3566 3361 3619 circumstantes

1782 3664 1872 3734 qui
1900 3678 2040 3717 nunc
2071 3677 2166 3731 per
2207 3671 2258 3715 te
2286 3660 2480 3715 servati
2519 3660 2742 3719 fuerint,
2773 3658 3008 3713 efﬁcient
3038 3665 3097 3710 ut
3135 3657 3354 3709 multam

1780 3757 2073 3825 experiaris
2108 3755 2485 3809 humanitatem
2511 3795 2525 3819 ,
2548 3762 2602 3807 et
2627 3769 2692 3806 ex
2719 3751 2960 3805 incendio
2979 3751 3233 3821 geltennre
3251 3750 3361 3803 eri-

1782 3851 1947 3921 pient.
1983 3850 2105 3903 Haec
2126 3848 2281 3917 igitur
2309 3848 2569 3912 scientes,
2603 3860 2706 3898 non
2737 3844 2802 3897 ad
2830 3853 3145 3914 prmsentem
3173 3842 3359 3896 horam

1784 3949 1986 3994 tantum
2010 3939 2194 3994 fervidi
2217 3940 2382 3993 simus
2408 3946 2462 3991 et
2484 3938 2759 4007 vigilantes
2784 3977 2798 4000 ,
2835 3935 2928 3989 sed
2958 3935 3131 4003 ignem
3156 3975 3172 3999 ,
3201 3948 3358 4001 quem

1784 4032 1991 4086 habetis
2032 4045 2209 4093 nunc,
2257 4028 2565 4091 accendite;
2608 4027 2914 4097 egressique
2958 4026 3126 4089 foras,
3179 4023 3361 4078 distri-

1787 4122 1929 4178 buite
1950 4122 2170 4177 salutem
2202 4120 2448 4175 civitatis.
2480 4120 2632 4186 Quod
2671 4119 2717 4173 si
2744 4117 2996 4188 ignoretis
3019 4159 3033 4177 .
3076 4116 3366 4185 perquirite

1786 4229 1914 4275 eos.
1942 4213 2031 4283 qui
2071 4212 2153 4266 Itis
2178 4211 2331 4266 malis
2355 4217 2634 4279 aegrotant.
2667 4208 2753 4264 Sic
2790 4209 2930 4263 enim
2977 4218 3031 4261 et
3077 4222 3173 4260 nos
3215 4206 3368 4259 vobis

1787 4304 2083 4376 promptius
2141 4303 2495 4370 libentiusque
2536 4302 2847 4371 loquemur,
2893 4300 3022 4368 ipsis
3076 4298 3229 4353 factis
3270 4311 3364 4351 co-

1788 4407 2103 4470 gnoscentes
2126 4440 2140 4463 ,
2172 4410 2270 4450 nos
2306 4411 2410 4449 non
2440 4397 2490 4448 in
2521 4405 2723 4464 petram
2750 4408 2930 4448 semen
2949 4392 3145 4461 jecisse
3164 4434 3179 4457 ,
3200 4399 3253 4443 et
3274 4403 3369 4442 vos

1789 4493 1889 4563 ipsi
1938 4493 2079 4546 circa
2126 4489 2334 4544 virtutis
2386 4487 2819 4542 exercitationem
2868 4484 3015 4539 eritis
3058 4483 3365 4537 alacriores.

1791 4584 2247 4654 Quemadmodum
2277 4582 2418 4636 enim
2451 4582 2501 4633 in
2532 4580 2770 4648 pecuniis
2793 4619 2807 4642 ,
2845 4578 2933 4647 qui
2962 4577 3094 4631 duos
3132 4577 3367 4630 lucratus

1792 4688 1873 4732 est
1901 4690 2120 4735 aureos,
2154 4672 2402 4742 proclivis
2428 4680 2511 4725 est
2534 4670 2598 4723 ad
2624 4670 2808 4725 decem
2833 4711 2846 4733 ,
2877 4677 2931 4723 et
2954 4668 3019 4721 ad
3043 4668 3224 4738 viginti
3252 4665 3364 4719 col-

1793 4767 2033 4839 ligendos
2061 4764 2562 4835 congregandosque
2587 4781 2601 4827 ;
2634 4764 2710 4818 sic
2738 4778 2834 4817 usu
2864 4762 3007 4815 venit
3034 4771 3088 4815 et
3116 4761 3167 4815 in
3196 4761 3363 4812 virtu—

1792 4872 1844 4916 te
1877 4879 1890 4914 :
1923 4867 2011 4931 qui
2036 4859 2220 4915 fecerit
2244 4859 2439 4913 bonum
2464 4857 2674 4928 aliquod
2693 4872 2849 4926 opus,
2874 4855 3212 4923 ofﬁciumque
3236 4868 3369 4921 pra:-

1791 4953 2015 5014 stiterit,
2045 4950 2533 5006 exstimulationem
2581 4948 2703 5002 inde
2727 4948 2955 5016 aliquam
2986 4954 3077 4999 aut
3112 4943 3365 4998 exhorta—

1793 5044 1992 5098 tionem
2023 5042 2089 5096 ad
2115 5042 2373 5112 agendum
2407 5040 2599 5103 sumit,
2629 5046 2687 5091 ut
2722 5038 2823 5092 alia
2849 5052 3059 5107 quoque
3092 5036 3364 5089 benefacta

1794 5134 2148 5204 aggrediatur.
2178 5133 2247 5189 Ut
2273 5134 2431 5203 igitur
2470 5140 2524 5185 et
2552 5130 2741 5185 fratres
2787 5142 3093 5193 servemus,
3125 5136 3179 5181 et
3216 5127 3371 5180 nobis

1795 5226 2000 5281 veniam
2027 5241 2124 5294 pro
2165 5225 2433 5294 peccatis,
2482 5223 2589 5277 imo
2632 5221 2805 5291 potius
2854 5220 3072 5274 multam
3121 5217 3368 5273 ﬁduciam

1798 5331 2142 5387 reponamus,
2176 5313 2403 5383 denique
2446 5328 2691 5367 curemus
2726 5322 2779 5367 et
2826 5311 2985 5374 illud,
3015 5321 3071 5364 ut
3113 5321 3237 5364 ante
3264 5323 3371 5363 ca:-

1797 5417 1909 5463 tera
1948 5410 2125 5464 omnia
2153 5422 2346 5461 nomen
2383 5406 2475 5460 Dci
2520 5404 2878 5475 gloriﬁcetur;
2921 5420 3044 5457 cum
3075 5401 3325 5457 uxoribus
3355 5443 3371 5468 ,

1795 5504 1998 5569 liberis,
2043 5510 2097 5557 et
2126 5500 2336 5555 famulis
2382 5499 2448 5553 ad
2497 5499 2637 5552 hunc
2675 5505 2923 5551 venatum
2968 5505 3022 5549 et
3063 5494 3367 5563 indaginem

1794 5596 1993 5666 egressi
2013 5636 2031 5660 ,
2057 5592 2405 5650 extraltamus
2428 5607 2459 5646 e
2496 5590 2689 5645 diaboli
2720 5591 2922 5660 laqueis
2948 5600 3133 5659 captos
3159 5589 3226 5643 ab
3252 5588 3367 5651 illo,

1796 5689 2083 5745 secundum
2113 5686 2278 5756 ipsius
2307 5684 2629 5740 voluntatem
2664 5701 2678 5737 :
2709 5697 2809 5737 nec
2831 5682 2977 5751 prius
3017 5682 3334 5737 dcsistamus
3354 5720 3372 5745 ,

1801 5797 1958 5853 quam
1981 5778 2229 5851 quidquid
2249 5793 2341 5848 per
2362 5793 2456 5832 nos
2478 5777 2715 5846 praestari
2739 5778 2933 5845 poterit
2954 5772 3375 5845 praestiterimus,
