3906 6282
547 353 649 409 927
1249 357 1305 410 S.
1345 356 1627 413 JOANNIS
1661 355 2132 418 CIIRYSOSTOMI

549 495 660 547 sive
693 502 936 559 pareant,
966 490 1076 544 sive
1099 505 1202 545 non
1235 501 1472 560 pareant.
1502 492 1638 560 Quin
1671 491 1846 561 pomis
1873 491 2117 561 impossi-

551 585 662 639 bile
687 595 798 649 est,
824 594 880 637 ut
905 583 1176 637 christiani
1208 597 1326 637 cum
1355 584 1464 638 sint
1483 624 1496 646 ,
1523 600 1625 636 non
1650 593 1885 651 pareant.
1914 583 2018 637 Sed
2049 599 2133 638 ne.

549 677 634 729 vel
682 675 815 728 hanc
881 675 1275 729 excusationem
1328 675 1603 736 habeatis,
1658 674 1787 728 illud
1851 674 2009 741 dico,
2075 675 2132 747 si,

550 774 824 834 postquam
857 765 1015 816 multa
1048 765 1206 818 verba
1241 764 1519 828 effuderis,
1565 775 1617 818 et
1663 765 1913 834 quidquid
1949 780 2042 834 per
2072 773 2122 819 te

555 857 785 924 priestari
833 858 1064 926 poterit,
1132 857 1465 926 cxpleveris,
1538 857 1732 910 videris
1801 857 1946 910 illum
2016 872 2122 912 non

549 947 950 1015 obtemperare;
984 947 1228 1008 adducito
1256 947 1319 1000 ad
1352 946 1679 1009 sacerdotes,
1711 955 1765 1000 et
1791 948 2009 1002 onmiuo
2031 962 2125 1017 per

553 1037 648 1090 Dei
673 1038 895 1105 gratiam
925 1040 1193 1105 potientur
1222 1046 1412 1091 venatu
1434 1077 1450 1101 ,
1484 1045 1758 1106 totumque
1787 1047 1934 1092 tuum
1983 1039 2084 1093 erit
2105 1083 2120 1104 ,

553 1130 643 1196 qui
675 1130 820 1182 illum
850 1146 1007 1182 manu
1035 1129 1266 1184 duxeris.
1291 1129 1414 1183 llaec
1442 1137 1498 1184 et
1526 1130 1786 1190 uxoribus
1805 1130 1905 1184 viri
1929 1130 2087 1184 dicite
2107 1169 2122 1193 ,

557 1228 612 1272 et
641 1233 832 1274 uxores
859 1222 983 1274 viris
1002 1262 1017 1285 ,
1042 1231 1095 1275 et
1122 1229 1297 1287 patres
1325 1221 1480 1287 ﬁliis,
1510 1231 1566 1275 et
1594 1221 1751 1275 amici
1795 1204 1999 1274 amicis.
2033 1221 2134 1280 Dis

557 1319 706 1377 seant
726 1310 840 1365 haec
863 1311 1053 1376 Judaei,
1093 1319 1147 1365 et
1171 1311 1204 1365 ii
1231 1311 1318 1380 qui
1351 1311 1502 1364 nobis
1532 1311 1742 1380 quidem
1760 1310 2025 1379 conjuncti
2048 1312 2127 1363 vi-

554 1403 773 1466 deutttr,
804 1403 897 1457 sed
924 1419 1043 1457 cum
1067 1403 1170 1456 illis
1192 1403 1458 1473 sentiunt,
1484 1403 1636 1457 nobis
1656 1401 1866 1472 aliquod
1890 1400 2120 1454 studium

555 1507 694 1558 esse,
726 1507 788 1546 ac
826 1493 1231 1565 sollicitudinem
1252 1535 1269 1559 ,
1300 1494 1726 1564 vigilantiamque
1755 1507 1849 1561 pro
1876 1490 2129 1545 fratribus

1486 1742 2130 1873 CONTRA

1108 2090 1302 2136 ORATIO
1339 2089 1572 2128 οοτΑγΑ.

631 2235 679 2288 1.
704 2231 962 2286 Pnetcriit
979 2229 1236 2300 jejunium
1266 2227 1593 2293 Judaeorum,
1623 2227 1731 2284 imo
1758 2228 1934 2296 potius
1960 2227 2134 2283 81)?le

560 2332 642 2378 tas
660 2323 981 2378 Iudaeorum.
1013 2321 1105 2373 Est
1130 2320 1358 2386 enimet
1383 2318 1582 2388 absque
1605 2318 1730 2371 vino
1759 2319 1986 2374 ebrietas
2009 2361 2024 2384 ,
2054 2328 2137 2374 est

557 2427 612 2480 et
649 2418 700 2470 in
730 2415 1016 2469 sobrietate
1061 2412 1348 2466 temulenta
1387 2411 1758 2480 luxuriosaque
1796 2411 2132 2467 comessatio.

559 2508 710 2574 Quod
749 2506 793 2558 si
825 2519 981 2558 nemo
1020 2511 1200 2571 posset
1237 2503 1437 2572 absque
1476 2503 1598 2554 vino
1638 2502 1954 2556 temulentus
1991 2516 2132 2568 esse,

562 2613 894 2668 nequaquam
921 2596 1175 2666 propheta
1206 2593 1408 2660 diceret
1437 2610 1449 2645 :
1493 2591 1577 2646 Va:
1620 2593 1683 2646 iis
1719 2593 1804 2661 qui
1837 2591 1958 2644 ebrii
1993 2603 2131 2657 sunt,

557 2702 720 2748 etnon
736 2691 891 2742 avino
918 2687 1068 2762 (1εαί.
1093 2688 1183 2742 29.
1207 2687 1240 2741 9
1248 2705 1284 2756 ).
1304 2686 1360 2742 Si
1385 2701 1488 2740 non
1512 2692 1651 2742 esset
1677 2684 1792 2738 sine
1807 2683 1930 2736 vino
1960 2684 2134 2740 ebrie-

560 2797 662 2853 tas,
682 2801 788 2838 non
815 2783 1036 2837 dixisset
1065 2782 1290 2836 Paulus:
1319 2779 1493 2833 Nolite
1520 2779 1756 2832 inebriari
1790 2778 1904 2832 vino
1930 2779 2132 2850 (Thess.

561 2876 616 2931 5.
648 2877 762 2946 l8).
791 2874 919 2928 Nam
950 2890 1012 2926 ac
1053 2873 1098 2927 si
1143 2873 1304 2940 possit
1332 2872 1530 2940 absque
1559 2871 1681 2924 vino
1709 2870 1828 2939 quis
1860 2870 2132 2932 inebriari,

558 2968 734 3030 dixit:
766 2966 941 3020 Nolite
968 2966 1205 3034 inebriari
1233 2964 1364 3017 vino.
1400 2965 1492 3017 Est
1530 2965 1671 3017 enim
1713 2965 1945 3017 ebrietas
1988 2971 2044 3018 et
2083 2963 2134 3015 in

559 3060 635 3116 ira
668 3069 722 3114 et
747 3060 800 3112 in
830 3059 1058 3112 absurda
1085 3057 1534 3125 concupiscentia,
1571 3065 1623 3110 et
1651 3056 1700 3108 iu
1733 3055 1971 3118 avaritia,
1999 3063 2054 3108 et
2083 3053 2135 3107 in

560 3167 742 3206 amore
771 3151 952 3218 gloria:
975 3189 989 3211 ,
1019 3148 1243 3216 denique
1278 3148 1330 3200 in
1359 3146 1476 3201 aliis
1515 3145 1804 3199 innumeris
1840 3143 2132 3209 affectibus.

561 3241 803 3297 Ebrietas
828 3241 970 3294 enim
1000 3239 1126 3292 nihil
1153 3237 1293 3292 aliud
1322 3246 1424 3303 est,
1461 3252 1617 3307 quam
1649 3236 1908 3290 excidisse
1932 3251 1960 3288 a
1990 3249 2134 3290 reeta

561 3332 785 3388 ratione.
817 3330 1162 3398 deliratioque
1184 3338 1237 3382 et
1260 3344 1404 3382 sanae
1429 3329 1624 3382 mentis
1651 3327 1897 3397 privatio.

631 3420 936 3482 Ebrietatem
961 3437 1062 3474 non
1087 3422 1254 3474 vinum
1279 3421 1628 3484 solummodo,
1665 3421 1754 3474 sed
1785 3431 1834 3474 et
1870 3421 1959 3474 alii
1995 3423 2136 3490 pravi

557 3512 771 3578 a/I'ectas
819 3513 1044 3579 pariunt.
1083 3541 1156 3554 --
1197 3511 1312 3566 Non
1360 3513 1532 3567 solttm
1580 3513 1736 3583 igitur
1778 3513 1866 3590 qni
1913 3513 2134 3566 multum

558 3606 805 3659 exhaurit
845 3621 1048 3661 merum
1070 3648 1085 3672 ,
1117 3622 1298 3660 verum
1325 3607 1482 3661 etiam
1525 3608 1609 3676 qui
1641 3607 1801 3660 alium
1833 3607 2135 3676 quempiam

557 3699 800 3754 morbmn
823 3699 915 3752 alit
936 3700 986 3752 in
1009 3699 1207 3763 animo,
1230 3698 1574 3753 vehementer
1593 3699 1775 3753 ebrius
1799 3713 1916 3752 esse
1933 3697 2136 3766 judica-

555 3790 718 3845 bitur.
755 3790 959 3844 Etenim
987 3791 1072 3860 qui
1099 3790 1336 3850 mulieris
1361 3791 1547 3846 alienae
1575 3799 1784 3848 tenetur
1811 3805 2014 3856 amore,
2045 3791 2134 3860 qni

556 3882 746 3936 scortis
767 3893 936 3948 vacat,
967 3883 1147 3937 ebrius
1174 3891 1274 3936 est.
1304 3882 1368 3935 Et
1391 3881 1526 3935 sicut
1554 3882 1620 3946 is,
1652 3882 1742 3950 qui
1773 3881 1996 3934 multttm
2024 3879 2137 3935 ebi-

546 3973 632 4026 ‘bit
677 3988 904 4035 merum,
946 3982 1000 4028 et
1041 3983 1374 4027 transversus
1417 3973 1607 4041 agitur,
1654 3972 1939 4041 iliiherales
1979 3986 2136 4026 voces

557 4066 803 4130 effundit,
843 4067 1089 4136 aliudque
1132 4081 1229 4135 pro
1271 4065 1376 4129 alio
1411 4066 1597 4121 videt:
1635 4067 1712 4120 sic
1753 4077 1802 4122 et
1848 4067 1934 4122 hic
1975 4067 2136 4121 veluti

558 4172 707 4212 mero
749 4157 994 4226 qu0piam
1033 4171 1127 4209 sua
1169 4155 1457 4224 cupiditate
1500 4156 1750 4224 repletus,
1793 4171 1968 4226 neque
2008 4170 2134 4210 sana

557 4248 759 4317 profert
793 4247 990 4312 verba,
1032 4246 1123 4300 sed
1155 4246 1405 4301 obscaena
1434 4246 1632 4308 omnia,
1673 4246 1765 4302 sed
1804 4245 2097 4316 perniciosa
2117 4287 2134 4313 ,

555 4339 651 4395 sed
682 4339 955 4394 illiberalia
981 4339 1226 4407 risusque
1253 4338 1433 4407 plena,
1463 4337 1670 4406 aliaque
1701 4354 1796 4405 pro
1824 4339 1942 4393 aliis
1971 4337 2132 4403 videt,

557 4431 845 4486 «mentiens
877 4430 943 4484 ad
977 4445 1040 4484 ea
1065 4444 1182 4498 qua:
1209 4438 1516 4484 cermmtur.
1540 4428 1691 4494 Quod
1729 4429 1772 4483 si
1811 4430 1895 4483 cui
1928 4429 2134 4484 mulieri

557 4533 798 4594 stuprum
835 4523 1032 4577 inferre
1063 4522 1407 4592 concupiscit,
1440 4520 1574 4575 hanc
1601 4521 1792 4591 ubique
1818 4520 2131 4592 imaginans,

555 4631 663 4669 non
685 4615 838 4668 aliter
859 4629 1017 4684 quam
1046 4623 1222 4668 mente
1246 4623 1431 4682 captus
1459 4628 1522 4666 ac
1547 4612 1800 4680 delirans,
1826 4615 1876 4666 in
1899 4627 2134 4669 conven-

559 4706 753 4770 ticulis,
801 4705 854 4759 in
898 4705 1174 4771 conviviis,
1219 4705 1362 4760 omni
1407 4715 1665 4774 tempore,
1713 4705 1766 4759 in
1807 4705 1957 4760 omni
1991 4706 2130 4771 loco,

557 4801 659 4856 etsi
687 4803 960 4855 innumera
991 4800 1264 4853 hominum
1295 4799 1462 4853 millia
1489 4800 1658 4869 ipsum
1685 4799 2040 4870 alloqnantur,
2065 4814 2134 4855 ne

554 4895 740 4949 audire
772 4891 1000 4964 quidem
1018 4891 1244 4958 videtur,
1277 4891 1369 4947 sed
1397 4892 1464 4946 ad
1496 4893 1638 4948 illam
1667 4901 1868 4947 tantum
1900 4893 2133 4948 intentus

553 4997 634 5042 est
658 4987 886 5051 animus,
909 4999 1007 5040 nec
1027 4984 1169 5038 aliud
1191 4985 1436 5050 somniat,
1461 4999 1618 5054 quam
1643 4993 1913 5053 peccatum
1929 4999 1952 5047 ;,
1974 4982 2133 5036 habet

552 5089 798 5151 suspecta
821 5079 1020 5143 omnia,
1052 5079 1240 5132 metuit
1271 5079 1469 5142 omnia,
1503 5078 1671 5133 nihilo
1701 5077 1889 5131 melior
1913 5075 2130 5130 animali

553 5171 798 5243 perculso
853 5179 908 5224 et
958 5171 1203 5225 attonito.
1260 5169 1591 5238 Rursusque,
1637 5183 1794 5238 quem
1843 5174 1988 5222 tenet
2029 5167 2127 5232 ira,

551 5266 730 5321 ebrius
752 5273 835 5319 est
860 5281 874 5318 :
897 5264 1140 5318 similiter
1156 5272 1211 5318 et
1237 5262 1357 5316 huic
1377 5271 1549 5330 turget
1571 5261 1750 5325 facies,
1775 5275 1874 5314 vox
1899 5257 1957 5312 fit
1977 5273 2132 5327 aspe-

550 5359 680 5425 rior,
726 5359 863 5413 oculi
912 5359 1044 5411 fiunt
1087 5356 1493 5423 sanguinolenti,
1544 5370 1693 5409 mens
1730 5353 2125 5419 obtenebratur,

554 5448 830 5518 prudentia
875 5447 1250 5516 submergitur,
1301 5446 1476 5514 lingua
1525 5444 1722 5506 tremit,
1775 5443 1916 5498 oculi
1958 5439 2126 5496 inter-

550 5547 799 5606 queatur,
837 5552 995 5592 aures
1036 5537 1138 5590 alia
1182 5551 1277 5605 pro
1315 5536 1432 5590 aliis
1468 5534 1731 5590 audiunt:
1765 5532 2009 5587 nimirum
2048 5533 2126 5586 ira

551 5627 709 5697 longe
735 5629 966 5698 gravius,
986 5643 1144 5698 quam
1165 5628 1328 5682 ullum
1357 5641 1562 5682 merum
1590 5625 1776 5688 soleat,
1801 5623 2126 5693 percetlente

551 5717 854 5782 cerebrum.
891 5728 1254 5788 tempestatem
1298 5717 1626 5781 concitante,
1669 5716 2128 5785 turbationemque

549 5824 796 5886 g'ginente
838 5812 1200 5869 insedabilcm.
1227 5813 1377 5880 Quod
1415 5813 1461 5868 si
1489 5811 1920 5883 concupiscentia.
1950 5819 2004 5867 et
2041 5810 2119 5864 ira

2166 362 2208 413 Α
2220 360 2480 417 RCIHEP.
2522 361 3047 418 CONSTANTINOP.
3699 366 3807 424 θέε
3876 423 3877 442 1

2222 495 2415 551 nostris
2449 495 2514 550 ad
2557 495 2674 561 illos
2725 497 2859 551 ultro
2889 498 3239 560 currentibus.
3293 500 3364 554 Et.
3402 501 3624 556 omnino
3675 516 3811 561 ante
3876 483 3877 554 Ῐ

2226 600 2323 640 nos
2348 586 2468 640 illos
2491 586 2778 656 corrigent,
2801 587 2910 656 qui,
2933 604 3053 641 cum
3076 601 3269 653 nostra:
3294 590 3642 659 professionis
3668 593 3808 660 sint,
3876 571 3877 646 ί

2222 683 2398 730 tamen
2427 676 2519 730 illo
2546 687 2867 733 commeant.
2899 678 3032 747 Quin
3075 680 3246 748 potius
3275 696 3431 736 nemo
3461 683 3694 753 posmac
3713 699 3812 737 aa-
3876 687 3877 690 “

2224 781 2383 826 surus
2417 778 2501 822 est
2527 767 2592 822 ad
2621 769 2737 821 illos
2781 770 3064 838 confugere
3087 811 3102 834 ,
3134 770 3226 825 sed
3254 771 3354 825 erit
3383 787 3579 840 corpus
3612 773 3810 829 Eecle-
3876 787 3877 816 ξ

2225 856 2318 910 size
2348 872 2556 926 purum.
2584 858 2724 916 Deus
2752 868 2929 912 autem
2957 859 3044 930 qui
3072 859 3182 914 vult
3206 876 3390 914 omnes
3411 861 3665 918 homines
3690 865 3806 917 fieri
3876 862 3877 866 “

2225 949 2398 1007 salvos
2418 989 2434 1014 ,
2461 960 2515 1004 et
2541 949 2608 1008 ad
2636 951 2955 1019 agnitionem
2999 953 3236 1007 veritatis
3269 955 3476 1020 venire,
3506 965 3562 1020 et
3606 971 3706 1010 vos
3747 957 3811 1009 ad

2227 1039 2385 1094 istum
2424 1050 2672 1094 venatum
2723 1042 3065 1108 corroboret,
3111 1052 3164 1098 et
3209 1044 3327 1098 illos
3366 1043 3432 1098 ab
3485 1047 3590 1099 hoc
3626 1063 3814 1100 errore

2228 1130 2451 1200 liberet.
2491 1132 2724 1202 Denique
2766 1145 2983 1188 cunctos
3027 1133 3096 1190 ad
3142 1135 3361 1189 salutem
3405 1145 3693 1194 revocatos
3730 1137 3813 1188 di-
3876 1135 3877 1142 ‘

2229 1239 2359 1294 gnos
2387 1224 2576 1278 reddat
2601 1225 2851 1279 caelorum
2887 1241 3050 1296 regno
3070 1267 3084 1291 ,
3131 1227 3184 1280 in
3211 1227 3430 1298 gloriam
3460 1243 3617 1288 suam
3644 1269 3661 1292 ,
3687 1229 3810 1297 quia

2232 1317 2329 1386 ipsi
2352 1317 2602 1387 convenit
2627 1317 2791 1388 gloria
2820 1327 2874 1382 et
2899 1318 3132 1396 potentia
3159 1319 3210 1386 in
3236 1320 3428 1375 saecula
3457 1320 3811 1389 seculorum.

2231 1410 2424 1463 Amen.

2185 1739 2885 1860 JU‘DzEOS.,

2239 2083 2515 2144 correptus
2533 2073 2710 2129 ebrius
2739 2074 2809 2130 sit
2839 2091 2852 2128 :
2884 2074 3051 2132 multo
3079 2077 3245 2146 magis
3273 2076 3436 2132 homo.
3458 2078 3656 2147 itupius
3681 2082 3828 2137 et—ia.

2241 2165 2407 2221 Deum
2436 2165 2797 2235 blasphemus,
2823 2167 3068 2237 illiusque
3098 2169 3299 2239 legibus
3327 2185 3668 2240 repugnans,
3698 2190 3810 2242 qia-

2237 2272 2340 2326 que
2375 2255 2510 2312 hanc
2553 2258 2976 2326 intempestivam
3020 2260 3356 2327 pertinaciam
3375 2277 3679 2329 numquam
3708 2265 3827 2318 vult.

2239 2345 2490 2416 effugere,
2520 2347 2696 2402 ebrius
2715 2357 2797 2402 est
2818 2347 3136 2417 insanitque,
3158 2350 3391 2406 deterius
3409 2350 3635 2406 affectus
3657 2369 3832 2420 quam

2239 2436 2273 2490 ii
2301 2439 2388 2506 qui
2415 2437 2720 2503 heluantur,
2747 2441 2941 2508 quique
2979 2449 3157 2494 mente
3183 2441 3322 2509 capti
3355 2451 3515 2504 sunt,
3548 2441 3674 2505 licet
3705 2444 3812 2512 ipse

2240 2527 2480 2581 morbum
2511 2544 2662 2581 suum
2691 2543 2793 2582 non
2817 2532 3015 2586 sentire
3041 2530 3296 2592 videatur.
3329 2531 3461 2586 Nam
3500 2533 3556 2586 id
3569 2535 3812 2598 maxime

2237 2617 2484 2679 convenit
2511 2617 2774 2686 ebrietati,
2806 2619 2964 2673 etiam
2996 2621 3139 2674 nullo
3166 2636 3327 2677 sensu
3353 2623 3524 2690 affici,
3552 2639 3678 2678 cum
3710 2635 3812 2679 turb

2237 2711 2376 2780 piter
2404 2712 2600 2781 agitur.
2624 2712 3078 2779 Quemadmodum
3108 2714 3265 2783 igitur
3292 2714 3420 2768 illud
3447 2726 3532 2769 est
3559 2717 3824 2786 gravissi-o

2240 2821 2386 2860 mum
2423 2804 2478 2859 in
2521 2811 2703 2858 mente
2731 2803 2920 2873 captis,
2959 2803 3246 2874 quod.._cum
3273 2815 3554 2875 aegrotent,
3585 2823 3689 2862 nec
3716 2808 3811 2864 hoc

2239 2890 2421 2959 ipsum,
2448 2891 2697 2956 sentiant,
2726 2908 2785 2946 se
2823 2907 2940 2948 esse
2964 2903 3190 2964 ingratos
3225 2914 3238 2949 :
3269 2897 3345 2950 sic
3373 2907 3428 2951 et
3452 2896 3625 2956 Judaei
3655 2915 3811 2964 nunc,

2238 2996 2358 3034 cum
2398 2982 2502 3034 sint
2528 2983 2679 3047 ebrii,
2712 2983 2761 3037 id
2792 3000 2894 3037 non
2921 2985 3153 3039 sentiunt
3183 2994 3376 3040 tamen.
3416 2986 3688 3042 Praeteriit
3725 2991 3812 3059 igt-

2240 3079 2326 3125 tnr
2365 3073 2573 3129 illorum
2607 3073 2886 3143 jejunium,
2924 3077 3107 3146 quavis
3145 3077 3400 3132 ebrietate
3439 3076 3641 3139 foedius
3673 3095 3691 3132 :
3722 3095 3813 3133 nos

2240 3174 2415 3218 autem
2445 3181 2512 3220 ne
2538 3167 2868 3221 remittamus
2889 3182 2985 3237 pro
3009 3167 3259 3222 fratribus
3285 3169 3482 3224 nostris
3500 3171 3812 3232 sollicitudie

2239 3271 2380 3320 nem,
2405 3272 2574 3326 neque
2595 3259 2814 3330 posthac
2833 3259 3199 3315 existimemus
3221 3261 3378 3315 ullam
3395 3261 3614 3318 illorum
3635 3279 3818 3320 curam

2239 3364 2358 3405 esse
2379 3350 2755 3420 importunam.
2773 3351 2876 3408 Sed
2892 3352 3356 3424 quemadmodum‘
3376 3355 3580 3411 faciunt
3599 3360 3808 3422 miiites,

2239 3443 2327 3498 ubi
2351 3443 2636 3498 commisso
2663 3446 2848 3514 prazlio
2875 3447 3134 3504 verterint
3166 3449 3217 3501 in
3246 3448 3416 3520 fugam
3451 3450 3809 3518 adversarios,

2238 3531 2306 3587 ah
2329 3534 2672 3590 insectatione
2701 3535 3000 3603 redeuntes,
3025 3552 3132 3592 non
3154 3539 3638 3608 protinuscurrunt
3662 3543 3729 3595 ad
3751 3555 3812 3596 ta-

2241 3625 2556 3692 bernacula;
2595 3626 2692 3682 sed
2734 3628 2879 3696 prius
2921 3629 2988 3684 ad
3029 3630 3304 3687 conflictus
3345 3632 3520 3686 locum
3562 3635 3812 3701 proiecti,

2239 3716 2433 3771 tollunt
2458 3731 2552 3772 eos
2575 3719 2664 3789 qui
2693 3735 2757 3774 ex
2788 3719 3020 3789 ipsorum
3050 3737 3270 3779 numero
3296 3724 3417 3778 caesi
3449 3733 3602 3788 sunt,
3623 3741 3690 3780 ac
3713 3729 3814 3782 vita

2239 3812 2450 3881 quidem
2489 3813 2765 3869 defunctos
2804 3824 2942 3869 terra
2981 3817 3227 3871 occulunt
3257 3832 3272 3869 :
3302 3826 3556 3872 czeterum
3603 3821 3649 3873 si
3675 3835 3801 3887 quos

2241 3904 2468 3958 viderint
2505 3903 2644 3959 inter
2685 3916 2922 3961 mortuos
2959 3909 3223 3977 Spirantes
3250 3907 3443 3974 adhuc,
3477 3923 3583 3963 nec
3621 3909 3807 3964 lethale

2239 3997 2431 4059 vulnus
2478 3996 2750 4062 habentes,
2803 3995 2866 4051 iis
2916 3997 2967 4051 in
3023 3998 3242 4052 tentoria
3298 3997 3540 4064 sublatis,
3597 4000 3804 4052 multam

2237 4086 2491 4142 adhibent
2515 4088 2868 4156 curationem,
2891 4097 3232 4158 extractoque
3256 4088 3381 4154 telo,
3406 4090 3685 4146 accersitis
3705 4106 3805 4146 nte-

2237 4178 2404 4244 dicis,
2454 4179 2692 4235 absterso
2739 4180 3013 4249 sanguine,
3059 4179 3306 4234 remediis
3352 4179 3641 4248 adhibitis,
3687 4181 3802 4235 reli-

2238 4289 2448 4344 quaque
2486 4274 2630 4328 omni
2665 4272 2936 4328 curatione
2974 4272 3185 4328 admota
3221 4271 3287 4325 ad
3326 4271 3616 4326 sanitatem
3652 4271 3802 4327 redu-

2238 4376 2382 4425 cunt.
2414 4367 2482 4422 Et
2517 4380 2615 4420 nos
2658 4366 2817 4435 igitur
2853 4366 3118 4433 quoniam,
3149 4362 3438 4432 opitulante
3477 4363 3574 4417 Dei
3621 4365 3799 4434 gratia,

2237 4460 2448 4516 Judreos
2511 4459 2814 4530 persequuti
2867 4472 3050 4512 sumus
3101 4456 3318 4511 armatis
3371 4455 3634 4511 adversus
3691 4458 3802 4512 illos

2238 4553 2588 4623 undequaque
2615 4550 2908 4621 prephetis,
2942 4548 3142 4603 reversi
3170 4561 3312 4606 nunc
3338 4547 3620 4601 videamus
3638 4588 3653 4612 ,
3685 4563 3798 4600 num

2237 4647 2326 4718 qui
2356 4645 2572 4700 fratrum
2601 4655 2899 4700 nostrorum
2926 4641 3229 4708 ceciderint,
3259 4657 3382 4694 num
3406 4642 3499 4710 qui
3520 4641 3593 4694 ab
3608 4641 3799 4712 jejunio

2238 4738 2512 4806 intercepti
2545 4738 2672 4802 sint,
2706 4751 2828 4790 num
2864 4734 2950 4805 qui
2994 4733 3097 4788 illis
3125 4732 3176 4786 in
3216 4731 3350 4787 festo
3375 4732 3799 4788 communicave-

2235 4829 2376 4884 rint?
2401 4829 2478 4882 Ac
2501 4828 2762 4882 neminem
2794 4825 3005 4897 quidem
3045 4823 3310 4878 tradamus
3345 4823 3680 4892 sepulturae;
3714 4825 3797 4879 sed

2236 4925 2408 4992 potius
2436 4921 2671 4975 sublatos
2695 4933 2880 4974 omnes
2907 4933 3174 4972 curemus.
3203 4915 3332 4970 Nam
3359 4915 3410 4968 in
3432 4916 3679 4970 externis
3695 4917 3798 4986 qui-

2234 5015 2354 5069 dem
2380 5015 2595 5085 prtcliis,
2627 5015 2715 5084 qui
2745 5012 2908 5067 semel
2938 5010 3187 5065 ceciderit
3219 5009 3562 5076 animamque
3592 5008 3793 5070 efflarit.

2234 5125 2340 5164 non
2369 5117 2541 5178 potest
2560 5123 2590 5162 a
2619 5109 2786 5161 milite
2817 5105 3139 5176 recuperari,
3173 5111 3227 5158 et
3251 5101 3318 5157 ad
3344 5101 3510 5155 vitam
3536 5102 3788 5157 revocari.

2233 5200 2493 5256 Cancrum
2524 5201 2576 5253 in
2602 5200 2704 5254 hoc
2725 5198 2866 5253 bello
2891 5196 3198 5267 prielioque,
3221 5193 3378 5248 etiam
3399 5192 3444 5246 si
3464 5193 3590 5262 quis
3614 5193 3795 5250 lethale

2231 5293 2423 5349 vulnus
2447 5291 2730 5361 acceperit,
2765 5289 2876 5343 fieri
2903 5295 3100 5358 potest,
3127 5297 3181 5340 ut
3208 5284 3495 5340 auxiliante
3527 5283 3690 5338 nobis
3718 5283 3794 5337 De:

2229 5388 2395 5461 gratia
2427 5403 2547 5444 eum
2587 5386 2652 5440 ad
2682 5385 2842 5438 vitam
2873 5382 3207 5438 reducamus.
3239 5378 3352 5433 Non
3379 5377 3524 5432 enim
3563 5376 3686 5433 hac
3711 5391 3794 5431 nae

2232 5493 2360 5537 tura)
2386 5495 2532 5537 mors
2556 5490 2656 5543 est,
2687 5475 3129 5550 quemadmodum
3159 5473 3265 5539 illa,
3300 5469 3395 5527 sed
3429 5470 3721 5526 voluntatis
3744 5483 3795 5522 ac

2231 5575 2506 5647 propositi.
2556 5573 2892 5628 Voluptatem
2936 5580 3113 5624 autem
3159 5574 3418 5622 mortuam
3457 5562 3587 5620 licet
3635 5565 3794 5618 denuo

2293 5757 2308 5784 ι
2343 5759 2548 5810 Quatuor
2573 5759 2698 5802 διες..
2723 5743 3124 5810 Quemaduwdum
3146 5740 3318 5792 miiitcs
3341 5741 3540 5802 faciunt.
3566 5737 3635 5788 ita
3654 5742 3696 5789 et
3718 5748 3796 5784 nos

2227 5808 2477 5878 ﬁrmamus.
2507 5811 2582 5862 Illi
2605 5813 2749 5873 etum,
2773 5809 2850 5860 ubi
2874 5808 3139 5864 commisso.
3165 5813 3258 5854 etc.
