3906 6236
1277 283 1637 341 ADVERSUS
1674 280 1968 339 JUDxEOS.
2012 282 2143 338 Ylll.
3253 294 3357 352 930

1780 410 1826 454 te
1865 401 2119 455 conversio
2154 401 2283 471 ejus,
2325 414 2369 456 et
2410 413 2462 457 tu
2501 404 2836 461 dominaberis
2875 408 2971 462 illi.
2998 407 3151 476 Quod
3179 421 3359 467 autem

1776 494 1926 559 dicit,
1954 492 2095 548 hunc
2117 494 2276 548 habet
2303 507 2517 549 sensum
2555 514 2568 550 :
2598 512 2754 553 mane
2779 498 2830 552 in
2859 498 3059 554 honore
3084 501 3355 571 primoge-

1776 586 1894 650 niti,
1926 596 1979 641 et
2014 596 2128 640 esto
2157 584 2308 639 fratri
2351 596 2440 641 tuo
2465 587 2747 658 refugium,
2776 591 3145 647 umbraculum
3172 609 3235 648 ac
3260 610 3359 664 pa-

1778 680 2081 745 trocinium,
2104 680 2411 751 imperaque
2435 697 2498 736 ac
2518 682 2794 738 dominare
2817 685 2910 739 illi.
2937 687 3165 741 Tantum
3196 704 3263 742 ne
3289 687 3355 743 ad

1777 772 2115 840 parricidium
2148 773 2424 841 prosilias,
2456 790 2628 844 neque
2655 775 2721 829 ad
2754 776 2968 847 impiam
3010 779 3150 833 illam
3182 798 3361 835 crum-

1775 876 1872 931 pas
1899 861 2121 918 caedem.
2145 863 2343 917 Verum
2374 879 2441 918 ne
2466 866 2542 918 sic
2572 866 2785 935 quidem
2815 869 3151 936 auscultavit,
3183 888 3358 941 neque

1776 955 2079 1025 conquievit
2109 974 2123 1009 :
2155 956 2250 1011 sed
2289 957 2490 1011 caedem
2530 958 2673 1012 illam
2705 962 3046 1028 perpetravit,
3081 962 3357 1018 dexteram

1776 1048 1829 1102 in
1856 1047 2144 1103 fraternum
2168 1050 2387 1104 immisit
2403 1050 2666 1119 jugulum.
2689 1051 2824 1118 Quid
2854 1052 3045 1121 igitur?
3066 1054 3200 1108 Num
3225 1056 3361 1110 dixit

1776 1138 1939 1205 Deus,
1968 1140 2204 1194 sinamus
2234 1140 2381 1195 illum
2420 1142 2471 1195 in
2502 1143 2812 1210 posterum?
2836 1144 2971 1208 Quid
3002 1146 3221 1213 posthac
3258 1146 3362 1200 erit

53 295 174 351 9'29

50 416 366 481 suscitare,
405 414 700 483 animasque
729 417 952 466 martum
990 405 1313 479 persuadere
1348 405 1493 469 licet,
1520 412 1577 458 ut
1601 402 1669 457 ad

49 528 228 568 suam
254 515 421 567 vitam
448 511 653 575 redeat,
680 522 941 575 suumque
962 504 1235 559 dominum
1262 510 1534 574 agnoscat.

130 604 199 657 2.
253 605 432 674 Agite,
476 618 543 657 ne
575 601 941 669 defatigemur,
974 597 1185 663 fratres,
1219 609 1391 665 neque
1430 594 1668 648 delassa-

52 712 221 759 mur,
267 712 444 764 neque
481 693 672 748 animis
707 689 983 751 cadamus,
1019 702 1191 757 neque
1224 686 1500 756 quisquam
1541 684 1671 739 mihi

44 788 243 841 verba
278 786 367 851 illa
390 786 549 848 dicat,
576 782 716 852 quod
743 790 864 836 ante
886 780 1145 850 jejunium
1167 778 1273 832 illis
1296 792 1486 832 cavere
1506 791 1669 845 Opor-

54 879 265 944 tucrit,
296 890 615 943 omnemque
643 887 859 928 movere
890 870 1118 941 lapidem
1153 889 1165 924 :
1200 884 1341 923 nunc
1366 883 1493 923 vero
1520 877 1669 936 pOSt-

52 987 239 1042 quam
264 971 562 1041 jejunatum
599 976 701 1031 est,
745 974 1021 1036 postquam
1060 972 1335 1033 peccatum
1378 950 1671 1015 admissum

52 1072 171 1130 est,
202 1070 494 1132 postquam
534 1059 783 1128 iniquitas
817 1064 1182 1111 consummata
1212 1062 1313 1117 est,
1340 1067 1459 1124 qua:
1485 1066 1670 1121 super-

52 1163 141 1207 est
180 1152 424 1207 utilitas?

135 1242 397 1296 Fratrum
454 1242 604 1295 saluti
653 1238 1037 1294 consulendum.
1082 1267 1153 1277 -â€”
1196 1236 1406 1291 Etenim
1458 1235 1501 1290 si
1554 1235 1672 1304 quis

55 1337 250 1401 novit,
286 1335 419 1406 quid
447 1336 519 1390 sit
546 1333 698 1390 fratri
722 1333 1033 1399 consulere,
1063 1332 1211 1387 novit
1240 1342 1294 1386 et
1332 1330 1492 1393 illud,
1525 1329 1668 1400 quod

54 1444 223 1483 nunc
264 1427 602 1497 petissimum
636 1434 879 1495 oporteat
916 1423 1205 1478 admovere
1241 1437 1450 1487 manus,
1482 1435 1670 1475 onme-

55 1536 175 1591 que
226 1520 465 1575 Studium
513 1519 840 1588 impendere.
884 1517 1067 1586 Neque
1110 1516 1253 1572 enim
1300 1523 1504 1568 tantum
1549 1522 1672 1568 ante

55 1622 361 1683 peccatum
406 1611 698 1665 admissum
743 1609 993 1663 convenit
1037 1607 1217 1662 fratris
1257 1606 1414 1660 saluti
1459 1619 1670 1669 cavere,

58 1719 268 1758 verum
297 1714 355 1757 et
384 1711 505 1771 post
543 1703 749 1771 lapsum
787 1715 975 1754 manus
1019 1696 1354 1769 porrigenda:
1400 1704 1539 1751 sunt.
1573 1696 1670 1750 Et-

64 1797 229 1849 enim
256 1795 306 1850 si
332 1796 470 1849 Deus
498 1794 564 1847 ab
594 1793 745 1847 initio
765 1791 978 1846 fecisset
1002 1789 1161 1855 istud,
1195 1796 1501 1858 tantumque
1519 1787 1674 1842 nobis

57 1887 439 1943 consuluisset
459 1895 583 1939 ante
597 1892 906 1955 peccatum,
932 1891 1053 1952 post
1074 1890 1349 1951 peccatum
1375 1890 1551 1935 autem
1580 1894 1673 1934 ne-

58 1980 338 2050 glexisset
393 1978 686 2041 hominem,
736 1990 1027 2046 passusque
1080 1974 1266 2029 fuisset
1317 1981 1571 2043 perpetua
1617 1973 1672 2026 in

58 2074 231 2127 ruina
258 2072 462 2140 jacere,
495 2069 671 2124 nullus
700 2083 872 2137 neque
898 2076 1139 2121 nostrum
1170 2081 1421 2136 umquam
1445 2065 1671 2118 salutem

58 2164 273 2218 fuisset
318 2169 700 2231 consequutus.
751 2157 948 2213 Verum
1005 2156 1108 2212 hoc
1158 2171 1265 2211 non
1314 2155 1440 2210 facit
1489 2157 1669 2222 Deus,

42 2244 279 2324 1quippe
323 2267 508 2307 amans
545 2251 764 2305 humani
806 2249 1020 2319 generis
1063 2264 1126 2303 ac
1154 2248 1327 2314 mitis,
1370 2256 1674 2317 nostrzeque

57 2345 269 2400 salutis
313 2342 710 2413 cupidissimus.
751 2340 889 2408 Quin
932 2349 986 2394 et
1029 2347 1152 2409 post
1192 2348 1405 2409 peccata
1451 2338 1672 2392 multam

57 2445 303 2507 prazstat
343 2434 774 2500 sollicitudinem,
816 2430 1244 2503 quandoquidem
1274 2439 1329 2485 et
1366 2428 1497 2484 Ada:
1533 2429 1673 2484 cavit

57 2538 200 2583 ante
224 2535 527 2596 peccatum,
557 2525 743 2580 dicens
778 2540 791 2578 :
823 2522 909 2576 Ea:
929 2523 1065 2576 omni
1095 2521 1231 2592 ligno
1259 2521 1393 2590 quod
1412 2530 1485 2575 est
1510 2520 1564 2574 in
1588 2536 1673 2590 pa-

57 2620 255 2673 radiso
283 2617 547 2672 comedens
567 2616 836 2680 comedes;
860 2632 887 2668 e
912 2616 1050 2686 ligno
1084 2628 1200 2667 vero
1233 2612 1530 2685 cognitionis
1555 2610 1673 2664 boni

58 2712 305 2783 malique
349 2726 448 2763 non
489 2708 776 2765 comedetis.
804 2705 909 2763 Sed
953 2721 1265 2774 quocumque
1313 2703 1395 2757 die
1438 2701 1670 2756 comede-

60 2804 215 2866 ritis,
249 2810 409 2855 morte
436 2799 717 2853 moriemini
747 2796 972 2869 (Gen.2.
994 2798 1079 2851 16.
1114 2794 1226 2866 17).
1257 2794 1395 2848 Ecce
1419 2802 1474 2848 et
1500 2791 1671 2847 facili-

61 2904 190 2948 tate
237 2892 395 2962 legis,
446 2902 500 2946 et
548 2892 793 2962 largitate
834 2903 1243 2953 concessurum,
1280 2895 1335 2941 et
1382 2886 1672 2941 acerbitate

60 2984 355 3055 supplicii,
405 2991 459 3039 et
510 2984 624 3054 ipsa
672 2983 943 3039 celeritate
990 2981 1205 3036 ultionis
1248 2980 1550 3050 prospexit,
1602 2994 1671 3034 ne

61 3086 352 3149 peccaret.
382 3075 499 3130 Non
528 3078 669 3131 enim
698 3076 851 3142 dixit,
884 3083 1005 3145 post
1032 3089 1193 3128 unum
1220 3081 1310 3127 aut
1335 3072 1468 3127 duos
1490 3081 1670 3128 tresve

62 3170 217 3233 dies,
258 3167 353 3222 sed
390 3169 440 3221 in
480 3168 594 3237 ipso
619 3167 726 3234 die,
755 3181 861 3237 quo
887 3165 1243 3227 comederitis,
1276 3175 1449 3220 morte
1474 3163 1671 3219 morie-

62 3261 234 3317 mini.
266 3258 503 3329 Denique
529 3259 734 3313 cunctis
758 3257 951 3328 quibus
987 3271 1177 3311 cavere
1203 3256 1436 3327 oportuit
1460 3255 1633 3311 modis
1652 3294 1667 3321 ,

64 3351 225 3406 cavit
256 3349 482 3405 homini.
505 3350 749 3403 Attamen
775 3348 861 3402 ubi
891 3358 1010 3418 post
1035 3356 1232 3402 tantam
1263 3345 1668 3416 providentiam,

63 3442 387 3505 doctrinam
408 3482 424 3507 ,
451 3439 897 3504 exhortationem,
925 3438 1329 3494 beneï¬centiam
1356 3440 1538 3508 lapsus
1567 3447 1669 3504 est,

63 3549 181 3591 nec
232 3532 621 3603 obtemperavit
664 3531 828 3602 jussis
869 3531 1062 3587 divinis
1113 3550 1127 3586 :
1173 3546 1279 3585 non
1323 3531 1457 3585 dixit
1510 3530 1671 3598 Deus,

64 3626 212 3700 quid
248 3625 354 3680 hoc
383 3624 658 3695 proderit?
684 3638 803 3693 qua:
831 3623 1027 3678 utilitas
1050 3621 1210 3677 inde?
1243 3620 1508 3688 comedit,
1535 3621 1675 3677 ceciâ€”

63 3723 179 3787 dit,
234 3729 599 3789 transgressus
645 3727 728 3773 est
767 3717 960 3788 legem,
1003 3716 1228 3772 credidit
1267 3715 1479 3772 diabolo
1527 3734 1539 3769 :
1581 3715 1676 3772 de-

65 3813 264 3885 spexit
314 3817 637 3881 praeceptum
678 3823 886 3876 meum,
932 3809 1135 3876 accepit
1177 3809 1390 3875 vulnus,
1435 3815 1675 3861 mortuus

68 3917 191 3973 est,
218 3906 337 3960 neci
366 3904 594 3959 traditus
621 3911 739 3970 est,
770 3903 822 3957 in
850 3902 1205 3956 damnationis
1234 3900 1551 3955 sententiam
1596 3900 1675 3954 in-

70 3999 220 4055 cidit
253 4015 267 4052 :
303 3996 429 4067 quid
475 3996 697 4066 posthac
735 4002 819 4049 est
863 3992 1003 4063 quod
1054 3992 1127 4046 illi
1180 3990 1494 4062 loquamur?
1532 3989 1674 4046 Nihil

70 4095 282 4147 horum
314 4090 467 4155 dixit,
497 4088 593 4144 sed
622 4087 862 4158 protinus
889 4085 954 4139 ad
988 4085 1135 4139 illum
1172 4083 1345 4150 venit,
1375 4082 1676 4153 alloquutus

71 4195 193 4251 est,
224 4182 535 4239 consolatus
576 4189 679 4244 est,
720 4194 783 4234 ac
821 4192 1004 4233 rursus
1043 4176 1187 4231 aliud
1226 4175 1463 4230 admovit
1498 4189 1675 4230 reme-

70 4280 264 4343 dium,
311 4275 561 4331 videlicet
604 4272 841 4328 laborem
866 4286 930 4326 ac
971 4270 1221 4326 sudorem
1258 4267 1421 4341 (Ibid.
1460 4269 1539 4339 5),
1578 4284 1677 4324 nec

70 4373 240 4443 prius
264 4368 471 4424 destitit
500 4367 678 4422 omnia
705 4363 902 4430 facere,
928 4363 1110 4419 conari
1146 4362 1321 4417 omnia
1338 4404 1354 4430 ,
1381 4362 1550 4416 donec
1577 4376 1676 4415 na-

74 4478 269 4520 turam
301 4461 590 4529 collapsam
622 4457 973 4524 restituisset,
1002 4467 1161 4526 atqtte
1189 4471 1219 4509 a
1249 4465 1421 4509 morte
1448 4454 1673 4509 liberas-

72 4566 190 4620 set,
237 4562 295 4608 et
320 4551 387 4606 ad
414 4552 603 4606 caelum
633 4549 1001 4619 provexisset,
1038 4547 1345 4618 majoraque
1373 4560 1530 4616 quam
1560 4560 1679 4615 per-

69 4648 305 4705 diderat
340 4643 550 4721 homini
598 4642 736 4696 bona
779 4639 1044 4703 dedisset,
1098 4638 1253 4693 factis
1304 4638 1433 4707 ipsis
1478 4636 1676 4691 docens

71 4737 389 4804 diabolum,
417 4734 560 4806 quod
586 4731 669 4789 his
690 4726 899 4787 insidiis
914 4730 1045 4785 nihil
1072 4730 1400 4800 profecisset,
1421 4728 1512 4783 sed
1535 4729 1676 4799 quod
1713 4734 1722 4744 â€˜

74 4832 341 4891 homines
369 4831 568 4899 ejectos
608 4842 639 4881 e
665 4823 909 4896 paradiso
948 4822 1105 4893 paulo
1145 4831 1262 4891 post
1287 4822 1498 4877 visurus
1526 4830 1668 4878 esset

76 4928 137 4980 in
163 4922 318 4978 caelis
346 4920 548 4991 angelis
576 4917 889 4987 permixtos.
914 4912 1055 4969 idem
1080 4914 1203 4969 fecit
1232 4914 1283 4967 in
1312 4914 1475 4979 Cain;
1505 4914 1670 4984 siqui-

74 5018 213 5071 dem
240 5021 299 5067 et
325 5011 487 5077 illius,
526 5009 833 5080 priusquam
859 5014 1138 5080 peccaret,
1170 5015 1387 5059 caverat
1412 5005 1567 5059 saluti
1596 5004 1677 5059 di-

72 5121 219 5166 cens
252 5123 267 5158 :
295 5102 545 5167 Peccasti,
568 5102 799 5172 quiesce;
821 5099 888 5152 ad
911 5108 956 5152 te
981 5096 1236 5151 conversio
1257 5096 1425 5161 illius,
1451 5106 1495 5149 et
1525 5106 1576 5148 tu
1597 5095 1677 5149 illi

64 5198 439 5257 dominaberis
458 5195 619 5269 (Ibid.
644 5196 697 5249 4.
724 5196 800 5265 7).
827 5191 959 5247 Vide
985 5188 1298 5260 sapientiam
1325 5186 1677 5257 prudentiam-

73 5311 191 5368 que
221 5292 340 5348 Dei.
370 5289 483 5344 lloc
505 5287 716 5352 metuis,
746 5285 935 5354 inquit,
962 5297 1028 5336 ne
1056 5291 1109 5336 te
1131 5282 1293 5335 frater
1321 5278 1511 5346 spoliet
1539 5293 1674 5347 pra:-

74 5384 331 5457 rogativa
379 5379 892 5450 primogenitorum,
949 5382 1164 5445 propter
1216 5370 1470 5424 honorem
1503 5408 1517 5433 ,
1572 5383 1678 5438 quo

73 5484 269 5550 ipsum
297 5473 483 5540 effeci,
528 5488 595 5526 ne
626 5470 975 5541 principatum
1007 5465 1106 5520 sibi
1146 5472 1362 5532 usurpet
1396 5460 1490 5515 tibi
1529 5460 1675 5516 debi-

77 5582 226 5626 tum.
276 5566 409 5621 Nam
450 5562 827 5635 primogenitos
868 5559 1129 5629 posterius
1170 5555 1361 5626 genitis
1400 5553 1679 5624 oportebat

81 5658 523 5720 honorabiliores
573 5672 713 5713 esse.
765 5654 944 5719 Bono,
994 5651 1195 5721 inquit,
1244 5650 1421 5704 animo
1472 5647 1565 5714 sis,
1609 5664 1676 5703 ne

90 5767 304 5822 metue,
333 5767 511 5824 neque
535 5756 636 5810 hac
661 5752 728 5805 de
746 5763 903 5804 causa
932 5745 1263 5817 despondeas
1289 5743 1521 5799 aninmm
1554 5755 1568 5794 :
1595 5743 1671 5795 Ad

1776 1230 1952 1285 lucri?
2001 1231 2333 1301 Perpetravit
2383 1233 2760 1301 parricidium,
2814 1236 3061 1289 mactavit
3102 1235 3357 1302 fratrem,

1775 1324 2095 1393 contempsit
2120 1324 2533 1379 admonitionem
2561 1340 2757 1390 meam,
2792 1325 3085 1380 insanabile
3110 1326 3360 1381 minime-

1776 1431 1879 1485 que
1902 1416 2309 1471 condonandum
2340 1416 2685 1472 homicidium
2723 1434 2885 1473 ausus
2920 1429 3000 1473 est
3027 1430 3354 1489 perpetrare,

1777 1507 1973 1577 talique
1998 1522 2063 1561 ac
2093 1517 2233 1563 tanta
2263 1508 2510 1578 dignatus
2536 1509 2893 1565 sollicitudine
2921 1527 3039 1565 mea
3060 1552 3076 1577 ,
3118 1511 3360 1565 doctrina

1776 1606 1830 1652 et
1857 1597 2079 1652 consilio
2104 1615 2116 1651 :
2140 1607 2328 1653 cuncta
2355 1598 2443 1652 illa
2476 1598 2675 1667 pepulit
2700 1614 2767 1653 ex
2790 1602 2989 1665 animo,
3016 1616 3118 1655 nec
3140 1600 3242 1655 ulla
3269 1618 3359 1655 ra-

1776 1689 1922 1743 tione
1966 1703 2260 1745 conversus
2298 1698 2400 1744 est.
2448 1690 2733 1745 Deseratur
2774 1691 2932 1761 igitur
2973 1692 3026 1745 in
3062 1700 3355 1761 posterum,

1777 1794 1840 1835 ac
1870 1782 2136 1849 projectus
2167 1791 2303 1846 esto,
2334 1796 2435 1834 nec
2463 1780 2575 1834 ullo
2604 1796 2725 1835 meo
2763 1791 3010 1850 respectu
3038 1781 3227 1851 dignus
3258 1783 3359 1835 ba-

1776 1871 1985 1927 beatur.
2014 1870 2155 1926 Nihil
2183 1872 2288 1925 tale
2318 1872 2456 1926 Deus
2484 1873 2636 1933 dixit.
2664 1873 2749 1927 vel
2793 1874 2917 1927 fecit
2944 1892 2956 1927 :
2982 1874 3077 1929 sed
3114 1875 3178 1928 ad
3210 1876 3354 1929 illum

1776 1964 1923 2018 venit
1949 1963 2158 2028 denuo,
2192 1973 2246 2019 et
2274 1964 2493 2033 corrigit
2538 1965 2842 2029 hominem,
2876 1964 3059 2020 dicens
3096 1983 3109 2019 :
3147 1965 3244 2020 Ubi
3288 1979 3360 2020 est

1777 2056 1905 2109 Abel
1920 2050 2090 2124 frater
2118 2056 2276 2108 tuus?
2305 2056 2382 2109 Ac
2421 2070 2488 2108 ne
2527 2054 2852 2110 inliciantem
2879 2055 3091 2125 quidem
3124 2057 3357 2122 deserit,

1777 2147 1872 2203 sed
1922 2146 2008 2201 vel
2056 2147 2279 2201 invitum
2328 2146 2492 2217 adigit
2539 2146 2605 2202 ad
2656 2146 2905 2202 facinoris
2944 2148 3357 2206 confessionem.

1777 2237 2015 2310 Cumque
2046 2240 2283 2305 dixisset,
2329 2239 2547 2305 Nescio,
2580 2241 2654 2294 ait
2685 2259 2698 2295 :
2736 2240 2848 2294 Vox
2884 2242 3146 2313 sanguinis
3187 2245 3362 2312 fratris

1777 2330 1850 2384 tui
1869 2330 2053 2384 clamat
2079 2332 2148 2384 ad
2174 2349 2252 2385 me
2277 2332 2339 2386 de
2366 2342 2497 2386 terra
2523 2332 2674 2405 (Gen.
2702 2334 2755 2387 4.
2780 2334 2833 2389 9.
2859 2335 2969 2403 10).
2995 2334 3146 2404 Ipsae,
3173 2336 3360 2405 inquit,

1776 2435 1865 2476 res
1910 2422 2197 2491 prazdicant
2248 2434 2300 2478 te
2347 2423 2635 2479 homicidio
2678 2424 3027 2495 inquinatum.
3063 2426 3199 2492 Quid
3236 2428 3360 2481 ille?

1779 2512 1954 2585 Majas
1980 2525 2051 2568 est
2074 2528 2333 2585 peccatum
2360 2532 2546 2583 meum,
2577 2534 2730 2586 quam
2757 2527 2811 2571 ut
2840 2519 2961 2572 mihi
2984 2520 3286 2588 remittatur,
3313 2532 3361 2575 et

1775 2605 1821 2660 si
1866 2606 2042 2674 ejicias
2083 2622 2162 2660 me
2206 2607 2268 2661 de
2314 2618 2469 2676 terra,
2512 2609 2663 2662 etiam
2705 2625 2738 2662 Î±
2780 2610 2912 2679 facie
2949 2619 3036 2664 tua
3073 2612 3362 2666 occultabor

1780 2695 1939 2767 (Ibid.
1966 2713 2014 2752 Ï….
2044 2698 2129 2753 15.
2164 2698 2271 2769 14).
2306 2699 2473 2770 Hujus
2493 2701 2757 2755 sermonis
2778 2702 3038 2756 sententia
3065 2703 3140 2756 sic
3162 2702 3319 2758 habet
3345 2722 3359 2757 :

1776 2790 2020 2861 graviora
2047 2791 2259 2861 quidem
2286 2793 2551 2859 commisi,
2587 2809 2744 2863 quam
2784 2804 2844 2848 ut
2873 2796 3079 2849 veniam
3111 2811 3359 2850 merean-

1777 2892 1883 2949 tur,
1906 2892 2000 2938 aut
2024 2886 2268 2940 excusari
2299 2887 2507 2955 possint
2533 2896 2626 2941 aut
2649 2887 2999 2943 condonanda
3020 2890 3160 2953 sint;
3192 2890 3283 2945 sed
3314 2891 3359 2945 si

1775 2977 1910 3031 velis
1950 2976 2129 3031 ulcisci
2172 2977 2314 3047 quod
2356 2977 2554 3032 factum
2593 2988 2704 3044 est,
2735 2980 2983 3033 omnibus
3010 2978 3234 3049 objiciar
3270 2990 3362 3035 tuo

1775 3067 1974 3122 auxilio
1995 3066 2301 3123 destitutus.
2329 3067 2465 3134 Quid
2495 3070 2653 3137 igitur
2681 3070 2856 3124 Deus?
2879 3069 3001 3124 Non
3028 3071 3122 3135 sic,
3152 3071 3358 3141 inquit;

1773 3158 1995 3228 quisquis
2026 3158 2265 3213 occiderit
2293 3160 2440 3223 Cain,
2463 3171 2651 3229 septem
2690 3162 2936 3215 vindictas
2986 3164 3230 3233 persolvet
3254 3162 3360 3235 (Ib.

1774 3262 1822 3301 Ï….
1863 3250 1974 3321 15).
2008 3250 2087 3307 Ne
2110 3261 2338 3317 metuas,
2367 3254 2557 3323 inquit,
2583 3253 2721 3319 hoc;
2754 3256 2900 3308 vives
2924 3255 3135 3325 longam
3162 3256 3357 3323 vitam,

1778 3356 1843 3397 ac
1881 3342 1927 3397 si
1959 3342 2078 3412 quis
2108 3353 2158 3399 te
2184 3344 2467 3409 occiderit,
2509 3345 2770 3399 obnoxius
2796 3346 2898 3399 erit
2939 3348 3120 3402 multis
3159 3348 3361 3418 suppli-

1778 3435 1895 3491 ciis.
1934 3435 2066 3491 Nam
2093 3440 2427 3506 septenarius
2454 3454 2709 3493 numerus
2739 3438 2791 3492 in
2821 3438 3108 3509 Scripturis
3139 3442 3360 3497 infinita:

1778 3526 2135 3582 multitudinis
2179 3529 2620 3597 significatiooem
2665 3529 2843 3585 habet.
2892 3532 3152 3597 Quoniam
3197 3532 3361 3602 igitur

1780 3616 1907 3673 Cain
1938 3618 2117 3674 multis
2147 3620 2419 3690 suppliciis
2453 3622 2711 3676 obnoxius
2748 3632 2898 3688 erat,
2930 3625 3182 3679 anxietati
3204 3665 3219 3688 ,
3252 3635 3361 3679 tre-

1779 3710 1951 3779 mori,
1988 3712 2254 3782 suspiriis,
2299 3718 2537 3780 maerori,
2570 3717 2905 3771 dissolutioni
2948 3721 3187 3787 corporis
3221 3738 3234 3775 :
3267 3723 3360 3790 qui

1779 3803 2055 3873 occiderit,
2080 3807 2269 3876 inquit,
2302 3816 2374 3873 te,
2397 3818 2450 3862 et
2478 3810 2545 3863 ab
2572 3810 2674 3863 illis
2695 3812 2919 3866 vinculis
2950 3812 3207 3878 liberarit,
3241 3815 3357 3884 ipse

1780 3898 1836 3953 in
1872 3914 1931 3953 se
1957 3898 2215 3955 vindictas
2239 3914 2496 3956 accersat.
2528 3905 2603 3956 Ac
2638 3904 2845 3957 videtur
2884 3905 3099 3975 quidem
3131 3906 3182 3961 id
3210 3908 3353 3978 quod

1780 3993 1991 4059 dicitur,
2016 3997 2363 4051 vehementer
2387 4006 2535 4050 atrox
2573 4012 2711 4063 esse,
2754 4014 2873 4052 eum
2901 4008 3085 4053 contra
3125 4000 3359 4056 declaret

1779 4086 1991 4141 Domini
2019 4086 2463 4142 benevolentiam.
2494 4088 2703 4144 Etenim
2737 4090 2875 4144 Deus
2908 4091 3091 4146 volens
3116 4102 3359 4162 posteros

1779 4176 1848 4232 ad
1876 4179 2278 4250 temperantiam
2306 4178 2590 4248 adducere,
2615 4180 2722 4235 tale
2741 4181 2987 4251 supplicii
3008 4198 3175 4253 genus
3202 4199 3361 4238 exco~

1777 4272 1984 4343 gitavit,
2021 4272 2162 4344 quod
2190 4272 2320 4328 Cain
2350 4289 2378 4327 a
2415 4283 2634 4344 peccato
2664 4285 2846 4345 posset
2875 4275 3124 4331 liberare.
3156 4276 3285 4330 Nam
3316 4279 3360 4332 si

1781 4364 2020 4433 protinus
2041 4363 2191 4418 illum
2216 4363 2585 4431 interfecisset,
2608 4365 2827 4420 abiisset
2847 4366 3060 4435 quidem
3086 4378 3359 4436 peccatum

1781 4453 1835 4508 in
1880 4468 1998 4509 sese
2052 4463 2248 4509 tectum
2299 4453 2499 4518 ferens,
2548 4470 2720 4525 neque
2765 4456 2994 4524 posteris
3046 4457 3155 4511 ullo
3206 4469 3360 4527 pacto

1783 4545 1970 4601 fuisset
1994 4547 2255 4616 cognitus.
2285 4546 2434 4601 Nune
2472 4558 2649 4603 autem
2687 4549 2981 4618 permissus
3024 4551 3190 4605 multo
3219 4560 3357 4607 tem-

1782 4653 1910 4707 pore
1939 4638 2119 4691 vivere
2140 4638 2193 4691 in
2222 4638 2314 4691 illo
2346 4647 2597 4704 tremore,
2625 4639 2807 4695 docuit
2826 4641 3014 4697 obvios
3033 4656 3220 4697 omnes
3244 4644 3361 4713 ipso

1780 4742 2016 4801 aspectu,
2036 4732 2473 4803 vacillationeque
2494 4736 2691 4801 carnis,
2716 4735 3027 4803 exhortans,
3056 4752 3124 4792 ne
3148 4738 3362 4807 quando

1781 4825 1970 4881 similia
1998 4825 2274 4892 auderent,
2304 4843 2371 4882 ne
2399 4828 2591 4882 similia
2621 4838 2949 4897 paterentur,
2981 4829 3138 4884 simul
3166 4842 3220 4884 et
3247 4831 3361 4899 ipse

1781 4916 2018 4974 redditus
2040 4926 2121 4973 est
2150 4917 2356 4973 melior.
2386 4918 2517 4973 Nam
2545 4927 2745 4972 tremor
2770 4929 2823 4973 et
2852 4920 3008 4973 timor
3028 4935 3089 4974 ac
3112 4921 3215 4974 vita
3237 4936 3358 4974 cum

1780 5011 2047 5067 anxietate
2076 5022 2309 5081 peracta,
2338 5011 2682 5082 corporisque
2720 5012 3020 5078 dissolutio,
3053 5014 3213 5068 veluti
3239 5015 3359 5067 viu-

1781 5106 1901 5159 culo
1961 5104 2208 5174 quopiam
2262 5103 2581 5159 constrinxit
2638 5104 2782 5156 illum
2817 5143 2833 5168 ,
2895 5119 3066 5173 neque
3117 5104 3358 5173 permisit

1780 5193 1956 5250 denuo
1979 5193 2045 5249 ad
2071 5194 2243 5249 simile
2280 5193 2485 5248 facinus
2512 5208 2877 5262 prorumpere,
2906 5203 2960 5249 et
2998 5193 3193 5263 prioris
3226 5195 3355 5249 assi-

1780 5286 1884 5343 due
1912 5286 2337 5351 commonefecit,
2377 5295 2432 5342 et
2470 5286 2680 5340 interim
2719 5286 2884 5355 ipsius
2910 5286 3141 5341 animam
3166 5287 3356 5342 mode-

1780 5380 2039 5435 rationem
2065 5378 2315 5434 reddidit.

1852 5472 1903 5525 5.
1946 5468 2047 5525 Cur
2077 5469 2202 5524 Cain
2232 5478 2485 5540 peccatum
2521 5484 2666 5523 suum
2688 5485 2785 5522 non
2819 5470 2995 5523 abluit.
3021 5500 3091 5509 â€”
3110 5469 3214 5525 Sed
3245 5469 3355 5527 lia-c

1781 5561 2013 5632 loquenti
2046 5560 2171 5614 mihi
2199 5560 2343 5615 venit
2372 5560 2423 5614 in
2452 5568 2703 5623 mentem,
2753 5571 2809 5614 ut
2848 5562 2897 5615 iu
2924 5561 3156 5617 medium
3191 5561 3351 5617 addu-

1781 5670 1919 5717 cam,
1948 5667 2284 5723 quteramque
2316 5651 2658 5722 quatnobrem
2685 5652 2916 5721 eundem,
2943 5670 3061 5709 cum
3086 5665 3351 5723 pecmtum

1785 5760 1938 5801 suum
1980 5753 2122 5799 esset
2141 5743 2453 5813 confessus,
2481 5742 2784 5817 factumque
2811 5745 3135 5813 damnasset,
3169 5748 3359 5803 dicens
