3906 6242
555 298 652 355 93!

553 432 614 473 se
639 417 840 486 majora
870 409 1136 486 peccasse,
1165 429 1320 484 quam
1348 425 1404 469 ut
1428 416 1638 471 veniam
1667 426 1984 484 mereretur,
2010 418 2129 471 nul-

556 510 714 579 laque
751 507 1092 562 excusatione
1125 521 1184 560 se
1212 505 1428 574 dignum
1468 522 1616 572 esse,
1652 523 1755 562 non
1790 509 2018 576 potuerit
2041 509 2134 563 ab-

557 599 706 653 luere
729 607 973 667 pcccata;
1004 611 1123 650 cum
1155 596 1411 667 prephgta
1438 597 1576 652 dicat
1601 613 1614 648 :
1647 597 1743 650 Dic
1769 608 1822 651 tu
1848 599 2133 666 iniquitates

555 699 668 742 tuas
693 688 852 758 prior,
875 696 932 740 ut
949 687 1247 757 justi/iceris
1284 684 1433 758 (I'sai.
1467 687 1554 741 «i5.
1595 687 1727 756 ‘26);
1754 688 1847 742 sed
1875 689 2132 743 condem-

561 789 711 832 natus
740 776 936 832 fuerit?
964 776 1222 843 Quoniam
1266 792 1369 830 non
1395 777 1545 838 dixit,
1575 785 1632 830 ttt
1664 776 1824 846 jussit
1852 778 2128 848 propheta.

557 866 667 920 Non
695 867 839 921 enim
877 867 1190 936 simpliciter
1216 866 1368 932 dixit,
1398 867 1485 920 dic
1524 868 1826 937 iniquitates
1855 878 2004 924 tuas:
2038 870 2133 924 sed

555 956 720 1026 quid?
743 955 838 1010 Dic
857 967 910 1010 tu
931 957 1071 1028 prior
1088 957 1372 1026 iniquitates
1391 967 1523 1010 tuas.
1549 957 1698 1024 Quod
1721 960 1996 1028 quzeritur,
2030 959 2132 1016 hoc

557 1058 675 1111 est;
709 1065 812 1102 non
840 1048 1150 1118 simpliciter
1167 1063 1289 1104 esse
1317 1048 1586 1114 dicendas,
1618 1050 1712 1104 sed
1740 1051 1884 1119 prius
1909 1065 2028 1106 esse
2051 1052 2134 1104 di-

493 1161 500 1170 ν
555 1141 752 1195 condas
775 1159 788 1195 :
814 1158 916 1194 nun
938 1139 1346 1209 exspectandam
1368 1139 1794 1210 redargutionem
1814 1144 2130 1197 accusantis.

555 1231 653 1286 Ilic
677 1243 853 1285 autem
881 1247 985 1286 non
1013 1231 1146 1284 dixit
1169 1231 1334 1301 prior,
1350 1231 1442 1292 sed
1459 1231 1800 1300 exspectavit,
1823 1233 1993 1286 donec
2011 1233 2137 1288 red-

554 1332 865 1392 argueretur
907 1337 938 1376 a
981 1322 1092 1377 Deo
1135 1339 1149 1375 :
1199 1323 1326 1391 quin
1363 1323 1574 1392 potius,
1625 1323 1718 1377 illo
1757 1323 2130 1394 redarguente,

553 1415 781 1483 negavit.
815 1413 1101 1481 POStquam
1123 1421 1300 1466 autem
1324 1414 1492 1468 semel
1533 1412 1724 1467 factum
1749 1422 1836 1468 est
1859 1423 2132 1484 peccatum

552 1504 748 1572 palam,
781 1513 892 1558 tum
921 1503 1054 1558 dixit
1079 1518 1376 1573 peccatum,
1398 1520 1517 1574 qua:
1541 1504 1754 1574 quidem
1786 1520 1890 1560 non
1918 1516 2000 1561 cst
2022 1505 2132 1576 jam

552 1594 838 1650 confessio.
885 1595 1114 1650 Proinde
1161 1605 1214 1649 tu
1254 1601 1484 1665 quoque,
1528 1595 1741 1662 dilecte,
1787 1611 1906 1650 cum
1943 1612 2134 1666 peet-a-

552 1687 728 1754 veris,
783 1702 850 1742 ne
897 1687 1255 1758 exspectaris,
1307 1698 1364 1741 ut
1415 1688 1481 1742 ab
1530 1687 1637 1743 alio
1691 1687 1989 1754 accuseris;
2041 1688 2134 1743 sed

553 1779 859 1849 priusquam
884 1779 1150 1834 accus’eris
1178 1786 1240 1833 ac
1267 1778 1549 1845 deferaris;
1580 1787 1635 1833 tu
1676 1778 1974 1835 condemna
2015 1797 2135 1849 quae

554 1869 688 1924 facta
718 1881 860 1928 sunt.
909 1871 1039 1924 Nam
1073 1871 1117 1924 si
1156 1871 1272 1940 quis
1301 1869 1436 1924 alius
1473 1869 1666 1925 deinde
1696 1879 1746 1925 te
1783 1871 2130 1941 redarguerit,

552 1976 662 2016 non
683 1962 793 2032 jam
822 1971 928 2016 tua:
955 1961 1306 2017 confessionis
1337 1971 1418 2016 est
1457 1961 1688 2016 officium
1708 2001 1724 2028 ,
1757 1963 1850 2017 sed
1876 1963 2017 2018 illius
2044 1964 2133 2033 qui

553 2061 765 2107 accusat
790 2054 1072 2116 correctio.
1113 2054 1448 2122 Quapropter
1488 2063 1541 2107 et
1574 2054 1709 2107 alius
1746 2053 2006 2124 quispiam
2048 2056 2133 2109 itt-

553 2146 698 2213 quit,
725 2143 908 2198 Justus
950 2145 1029 2198 sui
1068 2145 1228 2212 ipsius
1271 2154 1533 2198 accusator
1552 2153 1621 2196 est
1650 2146 1703 2197 in
1743 2146 1988 2216 principio
2031 2163 2136 2200 ser-

553 2236 716 2288 manis
745 2233 924 2304 (Prov.
962 2235 1048 2290 I8.
1081 2233 1191 2306 I7).
1222 2235 1401 2304 Itaque
1437 2252 1540 2288 tton
1573 2235 1673 2290 hoc
1703 2245 1787 2290 eat
1823 2237 1962 2306 quod
1989 2253 2136 2307 qua:-

554 2325 708 2392 t'itur,
741 2335 796 2379 ut
821 2340 1040 2380 accuses
1079 2328 1303 2394 teipsum
1326 2367 1342 2390 ,
1370 2326 1465 2381 sed
1505 2335 1561 2380 ut
1585 2327 1732 2395 prior
1785 2328 2010 2398 teipsutn
2047 2345 2134 2382 ac-

554 2430 730 2482 cuses,
760 2429 861 2470 nec
889 2425 1138 2486 expectes
1159 2416 1226 2471 ab
1255 2417 1375 2470 aliis
1397 2416 1845 2486 redargutionetn.

624 2507 810 2562 Petrus
834 2509 1083 2579 quomodo
1104 2509 1260 2564 abluit
1281 2521 1538 2580 peccatum
1555 2529 1701 2566 suum
1719 2529 1739 2578 ς
1755 2513 1801 2565 ei
1820 2514 1952 2567 orbis
1970 2523 2134 2567 teri-aa

553 2616 668 2653 runt
701 2600 1016 2654 commissus.
1039 2599 1318 2656 —Petrus
1355 2601 1532 2670 itaque
1577 2611 1699 2672 post
1736 2619 1948 2673 gravem
1989 2606 2132 2662 illam

557 2692 914 2761 negationem,
947 2691 1196 2760 quoniam
1221 2691 1468 2747 celeriter
1485 2709 1638 2749 suum
1667 2695 1833 2764 ipsius
1854 2707 2129 2765 peccatum

552 2777 862 2838 recordatus
902 2794 1016 2849 est,
1047 2784 1296 2854 nulloque
1332 2793 1618 2842 accusante
1660 2787 1800 2842 dixit
1830 2799 2128 2858 peccatum,

552 2873 803 2945 ﬂevitque
841 2890 1062 2930 amare:
1105 2877 1184 2931 sic
1228 2876 1394 2930 abluit
1433 2877 1578 2932 illam
1606 2877 2032 2948 abnegationem,
2075 2891 2135 2936 ut

552 2968 710 3021 etiam
735 2967 934 3036 primus
947 2983 973 3019 a
983 2967 1308 3036 postolorum
1323 2969 1480 3022 fuerit
1497 2969 1686 3036 factus,
1706 2971 1861 3040 eique
1875 2981 2016 3027 totus
2035 2981 2116 3026 ter

551 3073 730 3114 rarum
753 3058 899 3113 orbis
919 3060 1236 3114 commissus
1256 3059 1432 3114 fuerit.
1452 3060 1555 3116 Sed
1573 3062 1711 3132 quod
1729 3063 1971 3118 dicebam
1987 3065 2130 3133 (nam

553 3161 768 3222 Oportet
790 3152 856 3206 ad
881 3153 930 3206 id
958 3152 1097 3222 quod
1125 3154 1450 3223 propositum
1480 3164 1563 3209 est
1578 3155 1794 3230 reverti)
1819 3156 1949 3209 satis
1976 3155 2132 3210 nobis

556 3254 625 3304 ex
669 3245 752 3299 his
795 3235 1230 3310 demonstratur,
1272 3254 1378 3300 tton
1425 3257 1672 3315 oportere
1718 3247 1911 3302 fratres
1953 3248 2130 3317 lapsos

556 3339 847 3407 negligere,
881 3352 1054 3407 neque
1075 3347 1443 3404 contenmere,
1472 3354 1653 3394 verum
1681 3341 1984 3410 prostiicere
2007 3343 2129 3412 qui-

552 3429 676 3484 dem
717 3427 819 3483 illis
843 3441 966 3486 ante
990 3439 1283 3501 peccatum,
1317 3440 1570 3486 caeterum
1603 3432 1763 3486 etiam
1793 3441 1914 3501 post
1941 3448 2130 3502 pecca-

553 3528 666 3574 tum
713 3521 930 3576 multam
958 3537 1093 3592 erga
1135 3521 1255 3576 illos
1285 3531 1538 3591 praestare
1577 3537 1779 3577 curam.
1820 3522 2002 3577 Itidem
2049 3525 2127 3578 fa-

555 3613 702 3667 ciunt
729 3623 784 3668 et
808 3613 998 3668 medici
1029 3631 1044 3667 :
1073 3615 1422 3684 praescribunt
1443 3616 1583 3670 enim
1609 3631 1674 3672 ac
1698 3617 2010 3687 przecipiunt
2036 3618 2132 3672 ho-

555 3703 806 3771 minibus,
834 3720 952 3775 quae
974 3715 1193 3776 possunt
1209 3707 1421 3762 illorum
1447 3707 1805 3763 valetudinem
1831 3710 1988 3775 tueri,
2013 3725 2132 3764 ouid-

553 3809 784 3864 nemquc
810 3797 1055 3851 morbum
1079 3797 1394 3854 excludere:
1417 3809 1668 3854 creterutn
1688 3799 1776 3854 ubi
1801 3801 2130 3871 neglexerint

551 3888 893 3957 praascripta,
921 3899 974 3944 et
1018 3889 1070 3943 in
1105 3889 1464 3945 valetudinem
1507 3891 1789 3947 adversam
1826 3891 2124 3960 inciderint,

556 3992 663 4032 non
690 3977 966 4048 negligant
988 3993 1084 4032 eos
1125 3979 1246 4048 ipsi,
1275 3980 1368 4034 sed
1399 3989 1508 4035 tum
1537 3982 1764 4036 maxime
1793 3983 2010 4037 multam
2030 3983 2127 4038 ad-

553 4069 737 4124 bibent
783 4070 1214 4135 sollicitudinem,
1246 4088 1354 4142 quo
1404 4073 1522 4128 illos
1573 4075 1765 4130 morbo
1803 4075 1996 4131 levent.
2031 4075 2127 4132 ld-

553 4161 726 4229 ipsum
744 4171 800 4239 et
814 4161 1008 4216 Paulus
1019 4161 1256 4233 fecit,qui
1270 4179 1389 4218 eum
1407 4165 1495 4234 qui
1513 4174 1752 4234 stuprum
1765 4168 2124 4234 commiserat,

551 4262 675 4323 post
703 4252 828 4306 illud
852 4263 1149 4322 peccatum,
1179 4255 1319 4324 quod
1346 4271 1414 4310 ne
1439 4255 1576 4310 inter
1595 4267 1782 4326 gentes
1805 4259 2016 4328 quidem
2043 4261 2124 4314 in.

554 4341 883 4407 veniebatur,
918 4358 1024 4398 non
1045 4345 1366 4415 contempsit
1395 4363 1407 4400 :
1443 4361 1620 4400 verum
1641 4347 1801 4402 etiam
1831 4347 2012 4406 frenos
2036 4365 2124 4404 re-

553 4443 851 4504 spuentent,
887 4449 985 4490 nec
1014 4434 1329 4491 medicinam
1385 4437 1666 4493 admittere
1709 4439 2006 4504 volentem,
2050 4440 2127 4494 la-

550 4527 858 4582 scivientem
876 4542 938 4581 ac
962 4528 1304 4594 resilientem,
1329 4528 1618 4584 reduxitad
1638 4531 1947 4586 sanitatem:
1978 4538 2032 4586 et
2054 4531 2122 4585 ita

551 4620 791 4686 reduxit,
847 4631 904 4675 ut
963 4623 1310 4691 conjungeret
1347 4637 1558 4676 rursum
1614 4624 1824 4692 corpori
1873 4625 2123 4679 Ecclesia:

554 4712 602 4782 (I
630 4710 748 4766 Cor.
779 4712 858 4783 5).
884 4712 1064 4784 Neque
1083 4712 1215 4768 dixit
1239 4712 1376 4784 apud
1394 4728 1511 4768 sese
1535 4731 1546 4765 :
1576 4712 1700 4783 quid
1728 4713 1828 4768 hoc
1851 4714 2122 4784 proderit?

548 4819 668 4874 qua:
707 4804 832 4860 hinc
862 4805 1094 4860 utilitas?
1123 4814 1360 4875 stuprum
1384 4803 1670 4871 commisit,
1704 4815 1975 4874 peccatum
2002 4822 2122 4874 Iaer-

550 4898 797 4966 petravit,
829 4914 926 4954 nec
967 4899 1079 4952 vult
1107 4897 1365 4952 desistere
1407 4912 1438 4950 a
1470 4897 1920 4961 lascivia;verum
1959 4908 2012 4952 et
2037 4899 2119 4953 in-

549 4991 706 5045 Ilatus
733 5003 836 5058 est,
866 5001 918 5046 et
940 4991 1040 5044 sibi
1070 4990 1260 5060 placet,
1287 4997 1342 5044 et
1371 4989 1754 5045 immedicabile
1779 4991 1968 5044 vulnus
1993 4991 2119 5046 red-

547 5083 625 5138 dit
655 5101 667 5136 :
697 5085 931 5138 sinamus
957 5083 1114 5153 igitur
1138 5082 1287 5137 illum
1316 5099 1378 5138 ac
1405 5082 1732 5138 deseramus.
1760 5081 1899 5137 Nihil
1927 5081 2118 5138 borum

546 5173 680 5228 dixit
705 5190 717 5226 ε
750 5173 844 5229 sed
875 5181 1089 5244 propter
1115 5173 1217 5228 hoc
1245 5174 1415 5243 ipsum
1443 5174 1672 5228 maxime
1697 5173 1860 5227 multa
1890 5188 2014 5228 usus
2039 5185 2121 5229 est

543 5279 672 5334 erga
703 5265 847 5319 illum
877 5264 1231 5319 sollicitudine
1253 5305 1268 5328 ,
1296 5263 1435 5333 quod
1464 5264 1529 5317 ad
1558 5263 1834 5318 nefandam
1864 5264 2118 5317 malitiam

547 5356 750 5411 videret
776 5357 920 5410 illum
946 5370 1065 5411 esse
1093 5356 1396 5424 delapsum,
1427 5371 1598 5427 neque
1632 5357 1858 5412 cessavit
1891 5366 2113 5423 terrere,

545 5447 758 5512 tninari,
779 5448 964 5516 punire
991 5456 1100 5503 tum
1122 5464 1215 5518 per
1236 5464 1374 5512 sese,
1398 5456 1507 5503 tum
1531 5463 1626 5518 per
1644 5448 1777 5503 alios
1792 5449 2112 5517 complures,

549 5537 679 5592 nihil
709 5553 812 5592 non
842 5536 1071 5604 faciens,
1102 5541 1234 5595 nihil
1265 5557 1368 5595 non
1400 5550 1638 5606 tentans,
1667 5539 1838 5596 donec
1873 5539 2018 5594 illttm
2048 5541 2114 5596 ad

547 5629 866 5698 agnitionem
887 5634 1084 5700 peccati
1108 5634 1458 5702 perduxisset,
1481 5633 1545 5689 ad
1562 5647 1776 5688 sensum
1802 5631 2110 5702 iniquitatis,

545 5732 816 5792 postremo
854 5725 1025 5782 donec
1066 5725 1238 5794 ipsum
1282 5726 1554 5782 liberasset
1599 5725 1666 5781 ab
1704 5725 1850 5783 omni
1888 5726 2108 5782 macula.

1246 279 1304 352 IS.
1343 294 1621 353 JOANNIS
1658 297 2134 358 CIIRYSOSTOMI
2173 303 2491 362 ARCIIIEP.
2530 302 3054 367 CONSTANTINOP.

3706 325 3808 380 ΒΗ

2243 419 2355 475 Hoc
2379 436 2510 476 sane
2537 421 2694 477 facito
2725 435 2779 478 tu
2808 442 3018 496 quoque
3047 445 3060 482 :
3098 423 3307 487 imitare
3330 432 3722 492 Samaritanum
3750 442 3810 494 il-

2239 512 2368 580 lum,
2395 516 2484 583 qui
2515 516 2564 569 in
2596 507 2882 586 Evangelio
2913 529 3122 573 tantam-
3145 537 3267 594 erga
3296 526 3634 582 vulneratum
3679 531 3811 585 huic

2241 607 2484 673 praestitit
2503 608 2912 664 sollicitudinem
2931 611 2970 663 ί.
2988 610 3194 665 Etenim
3210 615 3313 669 illic
3330 619 3584 686 praeteriit
3602 620 3781 674 Levita
3796 664 3812 686 ,

2238 697 2494 765 praeteriit
2521 698 2848 766 Pharisaaus,
2877 718 2939 755 ac
2965 713 3154 758 neuter
3187 704 3401 762 deﬂexit
3426 709 3491 763 ad
3523 711 3811 780 jacentem.

2240 791 2335 844 sed
2380 789 2728 846 inclementer
2771 793 3162 866 crudeliterque
3197 797 3380 853 relicto
3421 801 3511 854 illo
3547 804 3812 860 abierunt.

2239 883 2602 950 Samaritanus
2631 895 2804 940 autem
2833 888 3129 956 quiSpiam,
3156 889 3245 958 qui
3284 891 3424 943 nulla
3467 909 3533 945 ex
3563 905 3713 961 parte
3743 896 3811 950 illi

2238 977 2554 1043 coniunctus
2579 987 2714 1042 erat,
2746 987 2852 1030 non
2882 979 3255 1046 prtetercmrit,
3281 980 3374 1035 sed
3406 975 3696 1037 decurrens
3717 987 3813 1038 mi-

2239 1075 2412 1120 sertus
2432 1075 2532 1131 est,
2564 1066 2839 1121 instillavit
2863 1069 3038 1123 oleum
3065 1084 3128 1123 ac
3153 1069 3351 1140 vinum,
3376 1070 3630 1140 imposuit
3649 1073 3810 1139 asino,

2239 1156 2389 1210 duxit
2414 1155 2478 1210 ad
2515 1157 2887 1223 diversorium,
2929 1160 3206 1228 pecuniam
3251 1158 3440 1229 partim
3482 1160 3632 1214 dedit
3680 1178 3814 1231 pra:-

2240 1260 2467 1316 sentem,
2516 1250 2704 1317 partim
2737 1249 3000 1320 pollicitus
3040 1261 3122 1305 est
3149 1265 3247 1322 pro
3287 1252 3423 1321 ejus,
3453 1254 3543 1322 qui
3589 1253 3726 1310 nihil
3753 1255 3812 1309 ad

2241 1341 2412 1410 ipsum
2452 1342 2770 1410 pertinebat,
2799 1343 3072 1396 curatione
3109 1341 3258 1411 (Luc.
3287 1342 3374 1397 l0.
3406 1345 3494 1399 50.
3521 1345 3686 1413 ειη),
3717 1362 3813 1399 nec

2239 1431 2371 1486 dixit
2396 1433 2532 1499 apud
2572 1447 2691 1486 sese
2719 1449 2732 1485 :
2763 1447 2882 1502 qua:
2924 1433 3054 1488 mihi
3099 1449 3224 1487 cura
3251 1443 3332 1488 est
3371 1435 3561 1488 istius?
3585 1436 3814 1490 Samari-

2241 1532 2394 1577 tanus
2435 1538 2588 1587 sunt;
2617 1523 2749 1577 nihil
2789 1524 2918 1577 tnilti
2958 1539 3078 1577 cum
3127 1525 3252 1588 illo;
3287 1526 3464 1593 procul
3506 1525 3812 1581 absumusa

2238 1615 2470 1680 civitate,
2498 1627 2550 1669 et
2575 1616 2664 1670 ille
2684 1631 2750 1670 ne
2772 1612 2972 1685 ingredi
2993 1611 3205 1685 quidem
3239 1623 3432 1687 potest.
3456 1618 3592 1685 Quid
3613 1624 3809 1682 autem,

2239 1709 2283 1762 Si
2317 1710 2452 1763 ferre
2498 1723 2600 1762 non
2649 1710 2816 1778 pessit
2845 1709 2943 1763 viae
2990 1709 3391 1779 longitudinem,
3439 1723 3708 1764 mortuum
3736 1713 3811 1764 af-

2238 1801 2445 1856 feram?
2469 1801 2757 1872 capiendus
2801 1817 2914 1857 sum
2942 1788 3009 1857 ob
3035 1802 3265 1866 ca'dem,
3297 1803 3556 1857 obnoxius
3598 1820 3695 1858 cro
3722 1803 3812 1856 lto-

2239 1893 2492 1948 micidio?
2513 1894 2606 1947 His
2633 1909 2760 1948 sane
2787 1893 2856 1948 de
2884 1894 3057 1947 causis
3083 1893 3232 1946 tnttlti
3259 1909 3400 1962 saape
3427 1890 3809 1961 prietereuntes

2241 1987 2304 2040 a'c
2333 1985 2575 2040 videntes
2602 1983 2846 2041 homines
2871 1985 3180 2040 vulneratos
3209 1986 3555 2056 palpitantes,
3587 1996 3807 2056 pra-ter-

2237 2085 2384 2142 eunt,
2425 2092 2530 2131 non
2559 2077 2699 2146 quod
2727 2088 3016 2146 graventur
3047 2078 3256 2142 tollere,
3296 2076 3649 2149 pecuniisque
3693 2093 3806 2148 par-

2235 2177 2383 2232 cant,
2414 2166 2509 2224 sed
2549 2177 2865 2233 metuentes,
2893 2184 2961 2223 ne
2988 2179 3041 2224 et
3071 2169 3170 2239 ipsi
3197 2169 3571 2238 pertrahuntur
3591 2170 3653 2223 in
3677 2171 3810 2240 judi-

2236 2259 2398 2323 cium,
2451 2268 2701 2328 tanquam
2741 2259 2904 2314 caedis
2949 2259 3060 2323 rei;
3103 2273 3286 2313 verum
3325 2259 3589 2315 humanus
3631 2261 3721 2316 ille
3754 2277 3810 2315 ac

2237 2353 2380 2408 mitis
2405 2352 2538 2406 nihil
2567 2352 2755 2406 herum
2774 2353 2979 2416 metuit,
3008 2351 3100 2407 sed
3123 2352 3204 2407 his
3221 2351 3469 2408 onmibus
3491 2357 3811 2421 contemptis

2238 2445 2488 2513 imposuit
2515 2457 2635 2498 eum
2665 2444 2835 2509 asino,
2867 2453 2923 2498 et
2952 2443 3004 2496 in
3030 2443 3379 2498 diversorium
3405 2443 3694 2512 perduxit:
3725 2461 3812 2498 nc-

2237 2549 2340 2606 que
2368 2533 2653 2605 quidquam
2682 2534 2868 2588 harum
2897 2550 3072 2589 rerum
3101 2533 3475 2588 reformidabat
3494 2575 3510 2598 ,
3543 2549 3652 2588 non
3681 2537 3813 2602 peti-

2237 2626 2437 2692 culum,
2471 2641 2576 2680 non
2604 2627 2947 2696 pecuniarum
2981 2624 3336 2695 impendium,
3379 2642 3483 2679 non
3511 2625 3661 2680 aliud
3681 2643 3811 2697 prte-

2237 2727 2379 2772 terea
2406 2719 2711 2788 quidquam.
2750 2716 2902 2784 Quod
2927 2717 2968 2771 si
3006 2718 3367 2772 Samaritanus
3389 2717 3523 2771 adeo
3549 2717 3810 2772 humanus

2237 2813 2484 2883 mitisque
2507 2811 2605 2866 fuit
2630 2825 2751 2882 erga
2785 2811 3052 2867 hominem
3085 2811 3319 2881 ignotum
3347 2830 3359 2864 :
3385 2827 3545 2881 quam
3579 2811 3808 2866 habituti

2235 2911 2422 2960 Sumus
2448 2919 2546 2958 nos
2580 2905 2820 2972 veniam,
2849 2905 2892 2958 si
2924 2904 3163 2974 proprios
3193 2902 3383 2958 fratres
3423 2904 3811 2973 negiexerimus

2235 2995 2288 3048 in
2315 2995 2471 3051 malis
2511 2996 2883 3065 gravioribus?
2911 2995 3039 3049 Nam
3067 3004 3121 3049 et
3163 2995 3270 3060 isti,
3301 2995 3389 3064 qui
3426 3009 3567 3048 nunc
3605 2993 3811 3062 jejuna.

2236 3097 2456 3149 verunt,
2489 3087 2790 3142 inciderunt
2828 3087 2880 3140 in
2913 3085 3190 3156 pnedones
3223 3084 3465 3151 Judteos,
3497 3084 3606 3138 itno
3635 3084 3809 3137 verius

2234 3178 2482 3234 erunibus
2526 3177 2864 3248 praedonibus
2909 3177 3194 3242 Sd'ViOI‘BS,
3241 3175 3437 3245 quique
3477 3164 3809 3242 gravioribus

2232 3271 2389 3326 malis
2412 3270 2649 3326 afficiunt
2672 3285 2794 3335 eos,
2822 3269 2912 3340 qui
2939 3270 3004 3324 in”
3027 3283 3120 3324 eos
3148 3266 3407 3324 incidunt.
3434 3265 3623 3337 Neque
3665 3268 3804 3322 eui

2233 3374 2408 3418 vestes
2437 3363 2644 3417 illorum
2689 3362 3021 3428 lacerarunt,
3049 3372 3222 3429 neque
3245 3359 3456 3429 corpori
3501 3357 3807 3414 indixerunt

2233 3459 2489 3525 vulnera,
2544 3467 2600 3512 ut
2643 3457 2721 3512 illi
2770 3466 2895 3511 tunc
2944 3454 3206 3518 fecerant;
3253 3452 3346 3507 sed
3400 3452 3643 3507 animam
3694 3468 3800 3506 sau-

2232 3553 2486 3618 ciarunt,
2547 3549 2868 3620 infinitisque
2916 3547 3014 3616 ipsi
3063 3545 3371 3600 vulneribus
3415 3543 3680 3608 inﬂictis,
3739 3546 3810 3598 sic

2232 3643 2476 3698 abierunt
2540 3643 2658 3697 illos
2726 3640 3087 3711 relinquentes
3167 3637 3220 3692 in
3301 3637 3449 3691 fovea
3519 3636 3812 3708 impietatis

2224 3734 2484 3806 jaccntes.

2304 3827 2357 3882 4.
2383 3827 2464 3882 Ne
2491 3826 2649 3898 igitur
2669 3825 3063 3881 dissimulemus
3087 3825 3245 3879 talem
3269 3823 3612 3893 tragtediam,
3642 3840 3811 3893 neque

2231 3931 2611 3991 praetereamus
2633 3919 2977 3991 inclementer
2987 3927 3092 3972 tam
3108 3917 3407 3972 miserabile
3421 3919 3807 3986 spectaculum.

2230 4012 2367 4081 Quin
2388 4011 2596 4068 etiamsi
2616 4011 2706 4066 alii
2727 4010 2830 4066 hoc
2855 4010 3095 4074 fecerint,
3115 4020 3171 4064 tu
3192 4023 3258 4064 ne
3279 4008 3490 4064 ieceris.
3509 4007 3597 4065 Ne
3613 4009 3808 4062 dixeris

2230 4105 2371 4177 apud
2400 4106 2754 4176 temetipsum,
2789 4104 2948 4159 homo
2982 4117 3098 4157 sum
3144 4102 3473 4167 mundanus,
3502 4118 3735 4157 uxorem
3761 4112 3808 4156 et

2231 4197 2426 4252 liberos
2456 4196 2625 4252 habeo
2646 4238 2660 4262 ,
2693 4196 2790 4250 ista
2815 4194 3149 4250 sacerdotum
3180 4202 3323 4258 sunt,
3364 4193 3466 4246 ista
3508 4193 3808 4247 monacho-

2229 4303 2369 4342 rum.
2398 4286 2580 4358 Neque
2613 4288 2755 4342 euim
2792 4287 3159 4342 Samaritanus
3188 4285 3275 4340 ille
3297 4283 3412 4338 brec
3437 4283 3683 4346 dicebat,
3727 4285 3809 4339 ubi

2232 4394 2373 4433 nunc
2401 4379 2744 4433 sacerdotes?
2766 4378 2852 4432 ubi
2899 4393 3039 4432 nunc
3063 4375 3350 4431 Pharis'ei?
3372 4375 3468 4430 ubi
3494 4374 3807 4429 Judzncrum

2229 4469 2517 4524 doctores?
2563 4469 2658 4525 sed
2709 4469 2926 4539 perinde
2985 4466 3140 4538 quasi
3187 4477 3434 4522 venatum
3499 4467 3806 4537 quempiam

2228 4564 2518 4618 maximum
2563 4573 2748 4618 nactus
2785 4570 2948 4624 esset,
2995 4561 3064 4615 ita
3109 4559 3310 4614 lucrum
3356 4558 3606 4628 arripuit.
3643 4559 3715 4614 Et
3761 4569 3807 4612 ut

2228 4657 2387 4728 igitur
2451 4671 2571 4711 cum
2634 4654 2830 4709 videris
2890 4653 3118 4722 aliquem
3179 4659 3419 4721 egentem
3483 4651 3804 4710 curatiOne.

2228 4749 2311 4804 vel
2356 4747 2629 4818 corporis,
2683 4745 2768 4801 vel
2825 4745 3050 4809 animas,
3111 4759 3180 4798 ne
3231 4741 3392 4797 dicito
3448 4743 3598 4812 apud
3669 4744 3805 4811 teip-

2227 4854 2376 4904 sum,
2407 4855 2570 4909 quare
2612 4839 2699 4892 ille
2738 4847 2791 4892 et
2836 4837 2926 4892 ille
2973 4851 3096 4891 eum
3139 4851 3245 4890 non
3295 4837 3666 4890 curaverunt?
3714 4834 3808 4888 sed

2226 4949 2255 4985 a
2287 4933 2473 4986 morbo
2505 4931 2705 4986 libera:
2741 4945 2913 5000 neque
2952 4929 3187 4983 rationes
3225 4927 3402 4996 exigas
3449 4926 3518 4980 ab
3562 4927 3672 4981 illis
3715 4943 3829 4981 ne~_

2225 5027 2510 5097 gligentiaz.
2539 5024 2597 5080 Si
2624 5023 2888 5078 inveneris
2909 5036 3096 5075 aurum
3115 5020 3321 5090 jacens,
3347 5034 3474 5072 num
3499 5018 3642 5073 dicis
3668 5019 3802 5088 apud

2228 5120 2474 5188 teipsum,
2503 5132 2668 5187 quare
2693 5114 2784 5170 ille
2808 5123 2899 5168 aut
2927 5113 3014 5168 ille
3041 5112 3143 5168 hoc
3166 5127 3271 5168 non
3307 5111 3687 5165 sustulerunt?
3715 5111 3800 5164 sed

2226 5213 2443 5267 festinas
2467 5220 2593 5266 ante
2617 5210 2750 5265 alios
2774 5207 2996 5278 rapere?
3025 5205 3209 5262 Itidem
3235 5214 3289 5260 et
3313 5203 3379 5259 de
3404 5202 3670 5260 fratribus
3699 5206 3800 5258 cul-

2226 5305 2388 5374 lapsis
2406 5305 2596 5374 cogita,
2615 5311 2903 5372 putatoque
2924 5309 2975 5355 te
2995 5298 3296 5354 thesaurum
3317 5297 3589 5365 reperisse
3604 5339 3620 5361 ,
3646 5299 3790 5351 nimi-

2224 5413 2341 5452 rutn
2373 5412 2552 5452 curam
2584 5396 2812 5450 illorum.
2857 5393 3065 5448 Etenim
3099 5390 3145 5446 si
3181 5389 3521 5444 instillaveris
3553 5390 3632 5443 illi
3664 5391 3797 5444 velut

2222 5491 2398 5548 oleum
2422 5489 2682 5546 sermonis
2698 5488 3007 5552 doctrinam,
3033 5485 3077 5541 si
3097 5484 3339 5555 ligaveris
3363 5483 3792 5542 mansuetudine.

2287 5673 2301 5701 '
2338 5671 2410 5719 sic
2432 5669 2575 5718 Editio
2595 5667 2731 5716 savii.
2750 5675 2800 5715 et
2823 5665 2958 5714 multi
2984 5672 3088 5714 Mss.
3115 5663 3272 5714 Morel.
3291 5673 3438 5714 vero:
3461 5666 3662 5712 Tantam
3680 5675 3788 5723 erg:

2225 5731 2420 5783 munera
2442 5731 2661 5795 privatim
2685 5728 3067 5779 sollicitudinem.
