3790 6254
27 341 156 400 951

29 464 252 534 δεμιεμς
290 458 584 527 ἀπολογίας
615 455 763 522 ἄξιος
813 453 972 518 εἶναι,
1011 457 1111 510 οὒκ
1171 458 1392 527 ἴσχυσεν
1439 455 1630 510 ἀπονί-

30 545 266 614 ψασθαι
295 545 363 598 τὰ
393 543 799 613 ἁμαρτήματα·
827 542 1028 611 (καίτοι
1045 559 1104 610 γε
1129 542 1158 592 ὁ
1175 541 1462 612 προφήτης
1479 539 1630 610 φησί·

31 631 207 697 Λέγε
233 627 314 682 σὺ
343 629 448 692 τὰς
469 627 721 694 ἀνομίας
741 642 858 678 σου
884 624 1134 692 πρῶτος,
1159 625 1260 677 ἵνα
1273 621 1632 690 δικαιωθῇς),

28 712 194 765 ἀλλά
230 711 324 765 καὶ
351 707 683 780 κατεκρίθη;
715 709 837 760 Ὀτι
871 710 970 760 ούκ
992 705 1163 770 εἶπεν,
1187 707 1264 772 ὠς
1294 709 1324 760 ό
1351 709 1637 778 προφήτης

28 795 361 848 ἐκέλευσεν.
393 795 467 847 Ού
497 792 605 863 γὰρ
638 791 823 856 ἀπλῶς
851 789 1002 846 εἶπεν
1029 795 1056 846 6
1082 793 1385 863 προφήτης,
1409 791 1547 858 Λέγε
1571 792 1634 844 σὺ

27 878 153 941 τὰς
176 877 408 947 ἀνομίας
449 892 565 941 σου,
595 874 731 929 ἀλλά
783 875 865 941 τίς
904 875 1054 945 Λέγε
1083 874 1166 928 σὺ
1195 871 1448 940 πρῶτος,
1481 873 1634 944 φησι,

28 961 163 1025 τὰς
191 962 444 1029 ἀνομίας
473 974 608 1013 σου.
647 958 721 1012 Τὸ
750 957 1080 1030 ζητούμενον
1096 957 1256 1012 τοῦτό
1287 959 1456 1010 ἐστιν·
1491 958 1551 1010 οὐ
1577 955 1638 1008 τό

23 1045 234 1098 εἰπεῖν
262 1044 468 1106 ἁπλῶς,
485 1043 621 1097 ἀλλά
633 1043 695 1096 τὸ
720 1043 937 1113 πρῶτον
953 1044 1151 1107 εἰπεῖν,
1165 1043 1227 1095 τὸ
1256 1041 1329 1113 μὴ
1350 1041 1637 1110 ἀναμεῖναι

23 1128 146 1179 ’τὸν
175 1128 465 1198 ἐλέγχοντα
495 1129 589 1181 καὶ
618 1124 1049 1198 κατηγοροῦντα.
1081 1120 1248 1186 υῦτος
1287 1124 1347 1176 δέ
1378 1123 1479 1176 οὐκ
1513 1117 1636 1174 εἷπε

21 1211 298 1280 πρῶτος,
331 1211 470 1266 ἀλλά
499 1211 783 1281 ἀνέμεινεν
824 1209 1146 1281 ἐλεγχθῆναι
1179 1208 1332 1280 παρά
1357 1207 1451 1260 τοῦ
1473 1205 1634 1269 Θεοῦ,

29 1295 268 1364 μᾶλλον
287 1297 342 1350 δὲ
371 1298 465 1350 καὶ
493 1297 809 1366 ἐλέγχοντος
832 1297 1068 1367 ἠρνεῖτο.
1107 1294 1247 1349 Ἀλλ’
1276 1293 1463 1363 ἐπειδὴ
1491 1291 1637 1359 ἅπαξ

21 1377 229 1442 ἔδειξε
267 1379 328 1432 τὸ
351 1380 644 1450 γενόμενον
678 1377 950 1449 φανερῶς,
993 1377 1115 1430 τότε
1152 1373 1274 1430 εἷπε
1309 1375 1410 1447 τὴν
1459 1377 1638 1446 ἀμαρ-

17 1461 202 1522 τίοιν,
241 1463 382 1533 ὅπερ
422 1463 524 1516 οὐκ
564 1462 714 1514 ἐστιν
764 1460 1150 1532 ἐξομολόγησις
1196 1459 1401 1512 λοιπόν.
1433 1459 1542 1511 Καὶ
1573 1458 1636 1510 σὺ

19 1543 260 1608 τοίνυν,
296 1547 569 1618 ἀγαπητὲ,
605 1547 824 1599 ἐπειδὰν
859 1546 1135 1616 ἁμάρτῃς,
1175 1545 1249 1616 μὴ
1280 1544 1518 1613 ἀνάμενε
1540 1541 1638 1612 τὴν

17 1628 390 1699 παρ’ἐτέρου
408 1629 762 1700 κατηγορίαν,
783 1629 918 1683 ἀλλά
947 1630 1074 1700 πρὶν
1101 1627 1167 1682 ἂν
1193 1628 1225 1698 ἢ
1254 1623 1637 1696 κατηγορηθῇς

19 1715 150 1767 καὶ
198 1713 518 1785 διαϐληθῇς,
557 1716 623 1767 σὺ
671 1715 1048 1783 καταγίνωσκε
1089 1713 1199 1765 τῶν
1229 1711 1636 1783 γεγενημένων,

14 1795 122 1859 ὡς
167 1797 267 1850 ἐὰν
296 1799 483 1870 ἕτερος
515 1797 711 1870 ἐλέγξῃ
750 1798 967 1860 λοιπὸν,
1009 1799 1108 1850 οὐκ
1147 1796 1226 1848 ἔτι
1287 1796 1386 1866 τῆς
1419 1796 1515 1864 σῆς
1549 1793 1638 1858 ὲξο

13 1881 440 1953 ομολογήσεως
454 1882 517 1935 τὺ
533 1883 866 1954 κατόρθωμα
885 1882 1113 1951 γίνεται,
1145 1880 1279 1934 ἀλλά
1308 1881 1408 1950 τῆς
1430 1877 1637 1932 ἐκείνου

17 1967 398 2038 κατηγορίας
429 1970 461 2037 ἡ
498 1966 806 2040 διόρθωσις.
849 1966 950 2020 Διά
981 1966 1139 2020 τοῦτο
1192 1967 1287 2020 καὶ
1339 1965 1497 2028 ἄλλος
1555 1965 1640 2028 τίς

17 2066 217 2119 φησι,
259 2053 494 2116 Δίκαιος
528 2052 746 2105 ἑαυτοῦ
791 2051 1120 2120 κατήγορος
1144 2052 1214 2104 ὲν
1245 2050 1635 2119 πρωτολοτίᾳ.

18 2134 226 2188 Ὠστε
273 2137 334 2189 οὐ
377 2136 536 2190 τοῦτό
569 2139 685 2190 ἐστι
726 2136 789 2189 τὸ
835 2136 1188 2206 ζητούμενον.
1220 2135 1282 2187 τὸ
1311 2135 1640 2206 κατηγορεῖν

16 2218 280 2281 ἑαυτοῦ,
319 2219 455 2273 ἀλλά
496 2220 558 2272 τὸ
591 2219 807 2291 πρῶτον
834 2219 1030 2274 ἐαυτοῦ
1059 2220 1409 2289 κατηγορεῖν,
1446 2218 1542 2269 καὶ
1579 2215 1641 2270 τὸ

20 2301 126 2371 μὴ
161 2302 460 2372 ἀναμένειν
486 2303 614 2366 τοὺς
653 2303 784 2374 παρ’
817 2302 1020 2371 ἐτέρων
1047 2301 1324 2370 ἐλέγχους.

133 2385 203 2437 Ὅ
239 2384 374 2452 γοῦν
423 2385 630 2455 Πέτρος
679 2385 818 2455 μετά
867 2384 967 2455 τὴν
1010 2383 1240 2453 ἄρνησιν
1298 2382 1513 2454 ἐκείνην
1542 2382 1641 2455 τὴν

13 2467 327 2538 χαλεπὴν.
353 2458 542 2540 ἐπειδὴ
578 2468 790 2540 ταχέως
821 2468 1013 2522 ἑαυτὸν
1036 2467 1308 2538 ἀνέμνησε
1335 2467 1437 2537 τῆς
1465 2469 1642 2538 ἀμαρ-

11 2552 198 2616 τίας,
233 2552 332 2606 καὶ
361 2551 591 2622 μηδενὸς
623 2551 1059 2623 κατηγοροῦντος
1089 2550 1242 2620 ἔλεγε
1277 2551 1419 2622 τὴνὶ)
1454 2551 1638 2622 πλημ-

16 2635 308 2705 μέλειαν,
340 2636 432 2689 καὶ
457 2635 686 2690 ἐκλαυσε
722 2635 960 2708 πικρῶς,
986 2635 1160 2698 οὕτως
1199 2637 1502 2706 ἀπενίψατο
1539 2635 1639 2706 τὴν

13 2718 291 2788 ἄρνησιν
322 2719 561 2790 ἐκείνην,
606 2719 682 2782 ὼς
711 2719 806 2773 καὶ
838 2719 1053 2788 πρῶτος
1082 2720 1334 2788 γενέσθαι
1365 2721 1475 2774 τῶν
1503 2722 1640 2774 ἀποο

17 2803 292 2866 στόλων,
341 2805 438 2857 καὶ
467 2803 566 2874 τὴν
599 2803 926 2873 οἰκουμένην
962 2803 1370 2872 ἐγχειρισθῆναι
1397 2804 1636 2872 ἃπασαν.

33 2885 211 2937 Ἀλλ’
233 2885 573 2958 δπερέλεγον
606 2885 709 2952 (δεῖ
741 2886 852 2957 γάρ
878 2886 971 2939 ἐπὶ
1007 2886 1068 2938 τὸ
1097 2887 1458 2956 προκείμενον
1476 2887 1639 2939 ἐπαν-

14 2970 256 3037 ελθεῖν)
323 2970 520 3034 ἱκανῶς
553 2972 686 3042 ἡμῖν
719 2970 968 3023 ἐντεῦθεν
993 2970 1273 3036 ἀπέδειξεν
1301 2972 1330 3023 ό
1350 2970 1526 3039 λόγος,
1556 2973 1638 3026 ὅτι

13 3056 374 3108 πιπτόντων
393 3057 456 3108 ού
486 3055 592 3126 χρὴ
616 3054 726 3108 τῶν
756 3055 1002 3124 ἀδελφῶν
1043 3055 1290 3124 ἀμελεῖν,
1325 3055 1446 3109 οὐδὲ
1479 3073 1640 3110 κατα-

13 3141 304 3208 φρονεῖν,
359 3139 472 3192 ἀλλ’
517 3136 915 3208 ἀσφαλίζεσθαι
971 3138 1070 3210 μὲν
1125 3139 1323 3202 αὐτοὺς
1377 3139 1484 3209 πρὸ
1539 3142 1637 3210 τῆς

13 3224 360 3296 ἁμαρτίας,
397 3223 599 3295 πολλὴν
640 3223 698 3275 δὲ
733 3223 828 3277 καὶ
879 3225 1017 3294 μετά
1057 3223 1156 3294 τὴν
1200 3223 1473 3294 ἁμαρτίαν
1509 3227 1637 3294 περὶ

10 3310 260 3372 αὐτοὺς
305 3308 708 3362 ἐπιδείκνυσθαι
753 3308 1088 3379 ἐπιμέλειαν.
1133 3307 1290 3362 υῦτω
1325 3309 1419 3361 καὶ
1462 3309 1636 3379 ἰατροὶ

11 3391 310 3468 πριοῦσι·
348 3391 568 3460 λέγουσι
623 3391 722 3462 μὲν
771 3393 879 3462 γὰρ
909 3393 1004 3444 καὶ
1039 3391 1346 3459 ὑγιαίνουσι
1383 3395 1496 3455 τοῖς
1544 3395 1637 3445 ἁν-

11 3476 303 3548 θρώποις
345 3475 380 3529 ἀ
413 3474 638 3528 δύναται
673 3476 1002 3546 διατηρῆσαι
1040 3474 1139 3546 τὴν
1181 3475 1393 3542 ὑγίειαν
1427 3476 1633 3538 αὐτοῖς,

9 3560 136 3613 καὶ
187 3561 380 3612 πᾶσαν
417 3557 864 3630 ἀποκρούσασθαι
918 3559 1100 3611 νόσονο
1143 3558 1525 3630 ἀμελήσαντας
1579 3561 1634 3613 δέ

8 3645 152 3699 τῶν
218 3645 636 3715 ἐπιταγμάτων,
673 3645 768 3698 καὶ
803 3645 1083 3716 ἀρρωστίᾳ
1142 3645 1540 3715 περιπεσόντας
1574 3645 1633 3696 ού

7 3727 400 3800 παρορῶσιν,
456 3727 592 3780 ἀλλά
622 3729 718 3781 καὶ
762 3727 964 3798 πολλὴν
1003 3727 1237 3800 μάλιστα
1279 3727 1399 3780 τότε
1431 3726 1635 3780 ἐπιδεί-

6 3827 288 3864 κνυνται
349 3811 628 3882 πρόνοιαν,
686 3811 834 3874 ὅπως
872 3813 1068 3874 αὐτοὺς
1103 3796 1478 3875 ⁹ἀπαλλάξωσι
1529 3809 1636 3863 τῶν

7 3895 404 3964 νοσημάτων.
455 3894 612 3948 Οῦτω
644 3896 737 3947 καὶ
779 3897 806 3948 6
839 3893 1051 3956 Παῦλος
1083 3896 1308 3964 ἐποίησε
1329 3910 1343 3923 ο
1379 3894 1471 3946 τὸν
1504 3893 1635 3961 γοῦν

8 3977 470 4048 πεπορνευκότα
502 3978 642 4048 μετά
668 3978 770 4050 τὴν
793 3978 1068 4048 ἁμαρτίαν
1102 3977 1337 4047 ἐκείνην,
1373 3977 1512 4046 μετὰ
1537 3976 1636 4047 τὴν

11 4063 410 4133 παρανομίαν
437 4063 534 4134 τὴν
587 4062 848 4134 χαλεπὴν,
883 4063 982 4134 τὴν
1009 4063 1127 4115 οὐδὲ
1175 4064 1232 4114 ἐν
1262 4064 1374 4124 τοῖς
1427 4061 1636 4115 ἔθνεσιν

9 4146 483 4219 εὑρισκομένην,
508 4147 568 4200 ού
592 4147 870 4219 παρεῖδεν,
897 4146 1031 4200 ἀλλά
1055 4147 1148 4200 καὶ
1172 4146 1508 4216 ἀφηνιῶντα,
1543 4146 1636 4198 καὶ

13 4232 108 4302 μὴ
153 4228 498 4300 βουλόμενον
515 4232 773 4296 δέξασθαι
799 4231 897 4302 τὴν
927 4231 1300 4300 ἱατρείαν,καὶ
1329 4229 1636 4301 σκιρτῶντα

8 4315 128 4368 καὶ
165 4313 573 4384 ἀποπηδῶντα,
601 4317 1054 4386 ἐπανήγαγενέπὶ
1083 4314 1182 4385 τὴν
1210 4313 1528 4385 θεραπείαν,
1545 4315 1638 4366 καὶ

6 4398 226 4460 οὕτως
269 4398 617 4468 ἐπανήγαγεν
642 4439 656 4463 ,
710 4398 853 4452 ὥστε
905 4399 1101 4452 ἐνῶσαι
1139 4397 1216 4469 τῷ
1254 4397 1466 4468 σώματι
1537 4397 1635 4467 τῆς

23 4481 401 4552 Ἐκκλησίας
435 4483 615 4538 πάλιν.
647 4485 754 4536 Καὶ
792 4485 892 4537 οὐκ
917 4480 1036 4537 εἷπε
1075 4483 1209 4555 πρὸς
1237 4482 1455 4535 ἑαυτόν·
1488 4482 1552 4534 Τί
1580 4481 1635 4533 δὲ

6 4572 80 4622 τὸ
120 4568 352 4631 πλέον;
386 4569 436 4620 τί
465 4569 520 4622 δέ
545 4570 604 4622 τὸ
635 4569 856 4637 ὄφελος
886 4569 1199 4640 ἐπόρνευσε,
1235 4568 1333 4636 τὴν
1363 4565 1638 4636 ἁμαρτίαν

9 4651 378 4723 εἰργάσατο,
408 4650 526 4705 οὐδὲ
553 4653 853 4722 ἀποστῆναι
901 4651 1147 4720 βούλεται
1199 4650 1298 4720 τῆς
1329 4648 1635 4716 ἀσελγείας,

5 4736 175 4788 ἀλλὰ
217 4735 325 4786 καὶ
358 4735 716 4802 πεφυσίωται,
749 4736 844 4788 καὶ
880 4736 1021 4806 μέγα
1051 4737 1257 4805 φρονεῖ,
1290 4733 1381 4785 καὶ
1418 4734 1637 4784 ἀνίατον

5 4823 76 4873 τὸ
101 4820 294 4878 ἕλκος
311 4818 603 4888 ἐργάζεται
624 4836 637 4848 ο
661 4819 887 4890 ἀφῶμεν
923 4820 1100 4872 τοίνυν
1134 4819 1317 4880 αὐτὸν,
1351 4820 1443 4872 καὶ
1473 4819 1638 4885 ἐγκα-

7 4903 427 4970 ταλείψωμεν.
463 4903 630 4956 Ούδέν
657 4903 862 4956 τούτων
883 4901 1034 4956 εἶπεν
1054 4920 1067 4932 °
1105 4902 1240 4956 ἀλλά
1285 4903 1352 4955 δι’
1383 4901 1513 4954 αὐτὸ
1539 4901 1637 4970 μὲν

7 4985 114 5044 οὖν
163 4987 348 5040 τοῦτο
379 4986 609 5055 μάλιστα
649 4987 817 5058 πολλῇ
843 4987 962 5039 τότε
994 4988 1265 5057 ἐχρήσατο
1291 4989 1355 5057 τῇ
1388 4987 1635 5057 προνοίᾳ,

8 5073 239 5142 ἐπειδὴ
279 5070 420 5142 πρὸς
459 5071 662 5138 ἄφατον
701 5072 862 5122 αὑτὸν
888 5067 995 5123 εἶδε
1034 5071 1232 5123 κακίαν
1265 5071 1638 5142 ἐξολισθήσαν-

7 5181 110 5222 τα,
158 5159 276 5212 καί
309 5159 409 5209 οὐκ
459 5157 669 5228 ἀπέστη
717 5158 917 5227 φοϐῶν,
955 5157 1216 5219 ἀπειλῶν.
1245 5160 1508 5223 κολάζων,
1544 5158 1637 5211 καὶ

7 5247 81 5299 δι’
131 5240 360 5298 ἑαυτοῦ
399 5240 492 5293 καὶ
520 5241 587 5292 δι’
614 5241 816 5310 ἐτέρων
847 5241 1058 5293 πολλῶν
1087 5241 1233 5313 [6'78]
1270 5242 1447 5294 πάντα
1468 5242 1637 5294 ποιῶν

7 5332 120 5384 κοιλ¹
188 5325 752 5396 πραγματευόμενος,
802 5326 905 5389 ἕως
930 5329 996 5379 ἂν
1029 5327 1189 5379 αὑτὸν
1229 5329 1306 5389 εἰς
1340 5327 1636 5395 ἐπίγνωσιν

9 5415 251 5482 ἤνεγκε
282 5408 383 5478 τῆς
408 5409 706 5479 ἁμαρτίας,
737 5410 816 5472 εἰς
845 5408 1097 5480 αἴσθησιν
1127 5409 1226 5480 τῆς
1271 5409 1632 5481 παρανομίας,

19 5497 129 5548 καὶ
143 5493 357 5548 τέλεον
380 5491 539 5544 αὑτὸν
564 5491 837 5562 ἀπήλλαξε
862 5493 960 5564 τῆς
984 5494 1195 5563 κηλῖδος
1213 5496 1450 5566 ἀπάσης.
1466 5494 1636 5547 Ἰὀύτο

87 5700 116 5725 ιι
152 5695 406 5754 Quinque
427 5707 540 5741 mss.
566 5695 620 5741 τὸ
644 5696 916 5758 ἁμάρτημα.

87 5759 118 5796 b
147 5759 398 5820 Quinque
418 5769 535 5820 Ipse:
560 5756 930 5820 κατηγοροῦντος
948 5759 1125 5820 ἐπέγνω
1143 5761 1244 5817 τήν.

86 5825 113 5856 ε
143 5815 243 5868 Sic
270 5815 397 5867 edn.
427 5815 574 5868 Savil.
621 5825 673 5867 el
695 5815 849 5868 Vniulli
894 5834 1004 5868 mss.
1041 5815 1214 5870 Morel.
1245 5835 1361 5870 vero
1402 5820 1634 5878 τοσαύτην

359 5913 617 5970 ΡΑτιιυι..
670 5914 783 5971 (in.
835 5911 1112 5972 XLVIII.

1230 336 1603 392 ADVERSUS
1641 331 1945 391 ωοΑεοε.
1979 330 2114 388 VIII.

3211 329 3324 385 932

1742 468 1806 539 δὴ
1837 469 1933 520 καὶ
1967 469 2033 520 σὺ
2065 465 2294 536 ποίησον
2321 481 2336 495 °
2387 463 2625 536 μίμησαι
2659 463 2750 516 τὸν
2783 461 3132 534 Σαμαρείτην
3182 462 3324 516 ἐκεῖ·

1741 567 1851 614 νον,
1886 551 1978 604 τὸν
2003 553 2060 604 ἐν
2097 549 2175 620 τῷ
2199 548 2518 618 Εύαγγελίῳ
2567 547 2838 618 τοσαύτην
2878 548 3006 616 περὶ
3034 546 3125 598 τὸν
3151 563 3327 618 τρανῆ
3365 610 3368 613 η

1747 636 1944 705 ματίαν
1978 635 2182 687 ἐκεῖνον
2215 630 2622 700 ἐπιδειξάμενον
2677 630 2932 700 πρόνοιαν
2966 641 3012 682 θ.
3062 630 3170 682 Καὶ
3215 629 3326 701 γὰρ

1743 720 1860 771 ἐκεῖ
1905 716 2149 789 παρῆλθε
2183 716 2440 784 Δευῖτης,
2491 713 2735 784 παρῆλθε
2767 716 2860 767 καὶ
2883 715 3194 785 Φαρισαῖος,
3233 712 3326 766 καὶ

1743 802 2022 870 οὐδέτερος
2058 797 2391 869 ἐπεκάμφθη
2429 797 2568 868 πρὸς
2604 798 2695 850 τὸν
2741 797 3013 866 κείμενον,
3051 795 3165 850 ἀλλ’
3197 797 3324 866 ἀνησ-

1743 883 1879 946 λεῶς
1914 885 2010 936 καὶ
2033 881 2200 953 ὠμῶς
2225 881 2456 949 ἀφέντες
2482 879 2665 941 αὑτὸν,
2695 879 2958 948 ἀπῆλθον.
2981 879 3327 950 Σαμαρείτης
3375 901 3382 926 ι

1743 968 1800 1022 δέ
1826 986 1931 1031 τις,
1957 967 2108 1021 οὐδὲν
2140 965 2287 1036 αύτῷ
2303 965 2598 1037 προσήκων
2626 962 2946 1033 οὐδαμόθεν,
2969 963 3030 1015 ού
3055 963 3328 1035 παρέδρα-

1748 1069 1866 1120 μεν,
1908 1051 2024 1104 ἀλλ’
2057 1049 2286 1113 ἐπιστάς
2324 1049 2650 1118 κατηλέησε,
2698 1049 2793 1100 καὶ
2823 1048 3120 1112 ἐπέσταξεν
3149 1047 3330 1102 ἔλαιον

1745 1136 1840 1186 καὶ
1875 1130 2018 1188 οἶνον
2039 1152 2052 1164 ·
2083 1133 2350 1202 ἐπέθηκεν
2376 1134 2468 1184 ἐπί
2495 1132 2587 1184 τὸν
2619 1131 2740 1183 δνον
2763 1130 2815 1192 ά,
2846 1130 3054 1200 ἢγαγεν
3077 1131 3156 1192 είς
3190 1147 3328 1183 παν-

1744 1219 1970 1287 δοχεῖον,
2012 1219 2106 1271 καὶ
2140 1216 2404 1288 ἀργύριον
2436 1216 2497 1267 τὸ
2523 1215 2621 1285 μὲν
2663 1214 2854 1273 ἔδωκε,
2887 1213 2948 1266 τὸ
2974 1213 3029 1266 δὲ
3061 1213 3330 1284 ὑπέσχετο

1746 1303 1886 1374 ὑπὲρ
1911 1306 2010 1374 τῆς
2056 1303 2152 1356 τοῦ
2201 1301 2366 1373 μηδὲν
2411 1300 2559 1371 αὐτῷ
2586 1301 2959 1371 προσήκοντος
3003 1298 3325 1370 θεραπείας.

1745 1387 1856 1439 Καὶ
1904 1387 2004 1438 οὐκ
2050 1381 2169 1438 εἷπε
2214 1386 2351 1456 πρὸς
2399 1384 2621 1449 ἑαυτὸν,
2661 1383 2726 1437 Τί
2752 1382 2808 1436 δέ
2860 1400 2951 1452 μοι
3007 1383 3157 1452 μέλει
3194 1383 3326 1453 περὶ

1744 1470 1964 1534 τούτους
2021 1468 2373 1540 Σαμαρείτης
2426 1469 2564 1536 εἰμὶ,
2619 1466 2772 1520 οὐδὲν
2825 1465 3004 1520 κοινὸν
3038 1465 3147 1536 ἔχω
3193 1464 3332 1537 πρὸς

1745 1554 1936 1606 αὐτόν·
1973 1553 2166 1623 πόρρω
2197 1551 2299 1621 τῆς
2336 1551 2544 1613 πόλεως
2569 1553 2758 1620 ἐσμεν,
2785 1549 2906 1602 οὐδὲ
2933 1548 3146 1619 βαδίσαι
3169 1547 3332 1601 δύναφ

1747 1655 1855 1690 ται.
1891 1639 1954 1690 Τί
1979 1638 2056 1699 δὲ,
2092 1637 2188 1689 ἐὰν
2218 1637 2291 1707 μὴ
2326 1636 2462 1706 πρὸς
2493 1635 2554 1687 τὸ
2587 1635 2765 1704 μῆκος
2805 1635 3016 1705 ἀρκέσῃ
3059 1633 3160 1704 τῆς
3196 1632 3332 1686 ὁδοι-

1749 1721 1969 1791 πορίας,
2010 1721 2194 1791 μέλλω
2221 1721 2410 1790 νεκρὸν
2441 1718 2830 1788 ἐπιφέρεσθαι,
2885 1717 3062 1786 μέλλω
3115 1718 3331 1786 σφαγῆς

1748 1805 2084 1868 ἁλίσκεσθαι,
2120 1802 2300 1873 μέλλω
2326 1801 2419 1854 τοῦ
2472 1801 2632 1871 φόνου
2686 1800 2987 1862 ὑπεύθυνος
3020 1798 3192 1866 εἷναι;
3221 1800 3332 1853 Καὶ

1747 1890 1856 1961 γὰρ
1883 1888 2067 1942 πολλοὶ
2093 1887 2357 1950 πολλάκις
2419 1885 2709 1956 παριόντες
2739 1886 2834 1938 καὶ
2861 1884 3093 1954 ὁρῶντες
3116 1882 3328 1955 ἀνθρώ-

1749 1991 1884 2037 πους
1931 1961 2285 2042 πεπληγότας
2331 1971 2426 2024 καὶ
2457 1969 2810 2040 σπαίροντας,
2856 1968 2946 2023 διά
2966 1967 3126 2022 τοῦτο
3160 1985 3333 2040 παραυ

1746 2059 2052 2129 τρέχουσιν,
2081 2058 2180 2110 ούκ
2207 2055 2495 2118 ὀκνοῦντες
2533 2053 2842 2114 ἀνελέσθαι,
2886 2053 3009 2107 ούδὲ
3033 2053 3333 2125 χρημάτων

1747 2143 2074 2213 φειδόμενοι,
2107 2139 2245 2195 ἀλλά
2262 2139 2582 2203 δεδοικότες,
2617 2137 2693 2210 μὴ
2727 2139 2822 2191 καὶ
2855 2137 3010 2192 αὐτοὶ
3057 2138 3136 2202 είς
3180 2135 3331 2190 δικα-

1749 2227 1974 2297 στήριον
1994 2223 2353 2288 ἐλκυσθῶσιν,
2377 2222 2453 2286 ὡς
2473 2222 2573 2293 τῆς
2601 2221 2818 2291 σφαγῆς
2847 2219 3158 2275 ὑπεύθυνοι.
3191 2219 3332 2272 Ἀλλ’

1747 2311 1954 2372 ἐκεῖνος
1984 2308 2136 2361 οὐδὲν
2157 2306 2363 2361 τούτων
2384 2306 2589 2360 ἔδεισεν
2615 2307 2644 2359 ό
2671 2306 2878 2378 ἥμερος
2904 2305 3001 2359 καὶ
3029 2303 3332 2374 φιλάνθρω-

1750 2410 1871 2456 πος,
1901 2391 2040 2445 ἀλλά
2068 2390 2241 2445 ταῦτα
2273 2390 2454 2444 πάντα
2484 2389 2757 2460 ὑπεριδὼν
2803 2388 3076 2458 ἐπέθηκεν
3114 2389 3207 2440 ἐπὶ
3239 2385 3332 2442 τόν

1746 2477 1885 2539 δνον,
1921 2477 2016 2530 καὶ
2046 2477 2126 2540 είς
2154 2475 2470 2546 πανδοχεῖον
2498 2476 2736 2544 ἤγαγενο
2771 2471 2923 2527 οὐδὲν
2951 2472 3156 2526 τούτων
3182 2471 3333 2526 ὑπεί-

1746 2562 1890 2624 δετο,
1916 2561 1978 2613 ού
2011 2560 2280 2624 κίνδυνον,
2334 2561 2395 2613 ού
2435 2559 2736 2632 χρημάτων
2776 2557 3046 2627 δαπάνην,
3073 2557 3174 2610 ούκ
3205 2555 3333 2611 ἄλλο

1747 2644 1920 2696 οὐδέν.
1955 2645 2018 2696 Εἰ
2067 2643 2124 2696 δὲ
2157 2645 2186 2697 ὁ
2221 2644 2568 2715 Σαμαρείτης
2618 2641 2760 2695 οὕτω
2814 2640 3192 2713 φιλάνθρωπος
3238 2641 3332 2692 καὶ

1746 2727 1955 2796 ἥμερος
2009 2727 2202 2796 γέγονε
2229 2752 2232 2756 ι
2257 2727 2389 2798 περὶ
2437 2726 2724 2798 ἄνθρωπον
2774 2725 3074 2794 ἄγνωστον,
3114 2723 3235 2776 τίνα
3265 2722 3332 2778 ἄν

1745 2810 1965 2882 ἔχοιμεν
1995 2809 2326 2882 συγγνώμην
2357 2812 2539 2881 ἡμεῖς,
2570 2809 2678 2864 τῶν
2701 2808 2944 2878 ἀδελφῶν
2979 2809 3084 2861 τῶν
3112 2803 3328 2861 οἰκείων

1747 2893 2076 2963 ἀμελοῦντες
2107 2895 2202 2946 ἐπὶ
2230 2894 2442 2965 μείζοσι
2472 2894 2690 2958 κακοίς;
2720 2893 2830 2946 Καὶ
2858 2891 2968 2962 γάρ
3000 2891 3095 2944 καὶ
3113 2884 3259 2944 οῦτοι
3283 2890 3332 2942 ot

1746 2977 1841 3030 νῦν
1866 2977 2261 3048 νηστεύσαντες
2302 2977 2523 3048 λῃσταῖς
2542 2975 2867 3046 περιέπεσον
2891 2977 3004 3037 τοῖς
3037 2973 3331 3036 Ἰουδαίοις,

1749 3061 1949 3132 μᾶλλον
1981 3061 2038 3115 δὲ
2083 3061 2300 3134 λῃστῶν
2328 3061 2586 3115 ἀπάντων
2633 3058 3060 3131 χαλεπωτέροις,
3097 3058 3193 3111 καὶ
3223 3056 3333 3128 μεί-

1745 3145 1875 3210 ζονα
1924 3149 2054 3210 τοὺς
2116 3147 2198 3210 είς
2251 3146 2450 3208 αὐτοὺς
2499 3144 2874 3214 ἐμπίπτοντας
2940 3141 3333 3214 ἐργαζομένοις

1745 3230 1910 3283 κακά.
1940 3230 2016 3282 Ού
2047 3229 2157 3301 γάρ
2206 3230 2276 3283 τά
2333 3229 2526 3300 ἱμάτια
2561 3229 2740 3282 αὐτῶν
2772 3227 3168 3300 περιέρρηξαν,
3209 3224 3333 3279 οὐδὲ

1742 3313 1822 3383 τῷ
1849 3312 2060 3382 σώματι
2090 3312 2307 3384 πληγὰς
2338 3313 2640 3382 ἐπήγαγον,
2661 3310 2916 3382 καθάπερ
2941 3313 3141 3364 ἐκεῖνοι
3185 3308 3332 3372 τότε,

1743 3397 1879 3450 ἀλλά
1901 3396 2000 3468 τὴν
2023 3396 2198 3468 ψυχὴν
2232 3397 2606 3466 κατέτρωσαν,
2638 3397 2735 3450 καὶ
2765 3395 2934 3466 μυρία
2976 3395 3112 3466 αὐτῇ
3167 3391 3332 3463 τραύ-

1748 3497 1895 3551 ματα
1923 3480 2125 3546 δόντες,
2161 3479 2339 3542 οὕτως
2365 3479 2628 3550 ἀπῆλθον,
2681 3479 2912 3549 ἀφέντες
2941 3480 3000 3531 ἐν
3033 3477 3112 3549 τῷ
3143 3477 3332 3546 λάκκῳ

1742 3564 1842 3634 τῆς
1867 3563 2123 3626 ἀσεϐείας
2162 3563 2474 3633 κειμένους.

1810 3731 1852 3784 δ’
1902 3729 1994 3799 Μὴ
2022 3728 2086 3800 δὴ
2105 3728 2420 3800 παρίδωμεν
2447 3727 2754 3798 τραγῳδίαν
2775 3726 3050 3798 τοιαύτην,
3071 3727 3206 3798 μηδέ
3224 3742 3330 3783 πα-

1748 3814 2110 3886 ραδράμωμεν
2139 3811 2383 3882 ἀνηλεῶς
2407 3811 2550 3865 οὕτω
2582 3811 2762 3882 θέαμα
2790 3811 3040 3874 ἐλεεινὸν,
3069 3812 3205 3864 ἀλλά
3225 3811 3329 3865 κᾶν

1743 3901 1919 3970 ἕτεροι
1952 3897 2110 3950 τοῦτο
2144 3896 2358 3954 ποιῶσι,
2399 3896 2462 3948 σὺ
2491 3895 2566 3966 μὴ
2595 3895 2855 3968 ποιήσῃς·
2897 3896 2972 3966 μὴ
3001 3890 3160 3968 εἴπῃς
3190 3895 3331 3966 πρὸς

1747 3981 1990 4044 σεαυτὸν,
2021 3979 2291 4049 Κοσμικός
2324 3981 2440 4049 εἰμι
2469 3978 2630 4050 ἀνὴρ,
2656 3981 2888 4048 γυναῖκα
2931 3978 3038 4048 ἔχω
3068 3979 3162 4031 καὶ
3203 3981 3323 4031 παῖε

1743 4069 1838 4130 δας
1861 4108 1875 4131 ,
1922 4065 2097 4119 ταῦτα
2129 4065 2236 4117 τῶν
2279 4063 2470 4136 ἱερέων
2507 4064 2660 4125 ἐστὶ,
2701 4061 2874 4116 ταῦτα
2915 4061 3025 4115 τῶν
3055 4060 3325 4132 μοναχῶν.

1743 4151 1879 4204 Οὐδὲ
1903 4150 2012 4222 γάρ
2041 4151 2069 4202 6
2101 4148 2448 4222 Σαμαρείτης
2475 4149 2681 4211 ἐκεῖνος
2718 4143 2892 4199 ταῦτα
2919 4140 3060 4198 εἷπε.
3094 4144 3202 4198 Ποῦ
3234 4144 3328 4198 νῦν

1745 4235 2024 4306 οίίίερεῖςς
2068 4232 2172 4286 ποῦ
2212 4230 2306 4286 νῦν
2337 4232 2387 4284 οί
2421 4232 2741 4301 Φαρισαῖοι;
2774 4227 2877 4282 ποῦ
2903 4227 3010 4281 τῶν
3053 4228 3326 4282 Ἰουδαίων

1744 4321 1795 4374 οί
1835 4316 2178 4380 διδάσκαλοις
2207 4315 2320 4369 ἀλλ’
2352 4314 2540 4386 ὥσπερ
2574 4331 2626 4366 τι
2665 4313 2891 4385 θήραμα
2933 4313 3191 4384 μέγιστον
3242 4314 3326 4366 εύ-

1749 4402 1880 4474 ρὼν,
1905 4399 2078 4464 οὕτως
2105 4401 2322 4471 ἥρπασε
2348 4399 2410 4452 τὸ
2445 4397 2660 4468 κέρδος.
2697 4397 2807 4450 Καὶ
2841 4396 2906 4450 σὺ
2938 4396 3142 4460 τοίνυν,
3195 4397 3326 4450 ὅταν

1749 4487 1866 4558 ἴδῃς
1881 4484 2002 4537 τινὰ
2018 4484 2269 4554 δεόμενον
2300 4482 2600 4554 θεραπείας
2625 4479 2658 4551 ἢ
2679 4479 2996 4551 σωματικῆς
3018 4479 3323 4550 ἣψυχικῆς,

1751 4573 1824 4640 μὴ
1853 4569 1978 4637 λέγε
2001 4570 2136 4640 πρὸς
2167 4568 2380 4621 ἑαυτόν·
2408 4566 2564 4626 Τίνος
2586 4565 2773 4618 ἕνεκεν
2797 4566 2825 4616 6
2853 4564 3000 4617 δεῖνα
3021 4564 3120 4617 καὶ
3140 4565 3166 4616 ό
3182 4563 3327 4619 δεῖνα

1747 4653 1916 4705 αὐτὸν
1938 4652 2038 4704 ούκ
2066 4650 2439 4722 ἐθεράπευσεν
2466 4667 2479 4715 ;
2515 4648 2630 4702 ἀλλ’
2677 4646 2986 4711 ἀπάλλαξον
3013 4647 3114 4716 τῆς
3145 4647 3326 4719 ἀρρω-

1750 4737 1925 4799 στίας,
1955 4737 2047 4788 καὶ
2071 4735 2144 4805 μὴ
2170 4734 2388 4787 ἀπαίτει
2403 4733 2648 4796 ἐκείνους
2669 4731 2897 4794 εὐθύνας
2922 4731 3022 4800 τῆς
3043 4730 3324 4802 ἀμελείας.

1748 4821 1876 4872 Ἐἀν
1893 4819 2058 4892 εῦρῃς
2080 4819 2321 4889 χρυσίον,
2337 4816 2455 4872 είπέ
2478 4835 2586 4887 μοι,
2602 4815 2875 4885 κείμενον,
2893 4815 2966 4885 μὴ
2985 4815 3164 4882 λέγεις
3181 4813 3318 4885 πρὸς

1751 4902 2156 4965 σεαυτὸν,Ί’ίνος
2184 4901 2370 4954 ἕνεκεν
2385 4902 2412 4952 ό
2437 4902 2582 4954 δεῖνα
2610 4901 2701 4953 καὶ
2715 4899 2743 4950 ό
2763 4898 2906 4951 δεῖνα
2920 4898 3051 4950 αὐτὸ
3072 4897 3172 4948 οὐκ
3189 4894 3328 4949 ἀνεί-

1745 4988 1918 5053 λοντο,
1937 4986 2123 5040 ἀλλὀὐ
2155 4996 2178 5023 θ
2213 4983 2532 5047 σπουδάζεις
2573 4982 2677 5053 πρὸ
2708 4979 2818 5033 τῶν
2846 4980 3019 5034 ἀλλων
3049 4978 3324 5050 ἀρπάσαι;

1749 5070 1906 5123 Οῦτω
1927 5071 2022 5123 καί
2050 5069 2142 5121 ἐπί
2161 5067 2272 5121 τῶν
2293 5068 2659 5120 πεπτωκότων
2689 5064 2934 5133 ἀδελφῶν
2955 5062 3194 5129 λογίζου,
3227 5062 3324 5115 καὶ

1747 5152 1898 5226 [679]
1927 5152 2113 5223 νόμιζε
2147 5150 2419 5223 θησαυρὸν
2445 5151 2734 5220 εὑρηκέναι
2759 5149 2856 5218 τὴν
2878 5146 3195 5217 ἐπιμέλειαν
3225 5147 3324 5218 τὴν

1747 5238 2101 5290 ἐκείνων.”Αν
2122 5236 2230 5306 γὰρ
2249 5233 2544 5305 ἐπιστάξῃς
2571 5230 2718 5301 αὐτῷ
2749 5230 2998 5286 καθάπερ
3025 5231 3200 5284 ἔλαιον
3224 5226 3322 5282 τοῦ

1745 5321 1902 5390 λόγου
1920 5322 2020 5390 τὴν
2037 5318 2407 5378 διδασκαλίαν,
2427 5317 2491 5370 ἂν
2511 5317 2820 5389 καταδήσῃς
2837 5318 2900 5387 τῇ
2919 5316 3238 5387 προσηνείᾳ,
3257 5313 3324 5369 ἀν

1749 5408 2094 5482 θεραπεύσῃς
2129 5409 2196 5478 τῇ
2247 5406 2535 5477 καρτερία,
2593 5402 2868 5475 θησαυροῦ
2917 5401 3117 5466 παντὸς
3159 5403 3321 5454 εὐπο-

1746 5639 2085 5700 ὶπιδειξάμενον
2105 5637 2180 5684 ἐπὶ
2202 5638 2296 5684 τῶν
2326 5634 2605 5700 τραυμάτων
2620 5634 2862 5700 πρόνοιανΣ

1807 5701 1834 5740 εἰ
1857 5696 2059 5760 Aliquot
2082 5713 2191 5746 mss.
2222 5700 2297 5760 ἐπὶ
2317 5696 2411 5760 τῷν
2431 5699 2593 5760 ᾠμων,
2620 5696 2696 5760 hic
2714 5704 2766 5743 ot
2792 5696 2930 5745 intra.

1806 5767 1825 5786 '
1849 5753 1970 5810 δαν]
1988 5763 2068 5808 καὶ
2100 5761 2174 5818 οὐ,
2200 5759 2370 5808 Montf.
2423 5753 2560 5811 ἀλλά,
2589 5759 2719 5806 unde
2743 5760 2947 5806 fccinms
2969 5757 3072 5805 ἀλλ’
3091 5755 3166 5806 οὗ.
3206 5753 3317 5804 lla:

1739 5824 1935 5886 quidam
1965 5823 2234 5888 διαρπάσαι.
2262 5824 2394 5872 Enn.
2889 5891 2968 5950 26
