3906 6258
535 313 640 367 935

543 428 778 500 ρώτερόν
795 445 852 480 σε
875 421 1027 491 οὗτος
1044 427 1353 498 ἐργάσεται.
1373 430 1434 480 Ὀ
1452 431 1559 499 γὰρ
1580 429 2109 498 ἐξαγαγὼντίμιον,

542 513 726 581 φησὶν,
756 511 824 573 ἐξ
855 511 1128 573 ἀναξίου,
1159 511 1238 574 ὡς
1267 513 1462 579 στόμα
1481 531 1598 579 μου
1619 513 1810 566 ἔσται.
1833 511 1896 564 Τί
1923 513 2115 565 τούτου

541 597 738 661 γένοιτ’
770 595 835 648 ἂν
866 597 1012 654 ῖσον;
1049 595 1226 664 Ὅπερ
1253 595 1373 647 ούδέ
1399 597 1639 665 νηστεία,
1667 596 1786 649 οὐδέ
1824 596 2115 665 χαμευνία,

541 681 662 732 οὐδὲ
703 678 1040 748 παννυχίδες,
1074 679 1174 732 οὐκ
1219 678 1346 732 ἄλλο
1395 698 1446 732 τι
1493 679 1712 733 δύναται
1756 680 2113 751 ἐργάσασθαι,

541 764 754 833 τοῦτοή
786 761 878 814 τοῦ
907 762 1136 830 ἀδελφοῦ
1161 763 1405 836 σωτηρία
1438 768 1596 819 ποιεῖ.
1617 766 1898 836 Ἑννόησόν
1928 782 2020 818 σου
2057 766 2119 818 τὸ

545 847 718 914 στόμα
759 847 896 898 πόσα
942 847 1199 910 πολλάκις
1231 849 1468 919 ἥμαρτε,
1501 851 1642 902 πόσα
1688 849 1989 918 ἐφθέγξατο
2035 853 2112 904 αἰ-

544 931 684 1001 σχρὰ
731 933 972 1001 ῥήματα,
1021 932 1192 994 πόσας
1232 931 1599 1004 βλασφημίας,
1641 935 1809 998 πόσας
1851 934 2120 1004 λοιδορίας

544 1014 788 1078 ἐξέϐαλε,
817 1015 908 1067 καὶ
957 1015 1171 1078 πάντως
1200 1016 1466 1088 ἀντιλήψῃ
1512 1019 1612 1087 τῆς
1651 1019 1744 1070 τοῦ
1772 1019 2121 1081 πεπτωκότος

545 1101 800 1170 προνοίας
819 1116 830 1128 ·
862 1100 950 1152 διὰ
973 1101 1081 1166 γὰρ
1111 1101 1227 1164 ἐνὸς
1247 1101 1434 1154 τούτου
1460 1101 1552 1156 τοῦ
1577 1102 1996 1173 κατορθώματος
2022 1105 2122 1156 πᾶ-

546 1201 644 1235 σαν
693 1184 994 1256 ἐκκαθᾶραι
1029 1184 1231 1257 δυνήσῃ
1277 1186 1374 1254 τὴν
1423 1186 1612 1257 κηλῖδα
1661 1187 1892 1258 ἐκείνην.
1932 1189 2040 1241 Καὶ
2067 1186 2120 1240 τί

545 1267 687 1336 λέγω
712 1268 1010 1339 ἐκκαθᾶραι
1033 1286 1045 1332 ;
1075 1268 1149 1329 ὼς
1180 1269 1350 1338 στόμα
1377 1269 1470 1322 τοῦ
1496 1271 1628 1324 Θεοῦ
1656 1273 1902 1342 ποιήσεις
1936 1288 2028 1324 σου
2063 1272 2122 1324 τὸ

549 1353 742 1421 στόμα.
769 1352 833 1404 Τί
854 1352 1057 1422 ταύτης
1085 1352 1281 1419 γένοιτ’
1316 1352 1381 1405 ἂν
1412 1352 1523 1405 ἴσον
1548 1355 1646 1423 τῆς
1671 1356 1862 1426 τιμῆς;
1894 1356 1984 1426 Μή
2013 1355 2121 1424 γὰρ

549 1435 660 1503 ἐγὼ
692 1435 862 1488 ταῦτα
887 1435 1290 1505 ἐπαγγέλλομαι
1313 1453 1326 1497 ;
1358 1436 1518 1499 αὐτὸς
1545 1439 1574 1490 ὁ
1601 1436 1734 1502 Θεὸς
1762 1437 1920 1490 τοῦτο
1945 1433 2118 1502 εἶπεν,

549 1521 630 1572 ὅτι
663 1518 776 1571 Κᾶν
818 1519 911 1571 ἐνα
955 1520 1075 1572 τινὰ
1120 1517 1411 1592 ἐξαγάγῃς,
1445 1521 1628 1591 φησὶν,
1657 1522 1732 1584 ὡς
1776 1522 1948 1592 στόμα
1999 1539 2120 1592 μου,

550 1605 699 1656 ἔσται
728 1603 786 1653 τὸ
822 1604 992 1672 στόμα
1032 1621 1124 1656 σου
1159 1604 1416 1673 καθαρὸν,
1451 1597 1623 1673 ἅγιον.
1656 1607 1747 1678 Μὴ
1787 1607 1965 1662 τοίνυν
1993 1612 2124 1680 ἀμε-

548 1688 728 1757 λῶμεν
759 1688 864 1740 τῶν
889 1687 1151 1756 ἀδελφῶν,
1181 1689 1314 1757 μηδέ
1345 1690 1645 1761 περιιόντες
1673 1690 1940 1763 λέγωμεν,
1961 1696 2121 1748 Πόσοι

547 1772 894 1840 ἐνήστευσαν,
923 1771 1077 1823 πόσοι
1123 1773 1547 1844 παρεσύρησαν;
1593 1774 1706 1827 ἀλλ’
1735 1776 2123 1847 ἐπιμελώμεθα

548 1855 748 1908 αὐτῶν.
781 1855 897 1908 Κάν
922 1855 1104 1907 πολλοὶ
1133 1849 1268 1908 ὦσιν
1300 1857 1349 1908 οί
1378 1857 1792 1927 νηστεύσαντες,
1835 1861 1899 1912 σὺ
1935 1860 2009 1932 μὴ
2041 1861 2125 1914 ἐκ·

549 1938 906 2011 πομπεύσῃς,
957 1940 1226 2008 ἀγαπητὲ,
1284 1940 1419 2011 μηδέ
1469 1941 1975 2015 παραδειγματίσῃς
2024 1947 2123 2015 τῆς

561 2021 884 2092 Ἐκκλησίας
937 2024 1034 2089 τὴν
1081 2024 1386 2091 συμφορὰν,
1435 2023 1573 2076 ἀλλά
1620 2024 1977 2096 θεράπευσον.
2007 2027 2124 2080 Κάν

549 2106 678 2175 εἴπῃ
707 2122 812 2167 τις,
848 2107 928 2158 ὅτι
964 2105 1154 2159 Πολλοὶ
1195 2108 1547 2178 ἐνήστευσαν,
1578 2108 1948 2178 ἐπιστόμισον,
1983 2109 2125 2164 ὥστε

551 2187 626 2257 μὴ
654 2188 903 2255 γενέσθαι
929 2189 1092 2260 δήλην
1123 2190 1220 2260 τὴν
1248 2193 1455 2260 φήμην,
1491 2191 1583 2242 καὶ
1611 2192 1729 2244 είπέ
1765 2193 1900 2262 πρὸς
1933 2195 2120 2246 αὐτόν·

562 2271 701 2338 Ἐγὼ
723 2272 820 2340 μὲν
847 2271 1034 2324 οὐδένα
1067 2269 1182 2326 οἶδα
1200 2290 1213 2303 ·
1248 2275 1550 2344 ήπάτησαι,
1567 2273 1839 2346 ἄνθρωπε,
1865 2277 1958 2328 καὶ
1987 2276 2123 2346 ψεύ-

548 2352 612 2424 δῃ
629 2370 640 2381 ·
677 2353 740 2407 ἂν
760 2354 852 2406 δύο
883 2357 975 2407 καὶ
1001 2359 1150 2426 τρεῖς
1174 2357 1290 2428 ἴδῃς
1315 2359 1752 2428 παρασυρέντας,
1777 2359 2006 2423 πολλοὺς
2030 2360 2128 2414 αύ-

551 2438 675 2502 τοὺς
709 2432 847 2491 εἶναι
881 2438 1080 2506 λέγεις.
1118 2442 1228 2492 Καὶ
1270 2441 1362 2493 τὸν
1407 2442 1506 2510 μὲν
1550 2443 1961 2514 κατηγοροῦντα
2003 2446 2124 2497 ἐπι-

555 2521 826 2588 στόμισον,
860 2523 966 2575 τῶν
1010 2523 1066 2576 δέ
1108 2524 1533 2594 παρασυρέντων
1583 2526 1656 2598 μὴ
1701 2527 1998 2600 ἀμελήσῃς,
2042 2531 2127 2582 ἵνα

553 2605 890 2675 ἑκατέρωθεν
926 2606 1092 2678 πολλὴ
1138 2611 1204 2679 τῇ
1239 2608 1534 2680 Ἐκκλησία
1566 2611 1833 2679 ἀσφάλεια
1878 2612 2124 2681 γένηται,

552 2688 660 2740 ἀπό
683 2703 742 2740 τε
771 2689 862 2742 τοῦ
887 2690 982 2760 τὴν
1001 2692 1188 2762 φήμην
1221 2692 1294 2762 μὴ
1326 2693 1793 2762 ἐκπομπεύεσθαι,
1819 2696 1926 2748 ἀπό
1953 2714 2012 2748 τε
2034 2696 2125 2749 τοῦ

551 2772 678 2834 τοὺς
720 2774 1133 2844 παρασυρέντας
1190 2777 1386 2840 αὐτοὺς
1423 2777 1554 2847 πρὸς
1591 2777 1688 2844 τὴν
1731 2779 1881 2848 ἱερὰν
1928 2781 2128 2850 ἀγέλην
2181 2841 2188 2846 μ

550 2853 781 2924 ἄγεσθαι
810 2855 994 2910 πάλιν.

621 2941 711 3008 Μὴ
729 2941 906 2994 τοίνυν
930 2939 1230 3011 περιιόντες
1253 2941 1682 3012 λέγωμεν,Τίνες
1699 2947 1974 3018 ἦμαρτονς
1995 2946 2130 3000 ἀλλὰ

555 3023 964 3094 σπουδάσωμεν,
993 3025 1140 3086 ὅπως
1185 3025 1568 3096 διορθὼσωμεν
1594 3030 1718 3090 τοὺς
1743 3031 2130 3101 ἡμαρτηκότας

555 3105 735 3174 μόνον.
755 3107 863 3158 Καὶ
885 3109 992 3178 γὰρ
1016 3108 1187 3160 δεινὸν
1212 3108 1353 3170 ἔθος,
1386 3109 1556 3162 δεινὸν
1583 3111 1643 3162 τὸ
1673 3117 1999 3183 κατηγορεῖν
2020 3113 2129 3166 τῶν

551 3187 797 3257 ἀδελφῶν
848 3190 1028 3258 μόνον,
1058 3190 1193 3243 ἀλλὰ
1247 3191 1321 3262 μὴ
1366 3193 1777 3262 ἐπιμελεῖσθαι·
1813 3196 1872 3247 τὺ
1917 3197 2127 3266 ἐκπομ-

556 3271 740 3324 πεύειν
787 3271 856 3325 τὰ
899 3272 1046 3326 κακὰ
1084 3273 1193 3327 τῶν
1235 3276 1625 3340 ἀσθενούντων,
1654 3278 1788 3332 ἀλλὰ
1840 3280 1914 3350 μή
1967 3281 2130 3350 θερα-

556 3352 760 3408 πεύειν.
781 3354 1080 3424 ’Λνέλωμεν
1109 3357 1283 3410 τοίνυν
1309 3357 1466 3411 τοῦτο
1487 3361 1548 3412 τὸ
1579 3362 1812 3433 πονηρὸν
1837 3362 1976 3426 ἔθος,
2003 3365 2134 3431 ἀγα-

559 3437 718 3507 πητοί
737 3455 748 3467 ·
774 3439 892 3492 οὐδὲ
916 3439 1024 3509 γὰρ
1052 3440 1254 3510 μικρὰν
1281 3440 1458 3512 λύμην
1485 3443 1644 3504 τοῦτο
1682 3445 2005 3516 ἐργάζεται·
2041 3448 2134 3500 καὶ

556 3520 693 3584 πῶς,
734 3521 844 3588 ἐγὼ
871 3521 1282 3590 λέγω.¹¹Ηκουσέ
1310 3543 1393 3588 τις
1424 3527 1574 3597 παρὰ
1618 3528 1712 3581 σοῦ
1757 3529 2021 3596 λέγοντος,
2051 3531 2133 3583 ὅτι

558 3605 740 3658 πολλοὶ
772 3607 1102 3677 ἐνήστευσαν
1138 3608 1274 3678 μετὰ
1317 3609 1586 3663 Ἰουδαίων
1621 3613 1714 3664 καὶ
1762 3613 1926 3683 μηδὲν
1957 3612 2134 3677 ἐξετά-

559 3707 658 3753 σας
688 3692 767 3752 είς
794 3690 980 3762 ἕτερον
1011 3692 1072 3744 τὸ
1101 3693 1250 3763 ῥῆμα
1281 3692 1541 3762 ἐξήνεγκε
1561 3712 1575 3726 ο
1599 3695 1761 3749 πάλιν
1788 3699 1993 3762 ἐκεῖνος
2029 3716 2134 3769 μη-

554 3772 645 3826 δὲν
694 3773 1244 3848 πολυπραγμονήσας,
1295 3777 1464 3848 ἑτέρῳ
1515 3778 1673 3832 τοῦτο
1721 3781 1966 3847 ἐξεῖπεν
2018 3777 2134 3836 εἶτα

557 3859 697 3910 κατά
732 3858 926 3928 μικρὸν
959 3858 1059 3927 τῆς
1092 3863 1332 3931 πονηρᾶς
1377 3862 1581 3932 ταύτης
1623 3864 1997 3935 αὐξανομένης
2032 3868 2135 3935 φή-

559 3958 665 4010 μης
703 3941 836 3995 πολὺ
866 3944 962 4011 μὲν
995 3947 1060 4013 τῇ
1113 3944 1407 4017 Ἐκκλησία
1427 3960 1451 3985 ιι
1483 3945 1686 4010 ὄνειδος
1714 3947 2135 4001 κατασκεδάννυ-

555 4041 664 4085 ται,
699 4028 810 4087 τοῖς
860 4025 916 4079 δὲ
964 4027 1297 4080 ἀπολωλόσιν
1327 4029 1478 4082 οὐδὲν
1524 4030 1714 4098 ὄφελος
1743 4031 1971 4100 γίνεται,
2000 4032 2136 4086 ἀλλά

560 4110 654 4160 καὶ
687 4109 880 4177 βλάϐος
914 4111 1007 4163 καὶ
1039 4111 1246 4173 τούτοις
1279 4113 1372 4164 καὶ
1403 4113 1610 4184 ἐτέροις
1647 4114 1881 4179 πολλοῖς.
1918 4115 2037 4170 Κάν
2075 4134 2134 4169 τε

558 4193 666 4262 γὰρ
693 4193 858 4258 ὀλίγοι
889 4186 1040 4253 ὦσιν,
1068 4196 1226 4264 ἡμεῖς
1261 4196 1456 4258 αὐτοὺς
1478 4199 1598 4259 ταῖς
1629 4199 1840 4268 φήμαις
1866 4202 1984 4263 ταῖς
2009 4200 2135 4254 πολ-

558 4273 678 4337 λαῖς
711 4275 937 4338 πολλοὺς
973 4277 1253 4346 ποιοῦμεν,
1287 4279 1527 4344 καὶτοὺς
1550 4279 1790 4344 ἑστῶτας
1819 4275 2131 4337 ἀσθενεστέ-

563 4375 687 4429 ρους
709 4360 1072 4430 ἐργαζόμεθα,
1111 4364 1206 4416 καὶ
1239 4363 1362 4426 τοὺς
1394 4363 1686 4434 μέλλοντας
1721 4366 1939 4419 πίπτειν
1967 4367 2138 4420 ὠθοῦ-

557 4458 678 4510 μεν.
697 4443 755 4494 Ὁ
783 4443 890 4514 γὰρ
915 4443 1143 4514 ἀδελφὸς
1168 4445 1430 4512 ἀκούσας,
1461 4447 1542 4500 ὃτι
1578 4447 1762 4502 πολλοὶ
1787 4451 2132 4521 ἐνήστευσαν,

558 4527 650 4578 καὶ
693 4527 854 4590 αὐτὸς
904 4527 1272 4601 ρᾳθυμότερος
1325 4530 1500 4595 ἔσται,
1540 4531 1634 4585 καὶ
1683 4532 1852 4586 ταῦτα
1897 4533 2056 4587 πάλιν
2108 4537 2138 4587 δ

559 4608 789 4680 ἀσθενὴς
825 4611 1080 4674 ἀκούσας.
1115 4612 1405 4684 δραμεῖται
1441 4616 1538 4669 ἐπὶ
1581 4615 1641 4668 τὸ
1671 4616 1872 4687 πλῆθος
1900 4617 2008 4670 τῶν
2042 4635 2138 4670 πε-

561 4694 872 4748 πτωκότων.
897 4695 986 4766 Μὴ
1013 4697 1188 4748 τοίνυν
1223 4699 1357 4769 μηδέ
1379 4699 1471 4752 ἐπὶ
1501 4699 1694 4771 τούτῳ,
1723 4700 1857 4771 μηδέ
1887 4702 1972 4754 ἐπ’
1994 4701 2138 4773 ἄλλῳ

560 4775 934 4848 πονηρεύματι
967 4782 1374 4852 συγχαίρωμεν,
1404 4782 1505 4836 κᾶν
1529 4782 1715 4837 πολλοὶ
1741 4777 1874 4838 ὦσιν
1893 4787 1941 4839 οί
1965 4786 2139 4857 ἀμορ-

559 4861 829 4924 τάνοντες.
857 4861 997 4915 ὥστε
1029 4864 1398 4935 ἐκπομπεύειν
1421 4866 1618 4931 αὐτοὺς
1647 4869 1742 4920 καὶ
1770 4868 1948 4937 λέγειν
1968 4869 2016 4931 δ,
2055 4871 2137 4922 ὅτι

560 4945 766 5006 πολλοὶ,
812 4945 926 4999 ἀλλ’
961 4947 1398 5019 ἐπιστομίζωμεν
1445 4949 1597 5022 [680]
1649 4953 1743 5006 καὶ
1795 4953 2132 5024 κατέχωμεν.

559 5030 650 5101 Μή
693 5048 783 5098 μοι
815 5030 960 5098 λέγε,
992 5033 1073 5085 ὅτι
1109 5033 1291 5086 πολλοὶ
1339 5033 1694 5105 ἐνήστευσαν,
1732 5034 1867 5090 ἀλλὰ
1912 5036 2138 5106 διόρθω-

562 5131 650 5166 σαι
683 5116 807 5178 τοὺς
833 5116 1078 5181 πολλούς.
1103 5118 1176 5170 Ού
1225 5117 1313 5171 διὰ
1356 5116 1516 5170 τοῦτο
1549 5118 1836 5182 τοσούτους
1886 5119 2138 5190 ἀνήλωσα

558 5195 770 5264 λόγους,
806 5199 891 5250 ἵνα
915 5202 1298 5272 κατηγορήσῃς
1330 5201 1437 5254 τῶν
1475 5200 1703 5265 πολλῶν,
1746 5200 1858 5253 ἀλλ’
1887 5201 1969 5253 ἵνα
2015 5204 2136 5266 τοὺς

561 5281 790 5343 πολλοὺς
839 5283 1074 5355 ποιήσῃς
1108 5283 1341 5350 ὀλίγους,
1382 5284 1580 5354 μᾶλλον
1624 5283 1680 5336 δέ
1730 5283 1864 5354 μηδέ
1901 5284 2134 5351 ὀλίγους,

561 5360 701 5415 ἀλλὰ
739 5364 833 5416 καὶ
870 5365 1066 5430 αὐτοὺς
1107 5367 1447 5439 διασῶσῃςο.
1484 5367 1577 5438 Μὴ
1608 5367 1786 5421 τοίνυν
1824 5367 2136 5438 ἐκπόμπευε

623 5491 854 5558 {Novem
879 5508 998 5545 mss.
1018 5501 1101 5552 τῆς
1125 5497 1394 5554 ἐκκλησίας,
1421 5510 1532 5558 qum
1571 5498 1718 5546 lectio
1740 5511 1835 5547 non
1861 5500 1984 5547 mala
2026 5513 2135 5550 cum

559 5552 1177 5622 γετὺοὴκατασκεδάγνυται.
1207 5552 1328 5622 Infra
1352 5552 1563 5620 qua-tuor
1581 5559 1809 5615 mssxra'ic
1832 5562 2003 5622 φήμαις
2027 5565 2141 5610 ταύ-

556 5629 663 5678 ταις
683 5615 851 5676 (Savil.
875 5620 1060 5678 κακαῖς)
1081 5621 1298 5676 πολλούς.

601 5675 652 5752 ’δ
675 5679 892 5752 Οιιῳιξος
912 5675 1180 5752 amna-mp
1207 5675 1398 5752 πονηρῷ
1423 5685 1595 5752 ῥήματι
1628 5681 1778 5752 ταῦτα
1801 5689 2136 5752 συγχωρῶμεν,

559 5739 651 5807 ξιᾷν
674 5741 840 5788 πολλοὶ
865 5741 980 5788 ὦσιν
999 5745 1042 5790 οι
1065 5737 1434 5806 ἁμαρτάνοντες
1538 5747 1848 5806 ἐκπομπεύειν
1869 5737 2136 5804 ἇῦτὸὺξκαί

561 5801 724 5861 λέγειν.

626 5866 648 5895 ⁸
678 5863 880 5913 Plurimi
902 5877 1002 5912 mss
1047 5865 1218 5917 αὐτοὺς
1239 5866 1429 5923 τούτους
1451 5869 1705 5928 διασώσῃς.

1255 312 1312 367 S.
1351 312 1638 368 JOANNIS
1677 309 2162 369 CHRYSOSTOMI
2207 309 2525 366 ARCHIEP.
2565 311 3113 368 CONSTANTINOP.

3697 309 3806 364 935

2221 429 2289 483 τὰ
2335 431 2727 501 ἁμαρτήματα,
2764 429 2898 481 ἀλλά
2949 424 3456 497 θεράπευε.Ὤσπερ
3484 424 3596 494 γὰρ
3630 427 3682 477 οἱ
3714 427 3802 477 ἐκ·

2221 514 2612 583 πομπεύοντες,
2649 516 2740 566 καὶ
2783 516 2862 575 είς
2895 513 3051 564 τοῦτο
3089 510 3245 580 μόνον
3293 509 3671 577 ἐσχολακότες,
3704 509 3805 561 κᾶν

2219 598 2384 664 ὀλίγοι
2431 593 2562 649 ὦσιν
2610 599 2658 649 οἱ
2717 595 3119 665 ἡμαρτηκότες.
3153 591 3378 654 πολλοὺς
3412 592 3615 652 αὐτοὺς
3646 591 3801 660 νομί-

2221 680 2407 744 ζεσθαι
2444 679 2720 734 ποιοῦσιν⁸
2770 679 2941 741 οὕτως
2989 678 3039 728 οἱ
3089 675 3484 738 συστέλλοντες,
3533 676 3634 736 καὶ
3677 679 3804 738 τοὺς

2222 764 2669 833 ἐκπομπεύοντας
2718 760 3180 830 ἐπιστομίζοντες,
3222 761 3314 812 καὶ
3356 756 3464 810 τῶν
3511 759 3805 811 πεπτωκό-

2220 863 2328 899 των
2360 846 2799 916 ἐπιμελούμενοι,
2839 843 2940 897 κᾶν
2964 842 3148 896 πολλοὶ
3177 835 3330 904 ὦσιν,
3357 840 3556 904 αὐτούς
3575 858 3638 892 τε
3661 843 3804 892 ἐκεί-

2222 949 2344 994 νους
2389 930 2725 998 διορθοῦνται
2777 929 2993 1000 ῥᾳδίως,
3026 928 3121 980 καὶ
3162 926 3349 979 οὐδένα
3384 926 3573 995 ἓτερον
3607 926 3673 978 ἐκ
3711 926 3805 995 τῆς

2223 1014 2424 1066 τούτων
2451 1015 2642 1081 ἀφιᾶσι
2686 1011 3102 1083 παραϐλαδῆναι
3151 1011 3358 1078 φήμης.
3404 1009 3518 1061 Οὐκ
3564 1011 3803 1078 ἤκουσας

2222 1098 2304 1148 ὅτι
2331 1097 2543 1168 θρηνῶν
2576 1097 2666 1148 τὸν
2705 1094 2877 1149 Σαοὺλ
2911 1097 2940 1148 ὁ
2980 1093 3140 1147 Δαυῒδ
3181 1094 3331 1160 ἐλεγε
3352 1109 3366 1122 ·
3403 1090 3535 1156 Πῶς
3578 1093 3806 1146 ἔπεσον

2223 1181 2470 1235 δυνατοί
2495 1198 2510 1242 ;
2544 1183 2600 1233 Μ
2609 1179 2642 1248 ὴ
2665 1179 3058 1248 (iram-eunte
3087 1181 3174 1242 εἰς
3204 1176 3339 1238 Γὲθ,
3363 1176 3520 1244 μηδὲ
3555 1179 3803 1246 εὐαγγε-

2223 1266 2483 1330 λίσιησθε
2516 1265 2586 1316 ἐν
2621 1263 2753 1330 ταῖς
2787 1262 2948 1328 ὁδοῖς
2991 1261 3381 1326 Ἀσκάλωνος,
3411 1260 3574 1325 ὅπως
3596 1263 3687 1329 μὴ
3713 1264 3807 1314 εἰν-

2223 1347 2528 1416 φρανθῶσι
2580 1346 2897 1417 θυγατέρες
2940 1345 3325 1414 ἀλλοφύλων,
3367 1343 3521 1413 μηδὲ
3561 1342 3808 1412 ταιγπιάο

2225 1447 2378 1484 σωσι
2408 1431 2728 1500 θυγατέρες
2762 1429 3192 1498 ἁπεριτμήτων.
3215 1428 3276 1480 El
3296 1427 3353 1480 δέ
3385 1428 3623 1498 πρᾶγμα
3651 1444 3812 1495 φανε-

2227 1517 2318 1585 ρὸν
2351 1516 2450 1568 οὐκ
2485 1514 2734 1567 ἐϐούλετο
2767 1511 3233 1583 ἐκπομπεύεσθαι,
3266 1511 3404 1564 ὥστε
3448 1512 3523 1581 μὴ
3548 1512 3809 1578 γενέσθαι

2223 1604 2335 1663 τοῖς
2363 1598 2626 1662 ἐναντίοις
2654 1598 2868 1668 ἡδονὴν,
2902 1597 3054 1666 πόσῳ
3083 1595 3280 1667 μᾶλλον
3307 1594 3479 1649 ταῦτα
3515 1597 3576 1647 ού
3605 1595 3687 1647 δεῖ
3712 1599 3808 1648 ἐκ·

2226 1685 2411 1754 φέρειν
2443 1684 2521 1744 εἰς
2549 1684 2646 1744 τὰς
2691 1681 2888 1748 ἔξωθεν
2921 1681 3112 1743 ἀκοὰς,
3143 1679 3340 1749 μᾶλλον
3368 1679 3422 1731 δέ
3452 1679 3573 1731 ούδέ
3607 1680 3689 1740 εἰς
3711 1680 3809 1740 τὰς

2227 1769 2358 1837 παρ’
2392 1767 2524 1835 ἡμῖν
2540 1765 2589 1828 δ,
2637 1765 2723 1817 ἵνα
2757 1767 2892 1835 μήτε
2917 1767 2964 1816 οἱ
2998 1763 3183 1836 ἐχθροὶ
3214 1762 3500 1826 ἀκούοντες
3544 1764 3807 1832 χαίρωσι,

2229 1851 2366 1919 μήτε
2398 1851 2446 1902 οί
2469 1850 2658 1902 οἰκεῖοι
2685 1849 3043 1918 μανθάνοντες
3086 1847 3524 1909 καταπίπτωσιν,
3551 1846 3692 1898 ἀλλὰ
3719 1862 3806 1897 συ-

2230 1931 2464 1985 στέλλειν
2494 1932 2588 1985 κα¹ι
2616 1933 3010 2003 περιφράσσειν
3035 1928 3387 1999 πανταχόθεν.
3413 1931 3503 1998 Μή
3538 1947 3634 1999 μοι
3656 1929 3806 1997 λέγε,

2226 2015 2306 2068 ὅτι
2350 2015 2440 2085 Τῷ
2485 2015 2616 2069 δεῖνι
2660 2012 2844 2068 εἷπον·
2888 2014 3038 2086 παρά
3082 2011 3263 2082 σαυτῷ
3296 2012 3491 2081 κάτεχε
3523 2013 3586 2064 τὸ
3631 2013 3802 2082 ῥῆμα.

2229 2097 2440 2167 Ὥσπερ
2465 2099 2572 2170 γὰρ
2599 2098 2662 2151 σὺ
2689 2099 2790 2151 οὐκ
2819 2099 3194 2170 ἐκαρτέρησας
3227 2097 3466 2165 σιγῆσαι,
3491 2094 3805 2158 οὖτωςοὺᾶ

2228 2182 2434 2246 ἐκεῖνος
2467 2179 2737 2248 ἀνέξεται.

2297 2264 2549 2320 ε’.Ί“αῦτα
2565 2265 2624 2317 ού
2642 2265 2881 2336 περὶτῆς
2898 2264 3175 2336 παρούσης
3191 2264 3443 2334 νηστείας
3458 2263 3604 2330 λέγω
3621 2263 3803 2331 μόνον,

2227 2348 2364 2402 ἀλλὰ
2383 2350 2478 2402 καὶ
2504 2349 2631 2420 περὶ
2651 2349 2826 2402 ἄλλων
2852 2349 3058 2420 μυρίων
3079 2348 3507 2418 ἁμαρτημάτων.
3532 2347 3626 2417 Μὴ
3649 2346 3805 2398 τοῦτο

2230 2435 2521 2504 σκοπῶμεν
2571 2434 2751 2503 μόνον,
2784 2435 2832 2486 εἱ
2875 2432 3058 2485 πολλοὶ
3094 2434 3142 2486 οἱ
3175 2431 3642 2504 παρασυρόμενοι,
3674 2430 3807 2483 ἀλλὰ

2229 2521 2404 2570 ἐκεῖνο
2453 2519 2837 2588 σκοπήσωμεν,
2867 2517 3016 2579 ὅπως
3047 2516 3242 2578 αὐτοὺς
3285 2515 3684 2584 ἀπαγάγωμεν.
3715 2514 3808 2582 Μὴ

2230 2602 2544 2672 ἐπαίρωμεν
2575 2601 2644 2654 τὰ
2669 2600 2778 2653 τῶν
2803 2600 3095 2670 πολεμίων,
3123 2601 3217 2652 καὶ
3244 2598 3314 2651 τὰ
3336 2599 3578 2670 ἡμέτερα
3609 2597 3807 2651 καθαι-

2235 2685 2448 2755 ρῶμεν’
2503 2685 2577 2756 μὴ
2617 2685 2868 2756 ἰσχυροὺς
2919 2683 3160 2745 ἐκείνους
3206 2681 3617 2752 ἀποφαίνωμεν,
3654 2681 3721 2732 τὰ
3753 2680 3808 2732 δέ

2231 2769 2473 2839 ήμέτερα
2510 2767 2746 2838 ἀσθενῆ·
2780 2766 2917 2821 ἀλλὰ
2949 2767 3256 2820 τούναντίον
3301 2768 3446 2820 ἂπαν
3482 2761 3809 2836 ἐργασώμε-

2232 2854 2317 2906 θα.
2350 2849 2470 2906 Οἶδε
2497 2854 2593 2905 καὶ
2619 2853 2774 2923 φήμη
2805 2850 3064 2914 πολλάκις
3093 2851 3338 2904 καθελεῖν
3382 2850 3474 2902 καὶ
3503 2848 3811 2916 ἀναστῆσαι

2229 2936 2426 3007 ψυχὴν,
2459 2937 2551 2989 καὶ
2593 2935 2692 3006 τὴν
2735 2936 2834 2988 οὐκ
2873 2931 3037 2988 οὖσαν
3072 2934 3378 3004 προθυμίαν
3407 2932 3690 3002 ἐμϐαλεῖν,
3720 2932 3811 2982 καὶ

2229 3021 2329 3090 τὴν
2359 3017 2523 3074 οὖσαν
2555 3019 2856 3074 καταλῦσαι
2890 3019 3070 3072 πάλιν.
3100 3016 3198 3069 Διά
3235 3016 3390 3070 τοῦτο
3417 3015 3675 3086 παραινῶ
3714 3017 3810 3076 τὰς

2233 3109 2419 3175 φήμας
2463 3103 2647 3170 αὔξειν
2697 3103 2934 3165 ὲκείνας,
2965 3101 3022 3154 αῖ
3055 3100 3123 3154 τὰ
3147 3100 3389 3171 ἡμέτερα
3418 3100 3640 3170 αἴρουσι
3674 3098 3813 3168 πρά.

2230 3205 2437 3258 γματα,
2465 3189 2560 3241 καὶ
2593 3186 2804 3258 μεγάλα
2831 3184 3043 3258 ποιοῦσι
3074 3184 3354 3253 φαίνεσθαι
3377 3201 3391 3213 ”
3418 3183 3558 3236 ἀλλά
3579 3183 3658 3253 μὴ
3679 3184 3766 3234 ἐκε
3777 3182 3814 3233 ί-

2231 3290 2348 3336 νας,
2376 3272 2432 3325 αἳ
2461 3271 2554 3325 τοῦ
2585 3271 2767 3324 κοινοῦ
2793 3270 2904 3324 τῶν
2933 3255 3176 3337 ἀδελφῶν
3205 3267 3563 3337 καταχέουσιν
3587 3266 3810 3326 δνειδος.

2233 3356 2351 3410 Κᾶν
2390 3355 2487 3426 μὲν
2517 3353 2840 3424 ἀκούσωμέν
2860 3371 2912 3406 τι
2940 3352 3195 3424 χρηστὸν,
3228 3353 3305 3414 εἰς
3328 3351 3538 3413 πάντας
3563 3350 3810 3420 ἐκφέρω-

2236 3456 2366 3508 μεν·
2409 3438 2473 3492 ἂν
2510 3438 2568 3490 δέ
2590 3455 2644 3490 τι
2671 3437 2874 3506 φαῦλον
2905 3437 2996 3489 καὶ⁷
3023 3435 3274 3506 πονηρὸν,
3312 3436 3440 3504 παρ’
3467 3436 3692 3496 ἐαυτοῖς
3721 3450 3813 3486 κα-

2231 3521 2619 3593 τακρύψωμεν,
2651 3522 2743 3574 καὶ
2775 3522 2922 3583 ὅπως
2967 3519 3241 3588 ἀνέλωμεν
3269 3519 3398 3573 αὐτὸ
3430 3520 3614 3572 πάντα
3660 3519 3814 3587 ποιή-

2236 3622 2436 3674 σωμεν.
2468 3605 2578 3657 Καὶ
2603 3603 2697 3657 νῦν
2718 3603 2895 3657 τοίνυν
2926 3601 3316 3674 περιέλθωμεν,
3348 3601 3815 3672 πολυπραγμονή-

2235 3705 2437 3758 σωμεν,
2480 3687 2678 3756 ἴδωμεν
2723 3687 2850 3750 τοὺς
2901 3686 3184 3749 πεσόντας,
3224 3685 3325 3738 κάν
3371 3685 3449 3747 είς
3494 3684 3685 3737 οἰκίαν
3727 3683 3815 3753 δέῃ

2235 3770 2519 3833 εἰσελθεῖν,
2553 3771 2628 3841 μὴ
2684 3770 3128 3840 κατοκνήσωμεν.
3161 3770 3224 3821 Εἰ
3271 3768 3327 3820 δὲ
3379 3767 3664 3836 ἄγνωστος
3711 3769 3812 3836 εἴη,

2235 3856 2328 3909 καὶ
2360 3852 2671 3925 μηδαμόθεν
2693 3869 2774 3905 σοι
2805 3855 3096 3923 προσήκων
3117 3854 3146 3906 ὁ
3170 3850 3494 3914 πεπτωκὼς,
3527 3851 3815 3922 περιέργου

2236 3957 2326 3992 σαι
2350 3939 2444 3991 καὶ
2473 3936 3020 4007 πολυπραγμόνησον,
3042 3936 3162 3988 τίνα
3187 3935 3299 4003 ἕχει
3329 3933 3481 4002 φίλον
3509 3934 3612 3985 καὶ
3632 3933 3813 4001 ἐπιτή-

2234 4021 2397 4086 δειον,
2439 4022 2531 4074 καὶ
2576 4019 2680 4072 τίνι
2731 4019 2966 4086 μάλιστα
3013 4017 3277 4076 πείθεται,
3311 4019 3568 4070 κάκεῖνον
3612 4015 3808 4073 λαὸὼν,

2237 4104 2443 4159 εἴσελθε
2471 4107 2549 4168 εἰς
2581 4103 2678 4173 τὴν
2707 4103 2884 4157 οἰκίαν
2907 4119 2919 4130 ·
2955 4102 3029 4172 μή
3054 4100 3366 4171 αἰσχυνθῇς,
3399 4099 3538 4170 μηδὲ
3567 4095 3812 4168 ἐρυθριά-

2239 4205 2360 4262 σης.
2390 4189 2451 4241 Εἰ
2486 4189 2583 4258 μέν
2609 4187 2716 4258 γὰρ
2743 4188 3002 4257 χρήματα
3033 4186 3233 4256 είσῄεις
3279 4185 3544 4252 αἰτήσων,
3585 4180 3621 4250 ἢ
3657 4179 3812 4251 χάριν

2235 4273 2358 4325 τινὰ
2387 4271 2689 4342 ληψόμενος
2717 4271 2846 4340 παρ’
2873 4268 3058 4330 αὑτοῦ,
3087 4268 3233 4331 εἰκὸς
3259 4264 3325 4339 ἦν
3354 4263 3740 4335 αἰσχύνεσθαι·
3769 4263 3813 4314 εἰ

2237 4357 2295 4410 δὲ
2326 4356 2465 4426 ὑπὲρ
2488 4354 2588 4424 τῆς
2615 4353 2822 4407 ἐκείνου
2858 4353 3133 4424 σωτηρίας
3161 4353 3393 4424 τρέχεις.
3421 4352 3455 4420 ἡ
3480 4349 3582 4417 τῆς
3610 4347 3813 4400 εἰσόδου

2239 4439 2511 4510 πρόφασις
2557 4437 2807 4490 ἁπάντων
2835 4437 3133 4490 ἅπαλάττει
3173 4451 3232 4488 σε
3271 4435 3377 4486 τῶν
3425 4431 3812 4501 ἐγκλημάτων.

2239 4521 2623 4594 Παρακάθισον
2669 4521 2768 4592 δὴ,
2818 4520 2914 4574 καὶ
2966 4520 3085 4573 εἰπὲ
3128 4518 3263 4591 πρὸς
3314 4516 3498 4577 αὑτὸν,
3548 4512 3813 4584 ἑτέρωθεν

2240 4606 2606 4676 ποιησάμενος
2649 4605 2750 4675 τὴν
2795 4604 2990 4675 ἀρχὴν,
3017 4603 3156 4656 ὥστε
3210 4601 3515 4656 ἀνύποπτον
3562 4597 3814 4667 γενέσθαι

2238 4688 2338 4759 τὴν
2370 4687 2985 4760 διόρθωσιν.Ἑπαινεῖς,
3027 4686 3146 4740 είπέ
3195 4702 3302 4756 μοι,
3337 4683 3461 4746 τοὺς
3499 4681 3812 4742 Ἰουδαίους,

2239 4773 2317 4824 ὅτι
2367 4772 2458 4824 τὸν
2507 4769 2739 4840 Χριστὸν
2765 4771 3136 4841 ἐσταύρωσαν,
3167 4769 3262 4821 καὶ
3289 4764 3712 4837 βλασφημοῦσιν
3741 4765 3816 4826 εἰς

2239 4855 2402 4907 αὑτὸν
2437 4853 2550 4919 νῦν,
2584 4855 2679 4906 καὶ
2711 4854 3024 4925 παράνομον
3073 4852 3237 4905 αὐτὸν
3285 4849 3539 4911 καλοῦσι;
3594 4848 3815 4908 Πάντως

2239 4938 2338 4991 οὐκ
2365 4936 2635 5002 ἀνέξεται,
2679 4936 2828 5008 [681]
2863 4937 2957 4990 ἐὰν
3050 4935 3390 5008 Χριστιανὸς,
3418 4931 3520 4986 κᾶν
3557 4934 3812 5002 μυριάκις

2243 5021 2500 5092 ίουδαῖζῃ,
2531 5022 2630 5074 ούκ
2673 5021 2917 5086 ἀνέξεται
2961 5023 3134 5075 εἰπεῖν
3161 5022 3241 5074 ὅτι
3281 5015 3514 5072 Ἐπαινῶ
3533 5032 3551 5048 ⁸
3583 5016 3702 5069 ἀλλ’
3727 5018 3807 5084 ἐμ-

2240 5106 2433 5177 φράξει
2474 5105 2571 5175 τὴν
2618 5105 2787 5177 ἀκοὴν
2817 5107 2908 5158 καὶ
2937 5105 3052 5174 ἐρεῖ
3078 5103 3215 5175 πρὸς
3243 5103 3318 5164 σὲ,
3350 5099 3442 5171 Μὴ
3467 5099 3706 5173 γένριτο,
3732 5099 3807 5152 εὖ.

2241 5191 2430 5260 φήμει,
2466 5187 2737 5260 ἄνθρωπε.
2775 5183 2907 5241 Εἶτα
2929 5189 3057 5241 ὅταν
3087 5185 3248 5240 αὑτοῦ
3275 5184 3444 5255 λάϐῃς
3472 5183 3576 5253 τὴν
3609 5201 3803 5251 συγκα-

2239 5271 2477 5332 τάθεσιν,
2505 5271 2664 5324 πάλιν
2690 5271 3020 5337 ἐπανάλαϐε,
3050 5271 3142 5324 καὶ
3172 5269 3320 5323 είπέσ
3365 5266 3488 5331 Πῶς
3516 5263 3616 5320 οὖν
3638 5269 3804 5324 αὑτάς

2241 5358 2534 5418 κοινωνεῖς,
2582 5355 2699 5408 εἰπέ
2727 5370 2845 5425 μοις
2881 5355 2997 5418 πῶς
3037 5354 3281 5424 μετέχεις
3308 5353 3405 5423 τῆς
3443 5351 3664 5423 ἐορτῆς,
3703 5350 3804 5409 1:13;

2242 5439 2361 5509 μετ’
2390 5439 2612 5492 ἐκείνων
2661 5437 2974 5510 νηστεύεις;
3029 5433 3158 5490 Εἶτα
3209 5435 3592 5507 κατηγόρησον
3642 5431 3805 5486 αὐτῶν

2240 5523 2338 5593 τῆς
2369 5521 2756 5591 ἀγνωμοσύνης
2777 5538 2791 5550 ·
2823 5521 2942 5573 είπέ
2979 5521 3077 5590 τὴν
3114 5518 3456 5589 παρανομίαν
3488 5517 3712 5570 ἃπασαν
3747 5515 3804 5583 ἦν

2241 5610 2300 5660 ἐν
2332 5609 2450 5669 ταῖς
2479 5605 2786 5676 ἔμπροσθεν
2814 5605 3047 5676 ἡμέραις
3074 5603 3287 5674 διῆλθον
3312 5601 3446 5672 πρὸς
3475 5602 3581 5672 τὴν
3619 5600 3804 5669 ὑμετὲ-

2243 5708 2342 5761 ραν
2381 5690 2618 5761 ἀγάπην,
2647 5691 2745 5762 τὴν
2791 5690 2897 5743 ἀπὸ
2925 5688 3019 5743 τοῦ
3051 5689 3237 5752 τόπου,
3262 5686 3361 5756 τὴν
3406 5685 3516 5736 ἀπὸ
3559 5682 3660 5736 τοῦ
3703 5698 3806 5734 xz:-

2306 5803 2333 5842 εὶ
2357 5806 2558 5866 Septem
2587 5821 2701 5855 mss.
2729 5808 2792 5862 εἰς
2827 5807 2935 5862 τοὺς
2972 5805 3080 5870 παρ’
3117 5806 3242 5866 ἡμῖν.
3275 5803 3424 5852 Paulo
3443 5808 3574 5863 post,
3605 5813 3804 5870 qualum

2243 5881 2357 5917 mss.
2387 5871 2654 5918 συστέλλειν
2675 5871 2752 5917 καὶ
2777 5868 3144 5930 περικαλύπτειν.
