3906 6240
565 324 676 381 935

568 481 598 521 ε
621 476 889 538 tempore,
907 484 937 524 a
959 471 1182 542 templo,
1205 487 1234 527 ιι
1260 473 1605 544 ρι-ωάἰοιίοιιε
1632 473 2010 544 pr0phetarum
2030 473 2152 528 red-

568 563 743 632 argui.
783 562 1018 620 Ostende
1052 565 1321 636 quomodo
1347 565 1547 622 frustra
1575 575 1631 622 et
1679 567 1949 623 incassum
1978 567 2154 621 omnia

576 650 777 709 faciunt
804 695 819 719 ,
875 670 974 710 nec
1024 672 1278 727 umquam
1309 657 1376 713 ad
1404 658 1684 728 pristinum
1711 667 1910 713 statum
1936 658 2155 714 redituri

572 756 698 801 sunt
721 787 738 812 ,
791 746 1039 818 quodque
1093 747 1174 804 fas
1221 749 1326 806 illis
1353 766 1462 806 non
1488 762 1569 807 est
1593 763 1741 808 extra
1766 751 2154 823 Jerosolymam

567 836 854 907 quidquam
895 840 1002 895 tale
1028 839 1230 898 facere.
1283 841 1363 897 Ad
1409 842 1524 897 tunc
1569 841 2014 897 commonefacias
2067 858 2159 911 ge-

574 931 787 998 hennae,
838 931 1162 990 fbrmidandi
1194 935 1473 991 tribunalis
1509 935 1753 1000 Domini,
1804 933 2153 1003 qnmstionum

580 1040 700 1094 qua:
729 1026 839 1081 illic
863 1026 1151 1096 habentur,
1197 1031 1446 1102 quodque
1471 1031 1680 1085 illorum
1713 1031 1951 1085 omnium
1979 1028 2149 1084 reddi-

575 1117 675 1171 turi
703 1133 890 1176 smuns
920 1123 1206 1190 rationem,
1234 1132 1290 1177 et
1315 1123 1446 1177 ultio
1475 1122 1716 1193 quaedam
1745 1137 1849 1177 non
1883 1137 2039 1191 parva
2067 1135 2155 1176 re-

579 1209 748 1276 posita
776 1221 857 1268 est
882 1214 961 1268 eis
985 1256 999 1277 ,
1037 1215 1126 1285 qui
1172 1215 1297 1270 talia
1338 1215 1553 1270 audent.
1604 1213 2054 1270 Commonefacito
2103 1221 2158 1266 et

577 1300 726 1357 Pauli
752 1289 982 1362 dicentis
1007 1307 1342 1379 :Quicumque
1359 1308 1411 1362 in
1433 1308 1542 1378 lege
1561 1305 1944 1379 justificamini,
1992 1305 2157 1375 gratia

575 1397 834 1452 excidistis
862 1396 1002 1472 (Gal.
1034 1401 1087 1455 5.
1133 1401 1232 1470 4):
1289 1410 1344 1455 et
1391 1415 1574 1454 rursus
1621 1398 2038 1454 comminantis:
2095 1395 2156 1450 Si

573 1487 1027 1557 circmncidamini,
1058 1490 1292 1548 Christus
1314 1491 1443 1545 nihil
1462 1492 1598 1545 vobis
1622 1491 1846 1560 proderit
1871 1489 1976 1562 (Ib.
2005 1508 2051 1543 υ.
2073 1489 2152 1557 2).

577 1577 872 1651 Dicitoque.
906 1582 1047 1659 quod
1073 1583 1519 1656 quemadmodum
1570 1584 1937 1649 circumcisio,
1984 1585 2053 1636 ita
2102 1593 2157 1638 et

574 1671 825 1742 jejunium
845 1673 1120 1731 Judaicnm
1151 1692 1182 1731 e
1212 1677 1356 1730 caelis
1370 1675 1944 1745 expellitjcjunantem,
1971 1676 2157 1729 ctiam-

572 1761 616 1815 si
633 1761 877 1819 habuerit
890 1765 990 1819 alia
1007 1766 1409 1822 innumerabilia
1424 1766 1719 1822 benefacta.
1738 1767 1830 1820 Dic
1845 1766 1985 1836 quod
2006 1765 2158 1817 Chri-

573 1853 729 1908 stiani
757 1868 969 1926 propter
992 1858 1092 1913 hoc
1109 1874 1361 1914 vocamur
1378 1868 1431 1913 et
1450 1874 1654 1924 sumus,
1675 1869 1730 1912 ut
1745 1858 1954 1913 Cill‘lSltl
1968 1874 2155 1925 parea-

573 1960 710 2009 mus,
735 1964 837 2001 non
861 1959 916 2002 ιιι
935 1949 999 2005 ad
1026 1949 1206 2008 hostes
1222 1966 1520 2006 curranms.
1543 1952 1692 2019 Quod
1716 1952 1757 2005 si
1783 1961 2036 2020 praetexat
2059 1966 2155 2003 cn-

573 2036 806 2095 ratioucs
831 2040 1056 2111 aliquas,
1081 2042 1327 2112 dicatque
1356 2043 1469 2108 tibi,
1500 2043 1815 2112 pollicentur
1838 2042 2151 2107 remedium,

572 2134 628 2180 et
656 2127 776 2183 idco
805 2130 869 2184 ad
896 2131 1012 2185 illos
1037 2147 1198 2187 curro
1225 2153 1236 2188 :
1263 2134 1546 2205 patefacito
1573 2133 1781 2187 illormn
1812 2125 2152 2203 imposturas,

570 2215 978 2288 incantationes,
993 2225 1867 2296 amuleta,venclicia.Nequecnim
1881 2225 1986 2280 alio
1999 2225 2158 2281 modo

573 2309 821 2367 videntur
851 2315 1073 2381 mederi,
1102 2332 1276 2387 neque
1306 2333 1429 2372 vere
1473 2318 1786 2383 medentur,
1832 2317 1987 2372 absit.
2020 2317 2156 2386 Quin

573 2418 673 2478 ego
702 2406 916 2482 quidem
947 2409 1070 2466 illud
1093 2410 1247 2480 longe
1269 2410 1562 2466 mirabilius
1581 2410 1774 2474 dicam,
1800 2411 2007 2466 etiamsi
2031 2427 2156 2466 vere

570 2509 842 2564 sanarent,
875 2502 1042 2557 satius
1073 2511 1250 2558 tamen
1280 2518 1398 2558 esse
1421 2505 1610 2568 emori,
1643 2519 1800 2575 quam
1825 2503 1888 2558 ad
1909 2503 2003 2564 Dei
2035 2505 2156 2558 bos-

570 2594 652 2640 tes
665 2601 969 2656 accurrere,
989 2593 1166 2663 itaque
1191 2594 1387 2648 sanari.
1409 2593 1544 2662 Quid
1569 2595 1710 2649 enim
1739 2595 1951 2666 prodest
1968 2611 2156 2650 curare

568 2693 786 2747 corpus,
800 2682 973 2740 anima
995 2685 1282 2755 pereunte?
1299 2685 1435 2754 Quid
1449 2696 1624 2741 autem
1651 2685 1803 2749 lucri,
1819 2687 1863 2740 si
1883 2687 2007 2756 quid
2024 2687 2158 2740 sola-

569 2769 623 2823 tii
642 2772 723 2827 hic
738 2775 1125 2840 nanciscamnr,
1141 2793 1260 2835 mox
1278 2777 1597 2850 conjiciendi
1614 2780 1663 2833 in
1682 2781 1855 2850 ignem
1869 2779 2156 2834 internum?

570 2859 724 2930 Nam,
747 2879 816 2920 ne
842 2865 1080 2922 dicerent
1108 2869 1226 2938 ista,
1254 2871 1375 2925 audi
1403 2871 1528 2941 quid
1555 2871 1682 2926 dicit
1713 2873 1885 2928 Dens:
1907 2873 1966 2926 Si
1999 2875 2155 2926 exsti-

569 2951 685 3010 terit
710 2955 953 3025 praplteta
975 2958 1025 3010 in
1052 2968 1116 3017 te.
1145 2969 1235 3012 aut
1260 2962 1514 3014 somnium
1539 2964 1818 3028 somnians,
1843 2963 2156 3032 edideritque

569 3043 767 3116 signum
794 3063 855 3100 ac
869 3049 1178 3122 prodigium,
1212 3054 1523 3122 annueritque
1549 3053 1751 3124 signum
1778 3070 1838 3106 ac
1867 3055 2153 3124 prodigium

579 3135 703 3201 zuod
729 3135 963 3208 loquutus
987 3149 1059 3193 est
1083 3183 1096 3203 ,
1128 3141 1408 3208 ditemque
1439 3159 1455 3196 :
1483 3160 1656 3198 camus
1682 3157 1726 3198 ct
1756 3146 2028 3200 serviamus
2057 3148 2154 3200 diis

564 3223 684 3277 aliis
710 3240 731 3278 :
755 3243 856 3280 non
897 3231 1242 3286 auscultabitis
1280 3233 1537 3303 proli/tetra
1573 3235 1650 3288 illi
1681 3251 1701 3288 :
1735 3236 1974 3306 quoniam
2001 3246 2154 3296 tentat

568 3328 654 3368 vos
691 3313 942 3377 Dominus
985 3319 1154 3388 Deus,
1191 3339 1257 3377 an
1298 3324 1520 3396 diligatis
1558 3325 1831 3380 Dominum
1865 3325 2028 3382 Deum
2067 3345 2152 3382 vc-

567 3414 725 3459 strum
749 3424 813 3462 ea:
833 3419 935 3462 toto
961 3412 1110 3465 corde
1130 3424 1290 3467 vestro
1316 3425 1362 3467 et
1388 3432 1448 3469 ea:
1473 3427 1576 3469 tota
1601 3419 1771 3475 anima
1791 3431 1950 3472 vestra
1973 3418 2150 3489 (Deut.

565 3493 656 3551 15.
684 3496 820 3567 1-5).
844 3497 995 3566 Quod
1020 3501 1168 3568 dicit,
1199 3503 1302 3558 tale
1328 3515 1412 3559 est
1438 3525 1450 3559 :
1473 3506 1515 3560 si
1545 3508 1684 3576 quis,
1713 3509 1898 3578 inquit,
1925 3509 2154 3578 praphc-

566 3594 616 3639 ta
643 3586 858 3654 dixerit,
885 3606 1098 3661 possum
1125 3596 1358 3651 excitare
1387 3609 1675 3661 mortuum,
1704 3608 1796 3653 aut
1819 3601 2023 3655 mederi
2049 3616 2154 3655 cte-

563 3695 629 3735 co
661 3696 674 3734 :
707 3681 803 3736 sed
841 3683 1207 3755 obtemperate
1242 3687 1370 3742 mihi
1396 3731 1409 3750 ,
1443 3698 1497 3743 et
1526 3689 1808 3744 adoremus
1837 3691 2109 3747 daemones
2133 3733 2148 3757 ,

567 3781 660 3826 aut
689 3773 1026 3830 immolemus
1059 3777 1232 3832 idolis.
1268 3779 1468 3836 Deimle
1498 3781 1541 3836 si
1568 3822 1584 3848 ,
1618 3783 1702 3852 qui
1736 3784 1849 3838 luce
1879 3785 2112 3854 loquitur
2132 3827 2148 3851 ,

566 3862 731 3932 possit
761 3867 962 3922 mederi
991 3883 1134 3924 careo
1154 3912 1169 3937 ,
1200 3881 1290 3925 aut
1319 3873 1557 3927 excitare
1587 3885 1851 3929 mortnmn
1878 3917 1890 3937 .
1924 3893 2021 3932 nec
2051 3877 2149 3932 ista

563 3957 833 4024 prmstanti
862 3959 1184 4023 credideris,
1214 3961 1403 4032 inquit,
1437 3965 1567 4018 cur?
1593 3965 1669 4020 Eo
1695 3966 1833 4034 quod
1867 3967 2004 4022 Deus
2031 3977 2149 4022 ten-

566 4053 685 4099 tans
711 4054 784 4112 te,
817 4049 1058 4116 permisit
1085 4059 1140 4103 ut
1164 4053 1251 4105 ille
1277 4052 1377 4106 hoc
1403 4054 1566 4122 possit
1593 4072 1605 4108 :
1635 4070 1739 4108 non
1766 4056 1904 4125 quod
1931 4057 2017 4113 ille
2043 4075 2150 4114 non

565 4146 749 4193 nosset
775 4147 922 4194 tuum
949 4143 1204 4207 animum,
1235 4144 1330 4199 sed
1358 4155 1413 4200 ut
1440 4147 1532 4201 tibi
1561 4149 1888 4217 probationis
1914 4155 2153 4206 occasio-

565 4244 688 4284 nem
730 4231 1033 4296 exhibcret.
1067 4250 1132 4288 an
1171 4252 1295 4291 vere
1332 4237 1580 4308 diligeres
1620 4238 1805 4294 Deum.
1840 4241 1933 4295 Est
1970 4253 2147 4298 autem

565 4324 793 4376 amantis
817 4364 834 4389 ,
861 4325 1020 4379 etiam
1056 4327 1100 4380 si
1139 4329 1414 4383 exanimes
1443 4329 1506 4383 ad
1537 4331 1696 4384 vitam
1740 4344 2028 4398 revocent,
2059 4338 2148 4406 qni

562 4428 663 4470 nos
684 4427 947 4472 conantur
971 4419 1039 4474 ab
1064 4429 1240 4474 amato
1267 4421 1584 4488 distrahere,
1613 4439 1943 4494 nequaquam
1971 4435 2146 4482 tamen

565 4506 633 4560 ab
659 4518 838 4564 amato
867 4510 1116 4566 deﬁcere.
1168 4513 1318 4583 Quod
1346 4516 1389 4568 si
1421 4515 1534 4570 hri-c
1562 4516 1693 4570 dixit
1720 4517 1948 4582 Judmis,
1983 4522 2150 4574 multo

564 4601 731 4669 magis
758 4603 931 4668 nobis,
957 4622 1088 4673 quos
1110 4607 1175 4659 ad
1204 4609 1454 4674 majorem
1487 4610 1873 4679 pbilosorihiam
1901 4612 2139 4679 deduxit,

563 4690 755 4760 quibus
775 4697 1177 4752 resurrectionis
1199 4702 1389 4753 ostium
1413 4703 1640 4769 aperuit,
1663 4705 1853 4772 quibus
1881 4705 2145 4774 pra'cipit,

562 4800 630 4840 ne
656 4786 709 4840 in
740 4787 897 4842 rebus
929 4795 1279 4859 praesentibus
1307 4795 1557 4850 sistamus
1592 4812 1829 4852 amorem
1851 4839 1865 4860 ,
1895 4798 1988 4852 sed
2023 4813 2148 4868 Spes

561 4894 752 4937 omnes
779 4881 844 4936 ad
871 4884 1032 4938 vitam
1063 4883 1288 4940 futuram
1318 4887 1719 4943 transferamus.

628 5057 683 5114 6.
709 5055 831 5112 Ιοῦὶ
853 5061 1094 5128 patientia
1135 5062 1198 5116 iu-
1231 5066 1516 5134 exemplum
1548 5065 1781 5133 affertur.
1801 5067 1992 5123 --Sed
2020 5069 2146 5139 quid

556 5147 725 5203 dicis?
763 5149 963 5222 Afﬂigit
994 5162 1046 5208 te
1089 5156 1385 5224 premitque
1425 5161 1664 5227 corporis
1692 5161 1948 5214 morbus?
1987 5163 2144 5232 Atqui

559 5239 798 5294 nondum
829 5252 970 5297 tanta
1003 5259 1192 5314 passus
1217 5263 1294 5309 es,
1327 5258 1521 5317 quanta
1553 5251 1736 5303 beatus
1768 5251 1857 5306 ille
1885 5251 2006 5311 .loh.
2039 5253 2146 5306 imo

561 5344 628 5384 ne
647 5331 918 5385 minimam
941 5333 1153 5404 quidem
1178 5347 1377 5404 partem
1403 5342 1658 5394 malorum
1688 5340 1844 5394 illius.
1870 5339 2140 5411 Siquidem

561 5431 840 5492 postquam
871 5427 1029 5481 simul
1059 5427 1382 5485 intcriisscnt
1410 5447 1594 5501 greges
1623 5441 1677 5487 et
1717 5444 1954 5488 armenta
1979 5476 1990 5494 ,
2024 5449 2142 5488 eum

563 5516 774 5568 ceteris
798 5520 1044 5574 omnibus
1063 5521 1314 5589 abre-plus
1335 5534 1414 5578 est
1442 5526 1726 5579 liberorum
1756 5535 1895 5579 totus
1923 5527 2139 5590 chorus,

560 5619 734 5674 eaque
750 5609 924 5663 omnia
947 5627 1054 5664 uno
1069 5613 1155 5668 die
1177 5627 1385 5683 peracta
1411 5627 1552 5680 sunt,
1577 5629 1630 5669 ut
1655 5634 1756 5670 non
1780 5619 1938 5672 modo
1960 5631 2143 5673 natura

506 5699 509 5701 ’
559 5695 938 5759 calamitatum.
971 5716 1154 5757 verum
1181 5706 1338 5758 etiam
1369 5707 1690 5761 continuitas
1712 5707 1944 5776 dejicere
1969 5719 2147 5778 posset

563 5789 837 5844 athletam.
873 5791 1002 5847 Post
1044 5791 1155 5849 hanc
1185 5797 1355 5848 omnia
1389 5798 1575 5850 vulnus
1607 5797 1658 5852 in
1689 5814 1913 5870 corpore
1938 5802 2143 5871 accepit

1315 332 1374 390 ὃ.
1413 333 1628 389 JOANN
1633 333 1691 390 IS
1718 332 2151 390 CHRYSOSTOR

2257 333 2548 393 [RCHIER
2586 338 3121 398 CONSTANTINOP.
3747 346 3837 400 αδδ

2263 452 2477 517 lethale,
2510 456 2642 510 vidit
2667 473 2876 514 vermes
2905 469 3016 513 toto
3044 461 3275 532 undique
3298 477 3523 534 corpore
3553 479 3834 539 scatentes,

2266 547 2544 612 nudusque
2566 549 2704 603 sedit
2734 551 2784 603 iu
2812 553 3164 621 sterquilinio,
3197 554 3463 623 publicm
3495 560 3563 615 iis
3589 563 3682 631 qui
3716 566 3832 618 sde-

2262 645 2382 690 rant
2407 638 2720 692 calamitatis
2747 643 3108 709 spectaculum
3131 685 3145 707 ,
3189 645 3277 700 ille
3299 648 3493 718 justus,
3527 651 3622 707 ille
3645 670 3802 710 verax
3823 698 3835 721 ,

2261 729 2350 782 ille
2392 730 2509 797 pius
2528 771 2544 796 ,
2589 730 2681 786 ille
2713 732 2781 785 ab
2807 734 2950 788 omni
2979 735 3119 792 malo
3143 753 3303 805 olm
3326 741 3627 799 abstinens.
3665 746 3739 800 Ne
3765 748 3834 801 hic

2261 820 2477 888 quidem
2511 831 2627 875 erat
2667 808 2926 877 maiorum
2955 825 3075 880 ﬁnis
3095 869 3109 890 ,
3151 829 3243 883 sed
3273 830 3484 887 dolores
3507 836 3830 893 addebantur

2260 911 2434 965 diurni
2488 917 2689 982 priter
2743 931 2805 969 ac
2862 921 3135 982 nocturni;
3197 938 3436 993 novaque
3491 930 3744 995 quindam
3793 944 3837 984 et

2261 1003 2618 1074 inertspectata
2663 1007 2809 1061 illum
2852 1008 3018 1063 fames
3052 1014 3406 1082 oppugnant.
3441 1016 3735 1084 Fatum,
3766 1022 3835 1074 in-

2253 1095 2393 1166 quit,
2406 1101 2554 1154 uideo
2581 1095 2752 1154 citum
2791 1117 2962 1155 meum
2999 1101 3124 1171 (Job
3158 1104 3210 1157 6.
3239 1106 3313 1174 7),
3343 1107 3546 1175 probra
3573 1111 3832 1178 quotidia-

2251 1203 2345 1251 na.
2380 1189 2868 1258 subsannationes,
2903 1206 3226 1258 seommata,
3251 1197 3418 1254 risus.
3449 1198 3590 1252 Nam
3628 1202 3829 1260 famuli,
3888 1187 3889 1228 ἶ

2261 1279 2465 1350 inquit,
2497 1284 2629 1347 mei,
2659 1293 2716 1338 et
2745 1287 3180 1342 concubinarum
3203 1306 3447 1345 mearum
3470 1293 3570 1347 lilii
3600 1295 3833 1348 insui-re
3888 1279 3889 1288 ‘

2256 1380 2454 1425 xerunt
2472 1373 2764 1429 advorsum
2781 1391 2887 1438 me,
2909 1386 2962 1431 et
2977 1379 3032 1430 in
3053 1380 3548 1450 somnisterrores,
3561 1387 3832 1453 cogitatio

2255 1465 2388 1518 itum
2414 1476 2677 1534 perpetua
2701 1469 2950 1536 quadam
2974 1467 3274 1525 ﬂuctuatio.
3306 1473 3472 1543 Atqui
3494 1491 3646 1529 uxor
3662 1480 3830 1529 consi-

2255 1556 2386 1609 lium
2409 1557 2579 1620 dedit,
2607 1567 2666 1611 ut
2693 1562 2761 1614 ab
2786 1561 2872 1615 his
2899 1563 3156 1615 omnibus
3185 1564 3343 1617 ululis
3377 1566 3737 1628 liberaretur,
3767 1568 3828 1618 ita

2256 1648 2488 1717 loquens
2513 1667 2527 1704 :
2554 1649 2652 1703 Dic
2678 1651 2894 1722 aliquod
2915 1653 3125 1707 verbum
3154 1655 3404 1710 adversus
3427 1657 3750 1719 Dominum.
3779 1678 3832 1710 ac

2256 1755 2459 1794 morere
2479 1739 2590 1811 (Id.
2608 1742 2663 1795 εὶ.
2687 1744 2765 1810 9).
2789 1743 2904 1802 Dic.
2931 1747 3128 1815 inquit,
3153 1747 3574 1816 blasphemiam,
3596 1759 3650 1802 et
3669 1753 3832 1802 ahur—

2257 1831 2513 1899 gentibus
2530 1833 2687 1886 malis
2705 1835 3031 1891 Iiberabere.
3049 1836 3192 1903 Quid
3207 1838 3394 1907 igitur?
3410 1838 3556 1895 Nunt
3579 1842 3833 1894 subvertit

2260 1931 2513 1975 sanctum
2533 1923 2684 1977 illum
2710 1927 2886 1978 virum
2903 1928 3147 1982 mulieris
3165 1929 3485 1983 consilium?
3499 1929 3624 1983 luto
3640 1940 3836 1983 contra.

2259 2013 2402 2068 rium
2417 2013 2562 2078 fecit,
2581 2017 2864 2086 magisque
2887 2017 3034 2071 illttm
3055 2021 3459 2087 corroboravit,
3482 2023 3569 2075 sic
3598 2025 3764 2077 etiam
3783 2031 3834 2075 ut

2262 2106 2572 2175 increparet
2591 2123 2839 2161 uxorem.
2862 2108 3052 2164 Potius
3073 2112 3218 2165 enim
3243 2112 3400 2166 duxit
3421 2113 3741 2181 majoribus
3760 2115 3832 2167 al-

2265 2200 2349 2254 ﬁci
2367 2200 2714 2270 cruciarique
2726 2199 3430 2263 (1010νίΙιι18.Ῑιιιιιιηιιιῐ·πηιιει
3446 2208 3668 2275 perpeti
3689 2225 3718 2258 ιι
3739 2207 3834 2268 ala.

2263 2309 2422 2364 quam
2451 2294 2778 2363 blasphemia
2811 2295 2915 2349 ulla
2947 2302 3210 2349 tantorum
3251 2295 3511 2350 malorum
3557 2295 3832 2349 relaxatio-

2262 2401 2384 2440 nem
2410 2388 2683 2457 consequi.
2717 2385 2899 2441 Itidem
2926 2396 2980 2441 et
3009 2386 3094 2440 ille
3112 2427 3130 2452 ,
3172 2387 3264 2457 qui
3295 2387 3509 2457 triginta
3536 2398 3670 2441 octo
3696 2386 3836 2439 annis

2261 2479 2510 2534 detentus
2536 2478 2707 2534 fuerat
2736 2483 2788 2534 in
2818 2481 3126 2535 infirmitate
3149 2495 3264 2540 sua.
3296 2479 3514 2549 singulis
3539 2481 3702 2534 annis
3727 2494 3837 2530 cur-

2262 2572 2415 2625 rebat
2438 2571 2503 2625 ad
2533 2570 2810 2640 piscinam,
2832 2580 2888 2626 et
2912 2572 3131 2641 singulis
3156 2573 3308 2625 annis
3334 2571 3720 2641 repellebatur,
3753 2586 3840 2624 nec

2261 2662 2642 2732 assequebatur
2661 2663 2938 2717 sanitatem
2964 2662 3147 2733 (Joan.
3175 2664 3260 2732 5);
3291 2661 3382 2716 sed
3408 2663 3702 2732 quotannis
3724 2678 3840 2716 con-

2260 2755 2516 2825 spiciebat
2538 2756 2671 2812 alios
2691 2759 2890 2822 sanari,
2911 2756 3053 2827 quod
3079 2757 3271 2810 multos
3293 2756 3569 2822 haberent,
3598 2772 3630 2810 a
3657 2758 3841 2827 quibus

2259 2857 2612 2916 curarentur,
2653 2863 2713 2904 se
2749 2865 2876 2905 vero
2903 2850 3210 2905 destitutum
3254 2850 3478 2904 aliorum
3518 2851 3746 2911 auxilio.
3793 2851 3840 2904 in

2261 2953 2518 3011 perpetua
2557 2957 2774 2997 manere
2815 2943 3062 3012 paralysi.
3107 2943 3214 2997 Nec
3254 2944 3330 2997 sic
3366 2941 3582 3012 quidem
3612 2942 3841 3010 mntirgit

2259 3034 2325 3087 ad
2349 3045 2516 3097 vates,
2541 3050 2648 3089 non
2669 3035 2797 3089 adiit
2817 3037 3195 3099 incantatores,
3214 3049 3316 3088 non
3337 3034 3570 3097 alligauit
3590 3036 3840 3096 amulcta,

2260 3127 2353 3180 sed
2401 3129 2725 3196 exspectavit
2767 3127 2996 3180 divinam
3027 3141 3181 3196 opem
3210 3145 3222 3180 :
3249 3114 3367 3179 ideo
3410 3125 3624 3179 tandem
3673 3126 3842 3179 adad-

2260 3217 2476 3272 randam
2499 3218 2779 3288 quamdam
2802 3228 2853 3270 et
2877 3217 3164 3271 inauditam
3189 3218 3464 3270 sanitatem
3489 3217 3720 3284 adeptus
3743 3227 3836 3268 est.

2259 3310 2489 3364 Lazarus
2513 3319 2688 3363 autem
2711 3323 2833 3362 cum
2861 3309 3019 3368 fame,
3041 3324 3161 3362 cum
3185 3306 3392 3370 morbo,
3409 3321 3531 3359 cum
3554 3306 3841 3360 solitudine

2260 3416 2356 3470 per
2380 3416 2594 3455 omnem
2624 3402 2785 3454 vitam
2816 3400 3130 3454 colluctatus
3154 3409 3254 3465 est,
3281 3414 3386 3451 non
3410 3398 3622 3466 triginta
3652 3408 3704 3450 et
3726 3410 3840 3448 oqu

2257 3509 2431 3548 annos
2470 3501 2671 3547 tantum
2713 3503 2954 3548 versatus
2995 3493 3046 3546 in
3089 3491 3172 3546 his
3197 3532 3213 3555 ,
3263 3492 3356 3545 sed
3403 3506 3498 3559 per
3531 3506 3695 3545 oniue
3727 3491 3839 3541 vitm

2258 3596 2486 3656 tempus.
2515 3585 2602 3640 Sic
2624 3586 2783 3654 igitur
2808 3594 2861 3638 et
2887 3585 3176 3653 exspiravit
3205 3584 3253 3637 in
3280 3583 3456 3636 divitis
3477 3584 3620 3636 ostio
3634 3583 3836 3650 jacens,

2257 3688 2614 3746 contemptus,
2636 3676 2842 3741 irrisus,
2871 3676 3133 3738 esuriens,
3162 3675 3379 3728 canibus
3406 3665 3653 3740 objectus
3678 3672 3836 3740 paliu-

2257 3773 2366 3827 lum
2395 3770 2543 3841 (Luc.
2573 3771 2684 3840 16).
2708 3769 2796 3824 Sic
2813 3769 2954 3824 enim
2974 3767 3114 3822 illius
3135 3782 3327 3843 corpus
3349 3765 3687 3818 debilitatum
3707 3773 3836 3825 crat,

2255 3874 2315 3917 ut
2364 3877 2466 3918 nec
2519 3875 2681 3918 canes
2731 3861 2995 3914 irruentes
3051 3860 3333 3925 ulceraque
3387 3857 3528 3909 illius
3582 3855 3836 3923 iungentes

2259 3964 2439 4025 posset
2464 3954 2698 4024 abigere.
2731 3951 2878 4006 llaud
2910 3963 3085 4004 tanu-n
3115 3949 3386 4018 quairebat
3418 3947 3832 4006 incantatorem,

2258 4063 2364 4100 non
2394 4045 2562 4115 petala
2589 4044 2990 4110 circumligavit,
3012 4058 3112 4092 non
3136 4049 3386 4109 espertns
3407 4045 3490 4091 est
3518 4037 3831 4105 pra‘stigias,

2259 4155 2362 4194 non
2391 4138 2657 4194 veneﬁcos
2682 4138 2750 4191 ad
2777 4152 2836 4191 se
2867 4138 3099 4196 vocavit,
3134 4149 3232 4186 nec
3255 4131 3394 4185 aliud
3419 4130 3712 4200 quidquam
3748 4144 3832 4180 ve-

2258 4233 2468 4286 titorum
2508 4231 2699 4284 artium
2728 4227 2978 4292 tentavit,
3011 4230 3102 4280 sed
3128 4227 3271 4296 prius
3293 4222 3470 4276 habuit
3496 4222 3600 4274 illis
3632 4219 3832 4272 immori

2256 4323 2432 4384 malis,
2460 4337 2617 4392 quam
2647 4320 2752 4374 ulla
2794 4335 2858 4372 cx
2901 4327 3050 4388 parte
3091 4317 3338 4370 deserere
3366 4313 3644 4381 pietatem.
3672 4311 3831 4376 Quam

2258 4416 2413 4484 igitur
2434 4415 2640 4469 veniam
2664 4428 2760 4466 nos
2780 4411 3199 4482 impetrabiums,
3223 4407 3330 4477 qui,
3350 4421 3467 4460 cum
3495 4405 3566 4458 illi
3592 4405 3647 4456 in
3679 4405 3829 4456 tantis

2257 4508 2412 4562 malis
2451 4507 2820 4576 pcrdurarint,
2869 4504 2938 4557 ob
2981 4502 3307 4566 febriculam,
3357 4507 3448 4553 aut
3499 4499 3619 4551 leve
3651 4497 3834 4548 minus

2258 4601 2616 4672 proetirrimus
2641 4597 2705 4652 ad
2738 4613 3029 4669 synagogas
3055 4638 3068 4655 ,
3098 4595 3392 4655 veneiicos,
3423 4607 3484 4644 ac
3517 4592 3833 4660 impostores

2255 4697 2306 4750 in
2337 4694 2478 4748 a'des
2505 4704 2712 4748 noSiras
2752 4689 3108 4745 acccrsimus?
3148 4687 3260 4742 Non
3303 4685 3494 4739 audisti
3542 4684 3672 4754 quid
3700 4685 3834 4736 dicat

2255 4786 2563 4857 Scriptura?
2592 4783 2718 4846 Fili,
2749 4785 2791 4836 si
2817 4783 3008 4834 accedis
3031 4782 3296 4833 sarriturus
3328 4777 3564 4839 Domino,
3601 4793 3832 4845 purpura

2252 4879 2474 4930 animant
2503 4887 2640 4928 tuum
2667 4875 2734 4926 ad
2769 4877 3086 4926 ιινιιιιιιίοιιειιι
3110 4888 3127 4924 :
3150 4871 3309 4940 dirige
3333 4885 3419 4921 cor
3446 4879 3613 4928 tuum,
3644 4880 3696 4920 et
3723 4885 3827 4931 per.

2252 4972 2382 5023 dura
2406 4984 2424 5022 :
2446 4968 2500 5021 in
2527 4967 2700 5020 morbo
2724 4981 2785 5017 ac
2812 4973 3107 5034 paupertate
3129 4963 3182 5014 in
3225 4961 3313 5014 illa
3339 4960 3498 5027 ﬁdens
3529 4970 3658 5010 esto.
3695 4957 3831 5010 Sicut

2251 5062 2381 5116 enim
2413 5061 2466 5113 in
2490 5059 2596 5130 igni
2636 5057 2874 5126 probatur
2897 5071 3112 5119 aurum,
3149 5054 3222 5107 sic
3248 5052 3398 5104 homo
3425 5051 3479 5117 ﬁt
3511 5061 3754 5121 acceptus
3780 5051 3825 5099 is

2253 5154 2451 5208 camino
2494 5151 2858 5206 Itumiliationis
2902 5147 3086 5222 (Eccl'i.
3113 5146 3169 5200 2.
3217 5145 3360 5210 1-5).
3403 5141 3545 5198 Situ
3579 5142 3824 5195 famulum

2254 5256 2399 5300 tuum
2431 5243 2610 5315 ﬂagris
2650 5239 2907 5296 cecideris
2931 5282 2944 5302 ,
2977 5251 3028 5293 et
3056 5239 3172 5300 ille,
3207 5237 3418 5305 triginta
3446 5244 3537 5287 ant
3567 5236 3825 5302 quinqua-

2249 5337 2392 5407 ginta
2423 5335 2588 5405 plagis
2616 5333 2846 5401 acceptis
2876 5373 2890 5395 ,
2942 5329 3079 5384 illico
3106 5336 3355 5398 provoca
3387 5325 3450 5378 ad
3493 5325 3791 5378 libertatem
3818 5364 3829 5381 ,

2249 5436 2343 5483 aut
2368 5427 2582 5482 deserat
2624 5434 2770 5478 tuum
2813 5423 3140 5484 dominium,
3182 5431 3234 5475 et
3271 5420 3335 5472 ad
3374 5417 3508 5471 alios
3548 5415 3824 5486 quospiam

2250 5533 2370 5573 sese
2395 5516 2668 5579 conferat,
2701 5515 2789 5584 qui
2832 5525 2884 5568 te
2910 5514 3117 5567 oderint
3136 5553 3152 5579 ,
3179 5522 3374 5578 eosque
3401 5509 3452 5561 in
3479 5518 3534 5561 te
3558 5506 3824 5560 concitet:

2251 5615 2338 5670 die
2364 5615 2509 5677 mihi,
2545 5629 2668 5667 num
2699 5613 2742 5666 is
2771 5613 2864 5665 abs
2895 5620 2946 5664 te
2967 5609 3170 5664 veniam
3199 5607 3579 5674 impetraturos
3602 5601 3723 5654 sit?
3750 5601 3823 5650 An

2251 5707 2529 5775 quisquam
2556 5719 2649 5770 pro
2674 5702 2764 5756 illo
2787 5702 2979 5770 poterit
2999 5714 3117 5753 esse
3141 5692 3430 5765 patronus?
3457 5690 3821 5758 Nequaquam.

2255 5797 2362 5852 Cur
2389 5799 2456 5852 ita
2485 5795 2736 5851 tandem?
2777 5793 3037 5862 Quoniam
3083 5788 3311 5844 cilicium
3350 5795 3432 5840 est
3467 5783 3604 5848 heri,
3637 5781 3822 5853 punire
