3790 6256
21 381 118 435 937

21 495 290 550 famulum.
335 494 448 550 Non
487 496 556 552 ob
591 498 640 553 id
675 508 920 559 tantum.
953 519 1134 560 verum
1161 509 1318 562 etiam
1346 510 1415 562 ob
1444 509 1572 574 hoc,

21 587 178 654 quod,
224 589 266 642 si
311 588 608 658 fugiendum
655 605 789 660 erat,
837 611 941 649 non
984 597 1048 650 ad
1092 597 1272 654 hostes
1307 609 1363 654 et
1397 615 1581 656 osores

21 679 213 731 domini
241 681 427 748 prioris
451 683 727 751 oportebat
752 685 951 756 fugere,
983 688 1076 742 sed
1101 689 1166 744 ad
1186 691 1386 745 amicos
1410 702 1465 746 et
1490 706 1580 746 co.

21 778 220 836 gnatos.

84 859 390 915 Sanctorum
443 862 730 934 Martyrum
777 866 1022 920 inroratio
1074 878 1122 923 et
1170 870 1478 924 intercessio.
1509 902 1582 912 --

21 949 241 1004 Proinde
287 961 338 1005 tu
382 968 591 1022 quoque
614 995 630 1019 ,
673 956 717 1009 si
758 956 952 1011 videris
981 966 1032 1013 te
1060 959 1230 1028 puniri
1260 975 1291 1014 a
1322 960 1432 1016 Deo
1452 1003 1467 1027 ,
1513 978 1581 1019 ne

21 1039 278 1109 profugias
303 1039 370 1095 ad
411 1042 525 1112 eius
552 1043 794 1100 inimicos
831 1045 1077 1114 Iudaeos,
1122 1065 1190 1104 ne
1227 1051 1392 1120 magis
1418 1053 1578 1106 etiam

21 1131 156 1184 illum
187 1131 238 1184 in
269 1141 319 1185 te
343 1147 596 1201 provoces
619 1153 632 1188 :
655 1135 747 1189 sed
794 1136 860 1191 ad
904 1139 1108 1194 amicos
1132 1140 1292 1207 illius,
1320 1152 1581 1213 martyres

27 1239 72 1277 te
100 1235 316 1278 sanctos
334 1266 348 1288 ,
380 1226 468 1293 qui
498 1226 570 1279 illi
611 1227 918 1296 placuerunt
936 1270 951 1295 ,
979 1232 1172 1302 quique
1199 1233 1416 1288 multam
1440 1233 1580 1303 apud

22 1315 153 1368 Illum
183 1315 380 1371 habent
403 1320 788 1376 auctoritatem.
806 1321 909 1376 Sed
933 1324 1059 1395 quid
1081 1326 1268 1394 loquor
1279 1324 1347 1380 de
1369 1326 1582 1382 famulis

21 1415 63 1458 ει
96 1404 277 1459 heris?
309 1407 474 1462 Filius
511 1425 616 1464 non
641 1413 836 1482 poterit
864 1413 965 1468 hoc
990 1414 1195 1479 facere,
1234 1417 1521 1486 castigatus
1547 1431 1577 1470 a

21 1506 179 1565 patre,
213 1512 314 1552 nec
352 1499 611 1570 abnegare
641 1505 1006 1572 cognationem
1032 1545 1047 1567 ,
1077 1493 1235 1575 q'uam
1269 1506 1426 1560 habet
1457 1521 1580 1561 cum

21 1595 179 1653 patre.
222 1586 353 1641 Nam
382 1598 436 1644 ct
459 1599 659 1645 natura:
688 1592 828 1662 leges
848 1635 864 1659 ,
909 1604 964 1648 et
1003 1596 1144 1664 leges
1171 1595 1238 1649 ab
1276 1595 1582 1652 hominibus

21 1674 280 1740 institutas,
308 1680 513 1734 etiamsi
543 1681 721 1751 ﬂagris
749 1683 916 1737 caedat
945 1695 1113 1754 pater,
1140 1685 1183 1739 si
1211 1701 1239 1738 a
1272 1702 1452 1740 mensa
1480 1687 1577 1741 de-

21 1766 193 1835 pellat,
221 1768 268 1822 si
289 1769 493 1825 :edibus
519 1772 713 1842 exigat,
753 1774 796 1827 si
826 1791 1156 1846 quocumque
1181 1777 1338 1831 modo
1367 1781 1580 1846 puniat,

21 1856 192 1925 iubent
220 1861 396 1914 omnia
439 1860 643 1917 fortiter
673 1867 912 1934 perpeti,
957 1883 1056 1922 nec
1080 1869 1236 1924 ullam
1265 1869 1339 1923 illi
1371 1871 1580 1925 veniam

21 1949 340 2016 concedunt,
380 1952 433 2006 ni
462 1956 690 2020 paruerit
721 1956 1119 2028 pertuleritque.
1165 1961 1302 2025 Quin
1344 1964 1505 2016 etiam
1533 1963 1580 2016 si

21 2041 149 2095 tilius
172 2057 344 2098 caesus
371 2045 673 2101 innumeras
701 2050 1059 2117 querimonias
1087 2052 1372 2125 deplorans
1404 2055 1580 2124 profe-

21 2141 111 2196 rat,
140 2131 253 2186 lucc
285 2135 442 2188 verba
469 2136 618 2190 audit
642 2137 710 2192 ab
729 2140 973 2197 omnibus
998 2160 1014 2199 :
1041 2156 1190 2214 pater
1208 2148 1399 2216 estqui
1436 2149 1579 2202 ceci-

21 2222 85 2274 dit
108 2237 168 2276 ac
193 2223 460 2291 dominus,
507 2227 768 2300 habetque
805 2247 1121 2301 petestatcm
1151 2237 1199 2290 in
1231 2247 1284 2292 te
1307 2237 1445 2308 quod
1472 2239 1583 2292 vult

21 2311 256 2380 faciendi,
285 2326 338 2370 et
365 2328 576 2386 oportet
603 2321 780 2375 omnia
809 2327 1015 2395 placide
1041 2327 1200 2384 ferre.
1231 2328 1371 2399 Ergo
1398 2329 1582 2384 famuli

21 2405 215 2473 quidem
256 2407 431 2463 ferunt
472 2410 751 2479 dominos,
801 2417 902 2473 filii
955 2430 1234 2489 parentes,
1282 2422 1584 2491 frequenter

21 2508 65 2552 et
105 2509 299 2568 prmter
333 2517 540 2571 a-quum
586 2506 902 2574 punientes;
954 2523 1006 2566 tu
1038 2527 1163 2567 vero
1200 2527 1304 2566 non
1353 2513 1583 2567 sustines

21 2589 171 2644 Deum
218 2600 268 2646 te
297 2593 669 2663 corripientem
694 2639 710 2663 ,
759 2603 849 2672 qui
895 2603 1012 2673 plus
1057 2603 1218 2658 habet
1257 2605 1306 2658 in
1336 2614 1390 2660 te
1410 2606 1580 2674 juris,

21 2690 187 2750 utpote
212 2698 336 2736 vere
364 2684 637 2751 dominus;
685 2694 774 2758 qui
808 2694 925 2763 plus
953 2705 1003 2750 te
1033 2696 1203 2765 diligit
1225 2712 1382 2766 quam
1411 2705 1582 2766 pater,

21 2772 200 2842 quique
229 2774 360 2828 nihil
391 2792 484 2844 per
507 2778 857 2852 iracundiam,
885 2786 976 2840 sed
1004 2788 1178 2842 omnia
1209 2788 1331 2844 facit
1357 2789 1409 2842 in
1438 2798 1580 2842 tuam

21 2863 324 2921 utilitatem?
347 2867 452 2922 Sed
477 2869 518 2922 si
543 2870 673 2925 levis
696 2876 888 2947 aliquis
908 2879 1127 2933 morbus
1146 2880 1419 2945 acciderit,
1440 2881 1584 2936 illico

21 2955 248 3010 resiliens
274 2958 343 3012 ab
370 2959 506 3013 illius
534 2960 774 3022 dominio
796 3010 812 3033 ,
851 2969 918 3023 ad
941 2968 1210 3025 dtemones
1237 2973 1470 3027 accnrris
1487 3014 1502 3033 ,
1529 2981 1584 3027 et

21 3045 78 3099 ad
121 3062 414 3120 synagogas
461 3051 758 3122 Confugis?
799 3059 865 3113 Et
900 3077 1056 3130 quam
1113 3061 1322 3118 tandem
1375 3065 1581 3117 veniam

21 3144 380 3213 consequeris?
407 3146 523 3213 Quo
551 3159 704 3217 pacto
739 3154 941 3211 valebis
965 3156 1112 3210 illum
1136 3157 1312 3212 denuo
1337 3157 1430 3212 tibi
1463 3173 1586 3226 pro-

21 3233 188 3300 pitium
221 3235 486 3292 reddere?
515 3239 650 3306 Quin
682 3246 863 3311 potius
889 3261 988 3302 nec
1015 3247 1152 3302 alius
1180 3249 1456 3320 quisquam
1486 3265 1584 3317 pro

21 3333 64 3377 te
86 3325 360 3394 deprecari
389 3332 602 3398 poterit,
651 3337 865 3394 etiamsi
902 3346 1106 3394 tantum
1137 3339 1313 3395 valeat
1351 3341 1582 3395 auctori—

21 3433 113 3478 tate
136 3465 149 3488 ,
175 3434 429 3494 quantum
453 3423 646 3479 Moses.
677 3423 790 3478 Non
818 3435 900 3480 est
917 3468 933 3494 ,
956 3426 1043 3496 qui
1070 3428 1167 3481 hoc
1196 3428 1369 3484 facere
1395 3433 1583 3499 possit.

21 3515 118 3568 Non
139 3515 287 3570 attdis
309 3515 434 3585 quid
459 3516 596 3570 Deus
613 3504 856 3585 loquatur
878 3517 943 3570 ad
964 3517 1244 3572 Jeremiam
1269 3519 1335 3574 de
1350 3521 1584 3578 Judmis?

21 3606 92 3659 Ne
129 3606 408 3677 depreceris
451 3623 542 3676 pro
591 3609 780 3677 populo
819 3609 947 3669 isto,
999 3611 1234 3678 quoniam
1279 3613 1325 3664 si
1359 3616 1584 3668 steterint

21 3701 172 3754 Moses
197 3711 240 3754 et
269 3701 506 3763 Samuel,
541 3718 642 3754 non
668 3701 934 3754 exaudiam
972 3701 1088 3756 illos
1118 3701 1262 3774 (Jer.
1297 3705 1348 3758 7.
1398 3706 1484 3760 16.
1535 3721 1583 3761 et

21 3791 94 3846 l5.
112 3794 134 3847 l
155 3794 192 3856 ).
224 3792 375 3848 Adeo
401 3801 525 3846 sunt
552 3803 763 3860 peccata
785 3807 996 3846 omnem
1024 3795 1389 3849 remissionem
1420 3813 1581 3867 snpe-

21 3885 192 3948 rantia,
217 3900 442 3954 qumque
463 3884 656 3937 nullam
677 3883 933 3952 recipiant
955 3886 1370 3940 excusationem.
1405 3888 1583 3958 Itaque

21 3993 75 4031 ne
102 3987 293 4030 tantam
325 3992 421 4031 nos
446 3991 794 4046 provocemus
846 3975 996 4029 iram.
1049 3975 1270 4030 Etiamsi
1309 3979 1448 4032 enim
1498 3980 1581 4033 vi-

21 4069 223 4122 deantur
272 4068 434 4136 aliqui
493 4067 695 4121 febrem
748 4066 1152 4120 incantamentis
1208 4067 1427 4134 sedare,
1475 4086 1578 4124 non

21 4163 142 4215 enim
185 4177 310 4216 vere
354 4162 584 4214 sedant:
620 4169 793 4213 tamen
823 4157 976 4211 aliam
1024 4157 1472 4214 vehementiorem
1525 4163 1577 4216 in

22 4257 381 4312 conscientiam
428 4255 682 4311 inducunt
719 4256 940 4322 febrem,
995 4254 1203 4308 ratione
1243 4254 1480 4325 quotidie
1528 4265 1579 4310 te

21 4350 348 4413 stimulante,
395 4351 826 4419 conscientiaque
871 4348 1170 4419 flagellante
1215 4364 1279 4402 ac
1325 4349 1572 4406 dicente:

23 4438 166 4506 impie
216 4441 424 4507 fecisti,
481 4442 655 4511 inique
715 4443 908 4511 egisti,
971 4442 1176 4496 violasti
1227 4440 1401 4498 ftedus
1454 4458 1574 4498 cum

21 4527 250 4598 Christo;
289 4533 360 4588 ob
400 4534 669 4603 paululum
715 4533 953 4589 adversa:
980 4533 1300 4590 valetudinis
1323 4538 1574 4606 pietatem

23 4621 304 4678 deseruisti.
332 4624 467 4679 Num
496 4633 550 4679 tu
575 4625 719 4680 solus
763 4624 878 4679 hare
903 4639 1090 4695 passus
1117 4626 1213 4680 es?
1262 4627 1454 4681 Annon
1485 4627 1576 4680 alii

22 4715 173 4768 multo
200 4731 359 4785 quam
387 4725 442 4770 tu
465 4718 737 4772 acerbiora
767 4718 907 4787 passi
934 4718 1091 4772 sunt?
1119 4719 1368 4774 Attamen
1396 4720 1574 4774 nullus

22 4800 213 4859 illorum
245 4807 348 4860 tale
372 4807 497 4877 quid
525 4821 685 4862 ausus
709 4849 725 4872 ,
756 4817 812 4862 tu
835 4823 962 4862 vero
989 4808 1165 4864 mollis
1198 4824 1261 4864 ac
1287 4809 1576 4866 dissolutus

22 4895 233 4952 animam
257 4909 396 4953 tuam
419 4900 680 4955 mactasti.
698 4900 975 4968 Quomodo
989 4902 1326 4957 exeusaheris
1341 4903 1576 4959 Christo?

23 4989 278 5050 Quomodo
299 4990 448 5045 illum
475 4991 782 5060 implorabis
812 4991 1094 5062 precibus?
1113 4995 1225 5060 Qua
1249 4995 1571 5050 conscientia

25 5076 226 5140 posthac
250 5079 562 5148 ingredieris
587 5082 918 5136 Ecclesiam?
941 5082 1143 5151 Quibus
1176 5085 1346 5139 oculis
1369 5084 1573 5140 videbis

23 5169 375 5226 sacerdotem?
417 5172 530 5239 Qua
577 5189 732 5226 manu
777 5189 992 5228 sacram-
1029 5175 1257 5244 attinges
1292 5178 1576 5232 mensam?

23 5256 206 5320 Quibus
233 5262 448 5317 auribus
477 5263 659 5319 audies
685 5263 985 5334 Seripturas
1013 5282 1131 5335 quae
1156 5267 1266 5322 illic
1295 5268 1574 5338 leguntur?

87 5350 135 5405 7.
156 5352 523 5410 lncantationes
555 5367 599 5410 et
631 5357 871 5428 ligamina
905 5360 956 5412 in
979 5360 1161 5414 morbis
1194 5377 1294 5414 non
1327 5362 1572 5417 adhiben-

25 5444 104 5496 da.
131 5473 197 5485 —
219 5447 336 5503 llmc
373 5450 606 5518 quotidie
643 5465 880 5520 pungcns
926 5460 977 5507 te
1014 5453 1170 5519 ratio,
1198 5451 1575 5525 flagellansque

24 5541 377 5598 conscientiam
421 5544 459 5606 ⁸,
499 5543 656 5599 dicet.
708 5543 836 5610 Quae
883 5544 1042 5614 igitur
1080 5546 1193 5602 haac
1228 5556 1313 5602 est
1351 5549 1570 5616 sanitas,

195 5723 398 5791 quatuor
445 5725 547 5791 Mss.
596 5718 806 5791 legitur:
833 5722 965 5791 Ratio
1006 5723 1077 5775 sic
1128 5733 1176 5779 te
1207 5740 1420 5791 pinigeris
1461 5743 1572 5781 con-

351 5778 614 5846 ﬂagetlans,
635 5773 823 5845 riualem
849 5773 1444 5854 [εινεηίίὶιοιὶἐιῖῥὲιῖῗιὶὶἱῖγ
1461 5773 1576 5858 ξῇιξε

1169 396 1524 452 ADVERSUS
1559 395 1852 456 JUDIEOS.
1896 399 2023 456 Vlll.

3155 409 3254 463 933

1695 527 1814 565 cum
1846 513 1986 569 intus
2011 525 2114 568 tam
2147 516 2340 570 multas
2366 516 2653 572 habeamus
2681 520 3022 589 cogitationes
3048 537 3260 577 accusa-

1691 604 1887 658 trices?
1909 604 2062 670 Quod
2080 606 2124 658 si
2153 605 2520 674 perduraveris
2541 609 2826 680 paulisper,
2853 626 3051 680 eosque
3069 613 3156 682 qui
3179 613 3262 667 vel

1692 693 2103 750 ineantationem
2128 697 2355 768 aliquam
2383 713 2578 754 canere
2601 702 2885 768 voluerint,
2907 703 2991 757 vel
3016 703 3260 774 ligamina

1689 787 1954 855 applicare
1995 790 2227 856 corpori,
2258 789 2409 844 nihili
2454 789 2677 856 feceris,
2727 792 2887 847 multa
2935 797 3091 848 etiam
3142 809 3261 848 cum

1689 878 2008 932 contumelia
2038 878 2141 932 tuis
2166 894 2228 934 ex
2257 880 2459 935 aedibus
2483 881 2706 951 eieceris
2734 901 2747 936 :
2783 885 3021 952 protinus
3052 885 3118 938 ab
3147 885 3260 952 ipsa

1689 967 2012 1022 conscientia
2040 969 2494 1040 refrigerationem
2539 973 2787 1042 accipies.
2821 975 3040 1030 Etiamsi
3071 978 3263 1030 millies

1687 1067 1876 1113 exurat
1907 1058 2069 1114 febris
2088 1100 2104 1124 ,
2134 1061 2306 1114 anima
2335 1072 2422 1115 tua
2450 1063 2636 1131 quovis
2667 1063 2869 1133 liquore
2889 1105 2904 1130 ,
2928 1065 3113 1132 quovis
3141 1081 3264 1119 rore

1690 1150 1961 1204 meliorem
2012 1151 2382 1222 utilioremque
2419 1153 2800 1225 mitigationem
2830 1154 3075 1209 adducet.
3117 1153 3262 1209 Sicut

1688 1239 1860 1304 enim,
1889 1251 2163 1310 postquam
2191 1242 2461 1310 receperis
2488 1243 2897 1297 incantationem
2925 1259 3083 1299 sanus
3104 1244 3222 1298 licet
3245 1286 3260 1307 ,

1688 1332 1934 1386 miserius
1959 1333 2176 1388 allectus
2200 1349 2258 1388 es
2282 1335 2347 1389 iis
2367 1335 2456 1403 qtti
2479 1333 2629 1390 febre
2653 1335 2913 1402 laborant,
2943 1335 3066 1389 dum
3091 1347 3263 1390 tecum

1688 1434 1903 1492 reputas
1955 1425 2154 1493 peccati
2204 1426 2656 1495 magnitudinem;
2703 1425 2780 1480 sic
2831 1442 2970 1481 nunc
3009 1442 3260 1497 quoque.

1688 1514 1896 1570 etiamsi
1938 1517 2238 1582 febricites,
2280 1517 2661 1588 innumeraque
2699 1519 2915 1588 patiaris
2958 1521 3129 1584 mala,
3175 1537 3262 1574 re-

1688 1606 1853 1674 pulsis
1879 1606 2052 1676 impiis
2083 1608 2205 1674 illis,
2234 1611 2422 1679 quovis
2451 1625 2583 1664 sano
2612 1609 2828 1665 homine
2852 1611 3062 1675 melius,
3087 1622 3264 1665 mente

1687 1701 1987 1756 exsultante
2005 1743 2020 1766 ,
2053 1703 2161 1756 eris
2187 1703 2404 1758 affectus
2427 1744 2442 1767 ,
2470 1703 2644 1757 anima
2673 1703 2934 1773 gaudente
2969 1715 3021 1758 et
3059 1704 3263 1758 exhila-

1687 1802 1824 1856 rata,
1847 1794 2170 1847 conscientia
2199 1794 2445 1850 laudante
2474 1806 2557 1859 te,
2590 1795 2881 1862 probante,
2915 1811 2978 1850 ac
3015 1796 3224 1850 dicente
3249 1815 3260 1848 :

1689 1887 1856 1957 Euge,
1897 1901 2064 1956 euge,
2109 1885 2244 1942 heus
2287 1887 2478 1953 homo,
2511 1887 2706 1943 Christi
2745 1904 2930 1951 serve,
2963 1889 3133 1942 fidelis
3163 1889 3262 1952 vir,

1688 1976 1884 2031 athleta
1917 1979 2148 2046 pietatis,
2171 1980 2260 2048 qui
2289 1979 2542 2032 malueris
2570 1978 2828 2032 molestiis
2849 1979 3080 2042 immori,
3107 1995 3264 2047 quam

1689 2067 1937 2122 deserere
1968 2069 2236 2137 pietatem,
2266 2084 2385 2122 eum
2419 2070 2737 2138 martyribus
2765 2069 3009 2149 stahigin
3045 2069 3134 2119 illo
3155 2067 3261 2120 die.

1689 2160 2144 2225 Quemadmodum
2193 2163 2334 2215 enim
2385 2162 2456 2214 illi
2506 2169 2865 2230 praeoptarunt
2913 2161 3043 2213 etedi
3089 2160 3267 2228 flagris

1690 2255 2046 2323 torquerique,
2083 2265 2137 2306 ιιι
2167 2254 2230 2307 ad
2261 2253 2514 2307 honorent
2545 2253 2876 2322 pervenirent
2903 2271 2915 2306 :
2940 2253 3008 2306 ita
3041 2263 3093 2304 tu
3132 2268 3266 2318 quo-

1688 2361 1792 2415 que
1837 2344 1994 2400 hodie
2035 2345 2340 2415 praaoptasti
2386 2344 2638 2415 ﬂagellari
2681 2343 3022 2412 torqueriquc
3064 2358 3092 2394 ει
3136 2339 3272 2395 febri

1690 2437 2138 2507 vulneribusque,
2183 2453 2250 2492 ne
2291 2437 2597 2492 adtnitteres
2638 2435 2794 2504 impia
2840 2437 3267 2500 incantamenta,

1692 2547 1826 2586 neve
1848 2533 2097 2596 amulcta,
2129 2541 2184 2584 et
2209 2531 2296 2584 tali
2323 2546 2418 2600 spe
2447 2532 2674 2583 nutritus
2696 2572 2708 2594 ,
2739 2545 2805 2583 ne
2828 2531 3024 2583 senties
3047 2527 3268 2596 quidem

1690 2625 2038 2678 adversantes
2065 2622 2299 2677 dolores.
2323 2621 2453 2676 Nam
2481 2624 2578 2676 etsi
2609 2630 2661 2675 te
2687 2636 2790 2675 non
2819 2619 3022 2675 auferat
3048 2620 3161 2673 haec
3187 2621 3266 2673 fe-

1689 2715 1820 2780 bris,
1848 2716 1948 2770 alia
1978 2730 2198 2784 prorsus
2223 2713 2426 2769 auferet
2454 2731 2469 2768 :
2497 2722 2567 2778 et,
2599 2714 2640 2766 si
2669 2729 2808 2766 nunc
2831 2729 2934 2766 non
2957 2712 3264 2773 moriamur,

1689 2819 1867 2862 tamen
1898 2808 2118 2877 posthac
2147 2808 2454 2862 moriemur.
2478 2806 2699 2860 Mortale
2739 2822 2930 2873 corpus
2971 2805 3144 2858 sortiti
3174 2820 3267 2858 su-

1692 2916 1810 2954 mus
1830 2941 1845 2966 ,
1877 2915 1981 2955 non
2027 2908 2087 2954 ut
2123 2899 2267 2954 illius
2309 2898 2685 2968 cupiditatibus
2714 2898 3141 2966 obtemperantes
3170 2897 3269 2950 im-

1691 2992 1940 3062 pietatem
1968 2993 2369 3060 amplectamur,
2400 2989 2496 3046 sed
2533 3002 2590 3043 ut
2627 2990 2768 3043 illius
2808 2987 3174 3042 adiectionibus
3199 2989 3264 3041 ad

1691 3085 1942 3155 pietatem
1975 3093 2203 3138 utamur.
2249 3083 2373 3138 Haec
2413 3083 2553 3137 enim
2599 3080 3048 3150 corruptibilitas,
3078 3088 3132 3134 et
3168 3079 3267 3132 hoc

1690 3177 1865 3245 ipsum
1906 3175 2132 3230 mortale
2157 3190 2348 3244 corpus
2371 3217 2388 3241 ,
2424 3174 2467 3228 si
2497 3173 2661 3229 sobrii
2689 3173 2944 3227 fuerimus
2962 3214 2977 3239 ,
3006 3171 3160 3226 nobis
3188 3180 3270 3224 est

1689 3269 1910 3324 materia
1934 3269 2436 3335 commendationis,
2464 3269 2788 3338 multamque
2820 3267 2971 3320 nobis
2996 3267 3048 3320 in
3074 3266 3163 3318 illo
3183 3265 3269 3319 die

1688 3360 1961 3432 prtestabit
1989 3361 2258 3428 fiduciam,
2283 3375 2387 3413 non
2425 3367 2601 3414 autem
2638 3359 2688 3413 in
2732 3359 2821 3412 illo
2846 3359 3016 3416 solum
3041 3400 3054 3422 ,
3083 3373 3266 3412 verum

1688 3453 1848 3508 etiam
1876 3453 1928 3506 in
1955 3453 2202 3522 praasenti
2237 3453 2360 3506 vita.
2392 3451 2662 3521 Siquidem
2689 3464 2807 3504 cum
2835 3448 3058 3518 ejeeeris
3086 3449 3267 3501 incan-

1687 3553 1886 3600 tatores
1912 3545 2075 3599 multa
2103 3559 2223 3599 cum
2251 3544 2568 3598 contumelia
2597 3559 2664 3597 ex
2695 3541 2898 3596 aedibus
2921 3540 3024 3596 tuis
3043 3582 3056 3605 ,
3081 3555 3270 3594 omnes

1688 3635 1790 3691 hoc
1811 3635 1992 3690 audito
2019 3635 2327 3700 laudabunt,
2352 3634 2703 3696 mirabuntur,
2731 3642 2785 3686 et
2809 3633 2947 3686 inter
2971 3646 3030 3685 se
3053 3631 3264 3686 dicent:

1685 3729 1776 3784 ille
1795 3727 2042 3783 laborans
2067 3736 2454 3798 argrotansquc,
2481 3725 2743 3797 aliquibus
2768 3723 3019 3779 infinities
3045 3722 3267 3776 hortan-

1687 3819 1848 3886 tibus,
1879 3817 2222 3874 suadentibus
2245 3827 2299 3873 et
2319 3817 2717 3873 consulentibus
2734 3827 2791 3872 ut
2815 3815 3032 3885 magicis
3051 3814 3270 3882 quibus-

1685 3914 1808 3969 dam
1837 3913 2246 3968 incantamentis
2266 3921 2524 3975 uteretur,
2549 3927 2654 3966 non
2672 3910 2905 3972 admisit,
2931 3908 3026 3963 sed
3047 3921 3266 3976 respon-

1684 4007 1802 4063 dit:
1829 4007 1996 4062 satius
2021 4017 2102 4062 est
2129 4006 2234 4063 hoc
2261 4017 2422 4077 pacto
2449 4007 2606 4073 mori,
2635 4021 2794 4075 quam
2818 4005 3070 4079 deserere
3098 4003 3266 4070 pieta-

1687 4109 1814 4154 tem.
1839 4099 1921 4155 Ad
1949 4100 2063 4155 hare
2086 4111 2484 4170 consequentur
2510 4100 2660 4154 multi
2700 4099 2917 4169 plausus
2959 4097 3027 4151 ab
3066 4097 3148 4150 his
3176 4097 3265 4165 qui

1684 4191 1970 4257 audierint,
1994 4191 2200 4246 cunctis
2223 4191 2562 4260 stupentibus
2582 4232 2596 4254 ,
2627 4191 2794 4245 Deum
2823 4187 3264 4258 glorificantibus.

1685 4284 1797 4338 Hoc
1820 4293 1949 4354 quot
1976 4283 2166 4339 statuis
2192 4298 2296 4336 non
2324 4283 2426 4337 erit
2448 4281 2539 4337 tibi
2565 4280 2960 4336 honorabilius?
2984 4289 3112 4348 quot
3135 4278 3268 4332 ima-

1683 4375 1893 4446 ginibus
1947 4375 2403 4445 magnificentius?
2446 4383 2646 4444 quanto
2712 4373 2915 4428 honore
2973 4371 3267 4442 insignius?

1683 4467 1881 4522 Omnes
1910 4466 2235 4530 laudabunt,
2266 4481 2456 4522 omnes
2483 4478 2624 4520 tuam
2664 4464 2970 4520 felicitatem
3011 4462 3268 4533 prmdica-

1681 4558 1847 4621 bunt,
1878 4573 2065 4614 omnes
2113 4567 2164 4612 te
2210 4558 2558 4612 coronabunt.
2603 4557 2864 4612 Praeterea
2915 4555 3012 4625 ipsi
3057 4569 3266 4624 quoque

1685 4650 1935 4706 meliores
1973 4650 2138 4717 fient,
2168 4665 2232 4705 ac
2255 4649 2486 4704 vicissim
2527 4658 2673 4704 tuum
2705 4648 3005 4718 exemplum
3040 4645 3263 4702 aemula-

1683 4742 1900 4808 buntttr,
1927 4741 2380 4812 imitabunturque
2407 4737 2941 4798 tuam'fortitudinem
2970 4760 2984 4796 :
3007 4750 3061 4796 et
3080 4741 3124 4795 si
3145 4741 3265 4811 quis

1682 4835 1816 4890 alius
1857 4835 1960 4888 tale
2001 4834 2268 4905 quidpiam
2309 4836 2512 4901 fecerit,
2556 4846 2608 4888 tu
2641 4834 2938 4890 mercedem
2985 4833 3142 4899 feres,
3174 4833 3262 4902 qui

1683 4926 1781 4979 zeli
1809 4924 1970 4978 fueris
1989 4914 2193 4978 auctor.
2219 4925 2399 4993 Neque
2427 4933 2628 4978 tantum
2657 4932 3050 4993 consequentur
3077 4921 3260 4976 laudes

1682 5031 1828 5072 reete
1847 5018 2126 5082 factorum,
2151 5032 2334 5073 verum
2361 5019 2518 5071 etiam
2539 5018 2816 5071 celerrima
2839 5015 3006 5069 morbi
3034 5016 3259 5070 levatio:

1682 5127 1802 5165 cum
1835 5111 1945 5181 ipsa
1968 5119 2054 5164 tua
2080 5110 2330 5180 praaclara
2349 5109 2620 5162 voluntate
2641 5107 2956 5162 conciliante
2979 5107 3070 5161 tibi
3095 5108 3262 5160 Deum

1681 5202 1747 5255 ad
1769 5203 2024 5270 majorem
2057 5201 2496 5265 benevolentiam,
2522 5211 2630 5253 tmn
2656 5202 2854 5254 sanctis
2873 5200 3120 5253 omnibus
3141 5214 3262 5267 gra-

1682 5290 1971 5349 tulantibus
1994 5305 2097 5348 tute
2117 5295 2552 5365 promptitudini,
2583 5303 2740 5364 atque
2766 5309 2828 5346 ex
2870 5293 3056 5346 intimo
3097 5294 3261 5348 Corde

1681 5404 1779 5458 pro
1802 5397 1856 5444 te
1881 5402 2066 5458 preces
2093 5387 2450 5443 fundentibus.
2473 5388 2623 5454 Quod
2651 5387 2693 5440 si
2720 5386 2808 5441 hic
2835 5387 2954 5441 talia
2981 5395 3106 5440 sunt
3128 5402 3260 5456 pra:-

1682 5481 1786 5534 mia
1828 5479 2151 5534 fortitudinis
2195 5479 2388 5550 hujus,
2420 5482 2591 5549 cogita
2620 5490 2843 5550 quantas
2885 5479 2992 5533 illic
3036 5479 3261 5548 recipies

1681 5586 1925 5634 coronas,
1953 5586 2094 5633 cum,
2127 5571 2329 5641 angelis
2357 5572 2729 5640 pnesentibus,
2753 5571 3000 5626 omnibus
3025 5571 3256 5626 archan-

1678 5663 1831 5734 gelis,
1861 5661 2104 5717 Christus
2129 5661 2423 5718 adveniens
2449 5663 2709 5732 prehensa
2753 5678 2911 5718 manu
2943 5673 3028 5716 tua
3057 5664 3107 5717 in
3141 5679 3254 5716 me-

1678 5758 1823 5811 dium
1869 5766 1920 5811 te
1968 5755 2096 5810 illttd
2140 5757 2404 5811 theatrum
2450 5757 2788 5826 produxerit,
2822 5759 3130 5825 cunctisque
3160 5773 3252 5808 an-

1681 5851 1947 5907 dientibus
1976 5850 2175 5906 dixerit
2205 5867 2216 5902 :
2251 5848 2337 5905 hic
2383 5849 2541 5905 homo
2562 5892 2577 5918 ,
2610 5865 2730 5907 cum
2776 5848 3060 5920 aliquando
3105 5847 3258 5903 febte
