3790 6278
456 384 559 439 939

458 510 732 569 correptus
758 503 921 564 esset,
948 499 1248 556 innumeris
1290 501 1463 570 ipsum
1495 500 1899 555 exhortantibus
1927 508 1989 552 ut
2015 513 2045 551 a

410 652 411 655 η
460 589 651 644 inorbo
678 589 1006 652 liberaretur,
1036 599 1249 658 propter
1270 606 1463 647 nonien
1487 606 1686 655 meum,
1709 606 1771 644 ac
1797 589 2045 643 timorem

462 682 514 735 in
548 696 652 745 me,
680 695 747 734 ne
774 680 829 735 in
848 680 1024 749 aliquo
1048 679 1364 747 offenderet,
1392 696 1579 735 mones
1604 681 1692 751 qui
1722 680 2048 750 polliceban-

471 786 557 827 tur
585 769 682 841 ipsi
713 781 816 828 Isto
843 780 1004 829 ωοοο
1030 776 1310 829 sanitatem
1332 816 1347 839 ,
1382 775 1607 842 repulit,
1639 788 1867 843 cumque
1892 772 2048 841 igno-

466 865 629 919 minia
658 864 843 933 rejecit
872 881 887 917 :
918 880 981 919 ac
1009 866 1323 934 praecptavit
1365 865 1575 919 immori
1608 865 1782 932 potius
1824 864 2050 929 morbo,

466 971 627 1026 quam
669 956 919 1011 deserere
958 956 1063 1012 mei
1103 956 1357 1011 studium.
1382 957 1588 1013 Etenim
1626 957 1672 1011 si
1714 971 1807 1011 eos
1835 956 1923 1026 qui
1951 955 2052 1026 ipsi

469 1060 650 1115 potum
676 1046 959 1115 dederunt,
990 1049 1079 1119 qui
1109 1050 1416 1113 vestierunt,
1449 1049 1538 1117 qui
1559 1050 1734 1103 cibum
1764 1050 2050 1117 dederunt,

470 1139 522 1192 iu
575 1138 809 1194 medium
850 1139 1296 1194 adducitzmulto
1340 1141 1508 1210 magis
1551 1140 1778 1195 adducet
1805 1156 1932 1206 eos,
1962 1142 2053 1210 qui

473 1240 691 1298 propter
736 1231 910 1298 ipsum
952 1240 1199 1301 optarunt
1242 1232 1459 1287 obnoxii
1500 1247 1621 1286 esse
1670 1232 1826 1288 febri.
1872 1231 2055 1302 Neque

472 1319 616 1375 enim
653 1321 827 1375 simile
852 1330 938 1376 est
963 1322 1090 1377 dare
1120 1336 1311 1391 panem
1342 1338 1406 1377 ac
1433 1332 1636 1378 vestem
1658 1363 1674 1388 ,
1715 1331 1772 1377 et
1810 1324 2055 1377 morbum

473 1411 735 1468 diutinum
780 1413 1055 1482 perferre:
1084 1415 1192 1469 imo
1238 1414 1340 1471 hoc
1382 1416 1473 1469 illo
1518 1417 1689 1471 multo
1730 1415 1903 1487 majus
1950 1425 2053 1470 est.

473 1503 681 1569 Quanto
701 1512 876 1560 autem
898 1505 1095 1559 laboris
1118 1520 1183 1560 ac
1206 1505 1406 1560 doloris
1428 1508 1549 1575 plus
1566 1507 1849 1561 toleratqu
1875 1507 2053 1571 fuerit,

475 1606 621 1650 tanto
648 1596 808 1651 etiam
830 1611 1027 1651 corona
1056 1597 1158 1652 erit
1183 1597 1629 1668 magnificentior.

546 1685 763 1741 Natalis
800 1688 1336 1743 exhortata—Hinc
1380 1700 1433 1743 et
1482 1690 1596 1743 sani
1643 1689 1960 1743 meditemur
2006 1697 2061 1743 et

474 1786 795 1848 :rgrotantes
817 1819 831 1843 ,
861 1778 1036 1849 deque
1065 1780 1149 1835 his
1179 1780 1321 1835 inter
1362 1796 1459 1835 nos
1498 1782 1884 1851 colloquamur.
1922 1781 1989 1835 Et
2013 1781 2060 1835 si

476 1872 766 1927 viderimus
797 1886 895 1927 nos
923 1873 1069 1941 ipsos
1097 1873 1385 1943 aliquando
1414 1874 1545 1928 febri
1586 1873 1905 1929 intolerabili
1942 1889 2061 1928 cor-

476 1973 655 2033 reptos
678 2005 694 2027 ,
722 1963 852 2018 illud
876 1964 1016 2033 apud
1046 1980 1143 2019 nos
1170 1965 1313 2035 ipsos
1343 1966 1582 2019 dicamus
1611 1981 1625 2019 :
1655 1965 1781 2035 quid
1807 1977 1986 2019 autem
2014 1965 2061 2019 si

477 2057 629 2111 nobis
673 2057 918 2136 alieupde
964 2059 1225 2114 intentata
1274 2058 1367 2112 lite
1408 2059 1475 2112 ad
1514 2060 1741 2115 tribunal
1770 2059 2057 2128 rapiamur,

478 2162 713 2217 moxque
737 2148 963 2221 sublatis
988 2149 1262 2204 cadantur
1286 2150 1475 2216 latera,
1497 2165 1674 2205 annon
1702 2164 1925 2205 necesse
1944 2149 2063 2203 fue-

482 2237 555 2292 rit
578 2239 799 2293 omnino
824 2242 1054 2310 perpeti,
1087 2240 1247 2312 idque
1286 2242 1433 2296 nullo
1462 2243 1610 2296 lucro
1639 2242 1889 2311 nullaque
1918 2257 2063 2296 mer-

477 2328 644 2384 cede?
688 2330 799 2385 lloc
839 2338 894 2384 et
940 2347 1082 2387 nunc
1124 2333 1453 2402 cogitemus,
1501 2334 1770 2401 proposita
1808 2332 2064 2385 sitellam

480 2419 776 2476 tolerantia:
808 2436 1048 2488 merces,
1075 2424 1205 2478 satis
1230 2438 1449 2493 magna,
1481 2433 1539 2477 ut
1566 2423 1738 2492 erigat
1771 2423 2065 2492 collapsum

480 2512 736 2568 sulatum.
768 2513 873 2569 Sed
904 2516 1125 2570 molesta
1163 2524 1248 2571 est
1293 2516 1455 2571 febris
1484 2534 1496 2568 :
1527 2532 1708 2570 verum
1754 2530 1965 2586 oppone
1991 2515 2067 2569 illi

486 2603 791 2660 incendium
817 2604 1097 2674 gehennzr,
1119 2606 1263 2675 quod
1285 2606 1509 2676 effugies
1533 2607 1783 2669 omnino,
1808 2606 1855 2661 si
1882 2607 2067 2661 volue-

482 2695 559 2750 ris
601 2696 755 2751 istam
785 2695 976 2752 febrim
1004 2712 1126 2751 cum
1155 2698 1301 2752 omni
1349 2698 1635 2753 tolerantia
1663 2700 1922 2769 perferre.
1958 2698 2068 2753 Re-

482 2797 608 2857 puta
634 2796 830 2855 tecum,
854 2804 1012 2857 quam
1039 2789 1205 2843 multa
1230 2788 1373 2857 passi
1390 2789 1497 2845 sint
1515 2789 1763 2858 apostoli,
1786 2789 2068 2845 considera

474 2878 654 2948 justus
696 2889 956 2949 perpetuo
1002 2879 1054 2934 in
1098 2878 1479 2936 afﬂictionibus
1522 2879 1685 2936 fuisse
1710 2920 1726 2944 ,
1780 2880 2069 2937 recordare

483 2969 623 3025 beati
643 2968 931 3036 Timothei,
955 2969 1046 3041 qui
1073 2986 1363 3041 numquam
1399 2970 1468 3027 ab
1498 2969 1808 3026 inﬁrmitate
1835 2971 2069 3041 respira-

482 3062 579 3128 vit,
609 3061 701 3117 sed
743 3061 812 3118 ab
851 3062 1215 3121 adolescentia
1254 3062 1366 3133 jugi
1411 3064 1603 3118 morbo
1625 3073 1742 3119 erat
1774 3064 2067 3134 obnoxius,

483 3151 645 3223 idque
693 3153 884 3208 Paulus
934 3153 1213 3209 declarans
1256 3153 1392 3209 dixit
1429 3172 1446 3210 :
1490 3153 1696 3209 Modico
1740 3158 1855 3211 uino
1892 3165 2063 3222 utere,

424 3302 427 3311 λ
485 3254 692 3314 propter
736 3247 1051 3301 stomachum
1094 3258 1268 3313 tuum,
1318 3263 1379 3301 ao
1425 3251 1709 3319 frequentes
1755 3249 2071 3314 inﬁrmitates

486 3344 598 3393 tua!
623 3337 703 3409 (1.
737 3337 869 3393 Tim.
900 3339 953 3394 5.
983 3338 1096 3408 23).
1120 3338 1273 3406 Quod
1300 3340 1343 3394 si
1371 3339 1547 3409 justus
1575 3339 1685 3401 ille.
1712 3349 1931 3395 sanctus
1956 3339 2068 3406 ille,

484 3428 575 3500 qui
599 3428 750 3486 orbis
773 3429 1142 3499 praifecturam
1169 3432 1442 3501 suscepit,
1469 3431 1560 3501 qui
1598 3441 1841 3487 mortuos
1871 3432 2074 3487 excita-

487 3519 584 3587 vit,
613 3519 704 3591 Qui
728 3519 1002 3576 (temones
1040 3520 1259 3591 abegit,
1288 3521 1380 3593 qui
1414 3522 1630 3578 morbos
1656 3521 2073 3578 innumerabiles

488 3612 541 3664 in
567 3609 689 3665 aliis
713 3611 972 3675 correxit,
1004 3619 1113 3666 tam
1135 3610 1330 3666 acerba
1362 3627 1551 3682 passus
1571 3621 1689 3677 est,
1719 3628 1883 3682 quam
1911 3629 2073 3669 excu-

489 3700 753 3757 sationem
797 3701 1021 3759 habebis
1061 3712 1151 3767 tu,
1180 3703 1271 3773 qui
1308 3704 1649 3760 tumultuaris
1694 3720 1756 3760 ac
1797 3705 1983 3761 delicis
2019 3706 2071 3760 in

490 3792 693 3849 morbis
732 3794 1109 3863 temporariis?
1137 3794 1251 3849 Non
1288 3795 1483 3851 audisti
1525 3794 1853 3866 Scripturam
1892 3796 2075 3853 dicen-

492 3898 617 3949 tem,
652 3884 814 3952 Quem
854 3885 1024 3957 diligit
1055 3885 1333 3953 Dominus,
1362 3887 1575 3959 castigat
1603 3904 1624 3943 :
1650 3890 1876 3960 ﬂagellat
1905 3902 2074 3945 autem

490 3990 691 4029 omnem
711 3975 896 4043 ﬁlium,
919 3993 1068 4047 quem
1091 3978 1267 4047 recipit
1290 3977 1474 4050 (Hebr.
1499 3978 1586 4032 12.
1611 3978 1668 4048 6)
1689 3978 1712 4032 ?
1732 3979 1898 4046 Quam
1923 3981 2074 4035 multi

491 4065 797 4136 frequenter
818 4078 1074 4138 optarunt
1096 4070 1338 4141 martyrii
1366 4086 1619 4126 coronam
1647 4072 1927 4141 accipere?
1950 4072 2075 4128 llaec

491 4167 575 4212 est
608 4168 792 4228 parata
820 4161 1062 4232 martyrii
1090 4176 1309 4218 corona.
1339 4162 1456 4217 Non
1483 4164 1628 4218 enim
1657 4162 1710 4218 id
1748 4165 1908 4217 modo
1953 4165 2075 4221 facit

493 4258 801 4318 martyrem,
829 4251 873 4307 si
906 4252 998 4322 qui
1034 4252 1218 4321 jussus
1253 4263 1336 4307 est
1357 4253 1682 4320 sacriﬁcare,
1714 4255 1891 4323 pctius
1919 4256 2077 4310 ducat

492 4340 686 4405 emori,
720 4355 905 4397 verum
930 4342 1091 4398 etiam
1135 4342 1181 4397 si
1224 4344 1344 4414 quis
1390 4354 1571 4399 servet
1596 4343 1854 4414 quidlibet
1879 4386 1894 4407 ,
1933 4346 2075 4415 quod

494 4441 723 4491 mortem
792 4443 969 4506 poteSt
1035 4450 1357 4501 accersere,
1402 4436 1739 4493 manifestum
1798 4446 1883 4492 est
1935 4453 2076 4493 mar-

495 4525 711 4598 tyrium.
999 4531 1007 4541 “

564 4618 618 4674 8.
646 4619 725 4674 Ac
751 4626 809 4673 ut
828 4618 1091 4689 intelligas
1112 4619 1213 4675 hoc
1235 4635 1354 4675 esse
1380 4636 1583 4684 verum,
1612 4620 1916 4686 recordare,
1943 4637 2077 4691 quo-

495 4708 657 4765 modo
683 4708 921 4766 Joannes
946 4710 1180 4781 Baptista
1208 4721 1452 4766 mortuus
1478 4712 1566 4776 sit,
1592 4721 1646 4765 et
1665 4728 1767 4781 qua
1799 4712 1864 4767 de
1892 4727 2074 4778 causa,

496 4800 766 4873 quomodo
805 4801 958 4857 Abel.
986 4801 1186 4856 Neuter
1222 4802 1364 4857 enim
1406 4801 1594 4857 horum
1623 4803 1707 4859 vel
1750 4804 1917 4859 altare
1946 4803 2080 4858 vidit

496 4893 796 4960 incensum,
827 4892 913 4948 vel
935 4900 1163 4948 statuam
1190 4893 1437 4962 positam,
1460 4893 1545 4949 vel
1563 4893 1751 4963 jussus
1765 4895 1860 4949 fuit
1889 4896 2081 4949 immo-

494 4986 610 5043 lare
633 4986 969 5042 daamonibus
994 5004 1006 5040 :
1038 4985 1133 5042 sed
1159 4986 1252 5042 ille
1278 4986 1491 5057 quidem
1510 5028 1525 5050 ,
1552 4986 1675 5055 quia
1713 4986 2079 5041 tantummodo

495 5077 843 5150 reprehendit
870 5077 1161 5145 Herodem,
1183 5078 1478 5134 decollatus
1506 5087 1589 5133 est
1612 5094 1626 5130 :
1660 5077 1746 5131 hic
1772 5092 1920 5138 vero,
1947 5093 2081 5147 quo-

497 5170 638 5225 niam
671 5170 841 5226 Deum
869 5170 1078 5225 meliori
1110 5170 1371 5225 sacriﬁcio
1399 5168 1682 5223 honoravit
1708 5182 1868 5237 quam
1894 5167 2076 5234 frater,

496 5265 707 5319 occisus
734 5272 837 5320 est.
863 5263 999 5319 Num
1030 5263 1189 5335 igitur
1215 5263 1401 5333 privati
1427 5270 1551 5317 sunt
1575 5261 1814 5332 martyrii
1843 5260 2077 5316 corona?

496 5358 569 5411 At
607 5358 728 5427 quis
770 5357 876 5413 hoc
912 5357 1108 5413 audeat
1152 5356 1374 5412 dicere?
1413 5356 1856 5426 Quandoquidem
1905 5355 2079 5423 ipsum

499 5450 657 5505 etiam
697 5451 885 5506 mortis
924 5464 1093 5521 genus
1131 5449 1331 5505 sufﬁcit
1355 5448 1430 5503 ad
1459 5447 1706 5503 omnibus
1750 5445 2078 5517 persuaden-

498 5542 626 5596 dum
652 5584 668 5609 ,
710 5556 805 5598 eos
830 5543 969 5598 inter
1004 5542 1207 5612 primos
1234 5548 1499 5612 martyres
1538 5539 1826 5595 numerari.
1855 5538 2010 5608 Quod
2035 5539 2081 5594 si

499 5634 662 5689 etiam
686 5633 917 5689 divinam
939 5634 1253 5690 sententiam
1279 5649 1439 5703 super
1463 5632 1549 5688 his
1572 5634 1832 5703 prolatam
1854 5632 2071 5703 qumris,

500 5726 625 5781 audi
653 5725 779 5797 quid
806 5725 937 5782 dicit
971 5726 1184 5781 Paulus.
1220 5726 1353 5781 Nam
1394 5741 1513 5796 qua:
1556 5725 1647 5780 ille
1685 5725 1938 5795 loquitur,
1969 5726 2084 5781 sine

500 5817 667 5876 dubio
692 5816 919 5891 Spiritus
959 5827 1100 5875 sttnt.
1135 5817 1267 5873 Puto
1296 5818 1460 5887 enim,
1502 5818 1707 5889 inquit,
1747 5816 1883 5889 quod
1910 5825 1957 5872 et
1988 5832 2075 5887 ego

1156 387 1214 442 S.
1257 385 1538 443 JOANNIS
1574 384 2050 444 CllRYSOSTOMl
2091 381 2406 437 AllClllEP.
2447 379 2985 437 CONSTANTINOP.
3648 375 3727 431 Μ

2149 494 2399 561 Spiritum
2431 491 2524 546 Dei
2551 493 2761 546 habeam
2787 493 2872 561 (1.
2905 490 3024 545 Cor.
3043 493 3098 545 7.
3121 491 3246 562 10).
3273 492 3431 556 Quid
3478 492 3634 556 igitur
3670 488 3730 540 ἑκ

2148 588 2308 641 dicit?
2331 587 2565 640 Exorsus
2589 585 2657 638 ab
2678 584 2831 647 Abel,
2851 598 2969 638 cum
2988 583 3211 638 dixisset
3232 580 3525 651 majorem
3544 578 3732 632 boetia:

2148 679 2282 733 Abel
2313 693 2421 747 pra:
2448 677 2579 732 Cain
2621 677 2877 731 obtulisse
2911 677 3053 740 Deo,
3085 688 3141 732 et
3182 687 3423 746 propter
3451 674 3599 728 hanc
3621 691 3732 727 iacr-

2153 781 2299 824 tuum
2329 769 2503 823 adhuc
2534 768 2676 839 loqui
2712 787 2726 823 :
2757 768 2952 821 deinde
2997 769 3274 835 digressus
3321 766 3395 819 ad
3445 765 3713 832 [implices

2150 876 2217 918 ac
2240 861 2460 917 decursa
2486 862 2627 917 serie
2656 876 2821 930 usque
2860 860 2927 914 ad
2956 860 3213 914 Joannem
3236 902 3250 925 ,
3302 858 3561 911 dixisset
3586 873 3600 908 :
3628 854 3735 907 0w.

2151 954 2292 1009 sione
2337 954 2495 1024 gladii
2520 954 2703 1007 mortui
2727 962 2843 1006 sunt
2868 994 2881 1017 ,
2913 951 3004 1006 alii
3034 970 3143 1006 vero
3172 951 3399 1005 distenti
3431 960 3565 1003 sunt
3588 948 3735 1015 (Ητξετ.

2157 1046 2244 1099 11.
2275 1044 2402 1117 57);
2441 1045 2620 1098 multis
2644 1054 2699 1097 et
2726 1043 2952 1098 diversis
2981 1043 3167 1097 mortis
3199 1041 3523 1113 generibus

2157 1138 2394 1200 moratis,
2425 1135 2649 1204 subjecit
2678 1135 2778 1188 hoc
2803 1133 2994 1188 modo:
3020 1132 3203 1205 Itaque
3222 1150 3323 1186 nos
3344 1147 3569 1201 quoque
3587 1141 3740 1181 ιπεαιι

2156 1228 2390 1282 habentes
2432 1227 2826 1280 circumdantem
2854 1242 2943 1279 nos
2981 1226 3163 1279 nubem
3205 1234 3524 1294 martyrum
3545 1264 3561 1285 ,
3586 1221 3741 1289 diem

2158 1322 2294 1374 omni
2320 1321 2556 1389 pondere,
2582 1337 2670 1391 per
2698 1319 3015 1372 tolerantiam
3044 1333 3313 1371 curramus
3362 1317 3381 1386 (
3434 1313 3528 1367 Ib.
3567 1313 3682 1368 lii
3714 1316 3739 1377 ξι.

2158 1411 2318 1466 Vides
2345 1411 2487 1481 quod
2511 1411 2669 1465 etiam
2697 1410 2829 1464 Abel
2850 1411 3132 1479 appellavit
3154 1420 3471 1479 martyrem
3499 1417 3557 1459 ct
3578 1404 3689 1459 Noe
3706 1418 3743 1457 ri

2158 1503 2448 1568 Abraham,
2481 1513 2535 1559 et
2561 1504 2727 1568 lsaac,
2756 1511 2808 1557 et
2830 1502 3017 1557 Jacob.
3037 1501 3169 1556 Nam
3199 1511 3253 1555 et
3284 1502 3539 1554 istorum
3564 1501 3740 1567 quidse

2159 1597 2240 1652 sic
2266 1608 2484 1667 propter
2510 1598 2674 1652 Deum
2707 1596 2901 1650 mortui
2934 1603 3076 1661 sunt,
3106 1592 3587 1664 quemadmodum
3608 1592 3743 1659 intra:
3787 1592 3790 1663 1

2160 1687 2375 1754 Paulus,
2406 1687 2642 1753 Quotidie
2663 1689 2852 1741 morior
2882 1686 2956 1760 (1.
2987 1687 3101 1741 Cor.
3128 1687 3217 1741 15.
3252 1687 3355 1756 51)
3381 1703 3396 1736 :
3427 1699 3547 1737 non
3565 1684 3742 1751 quidem

2164 1779 2416 1842 utoriens,
2443 1779 2537 1833 sed
2562 1778 2832 1846 proposito
2855 1786 3058 1830 tantum
3081 1790 3379 1845 perpessus
3400 1786 3659 1827 mortem.
3680 1774 3743 1825 Si:

2162 1877 2217 1922 et
2244 1877 2317 1933 tu,
2343 1869 2386 1923 si
2416 1867 2675 1936 repuleris
2704 1868 3113 1932 incantamenta,
3146 1866 3438 1929 veneficia,
3471 1879 3541 1918 ac
3570 1866 3745 1933 prtia-

2163 1962 2304 2031 gias,
2340 1963 2547 2017 etiamsi
2579 1963 2767 2017 morbo
2797 1963 3071 2027 moriaris,
3101 1971 3309 2031 martyr
3353 1958 3635 2028 perfectas
3660 1958 3741 2011 fas

2163 2056 2238 2109 ris
2265 2097 2282 2122 ,
2321 2070 2389 2111 eo
2436 2056 2577 2125 quod
2602 2096 2617 2121 ,
2648 2056 2768 2111 aliis
2804 2055 3176 2125 pollicentibus
3216 2054 3400 2108 morbi
3452 2054 3742 2107 levationem

2164 2160 2286 2200 cum
2329 2146 2633 2217 impietate,
2676 2148 2992 2217 prmoptaris
3018 2154 3246 2200 mortem
3290 2160 3423 2199 cum
3464 2147 3675 2212 pietate.
3702 2144 3744 2197 E1
3788 2166 3790 2169 ·

2166 2236 2281 2293 haec
2311 2238 2464 2293 nobis
2492 2238 2629 2293 dicta
2661 2248 2819 2293 sunto
2847 2240 3101 2293 adversus
3125 2253 3219 2293 eos
3241 2278 3255 2301 ,
3284 2239 3385 2307 qui
3415 2240 3663 2306 jacunt,
3686 2238 3744 2290 (to

2164 2340 2396 2399 euntque
2420 2329 2691 2384 daemones
2720 2330 2941 2386 mederi.
2971 2330 3258 2395 Craterum,
3292 2340 3359 2383 ut
3390 2330 3680 2398 intelligas,
3700 2346 3741 2382 se

2165 2420 2269 2476 hoc
2293 2422 2504 2492 quidem
2530 2436 2650 2478 esse
2674 2438 2858 2478 verum
2879 2466 2894 2488 ,
2935 2422 3058 2476 audi
3088 2422 3214 2493 quid
3252 2420 3522 2477 Christus
3548 2422 3681 2476 dicat
3702 2426 3743 2475 di

2167 2513 2381 2567 diabolo
2402 2554 2418 2579 ,
2454 2511 2558 2568 Ille
2599 2514 2856 2567 homicida
2889 2524 2997 2569 erat
3033 2512 3097 2566 ab
3134 2513 3281 2566 initio
3313 2511 3530 2581 (Joan.
3559 2511 3613 2566 8.
3640 2513 3745 2565 με.

2170 2604 2312 2660 Deus
2340 2604 2491 2669 dicit,
2517 2605 2783 2660 homicida
2810 2616 2891 2661 est
2917 2622 2934 2660 :
2962 2615 3017 2661 et
3042 2614 3095 2660 tu
3119 2605 3184 2660 ad
3214 2604 3377 2659 illum
3408 2615 3680 2675 tamquam
3702 2606 3745 2656 si

2169 2694 2438 2751 medicum
2468 2696 2677 2753 curris?
2706 2698 2803 2753 Die
2830 2696 2959 2751 mihi
2984 2737 3001 2763 ,
3042 2711 3160 2751 cum
3190 2696 3557 2752 accusaberis
3579 2737 3595 2761 ,
3622 2713 3747 2766 quae

2170 2786 2433 2843 rationem
2461 2787 2654 2844 afferre
2682 2789 2882 2859 poteris
2901 2829 2915 2852 ,
2941 2787 3030 2859 qui
3059 2788 3253 2843 credas
3284 2786 3492 2843 horum
3523 2789 3746 2859 imposta-

2168 2877 2246 2931 ris
2284 2892 2405 2933 esse
2451 2877 2719 2933 ﬁdendum
2763 2880 2971 2949 potius,
3003 2894 3162 2949 quam
3198 2879 3413 2935 Christi
3456 2881 3747 2934 sententia?

2168 2970 2304 3026 Cum
2351 2971 2495 3027 enim
2537 2973 2677 3029 Deus
2719 2972 2896 3036 dicat,
2929 2972 3197 3029 homicida
3239 2982 3331 3029 est
3362 2992 3377 3027 :
3416 2974 3509 3028 isti
3545 2989 3664 3028 vero
3687 2974 3747 3028 di-

2171 3075 2333 3129 cant,
2368 3074 2546 3135 potest
2584 3081 2773 3121 curare
2812 3066 3064 3133 morbos,
3102 3066 3367 3121 nimirum
3418 3077 3749 3136 repugnantes

2170 3156 2655 3212 sententizedivina:
2674 3175 2687 3209 :
2709 3165 2764 3212 tu
2776 3171 2909 3212 vero
2926 3158 3153 3227 recipias
3172 3156 3371 3211 horum
3396 3157 3664 3212 maleﬁcia
3682 3158 3745 3210 iit:

2171 3258 2226 3302 et
2261 3249 2654 3304 incantamenta
2682 3291 2696 3316 ,
2726 3248 2861 3304 nibil
2886 3249 3029 3304 aliud
3058 3248 3186 3318 ipsis
3213 3246 3382 3303 factis
3412 3250 3525 3304 tuis
3546 3249 3746 3318 judias.

2172 3355 2329 3411 quam
2380 3341 2603 3396 istorum
2633 3341 2811 3397 verbis
2853 3342 3028 3412 potius
3056 3340 3369 3396 habendam
3394 3340 3596 3406 fidem,
3621 3357 3748 3411 qua!

2172 3433 2369 3490 Christi
2394 3451 2410 3489 :
2439 3434 2565 3490 licet
2589 3435 2771 3490 verbis
2805 3433 2860 3489 id
2901 3449 3008 3489 non
3037 3433 3204 3489 dicas.
3233 3432 3399 3500 Quod
3444 3432 3493 3488 si
3536 3432 3747 3487 diabolas

2173 3523 2441 3581 homicida
2470 3533 2574 3591 est,
2608 3524 2946 3580 manifestum
2967 3532 3049 3580 est
3070 3522 3210 3594 quod
3235 3523 3315 3577 illi
3340 3524 3649 3579 servientes
3669 3522 3749 3576 de

2172 3633 2360 3673 mones
2381 3628 2527 3673 sunt.
2557 3618 2622 3672 Et
2645 3620 2745 3671 hoc
2764 3632 2977 3687 quoque
2999 3627 3051 3671 te
3072 3615 3201 3683 ipsis
3228 3614 3392 3670 factis
3420 3614 3611 3670 docuit
3632 3614 3751 3669 Ciri—

2174 3720 2290 3764 stus
2309 3752 2324 3774 ,
2350 3710 2441 3779 qui
2470 3710 2710 3781 permisit
2738 3709 2859 3765 illos
2890 3710 3093 3765 irruere
3117 3709 3173 3763 in
3199 3708 3355 3763 illum
3399 3724 3625 3780 gregem
3650 3724 3747 3778 por-

2174 3816 2381 3867 corum,
2412 3817 2572 3872 quem
2601 3802 2909 3856 universum
2931 3802 2987 3856 in
3008 3815 3157 3855 mare
3177 3800 3601 3870 pracipitarunt
3628 3798 3747 3872 (Lar.

2174 3893 2229 3958 8,
2263 3892 2353 3947 32.
2379 3890 2563 3962 seqq.),
2588 3901 2647 3947 ut
2674 3892 3002 3963 intelligens
3035 3890 3175 3961 quod
3202 3890 3400 3945 eadem
3442 3890 3642 3945 facturi
3664 3890 3745 3943 fre

2176 3989 2283 4043 rint
2306 3988 2629 4053 hominibus,
2658 3988 2943 4056 statimque
2974 3984 3386 4055 przefocassent,
3423 3984 3470 4037 si
3503 3984 3647 4038 Deus
3670 3982 3746 4035 ilia

2179 4080 2525 4150 permisisset.
2553 4062 2709 4133 Nunc.
2727 4092 2858 4133 vero
2900 4077 3014 4146 ipse
3052 4076 3172 4130 illos
3196 4076 3446 4129 coercuit
3480 4074 3746 4145 prohibui-

2177 4186 2317 4240 que,
2366 4186 2464 4225 nec
2511 4170 2797 4240 quidquam
2839 4169 2915 4223 eis
2959 4167 3203 4238 permisit
3242 4165 3431 4220 facere
3460 4166 3743 4235 ejusmmﬁz

2177 4263 2317 4333 quod
2344 4262 2556 4332 quidem
2590 4262 2689 4332 ipsi
2723 4270 2985 4330 potestate
3025 4260 3079 4313 in
3108 4272 3303 4327 porcos
3342 4268 3574 4327 accepta
3604 4257 3745 4311 duch.

2177 4362 2384 4407 rarunt.
2412 4353 2623 4408 Etenim
2646 4351 2691 4407 si
2719 4352 2896 4422 porcis
2926 4365 3030 4405 non
3059 4357 3455 4419 pepercerunt,
3484 4346 3744 4401 [mrito-i-

2178 4459 2278 4499 nus
2300 4460 2332 4498 a
2362 4444 2515 4499 nobis
2539 4444 2939 4507 abstinuissent,
2967 4441 3012 4495 si
3034 4439 3291 4495 adversus
3313 4453 3423 4492 nos
3454 4445 3741 4507 peresam

2179 4537 2509 4592 habuissent.
2539 4534 2618 4590 Ne
2644 4535 2823 4605 igitur,
2856 4533 3084 4598 dilecte,
3117 4530 3398 4585 fraudibus
3428 4529 3647 4584 illorum
3668 4526 3739 4581 ab

2178 4627 2419 4693 ducaris;
2451 4625 2545 4683 sed
2568 4636 2683 4682 esto
2710 4625 3056 4681 conﬁrmatus
3081 4624 3133 4676 in
3160 4622 3359 4675 timore
3378 4619 3503 4675 Dei.

2252 4717 2415 4788 Signo
2431 4717 2595 4772 crucis
2616 4731 2772 4785 prava
2792 4723 3011 4785 potestas
3033 4711 3195 4766 omnis
3211 4713 3447 4782 fugatur.
3470 4739 3547 4750 —
3566 4709 3743 4778 Eique-

2181 4813 2340 4868 modo
2380 4810 2695 4882 ingredieris
2732 4805 3167 4881 synagogam?Si
3195 4818 3438 4873 nomine

2182 4904 2411 4959 frontem
2433 4912 2598 4966 tuam,
2628 4902 2773 4956 illico
2795 4900 2961 4970 fugiet
2986 4912 3145 4968 prava
3176 4904 3423 4965 potestas
3448 4908 3740 4967 synagogas

2182 4997 2504 5052 inhabitans.
2537 4996 2595 5050 Si
2633 5009 2762 5048 vero
2791 5008 2897 5047 non
2927 4990 3251 5062 signaveris,
3304 4990 3361 5042 in
3408 4989 3551 5058 ipsis
3576 4987 3737 5041 foribus

2183 5091 2424 5163 protinus
2451 5104 2597 5144 arma
2625 5086 2865 5157 abjeeisti
2883 5128 2898 5152 ,
2929 5100 3053 5140 mox
3079 5082 3279 5138 nudum
3301 5091 3361 5136 et
3387 5082 3655 5135 inermes
3674 5076 3739 5126 ιδ-

2182 5191 2391 5253 replum
2443 5190 2493 5235 te
2536 5177 2780 5233 diabolus
2833 5177 2985 5231 malis
3042 5174 3338 5229 innumeris
3392 5172 3621 5255 afﬁciet.
3665 5166 3735 5222 Sed

2182 5275 2308 5346 quid
2334 5274 2522 5328 attinet
2550 5271 2667 5326 haec
2687 5285 2717 5325 a
2740 5270 2893 5325 nobis
2916 5269 3063 5324 dici?
3089 5267 3219 5321 Nam
3246 5265 3390 5336 quod
3422 5266 3547 5335 ipse
3572 5276 3733 5331 quirent

2183 5366 2469 5421 maximum
2496 5370 2772 5433 peccatum
2790 5375 2910 5416 esse
2930 5359 3156 5430 iudicas.
3178 5356 3249 5411 ad
3262 5359 3604 5413 scelerauit:
3627 5355 3732 5408 illm
3788 5396 3790 5403 .

2183 5461 2357 5516 locum
2403 5471 2716 5518 accurrere,
2763 5450 3095 5506 manifestum
3134 5458 3217 5504 est
3260 5464 3331 5503 ex
3376 5449 3505 5514 ipsn
3550 5442 3733 5500 ademi:

2185 5553 2366 5609 modo.
2395 5552 2604 5607 Etenim
2631 5548 2768 5601 clam
2795 5547 2919 5600 illuc
2942 5542 3198 5597 accedere
3221 5539 3433 5602 studes,
3463 5548 3525 5594 et
3545 5534 3729 5591 [ιώ

2184 5646 2390 5713 amicis,
2419 5654 2578 5715 atque
2605 5640 2793 5696 vicinis
2817 5635 3109 5699 interdicis,
3134 5649 3201 5687 ne
3228 5641 3279 5687 te
3310 5631 3568 5685 deferant
3601 5628 3729 5681 3119-

2184 5739 2435 5795 cerdotes
2464 5756 2480 5793 :
2512 5749 2575 5789 ac
2619 5733 2665 5787 si
2707 5732 2824 5802 quis
2866 5728 3153 5791 detulerit,
3208 5724 3531 5796 indignaris.
3584 5723 3731 5775 Assa
3788 5723 3790 5802 ί

2187 5832 2346 5904 igitur
2388 5843 2591 5898 magna:
2635 5822 2914 5882 dementiae
2939 5821 3045 5891 sit,
3076 5820 3325 5878 homines
3362 5817 3511 5871 velle
3551 5814 3729 5871 fallere.
