  <div class='ocr_page' id='page_1' title='image "/cluster/home/n/w/nwhite01/storage/ocr_20150623/48/hvd.32044014784250/422.png"; bbox 0 0 3906 6236; ppageno 0'>
   <div class='ocr_carea' id='block_1_1' title="bbox 180 361 300 419">
    <p class='ocr_par' dir='ltr' id='par_1_1' title="bbox 180 361 300 419">
     <span class='ocr_line' id='line_1_1' title="bbox 180 361 300 419; baseline 0 0"><span class='ocrx_word' id='word_1_1' title='bbox 180 361 300 419; x_wconf 74' lang='lat'>939</span> 
     </span>
    </p>
   </div>
   <div class='ocr_carea' id='block_1_2' title="bbox 181 471 1777 548">
    <p class='ocr_par' dir='ltr' id='par_1_2' title="bbox 181 471 1777 548">
     <span class='ocr_line' id='line_1_2' title="bbox 181 471 1777 548; baseline -0.005 -18"><span class='ocrx_word' id='word_1_2' title='bbox 181 478 270 548; x_wconf 77' lang='grc' dir='ltr'>τῷ</span> <span class='ocrx_word' id='word_1_3' title='bbox 292 492 431 527; x_wconf 78' lang='grc' dir='ltr'>ποτε</span> <span class='ocrx_word' id='word_1_4' title='bbox 458 474 703 543; x_wconf 73' lang='grc' dir='ltr'>ληφθεὶς,</span> <span class='ocrx_word' id='word_1_5' title='bbox 742 474 952 545; x_wconf 85' lang='grc' dir='ltr'>μυρίων</span> <span class='ocrx_word' id='word_1_6' title='bbox 977 474 1128 544; x_wconf 79' lang='grc' dir='ltr'>αὑτῷ</span> <span class='ocrx_word' id='word_1_7' title='bbox 1165 473 1578 543; x_wconf 73' lang='grc' dir='ltr'>παραινούντων</span> <span class='ocrx_word' id='word_1_8' title='bbox 1604 471 1777 525; x_wconf 84' lang='grc' dir='ltr'>ἁπαλ-</span> 
     </span>
    </p>
   </div>
   <div class='ocr_carea' id='block_1_3' title="bbox 182 555 1781 630">
    <p class='ocr_par' dir='ltr' id='par_1_3' title="bbox 182 555 1781 630">
     <span class='ocr_line' id='line_1_3' title="bbox 182 555 1781 630; baseline -0.003 -19"><span class='ocrx_word' id='word_1_9' title='bbox 182 561 431 630; x_wconf 78' lang='grc' dir='ltr'>λαγῆναι</span> <span class='ocrx_word' id='word_1_10' title='bbox 471 560 568 627; x_wconf 83' lang='grc' dir='ltr'>τῆς</span> <span class='ocrx_word' id='word_1_11' title='bbox 607 558 786 618; x_wconf 82' lang='grc' dir='ltr'>νόσου,</span> <span class='ocrx_word' id='word_1_12' title='bbox 828 557 917 609; x_wconf 79' lang='grc' dir='ltr'>διά</span> <span class='ocrx_word' id='word_1_13' title='bbox 954 559 1013 610; x_wconf 82' lang='grc' dir='ltr'>τὸ</span> <span class='ocrx_word' id='word_1_14' title='bbox 1045 558 1216 626; x_wconf 74' lang='grc' dir='ltr'>δνομα</span> <span class='ocrx_word' id='word_1_15' title='bbox 1256 558 1319 610; x_wconf 85' lang='grc' dir='ltr'>τὸ</span> <span class='ocrx_word' id='word_1_16' title='bbox 1362 557 1512 626; x_wconf 83' lang='grc' dir='ltr'>ἐμὸν,</span> <span class='ocrx_word' id='word_1_17' title='bbox 1561 556 1655 609; x_wconf 76' lang='grc' dir='ltr'>καὶ</span> <span class='ocrx_word' id='word_1_18' title='bbox 1689 555 1781 606; x_wconf 87' lang='grc' dir='ltr'>τὸν</span> 
     </span>
    </p>
   </div>
   <div class='ocr_carea' id='block_1_4' title="bbox 184 638 1782 713">
    <p class='ocr_par' dir='ltr' id='par_1_4' title="bbox 184 638 1782 713">
     <span class='ocr_line' id='line_1_4' title="bbox 184 638 1782 713; baseline -0.005 -16"><span class='ocrx_word' id='word_1_19' title='bbox 184 643 366 713; x_wconf 65' lang='grc' dir='ltr'>φόϐον</span> <span class='ocrx_word' id='word_1_20' title='bbox 386 643 475 695; x_wconf 73' lang='grc' dir='ltr'>τὸν</span> <span class='ocrx_word' id='word_1_21' title='bbox 498 646 577 704; x_wconf 85' lang='grc' dir='ltr'>εἰς</span> <span class='ocrx_word' id='word_1_22' title='bbox 603 643 724 711; x_wconf 81' lang='grc' dir='ltr'>ἐμὲ,</span> <span class='ocrx_word' id='word_1_23' title='bbox 751 643 836 694; x_wconf 78' lang='grc' dir='ltr'>ἵνα</span> <span class='ocrx_word' id='word_1_24' title='bbox 861 643 922 693; x_wconf 77' lang='grc' dir='ltr'>ἐν</span> <span class='ocrx_word' id='word_1_25' title='bbox 945 642 1134 711; x_wconf 73' lang='grc' dir='ltr'>μηδενὶ</span> <span class='ocrx_word' id='word_1_26' title='bbox 1162 640 1529 713; x_wconf 69' lang='grc' dir='ltr'>προσκρούσῃ,</span> <span class='ocrx_word' id='word_1_27' title='bbox 1554 638 1782 692; x_wconf 77' lang='grc' dir='ltr'>διώσατο</span> 
     </span>
    </p>
   </div>
   <div class='ocr_carea' id='block_1_5' title="bbox 184 722 1784 796">
    <p class='ocr_par' dir='ltr' id='par_1_5' title="bbox 184 722 1784 796">
     <span class='ocr_line' id='line_1_5' title="bbox 184 722 1784 796; baseline -0.006 -14"><span class='ocrx_word' id='word_1_28' title='bbox 184 730 290 782; x_wconf 74' lang='grc' dir='ltr'>καὶ</span> <span class='ocrx_word' id='word_1_29' title='bbox 317 728 565 796; x_wconf 72' lang='grc' dir='ltr'>ἠτίμωσε</span> <span class='ocrx_word' id='word_1_30' title='bbox 596 726 724 788; x_wconf 75' lang='grc' dir='ltr'>τοὺς</span> <span class='ocrx_word' id='word_1_31' title='bbox 762 726 1226 795; x_wconf 79' lang='grc' dir='ltr'>ὑπισχνουμένους</span> <span class='ocrx_word' id='word_1_32' title='bbox 1264 726 1426 778; x_wconf 81' lang='grc' dir='ltr'>αὑτὸν</span> <span class='ocrx_word' id='word_1_33' title='bbox 1460 722 1784 795; x_wconf 75' lang='grc' dir='ltr'>θεραπεύειν</span> 
     </span>
    </p>
   </div>
   <div class='ocr_carea' id='block_1_6' title="bbox 184 806 1783 881">
    <p class='ocr_par' dir='ltr' id='par_1_6' title="bbox 184 806 1783 881">
     <span class='ocr_line' id='line_1_6' title="bbox 184 806 1783 881; baseline -0.004 -18"><span class='ocrx_word' id='word_1_34' title='bbox 184 812 394 881; x_wconf 78' lang='grc' dir='ltr'>ἐκείνῳ</span> <span class='ocrx_word' id='word_1_35' title='bbox 423 810 500 880; x_wconf 83' lang='grc' dir='ltr'>τῷ</span> <span class='ocrx_word' id='word_1_36' title='bbox 528 810 736 881; x_wconf 84' lang='grc' dir='ltr'>τρόπῳ,</span> <span class='ocrx_word' id='word_1_37' title='bbox 772 810 867 861; x_wconf 76' lang='grc' dir='ltr'>καὶ</span> <span class='ocrx_word' id='word_1_38' title='bbox 897 810 1070 862; x_wconf 78' lang='grc' dir='ltr'>είλετο</span> <span class='ocrx_word' id='word_1_39' title='bbox 1096 809 1298 880; x_wconf 82' lang='grc' dir='ltr'>μᾶλλον</span> <span class='ocrx_word' id='word_1_40' title='bbox 1330 806 1683 873; x_wconf 75' lang='grc' dir='ltr'>ἐναποθανεῖν</span> <span class='ocrx_word' id='word_1_41' title='bbox 1706 806 1783 875; x_wconf 82' lang='grc' dir='ltr'>τῷ</span> 
     </span>
    </p>
   </div>
   <div class='ocr_carea' id='block_1_7' title="bbox 186 890 1783 963">
    <p class='ocr_par' dir='ltr' id='par_1_7' title="bbox 186 890 1783 963">
     <span class='ocr_line' id='line_1_7' title="bbox 186 890 1783 963; baseline -0.003 -16"><span class='ocrx_word' id='word_1_42' title='bbox 186 900 487 963; x_wconf 67' lang='grc' dir='ltr'>νοσήματι.</span> <span class='ocrx_word' id='word_1_43' title='bbox 524 893 557 963; x_wconf 83' lang='grc' dir='ltr'>ἦ</span> <span class='ocrx_word' id='word_1_44' title='bbox 589 892 882 963; x_wconf 85' lang='grc' dir='ltr'>προδοῦναι</span> <span class='ocrx_word' id='word_1_45' title='bbox 913 894 1012 963; x_wconf 80' lang='grc' dir='ltr'>τὴν</span> <span class='ocrx_word' id='word_1_46' title='bbox 1041 895 1121 955; x_wconf 87' lang='grc' dir='ltr'>εἰς</span> <span class='ocrx_word' id='word_1_47' title='bbox 1154 894 1253 962; x_wconf 80' lang='grc' dir='ltr'>ἐμὲ</span> <span class='ocrx_word' id='word_1_48' title='bbox 1281 891 1513 945; x_wconf 75' lang='grc' dir='ltr'>εὔνοιαν.</span> <span class='ocrx_word' id='word_1_49' title='bbox 1542 892 1604 943; x_wconf 83' lang='grc' dir='ltr'>Εἰ</span> <span class='ocrx_word' id='word_1_50' title='bbox 1626 890 1735 960; x_wconf 81' lang='grc' dir='ltr'>γὰρ</span> <span class='ocrx_word' id='word_1_51' title='bbox 1764 901 1783 920; x_wconf 87' lang='grc'><strong>⁸</strong></span> 
     </span>
    </p>
   </div>
   <div class='ocr_carea' id='block_1_8' title="bbox 183 974 1782 1045">
    <p class='ocr_par' dir='ltr' id='par_1_8' title="bbox 183 974 1782 1045">
     <span class='ocr_line' id='line_1_8' title="bbox 183 974 1782 1045; baseline -0.004 -14"><span class='ocrx_word' id='word_1_52' title='bbox 183 982 323 1042; x_wconf 78' lang='grc' dir='ltr'>τοὺς</span> <span class='ocrx_word' id='word_1_53' title='bbox 357 978 685 1039; x_wconf 85' lang='grc' dir='ltr'>ποτίσαντας</span> <span class='ocrx_word' id='word_1_54' title='bbox 724 977 888 1031; x_wconf 83' lang='grc' dir='ltr'>αὑτὸν</span> <span class='ocrx_word' id='word_1_55' title='bbox 921 979 1016 1030; x_wconf 79' lang='grc' dir='ltr'>καὶ</span> <span class='ocrx_word' id='word_1_56' title='bbox 1048 976 1375 1039; x_wconf 79' lang='grc' dir='ltr'>ἐνδύσαντας</span> <span class='ocrx_word' id='word_1_57' title='bbox 1420 976 1514 1028; x_wconf 77' lang='grc' dir='ltr'>καὶ</span> <span class='ocrx_word' id='word_1_58' title='bbox 1545 974 1782 1045; x_wconf 78' lang='grc' dir='ltr'>θρέψαν-</span> 
     </span>
    </p>
   </div>
   <div class='ocr_carea' id='block_1_9' title="bbox 184 1057 1783 1132">
    <p class='ocr_par' dir='ltr' id='par_1_9' title="bbox 184 1057 1783 1132">
     <span class='ocr_line' id='line_1_9' title="bbox 184 1057 1783 1132; baseline -0.003 -18"><span class='ocrx_word' id='word_1_59' title='bbox 184 1080 294 1125; x_wconf 86' lang='grc' dir='ltr'>τας</span> <span class='ocrx_word' id='word_1_60' title='bbox 328 1064 409 1124; x_wconf 80' lang='grc' dir='ltr'>εἰς</span> <span class='ocrx_word' id='word_1_61' title='bbox 442 1061 606 1131; x_wconf 80' lang='grc' dir='ltr'>μέσον</span> <span class='ocrx_word' id='word_1_62' title='bbox 634 1063 895 1132; x_wconf 86' lang='grc' dir='ltr'>παράγει,</span> <span class='ocrx_word' id='word_1_63' title='bbox 925 1060 1105 1130; x_wconf 89' lang='grc' dir='ltr'>πολλῷ</span> <span class='ocrx_word' id='word_1_64' title='bbox 1137 1060 1335 1131; x_wconf 83' lang='grc' dir='ltr'>μᾶλλον</span> <span class='ocrx_word' id='word_1_65' title='bbox 1362 1060 1489 1121; x_wconf 81' lang='grc' dir='ltr'>τοὺς</span> <span class='ocrx_word' id='word_1_66' title='bbox 1521 1058 1587 1111; x_wconf 82' lang='grc' dir='ltr'>δι’</span> <span class='ocrx_word' id='word_1_67' title='bbox 1622 1057 1783 1111; x_wconf 81' lang='grc' dir='ltr'>αὑτὸν</span> 
     </span>
    </p>
   </div>
   <div class='ocr_carea' id='block_1_10' title="bbox 184 1142 1781 1217">
    <p class='ocr_par' dir='ltr' id='par_1_10' title="bbox 184 1142 1781 1217">
     <span class='ocr_line' id='line_1_10' title="bbox 184 1142 1781 1217; baseline -0.003 -19"><span class='ocrx_word' id='word_1_68' title='bbox 184 1145 487 1215; x_wconf 74' lang='grc' dir='ltr'>ἑλομένους</span> <span class='ocrx_word' id='word_1_69' title='bbox 534 1145 826 1214; x_wconf 80' lang='grc' dir='ltr'>ἀνέχεσθαι</span> <span class='ocrx_word' id='word_1_70' title='bbox 873 1145 1147 1217; x_wconf 79' lang='grc' dir='ltr'>πυρετῶν.</span> <span class='ocrx_word' id='word_1_71' title='bbox 1185 1145 1259 1197; x_wconf 85' lang='grc' dir='ltr'>Οὐ</span> <span class='ocrx_word' id='word_1_72' title='bbox 1309 1145 1417 1214; x_wconf 91' lang='grc' dir='ltr'>γάρ</span> <span class='ocrx_word' id='word_1_73' title='bbox 1449 1144 1598 1195; x_wconf 85' lang='grc' dir='ltr'>ἐστιν</span> <span class='ocrx_word' id='word_1_74' title='bbox 1646 1142 1781 1203; x_wconf 79' lang='grc' dir='ltr'>ἴσον,</span> 
     </span>
    </p>
   </div>
   <div class='ocr_carea' id='block_1_11' title="bbox 180 1226 1785 1299">
    <p class='ocr_par' dir='ltr' id='par_1_11' title="bbox 180 1226 1785 1299">
     <span class='ocr_line' id='line_1_11' title="bbox 180 1226 1785 1299; baseline -0.004 -17"><span class='ocrx_word' id='word_1_75' title='bbox 180 1228 365 1299; x_wconf 69' lang='grc' dir='ltr'>ζρτον</span> <span class='ocrx_word' id='word_1_76' title='bbox 409 1228 591 1281; x_wconf 86' lang='grc' dir='ltr'>δοῦναι</span> <span class='ocrx_word' id='word_1_77' title='bbox 649 1230 743 1281; x_wconf 66' lang='grc' dir='ltr'>κα)⁸</span> <span class='ocrx_word' id='word_1_78' title='bbox 790 1230 1024 1299; x_wconf 78' lang='grc' dir='ltr'>ἱμάτιον,</span> <span class='ocrx_word' id='word_1_79' title='bbox 1065 1230 1159 1281; x_wconf 75' lang='grc' dir='ltr'>καὶ</span> <span class='ocrx_word' id='word_1_80' title='bbox 1200 1228 1352 1281; x_wconf 85' lang='grc' dir='ltr'>νόσον</span> <span class='ocrx_word' id='word_1_81' title='bbox 1392 1226 1609 1297; x_wconf 80' lang='grc' dir='ltr'>μακρὰν</span> <span class='ocrx_word' id='word_1_82' title='bbox 1652 1226 1785 1277; x_wconf 81' lang='grc' dir='ltr'>ὑπο-</span> 
     </span>
    </p>
   </div>
   <div class='ocr_carea' id='block_1_12' title="bbox 190 1307 1783 1383">
    <p class='ocr_par' dir='ltr' id='par_1_12' title="bbox 190 1307 1783 1383">
     <span class='ocr_line' id='line_1_12' title="bbox 190 1307 1783 1383; baseline -0.003 -18"><span class='ocrx_word' id='word_1_83' title='bbox 190 1314 406 1383; x_wconf 83' lang='grc' dir='ltr'>μένειν,</span> <span class='ocrx_word' id='word_1_84' title='bbox 442 1311 578 1365; x_wconf 86' lang='grc' dir='ltr'>ἀλλά</span> <span class='ocrx_word' id='word_1_85' title='bbox 629 1312 811 1381; x_wconf 84' lang='grc' dir='ltr'>πολλῷ</span> <span class='ocrx_word' id='word_1_86' title='bbox 859 1312 1045 1382; x_wconf 80' lang='grc' dir='ltr'>μεῖζον</span> <span class='ocrx_word' id='word_1_87' title='bbox 1086 1311 1247 1365; x_wconf 89' lang='grc' dir='ltr'>τοῦτο</span> <span class='ocrx_word' id='word_1_88' title='bbox 1294 1312 1524 1364; x_wconf 70' lang='grc' dir='ltr'>ἐκείνου·</span> <span class='ocrx_word' id='word_1_89' title='bbox 1569 1309 1680 1378; x_wconf 84' lang='grc' dir='ltr'>ὅσῳ</span> <span class='ocrx_word' id='word_1_90' title='bbox 1726 1307 1783 1361; x_wconf 88' lang='grc' dir='ltr'>δὲ</span> 
     </span>
    </p>
   </div>
   <div class='ocr_carea' id='block_1_13' title="bbox 192 1390 1786 1467">
    <p class='ocr_par' dir='ltr' id='par_1_13' title="bbox 192 1390 1786 1467">
     <span class='ocr_line' id='line_1_13' title="bbox 192 1390 1786 1467; baseline -0.003 -18"><span class='ocrx_word' id='word_1_91' title='bbox 192 1397 407 1467; x_wconf 75' lang='grc' dir='ltr'>μείζων</span> <span class='ocrx_word' id='word_1_92' title='bbox 438 1398 467 1448; x_wconf 86' lang='grc' dir='ltr'>ὁ</span> <span class='ocrx_word' id='word_1_93' title='bbox 499 1395 681 1457; x_wconf 86' lang='grc' dir='ltr'>πόνος,</span> <span class='ocrx_word' id='word_1_94' title='bbox 706 1394 948 1466; x_wconf 81' lang='grc' dir='ltr'>τοσούτῳ</span> <span class='ocrx_word' id='word_1_95' title='bbox 981 1395 1073 1448; x_wconf 77' lang='grc' dir='ltr'>καὶ</span> <span class='ocrx_word' id='word_1_96' title='bbox 1100 1396 1131 1449; x_wconf 90' lang='lat'>6</span> <span class='ocrx_word' id='word_1_97' title='bbox 1170 1395 1431 1463; x_wconf 79' lang='grc' dir='ltr'>στέφανος</span> <span class='ocrx_word' id='word_1_98' title='bbox 1464 1393 1619 1445; x_wconf 76' lang='grc' dir='ltr'>ἔσται</span> <span class='ocrx_word' id='word_1_99' title='bbox 1646 1390 1786 1461; x_wconf 89' lang='grc' dir='ltr'>λαμ-</span> 
     </span>
    </p>
   </div>
   <div class='ocr_carea' id='block_1_14' title="bbox 188 1481 489 1551">
    <p class='ocr_par' dir='ltr' id='par_1_14' title="bbox 188 1481 489 1551">
     <span class='ocr_line' id='line_1_14' title="bbox 188 1481 489 1551; baseline -0.003 -18"><span class='ocrx_word' id='word_1_100' title='bbox 188 1481 489 1551; x_wconf 76' lang='grc' dir='ltr'>πρότερος.</span> 
     </span>
    </p>
   </div>
   <div class='ocr_carea' id='block_1_15' title="bbox 266 1560 1780 1631">
    <p class='ocr_par' dir='ltr' id='par_1_15' title="bbox 266 1560 1780 1631">
     <span class='ocr_line' id='line_1_15' title="bbox 266 1560 1780 1631; baseline -0.002 -17"><span class='ocrx_word' id='word_1_101' title='bbox 266 1563 457 1616; x_wconf 83' lang='grc' dir='ltr'>Ταῦτα</span> <span class='ocrx_word' id='word_1_102' title='bbox 486 1562 578 1614; x_wconf 76' lang='grc' dir='ltr'>καὶ</span> <span class='ocrx_word' id='word_1_103' title='bbox 607 1563 949 1628; x_wconf 76' lang='grc' dir='ltr'>ὑγιαίνοντες</span> <span class='ocrx_word' id='word_1_104' title='bbox 982 1561 1299 1631; x_wconf 78' lang='grc' dir='ltr'>μελετῶμεν</span> <span class='ocrx_word' id='word_1_105' title='bbox 1337 1561 1432 1614; x_wconf 70' lang='grc' dir='ltr'>καὶ</span> <span class='ocrx_word' id='word_1_106' title='bbox 1460 1560 1780 1630; x_wconf 83' lang='grc' dir='ltr'>κάμνοντες,</span> 
     </span>
    </p>
   </div>
   <div class='ocr_carea' id='block_1_16' title="bbox 187 1643 1782 1716">
    <p class='ocr_par' dir='ltr' id='par_1_16' title="bbox 187 1643 1782 1716">
     <span class='ocr_line' id='line_1_16' title="bbox 187 1643 1782 1716; baseline -0.001 -19"><span class='ocrx_word' id='word_1_107' title='bbox 187 1646 292 1699; x_wconf 73' lang='grc' dir='ltr'>καὶ</span> <span class='ocrx_word' id='word_1_108' title='bbox 315 1644 454 1716; x_wconf 85' lang='grc' dir='ltr'>πρὸς</span> <span class='ocrx_word' id='word_1_109' title='bbox 480 1645 702 1713; x_wconf 78' lang='grc' dir='ltr'>ἑτέρους</span> <span class='ocrx_word' id='word_1_110' title='bbox 730 1643 999 1713; x_wconf 56' lang='grc' dir='ltr'>λέγωμεν</span> <span class='ocrx_word' id='word_1_111' title='bbox 1035 1643 1140 1697; x_wconf 81' lang='grc' dir='ltr'>κᾶν</span> <span class='ocrx_word' id='word_1_112' title='bbox 1168 1643 1365 1715; x_wconf 74' lang='grc' dir='ltr'>ἴδωμεν</span> <span class='ocrx_word' id='word_1_113' title='bbox 1400 1643 1626 1706; x_wconf 78' lang='grc' dir='ltr'>ἑαυτούς</span> <span class='ocrx_word' id='word_1_114' title='bbox 1652 1660 1782 1695; x_wconf 89' lang='grc' dir='ltr'>ποτε</span> 
     </span>
    </p>
   </div>
   <div class='ocr_carea' id='block_1_17' title="bbox 186 1727 1785 1800">
    <p class='ocr_par' dir='ltr' id='par_1_17' title="bbox 186 1727 1785 1800">
     <span class='ocr_line' id='line_1_17' title="bbox 186 1727 1785 1800; baseline -0.002 -19"><span class='ocrx_word' id='word_1_115' title='bbox 186 1732 255 1781; x_wconf 76' lang='grc' dir='ltr'>ἐν</span> <span class='ocrx_word' id='word_1_116' title='bbox 286 1728 513 1800; x_wconf 83' lang='grc' dir='ltr'>πυρετῷ</span> <span class='ocrx_word' id='word_1_117' title='bbox 534 1728 863 1797; x_wconf 87' lang='grc' dir='ltr'>γενομένους</span> <span class='ocrx_word' id='word_1_118' title='bbox 888 1729 1169 1798; x_wconf 81' lang='grc' dir='ltr'>ἀφορήτῳ,</span> <span class='ocrx_word' id='word_1_119' title='bbox 1201 1730 1379 1781; x_wconf 74' lang='grc' dir='ltr'>ἐκεῖνο</span> <span class='ocrx_word' id='word_1_120' title='bbox 1405 1728 1541 1799; x_wconf 88' lang='grc' dir='ltr'>πρὸς</span> <span class='ocrx_word' id='word_1_121' title='bbox 1559 1727 1785 1789; x_wconf 78' lang='grc' dir='ltr'>ἑαυτοὺς</span> 
     </span>
    </p>
   </div>
   <div class='ocr_carea' id='block_1_18' title="bbox 185 1810 1786 1884">
    <p class='ocr_par' dir='ltr' id='par_1_18' title="bbox 185 1810 1786 1884">
     <span class='ocr_line' id='line_1_18' title="bbox 185 1810 1786 1884; baseline -0.001 -20"><span class='ocrx_word' id='word_1_122' title='bbox 185 1813 463 1883; x_wconf 78' lang='grc' dir='ltr'>εἴπωμεν·</span> <span class='ocrx_word' id='word_1_123' title='bbox 498 1810 562 1863; x_wconf 87' lang='grc' dir='ltr'>Τί</span> <span class='ocrx_word' id='word_1_124' title='bbox 592 1811 703 1875; x_wconf 74' lang='grc' dir='ltr'>δαὶ,</span> <span class='ocrx_word' id='word_1_125' title='bbox 738 1812 790 1863; x_wconf 81' lang='grc' dir='ltr'>εί</span> <span class='ocrx_word' id='word_1_126' title='bbox 806 1810 972 1863; x_wconf 82' lang='grc' dir='ltr'>ποθεν</span> <span class='ocrx_word' id='word_1_127' title='bbox 997 1812 1377 1884; x_wconf 71' lang='grc' dir='ltr'>ἐπενεχθείσης</span> <span class='ocrx_word' id='word_1_128' title='bbox 1397 1815 1529 1883; x_wconf 81' lang='grc' dir='ltr'>ἡμῖν</span> <span class='ocrx_word' id='word_1_129' title='bbox 1554 1827 1786 1881; x_wconf 88' lang='grc' dir='ltr'>κατηγο-</span> 
     </span>
    </p>
   </div>
   <div class='ocr_carea' id='block_1_19' title="bbox 190 1892 1779 1967">
    <p class='ocr_par' dir='ltr' id='par_1_19' title="bbox 190 1892 1779 1967">
     <span class='ocr_line' id='line_1_19' title="bbox 190 1892 1779 1967; baseline -0.004 -16"><span class='ocrx_word' id='word_1_130' title='bbox 190 1898 347 1967; x_wconf 83' lang='grc' dir='ltr'>ρίας,</span> <span class='ocrx_word' id='word_1_131' title='bbox 374 1899 455 1959; x_wconf 85' lang='grc' dir='ltr'>εἰς</span> <span class='ocrx_word' id='word_1_132' title='bbox 486 1895 836 1965; x_wconf 88' lang='grc' dir='ltr'>δικαστήριον</span> <span class='ocrx_word' id='word_1_133' title='bbox 865 1894 1284 1965; x_wconf 87' lang='grc' dir='ltr'>εἰσηνέχθημεν,</span> <span class='ocrx_word' id='word_1_134' title='bbox 1312 1892 1431 1950; x_wconf 72' lang='grc' dir='ltr'>εἶτα</span> <span class='ocrx_word' id='word_1_135' title='bbox 1455 1895 1779 1967; x_wconf 79' lang='grc' dir='ltr'>ἀναρτηθένο</span> 
     </span>
    </p>
   </div>
   <div class='ocr_carea' id='block_1_20' title="bbox 184 1976 1788 2051">
    <p class='ocr_par' dir='ltr' id='par_1_20' title="bbox 184 1976 1788 2051">
     <span class='ocr_line' id='line_1_20' title="bbox 184 1976 1788 2051; baseline 0.001 -20"><span class='ocrx_word' id='word_1_136' title='bbox 184 1996 287 2042; x_wconf 79' lang='grc' dir='ltr'>τες</span> <span class='ocrx_word' id='word_1_137' title='bbox 321 1976 755 2047; x_wconf 80' lang='grc' dir='ltr'>κατεξαινόμεθα</span> <span class='ocrx_word' id='word_1_138' title='bbox 778 1977 878 2039; x_wconf 79' lang='grc' dir='ltr'>τὰς</span> <span class='ocrx_word' id='word_1_139' title='bbox 903 1977 1165 2049; x_wconf 83' lang='grc' dir='ltr'>πλευρὰς,</span> <span class='ocrx_word' id='word_1_140' title='bbox 1192 1980 1293 2032; x_wconf 75' lang='grc' dir='ltr'>οὑκ</span> <span class='ocrx_word' id='word_1_141' title='bbox 1317 1981 1530 2050; x_wconf 83' lang='grc' dir='ltr'>ἀνάγκη</span> <span class='ocrx_word' id='word_1_142' title='bbox 1558 1976 1626 2051; x_wconf 78' lang='grc' dir='ltr'>ἦν</span> <span class='ocrx_word' id='word_1_143' title='bbox 1658 1982 1788 2032; x_wconf 88' lang='grc' dir='ltr'>ὑπο-</span> 
     </span>
    </p>
   </div>
   <div class='ocr_carea' id='block_1_21' title="bbox 191 2060 1782 2134">
    <p class='ocr_par' dir='ltr' id='par_1_21' title="bbox 191 2060 1782 2134">
     <span class='ocr_line' id='line_1_21' title="bbox 191 2060 1782 2134; baseline 0.002 -20"><span class='ocrx_word' id='word_1_144' title='bbox 191 2066 386 2133; x_wconf 80' lang='grc' dir='ltr'>μεῖναι</span> <span class='ocrx_word' id='word_1_145' title='bbox 415 2062 631 2123; x_wconf 80' lang='grc' dir='ltr'>πάντως</span> <span class='ocrx_word' id='word_1_146' title='bbox 660 2061 757 2114; x_wconf 76' lang='grc' dir='ltr'>καὶ</span> <span class='ocrx_word' id='word_1_147' title='bbox 785 2060 1031 2131; x_wconf 82' lang='grc' dir='ltr'>ἀκερδῶς</span> <span class='ocrx_word' id='word_1_148' title='bbox 1070 2062 1164 2114; x_wconf 63' lang='grc' dir='ltr'>καί⁵</span> <span class='ocrx_word' id='word_1_149' title='bbox 1189 2063 1355 2134; x_wconf 72' lang='grc' dir='ltr'>χωρὶς</span> <span class='ocrx_word' id='word_1_150' title='bbox 1396 2064 1587 2133; x_wconf 81' lang='grc' dir='ltr'>μισθοῦ</span> <span class='ocrx_word' id='word_1_151' title='bbox 1610 2079 1782 2127; x_wconf 87' lang='grc' dir='ltr'>τινος;</span> 
     </span>
    </p>
   </div>
   <div class='ocr_carea' id='block_1_22' title="bbox 188 2141 1785 2215">
    <p class='ocr_par' dir='ltr' id='par_1_22' title="bbox 188 2141 1785 2215">
     <span class='ocr_line' id='line_1_22' title="bbox 188 2141 1785 2215; baseline 0.001 -18"><span class='ocrx_word' id='word_1_152' title='bbox 188 2145 373 2199; x_wconf 85' lang='grc' dir='ltr'>Τοῦτο</span> <span class='ocrx_word' id='word_1_153' title='bbox 411 2146 507 2197; x_wconf 77' lang='grc' dir='ltr'>καὶ</span> <span class='ocrx_word' id='word_1_154' title='bbox 546 2144 641 2197; x_wconf 89' lang='grc' dir='ltr'>νῦν</span> <span class='ocrx_word' id='word_1_155' title='bbox 678 2141 1043 2214; x_wconf 69' lang='grc' dir='ltr'>λογιζώμεθα*</span> <span class='ocrx_word' id='word_1_156' title='bbox 1086 2144 1435 2215; x_wconf 83' lang='grc' dir='ltr'>προσκείσθω</span> <span class='ocrx_word' id='word_1_157' title='bbox 1478 2148 1657 2200; x_wconf 82' lang='grc' dir='ltr'>τοίνυν</span> <span class='ocrx_word' id='word_1_158' title='bbox 1692 2148 1785 2198; x_wconf 86' lang='grc' dir='ltr'><strong>καί</strong></span> 
     </span>
    </p>
   </div>
   <div class='ocr_carea' id='block_1_23' title="bbox 182 2223 1785 2300">
    <p class='ocr_par' dir='ltr' id='par_1_23' title="bbox 182 2223 1785 2300">
     <span class='ocr_line' id='line_1_23' title="bbox 182 2223 1785 2300; baseline -0.001 -17"><span class='ocrx_word' id='word_1_159' title='bbox 182 2228 299 2299; x_wconf 79' lang='grc' dir='ltr'>τῆς</span> <span class='ocrx_word' id='word_1_160' title='bbox 344 2228 669 2299; x_wconf 72' lang='grc' dir='ltr'>ὑπομονῆςὶ)</span> <span class='ocrx_word' id='word_1_161' title='bbox 724 2228 753 2279; x_wconf 83' lang='grc' dir='ltr'>ὀ</span> <span class='ocrx_word' id='word_1_162' title='bbox 799 2226 1012 2297; x_wconf 86' lang='grc' dir='ltr'>μισθὸς,</span> <span class='ocrx_word' id='word_1_163' title='bbox 1064 2223 1255 2291; x_wconf 74' lang='grc' dir='ltr'>ἱκανὸς</span> <span class='ocrx_word' id='word_1_164' title='bbox 1299 2229 1376 2281; x_wconf 82' lang='grc' dir='ltr'>ῶν</span> <span class='ocrx_word' id='word_1_165' title='bbox 1422 2229 1637 2299; x_wconf 81' lang='grc' dir='ltr'>ἀλεῖψαι</span> <span class='ocrx_word' id='word_1_166' title='bbox 1686 2229 1785 2300; x_wconf 81' lang='grc' dir='ltr'>τὴν</span> 
     </span>
    </p>
   </div>
   <div class='ocr_carea' id='block_1_24' title="bbox 74 2311 1783 2383">
    <p class='ocr_par' dir='ltr' id='par_1_24' title="bbox 74 2311 1783 2383">
     <span class='ocr_line' id='line_1_24' title="bbox 74 2311 1783 2383; baseline 0.004 -22"><span class='ocrx_word' id='word_1_167' title='bbox 74 2356 87 2361; x_wconf 85' lang='grc'>-</span> <span class='ocrx_word' id='word_1_168' title='bbox 187 2314 553 2366; x_wconf 81' lang='grc' dir='ltr'>πεπτωκυῖαν</span> <span class='ocrx_word' id='word_1_169' title='bbox 577 2312 836 2364; x_wconf 84' lang='grc' dir='ltr'>διάνοιαν.</span> <span class='ocrx_word' id='word_1_170' title='bbox 873 2311 1034 2365; x_wconf 83' lang='grc' dir='ltr'>Ἀλλά</span> <span class='ocrx_word' id='word_1_171' title='bbox 1057 2312 1290 2382; x_wconf 84' lang='grc' dir='ltr'>χαλεπὸς</span> <span class='ocrx_word' id='word_1_172' title='bbox 1314 2314 1342 2365; x_wconf 88' lang='lat'>6</span> <span class='ocrx_word' id='word_1_173' title='bbox 1365 2313 1615 2383; x_wconf 83' lang='grc' dir='ltr'>πυρετός.</span> <span class='ocrx_word' id='word_1_174' title='bbox 1641 2312 1783 2367; x_wconf 85' lang='grc' dir='ltr'>Ἀλλ’</span> 
     </span>
    </p>
   </div>
   <div class='ocr_carea' id='block_1_25' title="bbox 185 2393 1784 2467">
    <p class='ocr_par' dir='ltr' id='par_1_25' title="bbox 185 2393 1784 2467">
     <span class='ocr_line' id='line_1_25' title="bbox 185 2393 1784 2467; baseline -0.002 -16"><span class='ocrx_word' id='word_1_175' title='bbox 185 2396 523 2466; x_wconf 82' lang='grc' dir='ltr'>ἀντίστησον</span> <span class='ocrx_word' id='word_1_176' title='bbox 568 2395 648 2463; x_wconf 81' lang='grc' dir='ltr'>τῷ</span> <span class='ocrx_word' id='word_1_177' title='bbox 686 2393 907 2465; x_wconf 81' lang='grc' dir='ltr'>πυρετῷ</span> <span class='ocrx_word' id='word_1_178' title='bbox 945 2394 1007 2446; x_wconf 87' lang='grc' dir='ltr'>τὸ</span> <span class='ocrx_word' id='word_1_179' title='bbox 1044 2394 1146 2465; x_wconf 77' lang='grc' dir='ltr'>τῆς</span> <span class='ocrx_word' id='word_1_180' title='bbox 1191 2395 1417 2467; x_wconf 79' lang='grc' dir='ltr'>γεέννης</span> <span class='ocrx_word' id='word_1_181' title='bbox 1448 2395 1580 2467; x_wconf 89' lang='grc' dir='ltr'>πῦρ,</span> <span class='ocrx_word' id='word_1_182' title='bbox 1611 2396 1639 2449; x_wconf 80' lang='grc' dir='ltr'>δ</span> <span class='ocrx_word' id='word_1_183' title='bbox 1667 2396 1784 2448; x_wconf 85' lang='grc' dir='ltr'>δισ-</span> 
     </span>
    </p>
   </div>
   <div class='ocr_carea' id='block_1_26' title="bbox 183 2477 1784 2553">
    <p class='ocr_par' dir='ltr' id='par_1_26' title="bbox 183 2477 1784 2553">
     <span class='ocr_line' id='line_1_26' title="bbox 183 2477 1784 2553; baseline -0.001 -19"><span class='ocrx_word' id='word_1_184' title='bbox 183 2480 373 2553; x_wconf 77' lang='grc' dir='ltr'>φεύξῃ</span> <span class='ocrx_word' id='word_1_185' title='bbox 398 2479 633 2545; x_wconf 85' lang='grc' dir='ltr'>πάντως,</span> <span class='ocrx_word' id='word_1_186' title='bbox 660 2478 756 2532; x_wconf 74' lang='grc' dir='ltr'>ἐὰν</span> <span class='ocrx_word' id='word_1_187' title='bbox 778 2478 877 2551; x_wconf 74' lang='grc' dir='ltr'>ἕλῃ</span> <span class='ocrx_word' id='word_1_188' title='bbox 901 2477 1089 2532; x_wconf 89' lang='grc' dir='ltr'>τοῦτον</span> <span class='ocrx_word' id='word_1_189' title='bbox 1116 2478 1238 2549; x_wconf 87' lang='grc' dir='ltr'>μεθ’</span> <span class='ocrx_word' id='word_1_190' title='bbox 1261 2480 1536 2550; x_wconf 82' lang='grc' dir='ltr'>ὑπομονῆς</span> <span class='ocrx_word' id='word_1_191' title='bbox 1565 2482 1784 2549; x_wconf 76' lang='grc' dir='ltr'>ἀπάσης</span> 
     </span>
    </p>
   </div>
   <div class='ocr_carea' id='block_1_27' title="bbox 186 2560 1780 2633">
    <p class='ocr_par' dir='ltr' id='par_1_27' title="bbox 186 2560 1780 2633">
     <span class='ocr_line' id='line_1_27' title="bbox 186 2560 1780 2633; baseline -0.001 -17"><span class='ocrx_word' id='word_1_192' title='bbox 186 2563 462 2630; x_wconf 73' lang='grc' dir='ltr'>ἐνεγκεῖν·</span> <span class='ocrx_word' id='word_1_193' title='bbox 495 2561 872 2632; x_wconf 81' lang='grc' dir='ltr'>ἀναμνήσθητι</span> <span class='ocrx_word' id='word_1_194' title='bbox 895 2560 1001 2614; x_wconf 87' lang='grc' dir='ltr'>τῶν</span> <span class='ocrx_word' id='word_1_195' title='bbox 1024 2563 1358 2627; x_wconf 81' lang='grc' dir='ltr'>ἀποστόλων,</span> <span class='ocrx_word' id='word_1_196' title='bbox 1388 2564 1489 2616; x_wconf 86' lang='grc' dir='ltr'>ὅσα</span> <span class='ocrx_word' id='word_1_197' title='bbox 1522 2564 1780 2633; x_wconf 72' lang='grc' dir='ltr'>ἔπασχονο</span> 
     </span>
    </p>
   </div>
   <div class='ocr_carea' id='block_1_28' title="bbox 184 2642 1786 2716">
    <p class='ocr_par' dir='ltr' id='par_1_28' title="bbox 184 2642 1786 2716">
     <span class='ocr_line' id='line_1_28' title="bbox 184 2642 1786 2716; baseline -0.001 -16"><span class='ocrx_word' id='word_1_198' title='bbox 184 2645 580 2716; x_wconf 80' lang='grc' dir='ltr'>ἀναμνήσθητι</span> <span class='ocrx_word' id='word_1_199' title='bbox 629 2643 737 2697; x_wconf 90' lang='grc' dir='ltr'>τῶν</span> <span class='ocrx_word' id='word_1_200' title='bbox 782 2645 1029 2707; x_wconf 87' lang='grc' dir='ltr'>δικαίων,</span> <span class='ocrx_word' id='word_1_201' title='bbox 1071 2646 1153 2698; x_wconf 81' lang='grc' dir='ltr'>ὅτι</span> <span class='ocrx_word' id='word_1_202' title='bbox 1204 2646 1497 2709; x_wconf 86' lang='grc' dir='ltr'>διαπαντὸς</span> <span class='ocrx_word' id='word_1_203' title='bbox 1541 2642 1682 2715; x_wconf 83' lang='grc' dir='ltr'>ἦσαν</span> <span class='ocrx_word' id='word_1_204' title='bbox 1728 2650 1786 2699; x_wconf 81' lang='grc' dir='ltr'>ὲν</span> 
     </span>
    </p>
   </div>
   <div class='ocr_carea' id='block_1_29' title="bbox 186 2727 1785 2801">
    <p class='ocr_par' dir='ltr' id='par_1_29' title="bbox 186 2727 1785 2801">
     <span class='ocr_line' id='line_1_29' title="bbox 186 2727 1785 2801; baseline 0 -18"><span class='ocrx_word' id='word_1_205' title='bbox 186 2729 464 2799; x_wconf 75' lang='grc' dir='ltr'>θλίψεσινο</span> <span class='ocrx_word' id='word_1_206' title='bbox 514 2728 897 2801; x_wconf 77' lang='grc' dir='ltr'>ἁγαμνήσθητι</span> <span class='ocrx_word' id='word_1_207' title='bbox 943 2727 1037 2782; x_wconf 86' lang='grc' dir='ltr'>τοῦ</span> <span class='ocrx_word' id='word_1_208' title='bbox 1074 2728 1349 2801; x_wconf 83' lang='grc' dir='ltr'>μακαρίου</span> <span class='ocrx_word' id='word_1_209' title='bbox 1383 2728 1668 2799; x_wconf 84' lang='grc' dir='ltr'>Τιμοθέου,</span> <span class='ocrx_word' id='word_1_210' title='bbox 1703 2731 1785 2783; x_wconf 87' lang='grc' dir='ltr'>ὃτι</span> 
     </span>
    </p>
   </div>
   <div class='ocr_carea' id='block_1_30' title="bbox 186 2811 1788 2883">
    <p class='ocr_par' dir='ltr' id='par_1_30' title="bbox 186 2811 1788 2883">
     <span class='ocr_line' id='line_1_30' title="bbox 186 2811 1788 2883; baseline -0.001 -16"><span class='ocrx_word' id='word_1_211' title='bbox 186 2812 453 2869; x_wconf 73' lang='grc' dir='ltr'>οὐδέποτε</span> <span class='ocrx_word' id='word_1_212' title='bbox 480 2812 546 2864; x_wconf 77' lang='grc' dir='ltr'>ὲκ</span> <span class='ocrx_word' id='word_1_213' title='bbox 574 2813 671 2881; x_wconf 83' lang='grc' dir='ltr'>τῆς</span> <span class='ocrx_word' id='word_1_214' title='bbox 696 2813 1010 2883; x_wconf 80' lang='grc' dir='ltr'>ἀρρωστίας</span> <span class='ocrx_word' id='word_1_215' title='bbox 1031 2813 1384 2874; x_wconf 86' lang='grc' dir='ltr'>ἀνέπνευσεν,</span> <span class='ocrx_word' id='word_1_216' title='bbox 1408 2811 1545 2865; x_wconf 81' lang='grc' dir='ltr'>ἀλλὰ</span> <span class='ocrx_word' id='word_1_217' title='bbox 1572 2813 1788 2883; x_wconf 85' lang='grc' dir='ltr'>σύντρο-</span> 
     </span>
    </p>
   </div>
   <div class='ocr_carea' id='block_1_31' title="bbox 188 2893 1785 2969">
    <p class='ocr_par' dir='ltr' id='par_1_31' title="bbox 188 2893 1785 2969">
     <span class='ocr_line' id='line_1_31' title="bbox 188 2893 1785 2969; baseline 0 -18"><span class='ocrx_word' id='word_1_218' title='bbox 188 2916 297 2967; x_wconf 82' lang='grc' dir='ltr'>φος</span> <span class='ocrx_word' id='word_1_219' title='bbox 326 2893 396 2969; x_wconf 80' lang='grc' dir='ltr'>ἦν</span> <span class='ocrx_word' id='word_1_220' title='bbox 417 2898 684 2967; x_wconf 78' lang='grc' dir='ltr'>νοσήματι</span> <span class='ocrx_word' id='word_1_221' title='bbox 707 2895 963 2965; x_wconf 86' lang='grc' dir='ltr'>διηνεκεῖ,</span> <span class='ocrx_word' id='word_1_222' title='bbox 992 2897 1100 2948; x_wconf 83' lang='lat' dir='ltr'>Kal</span> <span class='ocrx_word' id='word_1_223' title='bbox 1132 2896 1293 2949; x_wconf 88' lang='grc' dir='ltr'>τοῦτο</span> <span class='ocrx_word' id='word_1_224' title='bbox 1319 2897 1348 2948; x_wconf 98' lang='lat'>6</span> <span class='ocrx_word' id='word_1_225' title='bbox 1377 2894 1588 2959; x_wconf 85' lang='grc' dir='ltr'>Παῦλος</span> <span class='ocrx_word' id='word_1_226' title='bbox 1610 2896 1785 2967; x_wconf 84' lang='grc' dir='ltr'>δηλῶν</span> 
     </span>
    </p>
   </div>
   <div class='ocr_carea' id='block_1_32' title="bbox 187 2978 1783 3050">
    <p class='ocr_par' dir='ltr' id='par_1_32' title="bbox 187 2978 1783 3050">
     <span class='ocr_line' id='line_1_32' title="bbox 187 2978 1783 3050; baseline -0.002 -14"><span class='ocrx_word' id='word_1_227' title='bbox 187 2984 405 3050; x_wconf 72' lang='grc' dir='ltr'>ελεγεψ</span> <span class='ocrx_word' id='word_1_228' title='bbox 445 2981 600 3044; x_wconf 72' lang='grc' dir='ltr'>οἴνῳ</span> <span class='ocrx_word' id='word_1_229' title='bbox 626 2980 809 3048; x_wconf 66' lang='grc' dir='ltr'>ὀλίγῳ</span> <span class='ocrx_word' id='word_1_230' title='bbox 844 2978 969 3047; x_wconf 87' lang='grc' dir='ltr'>χρῶ</span> <span class='ocrx_word' id='word_1_231' title='bbox 1013 2979 1113 3033; x_wconf 79' lang='grc' dir='ltr'>διὰ</span> <span class='ocrx_word' id='word_1_232' title='bbox 1145 2982 1254 3032; x_wconf 80' lang='grc' dir='ltr'>τὸν</span> <span class='ocrx_word' id='word_1_233' title='bbox 1288 2980 1600 3049; x_wconf 72' lang='grc' dir='ltr'>στόμαχον</span> <span class='ocrx_word' id='word_1_234' title='bbox 1644 2994 1783 3045; x_wconf 87' lang='grc' dir='ltr'>σου,</span> 
     </span>
    </p>
   </div>
   <div class='ocr_carea' id='block_1_33' title="bbox 189 3062 1785 3130">
    <p class='ocr_par' dir='ltr' id='par_1_33' title="bbox 189 3062 1785 3130">
     <span class='ocr_line' id='line_1_33' title="bbox 189 3062 1785 3130; baseline -0.003 -10"><span class='ocrx_word' id='word_1_235' title='bbox 189 3067 295 3120; x_wconf 74' lang='grc' dir='ltr'>καὶ</span> <span class='ocrx_word' id='word_1_236' title='bbox 346 3064 454 3130; x_wconf 80' lang='grc' dir='ltr'>τὰς</span> <span class='ocrx_word' id='word_1_237' title='bbox 498 3062 735 3129; x_wconf 77' lang='grc' dir='ltr'>πυκνάς</span> <span class='ocrx_word' id='word_1_238' title='bbox 775 3080 893 3117; x_wconf 82' lang='grc' dir='ltr'>σου</span> <span class='ocrx_word' id='word_1_239' title='bbox 933 3062 1273 3129; x_wconf 72' lang='grc' dir='ltr'>ἀσθενείας.</span> <span class='ocrx_word' id='word_1_240' title='bbox 1312 3063 1376 3115; x_wconf 66' lang='lat' dir='ltr'>Et</span> <span class='ocrx_word' id='word_1_241' title='bbox 1407 3062 1464 3114; x_wconf 81' lang='grc' dir='ltr'>δὲ</span> <span class='ocrx_word' id='word_1_242' title='bbox 1504 3064 1532 3115; x_wconf 85' lang='grc' dir='ltr'>ό</span> <span class='ocrx_word' id='word_1_243' title='bbox 1578 3063 1785 3126; x_wconf 88' lang='grc' dir='ltr'>δίκαιος</span> 
     </span>
    </p>
   </div>
   <div class='ocr_carea' id='block_1_34' title="bbox 188 3145 1786 3221">
    <p class='ocr_par' dir='ltr' id='par_1_34' title="bbox 188 3145 1786 3221">
     <span class='ocr_line' id='line_1_34' title="bbox 188 3145 1786 3221; baseline -0.004 -18"><span class='ocrx_word' id='word_1_244' title='bbox 188 3152 407 3211; x_wconf 68' lang='grc' dir='ltr'>ἐκεῖνος</span> <span class='ocrx_word' id='word_1_245' title='bbox 456 3149 557 3201; x_wconf 76' lang='grc' dir='ltr'>καὶ</span> <span class='ocrx_word' id='word_1_246' title='bbox 601 3146 778 3212; x_wconf 79' lang='grc' dir='ltr'>ἅγιος,</span> <span class='ocrx_word' id='word_1_247' title='bbox 819 3146 913 3199; x_wconf 72' lang='grc' dir='ltr'>καὶ</span> <span class='ocrx_word' id='word_1_248' title='bbox 934 3145 1033 3216; x_wconf 83' lang='grc' dir='ltr'>τὴν</span> <span class='ocrx_word' id='word_1_249' title='bbox 1082 3145 1182 3215; x_wconf 83' lang='grc' dir='ltr'>τῆς</span> <span class='ocrx_word' id='word_1_250' title='bbox 1238 3146 1567 3215; x_wconf 80' lang='grc' dir='ltr'>οἰκουμένης</span> <span class='ocrx_word' id='word_1_251' title='bbox 1650 3168 1786 3221; x_wconf 78' lang='grc' dir='ltr'>προ.</span> 
     </span>
    </p>
   </div>
   <div class='ocr_carea' id='block_1_35' title="bbox 200 3224 1785 3300">
    <p class='ocr_par' dir='ltr' id='par_1_35' title="bbox 200 3224 1785 3300">
     <span class='ocr_line' id='line_1_35' title="bbox 200 3224 1785 3300; baseline 0 -19"><span class='ocrx_word' id='word_1_252' title='bbox 200 3230 432 3285; x_wconf 81' lang='grc' dir='ltr'>στασίαν</span> <span class='ocrx_word' id='word_1_253' title='bbox 446 3224 943 3300; x_wconf 77' lang='grc' dir='ltr'>ἐγκεχειρισμένος,</span> <span class='ocrx_word' id='word_1_254' title='bbox 984 3229 1078 3281; x_wconf 73' lang='grc' dir='ltr'>καὶ</span> <span class='ocrx_word' id='word_1_255' title='bbox 1123 3228 1351 3298; x_wconf 77' lang='grc' dir='ltr'>νεκροὺς</span> <span class='ocrx_word' id='word_1_256' title='bbox 1389 3227 1621 3298; x_wconf 81' lang='grc' dir='ltr'>ἐγείρων</span> <span class='ocrx_word' id='word_1_257' title='bbox 1644 3268 1659 3292; x_wconf 94' lang='grc'>,</span> <span class='ocrx_word' id='word_1_258' title='bbox 1689 3228 1785 3281; x_wconf 74' lang='grc' dir='ltr'>καὶ</span> 
     </span>
    </p>
   </div>
   <div class='ocr_carea' id='block_1_36' title="bbox 184 3311 1784 3383">
    <p class='ocr_par' dir='ltr' id='par_1_36' title="bbox 184 3311 1784 3383">
     <span class='ocr_line' id='line_1_36' title="bbox 184 3311 1784 3383; baseline -0.003 -16"><span class='ocrx_word' id='word_1_259' title='bbox 184 3314 459 3383; x_wconf 82' lang='grc' dir='ltr'>δαίμονας</span> <span class='ocrx_word' id='word_1_260' title='bbox 486 3311 747 3374; x_wconf 78' lang='grc' dir='ltr'>ἐλαύνων,</span> <span class='ocrx_word' id='word_1_261' title='bbox 776 3312 871 3365; x_wconf 80' lang='grc' dir='ltr'>καὶ</span> <span class='ocrx_word' id='word_1_262' title='bbox 900 3312 1072 3383; x_wconf 87' lang='grc' dir='ltr'>μυρία</span> <span class='ocrx_word' id='word_1_263' title='bbox 1096 3313 1378 3383; x_wconf 84' lang='grc' dir='ltr'>νοσήματα</span> <span class='ocrx_word' id='word_1_264' title='bbox 1403 3312 1784 3383; x_wconf 79' lang='grc' dir='ltr'>διορθούμενος</span> 
     </span>
    </p>
   </div>
   <div class='ocr_carea' id='block_1_37' title="bbox 189 3394 1783 3468">
    <p class='ocr_par' dir='ltr' id='par_1_37' title="bbox 189 3394 1783 3468">
     <span class='ocr_line' id='line_1_37' title="bbox 189 3394 1783 3468; baseline -0.001 -19"><span class='ocrx_word' id='word_1_265' title='bbox 189 3398 255 3450; x_wconf 72' lang='grc' dir='ltr'>ἐν</span> <span class='ocrx_word' id='word_1_266' title='bbox 288 3396 522 3468; x_wconf 79' lang='grc' dir='ltr'>ἑτέροις,</span> <span class='ocrx_word' id='word_1_267' title='bbox 552 3395 791 3448; x_wconf 88' lang='grc' dir='ltr'>τοσαῦτα</span> <span class='ocrx_word' id='word_1_268' title='bbox 821 3394 1024 3465; x_wconf 77' lang='grc' dir='ltr'>ἔπασχε</span> <span class='ocrx_word' id='word_1_269' title='bbox 1058 3395 1225 3458; x_wconf 81' lang='grc' dir='ltr'>δεινὰ,</span> <span class='ocrx_word' id='word_1_270' title='bbox 1257 3397 1378 3449; x_wconf 90' lang='grc' dir='ltr'>τίνα</span> <span class='ocrx_word' id='word_1_271' title='bbox 1411 3395 1553 3461; x_wconf 68' lang='grc' dir='ltr'>ἔξεις</span> <span class='ocrx_word' id='word_1_272' title='bbox 1585 3395 1783 3449; x_wconf 83' lang='grc' dir='ltr'>ἀπολο-</span> 
     </span>
    </p>
   </div>
   <div class='ocr_carea' id='block_1_38' title="bbox 188 3478 1785 3552">
    <p class='ocr_par' dir='ltr' id='par_1_38' title="bbox 188 3478 1785 3552">
     <span class='ocr_line' id='line_1_38' title="bbox 188 3478 1785 3552; baseline -0.003 -16"><span class='ocrx_word' id='word_1_273' title='bbox 188 3480 325 3551; x_wconf 82' lang='grc' dir='ltr'>γίαν</span> <span class='ocrx_word' id='word_1_274' title='bbox 356 3480 419 3534; x_wconf 80' lang='grc' dir='ltr'>σὺ</span> <span class='ocrx_word' id='word_1_275' title='bbox 448 3482 478 3532; x_wconf 88' lang='lat'>6</span> <span class='ocrx_word' id='word_1_276' title='bbox 502 3478 897 3551; x_wconf 88' lang='grc' dir='ltr'>θορυϐούμενος</span> <span class='ocrx_word' id='word_1_277' title='bbox 938 3480 1032 3532; x_wconf 77' lang='grc' dir='ltr'>καὶ</span> <span class='ocrx_word' id='word_1_278' title='bbox 1070 3479 1352 3550; x_wconf 82' lang='grc' dir='ltr'>ἀσχάλλων</span> <span class='ocrx_word' id='word_1_279' title='bbox 1388 3481 1482 3533; x_wconf 73' lang='grc' dir='ltr'>ἐπὶ</span> <span class='ocrx_word' id='word_1_280' title='bbox 1519 3480 1785 3552; x_wconf 84' lang='grc' dir='ltr'>προσκαί-</span> 
     </span>
    </p>
   </div>
   <div class='ocr_carea' id='block_1_39' title="bbox 192 3563 1783 3639">
    <p class='ocr_par' dir='ltr' id='par_1_39' title="bbox 192 3563 1783 3639">
     <span class='ocr_line' id='line_1_39' title="bbox 192 3563 1783 3639; baseline -0.003 -20"><span class='ocrx_word' id='word_1_281' title='bbox 192 3582 317 3639; x_wconf 88' lang='grc' dir='ltr'>ροις</span> <span class='ocrx_word' id='word_1_282' title='bbox 344 3565 682 3635; x_wconf 84' lang='grc' dir='ltr'>νοσήμασιν;</span> <span class='ocrx_word' id='word_1_283' title='bbox 718 3564 833 3616; x_wconf 82' lang='grc' dir='ltr'>Ούκ</span> <span class='ocrx_word' id='word_1_284' title='bbox 856 3563 1098 3633; x_wconf 67' lang='grc' dir='ltr'>ἤκουσας</span> <span class='ocrx_word' id='word_1_285' title='bbox 1126 3565 1221 3634; x_wconf 82' lang='grc' dir='ltr'>τῆς</span> <span class='ocrx_word' id='word_1_286' title='bbox 1246 3563 1468 3634; x_wconf 78' lang='grc' dir='ltr'>Γραφῆς</span> <span class='ocrx_word' id='word_1_287' title='bbox 1499 3563 1783 3633; x_wconf 76' lang='grc' dir='ltr'>λεγούσης,</span> 
     </span>
    </p>
   </div>
   <div class='ocr_carea' id='block_1_40' title="bbox 191 3644 1788 3717">
    <p class='ocr_par' dir='ltr' id='par_1_40' title="bbox 191 3644 1788 3717">
     <span class='ocr_line' id='line_1_40' title="bbox 191 3644 1788 3717; baseline -0.001 -15"><span class='ocrx_word' id='word_1_288' title='bbox 191 3650 281 3703; x_wconf 84' lang='grc' dir='ltr'>ὅτι</span> <span class='ocrx_word' id='word_1_289' title='bbox 310 3650 422 3701; x_wconf 83' lang='grc' dir='ltr'>Ὃν</span> <span class='ocrx_word' id='word_1_290' title='bbox 444 3644 647 3715; x_wconf 76' lang='grc' dir='ltr'>ἀγαπᾷ</span> <span class='ocrx_word' id='word_1_291' title='bbox 671 3647 907 3714; x_wconf 81' lang='grc' dir='ltr'>Κύριος,</span> <span class='ocrx_word' id='word_1_292' title='bbox 930 3646 1217 3709; x_wconf 77' lang='grc' dir='ltr'>παιδεύει,</span> <span class='ocrx_word' id='word_1_293' title='bbox 1239 3646 1527 3717; x_wconf 76' lang='grc' dir='ltr'>μαστιγοῖ</span> <span class='ocrx_word' id='word_1_294' title='bbox 1551 3646 1622 3699; x_wconf 84' lang='grc' dir='ltr'>δὲ</span> <span class='ocrx_word' id='word_1_295' title='bbox 1645 3646 1788 3700; x_wconf 77' lang='grc' dir='ltr'>πάν-</span> 
     </span>
    </p>
   </div>
   <div class='ocr_carea' id='block_1_41' title="bbox 193 3730 1785 3801">
    <p class='ocr_par' dir='ltr' id='par_1_41' title="bbox 193 3730 1785 3801">
     <span class='ocr_line' id='line_1_41' title="bbox 193 3730 1785 3801; baseline -0.003 -15"><span class='ocrx_word' id='word_1_296' title='bbox 193 3748 271 3786; x_wconf 71' lang='grc' dir='ltr'>τα</span> <span class='ocrx_word' id='word_1_297' title='bbox 302 3731 457 3796; x_wconf 73' lang='grc' dir='ltr'>υίὸγ,</span> <span class='ocrx_word' id='word_1_298' title='bbox 486 3730 559 3783; x_wconf 73' lang='grc' dir='ltr'>ὃν</span> <span class='ocrx_word' id='word_1_299' title='bbox 582 3730 1011 3799; x_wconf 79' lang='grc' dir='ltr'>παραδέχεται;</span> <span class='ocrx_word' id='word_1_300' title='bbox 1047 3732 1210 3784; x_wconf 76' lang='grc' dir='ltr'>Πόσοι</span> <span class='ocrx_word' id='word_1_301' title='bbox 1248 3732 1477 3795; x_wconf 82' lang='grc' dir='ltr'>ποσάκις</span> <span class='ocrx_word' id='word_1_302' title='bbox 1504 3731 1785 3801; x_wconf 70' lang='grc' dir='ltr'>ἐπεθύμη-</span> 
     </span>
    </p>
   </div>
   <div class='ocr_carea' id='block_1_42' title="bbox 192 3814 1788 3886">
    <p class='ocr_par' dir='ltr' id='par_1_42' title="bbox 192 3814 1788 3886">
     <span class='ocr_line' id='line_1_42' title="bbox 192 3814 1788 3886; baseline -0.002 -16"><span class='ocrx_word' id='word_1_303' title='bbox 192 3832 302 3870; x_wconf 86' lang='grc' dir='ltr'>σαν</span> <span class='ocrx_word' id='word_1_304' title='bbox 337 3816 645 3885; x_wconf 76' lang='grc' dir='ltr'>μαρτυρίου</span> <span class='ocrx_word' id='word_1_305' title='bbox 682 3814 945 3883; x_wconf 82' lang='grc' dir='ltr'>στέφανον</span> <span class='ocrx_word' id='word_1_306' title='bbox 983 3815 1199 3880; x_wconf 78' lang='grc' dir='ltr'>λαϐεἶν;</span> <span class='ocrx_word' id='word_1_307' title='bbox 1237 3816 1409 3869; x_wconf 87' lang='grc' dir='ltr'>Τοῦτο</span> <span class='ocrx_word' id='word_1_308' title='bbox 1442 3816 1788 3886; x_wconf 81' lang='grc' dir='ltr'>ἀπηρτισμέ-</span> 
     </span>
    </p>
   </div>
   <div class='ocr_carea' id='block_1_43' title="bbox 192 3897 1785 3969">
    <p class='ocr_par' dir='ltr' id='par_1_43' title="bbox 192 3897 1785 3969">
     <span class='ocr_line' id='line_1_43' title="bbox 192 3897 1785 3969; baseline 0.001 -19"><span class='ocrx_word' id='word_1_309' title='bbox 192 3916 291 3963; x_wconf 87' lang='grc' dir='ltr'>νος</span> <span class='ocrx_word' id='word_1_310' title='bbox 321 3897 438 3950; x_wconf 75' lang='grc' dir='ltr'>ἐστὶ</span> <span class='ocrx_word' id='word_1_311' title='bbox 468 3898 766 3969; x_wconf 83' lang='grc' dir='ltr'>μαρτυρίου</span> <span class='ocrx_word' id='word_1_312' title='bbox 794 3899 1077 3967; x_wconf 82' lang='grc' dir='ltr'>στέφανος.</span> <span class='ocrx_word' id='word_1_313' title='bbox 1105 3899 1178 3951; x_wconf 82' lang='grc' dir='ltr'>Οὐ</span> <span class='ocrx_word' id='word_1_314' title='bbox 1208 3899 1316 3969; x_wconf 79' lang='grc' dir='ltr'>τὰρ</span> <span class='ocrx_word' id='word_1_315' title='bbox 1341 3899 1402 3952; x_wconf 84' lang='grc' dir='ltr'>τὸ</span> <span class='ocrx_word' id='word_1_316' title='bbox 1431 3898 1785 3968; x_wconf 79' lang='grc' dir='ltr'>κελευσθῆναι</span> 
     </span>
    </p>
   </div>
   <div class='ocr_carea' id='block_1_44' title="bbox 194 3977 1788 4053">
    <p class='ocr_par' dir='ltr' id='par_1_44' title="bbox 194 3977 1788 4053">
     <span class='ocr_line' id='line_1_44' title="bbox 194 3977 1788 4053; baseline -0.001 -17"><span class='ocrx_word' id='word_1_317' title='bbox 194 3983 386 4043; x_wconf 84' lang='grc' dir='ltr'>θῦσαι,</span> <span class='ocrx_word' id='word_1_318' title='bbox 418 3977 537 4034; x_wconf 81' lang='grc' dir='ltr'>εἶτα</span> <span class='ocrx_word' id='word_1_319' title='bbox 569 3982 785 4034; x_wconf 73' lang='grc' dir='ltr'>ἑλέσθαι</span> <span class='ocrx_word' id='word_1_320' title='bbox 818 3982 1018 4052; x_wconf 76' lang='grc' dir='ltr'>μᾶλλον</span> <span class='ocrx_word' id='word_1_321' title='bbox 1048 3982 1339 4035; x_wconf 85' lang='grc' dir='ltr'>ἀποθανεῖν</span> <span class='ocrx_word' id='word_1_322' title='bbox 1368 3982 1400 4053; x_wconf 81' lang='grc' dir='ltr'>ἢ</span> <span class='ocrx_word' id='word_1_323' title='bbox 1429 3981 1610 4045; x_wconf 87' lang='grc' dir='ltr'>θῦσαι,</span> <span class='ocrx_word' id='word_1_324' title='bbox 1644 3986 1788 4034; x_wconf 78' lang='grc' dir='ltr'>ποιεῖ</span> 
     </span>
    </p>
   </div>
   <div class='ocr_carea' id='block_1_45' title="bbox 197 4065 1786 4141">
    <p class='ocr_par' dir='ltr' id='par_1_45' title="bbox 197 4065 1786 4141">
     <span class='ocr_line' id='line_1_45' title="bbox 197 4065 1786 4141; baseline -0.002 -19"><span class='ocrx_word' id='word_1_325' title='bbox 197 4069 458 4141; x_wconf 82' lang='grc' dir='ltr'>μάρτυρα</span> <span class='ocrx_word' id='word_1_326' title='bbox 488 4066 669 4135; x_wconf 90' lang='grc' dir='ltr'>μόνον,</span> <span class='ocrx_word' id='word_1_327' title='bbox 694 4066 830 4119; x_wconf 81' lang='grc' dir='ltr'>ἀλλά</span> <span class='ocrx_word' id='word_1_328' title='bbox 856 4066 948 4118; x_wconf 84' lang='grc' dir='ltr'>καὶ</span> <span class='ocrx_word' id='word_1_329' title='bbox 968 4065 1029 4119; x_wconf 85' lang='grc' dir='ltr'>τὸ</span> <span class='ocrx_word' id='word_1_330' title='bbox 1060 4066 1237 4119; x_wconf 80' lang='grc' dir='ltr'>ὁτιοῦν</span> <span class='ocrx_word' id='word_1_331' title='bbox 1264 4066 1415 4137; x_wconf 73' lang='grc'>[686]</span> <span class='ocrx_word' id='word_1_332' title='bbox 1446 4065 1786 4136; x_wconf 80' lang='grc' dir='ltr'>φυλάττοντα</span> 
     </span>
    </p>
   </div>
   <div class='ocr_carea' id='block_1_46' title="bbox 198 4148 1786 4223">
    <p class='ocr_par' dir='ltr' id='par_1_46' title="bbox 198 4148 1786 4223">
     <span class='ocr_line' id='line_1_46' title="bbox 198 4148 1786 4223; baseline -0.002 -18"><span class='ocrx_word' id='word_1_333' title='bbox 198 4153 366 4223; x_wconf 85' lang='grc' dir='ltr'>μόνον</span> <span class='ocrx_word' id='word_1_334' title='bbox 398 4150 695 4220; x_wconf 82' lang='grc' dir='ltr'>δυνάμενον</span> <span class='ocrx_word' id='word_1_335' title='bbox 736 4150 963 4202; x_wconf 84' lang='grc' dir='ltr'>θάνατον</span> <span class='ocrx_word' id='word_1_336' title='bbox 1004 4150 1433 4216; x_wconf 73' lang='grc' dir='ltr'>ἐπισπάσασθαι,</span> <span class='ocrx_word' id='word_1_337' title='bbox 1488 4148 1786 4220; x_wconf 85' lang='grc' dir='ltr'>μαρτύριόν</span> 
     </span>
    </p>
   </div>
   <div class='ocr_carea' id='block_1_47' title="bbox 194 4233 539 4302">
    <p class='ocr_par' dir='ltr' id='par_1_47' title="bbox 194 4233 539 4302">
     <span class='ocr_line' id='line_1_47' title="bbox 194 4233 539 4302; baseline -0.006 -13"><span class='ocrx_word' id='word_1_338' title='bbox 194 4240 321 4289; x_wconf 78' lang='grc' dir='ltr'>ἐστι</span> <span class='ocrx_word' id='word_1_339' title='bbox 348 4233 539 4302; x_wconf 84' lang='grc' dir='ltr'>σαφές.</span> 
     </span>
    </p>
   </div>
   <div class='ocr_carea' id='block_1_48' title="bbox 272 4315 1787 4388">
    <p class='ocr_par' dir='ltr' id='par_1_48' title="bbox 272 4315 1787 4388">
     <span class='ocr_line' id='line_1_48' title="bbox 272 4315 1787 4388; baseline -0.003 -15"><span class='ocrx_word' id='word_1_340' title='bbox 272 4325 345 4388; x_wconf 81' lang='grc' dir='ltr'>η’.</span> <span class='ocrx_word' id='word_1_341' title='bbox 386 4319 496 4371; x_wconf 78' lang='lat' dir='ltr'>Kal</span> <span class='ocrx_word' id='word_1_342' title='bbox 528 4317 615 4370; x_wconf 82' lang='grc' dir='ltr'>ἵνα</span> <span class='ocrx_word' id='word_1_343' title='bbox 639 4315 815 4388; x_wconf 89' lang='grc' dir='ltr'>μάθῃς</span> <span class='ocrx_word' id='word_1_344' title='bbox 843 4316 925 4368; x_wconf 81' lang='grc' dir='ltr'>ὅτι</span> <span class='ocrx_word' id='word_1_345' title='bbox 950 4315 1106 4368; x_wconf 86' lang='grc' dir='ltr'>τοῦτό</span> <span class='ocrx_word' id='word_1_346' title='bbox 1136 4317 1283 4368; x_wconf 79' lang='grc' dir='ltr'>ἐστιν</span> <span class='ocrx_word' id='word_1_347' title='bbox 1299 4315 1517 4385; x_wconf 81' lang='grc' dir='ltr'>ἀληθὲς,</span> <span class='ocrx_word' id='word_1_348' title='bbox 1541 4317 1787 4387; x_wconf 84' lang='grc' dir='ltr'>ἀναμνή-</span> 
     </span>
    </p>
   </div>
   <div class='ocr_carea' id='block_1_49' title="bbox 198 4399 1788 4472">
    <p class='ocr_par' dir='ltr' id='par_1_49' title="bbox 198 4399 1788 4472">
     <span class='ocr_line' id='line_1_49' title="bbox 198 4399 1788 4472; baseline -0.001 -17"><span class='ocrx_word' id='word_1_349' title='bbox 198 4402 363 4472; x_wconf 88' lang='grc' dir='ltr'>σθητι</span> <span class='ocrx_word' id='word_1_350' title='bbox 402 4402 519 4463; x_wconf 86' lang='grc' dir='ltr'>πῶς</span> <span class='ocrx_word' id='word_1_351' title='bbox 560 4400 659 4469; x_wconf 83' lang='grc' dir='ltr'>μὲν</span> <span class='ocrx_word' id='word_1_352' title='bbox 686 4400 715 4451; x_wconf 86' lang='lat'>6</span> <span class='ocrx_word' id='word_1_353' title='bbox 749 4399 1001 4469; x_wconf 82' lang='grc' dir='ltr'>Ἰωάννης</span> <span class='ocrx_word' id='word_1_354' title='bbox 1024 4399 1283 4465; x_wconf 87' lang='grc' dir='ltr'>ἀπέθανε,</span> <span class='ocrx_word' id='word_1_355' title='bbox 1321 4401 1414 4452; x_wconf 77' lang='grc' dir='ltr'>καὶ</span> <span class='ocrx_word' id='word_1_356' title='bbox 1436 4400 1579 4463; x_wconf 89' lang='grc' dir='ltr'>τίνος</span> <span class='ocrx_word' id='word_1_357' title='bbox 1601 4402 1788 4453; x_wconf 75' lang='grc' dir='ltr'>ἕνεκεν</span> 
     </span>
    </p>
   </div>
   <div class='ocr_carea' id='block_1_50' title="bbox 194 4482 1786 4553">
    <p class='ocr_par' dir='ltr' id='par_1_50' title="bbox 194 4482 1786 4553">
     <span class='ocr_line' id='line_1_50' title="bbox 194 4482 1786 4553; baseline -0.003 -13"><span class='ocrx_word' id='word_1_358' title='bbox 194 4488 299 4541; x_wconf 74' lang='grc' dir='ltr'>καὶ</span> <span class='ocrx_word' id='word_1_359' title='bbox 322 4485 409 4539; x_wconf 77' lang='grc' dir='ltr'>διὰ</span> <span class='ocrx_word' id='word_1_360' title='bbox 434 4485 507 4547; x_wconf 89' lang='grc' dir='ltr'>τί,</span> <span class='ocrx_word' id='word_1_361' title='bbox 540 4482 657 4545; x_wconf 86' lang='grc' dir='ltr'>πῶς</span> <span class='ocrx_word' id='word_1_362' title='bbox 684 4483 741 4534; x_wconf 85' lang='grc' dir='ltr'>δὲ</span> <span class='ocrx_word' id='word_1_363' title='bbox 773 4483 801 4534; x_wconf 87' lang='lat'>6</span> <span class='ocrx_word' id='word_1_364' title='bbox 838 4482 1024 4534; x_wconf 74' lang='grc' dir='ltr'>Ἅϐελ.</span> <span class='ocrx_word' id='word_1_365' title='bbox 1050 4482 1341 4553; x_wconf 82' lang='grc' dir='ltr'>Οὑδέτερος</span> <span class='ocrx_word' id='word_1_366' title='bbox 1369 4483 1478 4552; x_wconf 88' lang='grc' dir='ltr'>γάρ</span> <span class='ocrx_word' id='word_1_367' title='bbox 1497 4482 1701 4536; x_wconf 88' lang='grc' dir='ltr'>τούτων</span> <span class='ocrx_word' id='word_1_368' title='bbox 1724 4485 1786 4537; x_wconf 91' lang='grc' dir='ltr'>οὑ</span> 
     </span>
    </p>
   </div>
   <div class='ocr_carea' id='block_1_51' title="bbox 200 4565 1787 4641">
    <p class='ocr_par' dir='ltr' id='par_1_51' title="bbox 200 4565 1787 4641">
     <span class='ocr_line' id='line_1_51' title="bbox 200 4565 1787 4641; baseline -0.003 -19"><span class='ocrx_word' id='word_1_369' title='bbox 200 4569 389 4641; x_wconf 86' lang='grc' dir='ltr'>βωμὸν</span> <span class='ocrx_word' id='word_1_370' title='bbox 422 4565 525 4620; x_wconf 77' lang='grc' dir='ltr'>εἶδε</span> <span class='ocrx_word' id='word_1_371' title='bbox 556 4566 865 4636; x_wconf 86' lang='grc' dir='ltr'>καιόμενον,</span> <span class='ocrx_word' id='word_1_372' title='bbox 915 4565 975 4618; x_wconf 85' lang='grc' dir='ltr'>οὑ</span> <span class='ocrx_word' id='word_1_373' title='bbox 1018 4565 1200 4631; x_wconf 86' lang='grc' dir='ltr'>ξόανον</span> <span class='ocrx_word' id='word_1_374' title='bbox 1237 4566 1486 4636; x_wconf 85' lang='grc' dir='ltr'>έστηκὸς,</span> <span class='ocrx_word' id='word_1_375' title='bbox 1531 4567 1591 4619; x_wconf 89' lang='grc' dir='ltr'>οὑ</span> <span class='ocrx_word' id='word_1_376' title='bbox 1628 4566 1787 4619; x_wconf 87' lang='grc' dir='ltr'>θῦσαι</span> 
     </span>
    </p>
   </div>
   <div class='ocr_carea' id='block_1_52' title="bbox 197 4648 1787 4723">
    <p class='ocr_par' dir='ltr' id='par_1_52' title="bbox 197 4648 1787 4723">
     <span class='ocr_line' id='line_1_52' title="bbox 197 4648 1787 4723; baseline -0.004 -15"><span class='ocrx_word' id='word_1_377' title='bbox 197 4652 451 4721; x_wconf 68' lang='grc' dir='ltr'>ἐπετάγη</span> <span class='ocrx_word' id='word_1_378' title='bbox 476 4651 723 4723; x_wconf 86' lang='grc' dir='ltr'>δαίμοσιν</span> <span class='ocrx_word' id='word_1_379' title='bbox 750 4663 761 4675; x_wconf 92' lang='grc'><strong>·</strong></span> <span class='ocrx_word' id='word_1_380' title='bbox 801 4648 913 4701; x_wconf 81' lang='grc' dir='ltr'>ἀλλ’</span> <span class='ocrx_word' id='word_1_381' title='bbox 946 4652 974 4701; x_wconf 89' lang='lat'>6</span> <span class='ocrx_word' id='word_1_382' title='bbox 1004 4649 1121 4719; x_wconf 79' lang='grc' dir='ltr'>μὲν,</span> <span class='ocrx_word' id='word_1_383' title='bbox 1166 4649 1352 4719; x_wconf 81' lang='grc' dir='ltr'>ἐπειδὴ</span> <span class='ocrx_word' id='word_1_384' title='bbox 1400 4651 1558 4719; x_wconf 87' lang='grc' dir='ltr'>μόνον</span> <span class='ocrx_word' id='word_1_385' title='bbox 1595 4650 1787 4720; x_wconf 73' lang='grc' dir='ltr'>ἤλεγξε</span> 
     </span>
    </p>
   </div>
   <div class='ocr_carea' id='block_1_53' title="bbox 196 4731 1789 4808">
    <p class='ocr_par' dir='ltr' id='par_1_53' title="bbox 196 4731 1789 4808">
     <span class='ocr_line' id='line_1_53' title="bbox 196 4731 1789 4808; baseline -0.005 -16"><span class='ocrx_word' id='word_1_386' title='bbox 196 4735 578 4808; x_wconf 76' lang='grc' dir='ltr'>τὸνἸίρώδην,</span> <span class='ocrx_word' id='word_1_387' title='bbox 603 4732 891 4802; x_wconf 82' lang='grc' dir='ltr'>ἀπετμήθη</span> <span class='ocrx_word' id='word_1_388' title='bbox 916 4732 1015 4803; x_wconf 84' lang='grc' dir='ltr'>τὴν</span> <span class='ocrx_word' id='word_1_389' title='bbox 1049 4731 1311 4802; x_wconf 76' lang='grc' dir='ltr'>κεφαλὴν,</span> <span class='ocrx_word' id='word_1_390' title='bbox 1342 4735 1371 4785; x_wconf 85' lang='grc' dir='ltr'><strong>ὀ</strong></span> <span class='ocrx_word' id='word_1_391' title='bbox 1397 4734 1453 4785; x_wconf 83' lang='grc' dir='ltr'>δὲ</span> <span class='ocrx_word' id='word_1_392' title='bbox 1487 4734 1671 4804; x_wconf 79' lang='grc' dir='ltr'>ἐπειδὴ</span> <span class='ocrx_word' id='word_1_393' title='bbox 1697 4734 1789 4786; x_wconf 88' lang='grc' dir='ltr'>τὸν</span> 
     </span>
    </p>
   </div>
   <div class='ocr_carea' id='block_1_54' title="bbox 197 4811 1789 4888">
    <p class='ocr_par' dir='ltr' id='par_1_54' title="bbox 197 4811 1789 4888">
     <span class='ocr_line' id='line_1_54' title="bbox 197 4811 1789 4888; baseline -0.001 -17"><span class='ocrx_word' id='word_1_394' title='bbox 197 4821 342 4873; x_wconf 73' lang='grc' dir='ltr'>θεὸν</span> <span class='ocrx_word' id='word_1_395' title='bbox 374 4819 602 4888; x_wconf 69' lang='grc' dir='ltr'>ἐτίμησε</span> <span class='ocrx_word' id='word_1_396' title='bbox 624 4816 785 4886; x_wconf 80' lang='grc' dir='ltr'>θυσίᾳ</span> <span class='ocrx_word' id='word_1_397' title='bbox 812 4815 1017 4867; x_wconf 82' lang='grc' dir='ltr'>πλείονι</span> <span class='ocrx_word' id='word_1_398' title='bbox 1046 4811 1141 4867; x_wconf 82' lang='grc' dir='ltr'>τοῦ</span> <span class='ocrx_word' id='word_1_399' title='bbox 1174 4815 1406 4885; x_wconf 83' lang='grc' dir='ltr'>ἀδελφοῦ</span> <span class='ocrx_word' id='word_1_400' title='bbox 1428 4856 1441 4880; x_wconf 93' lang='grc'>,</span> <span class='ocrx_word' id='word_1_401' title='bbox 1492 4819 1789 4886; x_wconf 88' lang='grc' dir='ltr'>κατεσφάτ-</span> 
     </span>
    </p>
   </div>
   <div class='ocr_carea' id='block_1_55' title="bbox 198 4896 1789 4971">
    <p class='ocr_par' dir='ltr' id='par_1_55' title="bbox 198 4896 1789 4971">
     <span class='ocr_line' id='line_1_55' title="bbox 198 4896 1789 4971; baseline -0.004 -13"><span class='ocrx_word' id='word_1_402' title='bbox 198 4922 349 4958; x_wconf 82' lang='grc' dir='ltr'>τετο.</span> <span class='ocrx_word' id='word_1_403' title='bbox 381 4898 507 4971; x_wconf 65' lang='grc' dir='ltr'>’Ἆρ’</span> <span class='ocrx_word' id='word_1_404' title='bbox 531 4896 623 4953; x_wconf 79' lang='grc' dir='ltr'>οὖν</span> <span class='ocrx_word' id='word_1_405' title='bbox 650 4899 1050 4969; x_wconf 83' lang='grc' dir='ltr'>ἀπεστέρηνται</span> <span class='ocrx_word' id='word_1_406' title='bbox 1074 4898 1183 4950; x_wconf 86' lang='grc' dir='ltr'>τῶν</span> <span class='ocrx_word' id='word_1_407' title='bbox 1203 4898 1296 4951; x_wconf 90' lang='grc' dir='ltr'>τοῦ</span> <span class='ocrx_word' id='word_1_408' title='bbox 1333 4900 1632 4970; x_wconf 87' lang='grc' dir='ltr'>μαρτυρίου</span> <span class='ocrx_word' id='word_1_409' title='bbox 1665 4916 1789 4951; x_wconf 85' lang='grc' dir='ltr'>στε-</span> 
     </span>
    </p>
   </div>
   <div class='ocr_carea' id='block_1_56' title="bbox 201 4980 1790 5058">
    <p class='ocr_par' dir='ltr' id='par_1_56' title="bbox 201 4980 1790 5058">
     <span class='ocr_line' id='line_1_56' title="bbox 201 4980 1790 5058; baseline -0.004 -18"><span class='ocrx_word' id='word_1_410' title='bbox 201 4988 425 5058; x_wconf 82' lang='grc' dir='ltr'>φάνων;</span> <span class='ocrx_word' id='word_1_411' title='bbox 456 4985 551 5038; x_wconf 71' lang='grc' dir='ltr'>καὶ</span> <span class='ocrx_word' id='word_1_412' title='bbox 571 4983 655 5046; x_wconf 89' lang='grc' dir='ltr'>τίς</span> <span class='ocrx_word' id='word_1_413' title='bbox 680 4982 746 5035; x_wconf 85' lang='grc' dir='ltr'>ἂν</span> <span class='ocrx_word' id='word_1_414' title='bbox 779 4980 938 5034; x_wconf 89' lang='grc' dir='ltr'>τοῦτο</span> <span class='ocrx_word' id='word_1_415' title='bbox 962 4980 1279 5051; x_wconf 86' lang='grc' dir='ltr'>τολμήσειεν</span> <span class='ocrx_word' id='word_1_416' title='bbox 1301 4983 1473 5034; x_wconf 84' lang='grc' dir='ltr'>εἰπεῖν</span> <span class='ocrx_word' id='word_1_417' title='bbox 1498 4999 1513 5045; x_wconf 89' lang='grc'>;</span> <span class='ocrx_word' id='word_1_418' title='bbox 1540 4982 1790 5036; x_wconf 82' lang='grc' dir='ltr'>Μάλιστα</span> 
     </span>
    </p>
   </div>
   <div class='ocr_carea' id='block_1_57' title="bbox 205 5063 1789 5143">
    <p class='ocr_par' dir='ltr' id='par_1_57' title="bbox 205 5063 1789 5143">
     <span class='ocr_line' id='line_1_57' title="bbox 205 5063 1789 5143; baseline -0.004 -19"><span class='ocrx_word' id='word_1_419' title='bbox 205 5073 310 5143; x_wconf 78' lang='grc' dir='ltr'>μὲν</span> <span class='ocrx_word' id='word_1_420' title='bbox 332 5069 442 5141; x_wconf 85' lang='grc' dir='ltr'>γὰρ</span> <span class='ocrx_word' id='word_1_421' title='bbox 471 5069 565 5121; x_wconf 72' lang='grc' dir='ltr'>καὶ</span> <span class='ocrx_word' id='word_1_422' title='bbox 593 5066 755 5128; x_wconf 83' lang='grc' dir='ltr'>αὑτὸς</span> <span class='ocrx_word' id='word_1_423' title='bbox 776 5066 804 5116; x_wconf 89' lang='lat'>6</span> <span class='ocrx_word' id='word_1_424' title='bbox 820 5063 914 5116; x_wconf 91' lang='grc' dir='ltr'>τοῦ</span> <span class='ocrx_word' id='word_1_425' title='bbox 939 5064 1168 5118; x_wconf 89' lang='grc' dir='ltr'>θανάτου</span> <span class='ocrx_word' id='word_1_426' title='bbox 1190 5064 1385 5134; x_wconf 84' lang='grc' dir='ltr'>τρόπος</span> <span class='ocrx_word' id='word_1_427' title='bbox 1412 5066 1591 5128; x_wconf 86' lang='grc' dir='ltr'>ἱκανὸς</span> <span class='ocrx_word' id='word_1_428' title='bbox 1619 5066 1789 5118; x_wconf 82' lang='grc' dir='ltr'>ἀπαν-</span> 
     </span>
    </p>
   </div>
   <div class='ocr_carea' id='block_1_58' title="bbox 200 5147 1787 5220">
    <p class='ocr_par' dir='ltr' id='par_1_58' title="bbox 200 5147 1787 5220">
     <span class='ocr_line' id='line_1_58' title="bbox 200 5147 1787 5220; baseline -0.004 -12"><span class='ocrx_word' id='word_1_429' title='bbox 200 5170 308 5216; x_wconf 85' lang='grc' dir='ltr'>τας</span> <span class='ocrx_word' id='word_1_430' title='bbox 345 5155 546 5209; x_wconf 83' lang='grc' dir='ltr'>πεῖσαι,</span> <span class='ocrx_word' id='word_1_431' title='bbox 574 5150 653 5202; x_wconf 85' lang='grc' dir='ltr'>ὃτι</span> <span class='ocrx_word' id='word_1_432' title='bbox 682 5149 760 5211; x_wconf 89' lang='grc' dir='ltr'>είς</span> <span class='ocrx_word' id='word_1_433' title='bbox 792 5149 917 5209; x_wconf 79' lang='grc' dir='ltr'>τοὺς</span> <span class='ocrx_word' id='word_1_434' title='bbox 955 5147 1203 5217; x_wconf 72' lang='grc' dir='ltr'>πρώτους</span> <span class='ocrx_word' id='word_1_435' title='bbox 1234 5148 1342 5200; x_wconf 89' lang='grc' dir='ltr'>τῶν</span> <span class='ocrx_word' id='word_1_436' title='bbox 1381 5148 1673 5220; x_wconf 87' lang='grc' dir='ltr'>μαρτύρων</span> <span class='ocrx_word' id='word_1_437' title='bbox 1698 5166 1787 5200; x_wconf 91' lang='grc' dir='ltr'>τε-</span> 
     </span>
    </p>
   </div>
   <div class='ocr_carea' id='block_1_59' title="bbox 200 5228 1789 5301">
    <p class='ocr_par' dir='ltr' id='par_1_59' title="bbox 200 5228 1789 5301">
     <span class='ocr_line' id='line_1_59' title="bbox 200 5228 1789 5301; baseline -0.004 -12"><span class='ocrx_word' id='word_1_438' title='bbox 200 5236 414 5289; x_wconf 82' lang='grc' dir='ltr'>λοῦσιν.</span> <span class='ocrx_word' id='word_1_439' title='bbox 451 5235 511 5286; x_wconf 84' lang='grc' dir='ltr'>Εί</span> <span class='ocrx_word' id='word_1_440' title='bbox 542 5233 597 5285; x_wconf 84' lang='grc' dir='ltr'>δὲ</span> <span class='ocrx_word' id='word_1_441' title='bbox 631 5233 725 5285; x_wconf 74' lang='grc' dir='ltr'>καὶ</span> <span class='ocrx_word' id='word_1_442' title='bbox 752 5231 931 5301; x_wconf 70' lang='grc' dir='ltr'>ψῆφον</span> <span class='ocrx_word' id='word_1_443' title='bbox 980 5230 1161 5301; x_wconf 69' lang='grc' dir='ltr'>ζητεῖς</span> <span class='ocrx_word' id='word_1_444' title='bbox 1200 5228 1347 5283; x_wconf 85' lang='grc' dir='ltr'>θείαν</span> <span class='ocrx_word' id='word_1_445' title='bbox 1393 5232 1534 5301; x_wconf 83' lang='grc' dir='ltr'>ὑπὲρ</span> <span class='ocrx_word' id='word_1_446' title='bbox 1586 5231 1789 5285; x_wconf 85' lang='grc' dir='ltr'>τούτων</span> 
     </span>
    </p>
   </div>
   <div class='ocr_carea' id='block_1_60' title="bbox 203 5313 1789 5390">
    <p class='ocr_par' dir='ltr' id='par_1_60' title="bbox 203 5313 1789 5390">
     <span class='ocr_line' id='line_1_60' title="bbox 203 5313 1789 5390; baseline -0.003 -17"><span class='ocrx_word' id='word_1_447' title='bbox 203 5317 641 5390; x_wconf 79' lang='grc' dir='ltr'>ἑξενηνεγμένην</span> <span class='ocrx_word' id='word_1_448' title='bbox 677 5315 825 5379; x_wconf 88' lang='grc' dir='ltr'>ίδεῖν,</span> <span class='ocrx_word' id='word_1_449' title='bbox 857 5313 1086 5367; x_wconf 82' lang='grc' dir='ltr'>ἄκουσον</span> <span class='ocrx_word' id='word_1_450' title='bbox 1118 5314 1170 5365; x_wconf 86' lang='grc' dir='ltr'>τί</span> <span class='ocrx_word' id='word_1_451' title='bbox 1199 5330 1362 5382; x_wconf 87' lang='grc' dir='ltr'>φησιν</span> <span class='ocrx_word' id='word_1_452' title='bbox 1396 5316 1423 5366; x_wconf 88' lang='lat'>6</span> <span class='ocrx_word' id='word_1_453' title='bbox 1467 5315 1675 5378; x_wconf 84' lang='grc' dir='ltr'>Παῦλος</span> <span class='ocrx_word' id='word_1_454' title='bbox 1699 5332 1713 5345; x_wconf 72' lang='grc' dir='ltr'><strong><em>ο</em></strong></span> <span class='ocrx_word' id='word_1_455' title='bbox 1754 5314 1789 5368; x_wconf 79' lang='grc' dir='ltr'>ἀ</span> 
     </span>
    </p>
   </div>
   <div class='ocr_carea' id='block_1_61' title="bbox 202 5397 1787 5477">
    <p class='ocr_par' dir='ltr' id='par_1_61' title="bbox 202 5397 1787 5477">
     <span class='ocr_line' id='line_1_61' title="bbox 202 5397 1787 5477; baseline -0.001 -23"><span class='ocrx_word' id='word_1_456' title='bbox 202 5406 323 5477; x_wconf 78' lang='grc' dir='ltr'>γὰρ</span> <span class='ocrx_word' id='word_1_457' title='bbox 340 5405 546 5464; x_wconf 78' lang='grc' dir='ltr'>ἐκεῖνος</span> <span class='ocrx_word' id='word_1_458' title='bbox 566 5399 881 5471; x_wconf 81' lang='grc' dir='ltr'>φθέγγεται,</span> <span class='ocrx_word' id='word_1_459' title='bbox 903 5398 1058 5464; x_wconf 80' lang='grc' dir='ltr'>δῆλον</span> <span class='ocrx_word' id='word_1_460' title='bbox 1087 5398 1168 5450; x_wconf 84' lang='grc' dir='ltr'>ὅτι</span> <span class='ocrx_word' id='word_1_461' title='bbox 1193 5397 1286 5449; x_wconf 89' lang='grc' dir='ltr'>τοῦ</span> <span class='ocrx_word' id='word_1_462' title='bbox 1314 5400 1625 5468; x_wconf 87' lang='grc' dir='ltr'>ῐῐνεύματός</span> <span class='ocrx_word' id='word_1_463' title='bbox 1641 5400 1757 5452; x_wconf 82' lang='grc' dir='ltr'>ἐστι</span> <span class='ocrx_word' id='word_1_464' title='bbox 1773 5417 1787 5431; x_wconf 88' lang='grc'><strong>·</strong></span> 
     </span>
    </p>
   </div>
   <div class='ocr_carea' id='block_1_62' title="bbox 203 5480 1789 5555">
    <p class='ocr_par' dir='ltr' id='par_1_62' title="bbox 203 5480 1789 5555">
     <span class='ocr_line' id='line_1_62' title="bbox 203 5480 1789 5555; baseline -0.006 -12"><span class='ocrx_word' id='word_1_465' title='bbox 203 5486 377 5544; x_wconf 83' lang='grc' dir='ltr'>Δοκῶ</span> <span class='ocrx_word' id='word_1_466' title='bbox 410 5497 433 5524; x_wconf 80' lang='grc' dir='ltr'><strong>ο</strong></span> <span class='ocrx_word' id='word_1_467' title='bbox 470 5487 601 5555; x_wconf 63' lang='grc' dir='ltr'>γὰρ,</span> <span class='ocrx_word' id='word_1_468' title='bbox 629 5484 783 5552; x_wconf 79' lang='grc' dir='ltr'>φησὶ,</span> <span class='ocrx_word' id='word_1_469' title='bbox 817 5480 978 5551; x_wconf 75' lang='grc' dir='ltr'>κάγὼ</span> <span class='ocrx_word' id='word_1_470' title='bbox 1016 5482 1257 5551; x_wconf 82' lang='grc' dir='ltr'>Πνεῦμα</span> <span class='ocrx_word' id='word_1_471' title='bbox 1310 5482 1458 5535; x_wconf 86' lang='grc' dir='ltr'>Θεοῦ</span> <span class='ocrx_word' id='word_1_472' title='bbox 1487 5482 1669 5551; x_wconf 80' lang='grc' dir='ltr'>ἔχειν.</span> <span class='ocrx_word' id='word_1_473' title='bbox 1724 5483 1767 5534; x_wconf 87' lang='grc' dir='ltr'>Τ</span> <span class='ocrx_word' id='word_1_474' title='bbox 1774 5482 1789 5533; x_wconf 89' lang='grc' dir='ltr'>ί</span> 
     </span>
    </p>
   </div>
   <div class='ocr_carea' id='block_1_63' title="bbox 271 5622 1131 5685">
    <p class='ocr_par' dir='ltr' id='par_1_63' title="bbox 271 5622 1131 5685">
     <span class='ocr_line' id='line_1_63' title="bbox 271 5622 1131 5685; baseline -0.012 -7"><span class='ocrx_word' id='word_1_475' title='bbox 271 5631 302 5661; x_wconf 76' lang='grc'>⁸</span> <span class='ocrx_word' id='word_1_476' title='bbox 326 5628 478 5677; x_wconf 80' lang='lat' dir='ltr'>Savil.</span> <span class='ocrx_word' id='word_1_477' title='bbox 502 5628 582 5673; x_wconf 81' lang='grc' dir='ltr'>καὶ</span> <span class='ocrx_word' id='word_1_478' title='bbox 603 5626 666 5685; x_wconf 86' lang='grc' dir='ltr'>μή</span> <span class='ocrx_word' id='word_1_479' title='bbox 686 5625 944 5684; x_wconf 80' lang='grc' dir='ltr'>θαυμασῃς·</span> <span class='ocrx_word' id='word_1_480' title='bbox 970 5623 1009 5669; x_wconf 90' lang='grc' dir='ltr'>εἰ</span> <span class='ocrx_word' id='word_1_481' title='bbox 1029 5622 1131 5685; x_wconf 81' lang='grc' dir='ltr'>γάρ.</span> 
     </span>
    </p>
   </div>
   <div class='ocr_carea' id='block_1_64' title="bbox 273 5685 1789 5751">
    <p class='ocr_par' dir='ltr' id='par_1_64' title="bbox 273 5685 1789 5751">
     <span class='ocr_line' id='line_1_64' title="bbox 273 5685 1789 5751; baseline 0 -16"><span class='ocrx_word' id='word_1_482' title='bbox 273 5690 305 5735; x_wconf 80' lang='lat' dir='ltr'><strong>b</strong></span> <span class='ocrx_word' id='word_1_483' title='bbox 329 5689 497 5739; x_wconf 77' lang='lat' dir='ltr'>Monlf.</span> <span class='ocrx_word' id='word_1_484' title='bbox 526 5686 793 5751; x_wconf 80' lang='grc' dir='ltr'>προκείσθω</span> <span class='ocrx_word' id='word_1_485' title='bbox 814 5685 895 5731; x_wconf 86' lang='grc' dir='ltr'>καὶ</span> <span class='ocrx_word' id='word_1_486' title='bbox 915 5690 972 5745; x_wconf 81' lang='grc' dir='ltr'>τῇ</span> <span class='ocrx_word' id='word_1_487' title='bbox 994 5687 1223 5746; x_wconf 79' lang='grc' dir='ltr'>ὑπομονῇ.</span> <span class='ocrx_word' id='word_1_488' title='bbox 1260 5685 1358 5736; x_wconf 77' lang='lat' dir='ltr'>Sed</span> <span class='ocrx_word' id='word_1_489' title='bbox 1381 5692 1572 5748; x_wconf 72' lang='lat' dir='ltr'>Septem</span> <span class='ocrx_word' id='word_1_490' title='bbox 1599 5700 1713 5737; x_wconf 88' lang='lat' dir='ltr'>mss.</span> <span class='ocrx_word' id='word_1_491' title='bbox 1738 5691 1789 5735; x_wconf 83' lang='lat' dir='ltr'><strong><em>ul</em></strong></span> 
     </span>
    </p>
   </div>
   <div class='ocr_carea' id='block_1_65' title="bbox 207 5754 1172 5874">
    <p class='ocr_par' dir='ltr' id='par_1_65' title="bbox 207 5754 1172 5874">
     <span class='ocr_line' id='line_1_65' title="bbox 207 5754 466 5805; baseline -0.004 -8"><span class='ocrx_word' id='word_1_492' title='bbox 207 5766 321 5805; x_wconf 63' lang='lat' dir='ltr'>nos.</span> <span class='ocrx_word' id='word_1_493' title='bbox 348 5754 466 5801; x_wconf 72' lang='lat' dir='ltr'>hort</span> 
     </span>
     <span class='ocr_line' id='line_1_66' title="bbox 277 5808 1172 5874; baseline -0.007 -11"><span class='ocrx_word' id='word_1_494' title='bbox 277 5818 300 5849; x_wconf 71' lang='grc' dir='ltr'>ε</span> <span class='ocrx_word' id='word_1_495' title='bbox 326 5815 426 5866; x_wconf 68' lang='lat' dir='ltr'>Alii</span> <span class='ocrx_word' id='word_1_496' title='bbox 450 5811 707 5874; x_wconf 81' lang='grc' dir='ltr'>πνεύματός</span> <span class='ocrx_word' id='word_1_497' title='bbox 728 5809 819 5858; x_wconf 85' lang='grc' dir='ltr'>εἰσι</span> <span class='ocrx_word' id='word_1_498' title='bbox 840 5808 989 5871; x_wconf 82' lang='grc' dir='ltr'>νόμοι.</span> <span class='ocrx_word' id='word_1_499' title='bbox 1016 5808 1172 5857; x_wconf 77' lang='grc' dir='ltr'>Δοκῶ.</span> 
     </span>
    </p>
   </div>
   <div class='ocr_carea' id='block_1_66' title="bbox 1330 356 2221 425">
    <p class='ocr_par' dir='ltr' id='par_1_66' title="bbox 1330 356 2221 425">
     <span class='ocr_line' id='line_1_67' title="bbox 1330 356 2221 425; baseline 0.004 -12"><span class='ocrx_word' id='word_1_500' title='bbox 1330 357 1697 413; x_wconf 61' lang='grc' dir='ltr'>Αυγιςῐιδυε</span> <span class='ocrx_word' id='word_1_501' title='bbox 1714 422 1717 425; x_wconf 96' lang='lat'><em>_</em></span> <span class='ocrx_word' id='word_1_502' title='bbox 1734 356 1807 411; x_wconf 73' lang='lat' dir='ltr'>1U</span> <span class='ocrx_word' id='word_1_503' title='bbox 1820 356 2042 413; x_wconf 65' lang='lat' dir='ltr'>DzEOS.</span> <span class='ocrx_word' id='word_1_504' title='bbox 2088 357 2221 417; x_wconf 67' lang='lat' dir='ltr'>VIII.</span> 
     </span>
    </p>
   </div>
   <div class='ocr_carea' id='block_1_67' title="bbox 3350 360 3454 420">
    <p class='ocr_par' dir='ltr' id='par_1_67' title="bbox 3350 360 3454 420">
     <span class='ocr_line' id='line_1_68' title="bbox 3350 360 3454 420; baseline 0.01 -1"><span class='ocrx_word' id='word_1_505' title='bbox 3350 360 3454 420; x_wconf 68' lang='lat'>9-19</span> 
     </span>
    </p>
   </div>
   <div class='ocr_carea' id='block_1_68' title="bbox 1886 468 3458 549">
    <p class='ocr_par' dir='ltr' id='par_1_68' title="bbox 1886 468 3458 549">
     <span class='ocr_line' id='line_1_69' title="bbox 1886 468 3458 549; baseline 0.005 -24"><span class='ocrx_word' id='word_1_506' title='bbox 1886 471 1979 527; x_wconf 79' lang='grc' dir='ltr'>οὗν</span> <span class='ocrx_word' id='word_1_507' title='bbox 2017 468 2170 539; x_wconf 69' lang='grc' dir='ltr'>οὗτός</span> <span class='ocrx_word' id='word_1_508' title='bbox 2195 492 2392 546; x_wconf 83' lang='grc' dir='ltr'>φησιν;</span> <span class='ocrx_word' id='word_1_509' title='bbox 2437 477 2763 549; x_wconf 82' lang='grc' dir='ltr'>Ἀρξάμενος</span> <span class='ocrx_word' id='word_1_510' title='bbox 2787 478 2896 532; x_wconf 77' lang='grc' dir='ltr'>ἀπὸ</span> <span class='ocrx_word' id='word_1_511' title='bbox 2920 475 3015 530; x_wconf 86' lang='grc' dir='ltr'>τοῦ</span> <span class='ocrx_word' id='word_1_512' title='bbox 3042 475 3226 535; x_wconf 75' lang='grc' dir='ltr'>Ἅϐελ.</span> <span class='ocrx_word' id='word_1_513' title='bbox 3256 478 3349 531; x_wconf 72' lang='grc' dir='ltr'>καὶ</span> <span class='ocrx_word' id='word_1_514' title='bbox 3377 482 3458 533; x_wconf 85' lang='grc' dir='ltr'>εἰ-</span> 
     </span>
    </p>
   </div>
   <div class='ocr_carea' id='block_1_69' title="bbox 1884 558 3456 633">
    <p class='ocr_par' dir='ltr' id='par_1_69' title="bbox 1884 558 3456 633">
     <span class='ocr_line' id='line_1_70' title="bbox 1884 558 3456 633; baseline 0.002 -22"><span class='ocrx_word' id='word_1_515' title='bbox 1884 558 2021 622; x_wconf 85' lang='grc' dir='ltr'>πὼν,</span> <span class='ocrx_word' id='word_1_516' title='bbox 2051 559 2132 614; x_wconf 81' lang='grc' dir='ltr'>ὅτι</span> <span class='ocrx_word' id='word_1_517' title='bbox 2156 559 2374 613; x_wconf 85' lang='grc' dir='ltr'>πλείονα</span> <span class='ocrx_word' id='word_1_518' title='bbox 2395 561 2585 614; x_wconf 88' lang='grc' dir='ltr'>θυσίαν</span> <span class='ocrx_word' id='word_1_519' title='bbox 2613 560 2775 615; x_wconf 79' lang='grc' dir='ltr'>’Δϐελ</span> <span class='ocrx_word' id='word_1_520' title='bbox 2803 561 2955 633; x_wconf 67' lang='grc' dir='ltr'>παρὰ</span> <span class='ocrx_word' id='word_1_521' title='bbox 2982 563 3122 615; x_wconf 82' lang='grc' dir='ltr'>Κάῖν</span> <span class='ocrx_word' id='word_1_522' title='bbox 3148 563 3456 631; x_wconf 76' lang='grc' dir='ltr'>προσήνεγ-</span> 
     </span>
    </p>
   </div>
   <div class='ocr_carea' id='block_1_70' title="bbox 1894 638 3450 712">
    <p class='ocr_par' dir='ltr' id='par_1_70' title="bbox 1894 638 3450 712">
     <span class='ocr_line' id='line_1_71' title="bbox 1894 638 3450 712; baseline 0.001 -17"><span class='ocrx_word' id='word_1_523' title='bbox 1894 660 1953 695; x_wconf 79' lang='grc' dir='ltr'>κε</span> <span class='ocrx_word' id='word_1_524' title='bbox 1982 642 2055 711; x_wconf 78' lang='grc' dir='ltr'>τῷ</span> <span class='ocrx_word' id='word_1_525' title='bbox 2082 641 2218 709; x_wconf 80' lang='grc' dir='ltr'>Θεῷ.</span> <span class='ocrx_word' id='word_1_526' title='bbox 2254 642 2345 692; x_wconf 82' lang='grc' dir='ltr'>καί</span> <span class='ocrx_word' id='word_1_527' title='bbox 2377 640 2443 693; x_wconf 80' lang='grc' dir='ltr'>δι’</span> <span class='ocrx_word' id='word_1_528' title='bbox 2486 642 2653 712; x_wconf 84' lang='grc' dir='ltr'>αὐτῆς</span> <span class='ocrx_word' id='word_1_529' title='bbox 2686 641 2968 695; x_wconf 84' lang='grc' dir='ltr'>ἀποθανὼν</span> <span class='ocrx_word' id='word_1_530' title='bbox 3008 641 3086 695; x_wconf 81' lang='grc' dir='ltr'>ἔτι</span> <span class='ocrx_word' id='word_1_531' title='bbox 3128 643 3304 697; x_wconf 81' lang='grc' dir='ltr'>λαλεῖ·</span> <span class='ocrx_word' id='word_1_532' title='bbox 3329 638 3450 696; x_wconf 79' lang='grc' dir='ltr'>εἶτα</span> 
     </span>
    </p>
   </div>
   <div class='ocr_carea' id='block_1_71' title="bbox 1891 726 3447 795">
    <p class='ocr_par' dir='ltr' id='par_1_71' title="bbox 1891 726 3447 795">
     <span class='ocr_line' id='line_1_72' title="bbox 1891 726 3447 795; baseline 0 -16"><span class='ocrx_word' id='word_1_533' title='bbox 1891 726 2129 787; x_wconf 75' lang='grc' dir='ltr'>καταϐὰς</span> <span class='ocrx_word' id='word_1_534' title='bbox 2145 726 2359 787; x_wconf 79' lang='grc' dir='ltr'>εἰςτοὺς</span> <span class='ocrx_word' id='word_1_535' title='bbox 2374 726 2677 795; x_wconf 80' lang='grc' dir='ltr'>προφήτας,</span> <span class='ocrx_word' id='word_1_536' title='bbox 2697 726 2788 779; x_wconf 72' lang='grc' dir='ltr'>καὶ</span> <span class='ocrx_word' id='word_1_537' title='bbox 2806 726 3025 779; x_wconf 86' lang='grc' dir='ltr'>διελθὼν</span> <span class='ocrx_word' id='word_1_538' title='bbox 3047 728 3126 789; x_wconf 83' lang='grc' dir='ltr'>εἰς</span> <span class='ocrx_word' id='word_1_539' title='bbox 3147 727 3239 779; x_wconf 71' lang='grc' dir='ltr'>τὸν</span> <span class='ocrx_word' id='word_1_540' title='bbox 3268 728 3447 780; x_wconf 85' lang='grc' dir='ltr'>Ἰωάν-</span> 
     </span>
    </p>
   </div>
   <div class='ocr_carea' id='block_1_72' title="bbox 1888 808 3447 881">
    <p class='ocr_par' dir='ltr' id='par_1_72' title="bbox 1888 808 3447 881">
     <span class='ocr_line' id='line_1_73' title="bbox 1888 808 3447 881; baseline -0.003 -17"><span class='ocrx_word' id='word_1_541' title='bbox 1888 827 2006 881; x_wconf 88' lang='grc' dir='ltr'>νην,</span> <span class='ocrx_word' id='word_1_542' title='bbox 2032 810 2125 863; x_wconf 83' lang='grc' dir='ltr'>καὶ</span> <span class='ocrx_word' id='word_1_543' title='bbox 2144 808 2310 861; x_wconf 84' lang='grc' dir='ltr'>εἰπών</span> <span class='ocrx_word' id='word_1_544' title='bbox 2327 825 2339 838; x_wconf 91' lang='grc'><strong>·</strong></span> <span class='ocrx_word' id='word_1_545' title='bbox 2374 810 2469 861; x_wconf 75' lang='grc' dir='ltr'>Ἐν</span> <span class='ocrx_word' id='word_1_546' title='bbox 2492 811 2654 877; x_wconf 65' lang='grc' dir='ltr'>φόνῳ</span> <span class='ocrx_word' id='word_1_547' title='bbox 2669 810 2965 877; x_wconf 79' lang='grc' dir='ltr'>μαχαίρας</span> <span class='ocrx_word' id='word_1_548' title='bbox 2986 810 3307 872; x_wconf 77' lang='grc' dir='ltr'>ἀπέθανον,</span> <span class='ocrx_word' id='word_1_549' title='bbox 3327 810 3447 863; x_wconf 65' lang='grc' dir='ltr'>ἔτεα</span> 
     </span>
    </p>
   </div>
   <div class='ocr_carea' id='block_1_73' title="bbox 1880 891 3447 962">
    <p class='ocr_par' dir='ltr' id='par_1_73' title="bbox 1880 891 3447 962">
     <span class='ocr_line' id='line_1_74' title="bbox 1880 891 3447 962; baseline -0.001 -16"><span class='ocrx_word' id='word_1_550' title='bbox 1880 912 1973 962; x_wconf 83' lang='grc' dir='ltr'>ροι</span> <span class='ocrx_word' id='word_1_551' title='bbox 2004 894 2072 946; x_wconf 81' lang='grc' dir='ltr'>δὲ</span> <span class='ocrx_word' id='word_1_552' title='bbox 2100 892 2674 961; x_wconf 75' lang='grc' dir='ltr'>ἐτυμπανίσθησανά</span> <span class='ocrx_word' id='word_1_553' title='bbox 2696 908 2708 921; x_wconf 81' lang='grc'><em>’</em></span> <span class='ocrx_word' id='word_1_554' title='bbox 2746 896 2840 945; x_wconf 81' lang='grc' dir='ltr'>καὶ</span> <span class='ocrx_word' id='word_1_555' title='bbox 2866 892 3091 955; x_wconf 76' lang='grc' dir='ltr'>πολλοὺς</span> <span class='ocrx_word' id='word_1_556' title='bbox 3138 894 3231 946; x_wconf 74' lang='grc' dir='ltr'>καὶ</span> <span class='ocrx_word' id='word_1_557' title='bbox 3262 891 3447 959; x_wconf 83' lang='grc' dir='ltr'>διαφό-</span> 
     </span>
    </p>
   </div>
   <div class='ocr_carea' id='block_1_74' title="bbox 1889 973 3448 1049">
    <p class='ocr_par' dir='ltr' id='par_1_74' title="bbox 1889 973 3448 1049">
     <span class='ocr_line' id='line_1_75' title="bbox 1889 973 3448 1049; baseline -0.003 -18"><span class='ocrx_word' id='word_1_558' title='bbox 1889 995 2015 1049; x_wconf 88' lang='grc' dir='ltr'>ρους</span> <span class='ocrx_word' id='word_1_559' title='bbox 2036 978 2433 1048; x_wconf 82' lang='grc' dir='ltr'>διηγησάμενος</span> <span class='ocrx_word' id='word_1_560' title='bbox 2465 976 2745 1039; x_wconf 79' lang='grc' dir='ltr'>θανάτους,</span> <span class='ocrx_word' id='word_1_561' title='bbox 2786 977 3065 1045; x_wconf 75' lang='grc' dir='ltr'>ἐπήγαγεν</span> <span class='ocrx_word' id='word_1_562' title='bbox 3096 973 3238 1028; x_wconf 75' lang='grc' dir='ltr'>οὖτω</span> <span class='ocrx_word' id='word_1_563' title='bbox 3257 991 3272 1006; x_wconf 76' lang='grc' dir='ltr'><strong><em>ο</em></strong></span> <span class='ocrx_word' id='word_1_564' title='bbox 3327 980 3448 1029; x_wconf 86' lang='grc' dir='ltr'>Τοι-</span> 
     </span>
    </p>
   </div>
   <div class='ocr_carea' id='block_1_75' title="bbox 1888 1060 3450 1131">
    <p class='ocr_par' dir='ltr' id='par_1_75' title="bbox 1888 1060 3450 1131">
     <span class='ocr_line' id='line_1_76' title="bbox 1888 1060 3450 1131; baseline -0.001 -16"><span class='ocrx_word' id='word_1_565' title='bbox 1888 1062 2111 1131; x_wconf 70' lang='grc' dir='ltr'>γαροῦν</span> <span class='ocrx_word' id='word_1_566' title='bbox 2134 1061 2231 1114; x_wconf 77' lang='grc' dir='ltr'>καί</span> <span class='ocrx_word' id='word_1_567' title='bbox 2255 1061 2425 1130; x_wconf 77' lang='grc' dir='ltr'>ἡμεῖς</span> <span class='ocrx_word' id='word_1_568' title='bbox 2445 1062 2739 1115; x_wconf 78' lang='grc' dir='ltr'>τοσοῦτον</span> <span class='ocrx_word' id='word_1_569' title='bbox 2768 1060 3012 1128; x_wconf 75' lang='grc' dir='ltr'>ἔχοντες</span> <span class='ocrx_word' id='word_1_570' title='bbox 3036 1060 3450 1127; x_wconf 73' lang='grc' dir='ltr'>περικείμενον</span> 
     </span>
    </p>
   </div>
   <div class='ocr_carea' id='block_1_76' title="bbox 1886 1143 3446 1216">
    <p class='ocr_par' dir='ltr' id='par_1_76' title="bbox 1886 1143 3446 1216">
     <span class='ocr_line' id='line_1_77' title="bbox 1886 1143 3446 1216; baseline -0.016 2"><span class='ocrx_word' id='word_1_571' title='bbox 1886 1147 2031 1216; x_wconf 65' lang='grc' dir='ltr'>ἡμῖν</span> <span class='ocrx_word' id='word_1_572' title='bbox 2066 1143 2251 1215; x_wconf 64' lang='grc' dir='ltr'>νέφος</span> <span class='ocrx_word' id='word_1_573' title='bbox 2273 1147 2608 1214; x_wconf 79' lang='grc' dir='ltr'>μαρτύρων,</span> <span class='ocrx_word' id='word_1_574' title='bbox 2650 1144 2831 1211; x_wconf 74' lang='grc' dir='ltr'>ὄγκον</span> <span class='ocrx_word' id='word_1_575' title='bbox 2862 1154 2885 1181; x_wconf 69' lang='grc' dir='ltr'><strong>ο</strong></span> <span class='ocrx_word' id='word_1_576' title='bbox 2916 1143 3268 1211; x_wconf 75' lang='grc' dir='ltr'>ἀποθέμενοι</span> <span class='ocrx_word' id='word_1_577' title='bbox 3295 1144 3446 1195; x_wconf 79' lang='grc' dir='ltr'>πάν-</span> 
     </span>
    </p>
   </div>
   <div class='ocr_carea' id='block_1_77' title="bbox 1886 1224 3461 1297">
    <p class='ocr_par' dir='ltr' id='par_1_77' title="bbox 1886 1224 3461 1297">
     <span class='ocr_line' id='line_1_78' title="bbox 1886 1224 3461 1297; baseline -0.003 -16"><span class='ocrx_word' id='word_1_578' title='bbox 1886 1245 1977 1289; x_wconf 79' lang='grc' dir='ltr'>τα,</span> <span class='ocrx_word' id='word_1_579' title='bbox 1998 1227 2069 1279; x_wconf 78' lang='grc' dir='ltr'>δι’</span> <span class='ocrx_word' id='word_1_580' title='bbox 2094 1226 2402 1295; x_wconf 69' lang='grc' dir='ltr'>ὑπομονῆς</span> <span class='ocrx_word' id='word_1_581' title='bbox 2422 1224 2739 1295; x_wconf 74' lang='grc' dir='ltr'>τρέχωμεν.</span> <span class='ocrx_word' id='word_1_582' title='bbox 2778 1227 2959 1297; x_wconf 77' lang='grc' dir='ltr'>Ὁρᾷς,</span> <span class='ocrx_word' id='word_1_583' title='bbox 2973 1226 3054 1277; x_wconf 81' lang='grc' dir='ltr'>ὅτι</span> <span class='ocrx_word' id='word_1_584' title='bbox 3072 1226 3165 1278; x_wconf 77' lang='grc' dir='ltr'>καὶ</span> <span class='ocrx_word' id='word_1_585' title='bbox 3186 1226 3276 1277; x_wconf 88' lang='grc' dir='ltr'>τὸν</span> <span class='ocrx_word' id='word_1_586' title='bbox 3297 1224 3461 1277; x_wconf 78' lang='grc' dir='ltr'>’Δϐελ</span> 
     </span>
    </p>
   </div>
   <div class='ocr_carea' id='block_1_78' title="bbox 1889 1306 3461 1380">
    <p class='ocr_par' dir='ltr' id='par_1_78' title="bbox 1889 1306 3461 1380">
     <span class='ocr_line' id='line_1_79' title="bbox 1889 1306 3461 1380; baseline -0.003 -18"><span class='ocrx_word' id='word_1_587' title='bbox 1889 1311 2139 1380; x_wconf 86' lang='grc' dir='ltr'>μάρτυρα</span> <span class='ocrx_word' id='word_1_588' title='bbox 2193 1310 2437 1370; x_wconf 65' lang='grc' dir='ltr'>ἐκάλεσε,</span> <span class='ocrx_word' id='word_1_589' title='bbox 2488 1312 2582 1362; x_wconf 69' lang='grc' dir='ltr'>καὶ</span> <span class='ocrx_word' id='word_1_590' title='bbox 2623 1309 2715 1362; x_wconf 79' lang='grc' dir='ltr'>τὸν</span> <span class='ocrx_word' id='word_1_591' title='bbox 2748 1306 2892 1373; x_wconf 75' lang='grc' dir='ltr'>Νῶε,</span> <span class='ocrx_word' id='word_1_592' title='bbox 2934 1308 3146 1361; x_wconf 74' lang='grc' dir='ltr'>καὶτὸν</span> <span class='ocrx_word' id='word_1_593' title='bbox 3189 1307 3461 1379; x_wconf 84' lang='grc' dir='ltr'>Ἀϐραὰμ,</span> 
     </span>
    </p>
   </div>
   <div class='ocr_carea' id='block_1_79' title="bbox 1887 1390 3463 1462">
    <p class='ocr_par' dir='ltr' id='par_1_79' title="bbox 1887 1390 3463 1462">
     <span class='ocr_line' id='line_1_80' title="bbox 1887 1390 3463 1462; baseline -0.002 -16"><span class='ocrx_word' id='word_1_594' title='bbox 1887 1396 1981 1448; x_wconf 71' lang='grc' dir='ltr'>καὶ</span> <span class='ocrx_word' id='word_1_595' title='bbox 2010 1393 2099 1447; x_wconf 89' lang='grc' dir='ltr'>τὸν</span> <span class='ocrx_word' id='word_1_596' title='bbox 2140 1395 2343 1458; x_wconf 83' lang='grc' dir='ltr'>Ἰσαὰκ,</span> <span class='ocrx_word' id='word_1_597' title='bbox 2375 1394 2468 1446; x_wconf 65' lang='grc' dir='ltr'>καὶ</span> <span class='ocrx_word' id='word_1_598' title='bbox 2494 1393 2585 1445; x_wconf 86' lang='grc' dir='ltr'>τὸν</span> <span class='ocrx_word' id='word_1_599' title='bbox 2641 1392 2854 1445; x_wconf 82' lang='grc' dir='ltr'>Ἰακώϐ.</span> <span class='ocrx_word' id='word_1_600' title='bbox 2903 1394 2965 1444; x_wconf 90' lang='grc' dir='ltr'>Οί</span> <span class='ocrx_word' id='word_1_601' title='bbox 3008 1392 3107 1461; x_wconf 85' lang='grc' dir='ltr'>μὲν</span> <span class='ocrx_word' id='word_1_602' title='bbox 3141 1390 3250 1462; x_wconf 79' lang='grc' dir='ltr'>γάρ</span> <span class='ocrx_word' id='word_1_603' title='bbox 3284 1390 3463 1444; x_wconf 83' lang='grc' dir='ltr'>αὐτῶν</span> 
     </span>
    </p>
   </div>
   <div class='ocr_carea' id='block_1_80' title="bbox 1886 1469 3465 1545">
    <p class='ocr_par' dir='ltr' id='par_1_80' title="bbox 1886 1469 3465 1545">
     <span class='ocr_line' id='line_1_81' title="bbox 1886 1469 3465 1545; baseline -0.004 -14"><span class='ocrx_word' id='word_1_604' title='bbox 1886 1478 2055 1541; x_wconf 80' lang='grc' dir='ltr'>οὑτως</span> <span class='ocrx_word' id='word_1_605' title='bbox 2098 1476 2117 1515; x_wconf 72' lang='grc' dir='ltr'>ί</span> <span class='ocrx_word' id='word_1_606' title='bbox 2150 1477 2418 1530; x_wconf 85' lang='grc' dir='ltr'>ἀπέθανον</span> <span class='ocrx_word' id='word_1_607' title='bbox 2447 1476 2535 1529; x_wconf 78' lang='grc' dir='ltr'>διὰ</span> <span class='ocrx_word' id='word_1_608' title='bbox 2564 1476 2653 1528; x_wconf 82' lang='grc' dir='ltr'>τὸν</span> <span class='ocrx_word' id='word_1_609' title='bbox 2675 1475 2806 1527; x_wconf 87' lang='grc' dir='ltr'>Θεόν</span> <span class='ocrx_word' id='word_1_610' title='bbox 2824 1492 2837 1505; x_wconf 73' lang='grc' dir='ltr'><strong>ο</strong></span> <span class='ocrx_word' id='word_1_611' title='bbox 2869 1475 3056 1545; x_wconf 83' lang='grc' dir='ltr'>ῶσπερ</span> <span class='ocrx_word' id='word_1_612' title='bbox 3080 1469 3172 1527; x_wconf 80' lang='grc' dir='ltr'>οὖν</span> <span class='ocrx_word' id='word_1_613' title='bbox 3205 1475 3300 1528; x_wconf 63' lang='grc' dir='ltr'>καλ</span> <span class='ocrx_word' id='word_1_614' title='bbox 3318 1473 3465 1526; x_wconf 82' lang='grc' dir='ltr'>Παῦ-</span> 
     </span>
    </p>
   </div>
   <div class='ocr_carea' id='block_1_81' title="bbox 1888 1557 3463 1631">
    <p class='ocr_par' dir='ltr' id='par_1_81' title="bbox 1888 1557 3463 1631">
     <span class='ocr_line' id='line_1_82' title="bbox 1888 1557 3463 1631; baseline -0.003 -16"><span class='ocrx_word' id='word_1_615' title='bbox 1888 1563 1975 1625; x_wconf 86' lang='grc' dir='ltr'>λός</span> <span class='ocrx_word' id='word_1_616' title='bbox 2004 1578 2156 1631; x_wconf 85' lang='grc' dir='ltr'>φησι,</span> <span class='ocrx_word' id='word_1_617' title='bbox 2183 1562 2321 1615; x_wconf 78' lang='grc' dir='ltr'>Καθ’</span> <span class='ocrx_word' id='word_1_618' title='bbox 2341 1557 2567 1628; x_wconf 74' lang='grc' dir='ltr'>ἡμέραν</span> <span class='ocrx_word' id='word_1_619' title='bbox 2594 1558 2981 1625; x_wconf 69' lang='grc' dir='ltr'>ἁποθνήσκωσ</span> <span class='ocrx_word' id='word_1_620' title='bbox 3008 1560 3182 1613; x_wconf 88' lang='grc' dir='ltr'>καίτοι</span> <span class='ocrx_word' id='word_1_621' title='bbox 3203 1559 3302 1612; x_wconf 82' lang='grc' dir='ltr'>οὐκ</span> <span class='ocrx_word' id='word_1_622' title='bbox 3325 1560 3463 1611; x_wconf 87' lang='grc' dir='ltr'>ἀπο-</span> 
     </span>
    </p>
   </div>
   <div class='ocr_carea' id='block_1_82' title="bbox 1888 1640 3463 1715">
    <p class='ocr_par' dir='ltr' id='par_1_82' title="bbox 1888 1640 3463 1715">
     <span class='ocr_line' id='line_1_83' title="bbox 1888 1640 3463 1715; baseline -0.001 -18"><span class='ocrx_word' id='word_1_623' title='bbox 1888 1646 2156 1715; x_wconf 78' lang='grc' dir='ltr'>θνήσκων,</span> <span class='ocrx_word' id='word_1_624' title='bbox 2185 1644 2321 1697; x_wconf 84' lang='grc' dir='ltr'>ἀλλά</span> <span class='ocrx_word' id='word_1_625' title='bbox 2347 1647 2412 1712; x_wconf 85' lang='grc' dir='ltr'>τῇ</span> <span class='ocrx_word' id='word_1_626' title='bbox 2451 1642 2703 1713; x_wconf 87' lang='grc' dir='ltr'>προθέσει</span> <span class='ocrx_word' id='word_1_627' title='bbox 2750 1644 2909 1713; x_wconf 89' lang='grc' dir='ltr'>μόνον</span> <span class='ocrx_word' id='word_1_628' title='bbox 2955 1643 3241 1712; x_wconf 79' lang='grc' dir='ltr'>ὑπομένων</span> <span class='ocrx_word' id='word_1_629' title='bbox 3284 1640 3463 1695; x_wconf 84' lang='grc' dir='ltr'>τοῦτο.</span> 
     </span>
    </p>
   </div>
   <div class='ocr_carea' id='block_1_83' title="bbox 1888 1724 3465 1797">
    <p class='ocr_par' dir='ltr' id='par_1_83' title="bbox 1888 1724 3465 1797">
     <span class='ocr_line' id='line_1_84' title="bbox 1888 1724 3465 1797; baseline -0.004 -15"><span class='ocrx_word' id='word_1_630' title='bbox 1888 1729 2045 1783; x_wconf 73' lang='grc' dir='ltr'>Οὕτω</span> <span class='ocrx_word' id='word_1_631' title='bbox 2076 1730 2169 1781; x_wconf 73' lang='grc' dir='ltr'>καὶ</span> <span class='ocrx_word' id='word_1_632' title='bbox 2191 1730 2276 1791; x_wconf 85' lang='grc' dir='ltr'>σὺ,</span> <span class='ocrx_word' id='word_1_633' title='bbox 2314 1726 2378 1780; x_wconf 82' lang='grc' dir='ltr'>ἂν</span> <span class='ocrx_word' id='word_1_634' title='bbox 2406 1726 2703 1797; x_wconf 82' lang='grc' dir='ltr'>διακρούσῃ</span> <span class='ocrx_word' id='word_1_635' title='bbox 2732 1726 2829 1789; x_wconf 76' lang='grc' dir='ltr'>τὰς</span> <span class='ocrx_word' id='word_1_636' title='bbox 2854 1726 3066 1796; x_wconf 73' lang='grc' dir='ltr'>ἐπῳδὰς</span> <span class='ocrx_word' id='word_1_637' title='bbox 3096 1725 3191 1778; x_wconf 70' lang='grc' dir='ltr'>καὶ</span> <span class='ocrx_word' id='word_1_638' title='bbox 3210 1724 3310 1791; x_wconf 79' lang='grc' dir='ltr'>τὰς</span> <span class='ocrx_word' id='word_1_639' title='bbox 3335 1740 3465 1797; x_wconf 69' lang='grc' dir='ltr'>φαρυ</span> 
     </span>
    </p>
   </div>
   <div class='ocr_carea' id='block_1_84' title="bbox 1890 1809 3465 1884">
    <p class='ocr_par' dir='ltr' id='par_1_84' title="bbox 1890 1809 3465 1884">
     <span class='ocr_line' id='line_1_85' title="bbox 1890 1809 3465 1884; baseline -0.004 -16"><span class='ocrx_word' id='word_1_640' title='bbox 1890 1813 2119 1884; x_wconf 79' lang='grc' dir='ltr'>μακείας</span> <span class='ocrx_word' id='word_1_641' title='bbox 2141 1812 2235 1866; x_wconf 72' lang='grc' dir='ltr'>καὶ</span> <span class='ocrx_word' id='word_1_642' title='bbox 2261 1812 2361 1874; x_wconf 82' lang='grc' dir='ltr'>τὰς</span> <span class='ocrx_word' id='word_1_643' title='bbox 2393 1810 2750 1879; x_wconf 87' lang='grc' dir='ltr'>μαγγανείας,</span> <span class='ocrx_word' id='word_1_644' title='bbox 2780 1810 2876 1863; x_wconf 73' lang='grc' dir='ltr'>καὶ</span> <span class='ocrx_word' id='word_1_645' title='bbox 2907 1810 3185 1883; x_wconf 75' lang='grc' dir='ltr'>ἀποθάνῃς</span> <span class='ocrx_word' id='word_1_646' title='bbox 3216 1812 3282 1880; x_wconf 79' lang='grc' dir='ltr'>τῇ</span> <span class='ocrx_word' id='word_1_647' title='bbox 3302 1809 3465 1879; x_wconf 84' lang='grc' dir='ltr'>νόσῳ,</span> 
     </span>
    </p>
   </div>
   <div class='ocr_carea' id='block_1_85' title="bbox 1890 1888 3467 1971">
    <p class='ocr_par' dir='ltr' id='par_1_85' title="bbox 1890 1888 3467 1971">
     <span class='ocr_line' id='line_1_86' title="bbox 1890 1888 3467 1971; baseline -0.001 -24"><span class='ocrx_word' id='word_1_648' title='bbox 1890 1896 2097 1967; x_wconf 83' lang='grc' dir='ltr'>μάρτυς</span> <span class='ocrx_word' id='word_1_649' title='bbox 2125 1894 2535 1966; x_wconf 85' lang='grc' dir='ltr'>ἀπηρτισμένος</span> <span class='ocrx_word' id='word_1_650' title='bbox 2567 1888 2638 1956; x_wconf 84' lang='grc' dir='ltr'>εί,</span> <span class='ocrx_word' id='word_1_651' title='bbox 2673 1894 2759 1971; x_wconf 68' lang='grc' dir='ltr'>ὅτι</span> <span class='ocrx_word' id='word_1_652' title='bbox 2781 1892 3104 1962; x_wconf 85' lang='grc' dir='ltr'>ἀπαλλαγὴν</span> <span class='ocrx_word' id='word_1_653' title='bbox 3147 1894 3285 1964; x_wconf 86' lang='grc' dir='ltr'>μετά</span> <span class='ocrx_word' id='word_1_654' title='bbox 3340 1892 3467 1945; x_wconf 82' lang='grc' dir='ltr'>ἀσε-</span> 
     </span>
    </p>
   </div>
   <div class='ocr_carea' id='block_1_86' title="bbox 1886 1975 3467 2048">
    <p class='ocr_par' dir='ltr' id='par_1_86' title="bbox 1886 1975 3467 2048">
     <span class='ocr_line' id='line_1_87' title="bbox 1886 1975 3467 2048; baseline -0.004 -15"><span class='ocrx_word' id='word_1_655' title='bbox 1886 1980 2039 2043; x_wconf 86' lang='grc' dir='ltr'>ϐείας</span> <span class='ocrx_word' id='word_1_656' title='bbox 2067 1978 2550 2048; x_wconf 76' lang='grc' dir='ltr'>ἐπαγγελλομένων</span> <span class='ocrx_word' id='word_1_657' title='bbox 2577 1976 2777 2047; x_wconf 77' lang='grc' dir='ltr'>ἐτέρων</span> <span class='ocrx_word' id='word_1_658' title='bbox 2800 1977 2945 2029; x_wconf 81' lang='grc' dir='ltr'>εἵλου</span> <span class='ocrx_word' id='word_1_659' title='bbox 2969 1976 3200 2031; x_wconf 85' lang='grc' dir='ltr'>θάνατον</span> <span class='ocrx_word' id='word_1_660' title='bbox 3233 1976 3349 2047; x_wconf 82' lang='grc' dir='ltr'>μετ’</span> <span class='ocrx_word' id='word_1_661' title='bbox 3378 1975 3467 2028; x_wconf 79' lang='grc' dir='ltr'>εὖ·</span> 
     </span>
    </p>
   </div>
   <div class='ocr_carea' id='block_1_87' title="bbox 1888 2058 3467 2132">
    <p class='ocr_par' dir='ltr' id='par_1_87' title="bbox 1888 2058 3467 2132">
     <span class='ocr_line' id='line_1_88' title="bbox 1888 2058 3467 2132; baseline -0.003 -16"><span class='ocrx_word' id='word_1_662' title='bbox 1888 2063 2104 2126; x_wconf 81' lang='grc' dir='ltr'>σεϐείας</span> <span class='ocrx_word' id='word_1_663' title='bbox 2154 2062 2373 2132; x_wconf 82' lang='grc' dir='ltr'>μᾶλλον.</span> <span class='ocrx_word' id='word_1_664' title='bbox 2412 2062 2522 2114; x_wconf 75' lang='grc' dir='ltr'>Καὶ</span> <span class='ocrx_word' id='word_1_665' title='bbox 2562 2059 2735 2114; x_wconf 82' lang='grc' dir='ltr'>ταῦτα</span> <span class='ocrx_word' id='word_1_666' title='bbox 2768 2060 2868 2131; x_wconf 82' lang='grc' dir='ltr'>μὲν</span> <span class='ocrx_word' id='word_1_667' title='bbox 2903 2062 3036 2131; x_wconf 80' lang='grc' dir='ltr'>ἡμῖν</span> <span class='ocrx_word' id='word_1_668' title='bbox 3090 2059 3304 2130; x_wconf 73' lang='grc' dir='ltr'>εἴρηται</span> <span class='ocrx_word' id='word_1_669' title='bbox 3330 2058 3467 2130; x_wconf 79' lang='grc' dir='ltr'>πρὸς</span> 
     </span>
    </p>
   </div>
   <div class='ocr_carea' id='block_1_88' title="bbox 1884 2141 3469 2218">
    <p class='ocr_par' dir='ltr' id='par_1_88' title="bbox 1884 2141 3469 2218">
     <span class='ocr_line' id='line_1_89' title="bbox 1884 2141 3469 2218; baseline -0.006 -15"><span class='ocrx_word' id='word_1_670' title='bbox 1884 2151 2013 2212; x_wconf 77' lang='grc' dir='ltr'>τοὺς</span> <span class='ocrx_word' id='word_1_671' title='bbox 2045 2145 2425 2218; x_wconf 76' lang='grc' dir='ltr'>κομπάζοντας</span> <span class='ocrx_word' id='word_1_672' title='bbox 2450 2146 2543 2199; x_wconf 83' lang='grc' dir='ltr'>καὶ</span> <span class='ocrx_word' id='word_1_673' title='bbox 2562 2145 2841 2213; x_wconf 88' lang='grc' dir='ltr'>λέγοντας,</span> <span class='ocrx_word' id='word_1_674' title='bbox 2870 2146 2951 2198; x_wconf 87' lang='grc' dir='ltr'>ὅτι</span> <span class='ocrx_word' id='word_1_675' title='bbox 2978 2143 3339 2214; x_wconf 85' lang='grc' dir='ltr'>θεραπεύουσι</span> <span class='ocrx_word' id='word_1_676' title='bbox 3355 2141 3445 2195; x_wconf 88' lang='grc' dir='ltr'>δαί</span> <span class='ocrx_word' id='word_1_677' title='bbox 3454 2170 3469 2183; x_wconf 78' lang='grc' dir='ltr'><strong>ο</strong></span> 
     </span>
    </p>
   </div>
   <div class='ocr_carea' id='block_1_89' title="bbox 1892 2225 3468 2305">
    <p class='ocr_par' dir='ltr' id='par_1_89' title="bbox 1892 2225 3468 2305">
     <span class='ocr_line' id='line_1_90' title="bbox 1892 2225 3468 2305; baseline -0.004 -19"><span class='ocrx_word' id='word_1_678' title='bbox 1892 2249 2078 2305; x_wconf 79' lang='grc' dir='ltr'>μονες“</span> <span class='ocrx_word' id='word_1_679' title='bbox 2116 2234 2205 2286; x_wconf 79' lang='grc' dir='ltr'>ἵνα</span> <span class='ocrx_word' id='word_1_680' title='bbox 2236 2231 2293 2285; x_wconf 83' lang='grc' dir='ltr'>δὲ</span> <span class='ocrx_word' id='word_1_681' title='bbox 2339 2231 2548 2302; x_wconf 83' lang='grc' dir='ltr'>μάθῃς,</span> <span class='ocrx_word' id='word_1_682' title='bbox 2583 2231 2665 2283; x_wconf 87' lang='grc' dir='ltr'>ὃτι</span> <span class='ocrx_word' id='word_1_683' title='bbox 2698 2229 2821 2282; x_wconf 81' lang='grc' dir='ltr'>οὐδὲ</span> <span class='ocrx_word' id='word_1_684' title='bbox 2861 2229 3020 2282; x_wconf 87' lang='grc' dir='ltr'>τοῦτό</span> <span class='ocrx_word' id='word_1_685' title='bbox 3067 2229 3217 2281; x_wconf 75' lang='grc' dir='ltr'>ἐστιν</span> <span class='ocrx_word' id='word_1_686' title='bbox 3247 2225 3468 2297; x_wconf 80' lang='grc' dir='ltr'>ἀληθὲς,</span> 
     </span>
    </p>
   </div>
   <div class='ocr_carea' id='block_1_90' title="bbox 1887 2308 3469 2386">
    <p class='ocr_par' dir='ltr' id='par_1_90' title="bbox 1887 2308 3469 2386">
     <span class='ocr_line' id='line_1_91' title="bbox 1887 2308 3469 2386; baseline -0.005 -15"><span class='ocrx_word' id='word_1_687' title='bbox 1887 2318 2120 2372; x_wconf 81' lang='grc' dir='ltr'>ἄκουσον</span> <span class='ocrx_word' id='word_1_688' title='bbox 2144 2315 2197 2369; x_wconf 88' lang='grc' dir='ltr'>τί</span> <span class='ocrx_word' id='word_1_689' title='bbox 2219 2332 2385 2386; x_wconf 87' lang='grc' dir='ltr'>φησιν</span> <span class='ocrx_word' id='word_1_690' title='bbox 2411 2316 2439 2367; x_wconf 87' lang='grc' dir='ltr'>ό</span> <span class='ocrx_word' id='word_1_691' title='bbox 2462 2314 2695 2384; x_wconf 82' lang='grc' dir='ltr'>Χριστὸς</span> <span class='ocrx_word' id='word_1_692' title='bbox 2723 2313 2964 2384; x_wconf 73' lang='grc' dir='ltr'>περὶτοῦ</span> <span class='ocrx_word' id='word_1_693' title='bbox 2987 2311 3236 2365; x_wconf 87' lang='grc' dir='ltr'>διαϐόλου</span> <span class='ocrx_word' id='word_1_694' title='bbox 3254 2326 3271 2343; x_wconf 74' lang='grc'><strong><em>⁸</em></strong></span> <span class='ocrx_word' id='word_1_695' title='bbox 3294 2308 3469 2364; x_wconf 75' lang='grc' dir='ltr'>Ἐκεῖ-</span> 
     </span>
    </p>
   </div>
   <div class='ocr_carea' id='block_1_91' title="bbox 1884 2393 3467 2468">
    <p class='ocr_par' dir='ltr' id='par_1_91' title="bbox 1884 2393 3467 2468">
     <span class='ocr_line' id='line_1_92' title="bbox 1884 2393 3467 2468; baseline -0.006 -13"><span class='ocrx_word' id='word_1_696' title='bbox 1884 2419 1992 2467; x_wconf 71' lang='grc' dir='ltr'>νος</span> <span class='ocrx_word' id='word_1_697' title='bbox 2017 2400 2509 2468; x_wconf 78' lang='grc' dir='ltr'>ἀνθρωποκτόνος</span> <span class='ocrx_word' id='word_1_698' title='bbox 2539 2393 2617 2467; x_wconf 84' lang='grc' dir='ltr'>ἦν</span> <span class='ocrx_word' id='word_1_699' title='bbox 2650 2397 2753 2451; x_wconf 80' lang='grc' dir='ltr'>ἀπ’</span> <span class='ocrx_word' id='word_1_700' title='bbox 2779 2394 2994 2465; x_wconf 76' lang='grc' dir='ltr'>ἀρχῆς.</span> <span class='ocrx_word' id='word_1_701' title='bbox 3047 2395 3104 2447; x_wconf 91' lang='lat'>&#39;0</span> <span class='ocrx_word' id='word_1_702' title='bbox 3134 2394 3267 2457; x_wconf 85' lang='grc' dir='ltr'>Θεὸς</span> <span class='ocrx_word' id='word_1_703' title='bbox 3297 2393 3467 2462; x_wconf 81' lang='grc' dir='ltr'>λέγει,</span> 
     </span>
    </p>
   </div>
   <div class='ocr_carea' id='block_1_92' title="bbox 1888 2477 3469 2556">
    <p class='ocr_par' dir='ltr' id='par_1_92' title="bbox 1888 2477 3469 2556">
     <span class='ocr_line' id='line_1_93' title="bbox 1888 2477 3469 2556; baseline -0.014 -17"><span class='ocrx_word' id='word_1_704' title='bbox 1888 2482 2352 2556; x_wconf 85' lang='grc' dir='ltr'>ἀνθρωποκτόνος,</span> <span class='ocrx_word' id='word_1_705' title='bbox 2382 2482 2475 2533; x_wconf 73' lang='grc' dir='ltr'>καὶ</span> <span class='ocrx_word' id='word_1_706' title='bbox 2505 2481 2567 2531; x_wconf 84' lang='grc' dir='ltr'>σὺ</span> <span class='ocrx_word' id='word_1_707' title='bbox 2598 2479 2673 2542; x_wconf 82' lang='grc' dir='ltr'>ὡς</span> <span class='ocrx_word' id='word_1_708' title='bbox 2698 2479 2834 2550; x_wconf 86' lang='grc' dir='ltr'>πρὸς</span> <span class='ocrx_word' id='word_1_709' title='bbox 2866 2478 3050 2550; x_wconf 82' lang='grc' dir='ltr'>ἰατρὸν</span> <span class='ocrx_word' id='word_1_710' title='bbox 3074 2479 3319 2548; x_wconf 72' lang='grc' dir='ltr'>τρέχειςς</span> <span class='ocrx_word' id='word_1_711' title='bbox 3360 2477 3469 2531; x_wconf 62' lang='grc' dir='ltr'>Καὶ</span> 
     </span>
    </p>
   </div>
   <div class='ocr_carea' id='block_1_93' title="bbox 1885 2560 3469 2633">
    <p class='ocr_par' dir='ltr' id='par_1_93' title="bbox 1885 2560 3469 2633">
     <span class='ocr_line' id='line_1_94' title="bbox 1885 2560 3469 2633; baseline -0.006 -12"><span class='ocrx_word' id='word_1_712' title='bbox 1885 2568 2005 2622; x_wconf 87' lang='grc' dir='ltr'>τίνα</span> <span class='ocrx_word' id='word_1_713' title='bbox 2036 2567 2179 2633; x_wconf 79' lang='grc' dir='ltr'>’ἐξεις</span> <span class='ocrx_word' id='word_1_714' title='bbox 2213 2565 2371 2632; x_wconf 89' lang='grc' dir='ltr'>λόγον</span> <span class='ocrx_word' id='word_1_715' title='bbox 2397 2566 2570 2615; x_wconf 85' lang='grc' dir='ltr'>εἰπεῖν</span> <span class='ocrx_word' id='word_1_716' title='bbox 2598 2562 3032 2632; x_wconf 77' lang='grc' dir='ltr'>ἐγκαλούμενος,</span> <span class='ocrx_word' id='word_1_717' title='bbox 3063 2561 3183 2613; x_wconf 90' lang='grc' dir='ltr'>είπέ</span> <span class='ocrx_word' id='word_1_718' title='bbox 3221 2578 3330 2631; x_wconf 87' lang='grc' dir='ltr'>μοι,</span> <span class='ocrx_word' id='word_1_719' title='bbox 3369 2560 3469 2629; x_wconf 81' lang='grc' dir='ltr'>τῆς</span> 
     </span>
    </p>
   </div>
   <div class='ocr_carea' id='block_1_94' title="bbox 1885 2642 3469 2718">
    <p class='ocr_par' dir='ltr' id='par_1_94' title="bbox 1885 2642 3469 2718">
     <span class='ocr_line' id='line_1_95' title="bbox 1885 2642 3469 2718; baseline -0.006 -14"><span class='ocrx_word' id='word_1_720' title='bbox 1885 2652 2212 2718; x_wconf 78' lang='grc' dir='ltr'>ἀποφάσεως</span> <span class='ocrx_word' id='word_1_721' title='bbox 2240 2647 2333 2699; x_wconf 89' lang='grc' dir='ltr'>τοῦ</span> <span class='ocrx_word' id='word_1_722' title='bbox 2358 2644 2594 2716; x_wconf 85' lang='grc' dir='ltr'>Χριστοῦ</span> <span class='ocrx_word' id='word_1_723' title='bbox 2620 2644 2720 2707; x_wconf 81' lang='grc' dir='ltr'>τὰς</span> <span class='ocrx_word' id='word_1_724' title='bbox 2750 2644 3005 2716; x_wconf 87' lang='grc' dir='ltr'>γοητείας</span> <span class='ocrx_word' id='word_1_725' title='bbox 3031 2643 3236 2696; x_wconf 82' lang='grc' dir='ltr'>τούτων</span> <span class='ocrx_word' id='word_1_726' title='bbox 3259 2642 3469 2708; x_wconf 78' lang='grc' dir='ltr'>ἀξιοπι-</span> 
     </span>
    </p>
   </div>
   <div class='ocr_carea' id='block_1_95' title="bbox 1888 2726 3469 2803">
    <p class='ocr_par' dir='ltr' id='par_1_95' title="bbox 1888 2726 3469 2803">
     <span class='ocr_line' id='line_1_96' title="bbox 1888 2726 3469 2803; baseline -0.007 -15"><span class='ocrx_word' id='word_1_727' title='bbox 1888 2734 2141 2803; x_wconf 83' lang='grc' dir='ltr'>στοτέρας</span> <span class='ocrx_word' id='word_1_728' title='bbox 2167 2728 2304 2785; x_wconf 77' lang='grc' dir='ltr'>εἶναι</span> <span class='ocrx_word' id='word_1_729' title='bbox 2337 2730 2573 2801; x_wconf 77' lang='grc' dir='ltr'>νομίζων</span> <span class='ocrx_word' id='word_1_730' title='bbox 2596 2747 2609 2794; x_wconf 89' lang='lat'><strong>;</strong></span> <span class='ocrx_word' id='word_1_731' title='bbox 2637 2730 2807 2781; x_wconf 88' lang='grc' dir='ltr'>Ὅταν</span> <span class='ocrx_word' id='word_1_732' title='bbox 2832 2729 2942 2800; x_wconf 77' lang='grc' dir='ltr'>γὰρ</span> <span class='ocrx_word' id='word_1_733' title='bbox 2977 2731 3005 2781; x_wconf 91' lang='grc' dir='ltr'>ό</span> <span class='ocrx_word' id='word_1_734' title='bbox 3034 2728 3131 2799; x_wconf 79' lang='grc' dir='ltr'>μὲν</span> <span class='ocrx_word' id='word_1_735' title='bbox 3161 2727 3293 2789; x_wconf 82' lang='grc' dir='ltr'>Θεὸς</span> <span class='ocrx_word' id='word_1_736' title='bbox 3314 2726 3469 2798; x_wconf 85' lang='grc' dir='ltr'>λέγῃ,</span> 
     </span>
    </p>
   </div>
   <div class='ocr_carea' id='block_1_96' title="bbox 1884 2808 3468 2889">
    <p class='ocr_par' dir='ltr' id='par_1_96' title="bbox 1884 2808 3468 2889">
     <span class='ocr_line' id='line_1_97' title="bbox 1884 2808 3468 2889; baseline -0.007 -17"><span class='ocrx_word' id='word_1_737' title='bbox 1884 2820 1966 2872; x_wconf 81' lang='grc' dir='ltr'>ὅτι</span> <span class='ocrx_word' id='word_1_738' title='bbox 1989 2815 2435 2889; x_wconf 87' lang='grc' dir='ltr'>ἀνθρωποκτόνος</span> <span class='ocrx_word' id='word_1_739' title='bbox 2466 2814 2632 2877; x_wconf 77' lang='grc' dir='ltr'>ἐστὶν,</span> <span class='ocrx_word' id='word_1_740' title='bbox 2673 2808 2818 2866; x_wconf 65' lang='grc' dir='ltr'>οἶτοι</span> <span class='ocrx_word' id='word_1_741' title='bbox 2845 2813 2901 2864; x_wconf 81' lang='grc' dir='ltr'>δὲ</span> <span class='ocrx_word' id='word_1_742' title='bbox 2948 2813 3028 2864; x_wconf 84' lang='grc' dir='ltr'>ὅτι</span> <span class='ocrx_word' id='word_1_743' title='bbox 3071 2812 3353 2881; x_wconf 85' lang='grc' dir='ltr'>νοσήματα</span> <span class='ocrx_word' id='word_1_744' title='bbox 3378 2809 3468 2861; x_wconf 82' lang='grc' dir='ltr'>δύ-</span> 
     </span>
    </p>
   </div>
   <div class='ocr_carea' id='block_1_97' title="bbox 1884 2892 3469 2967">
    <p class='ocr_par' dir='ltr' id='par_1_97' title="bbox 1884 2892 3469 2967">
     <span class='ocr_line' id='line_1_98' title="bbox 1884 2892 3469 2967; baseline -0.004 -13"><span class='ocrx_word' id='word_1_745' title='bbox 1884 2919 2042 2955; x_wconf 87' lang='grc' dir='ltr'>ναται</span> <span class='ocrx_word' id='word_1_746' title='bbox 2072 2900 2221 2953; x_wconf 87' lang='grc' dir='ltr'>λύειν</span> <span class='ocrx_word' id='word_1_747' title='bbox 2244 2898 2497 2967; x_wconf 87' lang='grc' dir='ltr'>λέγωσιν,</span> <span class='ocrx_word' id='word_1_748' title='bbox 2526 2897 2853 2958; x_wconf 85' lang='grc' dir='ltr'>ἀπεναντίας</span> <span class='ocrx_word' id='word_1_749' title='bbox 2874 2898 2941 2966; x_wconf 81' lang='grc' dir='ltr'>τῇ</span> <span class='ocrx_word' id='word_1_750' title='bbox 2966 2894 3086 2964; x_wconf 71' lang='grc' dir='ltr'>θείᾳ</span> <span class='ocrx_word' id='word_1_751' title='bbox 3110 2894 3299 2963; x_wconf 67' lang='grc' dir='ltr'>ψήφῳ,</span> <span class='ocrx_word' id='word_1_752' title='bbox 3325 2893 3390 2945; x_wconf 81' lang='grc' dir='ltr'>σὺ</span> <span class='ocrx_word' id='word_1_753' title='bbox 3412 2892 3469 2947; x_wconf 70' lang='grc' dir='ltr'>δὶ</span> 
     </span>
    </p>
   </div>
   <div class='ocr_carea' id='block_1_98' title="bbox 1885 2976 3468 3055">
    <p class='ocr_par' dir='ltr' id='par_1_98' title="bbox 1885 2976 3468 3055">
     <span class='ocr_line' id='line_1_99' title="bbox 1885 2976 3468 3055; baseline -0.009 -14"><span class='ocrx_word' id='word_1_754' title='bbox 1885 2986 2156 3055; x_wconf 84' lang='grc' dir='ltr'>καταδέχῃ</span> <span class='ocrx_word' id='word_1_755' title='bbox 2186 2984 2285 3046; x_wconf 80' lang='grc' dir='ltr'>τὰς</span> <span class='ocrx_word' id='word_1_756' title='bbox 2335 2982 2673 3052; x_wconf 86' lang='grc' dir='ltr'>μαγγανείας</span> <span class='ocrx_word' id='word_1_757' title='bbox 2730 2979 2935 3033; x_wconf 88' lang='grc' dir='ltr'>τούτων</span> <span class='ocrx_word' id='word_1_758' title='bbox 2968 2979 3063 3031; x_wconf 70' lang='grc' dir='ltr'>καὶ</span> <span class='ocrx_word' id='word_1_759' title='bbox 3092 2979 3191 3041; x_wconf 77' lang='grc' dir='ltr'>τὰς</span> <span class='ocrx_word' id='word_1_760' title='bbox 3232 2976 3468 3047; x_wconf 70' lang='grc' dir='ltr'>ἐπῳδὰς,</span> 
     </span>
    </p>
   </div>
   <div class='ocr_carea' id='block_1_99' title="bbox 1885 3059 3469 3140">
    <p class='ocr_par' dir='ltr' id='par_1_99' title="bbox 1885 3059 3469 3140">
     <span class='ocr_line' id='line_1_100' title="bbox 1885 3059 3469 3140; baseline -0.008 -15"><span class='ocrx_word' id='word_1_761' title='bbox 1885 3071 2036 3125; x_wconf 80' lang='grc' dir='ltr'>οὐδὲν</span> <span class='ocrx_word' id='word_1_762' title='bbox 2056 3070 2245 3140; x_wconf 82' lang='grc' dir='ltr'>ἓτερον</span> <span class='ocrx_word' id='word_1_763' title='bbox 2279 3066 2393 3121; x_wconf 86' lang='grc' dir='ltr'>ἀλλ’</span> <span class='ocrx_word' id='word_1_764' title='bbox 2424 3066 2459 3137; x_wconf 80' lang='grc' dir='ltr'><strong>ἥ</strong></span> <span class='ocrx_word' id='word_1_765' title='bbox 2482 3065 2703 3128; x_wconf 80' lang='grc' dir='ltr'>τούτους</span> <span class='ocrx_word' id='word_1_766' title='bbox 2742 3062 3221 3132; x_wconf 82' lang='grc' dir='ltr'>ἀξιοπιστοτέρους</span> <span class='ocrx_word' id='word_1_767' title='bbox 3260 3059 3469 3113; x_wconf 77' lang='grc' dir='ltr'>ἐκείνου</span> 
     </span>
    </p>
   </div>
   <div class='ocr_carea' id='block_1_100' title="bbox 1885 3143 3470 3224">
    <p class='ocr_par' dir='ltr' id='par_1_100' title="bbox 1885 3143 3470 3224">
     <span class='ocr_line' id='line_1_101' title="bbox 1885 3143 3470 3224; baseline -0.008 -16"><span class='ocrx_word' id='word_1_768' title='bbox 1885 3154 2126 3224; x_wconf 78' lang='grc' dir='ltr'>νομίζεις</span> <span class='ocrx_word' id='word_1_769' title='bbox 2150 3149 2289 3206; x_wconf 88' lang='grc' dir='ltr'>εἷναι</span> <span class='ocrx_word' id='word_1_770' title='bbox 2322 3152 2389 3205; x_wconf 82' lang='grc' dir='ltr'>δι’</span> <span class='ocrx_word' id='word_1_771' title='bbox 2418 3146 2493 3204; x_wconf 78' lang='grc' dir='ltr'>ὢν</span> <span class='ocrx_word' id='word_1_772' title='bbox 2515 3152 2712 3214; x_wconf 81' lang='grc' dir='ltr'>ποιεῖς,</span> <span class='ocrx_word' id='word_1_773' title='bbox 2736 3150 2840 3202; x_wconf 77' lang='grc' dir='ltr'>κᾶν</span> <span class='ocrx_word' id='word_1_774' title='bbox 2872 3148 2947 3219; x_wconf 80' lang='grc' dir='ltr'>μὴ</span> <span class='ocrx_word' id='word_1_775' title='bbox 2978 3147 3145 3219; x_wconf 81' lang='grc' dir='ltr'>λέγῃς</span> <span class='ocrx_word' id='word_1_776' title='bbox 3171 3144 3331 3198; x_wconf 87' lang='grc' dir='ltr'>τοῦτο</span> <span class='ocrx_word' id='word_1_777' title='bbox 3357 3143 3470 3208; x_wconf 85' lang='grc' dir='ltr'>τοῖς</span> 
     </span>
    </p>
   </div>
   <div class='ocr_carea' id='block_1_101' title="bbox 1888 3227 3470 3311">
    <p class='ocr_par' dir='ltr' id='par_1_101' title="bbox 1888 3227 3470 3311">
     <span class='ocr_line' id='line_1_102' title="bbox 1888 3227 3470 3311; baseline -0.01 -16"><span class='ocrx_word' id='word_1_778' title='bbox 1888 3240 2148 3311; x_wconf 77' lang='grc' dir='ltr'>ῥήμασιν.</span> <span class='ocrx_word' id='word_1_779' title='bbox 2188 3236 2253 3290; x_wconf 83' lang='grc' dir='ltr'>Εἰ</span> <span class='ocrx_word' id='word_1_780' title='bbox 2300 3235 2356 3288; x_wconf 82' lang='grc' dir='ltr'>δὲ</span> <span class='ocrx_word' id='word_1_781' title='bbox 2391 3236 2419 3288; x_wconf 86' lang='grc' dir='ltr'><strong>ὁ</strong></span> <span class='ocrx_word' id='word_1_782' title='bbox 2441 3233 2687 3295; x_wconf 79' lang='grc' dir='ltr'>διάϐολος</span> <span class='ocrx_word' id='word_1_783' title='bbox 2719 3230 3198 3303; x_wconf 84' lang='grc' dir='ltr'>ἀνθρωποκτόνος,</span> <span class='ocrx_word' id='word_1_784' title='bbox 3252 3227 3470 3298; x_wconf 79' lang='grc' dir='ltr'>εὔδηλον</span> 
     </span>
    </p>
   </div>
   <div class='ocr_carea' id='block_1_102' title="bbox 1885 3311 3470 3385">
    <p class='ocr_par' dir='ltr' id='par_1_102' title="bbox 1885 3311 3470 3385">
     <span class='ocr_line' id='line_1_103' title="bbox 1885 3311 3470 3385; baseline -0.008 -10"><span class='ocrx_word' id='word_1_785' title='bbox 1885 3323 1967 3375; x_wconf 80' lang='grc' dir='ltr'>ὅτι</span> <span class='ocrx_word' id='word_1_786' title='bbox 1998 3323 2091 3374; x_wconf 79' lang='grc' dir='ltr'>καὶ</span> <span class='ocrx_word' id='word_1_787' title='bbox 2121 3321 2171 3372; x_wconf 84' lang='grc' dir='ltr'>οί</span> <span class='ocrx_word' id='word_1_788' title='bbox 2198 3318 2571 3379; x_wconf 88' lang='grc' dir='ltr'>διακονοῦντες</span> <span class='ocrx_word' id='word_1_789' title='bbox 2601 3316 2751 3385; x_wconf 80' lang='grc' dir='ltr'>αὐτῷ</span> <span class='ocrx_word' id='word_1_790' title='bbox 2776 3316 3050 3385; x_wconf 89' lang='grc' dir='ltr'>δαίμονες.</span> <span class='ocrx_word' id='word_1_791' title='bbox 3077 3314 3187 3366; x_wconf 77' lang='grc' dir='ltr'>Καὶ</span> <span class='ocrx_word' id='word_1_792' title='bbox 3224 3311 3382 3365; x_wconf 87' lang='grc' dir='ltr'>τοῦτό</span> <span class='ocrx_word' id='word_1_793' title='bbox 3409 3326 3470 3363; x_wconf 89' lang='grc' dir='ltr'>σε</span> 
     </span>
    </p>
   </div>
   <div class='ocr_carea' id='block_1_103' title="bbox 1885 3394 3469 3473">
    <p class='ocr_par' dir='ltr' id='par_1_103' title="bbox 1885 3394 3469 3473">
     <span class='ocr_line' id='line_1_104' title="bbox 1885 3394 3469 3473; baseline -0.008 -14"><span class='ocrx_word' id='word_1_794' title='bbox 1885 3406 1955 3458; x_wconf 80' lang='grc' dir='ltr'>δι’</span> <span class='ocrx_word' id='word_1_795' title='bbox 1983 3404 2161 3459; x_wconf 83' lang='grc' dir='ltr'>αὐτῶν</span> <span class='ocrx_word' id='word_1_796' title='bbox 2192 3404 2300 3456; x_wconf 89' lang='grc' dir='ltr'>τῶν</span> <span class='ocrx_word' id='word_1_797' title='bbox 2330 3403 2507 3473; x_wconf 75' lang='grc' dir='ltr'>ἔργων</span> <span class='ocrx_word' id='word_1_798' title='bbox 2528 3400 2849 3454; x_wconf 78' lang='grc' dir='ltr'>ἐπαίδευσεν</span> <span class='ocrx_word' id='word_1_799' title='bbox 2877 3401 2905 3451; x_wconf 90' lang='lat'>6</span> <span class='ocrx_word' id='word_1_800' title='bbox 2929 3399 3163 3467; x_wconf 85' lang='grc' dir='ltr'>Χριστός</span> <span class='ocrx_word' id='word_1_801' title='bbox 3183 3415 3195 3427; x_wconf 75' lang='grc' dir='ltr'>ο</span> <span class='ocrx_word' id='word_1_802' title='bbox 3228 3398 3315 3449; x_wconf 85' lang='grc' dir='ltr'>ὅτε</span> <span class='ocrx_word' id='word_1_803' title='bbox 3338 3394 3469 3463; x_wconf 87' lang='grc' dir='ltr'>γοῦν</span> 
     </span>
    </p>
   </div>
   <div class='ocr_carea' id='block_1_104' title="bbox 1886 3479 3468 3557">
    <p class='ocr_par' dir='ltr' id='par_1_104' title="bbox 1886 3479 3468 3557">
     <span class='ocr_line' id='line_1_105' title="bbox 1886 3479 3468 3557; baseline -0.006 -15"><span class='ocrx_word' id='word_1_804' title='bbox 1886 3490 2085 3552; x_wconf 80' lang='grc' dir='ltr'>αὐτοὺς</span> <span class='ocrx_word' id='word_1_805' title='bbox 2120 3488 2333 3557; x_wconf 77' lang='grc' dir='ltr'>ἀφῆκεν</span> <span class='ocrx_word' id='word_1_806' title='bbox 2365 3487 2627 3555; x_wconf 80' lang='grc' dir='ltr'>ἐμπεσεῖν</span> <span class='ocrx_word' id='word_1_807' title='bbox 2656 3486 2735 3545; x_wconf 88' lang='grc' dir='ltr'>εἰς</span> <span class='ocrx_word' id='word_1_808' title='bbox 2755 3482 2855 3553; x_wconf 82' lang='grc' dir='ltr'>τὴν</span> <span class='ocrx_word' id='word_1_809' title='bbox 2884 3482 3084 3551; x_wconf 79' lang='grc' dir='ltr'>ἀγέλην</span> <span class='ocrx_word' id='word_1_810' title='bbox 3116 3480 3225 3533; x_wconf 87' lang='grc' dir='ltr'>τῶν</span> <span class='ocrx_word' id='word_1_811' title='bbox 3250 3479 3468 3549; x_wconf 84' lang='grc' dir='ltr'>χοίρων,</span> 
     </span>
    </p>
   </div>
   <div class='ocr_carea' id='block_1_105' title="bbox 1888 3562 3471 3637">
    <p class='ocr_par' dir='ltr' id='par_1_105' title="bbox 1888 3562 3471 3637">
     <span class='ocr_line' id='line_1_106' title="bbox 1888 3562 3471 3637; baseline -0.007 -11"><span class='ocrx_word' id='word_1_812' title='bbox 1888 3572 2281 3627; x_wconf 83' lang='grc' dir='ltr'>κατεπόντισαν</span> <span class='ocrx_word' id='word_1_813' title='bbox 2320 3570 2399 3631; x_wconf 84' lang='grc' dir='ltr'>είς</span> <span class='ocrx_word' id='word_1_814' title='bbox 2442 3568 2536 3620; x_wconf 92' lang='grc' dir='ltr'>τὸν</span> <span class='ocrx_word' id='word_1_815' title='bbox 2579 3564 2823 3637; x_wconf 84' lang='grc' dir='ltr'>κρημνὸν</span> <span class='ocrx_word' id='word_1_816' title='bbox 2864 3564 3081 3618; x_wconf 78' lang='grc' dir='ltr'>ἃπασαν</span> <span class='ocrx_word' id='word_1_817' title='bbox 3111 3563 3211 3633; x_wconf 81' lang='grc' dir='ltr'>τὴν</span> <span class='ocrx_word' id='word_1_818' title='bbox 3270 3562 3471 3631; x_wconf 87' lang='grc' dir='ltr'>ἀγέλην</span> 
     </span>
    </p>
   </div>
   <div class='ocr_carea' id='block_1_106' title="bbox 1887 3645 3470 3725">
    <p class='ocr_par' dir='ltr' id='par_1_106' title="bbox 1887 3645 3470 3725">
     <span class='ocr_line' id='line_1_107' title="bbox 1887 3645 3470 3725; baseline -0.006 -18"><span class='ocrx_word' id='word_1_819' title='bbox 1887 3655 2123 3725; x_wconf 77' lang='grc' dir='ltr'>ἐκείνην,</span> <span class='ocrx_word' id='word_1_820' title='bbox 2166 3654 2250 3705; x_wconf 79' lang='grc' dir='ltr'>ἵνα</span> <span class='ocrx_word' id='word_1_821' title='bbox 2303 3651 2501 3722; x_wconf 84' lang='grc' dir='ltr'>μάθῃς,</span> <span class='ocrx_word' id='word_1_822' title='bbox 2548 3650 2630 3702; x_wconf 79' lang='grc' dir='ltr'>ὅτι</span> <span class='ocrx_word' id='word_1_823' title='bbox 2654 3648 2749 3701; x_wconf 72' lang='grc' dir='ltr'>καὶ</span> <span class='ocrx_word' id='word_1_824' title='bbox 2774 3648 2899 3720; x_wconf 52' lang='grc' dir='ltr'>τοςὺς</span> <span class='ocrx_word' id='word_1_825' title='bbox 2934 3646 3256 3718; x_wconf 78' lang='grc' dir='ltr'>ἀνθρώπους</span> <span class='ocrx_word' id='word_1_826' title='bbox 3297 3645 3470 3698; x_wconf 87' lang='grc' dir='ltr'>ταῦτα</span> 
     </span>
    </p>
   </div>
   <div class='ocr_carea' id='block_1_107' title="bbox 1887 3728 3469 3808">
    <p class='ocr_par' dir='ltr' id='par_1_107' title="bbox 1887 3728 3469 3808">
     <span class='ocr_line' id='line_1_108' title="bbox 1887 3728 3469 3808; baseline -0.01 -15"><span class='ocrx_word' id='word_1_827' title='bbox 1887 3739 1953 3793; x_wconf 81' lang='grc' dir='ltr'>ἂν</span> <span class='ocrx_word' id='word_1_828' title='bbox 1983 3739 2327 3808; x_wconf 85' lang='grc' dir='ltr'>εἰργάσαντο,</span> <span class='ocrx_word' id='word_1_829' title='bbox 2359 3732 2780 3796; x_wconf 70' lang='grc' dir='ltr'>καῖ’ἀπέπνιξαν</span> <span class='ocrx_word' id='word_1_830' title='bbox 2824 3730 3045 3794; x_wconf 77' lang='grc' dir='ltr'>εὐθέως,</span> <span class='ocrx_word' id='word_1_831' title='bbox 3073 3731 3120 3781; x_wconf 90' lang='grc' dir='ltr'>εί</span> <span class='ocrx_word' id='word_1_832' title='bbox 3157 3728 3469 3798; x_wconf 77' lang='grc' dir='ltr'>συνεχώρη-</span> 
     </span>
    </p>
   </div>
   <div class='ocr_carea' id='block_1_108' title="bbox 1888 3813 3471 3884">
    <p class='ocr_par' dir='ltr' id='par_1_108' title="bbox 1888 3813 3471 3884">
     <span class='ocr_line' id='line_1_109' title="bbox 1888 3813 3471 3884; baseline -0.006 -8"><span class='ocrx_word' id='word_1_833' title='bbox 1888 3839 1980 3876; x_wconf 82' lang='grc' dir='ltr'>σεν</span> <span class='ocrx_word' id='word_1_834' title='bbox 2004 3823 2187 3884; x_wconf 86' lang='grc' dir='ltr'>αὑτοῖς</span> <span class='ocrx_word' id='word_1_835' title='bbox 2208 3820 2237 3871; x_wconf 92' lang='grc' dir='ltr'>ό</span> <span class='ocrx_word' id='word_1_836' title='bbox 2264 3820 2413 3881; x_wconf 89' lang='grc' dir='ltr'>Θεός.</span> <span class='ocrx_word' id='word_1_837' title='bbox 2449 3818 2585 3871; x_wconf 83' lang='grc' dir='ltr'>Νυνί</span> <span class='ocrx_word' id='word_1_838' title='bbox 2607 3817 2663 3868; x_wconf 85' lang='grc' dir='ltr'>δὲ</span> <span class='ocrx_word' id='word_1_839' title='bbox 2685 3815 2846 3879; x_wconf 78' lang='grc' dir='ltr'>αὐτὸς</span> <span class='ocrx_word' id='word_1_840' title='bbox 2886 3816 3085 3876; x_wconf 75' lang='grc' dir='ltr'>αὐτοὺς</span> <span class='ocrx_word' id='word_1_841' title='bbox 3127 3816 3343 3882; x_wconf 85' lang='grc' dir='ltr'>κατεῖχε</span> <span class='ocrx_word' id='word_1_842' title='bbox 3374 3813 3471 3867; x_wconf 71' lang='grc' dir='ltr'>καὶ</span> 
     </span>
    </p>
   </div>
   <div class='ocr_carea' id='block_1_109' title="bbox 1886 3894 3465 3973">
    <p class='ocr_par' dir='ltr' id='par_1_109' title="bbox 1886 3894 3465 3973">
     <span class='ocr_line' id='line_1_110' title="bbox 1886 3894 3465 3973; baseline -0.008 -13"><span class='ocrx_word' id='word_1_843' title='bbox 1886 3907 2146 3973; x_wconf 76' lang='grc' dir='ltr'>ἐκώλυσε,</span> <span class='ocrx_word' id='word_1_844' title='bbox 2178 3905 2273 3957; x_wconf 75' lang='grc' dir='ltr'>καὶ</span> <span class='ocrx_word' id='word_1_845' title='bbox 2304 3902 2457 3955; x_wconf 79' lang='grc' dir='ltr'>οὐδὲν</span> <span class='ocrx_word' id='word_1_846' title='bbox 2477 3902 2627 3971; x_wconf 80' lang='grc' dir='ltr'>ἠφίει</span> <span class='ocrx_word' id='word_1_847' title='bbox 2656 3899 2898 3953; x_wconf 88' lang='grc' dir='ltr'>τοιοῦτον</span> <span class='ocrx_word' id='word_1_848' title='bbox 2917 3896 3256 3970; x_wconf 78' lang='grc' dir='ltr'>ἐργάσασθαι</span> <span class='ocrx_word' id='word_1_849' title='bbox 3276 3912 3292 3927; x_wconf 82' lang='grc'><strong><em>⁸</em></strong></span> <span class='ocrx_word' id='word_1_850' title='bbox 3317 3894 3465 3969; x_wconf 80' lang='grc' dir='ltr'>[68η</span> 
     </span>
    </p>
   </div>
   <div class='ocr_carea' id='block_1_110' title="bbox 1887 3978 3469 4052">
    <p class='ocr_par' dir='ltr' id='par_1_110' title="bbox 1887 3978 3469 4052">
     <span class='ocr_line' id='line_1_111' title="bbox 1887 3978 3469 4052; baseline -0.012 -6"><span class='ocrx_word' id='word_1_851' title='bbox 1887 3995 1979 4046; x_wconf 80' lang='grc' dir='ltr'>καὶ</span> <span class='ocrx_word' id='word_1_852' title='bbox 2001 3988 2159 4044; x_wconf 86' lang='grc' dir='ltr'>τοῦτο</span> <span class='ocrx_word' id='word_1_853' title='bbox 2205 3985 2452 4052; x_wconf 83' lang='grc' dir='ltr'>ἐξουσίαν</span> <span class='ocrx_word' id='word_1_854' title='bbox 2488 3986 2743 4048; x_wconf 83' lang='grc' dir='ltr'>λαϐόντες</span> <span class='ocrx_word' id='word_1_855' title='bbox 2781 3983 2923 4036; x_wconf 88' lang='grc' dir='ltr'>κατά</span> <span class='ocrx_word' id='word_1_856' title='bbox 2955 3981 3063 4035; x_wconf 82' lang='grc' dir='ltr'>τῶν</span> <span class='ocrx_word' id='word_1_857' title='bbox 3112 3980 3309 4051; x_wconf 86' lang='grc' dir='ltr'>χοίρων</span> <span class='ocrx_word' id='word_1_858' title='bbox 3344 3978 3469 4047; x_wconf 75' lang='grc' dir='ltr'>ἕδη--</span> 
     </span>
    </p>
   </div>
   <div class='ocr_carea' id='block_1_111' title="bbox 1885 4062 3467 4142">
    <p class='ocr_par' dir='ltr' id='par_1_111' title="bbox 1885 4062 3467 4142">
     <span class='ocr_line' id='line_1_112' title="bbox 1885 4062 3467 4142; baseline -0.01 -15"><span class='ocrx_word' id='word_1_859' title='bbox 1885 4080 2085 4127; x_wconf 85' lang='grc' dir='ltr'>λωσαν.</span> <span class='ocrx_word' id='word_1_860' title='bbox 2122 4073 2182 4125; x_wconf 83' lang='grc' dir='ltr'>Εἰ</span> <span class='ocrx_word' id='word_1_861' title='bbox 2205 4073 2315 4142; x_wconf 82' lang='grc' dir='ltr'>γὰρ</span> <span class='ocrx_word' id='word_1_862' title='bbox 2346 4070 2543 4139; x_wconf 84' lang='grc' dir='ltr'>χοίρων</span> <span class='ocrx_word' id='word_1_863' title='bbox 2571 4068 2671 4121; x_wconf 76' lang='grc' dir='ltr'>οὐκ</span> <span class='ocrx_word' id='word_1_864' title='bbox 2695 4068 3004 4136; x_wconf 83' lang='grc' dir='ltr'>ἐφείσαντο,</span> <span class='ocrx_word' id='word_1_865' title='bbox 3046 4062 3227 4132; x_wconf 77' lang='grc' dir='ltr'>πολλῷ</span> <span class='ocrx_word' id='word_1_866' title='bbox 3267 4062 3467 4131; x_wconf 71' lang='grc' dir='ltr'>μᾶλλον</span> 
     </span>
    </p>
   </div>
   <div class='ocr_carea' id='block_1_112' title="bbox 1886 4148 3466 4231">
    <p class='ocr_par' dir='ltr' id='par_1_112' title="bbox 1886 4148 3466 4231">
     <span class='ocr_line' id='line_1_113' title="bbox 1886 4148 3466 4231; baseline -0.008 -19"><span class='ocrx_word' id='word_1_867' title='bbox 1886 4165 1918 4231; x_wconf 77' lang='grc' dir='ltr'>ἡ</span> <span class='ocrx_word' id='word_1_868' title='bbox 1930 4162 2045 4229; x_wconf 81' lang='grc' dir='ltr'>μῶν</span> <span class='ocrx_word' id='word_1_869' title='bbox 2076 4159 2176 4209; x_wconf 77' lang='grc' dir='ltr'>οὑκ</span> <span class='ocrx_word' id='word_1_870' title='bbox 2217 4157 2282 4209; x_wconf 86' lang='grc' dir='ltr'>ἂν</span> <span class='ocrx_word' id='word_1_871' title='bbox 2317 4154 2637 4223; x_wconf 83' lang='grc' dir='ltr'>ἀπέσχοντο.</span> <span class='ocrx_word' id='word_1_872' title='bbox 2674 4152 2765 4222; x_wconf 85' lang='grc' dir='ltr'>Μὴ</span> <span class='ocrx_word' id='word_1_873' title='bbox 2789 4152 2989 4215; x_wconf 82' lang='grc' dir='ltr'>τοίνυν,</span> <span class='ocrx_word' id='word_1_874' title='bbox 3017 4148 3266 4218; x_wconf 81' lang='grc' dir='ltr'>ἀγαπητὲ</span> <span class='ocrx_word' id='word_1_875' title='bbox 3288 4188 3302 4212; x_wconf 95' lang='grc'>,</span> <span class='ocrx_word' id='word_1_876' title='bbox 3346 4148 3466 4212; x_wconf 87' lang='grc' dir='ltr'>ταῖς</span> 
     </span>
    </p>
   </div>
   <div class='ocr_carea' id='block_1_113' title="bbox 1888 4233 3466 4308">
    <p class='ocr_par' dir='ltr' id='par_1_113' title="bbox 1888 4233 3466 4308">
     <span class='ocr_line' id='line_1_114' title="bbox 1888 4233 3466 4308; baseline -0.009 -11"><span class='ocrx_word' id='word_1_877' title='bbox 1888 4245 2109 4297; x_wconf 81' lang='grc' dir='ltr'>ἐκείνων</span> <span class='ocrx_word' id='word_1_878' title='bbox 2138 4240 2375 4302; x_wconf 82' lang='grc' dir='ltr'>ἀπάταις</span> <span class='ocrx_word' id='word_1_879' title='bbox 2404 4236 2745 4308; x_wconf 84' lang='grc' dir='ltr'>παρασύρου,</span> <span class='ocrx_word' id='word_1_880' title='bbox 2778 4235 2893 4290; x_wconf 76' lang='grc' dir='ltr'>ἀλλ’</span> <span class='ocrx_word' id='word_1_881' title='bbox 2944 4236 3034 4287; x_wconf 73' lang='grc' dir='ltr'>ἔσο</span> <span class='ocrx_word' id='word_1_882' title='bbox 3072 4233 3466 4305; x_wconf 84' lang='grc' dir='ltr'>έστηριγμένος</span> 
     </span>
    </p>
   </div>
   <div class='ocr_carea' id='block_1_114' title="bbox 1888 4322 2534 4399">
    <p class='ocr_par' dir='ltr' id='par_1_114' title="bbox 1888 4322 2534 4399">
     <span class='ocr_line' id='line_1_115' title="bbox 1888 4322 2534 4399; baseline -0.014 -16"><span class='ocrx_word' id='word_1_883' title='bbox 1888 4333 1946 4383; x_wconf 81' lang='grc' dir='ltr'>ὲν</span> <span class='ocrx_word' id='word_1_884' title='bbox 1980 4329 2057 4399; x_wconf 81' lang='grc' dir='ltr'>τῷ</span> <span class='ocrx_word' id='word_1_885' title='bbox 2082 4327 2230 4397; x_wconf 77' lang='grc' dir='ltr'>φόϐῳ</span> <span class='ocrx_word' id='word_1_886' title='bbox 2260 4324 2352 4377; x_wconf 88' lang='grc' dir='ltr'>τοῦ</span> <span class='ocrx_word' id='word_1_887' title='bbox 2380 4322 2534 4375; x_wconf 82' lang='grc' dir='ltr'>Θεοῦ.</span> 
     </span>
    </p>
   </div>
   <div class='ocr_carea' id='block_1_115' title="bbox 1963 4418 3469 4496">
    <p class='ocr_par' dir='ltr' id='par_1_115' title="bbox 1963 4418 3469 4496">
     <span class='ocr_line' id='line_1_116' title="bbox 1963 4418 3469 4496; baseline -0.009 -11"><span class='ocrx_word' id='word_1_888' title='bbox 1963 4433 2083 4495; x_wconf 83' lang='grc' dir='ltr'>Πῶς</span> <span class='ocrx_word' id='word_1_889' title='bbox 2110 4431 2166 4483; x_wconf 76' lang='grc' dir='ltr'>δὲ</span> <span class='ocrx_word' id='word_1_890' title='bbox 2200 4428 2292 4482; x_wconf 76' lang='grc' dir='ltr'>καὶ</span> <span class='ocrx_word' id='word_1_891' title='bbox 2320 4425 2527 4479; x_wconf 87' lang='grc' dir='ltr'>εἱσελεύ</span> <span class='ocrx_word' id='word_1_892' title='bbox 2539 4444 2602 4496; x_wconf 84' lang='grc' dir='ltr'>σῃ</span> <span class='ocrx_word' id='word_1_893' title='bbox 2629 4427 2707 4487; x_wconf 81' lang='grc' dir='ltr'>εἰς</span> <span class='ocrx_word' id='word_1_894' title='bbox 2733 4422 2831 4493; x_wconf 80' lang='grc' dir='ltr'>τὴν</span> <span class='ocrx_word' id='word_1_895' title='bbox 2865 4422 3219 4489; x_wconf 74' lang='grc' dir='ltr'>συναγωγήνς</span> <span class='ocrx_word' id='word_1_896' title='bbox 3248 4419 3343 4470; x_wconf 76' lang='grc' dir='ltr'>’Λν</span> <span class='ocrx_word' id='word_1_897' title='bbox 3368 4418 3469 4489; x_wconf 86' lang='grc' dir='ltr'>μὲν</span> 
     </span>
    </p>
   </div>
   <div class='ocr_carea' id='block_1_116' title="bbox 1891 4504 3469 4587">
    <p class='ocr_par' dir='ltr' id='par_1_116' title="bbox 1891 4504 3469 4587">
     <span class='ocr_line' id='line_1_117' title="bbox 1891 4504 3469 4587; baseline -0.011 -18"><span class='ocrx_word' id='word_1_898' title='bbox 1891 4516 2197 4587; x_wconf 75' lang='grc' dir='ltr'>σφραγίσῃς</span> <span class='ocrx_word' id='word_1_899' title='bbox 2246 4511 2306 4563; x_wconf 88' lang='grc' dir='ltr'>τὸ</span> <span class='ocrx_word' id='word_1_900' title='bbox 2350 4509 2661 4582; x_wconf 88' lang='grc' dir='ltr'>πρόσωπον,</span> <span class='ocrx_word' id='word_1_901' title='bbox 2693 4508 2894 4569; x_wconf 72' lang='grc' dir='ltr'>εὐθέως</span> <span class='ocrx_word' id='word_1_902' title='bbox 2927 4504 3273 4572; x_wconf 79' lang='grc' dir='ltr'>ἀπεπήδησεν</span> <span class='ocrx_word' id='word_1_903' title='bbox 3312 4505 3344 4572; x_wconf 83' lang='grc' dir='ltr'>η</span> <span class='ocrx_word' id='word_1_904' title='bbox 3373 4519 3469 4552; x_wconf 83' lang='grc' dir='ltr'>πο-</span> 
     </span>
    </p>
   </div>
   <div class='ocr_carea' id='block_1_117' title="bbox 1889 4584 3468 4670">
    <p class='ocr_par' dir='ltr' id='par_1_117' title="bbox 1889 4584 3468 4670">
     <span class='ocr_line' id='line_1_118' title="bbox 1889 4584 3468 4670; baseline -0.013 -17"><span class='ocrx_word' id='word_1_905' title='bbox 1889 4584 2028 4670; x_wconf 63' lang='grc' dir='ltr'>νηρὰ</span> <span class='ocrx_word' id='word_1_906' title='bbox 2061 4584 2287 4664; x_wconf 83' lang='grc' dir='ltr'>δύναμις</span> <span class='ocrx_word' id='word_1_907' title='bbox 2328 4595 2361 4663; x_wconf 86' lang='grc' dir='ltr'>ὴ</span> <span class='ocrx_word' id='word_1_908' title='bbox 2394 4594 2492 4663; x_wconf 80' lang='grc' dir='ltr'>τὴν</span> <span class='ocrx_word' id='word_1_909' title='bbox 2540 4589 2861 4659; x_wconf 82' lang='grc' dir='ltr'>συναγωγὴν</span> <span class='ocrx_word' id='word_1_910' title='bbox 2910 4588 3166 4641; x_wconf 80' lang='grc' dir='ltr'>οἰκοῦσα·</span> <span class='ocrx_word' id='word_1_911' title='bbox 3202 4586 3268 4638; x_wconf 78' lang='grc' dir='ltr'>ἀν</span> <span class='ocrx_word' id='word_1_912' title='bbox 3298 4585 3353 4637; x_wconf 83' lang='grc' dir='ltr'>δὲ</span> <span class='ocrx_word' id='word_1_913' title='bbox 3392 4584 3468 4656; x_wconf 83' lang='grc' dir='ltr'>μὴ</span> 
     </span>
    </p>
   </div>
   <div class='ocr_carea' id='block_1_118' title="bbox 1892 4670 3467 4754">
    <p class='ocr_par' dir='ltr' id='par_1_118' title="bbox 1892 4670 3467 4754">
     <span class='ocr_line' id='line_1_119' title="bbox 1892 4670 3467 4754; baseline -0.01 -18"><span class='ocrx_word' id='word_1_914' title='bbox 1892 4682 2217 4754; x_wconf 85' lang='grc' dir='ltr'>σφραγίσῃς,</span> <span class='ocrx_word' id='word_1_915' title='bbox 2250 4679 2359 4731; x_wconf 83' lang='grc' dir='ltr'>ἀπὸ</span> <span class='ocrx_word' id='word_1_916' title='bbox 2376 4677 2483 4729; x_wconf 84' lang='grc' dir='ltr'>τῶν</span> <span class='ocrx_word' id='word_1_917' title='bbox 2504 4675 2683 4746; x_wconf 86' lang='grc' dir='ltr'>θυρῶν</span> <span class='ocrx_word' id='word_1_918' title='bbox 2713 4674 2914 4735; x_wconf 79' lang='grc' dir='ltr'>εὐθέως</span> <span class='ocrx_word' id='word_1_919' title='bbox 2948 4672 3009 4724; x_wconf 83' lang='grc' dir='ltr'>τὸ</span> <span class='ocrx_word' id='word_1_920' title='bbox 3028 4671 3189 4724; x_wconf 74' lang='grc' dir='ltr'>ὅπλον</span> <span class='ocrx_word' id='word_1_921' title='bbox 3213 4670 3467 4754; x_wconf 45' lang='lat' dir='ltr'>59pm,“-</span> 
     </span>
    </p>
   </div>
   <div class='ocr_carea' id='block_1_119' title="bbox 1891 4753 3468 4838">
    <p class='ocr_par' dir='ltr' id='par_1_119' title="bbox 1891 4753 3468 4838">
     <span class='ocr_line' id='line_1_120' title="bbox 1891 4753 3468 4838; baseline -0.011 -16"><span class='ocrx_word' id='word_1_922' title='bbox 1891 4766 2007 4823; x_wconf 87' lang='grc' dir='ltr'>εἷτα</span> <span class='ocrx_word' id='word_1_923' title='bbox 2039 4767 2243 4838; x_wconf 84' lang='grc' dir='ltr'>γυμνὸν</span> <span class='ocrx_word' id='word_1_924' title='bbox 2275 4766 2369 4819; x_wconf 75' lang='grc' dir='ltr'>καὶ</span> <span class='ocrx_word' id='word_1_925' title='bbox 2404 4763 2600 4818; x_wconf 84' lang='grc' dir='ltr'>ἄοπλόν</span> <span class='ocrx_word' id='word_1_926' title='bbox 2634 4778 2691 4813; x_wconf 90' lang='grc' dir='ltr'>σε</span> <span class='ocrx_word' id='word_1_927' title='bbox 2722 4758 2901 4812; x_wconf 80' lang='grc' dir='ltr'>λαϐὼν</span> <span class='ocrx_word' id='word_1_928' title='bbox 2931 4760 2958 4810; x_wconf 85' lang='grc' dir='ltr'>ό</span> <span class='ocrx_word' id='word_1_929' title='bbox 2978 4755 3216 4817; x_wconf 84' lang='grc' dir='ltr'>διάϐολος</span> <span class='ocrx_word' id='word_1_930' title='bbox 3244 4794 3258 4815; x_wconf 89' lang='grc'><strong>.</strong></span> <span class='ocrx_word' id='word_1_931' title='bbox 3299 4753 3468 4838; x_wconf 83' lang='grc' dir='ltr'>μυρία</span> 
     </span>
    </p>
   </div>
   <div class='ocr_carea' id='block_1_120' title="bbox 1890 4836 3464 4924">
    <p class='ocr_par' dir='ltr' id='par_1_120' title="bbox 1890 4836 3464 4924">
     <span class='ocr_line' id='line_1_121' title="bbox 1890 4836 3464 4924; baseline -0.013 -17"><span class='ocrx_word' id='word_1_932' title='bbox 1890 4836 2131 4924; x_wconf 82' lang='grc' dir='ltr'>διαθήσει</span> <span class='ocrx_word' id='word_1_933' title='bbox 2147 4849 2313 4902; x_wconf 87' lang='grc' dir='ltr'>δεινά.</span> <span class='ocrx_word' id='word_1_934' title='bbox 2338 4850 2448 4901; x_wconf 80' lang='lat' dir='ltr'><strong><em>Kal</em></strong></span> <span class='ocrx_word' id='word_1_935' title='bbox 2471 4847 2522 4900; x_wconf 86' lang='grc' dir='ltr'>τί</span> <span class='ocrx_word' id='word_1_936' title='bbox 2542 4844 2647 4916; x_wconf 83' lang='grc' dir='ltr'>χρὴ</span> <span class='ocrx_word' id='word_1_937' title='bbox 2664 4842 2914 4911; x_wconf 85' lang='grc' dir='ltr'>λέγεσθαι</span> <span class='ocrx_word' id='word_1_938' title='bbox 2931 4836 3464 4924; x_wconf 41' lang='grc' dir='ltr'>ταῦταπαρὶημῶνς</span> 
     </span>
    </p>
   </div>
   <div class='ocr_carea' id='block_1_121' title="bbox 1894 4917 3470 5006">
    <p class='ocr_par' dir='ltr' id='par_1_121' title="bbox 1894 4917 3470 5006">
     <span class='ocr_line' id='line_1_122' title="bbox 1894 4917 3470 5006; baseline -0.013 -16"><span class='ocrx_word' id='word_1_939' title='bbox 1894 4917 2155 5006; x_wconf 48' lang='grc' dir='ltr'>”()τι’γὰρ</span> <span class='ocrx_word' id='word_1_940' title='bbox 2191 4935 2283 4987; x_wconf 75' lang='grc' dir='ltr'>καὶ</span> <span class='ocrx_word' id='word_1_941' title='bbox 2308 4932 2467 4993; x_wconf 85' lang='grc' dir='ltr'>αὑτὸς</span> <span class='ocrx_word' id='word_1_942' title='bbox 2521 4931 2583 4981; x_wconf 82' lang='grc' dir='ltr'>σὺ</span> <span class='ocrx_word' id='word_1_943' title='bbox 2616 4927 2878 4997; x_wconf 83' lang='grc' dir='ltr'>μεγίστην</span> <span class='ocrx_word' id='word_1_944' title='bbox 2912 4923 3185 4993; x_wconf 84' lang='grc' dir='ltr'>ἁμαρτίαν</span> <span class='ocrx_word' id='word_1_945' title='bbox 3218 4917 3470 5006; x_wconf 16' lang='grc' dir='ltr'>εῌῖναιᾼνρ-</span> 
     </span>
    </p>
   </div>
   <div class='ocr_carea' id='block_1_122' title="bbox 1896 5003 3467 5088">
    <p class='ocr_par' dir='ltr' id='par_1_122' title="bbox 1896 5003 3467 5088">
     <span class='ocr_line' id='line_1_123' title="bbox 1896 5003 3467 5088; baseline -0.013 -15"><span class='ocrx_word' id='word_1_946' title='bbox 1896 5003 2068 5088; x_wconf 74' lang='grc' dir='ltr'>μίξεις</span> <span class='ocrx_word' id='word_1_947' title='bbox 2094 5003 2152 5071; x_wconf 80' lang='grc' dir='ltr'>τὸ</span> <span class='ocrx_word' id='word_1_948' title='bbox 2176 5017 2403 5087; x_wconf 84' lang='grc' dir='ltr'>δραμεῖν</span> <span class='ocrx_word' id='word_1_949' title='bbox 2426 5014 2506 5074; x_wconf 88' lang='grc' dir='ltr'>είς</span> <span class='ocrx_word' id='word_1_950' title='bbox 2540 5012 2599 5063; x_wconf 87' lang='grc' dir='ltr'>τὸ</span> <span class='ocrx_word' id='word_1_951' title='bbox 2634 5008 2866 5078; x_wconf 89' lang='grc' dir='ltr'>πονηρὸν</span> <span class='ocrx_word' id='word_1_952' title='bbox 2908 5009 3083 5059; x_wconf 73' lang='grc' dir='ltr'>έκεῖνο</span> <span class='ocrx_word' id='word_1_953' title='bbox 3112 5004 3333 5088; x_wconf 85' lang='grc' dir='ltr'>χωρίον,</span> <span class='ocrx_word' id='word_1_954' title='bbox 3367 5003 3467 5073; x_wconf 76' lang='grc' dir='ltr'>δῆ-</span> 
     </span>
    </p>
   </div>
   <div class='ocr_carea' id='block_1_123' title="bbox 1892 5087 3468 5167">
    <p class='ocr_par' dir='ltr' id='par_1_123' title="bbox 1892 5087 3468 5167">
     <span class='ocr_line' id='line_1_124' title="bbox 1892 5087 3468 5167; baseline -0.013 -10"><span class='ocrx_word' id='word_1_955' title='bbox 1892 5087 1980 5156; x_wconf 89' lang='grc' dir='ltr'>λον</span> <span class='ocrx_word' id='word_1_956' title='bbox 2009 5102 2116 5156; x_wconf 87' lang='grc' dir='ltr'>ἀπὸ</span> <span class='ocrx_word' id='word_1_957' title='bbox 2163 5099 2256 5153; x_wconf 84' lang='grc' dir='ltr'>τοῦ</span> <span class='ocrx_word' id='word_1_958' title='bbox 2301 5098 2502 5167; x_wconf 80' lang='grc' dir='ltr'>τρόπου</span> <span class='ocrx_word' id='word_1_959' title='bbox 2532 5093 2631 5162; x_wconf 79' lang='grc' dir='ltr'>τῆς</span> <span class='ocrx_word' id='word_1_960' title='bbox 2681 5091 2938 5159; x_wconf 79' lang='grc' dir='ltr'>ἀφίξεως.</span> <span class='ocrx_word' id='word_1_961' title='bbox 2991 5088 3102 5141; x_wconf 79' lang='lat' dir='ltr'>Kal</span> <span class='ocrx_word' id='word_1_962' title='bbox 3145 5088 3253 5157; x_wconf 81' lang='grc' dir='ltr'>γὰρ</span> <span class='ocrx_word' id='word_1_963' title='bbox 3282 5087 3468 5139; x_wconf 87' lang='grc' dir='ltr'>λαθεῖν</span> 
     </span>
    </p>
   </div>
   <div class='ocr_carea' id='block_1_124' title="bbox 1894 5170 3469 5251">
    <p class='ocr_par' dir='ltr' id='par_1_124' title="bbox 1894 5170 3469 5251">
     <span class='ocr_line' id='line_1_125' title="bbox 1894 5170 3469 5251; baseline -0.014 -8"><span class='ocrx_word' id='word_1_964' title='bbox 1894 5188 2213 5249; x_wconf 76' lang='grc' dir='ltr'>σπουδάζεις</span> <span class='ocrx_word' id='word_1_965' title='bbox 2252 5179 2647 5251; x_wconf 85' lang='grc' dir='ltr'>ἀφικνούμενος</span> <span class='ocrx_word' id='word_1_966' title='bbox 2700 5177 2900 5238; x_wconf 83' lang='grc' dir='ltr'>ἐκεῖσε,</span> <span class='ocrx_word' id='word_1_967' title='bbox 2955 5174 3048 5226; x_wconf 78' lang='grc' dir='ltr'>καὶ</span> <span class='ocrx_word' id='word_1_968' title='bbox 3089 5172 3329 5233; x_wconf 81' lang='grc' dir='ltr'>οἰκέταις</span> <span class='ocrx_word' id='word_1_969' title='bbox 3376 5170 3469 5222; x_wconf 77' lang='grc' dir='ltr'>καὶ</span> 
     </span>
    </p>
   </div>
   <div class='ocr_carea' id='block_1_125' title="bbox 1892 5254 3471 5341">
    <p class='ocr_par' dir='ltr' id='par_1_125' title="bbox 1892 5254 3471 5341">
     <span class='ocr_line' id='line_1_126' title="bbox 1892 5254 3471 5341; baseline -0.013 -15"><span class='ocrx_word' id='word_1_970' title='bbox 1892 5274 2067 5341; x_wconf 82' lang='grc' dir='ltr'>φίλοις</span> <span class='ocrx_word' id='word_1_971' title='bbox 2085 5271 2178 5323; x_wconf 73' lang='grc' dir='ltr'>καὶ</span> <span class='ocrx_word' id='word_1_972' title='bbox 2192 5268 2395 5335; x_wconf 88' lang='grc' dir='ltr'>γείτοσι</span> <span class='ocrx_word' id='word_1_973' title='bbox 2421 5260 2791 5331; x_wconf 82' lang='grc' dir='ltr'>παρακελεύῃ,</span> <span class='ocrx_word' id='word_1_974' title='bbox 2820 5260 2893 5329; x_wconf 85' lang='grc' dir='ltr'>μὴ</span> <span class='ocrx_word' id='word_1_975' title='bbox 2913 5260 3190 5310; x_wconf 87' lang='grc' dir='ltr'>κατειπεῖν</span> <span class='ocrx_word' id='word_1_976' title='bbox 3217 5273 3309 5341; x_wconf 88' lang='grc' dir='ltr'>σου</span> <span class='ocrx_word' id='word_1_977' title='bbox 3334 5254 3471 5341; x_wconf 68' lang='grc' dir='ltr'>πρὸς</span> 
     </span>
    </p>
   </div>
   <div class='ocr_carea' id='block_1_126' title="bbox 1890 5333 3469 5426">
    <p class='ocr_par' dir='ltr' id='par_1_126' title="bbox 1890 5333 3469 5426">
     <span class='ocr_line' id='line_1_127' title="bbox 1890 5333 3469 5426; baseline -0.015 -13"><span class='ocrx_word' id='word_1_978' title='bbox 1890 5333 2015 5419; x_wconf 74' lang='grc' dir='ltr'>τοὺς</span> <span class='ocrx_word' id='word_1_979' title='bbox 2047 5333 2246 5426; x_wconf 82' lang='grc' dir='ltr'>ίερέας,</span> <span class='ocrx_word' id='word_1_980' title='bbox 2278 5350 2378 5402; x_wconf 84' lang='grc' dir='ltr'>κᾶν</span> <span class='ocrx_word' id='word_1_981' title='bbox 2407 5346 2633 5417; x_wconf 85' lang='grc' dir='ltr'>διαϐάλῃ</span> <span class='ocrx_word' id='word_1_982' title='bbox 2655 5363 2760 5409; x_wconf 89' lang='grc' dir='ltr'>τις,</span> <span class='ocrx_word' id='word_1_983' title='bbox 2783 5344 3127 5426; x_wconf 86' lang='grc' dir='ltr'>ἀγανακτεῖς.</span> <span class='ocrx_word' id='word_1_984' title='bbox 3161 5340 3350 5426; x_wconf 65' lang='grc' dir='ltr'>⁸Πόσης</span> <span class='ocrx_word' id='word_1_985' title='bbox 3375 5333 3469 5392; x_wconf 77' lang='grc' dir='ltr'>οὖν</span> 
     </span>
    </p>
   </div>
   <div class='ocr_carea' id='block_1_127' title="bbox 1890 5422 3466 5507">
    <p class='ocr_par' dir='ltr' id='par_1_127' title="bbox 1890 5422 3466 5507">
     <span class='ocr_line' id='line_1_128' title="bbox 1890 5422 3466 5507; baseline -0.013 -12"><span class='ocrx_word' id='word_1_986' title='bbox 1890 5444 1989 5495; x_wconf 83' lang='grc' dir='ltr'>οὐκ</span> <span class='ocrx_word' id='word_1_987' title='bbox 2020 5422 2199 5507; x_wconf 71' lang='grc' dir='ltr'>ἂνέῖη</span> <span class='ocrx_word' id='word_1_988' title='bbox 2237 5433 2442 5495; x_wconf 83' lang='grc' dir='ltr'>ἀνοίας,</span> <span class='ocrx_word' id='word_1_989' title='bbox 2482 5427 2800 5499; x_wconf 85' lang='grc' dir='ltr'>ἀνθρώπους</span> <span class='ocrx_word' id='word_1_990' title='bbox 2837 5425 3130 5498; x_wconf 79' lang='grc' dir='ltr'>πειρᾶσθαι</span> <span class='ocrx_word' id='word_1_991' title='bbox 3161 5422 3466 5486; x_wconf 87' lang='grc' dir='ltr'>λανθάνειν,</span> 
     </span>
    </p>
   </div>
   <div class='ocr_carea' id='block_1_128' title="bbox 1954 5672 2761 5734">
    <p class='ocr_par' dir='ltr' id='par_1_128' title="bbox 1954 5672 2761 5734">
     <span class='ocr_line' id='line_1_129' title="bbox 1954 5672 2761 5734; baseline -0.019 -3"><span class='ocrx_word' id='word_1_992' title='bbox 1954 5682 1981 5719; x_wconf 71' lang='grc' dir='ltr'>ιι</span> <span class='ocrx_word' id='word_1_993' title='bbox 2004 5680 2125 5729; x_wconf 81' lang='lat' dir='ltr'>0cm</span> <span class='ocrx_word' id='word_1_994' title='bbox 2148 5690 2260 5725; x_wconf 52' lang='lat' dir='ltr'>mss.</span> <span class='ocrx_word' id='word_1_995' title='bbox 2287 5672 2761 5734; x_wconf 78' lang='grc' dir='ltr'>ἀπετυμπανίσθησαν</span> 
     </span>
    </p>
   </div>
   <div class='ocr_carea' id='block_1_129' title="bbox 1961 5741 2339 5790">
    <p class='ocr_par' dir='ltr' id='par_1_129' title="bbox 1961 5741 2339 5790">
     <span class='ocr_line' id='line_1_130' title="bbox 1961 5741 2339 5790; baseline -0.021 1"><span class='ocrx_word' id='word_1_996' title='bbox 1961 5746 1978 5766; x_wconf 81' lang='grc'><strong><em>⁸</em></strong></span> <span class='ocrx_word' id='word_1_997' title='bbox 2012 5742 2159 5790; x_wconf 70' lang='lat' dir='ltr'><strong>Savil.</strong></span> <span class='ocrx_word' id='word_1_998' title='bbox 2188 5741 2339 5787; x_wconf 79' lang='grc' dir='ltr'>ὄκνον.</span> 
     </span>
    </p>
   </div>
   <div class='ocr_carea' id='block_1_130' title="bbox 1961 5791 3324 5865">
    <p class='ocr_par' dir='ltr' id='par_1_130' title="bbox 1961 5791 3324 5865">
     <span class='ocr_line' id='line_1_131' title="bbox 1961 5791 3324 5865; baseline -0.012 -12"><span class='ocrx_word' id='word_1_999' title='bbox 1961 5804 1981 5846; x_wconf 74' lang='grc' dir='ltr'>ί</span> <span class='ocrx_word' id='word_1_1000' title='bbox 2009 5806 2231 5865; x_wconf 81' lang='lat' dir='ltr'>Quinque</span> <span class='ocrx_word' id='word_1_1001' title='bbox 2260 5814 2371 5849; x_wconf 83' lang='lat' dir='ltr'>mss.</span> <span class='ocrx_word' id='word_1_1002' title='bbox 2409 5798 2597 5855; x_wconf 73' lang='grc' dir='ltr'>Ἰακὼϐ,</span> <span class='ocrx_word' id='word_1_1003' title='bbox 2620 5796 2772 5841; x_wconf 82' lang='grc' dir='ltr'>καίτοι</span> <span class='ocrx_word' id='word_1_1004' title='bbox 2796 5795 2838 5840; x_wconf 84' lang='grc' dir='ltr'>οἱ</span> <span class='ocrx_word' id='word_1_1005' title='bbox 2882 5793 2963 5855; x_wconf 77' lang='grc' dir='ltr'>μὲν</span> <span class='ocrx_word' id='word_1_1006' title='bbox 2990 5791 3141 5840; x_wconf 58' lang='grc' dir='ltr'>αὐτῶν</span> <span class='ocrx_word' id='word_1_1007' title='bbox 3162 5792 3324 5846; x_wconf 53' lang='grc' dir='ltr'>οὑτως.</span> 
     </span>
    </p>
   </div>
  </div>
