3790 6284
445 369 552 426 οιί

445 486 542 542 τοῦ
563 485 622 541 δέ
657 485 792 542 Θεοῦ
817 487 1069 559 δρῶντος,
1089 486 1184 539 τοῦ
1210 485 1487 557 πανταχοῦ
1528 486 1795 557 παρόντος
1815 524 1831 544 ,
1873 483 2026 536 ἀναι-

447 569 694 643 σχύντως
732 572 831 641 τὴν
870 569 1214 642 παρανομίαν
1255 568 1460 639 ταύτην
1497 569 1735 640 τολμᾷν;
1797 566 1933 619 Ἀλλ’
1963 567 2024 619 οὐ

444 653 688 717 δέδοικας
717 652 808 707 τόν
831 653 962 706 Θεόν
983 670 996 719 ;
1019 651 1228 708 Οὐκοῦν
1251 651 1352 706 κᾶν
1377 653 1575 714 αὐτοὺς
1604 650 1881 721 αἰδέσθητι
1899 651 2026 713 τοὺς

458 735 762 798 Ἰουδαίους.
803 735 982 800 Ποίοις
1024 734 1134 806 γὰρ
1183 736 1384 800 αὐτοὺς
1403 735 1698 805 ὀφθαλμοῖς
1742 733 1899 802 δψει;
1931 732 2026 786 καὶ

373 853 381 890 ί
445 818 584 888 ποίῳ
609 817 827 890 διαλέξῃ
854 819 1102 890 στόματι,
1135 817 1460 890 Χριστιανὸς
1513 816 1612 887 μὲν
1658 812 1794 868 εἶναι
1831 815 2024 885 όμολο-

371 897 386 969 ζ
445 900 580 968 γῶν,
631 901 769 973 πρὸς
818 902 874 954 δέ
902 903 1003 965 τὰς
1037 901 1260 955 ἐκείνων
1299 899 1510 971 τρέχων
1553 897 1898 966 συναγωγὰς,
1928 900 2027 951 καὶ

443 984 545 1056 τῆς
576 990 596 1014 ⁸
630 987 760 1055 παρ’
787 985 1012 1039 ἐκείνων
1043 985 1294 1055 δεόμενος
1335 983 1624 1054 βοηθείας;
1661 983 1776 1036 Οὐκ
1804 983 2022 1043 ἐννοεῖς,

443 1067 570 1122 ὅσον
603 1085 697 1120 σου
743 1069 1067 1138 καταχέουσι
1101 1068 1334 1136 γέλωτα,
1370 1068 1470 1121 ὅσα
1504 1067 1848 1137 σκώμματα,
1894 1065 2026 1132 ὅσην

447 1149 762 1222 χλευασίαν,
796 1151 927 1221 ὅσην
972 1149 1254 1222 αἰσχύνην,
1313 1151 1436 1203 ὅσον
1468 1149 1689 1212 ὄνειδος,
1727 1149 1776 1200 εἰ
1824 1148 1920 1200 καὶ
1951 1147 2026 1218 μὴ

448 1235 724 1306 φανερῶς,
759 1233 894 1286 ἀλλά
924 1233 1066 1287 κατὰ
1096 1235 1158 1288 τὸ
1193 1233 1429 1297 συνειδὸς
1456 1235 1516 1285 τὸ
1555 1230 1798 1294 ἐαυτῶν;

521 1318 588 1370 θ’.
628 1316 790 1369 Ταῦτ’
817 1313 932 1381 οῦν,
964 1316 1085 1370 εἰπέ
1121 1334 1229 1386 μοι.
1261 1314 1476 1388 φορητά
1504 1314 1537 1385 ἦ
1565 1313 1797 1378 ἀνεκτά;
1830 1313 1892 1365 Εἰ
1918 1309 2028 1384 γάρ

453 1399 680 1472 μυρίους
699 1399 991 1455 ἀποθανεῖν
1021 1399 1285 1462 θανάτους
1315 1399 1444 1461 ἔδει,
1467 1399 1514 1450 εί
1543 1397 1651 1468 γάρ
1667 1396 1737 1449 τὰ
1756 1397 2029 1466 ἀνήκεστα

450 1484 641 1538 παθεῖν
676 1484 726 1547 δ,
758 1484 818 1535 οὐ
849 1483 1030 1554 πολλῷ
1066 1482 1271 1553 βέλτιον
1301 1478 1370 1554 ἦν
1397 1481 1612 1535 ἅπαντα
1642 1481 1928 1550 ὑπομεῖναι
1961 1477 2029 1531 τά

444 1565 685 1637 χαλεπὰ,
715 1565 747 1635 ἢ
789 1565 894 1618 τῶν
927 1565 1138 1636 μιαρῶν
1170 1565 1393 1618 ἐκείνων
1413 1563 1667 1632 γενέσθαι
1698 1561 1910 1628 γέλωτα
1937 1562 2030 1614 καὶ

448 1647 762 1719 χλευασίαν,
795 1649 888 1701 καὶ
907 1649 1044 1718 μετὰ
1074 1648 1371 1710 συνειδότος
1397 1647 1496 1718 ζῇν
1529 1644 1767 1716 πονηροῦ
1794 1660 1808 1708 ;
1843 1645 2028 1697 Ταῦτα

449 1731 615 1799 λέγω,
639 1731 736 1800 οὐχ
767 1730 852 1784 ἵνα
877 1731 1034 1783 αὐτοὶ
1067 1731 1302 1800 ἀκούητε
1331 1729 1510 1800 μόνον,
1545 1728 1660 1782 ἀλλ’
1694 1729 1781 1780 ἵνα
1813 1729 1937 1790 τοὺς
1959 1726 2028 1780 τὰ

448 1814 671 1868 τοιαῦτα
697 1813 986 1878 νοσοῦντας
1009 1814 1370 1886 θεραπεύητε.
1400 1813 1612 1871 Ὠσπερ
1655 1811 1764 1881 γὰρ
1802 1810 2028 1873 ἐκείνοις

447 1897 812 1967 ἐγκαλοῦμεν,
864 1899 947 1951 ὅτι
989 1897 1274 1952 ἀσθενοῦσι
1305 1897 1434 1968 περὶ
1461 1896 1560 1964 τὴν
1608 1893 1809 1956 πίστιν,
1855 1892 2029 1956 οὕτως

449 1981 578 2052 ὑμῖν
599 1981 957 2052 ἐγκαλοῦμεν,
998 1981 1079 2033 ὅτι
1119 1982 1247 2044 τοὺς
1289 1977 1649 2040 ἀσθενοῦντας
1683 1976 1927 2048 διορθοῦν
1965 1977 2026 2028 ού

450 2062 728 2135 βούλεσθε.
753 2065 844 2136 Μὴ
877 2064 985 2135 γὰρ
1014 2064 1169 2117 τοῦτό
1192 2065 1310 2116 ἐστι
1343 2062 1402 2114 τὸ
1432 2060 1786 2131 ζητούμενον,
1812 2061 2030 2129 ἀγαπη-

448 2145 531 2212 τέ,
559 2147 647 2200 ἵνα
679 2146 917 2201 ἐνταῦθα
948 2144 1132 2199 είσιὼν
1157 2143 1396 2216 ἀκούσῃς
1423 2144 1492 2197 τά
1533 2143 1838 2213 λεγόμενα;
1871 2142 2031 2195 τοῦτο

451 2230 554 2303 μὲν
582 2226 674 2285 οῦν
706 2230 800 2284 καὶ
821 2230 996 2302 κρῖμά
1025 2231 1193 2293 ἐστιν,
1224 2230 1348 2282 ὅταν
1384 2228 1458 2297 μὴ
1487 2229 1662 2297 προσῇ
1697 2229 1762 2298 τῇ
1806 2225 1914 2279 τῶν
1944 2225 2031 2278 λό-

447 2330 562 2384 γων
591 2314 852 2386 ἀκροάσει
881 2315 978 2367 καὶ
1017 2313 1198 2385 ἔργον.
1230 2313 1329 2365 Διά
1367 2311 1526 2364 τοῦτο
1573 2310 1900 2382 Χριστιανὸς
1932 2305 1982 2362 εἶ
2011 2349 2028 2375 ,

449 2397 540 2452 ἴνα
569 2395 660 2451 τὸν
688 2397 920 2469 Χριστὸν
953 2398 1116 2467 μιμῇ,
1146 2395 1373 2456 καὶτοῖς
1400 2393 1606 2447 ἐκείνου
1640 2393 1802 2466 πείθῃ
1824 2392 2029 2462 νόμοις.

450 2479 519 2533 Τί
541 2481 632 2535 δαὶ
653 2481 859 2542 ἐκεῖνος
893 2480 1181 2549 ἐποίησενς
1226 2478 1340 2530 Οὐκ
1370 2478 1427 2530 ἐν
1472 2473 1866 2548 Ἰεροσολύμοις
1908 2475 2035 2528 καθ-

450 2565 652 2636 ήμενος
672 2562 856 2616 ἐκάλει
884 2563 1020 2633 πρὸς
1044 2561 1236 2614 ἑαυτὸν
1266 2565 1394 2624 τοὺς
1415 2559 1756 2632 ἀρρώστους,
1781 2557 1918 2611 ἀλλὰ
1941 2575 2034 2610 πε-

452 2649 596 2720 ριῄει
621 2647 808 2711 πόλεις
859 2647 954 2700 καὶ
1001 2644 1214 2716 κώμας,
1251 2645 1528 2716 ἑκατέρων
1573 2642 1671 2713 τὴν
1718 2642 2032 2714 ἀρρωστίαν

450 2730 793 2805 θεραπεύων,
813 2730 907 2782 καὶ
928 2728 1026 2799 τὴν
1049 2727 1144 2780 τοῦ
1169 2725 1439 2799 σώματος,
1459 2730 1554 2780 καὶ
1581 2725 1679 2796 τὴν
1701 2725 1800 2794 τῆς
1831 2723 2029 2794 ψυχῆς.

449 2816 643 2872 Καίτοι
675 2831 740 2884 γε
786 2811 1014 2866 ἐδύνατο
1063 2813 1122 2867 ἐν
1151 2812 1232 2865 ἑνὶ
1260 2811 1571 2882 καθήμενος
1616 2810 1766 2880 τόπῳ
1824 2809 2033 2871 πάντας

451 2898 678 2954 ἑλκύσαι
717 2897 853 2968 πρὸς
881 2896 1108 2950 ἑαυτόν⁹
1139 2895 1255 2948 ἀλλ’
1284 2895 1386 2948 οὐκ
1417 2893 1644 2962 ἐποίησε
1670 2891 1847 2946 τοῦτο.
1900 2893 2032 2962 ήμῖν

451 2981 630 3045 διδοὺς
670 2980 973 3051 ὑπόδειγμα
1021 2981 1102 3042 είς
1151 2979 1214 3031 τὸ
1240 2978 1510 3050 περιιέναι
1545 2976 1641 3029 καὶ
1682 2976 1864 3045 ζητεῖν
1905 2976 2032 3040 τοὺς

452 3063 884 3133 ἀπολλυμένους.
925 3062 1094 3116 Πάλιν
1127 3063 1219 3115 καί
1241 3061 1330 3116 διὰ
1359 3061 1458 3132 τῆς
1499 3058 1640 3112 κατὰ
1679 3059 1771 3111 τὸν
1800 3057 2034 3128 ποιμένα

452 3146 768 3220 παραϐολῆς
788 3145 947 3199 τοῦτο
979 3145 1217 3214 ᾐνίξατο.
1245 3145 1356 3197 Καὶ
1378 3145 1484 3214 γάρ
1519 3143 1620 3196 οὑκ
1649 3141 1872 3195 ἐκάθισε
1899 3139 2038 3212 μετά

453 3229 564 3284 τῶν
592 3226 1078 3300 ἐνενηκονταεννέα
1102 3226 1412 3298 προΰάτων,
1441 3225 1536 3278 καὶ
1555 3226 1807 3297 ἀνέμεινε
1828 3226 1888 3279 τὸ
1907 3224 2040 3278 πλα-

455 3314 697 3386 νώμενον
743 3312 916 3365 ἐλθεῖν
945 3312 1084 3382 πρὸς
1112 3310 1295 3375 αὑτὸν,
1346 3309 1459 3362 ἀλλ’
1487 3310 1647 3373 αὐτὸς
1673 3309 1905 3380 ἀπῆλθε,
1945 3307 2038 3361 καὶ

453 3393 606 3468 εὗρε,
637 3397 732 3450 καὶ
769 3395 945 3466 εὑρὼν
991 3397 1086 3448 καὶ
1127 3393 1426 3448 ἐϐάστασεν
1450 3392 1677 3446 ἐπὶτῶν
1705 3391 1901 3464 ὤμων,
1942 3393 2039 3446 καὶ

456 3481 812 3552 ἀπεκόμισεν,
849 3480 961 3550 Οὐχ
1015 3479 1147 3551 ὁρᾷς
1193 3479 1440 3541 καὶτοὺς
1481 3479 1696 3547 ἰατροὺς
1719 3478 1850 3530 αὐτὸ
1878 3476 2039 3530 τοῦτο

458 3563 749 3628 ποιοῦντας
769 3580 784 3630 ;
804 3565 905 3617 οὐκ
929 3560 1302 3630 ἀναγκάζουσι
1326 3561 1454 3624 τοὺς
1470 3560 1790 3633 ἀρρώστους
1818 3560 2038 3613 ἐπὶτῶν

459 3649 729 3704 κλινιδίων
761 3647 1186 3718 κατακειμένους
1219 3646 1300 3708 εἰς
1331 3644 1431 3708 τάς
1459 3643 1635 3706 οίκίας
1666 3643 1845 3702 αὐτῶν
1873 3643 2038 3715 φέρε-

461 3732 611 3797 σθαι,
647 3731 760 3786 ἀλλ’
792 3732 945 3785 αὐτοὶ
964 3730 1218 3802 τρέχουσι
1253 3727 1388 3798 πρὸς
1433 3727 1694 3790 ἐκείνους.
1746 3727 1916 3780 Τοῦτο
1946 3729 2040 3782 καὶ

460 3815 528 3870 σὺ
552 3815 797 3888 ποίησον,
823 3812 974 3888 [688]
1005 3812 1278 3882 ἀγαπητέ,
1302 3809 1458 3873 εἰδὼς
1489 3811 1571 3863 ὅτι
1608 3809 1815 3881 βραχὺς
1834 3812 1861 3864 ό
1894 3829 2038 3883 παρ-

458 3897 538 3953 ὼν
568 3897 700 3969 βίος,
741 3897 846 3952 κᾶν
879 3896 955 3968 μὴ
985 3895 1162 3950 ταῦτα
1195 3894 1545 3966 κερδάνωμεν
1571 3893 1642 3946 τά
1670 3893 1858 3965 κέρδη,
1892 3894 2040 3947 οὐδε-

463 3981 596 4054 μίαν
629 3982 822 4054 ’ἑξομεν
864 3983 980 4035 ἐκεῖ
1018 3978 1314 4049 σωτηρίαν.
1352 3976 1584 4031 Δύναται
1631 3977 1890 4040 πολλάκις
1941 3978 2040 4048 μία

461 4065 790 4138 κερδηθεῖσα
817 4064 963 4135 ψυχὴ
993 4064 1202 4134 μυρίων
1242 4061 1405 4130 ὄγκον
1452 4062 1865 4132 ἁμαρτημάτων
1891 4063 2037 4132 ἀφα-

463 4149 632 4216 νίσαι,
659 4149 754 4202 καὶ
771 4148 1024 4217 γενέσθαι
1053 4149 1187 4217 ἡμῖν
1210 4144 1502 4214 ἀντίψυχον
1533 4146 1591 4197 ἐν
1613 4145 1794 4216 ἐκείνῃ
1821 4147 1886 4216 τῇ
1909 4146 2040 4216 ήμέο

467 4248 556 4304 ρᾳ.
595 4231 876 4302 Ἐννόησον
909 4231 995 4284 διά
1026 4230 1077 4281 τί
1107 4228 1403 4298 προφῆται,
1435 4227 1522 4280 διὰ
1553 4228 1604 4280 τί
1626 4227 1930 4294 ἀπόστολοι,
1951 4229 2038 4284 διά

465 4314 519 4368 τί
537 4313 755 4378 δίκαιοι,
789 4312 878 4366 διὰ
912 4313 963 4365 τί
993 4311 1212 4380 άγγελοι
1240 4309 1498 4373 πολλάκις
1533 4310 1913 4380 ἐπέμφθησαν,
1948 4312 2037 4366 διὰ

463 4395 519 4450 τί
539 4396 700 4460 αὐτὸς
731 4399 760 4450 ό
797 4395 1090 4466 μονογενὴς
1113 4393 1240 4457 Υἱὸς
1258 4393 1352 4446 τοῦ
1382 4393 1516 4446 Θεοῦ
1548 4393 1877 4463 παρεγένετο
1897 4411 1910 4424 ·
1939 4397 2036 4466 οὐχ

467 4480 556 4533 ἵνα
601 4477 921 4550 ἀνθρώπους
961 4476 1231 4548 διασώσῃ;
1287 4477 1385 4547 οὐχ
1438 4476 1525 4530 ἵνα
1587 4477 2037 4549 πεπλανημένους

531 4629 558 4659 ⁸
584 4629 737 4691 Savil.
757 4629 872 4691 πρὸς
890 4628 1009 4677 δέτά
1029 4629 1096 4677 ἐκ.
1123 4628 1323 4691 τρέχων,
1345 4626 1546 4691 καὶτῆς.

533 4691 562 4731 δ
581 4690 664 4740 Sic
683 4686 888 4739 maxima
910 4704 1022 4752 pars
1047 4686 1504 4752 ιιιιιιὼεὲὲῑιξὶβίοι-ιιῐῐιἐ
1526 4686 1733 4752 Διίεάἰιί
1754 4688 2040 4749 παθεῖναπὰ-

466 4757 541 4811 θη.
578 4753 689 4802 Mox
717 4752 886 4801 Morel.
911 4749 941 4809 ἢ
964 4753 1045 4800 τὸν
1069 4751 1233 4814 μιαρὸν
1256 4749 1449 4814 ἐκεῖνον,
1473 4749 1624 4814 Βονὶι.
1649 4763 1767 4799 vero
1790 4757 1842 4799 el
1863 4764 2039 4812 magna

465 4830 578 4882 pars
599 4815 1036 4876 manuscriplorum
1057 4811 1088 4871 ἢ
1112 4811 1206 4860 τῶν
1228 4813 1406 4874 μιαρῶν
1431 4811 1636 4860 ἐκείνων.

1163 367 1220 425 s.
1260 367 1546 426 JOANNIS
1577 365 2072 424 cnnvsosmm
2111 365 2432 426 Αῐιοιιιειι.
2483 359 3042 422 οοΝετΑΝΤιΝυιν.
3640 355 3727 409 ςίε
3771 325 3773 356 ¹

2128 485 2486 554 ἑπαναγάγῃς
2518 481 2691 535 Τοῦτο
2728 481 2823 534 καὶ
2857 480 2921 532 σὺ
2951 475 3179 546 ποίησον
3210 471 3364 526 κατά
3385 466 3638 554 δύναμιν
3655 475 3725 541 τὴ,

2127 567 2246 638 σὴν,
2283 552 2580 621 καὶπάσαν
2604 563 2839 634 σπουδὴν
2887 559 3154 623 ἐπίδειξαι
3193 557 3296 610 κοιλ⁵
3349 552 3636 638 πρόνοιαν
3670 562 3721 606 si.

2125 635 2223 721 τήν
2259 651 2368 704 τῶν
2391 649 2826 719 πεπλανημένων
2871 643 3152 700 ἐπάνοδον.
3189 639 3392 694 Ταῦτα.
3450 635 3591 721 καθ’
3628 638 3724 689 ἑκά.

2128 720 2258 804 στην
2297 734 2426 804 ὑμῖν
2471 730 2757 802 παραινῶν
2813 728 3032 792 σύναξιν
3080 726 3143 778 οὐ
3190 720 3598 791 διαλιμπὰνω,
3646 723 3722 772 ιΞτ

2128 816 2454 888 προσέχητε,
2483 814 2587 868 κᾶν
2619 815 2695 886 μὴ
2724 813 3049 884 προσέχητε,
3078 808 3191 877 ἐγὼ
3212 807 3405 874 λέγων
3441 804 3515 854 οὐ
3550 805 3722 856 παύει.-

2131 917 2250 969 μαι,
2276 897 2448 951 Τοῦτο
2481 898 2587 969 γάρ
2631 899 2765 967 ἡμῖν
2797 895 2949 966 παρὰ
2978 893 3071 947 τοῦ
3101 889 3237 945 Θεοῦ
3300 889 3516 959 νόμος,
3579 888 3642 940 ἄν
3683 906 3721 938 τε

2126 981 2335 1054 ἀκούσῃ
2367 997 2472 1044 τις,
2506 981 2572 1034 ἀν
2596 996 2657 1032 τε
2694 979 2770 1050 μή
2811 977 3045 1050 ἀκούσῃ,
3075 976 3176 1046 τὴν
3205 971 3519 1026 διακονίαν
3545 970 3722 1021 ταύτῃ

2126 1065 2389 1137 πληροῦν,
2438 1063 2580 1117 Ἀλλ’
2605 1063 2701 1116 ἐάν
2755 1063 2854 1133 μὲν
2894 1060 3166 1129 ἀκούσητε
3200 1058 3302 1111 καὶ
3338 1055 3628 1123 ποιήπ
3673 1056 3720 1106 τὲ

2126 1148 2395 1218 λεγόμενα
2422 1188 2438 1212 ,
2483 1146 2622 1218 μετά
2656 1146 2861 1216 πολλῆς
2886 1144 3019 1197 αὐτὸ
3053 1142 3212 1196 τοῦτο
3238 1137 3628 1210 ἐργασόμεθα
3651 1139 3720 1202 ;

2126 1231 2321 1302 ἡδονῆς
2338 1247 2352 1260 ⁸
2378 1231 2444 1284 ἂν
2469 1229 2528 1282 δὲ
2555 1229 2870 1299 ἀμελήσητε
2903 1227 2998 1280 καὶ⁹
3022 1223 3415 1296 ῥᾳθυμήσητε,
3450 1220 3600 1290 μετά
3622 1221 3720 1270 πολ-

2127 1314 2226 1386 λῆς
2255 1315 2355 1384 τῆς
2386 1312 2646 1383 ἀθυμίας.
2704 1314 2868 1382 Ἡμῖν
2915 1310 3014 1382 μὲν
3067 1309 3176 1379 γὰρ
3215 1311 3281 1361 ἑκ
3315 1309 3428 1376 τῆς
3465 1304 3721 1375 ὑμετέρας

2129 1397 2418 1468 παρακοῆς
2445 1396 2618 1457 οὐδεὶς
2647 1395 2800 1448 ἔσται
2829 1393 3014 1446 λοιπὸν
3044 1391 3290 1454 κίνδυνος
3311 1405 3325 1418 ·
3361 1390 3428 1441 τὸ
3465 1389 3583 1457 γὰρ
3606 1389 3720 1456 ἡμὲ-

2127 1497 2286 1552 τερον
2320 1481 2466 1534 ἀπαν
2495 1478 2930 1549 ἐπληρώσαμεν·
2968 1477 3106 1547 πλὴν
3142 1475 3282 1528 ἀλλά
3335 1475 3450 1526 κᾶν
3521 1472 3596 1542 μὴ
3630 1489 3720 1522 κεν-

2127 1563 2434 1634 δυνεύωμεν
2451 1560 2528 1631 τῷ
2554 1561 2975 1631 πεπληρωκέναι
2997 1559 3066 1614 τὰ
3089 1561 3215 1630 παρ’
3238 1556 3473 1611 ἑαυτῶν
3500 1555 3719 1608 ᾶπαντα,

2129 1646 2296 1715 ἀλγοῦ
2306 1663 2402 1715 μεν
2427 1646 2580 1715 ὑμῶν
2607 1644 3022 1714 ἐγκαλουμένων
3041 1642 3182 1695 κατά
3208 1641 3313 1711 τὴν
3344 1640 3579 1710 ἡμέραν
3607 1641 3720 1689 ἐκεί-

2130 1747 2248 1802 νην.
2281 1731 2356 1782 Οὐ
2392 1730 2500 1802 γὰρ
2540 1731 2824 1792 ἀκίνδυνος
2861 1729 2990 1798 ὑμῖν
3018 1726 3169 1779 ἔσται
3197 1729 3232 1796 ἡ
3262 1725 3586 1795 ἀκρόασις,
3613 1725 3718 1776 ὅταν

2131 1816 2270 1887 ήδιά
2291 1814 2398 1868 τῶν
2413 1815 2591 1886 ἔργων
2612 1813 2896 1884 προσθήκη
2926 1813 3000 1884 μὴ
3026 1812 3276 1882 γένηται.
3305 1811 3594 1861 Ἄκουσον
3609 1809 3717 1874 τοῖν

2129 1900 2247 1965 πῶς
2267 1902 2379 1962 τοῖς
2407 1899 2744 1962 διδασκάλοις
2761 1895 3012 1966 ἐγκαλῶν
3039 1898 3150 1958 τοῖς
3182 1894 3626 1965 ἀποκρύπτουσι
3647 1893 3714 1943 τις.

2125 1983 2288 2051 ,λόγον
2317 1984 2346 2035 ὁ
2366 1983 2622 2052 Χριστὸς,
2647 1983 2743 2035 καὶ
2771 1982 2899 2044 τοὺς
2925 1977 3410 2050 μμθητευομὲνσδς
3437 1976 3714 2043 ﬁgas-ﬁ

2129 2066 2312 2122 Είπὼν
2350 2067 2479 2135 γὰρ,
2527 2067 2689 2121 Ἔδει
2711 2081 2784 2120 σε
2805 2062 3166 2120 καταϐαλεῖν
3192 2062 3261 2115 τὸ
3285 2062 3596 2130 ἀργύριόν
3615 2079 3710 2128 μοι·

2129 2152 2228 2205 ἐπὶ
2245 2150 2388 2215 τοὺς
2406 2149 2752 2220 τραπεζῖτας
2777 2165 2790 2178 °
2815 2148 2910 2202 καὶ
2942 2144 3265 2215 ἐπαγαγὼν,
3295 2145 3388 2197 ὅτι
3430 2145 3613 2212 Κάγὼ
3637 2145 3713 2196 8J-

2132 2233 2258 2291 θὼν
2301 2237 2446 2299 μετὰ
2501 2235 2682 2288 τόκου
2723 2233 2802 2286 ἂν
2844 2231 3132 2300 ἀπῄτησα
3167 2228 3345 2290 αὐτὸ,
3385 2227 3619 2293 ἔδειξεν,
3657 2230 3715 2279 ὅτι

2136 2316 2273 2388 μετά
2300 2317 2399 2387 τὴν
2426 2317 2690 2388 ἀκρόασιν
2718 2315 2910 2383 (τοῦτο
2933 2314 3042 2385 γάρ
3065 2315 3214 2365 ἐστιν
3241 2313 3274 2382 ή
3316 2311 3422 2364 τοῦ
3463 2313 3714 2381 ἁργυρὲσ.

2132 2397 2449 2470 καταϐολὴ),
2464 2400 2588 2462 τοὺς
2605 2399 3042 2468 ὑποδεξαμένους
3059 2397 3157 2464 τὴν
3181 2393 3563 2448 διδασκαλίαν
3584 2395 3714 2444 τότε.

2132 2480 2462 2554 ἐργάζεσθαι
2495 2483 2622 2553 χρή.
2655 2482 2824 2545 Τόκος
2859 2481 2916 2534 δὲ
2959 2477 3309 2540 διδασκαλίας
3346 2477 3518 2529 οὐδὲν
3555 2478 3716 2546 ἓτερὲ*

2133 2567 2302 2628 ἐστιν,
2330 2566 2443 2618 ἀλλ’
2484 2566 2518 2635 ἢ
2545 2567 2578 2636 ή
2607 2565 2694 2619 διὰ
2734 2565 2840 2618 τῶν
2873 2564 3048 2634 ἔργων
3086 2562 3377 2628 ἐπίδειξις.
3447 2560 3613 2613 Ἐπεὶ
3646 2558 3713 2613 οὖν

2134 2650 2228 2702 καὶ
2259 2651 2418 2719 ἡμεῖς
2453 2647 2828 2718 κατεϐάλομεν
2869 2647 2932 2700 τὸ
2964 2644 3224 2716 ἀργύριον
3285 2647 3375 2708 εἰς
3419 2643 3531 2714 τὴν

2133 2733 2231 2801 τὴν
2258 2731 2528 2802 ὑμετέραν
2553 2773 2569 2792 ,
2609 2731 2826 2801 ἀνάγκη
2870 2729 3074 2792 λοιπὸν,
3115 2730 3264 2799 ὑμᾶς
3310 2729 3629 2782 ἀποδοῦναι
3649 2731 3710 2780 τί.

2133 2815 2289 2868 τόκον
2319 2813 2396 2884 τῷ
2411 2814 2667 2887 δεσπότῃ,
2697 2813 2965 2874 τουτέστι,
2996 2812 3096 2883 τὴν
3131 2812 3423 2883 σωτηρίαν
3446 2811 3566 2863 τῶν

2137 2897 2252 2967 φῶν
2268 2897 2377 2951 τῶν
2405 2897 2710 2968 ὑμετέρων.
2747 2897 2909 2948 Ὥστε
2935 2897 2983 2948 εί
3018 2896 3230 2966 μένοιτε
3255 2895 3444 2948 ταῦτα
3481 2896 3712 2964 κατέχον.

2133 2997 2224 3043 τες
2252 2980 2318 3034 τά
2349 2980 2617 3051 είρημένα
2643 2980 2822 3050 μόνον,
2845 2980 2940 3034 καὶ
2971 2979 3135 3050 μηδὲν
3161 2981 3218 3032 ἐν
3250 2981 3484 3042 ἑαυτοῖς
3517 2978 3713 3048 ὲργαζςν

2138 3081 2311 3134 μενοι,
2339 3064 2552 3117 δέδοικα
2583 3065 2657 3135 μὴ
2678 3065 2776 3135 τὴν
2801 3065 2971 3135 αὐτὴν
3000 3064 3079 3134 τῷ
3109 3065 3170 3117 τὸ
3191 3064 3472 3117 τάλαντον
3505 3067 3708 3133 κατορύ-

2137 3147 2288 3213 ξαντι
2337 3147 2474 3200 δῶτε
2527 3148 2706 3219 δίκην.
2758 3150 2868 3202 Καὶ
2901 3148 3011 3218 γὰρ
3053 3149 3264 3208 ἐκεῖνος
3284 3146 3380 3200 διὰ
3408 3146 3582 3200 τοῦτο
3615 3150 3712 3208 τοὶς

2138 3230 2304 3294 πόδας
2325 3232 2416 3284 καὶ
2443 3231 2542 3295 τὰς
2571 3234 2759 3302 χεῖρας
2779 3231 2970 3294 δεθεὶς,
2997 3232 3078 3294 εἰς
3099 3231 3161 3283 τὸ
3191 3230 3395 3293 σκότος
3429 3230 3654 3301 ἐξήγετο
3671 3232 3714 3281 τὸ

2138 3314 2422 3384 ἐξώτερον,
2452 3317 2534 3368 ὅτι
2567 3316 2669 3368 οὐκ
2697 3315 2990 3386 ἐξήνεγκεν
3019 3317 3097 3378 εἰς
3121 3315 3351 3386 ἐτέρους
3389 3316 3549 3385 ἇπερ
3582 3317 3713 3384 ἧκον

2140 3415 2249 3451 σεν.
2282 3399 2379 3450 Ἴν’
2405 3392 2496 3452 οῦν
2529 3398 2602 3469 μὴ
2630 3399 2724 3450 καὶ
2750 3400 2912 3468 ἡμεῖς
2948 3398 3017 3450 τά
3044 3399 3186 3449 αύτά
3218 3398 3525 3467 πάθωμεν,
3565 3400 3647 3449 τὶν
3666 3403 3712 3448 τι

2139 3481 2298 3534 πέντε
2326 3480 2639 3551 δεξάμενον,
2670 3481 2764 3533 καὶ
2788 3481 2880 3532 τὺν
2902 3481 2972 3532 τά
2995 3480 3087 3532 δύο
3107 3480 3374 3542 τάλαντα,
3412 3482 3712 3552 μιμησώμε-

2138 3563 2238 3618 θα·
2266 3563 2369 3618 κάν
2395 3581 2456 3616 τε
2492 3563 2668 3631 λόγον,
2701 3563 2802 3616 κάν
2828 3579 2886 3614 τε
2913 3565 3200 3633 χρήματα,
3231 3566 3343 3616 κΞν
3383 3581 3452 3616 τε
3492 3567 3712 3635 σώματς

2139 3648 2323 3706 πόνον,
2345 3647 2448 3700 κᾶν
2477 3647 2663 3718 εὐχὴν,
2690 3645 2791 3699 κᾶν
2817 3647 2932 3700 ἄλλ’
2950 3647 3128 3699 ὁτιοῦν
3156 3649 3237 3709 είς
3254 3647 3362 3718 τὴν
3390 3649 3496 3701 τοῦ
3515 3651 3710 3719 πλησίω

2141 3731 2416 3801 σωτηρίαν
2446 3731 2724 3784 ἀναλῶσαι
2746 3729 2934 3799 δεήσῃ.
2975 3731 3048 3800 μὴ
3078 3729 3422 3800 όκνήσωμεν
3443 3772 3460 3795 ,
3495 3734 3583 3785 ἴνα
3617 3752 3697 3784 :r.

2137 3815 2363 3883 ταχόθεν
2393 3813 2454 3867 τὸ
2478 3814 2628 3886 παρά
2653 3813 2748 3866 τοῦ
2783 3812 2918 3864 Θεοῦ
2953 3811 3104 3865 δοθέν
3147 3815 3285 3883 ήμῖν
3324 3814 3602 3869 τάλαντον
3623 3820 3711 3868 ἀνι-

2138 3897 2310 3966 λόγως
2342 3899 2560 3952 ἔκαστοι
2599 3895 3136 3960 πολυπλασιάσαντες
3157 3897 3505 3969 δυνηθῶμεν
3522 3901 3618 3970 τῆς
3641 3920 3712 3969 μιν

2139 3982 2337 4052 καρίας
2362 3982 2577 4054 ἐκείνης
2602 3978 2836 4036 ἀκοῦσαι
2859 3983 3063 4052 φωνῆς,
3091 3977 3204 4047 Εὖ,
3221 3982 3423 4037 δοῦλε
3436 3985 3709 4053 (tradunt

2138 4066 2336 4125 πιστὲ.
2368 4067 2464 4120 ἐπὶ
2495 4067 2669 4136 ὀλίγα
2691 4063 2771 4137 ἧς
2801 4065 3150 4132 πιστός,ὲπι
3171 4066 3442 4121 πολλῶν
3469 4087 3546 4122 σε
3570 4087 3709 4123 κατα-

2137 4149 2348 4216 στήσω
2367 4167 2379 4178 '
2414 4152 2653 4206 εῖσελθε
2685 4154 2772 4217 εις
2800 4149 2917 4218 τὴν
2942 4149 3137 4218 χαρὰν
3166 4151 3276 4204 τοῦ
3330 4154 3569 4221 Κυρίου
3602 4172 3707 4207 σει.

2139 4229 2248 4298 Ἧς
2276 4236 2484 4304 γένοιτο
2522 4236 2728 4300 πάντας
2765 4237 2911 4307 ήμᾶς
2944 4237 3242 4305 ἐπιτυχεῖν,
3263 4237 3467 4308 χάριτι
3502 4241 3592 4291 καὶ
3623 4241 3711 4307 σὺ»

2142 4321 2427 4391 ανθρωπίᾳ
2477 4321 2569 4374 τοῦ
2605 4321 2810 4392 Κυρίου
2870 4319 3028 4391 ήμῶν
3069 4319 3247 4390 Ἰησοῦ
3274 4321 3558 4392 Χριστοῦ,
3589 4316 3708 4375 διἰἶο

2143 4403 2235 4455 καὶ
2260 4403 2379 4474 μεθ’
2419 4399 2478 4458 οὗ
2501 4404 2578 4475 τῷ
2606 4405 2785 4475 Πατρὶ
2819 4407 2852 4476 ή
2883 4404 3008 4469 δόξα
3035 4405 3130 4456 καὶ
3149 4403 3213 4456 τὸ
3248 4405 3489 4474 κράτκ,
3529 4407 3634 4478 ἀμα
3653 4405 3707 4475 τῷ

2143 4486 2283 4558 ἁγίῳ
2308 4488 2605 4560 Πνεύματι,
2629 4490 2708 4553 είς
2727 4490 2853 4552 τοὺς
2877 4488 3077 4551 αἰῶνας
3093 4487 3206 4541 τῶν
3226 4489 3478 4545 αἰώνων.
3494 4493 3652 4564 Ἀμήν
3671 4503 3706 4544 ι.

2211 4694 2241 4754 (ἶ
2258 4692 2365 4739 Duo
2388 4706 2501 4740 mas.
2533 4701 2644 4753 post
2663 4694 2788 4754 ἀμήν
2811 4691 2995 4741 habent
3013 4694 3290 4741 τετέλεσται
3315 4697 3411 4743 σὺν
3438 4699 3548 4754 ea;
3641 4713 3702 4744 ια’

2143 4755 2203 4801 τὰ
2233 4753 2492 4826 Ἰουδαίων-
2508 4747 2593 4826 τοῦ
2618 4747 2836 4826 ἐν-ᾇγξοις
2867 4754 3052 4818 Πατρός
3080 4757 3221 4826 ἡμῶν
3254 4756 3489 4826 Ἰωάννου
3510 4747 3592 4806 τοῦ

2146 4816 2387 4877 σοστὸμου
2409 4817 2455 4864 ἐν
2479 4819 2634 4880 λόγοις
2655 4818 2720 4872 ἔξ,
2750 4816 2886 4866 Unus
2917 4816 3083 4866 autem
3109 4817 3264 4868 habet
3286 4819 3340 4867 ἐν
3371 4822 3532 4881 λόγοις
3552 4821 3610 4870 ε’.
