3790 6264
153 346 254 404 9M

145 477 268 518 cum
292 475 421 517 vero
439 461 578 517 Deus
603 459 780 517 videat
803 462 995 532 ubique
1023 475 1279 532 praesens,
1306 461 1555 531 perfricta
1583 460 1718 515 facie

147 562 353 608 tantum
391 552 594 608 facinus
636 553 871 608 audere?
899 553 1004 609 Sed
1035 570 1139 607 non
1167 555 1322 608 times
1347 554 1553 608 Deum?
1581 554 1720 623 Ergo

144 647 334 701 saltem
381 645 525 714 ipsos
567 661 814 702 reverere
854 645 1086 701 Judneos.
1130 645 1330 714 Quibus
1370 647 1513 700 enim
1555 646 1722 700 oculis

145 736 293 806 ipsos
322 736 645 792 intueberis?
670 736 786 804 Quo
814 751 908 792 ore
932 736 1217 807 alloqueris
1241 777 1255 801 ,
1297 737 1423 791 dum
1465 735 1720 806 profitens

145 837 198 882 te
225 842 343 883 esse
362 827 743 894 Christianum,
771 839 944 882 tamen
967 829 1031 881 ad
1060 828 1271 882 illorum
1296 829 1464 882 curris
1491 841 1720 898 synago-

143 933 258 987 gas,
286 926 342 972 et
367 917 435 972 ab
464 919 570 972 illis
596 934 751 989 opem
782 920 1069 989 imploras?
1098 918 1212 973 Non
1244 919 1524 988 perpendis
1548 934 1720 989 quan-

147 1019 258 1064 tum
287 1012 451 1065 risum
477 1011 529 1065 in
560 1021 613 1066 te
642 1011 943 1077 eﬂ'uudent,
977 1020 1107 1081 quot
1132 1022 1442 1078 scommata,
1469 1023 1716 1082 quantam

145 1101 615 1156 subsannationem
637 1143 652 1169 ,
682 1111 874 1172 quanta
905 1103 1165 1157 dedecora
1186 1145 1202 1170 ,
1237 1114 1483 1173 quantam
1515 1105 1717 1157 irrisio-

143 1206 304 1258 nem,
347 1203 542 1261 quanta
588 1192 802 1262 probra,
843 1194 942 1248 etsi
984 1210 1092 1250 non
1135 1195 1327 1263 palam,
1368 1205 1514 1249 certe
1542 1195 1593 1248 in
1622 1209 1717 1249 sua

142 1283 380 1353 ipsorum
409 1285 771 1340 conscientia?

217 1374 271 1428 9.
299 1374 527 1430 Proinde
545 1376 630 1429 die
655 1376 801 1441 mihi,
829 1375 1062 1431 hzeccine
1086 1384 1213 1431 sunt
1237 1376 1552 1443 tolerabilia,
1578 1378 1718 1432 luee-

140 1462 264 1518 cine
290 1462 545 1519 ferenda?
571 1465 794 1520 Etiamsi
825 1467 967 1521 mille
1004 1478 1206 1521 mortes
1233 1467 1338 1521 sint
1365 1469 1676 1538 oppetenda:
1696 1511 1713 1535 ,

145 1562 202 1608 et
229 1555 538 1624 gravissima
568 1556 841 1610 toleranda
886 1556 992 1610 sint
1022 1558 1191 1622 mala,
1232 1572 1408 1612 nonne
1432 1558 1598 1612 multo
1627 1574 1715 1612 sa-

143 1646 250 1700 tius
274 1654 388 1700 erat
413 1661 599 1701 omnes
642 1646 760 1701 illas
806 1648 1011 1717 perpeti
1053 1647 1416 1712 calamitates,
1459 1663 1616 1717 quam
1661 1659 1717 1702 ut

140 1737 248 1792 iste
274 1737 618 1792 scelestorum
650 1740 789 1794 risus
814 1746 869 1793 et
893 1740 1235 1794 subsannatio
1269 1739 1419 1794 ﬁeret
1441 1780 1455 1804 ,
1483 1755 1545 1794 ac
1576 1756 1714 1808 prae-

141 1835 290 1882 terea
316 1842 435 1882 cum
461 1829 598 1882 mala
623 1828 944 1883 conscientia
967 1827 1269 1884 viveretur?
1297 1829 1421 1883 limo
1447 1844 1553 1883 non
1572 1829 1713 1896 dico,

140 1927 202 1973 ut
227 1918 451 1973 audiatis
477 1927 700 1987 tantum,
729 1935 910 1974 verum
937 1920 1096 1975 etiam
1129 1928 1184 1972 ut
1210 1920 1292 1973 his
1335 1919 1536 1974 morbis
1567 1920 1718 1975 labo-

138 2020 324 2066 rantes
350 2013 567 2066 sanetis.
595 2011 1045 2077 Quemadmodum
1074 2012 1214 2065 enim
1246 2011 1364 2065 illos
1392 2012 1714 2078 incusamus,
1765 2071 1770 2075 ,

135 2103 285 2171 quod
313 2102 519 2158 infirma
549 2104 656 2157 sint
685 2103 787 2158 fide
815 2120 828 2156 :
855 2104 933 2158 sic
956 2113 1010 2158 et
1035 2118 1150 2169 vos,
1175 2103 1314 2173 quod
1343 2104 1581 2158 inlirmos
1605 2119 1719 2159 cor-

138 2192 316 2262 rigere
346 2209 450 2248 non
478 2193 670 2247 velitis.
693 2193 810 2248 Non
838 2194 996 2264 igitur
1024 2193 1127 2248 hoc
1153 2203 1234 2248 est
1269 2194 1409 2264 quod
1438 2196 1712 2264 quaeritur,

138 2283 359 2348 dilecte,
387 2292 444 2337 ut
472 2283 574 2338 huc
600 2285 870 2354 ingressus
911 2293 1111 2339 tantum
1139 2285 1352 2350 audias,
1385 2302 1504 2355 qua:
1529 2287 1716 2341 dicun-

139 2382 251 2427 tur.
275 2373 406 2427 Nam
455 2375 506 2429 id
548 2375 762 2445 quidem
791 2377 949 2430 etiam
991 2376 1190 2431 crimen
1219 2386 1332 2440 est,
1372 2393 1491 2432 cum
1522 2379 1714 2434 auditis

139 2469 483 2522 sermonibus
533 2485 638 2522 non
684 2468 984 2538 adjungitur
1032 2483 1252 2538 operum
1309 2470 1711 2526 demonstratio.

135 2558 430 2629 Propterea
458 2559 789 2615 Christianus
814 2574 891 2625 es,
917 2569 974 2614 ut
1000 2559 1268 2614 Christum
1301 2561 1541 2626 imiteris,
1571 2562 1715 2630 ejus-

133 2666 248 2719 que
276 2651 476 2720 legibu's
498 2667 700 2705 morem
723 2667 898 2722 geras.
928 2651 1066 2719 Quid
1093 2662 1270 2707 autem
1299 2653 1386 2707 ille
1410 2653 1570 2708 fecit?
1595 2655 1711 2711 Non

134 2741 488 2813 Jerosolymis
517 2743 768 2798 desidens
797 2745 1002 2798 vocavit
1027 2745 1093 2798 ad
1123 2759 1182 2799 se
1209 2755 1458 2814 aegrotos,
1489 2747 1585 2801 sed
1613 2748 1711 2801 ob-

131 2831 446 2887 ambulabat
480 2833 720 2888 civitates
761 2848 824 2888 ac
862 2834 1008 2888 vicos
1032 2876 1045 2899 ,
1074 2836 1315 2904 geminos
1339 2850 1531 2890 curans
1570 2853 1714 2892 mor-

132 2921 260 2988 bos,
280 2931 387 2976 tum
407 2923 590 2990 animi,
608 2925 721 2978 tum
746 2924 1004 2992 corporis.
1033 2925 1276 2978 Attamen
1298 2934 1504 2994 poterat
1522 2927 1710 2981 eodem

133 3011 194 3066 in
223 3013 340 3067 loco
365 3013 561 3067 sedens
603 3027 792 3068 omnes
833 3014 897 3067 ad
943 3029 1003 3068 se
1036 3014 1352 3069 attrahere:
1381 3032 1483 3069 non
1534 3026 1710 3072 tamen

132 3102 244 3158 hoc
267 3102 407 3167 fecit,
437 3105 588 3158 nobis
619 3105 862 3174 praebens
883 3105 1204 3175 exemplum,
1232 3116 1288 3160 ut
1309 3108 1710 3164 obambulemus

131 3205 196 3250 et
243 3212 542 3266 quammus
578 3212 706 3266 eos,
754 3198 843 3267 qui
885 3207 1126 3266 pereunt.
1166 3197 1369 3252 Rursus
1409 3198 1512 3253 boc
1551 3201 1710 3255 etiam

132 3288 390 3357 parabola
419 3288 482 3342 de
511 3297 722 3359 pastore
749 3288 1063 3358 significavit
1087 3288 1245 3358 (Luc.
1279 3291 1366 3343 15.
1409 3291 1559 3361 4-6).
1590 3292 1703 3346 Non

133 3379 283 3432 cnim
311 3378 584 3434 desidebat
611 3395 730 3434 cum
762 3380 1045 3450 nonaginta
1070 3395 1258 3436 novem
1289 3381 1495 3449 ovibus,
1524 3399 1711 3452 exspe-

129 3480 290 3524 ctans
318 3468 506 3537 donec,
530 3488 648 3542 qua:
668 3473 1009 3528 aberraverat
1027 3516 1042 3538 ,
1073 3475 1279 3529 veniret
1301 3475 1366 3529 ad
1391 3477 1592 3546 ipsum;
1615 3479 1709 3533 sed

129 3561 272 3615 abiit
297 3562 428 3631 ipse,
458 3571 509 3617 et
534 3563 776 3630 invenit,
805 3566 1180 3635 inventamque
1213 3576 1440 3635 gestam
1476 3567 1711 3624 humeris

127 3671 202 3710 ac
229 3655 457 3710 reduxit.
480 3657 671 3711 Annon
699 3657 846 3712 vides
873 3658 1106 3713 medicos
1147 3674 1355 3728 quoque
1399 3659 1501 3716 hoc
1538 3661 1707 3730 ipsum

127 3745 349 3800 facere?
390 3745 506 3800 Non
536 3757 729 3816 cogunt
770 3757 996 3816 aegrotos
1038 3749 1178 3804 lecto
1220 3749 1596 3806 decumbentes
1642 3752 1708 3806 ad

127 3839 374 3906 ipsorum
401 3837 542 3891 aedes
568 3837 783 3904 deferri,
813 3839 905 3892 sed
937 3839 1035 3908 ipsi
1061 3851 1344 3894 accurrunt
1365 3841 1430 3895 ad
1461 3857 1572 3896 eos.
1597 3843 1710 3897 l-loc

127 3940 194 3986 et
240 3939 292 3985 tu
342 3931 532 3996 facito,
578 3931 773 3986 dilecte
797 3971 812 3996 ,
855 3935 1030 3986 sciens
1061 3942 1374 4002 praesentem
1407 3935 1565 3988 vitam
1592 3951 1710 3990 esse

127 4022 359 4076 brevem
387 4064 401 4086 ,
431 4037 494 4077 ac
523 4022 620 4075 nisi
651 4022 763 4076 hmc
789 4023 934 4076 lucra
963 4022 1322 4091 paraverimus
1341 4063 1357 4089 ,
1387 4024 1582 4078 nullam
1614 4041 1710 4079 nos

128 4114 249 4168 illic
276 4113 545 4167 habituros
573 4128 692 4168 esse
724 4114 969 4168 salutem.
993 4114 1146 4182 Saepe
1172 4131 1274 4168 una
1303 4117 1478 4170 anima
1500 4159 1515 4182 ,
1548 4132 1705 4187 quam

126 4205 330 4259 lucrati
360 4203 647 4268 fuerimus,
676 4213 851 4273 potest
879 4205 1337 4260 innumerabilium
1370 4216 1708 4276 peccatorum

126 4294 347 4365 pondus
371 4294 586 4349 abolere
605 4335 620 4359 ,
648 4295 942 4365 animaeque
969 4295 1292 4350 redimendae
1333 4295 1444 4352 ﬁeri
1481 4299 1710 4366 pretium

128 4388 195 4442 iu
243 4388 334 4441 illo
373 4387 478 4442 die.
520 4388 705 4457 Cogita
744 4403 839 4443 cur
869 4391 1139 4458 propheta:
1161 4430 1176 4455 ,
1205 4405 1300 4444 cur
1324 4391 1586 4459 apostoli,
1617 4407 1712 4445 cur

125 4477 288 4548 justi,
314 4492 410 4532 cur
438 4477 745 4546 frequenter
770 4479 945 4548 angeli
975 4479 1123 4534 missi
1151 4479 1256 4535 sint
1276 4521 1293 4546 ,
1323 4493 1418 4535 cur
1444 4482 1559 4550 ipse
1588 4481 1707 4535 uni-

127 4569 350 4638 genitus
381 4569 472 4622 Dei
503 4569 666 4624 Filius
691 4570 985 4627 advenerit.
1006 4566 1198 4624 Annon
1232 4579 1290 4625 ut
1323 4572 1564 4626 homines
1589 4588 1708 4627 ser-

129 4661 336 4714 varet?
362 4661 550 4714 Annon
599 4671 654 4714 ut
683 4676 776 4715 eos
817 4670 1056 4715 errantes
1101 4661 1394 4715 reduceret.
1431 4662 1541 4715 lloc
1570 4662 1709 4717 idem

127 4769 268 4823 agas
310 4763 362 4807 tu
403 4769 612 4824 quoque
653 4769 747 4823 pro
784 4754 982 4807 viribus
1012 4755 1149 4818 tuis,
1180 4770 1442 4822 omneque
1479 4755 1708 4810 studium

128 4862 206 4900 ac
229 4845 638 4899 sollicitudinem
669 4845 946 4914 impendas
969 4845 1035 4898 ad
1063 4845 1420 4901 reducendum
1459 4861 1552 4900 eos
1574 4885 1590 4911 ,
1620 4847 1709 4914 qui

129 4936 476 4991 aberrarunt.
506 4935 587 4990 Ad
615 4936 729 4990 hare
755 4952 852 4991 vos
875 4936 1098 5005 singulis
1131 4937 1476 4991 concionibus
1513 4935 1708 4990 adhor-

131 5026 240 5081 tari
289 5042 393 5080 non
439 5040 590 5082 cesso
617 5043 631 5083 :
659 5026 772 5083 sive
815 5035 1046 5082 mentem
1095 5025 1409 5093 adhibeatis,
1453 5027 1564 5081 sive
1602 5041 1707 5080 non

1314 349 1675 408 ADVERSUS
1701 347 1996 406 ιυῡίΕΟΞ.
2025 350 2158 408 Vill.

3294 355 3394 410 9-63

1827 460 2140 526 adhibeatis,
2167 478 2266 533 ego
2293 462 2471 520 dicere
2497 479 2601 519 non
2624 463 2881 520 desinam.
2909 465 3038 520 Nam
3066 467 3199 522 hanc
3227 471 3392 539 legem

1828 554 1982 608 nobis
2007 555 2144 609 Deus
2171 557 2514 626 prmscripsit,
2546 567 2602 611 ut
2628 559 2739 612 sive
2758 559 2982 612 audierit
3007 561 3143 628 quis,
3175 577 3266 614 seu
3290 579 3392 616 non

1825 645 2069 710 audierit,
2104 645 2204 701 hoc
2233 647 2582 702 ministerium
2616 649 2947 718 impleamus.
2976 650 3079 704 Sed
3101 652 3146 706 si
3180 653 3393 721 quidem

1823 737 2096 792 audieritis
2134 747 2186 793 et
2235 739 2467 793 feceritis
2514 755 2575 794 ea
2623 757 2741 810 quae
2777 741 3052 808 dicuntur,
3083 744 3242 797 multa
3273 759 3394 800 cum

1824 827 2096 896 voluptate
2122 827 2226 884 hoc
2251 829 2422 898 ipsum
2455 829 2745 895 faciemus;
2771 831 2851 885 sin
2887 843 3060 886 autem
3092 834 3391 903 neglexeri-

1825 917 1892 970 tis
1911 932 1974 971 ac
1996 918 2207 973 desides
2231 919 2436 974 fueritis
2453 963 2468 985 ,
2495 922 2659 974 multa
2685 937 2804 975 cum
2829 923 3058 977 tristitia.
3084 923 3246 980 Nobis
3271 927 3390 995 qui-

1822 1005 1943 1059 dem
1971 1022 2035 1060 ex
2066 1017 2242 1063 vestra
2270 1009 2627 1064 iuobedientia
2657 1011 2856 1063 nullum
2886 1011 3114 1066 futurum
3141 1025 3222 1068 est
3250 1015 3394 1081 peri-

1821 1095 2023 1161 culum,
2051 1098 2477 1169 quandoquidem
2501 1100 2754 1170 quidquid
2777 1110 2892 1154 erat
2917 1113 3155 1156 nostrum
3184 1107 3392 1174 praesti-

1823 1185 2013 1250 timus;
2061 1195 2116 1241 at
2161 1203 2479 1258 quamquam
2533 1205 2639 1242 non
2694 1190 3054 1258 periclitamur
3109 1207 3250 1257 nos,
3299 1195 3390 1263 qui

1825 1278 2223 1346 przestiterimus
2245 1281 2446 1346 omnia,
2470 1296 2587 1350 qua:
2619 1282 2669 1334 in
2699 1281 2851 1335 nobis
2871 1292 3012 1346 sunt,
3044 1282 3283 1337 dolemus
3310 1295 3391 1338 ta-

1820 1383 1941 1421 men
1976 1369 2114 1438 quod
2144 1386 2238 1424 vos
2269 1372 2546 1425 accusandi
2592 1373 2705 1425 sitis
2751 1373 2801 1426 in
2832 1373 2921 1426 die
2950 1374 3058 1427 illo.
3086 1374 3202 1428 Non
3251 1377 3391 1432 enim

1819 1457 2020 1529 absque
2058 1463 2290 1530 periculo
2326 1463 2476 1518 vobis
2520 1465 2622 1518 erit
2650 1465 2863 1519 audisse
2887 1507 2901 1527 .
2931 1467 2975 1520 si
3003 1481 3110 1522 non
3151 1483 3395 1524 accesse-

1819 1549 1927 1604 rint
1965 1566 2147 1620 opera.
2190 1553 2324 1607 Audi
2366 1554 2521 1622 igitur
2545 1557 2810 1624 quomodo
2844 1555 3083 1611 Christus
3135 1575 3391 1616 accusans

1819 1638 2062 1696 doctores
2107 1658 2406 1698 sermonem
2453 1646 2794 1710 occultantes,
2837 1649 2993 1702 etiam
3026 1650 3106 1713 iis,
3152 1651 3239 1719 qui
3285 1651 3386 1704 do-

1819 1741 2024 1796 centur,
2055 1733 2318 1802 loquatur.
2343 1736 2474 1790 Cum
2519 1739 2660 1791 enim
2697 1739 2953 1794 dixisset:
2989 1740 3262 1811 Oportebat
3287 1745 3380 1799 de-

1819 1837 2003 1892 ponere
2046 1826 2308 1892 pecuniam
2347 1844 2508 1880 meam
2546 1830 2683 1896 apud
2723 1831 3032 1895 mensarios;
3071 1844 3124 1887 et
3163 1835 3389 1903 adjecis-

1818 1923 1900 1968 set
1933 1932 1946 1968 :
1977 1914 2088 1985 Ego
2130 1918 2327 1971 veniens
2359 1935 2472 1971 cum
2508 1937 2660 1974 usura
2701 1922 2868 1988 utique
2904 1925 3206 1993 repetiissem
3249 1927 3391 1981 illam

1820 2005 2032 2076 (Matth.
2077 2009 2169 2064 25.
2208 2009 2300 2080 9.7)
2329 2027 2344 2064 :
2375 2011 2624 2073 ostendit,
2657 2013 2795 2080 quod
2842 2024 3119 2083 postquam
3163 2017 3392 2074 audierit

1819 2098 1965 2164 (nam
1995 2097 2110 2153 haec
2138 2108 2220 2152 est
2248 2100 2484 2168 pecuniae
2523 2100 2805 2175 depositio)
2836 2104 2924 2171 qui
2967 2107 3170 2174 accepit
3196 2107 3393 2163 doctri-

1817 2203 1962 2254 nam,
1992 2203 2206 2243 usuram
2247 2190 2421 2246 facere
2459 2190 2636 2256 debet,
2667 2202 2914 2263 tanquam
2945 2195 3159 2251 domino
3189 2201 3386 2268 repeti-

1818 2285 1958 2332 turo.
2000 2278 2173 2334 Usura
2223 2290 2399 2337 autem
2446 2281 2704 2338 doctrinae
2750 2284 2880 2338 nihil
2924 2285 3066 2340 aliud
3111 2296 3192 2342 est
3230 2304 3388 2358 quam

1816 2385 2034 2440 operum
2079 2371 2355 2428 exhibitio.
2394 2374 2534 2444 Ergo
2574 2376 2821 2444 quoniam
2867 2392 2964 2432 nos
2988 2393 3196 2449 quoque
3221 2381 3389 2450 depo-

1815 2461 2018 2516 suimus
2062 2463 2337 2532 pecuniam
2381 2464 2435 2518 in
2482 2481 2638 2520 aures
2670 2477 2918 2522 vestras:
2952 2484 3168 2526 necesse
3207 2480 3288 2527 est
3331 2483 3387 2528 ut

1819 2565 1915 2604 vos
1962 2551 2194 2606 reddatis
2221 2568 2432 2608 usuram
2463 2554 2698 2622 domino,
2738 2557 2838 2611 hoc
2875 2568 2977 2625 est,
3021 2560 3245 2615 salutem
3285 2561 3388 2618 fra-

1818 2652 1955 2697 trum
1984 2654 2301 2699 vestrorum.
2331 2645 2512 2716 Itaque
2552 2649 2597 2702 si
2642 2649 2754 2703 haec
2799 2649 2932 2718 ipsa,
2976 2667 3092 2720 qua:
3116 2652 3385 2724 dicuntur,

1815 2742 2018 2789 tantum
2053 2735 2402 2802 detinuerilis,
2435 2738 2564 2791 nihil
2608 2753 2672 2792 ex
2702 2739 2782 2792 his
2822 2740 3222 2809 lucrifacientes,
3269 2760 3383 2801 tne-

1819 2837 1909 2880 tuo
1946 2843 2013 2882 ne
2041 2827 2252 2881 easdem
2291 2827 2428 2883 detis
2456 2844 2658 2899 pmnas,
2688 2845 2821 2899 quas
2855 2830 3004 2885 dedit
3033 2832 3141 2897 ille,
3173 2835 3264 2904 qui
3302 2835 3389 2891 de-

1815 2917 2021 2972 foderat
2049 2917 2322 2972 talentum.
2353 2919 2483 2972 Nam
2512 2920 2598 2974 ille
2632 2931 2910 2990 pr0pterea
2946 2924 3187 2978 manibus
3212 2940 3274 2980 ac
3297 2941 3381 2994 pe.

1818 3008 1972 3062 dibus
1999 3007 2207 3063 vinctus
2235 3009 2286 3062 in
2310 3010 2560 3064 tenebras
2584 3013 2787 3078 ejectus
2813 3021 2894 3065 est
2921 3014 3230 3076 exteriores.
3256 3033 3389 3085 quo-

1815 3099 1956 3153 niam
1983 3113 2086 3153 non
2113 3099 2441 3170 deprompsit
2467 3101 2519 3154 in
2545 3102 2677 3155 alios
2699 3118 2816 3170 qua:
2845 3103 3098 3157 audierat.
3133 3105 3207 3160 Ne
3230 3106 3387 3176 igitur

1813 3207 1912 3246 nos
1931 3207 2140 3262 quoque
2159 3192 2346 3247 eadem
2365 3193 2641 3262 patiamur,
2665 3209 2784 3248 eum
2806 3195 2892 3264 qui
2914 3195 3145 3265 quinque
3164 3199 3378 3265 talenta,

1814 3294 1869 3338 et
1890 3301 2008 3338 eum
2027 3286 2115 3356 qui
2139 3285 2244 3340 duo
2260 3286 2481 3355 accepit,
2507 3286 2772 3340 imitemur
2787 3328 2799 3350 ,
2827 3288 3031 3344 etiamsi
3054 3304 3384 3356 sermonem,

1811 3376 2018 3433 etiamsi
2041 3378 2337 3447 pecuniam,
2366 3377 2573 3432 etiamsi
2608 3379 2846 3447 corporis
2884 3379 3139 3444 laborem,
3175 3382 3385 3437 etiamsi

1815 3483 2018 3538 preces,
2032 3477 2122 3522 aut
2139 3468 2281 3522 aliud
2297 3467 2563 3537 quidpiam
2579 3467 2629 3521 in
2648 3469 2868 3536 proximi
2885 3467 3107 3523 salutem
3121 3470 3387 3527 insumere

1813 3561 2124 3628 oportuerit,
2149 3575 2214 3614 ne
2229 3548 2531 3630 gravemur,
2557 3568 2613 3614 ut
2635 3560 3000 3630 undecumque
3018 3562 3272 3616 talentum
3290 3578 3383 3618 no-

1813 3651 1894 3706 bis
1905 3667 1936 3706 a
1952 3652 2056 3706 Deo
2075 3652 2321 3708 traditum
2335 3667 2431 3722 pro
2447 3667 2542 3707 sua
2558 3653 2706 3722 quisq
2714 3667 2776 3706 ue
2791 3652 3031 3720 portione
3042 3653 3398 3723 multiplican-

1814 3754 1915 3807 tes,
1948 3745 2208 3812 possimus
2244 3744 2383 3796 illam
2406 3743 2611 3797 beatam
2642 3743 2825 3797 audire
2842 3758 3046 3803 vocem,
3066 3743 3230 3814 Euge,
3248 3762 3386 3801 servs

1814 3835 1939 3886 bone
1975 3842 2023 3885 et
2070 3831 2271 3900 ﬁdelis;
2305 3834 2356 3886 in
2397 3833 2571 3904 paucis
2619 3833 2761 3904 fuisti
2801 3833 2985 3900 ﬁdelis,
3023 3851 3180 3903 supra
3230 3837 3390 3890 multa

1813 3934 1860 3977 te
1887 3925 2218 3987 constituam;
2238 3925 2371 3977 intra
2397 3925 2449 3977 in
2475 3924 2713 3994 gaudium
2753 3924 2941 3978 domini
2967 3928 3038 3976 tui
3061 3923 3269 3995 (Matth.
3292 3926 3386 3995 25,

1813 4015 1935 4086 21);
1991 4031 2096 4085 quo
2155 4015 2308 4069 nobis
2361 4015 2606 4068 omnibus
2661 4014 2814 4082 potiri
2857 4015 3164 4084 contingat,
3216 4019 3385 4086 gratia

1815 4115 1870 4161 et
1915 4106 2237 4174 benignitate
2279 4104 2488 4158 Domini
2541 4104 2709 4158 nostri
2748 4103 2872 4158 Jesu
2917 4103 3130 4169 Christi,
3174 4106 3386 4172 quicum

1814 4205 1868 4251 et
1909 4212 2003 4266 per
2046 4211 2204 4265 quem
2246 4196 2385 4251 Patri
2420 4197 2621 4265 gloria,
2658 4204 2711 4249 et
2755 4195 3030 4264 imperium
3071 4196 3228 4251 simul
3265 4212 3386 4266 cum

1813 4298 1996 4345 sancto
2021 4289 2241 4358 Spiritu,
2269 4289 2322 4343 in
2348 4289 2539 4343 saecula
2570 4288 2921 4352 saeculorum;
2951 4290 3173 4344 Amen‘.

1877 4847 1892 4877 ί
1919 4853 2134 4908 θυολΜεε,
2159 4853 2282 4907 post,
2306 4854 2468 4905 lmen,
2491 4848 2674 4897 habent
2697 4855 2932 4908 :VJuvante
2944 4856 3058 4908 Deo,
3077 4853 3219 4902 Pater
3233 4856 3390 4898 noster

1812 4905 1862 4955 in
1881 4905 2054 4956 sanctis
2077 4905 2430 4969 Chi‘ysostomus
2451 4946 2470 4969 ,_
2505 4907 2789 4958 orationibus
2811 4910 2907 4959 suis
2924 4949 2937 4968 ,
2979 4905 3142 4959 contra
3175 4910 3388 4968 Judceos,

1811 4981 1920 5030 quae
1961 4981 2050 5038 sea:
2084 4967 2411 5028 nmrierantur,
2436 4967 2580 5032 ﬁnem
2601 4969 2837 5033 imposuit.
2864 4978 2991 5020 Unus
3010 4979 3174 5021 autem
3197 4972 3343 5021 habet
3367 4967 3382 5022 ἑ

1811 5041 1926 5092 Qua:
1946 5043 2150 5093 qumque
2171 5038 2494 5082 numerantur.
