3790 6274
625 559 1776 598 :W

1157 365 1212 420 s.
1251 363 1536 420 JOANNIS
1573 361 2065 421 cuursosront
2104 363 2422 420 ARCIIIEP.
2464 360 3010 420 CONSTANTINOP.
3591 335 3596 338 ’
3630 354 3714 408 ρει

1479 549 3486 592 HW
3669 575 3692 581 ‘—

679 790 756 851 lN
790 787 1206 849 HOMILIAM
1248 787 1355 850 DE
1391 785 1552 847 NON
1595 784 2419 846 ANATHEMATIZANDIS
2455 783 2672 846 VIVIS
2711 784 2981 858 ATQUE
3022 781 3502 848 DRFUNCTIS

1759 1044 2370 1138 MONITUM.

517 1546 642 1612 Quo
686 1555 927 1616 tempore
960 1547 1103 1601 hanc
1153 1542 1408 1603 habuerit
1457 1549 1736 1603 homiliam
1768 1551 2011 1620 Chryso-

443 1648 680 1703 stomus,
712 1639 867 1695 initio
901 1639 1143 1693 declarat
1192 1638 1308 1708 ipse
1333 1653 1458 1693 cum
1491 1641 1565 1694 ait
1592 1659 1604 1693 :
1657 1639 1839 1710 Nuper
1869 1639 2011 1694 vobis

444 1734 510 1786 de
539 1729 1075 1797 incomprehensibilis
1101 1734 1393 1802 cognitione
1421 1731 1511 1786 Dei
1535 1733 1817 1797 disserens,
1843 1733 2012 1786 multa

443 1824 598 1878 verba
632 1824 754 1892 feci.
792 1839 854 1876 ac
893 1833 1004 1875 tum
1028 1822 1422 1892 Scripturarum
1456 1825 1686 1885 vocibus,
1719 1834 1828 1878 tum
1856 1834 2010 1878 untu-

445 1916 649 1970 ralibus
685 1917 981 1972 ratiociniis
1013 1916 1391 1980 demonstravi,
1418 1917 1574 1968 etiam
1606 1916 1732 1983 ipsis
1775 1917 2011 1970 invisibi-

443 2008 584 2061 libus
625 2005 910 2061 virtutibus
947 2006 1270 2058 inaccessam
1318 2021 1534 2073 prorsus
1594 2022 1703 2059 esse
1759 2004 2009 2062 Numinis

443 2099 998 2166 comprehensionem;
1045 2097 1154 2151 illis
1204 2098 1440 2160 scilicet,
1480 2111 1596 2168 qum
1645 2099 1881 2153 materia:
1921 2111 2012 2153 ex-

369 2201 374 2206 '
445 2201 643 2258 pertem
670 2201 720 2244 et
753 2191 960 2244 beatam
1003 2191 1164 2244 vitam
1205 2201 1409 2259 agunt:
1452 2205 1644 2258 nosque
1694 2202 1886 2252 tamen,
1920 2195 2010 2262 qui

444 2285 502 2336 in
539 2287 683 2337 omni
715 2283 935 2338 mollitie
965 2294 1120 2352 atque
1142 2287 1351 2354 ignauia
1381 2286 1541 2340 vitam
1575 2289 1877 2357 (legimus...
1900 2303 2012 2340 rem

443 2375 797 2430 inuisibilibus
837 2376 1144 2431 substantiis
1175 2379 1381 2446 penitus
1423 2381 1656 2448 ignotam
1689 2377 1897 2449 assequi
1925 2395 2011 2432 co-

444 2471 586 2534 uari,
614 2479 716 2525 etc.
766 2469 891 2525 Haec
938 2481 1070 2524 vero
1122 2471 1358 2525 maxime
1396 2475 1693 2540 pertractat
1750 2473 2012 2526 concione

443 2564 603 2619 tertia
634 2563 703 2618 de
728 2560 1263 2632 incomprehensibili
1292 2581 1305 2616 :
1335 2577 1504 2632 quare
1549 2563 1632 2616 vel
1680 2573 1802 2632 post
1859 2561 2006 2616 illam

442 2656 532 2710 vel
581 2663 707 2724 post
753 2654 991 2724 aliquam
1037 2670 1102 2708 ex
1156 2653 1513 2724 sequentibus
1567 2655 1707 2710 hanc
1764 2653 2012 2711 habuerit

446 2747 747 2810 humilium,
770 2754 1014 2801 vertente
1045 2744 1301 2800 nimirum
1333 2761 1478 2800 anno
1500 2740 1623 2800 386.
1649 2745 1849 2802 Verum
1887 2735 2010 2800 hcet

447 2837 560 2894 haec
591 2838 850 2909 temporis
875 2849 1002 2893 nota
1042 2839 1174 2893 nulli
1224 2836 1522 2893 diliicultati
1556 2837 1792 2893 obnoxia
1828 2839 2012 2892 videa-

443 2939 557 2998 tur,
611 2943 802 2987 contra
830 2947 949 2985 eam
1004 2939 1182 2984 tamen
1218 2930 1420 2986 multas
1478 2940 1658 2985 movet
1685 2931 2012 3000 qmestiones

443 3025 860 3090 Tiiicmontius,
915 3023 1008 3092 qui
1060 3022 1114 3076 in
1155 3021 1439 3077 adversam
1497 3024 1611 3077 abit
1662 3024 2008 3078 sententiam.

442 3114 602 3182 Nam,
631 3117 826 3185 inquit,
857 3113 1096 3168 homiiiae
1128 3113 1294 3182 hujus
1329 3115 1610 3168 ctordium
1669 3129 1778 3168 non
1830 3115 2012 3168 cohae-

447 3214 530 3260 ret
556 3218 678 3260 cum
715 3204 1070 3275 sequentibus
1094 3205 1283 3261 verbis
1311 3205 1478 3269 hisce,
1506 3207 1637 3277 φέρε
1662 3201 1728 3274 δὴ
1755 3205 1850 3258 καὶ
1883 3205 2013 3276 περὶ

442 3295 804 3366 ἁναθέματος,
847 3297 937 3350 nhi
969 3311 1130 3350 suum
1158 3296 1225 3350 de
1256 3297 1598 3350 anathemate
1633 3303 2010 3365 argumentum

446 3395 684 3441 tractare
716 3388 905 3457 incipit
960 3385 1424 3455 Chrysostomus:
1465 3399 1635 3456 quare
1692 3385 2010 3442 iutcrmedia

445 3479 617 3532 multa
654 3477 837 3532 desint
876 3486 1113 3548 Oportet,
1146 3477 1371 3547 quando
1407 3461 1835 3544 maximelongc
1887 3476 2012 3531 hrc-

446 3573 568 3625 vior
604 3569 824 3624 homilia
872 3579 956 3624 cst
1001 3584 1165 3640 quam
1199 3571 1413 3625 soleant
1458 3569 1835 3640 Chrysostorni
1869 3585 2006 3624 esse.

445 3664 631 3733 Neque
687 3676 816 3716 vero
864 3661 954 3716 hic
1006 3663 1235 3733 gradum
1275 3661 1442 3725 sistit,
1483 3661 1579 3716 sed
1642 3667 1795 3731 putat
1837 3669 2007 3714 totum

442 3755 729 3810 exordium
780 3753 1001 3808 aliunde
1063 3753 1346 3808 adrectum
1398 3763 1452 3807 et
1497 3763 1745 3806 assututn
1803 3750 2007 3807 fuisse:

443 3861 567 3916 qua:
622 3854 799 3899 autem
857 3846 923 3899 de
977 3843 1325 3898 anathemate
1383 3841 1828 3913 subjunguntur,
1889 3854 2012 3911 post

445 3947 672 3994 mortem
693 3937 905 3994 Paulini
936 3937 1281 4001 Autiocheni,
1311 3951 1435 4007 qua:
1469 3952 1613 3990 anno
1645 3937 1748 3992 588
1788 3936 2008 3998 accidit,

440 4030 586 4087 edita
620 4032 790 4087 fuisse
820 4034 999 4099 arguit
1028 4045 1095 4086 ex
1119 4031 1492 4102 Chrysostomi
1524 4030 1726 4092 verbis,
1771 4043 1892 4098 qua:
1931 4029 2010 4083 sic

443 4125 559 4194 ipse
586 4128 787 4180 refert:
829 4125 1017 4178 Patres
1067 4126 1386 4177 damnarunt
1430 4139 1548 4176 eum
1573 4139 1722 4192 quem
1749 4137 1841 4191 ego
1875 4139 2007 4174 atta-

445 4217 750 4281 thematizo,
801 4217 1126 4284 maximeque
1182 4214 1469 4267 Paulinum
1517 4213 1630 4281 ejus
1669 4213 2003 4280 magistrum.

443 4311 543 4367 Hic
575 4310 858 4380 populares
888 4307 1250 4362 Antiochenos
1272 4305 2010 4375 loquentesinducitChryso-

442 4416 674 4468 stomus,
692 4417 788 4457 eus
801 4403 1008 4456 scilicet
1025 4401 1116 4469 qui
1135 4416 1248 4453 sua:
1271 4397 1670 4452 communionis
1690 4405 1864 4459 erant,
1878 4412 2008 4465 quo-

442 4511 561 4549 rutn
579 4495 762 4560 verba,
789 4493 963 4563 inquit
981 4488 1661 4554 Tiiiemontius,i’aulinum
1677 4488 1789 4558 jam
1808 4488 2006 4542 defun-

442 4597 590 4641 ctum
618 4585 789 4640 fuisse
830 4581 1551 4653 arguunt;quandoquidcm
1567 4597 1673 4634 non
1695 4590 1801 4635 tam
1822 4580 2005 4634 Pauli-

445 4695 575 4734 num
615 4693 775 4747 quam
800 4677 919 4750 ejus
951 4676 1245 4744 discipulos
1268 4676 1524 4744 impetere
1553 4675 1842 4729 videntur:
1873 4685 1927 4728 at
1957 4675 2002 4729 si

440 4773 703 4828 Paulinus
716 4771 959 4834 vixisset,
976 4770 1029 4823 in
1047 4785 1169 4822 eum
1196 4768 1452 4832 maxime,
1472 4781 1529 4823 ut
1544 4775 1819 4821 auctorem
1853 4767 2000 4827 mali.

438 4863 730 4919 anathema
761 4861 1141 4934 proferendum
1159 4858 1462 4915 videbatur.
1484 4859 1608 4914 i-iazc
1641 4859 1750 4923 ille,
1786 4871 1909 4928 quae
1936 4873 2004 4912 ne

445 4955 735 5010 minimum
765 4952 988 5023 quidem
1019 4966 1121 5006 nos
1150 4966 1180 5004 a
1203 4949 1385 5020 priore
1407 4944 1675 5004 sententia
1701 4948 1998 5008 dimovent,

438 5063 607 5120 quam
664 5047 795 5101 item
845 5045 1168 5100 sententiam
1227 5041 1399 5098 secuti
1452 5047 1582 5097 sunt
1633 5038 1902 5093 Baronius
1949 5043 2004 5092 et

441 5140 810 5196 iiermantius.
847 5137 1004 5204 Quod
1026 5136 1170 5191 enim
1203 5137 1299 5200 ait,
1327 5135 1612 5189 exordium
1648 5131 1868 5186 aliunde
1901 5130 1998 5184 ad-

439 5241 688 5295 vectum,
743 5242 992 5284 mancam
1049 5225 1353 5290 homiliam,
1407 5237 1638 5291 eamque
1691 5220 1995 5274 breviorem

440 5338 564 5378 esse
594 5335 760 5390 quam
815 5320 1028 5374 soleant
1064 5314 1439 5387 Chrysostomi
1479 5313 1813 5368 conciones:
1860 5310 1998 5373 inec,

441 5413 690 5481 inquam.
719 5409 905 5464 omnia
947 5409 1116 5480 gratis
1174 5407 1449 5461 dicuntur.
1508 5401 1788 5473 Siquidem
1843 5415 2000 5456 exor-

440 5501 592 5555 dium
617 5500 844 5553 omnino
870 5499 1107 5554 cohzeret
1129 5511 1252 5551 cum
1289 5495 1378 5557 iis,
1412 5507 1534 5561 qua:
1561 5492 1626 5547 de
1656 5491 2001 5546 anathemate

443 5591 890 5661 subjunguntur:
945 5588 1194 5644 ordiendi
1241 5586 1438 5640 modus
1486 5583 1883 5654 Chrysostomo
1917 5589 2000 5636 est

441 5679 739 5739 admodum
767 5677 1074 5733 familiaris.
1109 5677 1249 5743 Quid
1274 5676 1420 5730 enim
1450 5674 1814 5745 frequentius,
1837 5686 1998 5743 quam

451 5784 708 5832 sanctum
745 5773 1026 5830 doctorem
1078 5770 1260 5827 videre
1291 5770 1370 5826 sic
1403 5769 1698 5824 conciones
1751 5781 1882 5824 suas
1917 5766 2000 5820 in-

2126 1550 2462 1618 ciplentcm?
2498 1549 2679 1619 Nuper
2713 1550 2857 1605 vobis
2911 1551 2976 1604 de
3011 1547 3587 1622 incomprehensibilis
3633 1567 3708 1602 re.

2122 1643 2356 1711 gnitione
2387 1641 2481 1697 Dei
2512 1643 2792 1708 disserens,
2850 1645 3018 1698 multa
3075 1645 3230 1698 verba
3294 1645 3430 1713 feci,
3474 1659 3546 1697 ac
3611 1656 3704 1696 tura

2118 1731 2514 1801 Scripturarum
2555 1735 2780 1802 t-ocibns,
2829 1745 2939 1788 tum
2995 1737 3344 1790 naturalibus
3405 1738 3704 1790 ratiociniis

2114 1823 2504 1888 demonstravi,
2563 1829 2725 1881 etiam
2784 1829 2910 1896 ipsis
2972 1825 3329 1883 inuisibilibus
3415 1831 3701 1885 virtutibus

2115 1919 2432 1972 inaccessam
2457 1933 2671 1988 prorsus
2698 1933 2807 1973 esse
2830 1918 3076 1975 Numinis
3107 1925 3698 1985 comprehensionem...

2113 2010 2221 2080 Age
2261 2025 2397 2064 nunc
2433 2021 2707 2081 postquam
2748 2013 2812 2064 tle
2859 2014 3190 2068 anathemate
3231 2017 3386 2070 vobis
3444 2030 3699 2086 quantum

2113 2103 2347 2155 eouoeuit
2378 2103 2805 2169 disseruerimus,
2835 2105 3035 2175 vimque
3058 2107 3183 2160 mali
3219 2108 3415 2175 huius,
3447 2108 3598 2178 quod
3617 2127 3698 2178 p'o

2115 2194 2283 2247 nihilo
2320 2203 2612 2261 reputatur,
2646 2195 3042 2255 ostenderimus.
3077 2198 3198 2251 hinc
3227 2199 3376 2267 freni
3416 2199 3698 2268 impatien-

2115 2285 2189 2336 tia
2221 2298 2315 2336 ora
2375 2285 2726 2350 cohibeamus,
2761 2296 2863 2341 etc.
2885 2285 2975 2342 Sic
3010 2285 3224 2356 pr'el'ari
3269 2292 3424 2345 solet
3449 2291 3694 2363 Chryso-

2115 2385 2354 2429 Stomus.
2393 2375 2493 2430 ilic
2527 2377 2674 2430 nulla
2706 2377 2906 2438 hiatus,
2952 2378 3160 2433 lat-unae
3193 2381 3528 2450 ettjuSpiam
3563 2385 3695 2439 nulla

2115 2465 2360 2537 suspicio
2408 2468 2592 2523 haberi
2645 2478 2845 2540 potest.
2881 2465 2991 2526 Nec
3037 2471 3155 2542 plus
3206 2475 3454 2531 subsidii
3509 2478 3694 2533 referet

2091 2558 2490 2615 ‘Tillmuontius
2527 2577 2592 2616 ex
2648 2560 2882 2618 humilia:
2915 2564 3177 2620 brevitate
3207 2609 3223 2631 ,
3260 2583 3423 2630 nam,
3470 2581 3538 2624 ut
3580 2586 3694 2625 sunt

2117 2652 2301 2704 multa:
2329 2651 2704 2723 Chrysostomi
2735 2655 3030 2709 conciones
3059 2656 3160 2711 hac
3207 2659 3583 2728 prolixiores,
3630 2662 3691 2717 ita

2117 2745 2406 2813 plusquam
2439 2743 2626 2815 viginti
2682 2759 2977 2815 possumus
3024 2751 3122 2805 hac
3180 2751 3348 2820 longe
3411 2750 3690 2810 breviores

2116 2837 2382 2905 proferre,
2417 2837 2468 2889 in
2497 2851 2636 2906 quas
2658 2849 2836 2891 tamen
2864 2841 3008 2893 nulla
3044 2840 3120 2894 vel
3153 2842 3372 2903 νοθεῐας
3398 2845 3488 2900 rei
3523 2846 3690 2902 hiatus

2115 2930 2359 2999 suspicio
2383 2929 2582 2985 cadat:
2617 2941 2806 3002 estque
2849 2931 2962 2987 hzcc
2990 2932 3207 2989 aliunde
3243 2937 3400 3001 talis,
3434 2949 3503 2993 ut
3541 2957 3691 3010 argu-

2114 3031 2294 3074 mento
2322 3022 2458 3074 nihil
2481 3021 2714 3081 deilciat.
2744 3025 2926 3093 sitque
2956 3025 3210 3080 omnibus
3240 3029 3360 3084 suis
3400 3039 3460 3084 et
3498 3049 3685 3087 nume-

2115 3110 2191 3167 ris
2220 3123 2274 3166 ct
2317 3114 2562 3182 partibus
2588 3107 2860 3170 absoluta.
2894 3112 3069 3172 Locus
3121 3131 3302 3174 autent
3357 3121 3481 3187 ille,
3534 3141 3686 3196 que

2113 3206 2269 3272 quasi
2301 3219 2366 3259 ex
2421 3206 2521 3260 hac
2561 3205 2784 3259 humilia
2822 3219 3137 3277 execrptum
3174 3211 3334 3267 aii‘ert
3384 3207 3688 3270 Tillemon-

2113 3297 2258 3357 tius,
2301 3303 2361 3349 ut
2408 3296 2599 3365 probet
2653 3289 2938 3349 Paulinum
2979 3297 3089 3365 jam
3144 3298 3352 3354 ohiisse
3403 3318 3540 3356 cum
3585 3305 3684 3356 iure

2113 3388 2540 3459 Chrysostomus
2572 3389 3010 3454 coneionareitit‘,
3042 3407 3256 3460 nempe,
3303 3389 3512 3447 Patres
3541 3396 3686 3447 dam-

2115 3491 2364 3534 naverunt
2421 3494 2540 3534 eum
2591 3493 2741 3550 quem
2769 3499 2861 3550 ego
2903 3481 3314 3550 anathematizo,
3354 3487 3685 3554 tttaximequ

2113 3571 2402 3626 Paulinum
2459 3571 2572 3640 ejus
2611 3571 2960 3641 magistrum;
3017 3573 3192 3635 locus,
3253 3570 3528 3643 inquam,
3584 3575 3681 3637 ille,

2111 3663 2325 3719 etiamsi
2350 3661 2726 3734 Chrysostonti
2753 3673 2916 3726 esset,
2964 3677 3069 3718 non
3124 3666 3279 3720 video
3311 3686 3420 3733 qua
3471 3672 3683 3725 ratione

2111 3754 2366 3824 probaret
2391 3753 2503 3822 jatn
2530 3753 2844 3807 defunctum
2875 3753 3042 3808 fuisse
3072 3750 3394 3818 Paulinum,
3430 3774 3538 3812 nec
3564 3773 3680 3827 puto

2111 3844 2418 3915 quempiam
2449 3843 2563 3897 fore
2593 3853 2700 3896 tam
2733 3839 3005 3912 Lyucenm
3034 3852 3092 3898 ut
3123 3843 3210 3900 hic
3229 3843 3450 3902 Paulini
3475 3849 3678 3903 obitum

2111 3938 2418 4008 perspiciat.
2449 3932 2646 3989 Verum
2674 3935 2836 4005 longe
2862 3936 3020 3989 aliter
3048 3950 3106 3991 se
3138 3937 3301 3992 habet
3328 3937 3479 4009 apud
3517 3942 3682 4014 Chry-

2111 4038 2413 4083 sostomnm
2450 4025 2538 4082 ille
2564 4029 2738 4094 locus,
2773 4038 2833 4082 ut
2863 4041 2986 4083 mox
3042 4025 3173 4099 ipsis
3219 4031 3406 4087 Verbis
3469 4035 3528 4088 in
3579 4053 3674 4088 me-

2109 4120 2258 4173 dium
2290 4118 2538 4173 adductis
2569 4118 2742 4186 palam
2772 4118 2894 4171 erit.

2184 4206 2255 4264 Ut
2283 4216 2461 4265 autem
2495 4209 2686 4277 quoin
2718 4215 2862 4260 statu
2900 4215 3029 4261 tunc
3080 4222 3222 4263 esset
3278 4207 3529 4265 Ecclesia
3577 4211 3675 4264 Au-

2111 4301 2360 4355 tiochena
2422 4296 2771 4371 intelligatur.
2827 4301 2969 4368 quod
3026 4313 3155 4354 sane
3212 4300 3280 4353 ad
3341 4293 3672 4373 prapOsitam

2109 4392 2462 4460 quaestionem
2515 4387 2827 4444 solvendam
2870 4387 3098 4443 multum
3146 4389 3401 4459 Confert,
3474 4410 3561 4449 res
3601 4407 3672 4449 est

2110 4484 2270 4538 altius
2293 4484 2598 4552 repetenda.
2623 4480 2938 4538 Eustathius
2959 4479 3247 4554 episcopus
3278 4484 3672 4550 Antiocheuus,

2112 4574 2198 4626 vir
2234 4583 2453 4628 sanctus
2484 4584 2538 4628 et
2568 4573 2904 4634 Catholicns.
2938 4575 3164 4644 ideoque
3193 4575 3415 4632 Ariauis
3450 4579 3666 4639 invisus.

2111 4663 2350 4734 ipsorum
2391 4678 2550 4735 opera
2585 4677 2637 4720 et
2669 4665 2958 4720 calumniis
2989 4666 3271 4735 depositus
3311 4667 3366 4720 in
3394 4671 3666 4722 exsilium—

2109 4771 2216 4824 que
2245 4764 2400 4811 actus
2432 4755 2607 4810 fuerat
2644 4771 2787 4810 anno
2815 4757 3032 4811 circiter
3065 4753 3203 4823 350,
3247 4760 3300 4811 in
3333 4759 3567 4829 ejusque
3597 4762 3668 4813 lo-

2111 4859 2235 4900 cum
2269 4845 2597 4901 substitutus
2629 4853 2712 4901 est
2743 4845 2884 4901 alius
2915 4847 3204 4916 episcopus
3233 4846 3507 4911 Ar'ianus,
3529 4852 3666 4904 dein—

2112 4951 2345 5006 cepsque
2411 4938 2724 4992 continuata
2797 4941 3145 4994 successione
3213 4942 3470 5010 ejusdem
3519 4955 3668 4997 secta:

2109 5028 2350 5098 episcopi
2397 5027 2792 5083 Antiochenam
2831 5041 3051 5084 tenuere
3105 5024 3324 5096 sedem,
3380 5031 3664 5087 Catholicis

2108 5121 2321 5174 interitu
2345 5135 2465 5174 cum
2484 5119 2632 5192 [690]
2651 5121 3002 5176 Eustathiano
3017 5121 3161 5177 clero
3177 5125 3406 5178 seorsim
3429 5127 3664 5180 collectas

2111 5213 2414 5282 agentibus,
2459 5216 2633 5268 donec
2691 5215 2876 5268 Ariani
2932 5214 3226 5280 Meletium,
3261 5232 3429 5286 quem
3487 5218 3659 5271 haeresi

2108 5320 2224 5359 suae
2247 5305 2518 5360 addictum
2565 5306 2847 5375 putabant,
2881 5309 2932 5360 in
2983 5306 3300 5376 episcopum
3332 5309 3657 5378 adlegean

2105 5395 2176 5450 At
2225 5395 2314 5450 ubi
2350 5406 2537 5466 postea
2593 5396 2987 5467 comperissent
3043 5398 3194 5452 illum
3254 5399 3542 5455 catholicae
3593 5401 3657 5454 rei

2107 5487 2378 5542 vindicem
2404 5487 2729 5558 Arianisque
2760 5489 3015 5543 infestum
3042 5504 3183 5555 esse,
3211 5490 3391 5545 virum
3423 5492 3479 5545 in
3530 5492 3658 5547 essi.

2107 5579 2240 5633 lium
2278 5579 2403 5648 pelli
2433 5589 2649 5646 curant,
2680 5582 2732 5634 in
2764 5581 2991 5650 ejusque
3020 5581 3201 5637 locum
3229 5583 3495 5639 Euzoium
3525 5587 3655 5639 Aria-

2106 5687 2236 5726 num
2265 5672 2619 5728 substituunt.
2653 5671 2806 5728 Tunc
2838 5688 2966 5728 vero
2991 5683 3100 5729 tres
3133 5675 3187 5728 in
3240 5686 3421 5745 partes
3467 5677 3654 5732 distra—

2106 5771 2193 5820 aa
2223 5763 2412 5820 civitas
2442 5764 2544 5820 fuit
2587 5784 2599 5818 :
2634 5765 2804 5834 prima
2835 5774 2952 5822 erat
2982 5765 3489 5835 Eustathiauorum,
3548 5769 3651 5823 sive
