3906 6236
133 331 257 385 ass-

132 458 330 499 eorum
366 443 459 512 qui
493 443 550 498 S.
602 443 874 500 Eustathii
909 457 1091 516 partes
1117 451 1290 505 secuti
1319 451 1556 513 fuerant.
1583 461 1708 526 qui-

132 549 242 603 que
301 532 507 590 Meletii
554 539 1020 601 communionem,
1069 543 1213 610 quod
1259 543 1329 596 ab
1385 543 1598 601 Arianis
1655 551 1708 602 in

133 624 462 694 episcopum
493 636 780 696 cooptatus
811 629 1025 693 fuisset,
1061 633 1428 702 respuebant;
1471 639 1708 693 secunda

133 712 574 780 Meletianorum,
612 718 821 772 scilicet
856 719 1285 788 Catholicorum,
1315 727 1409 794 qui
1435 725 1708 783 Meletium

133 817 235 859 etSt
261 807 337 860 ab
361 808 579 862 Arianis
619 810 947 875 ordinatum,
982 824 1166 883 utpote
1212 816 1548 874 Catholicum
1585 837 1712 876 sane

134 884 559 970 ctissinlumque
602 904 804 964 virum,
845 907 1253 974 sequebantur;
1286 911 1442 964 tertia
1484 913 1712 967 Ariano-

135 1004 281 1053 rum,
313 991 410 1056 qui
441 1006 566 1043 cum
598 979 806 1046 Euzoi'o
829 1005 1131 1049 conventus
1155 998 1404 1066 agebant.
1442 999 1712 1057 Hactenus

135 1088 321 1132 tamen
353 1081 570 1133 nonnisi
603 1081 714 1133 duo
736 1083 978 1151 episcopi
1008 1086 1313 1140 Antiochiae
1350 1097 1524 1151 erant,
1556 1089 1710 1142 nimi-

137 1183 261 1221 rum
296 1184 368 1222 ex
401 1180 554 1238 parte
584 1171 991 1226 Catholicorum
1040 1174 1307 1240 Melctius,
1363 1194 1430 1233 ex
1484 1181 1715 1234 Ariano-

141 1274 264 1312 rum
318 1275 455 1314 vero
515 1273 665 1330 parte
699 1262 975 1320 Euzoius:
1017 1283 1139 1320 natn
1199 1269 1533 1323 Eustathiani
1588 1287 1710 1325 cum

138 1348 372 1403 Paulino
437 1353 751 1420 presbytero
828 1355 1054 1408 seorsim
1129 1357 1384 1412 collectas
1459 1361 1709 1429 agebant.

137 1439 512 1506 Quamobrem
563 1444 898 1498 Athanasius
941 1446 992 1498 iu
1051 1449 1259 1518 synodo
1311 1450 1711 1514 Alexat'nlrina,

137 1547 284 1584 anno
314 1533 446 1596 562,
500 1533 629 1587 tolis
687 1535 893 1588 viribus
935 1537 1208 1591 nitebatur
1254 1548 1315 1591 ut
1369 1541 1712 1594 Eustathiani

141 1621 452 1679 Melctianis
524 1625 990 1693 adjungerentur,
1066 1644 1366 1699 omnesque
1451 1632 1714 1686 Catholici

141 1731 311 1769 unum
387 1714 660 1768 Meletium
697 1717 1010 1784 episcopum
1051 1729 1424 1787 agnoscerent,
1461 1723 1525 1774 ad
1561 1739 1712 1775 eaut-

139 1824 243 1878 que
269 1823 386 1861 rem
429 1807 632 1877 legatos
677 1809 818 1864 duos
883 1809 1176 1864 Eusebium
1225 1798 1617 1866 Vercellenscm
1660 1823 1715 1867 et

139 1897 420 1952 Asterium
483 1897 768 1965 episcopos
819 1912 848 1950 a
919 1899 1128 1968 synodo
1184 1900 1523 1955 Antiochiam
1576 1904 1713 1957 m'tti

139 1989 373 2042 curavit.
415 1987 617 2043 Verum
672 1991 888 2044 interim
927 1991 1054 2045 dum
1104 1993 1265 2062 legati
1315 1994 1416 2048 iter
1451 2007 1712 2062 agerent,

141 2079 361 2135 Lucifer
406 2080 751 2135 Calaritanus
784 2082 931 2150 pium
988 2082 1268 2136 Athanasii
1300 2084 1712 2138 Alexandrina:-

139 2189 244 2243 que
288 2176 484 2244 synodi
519 2174 803 2228 consilium
848 2174 1245 2238 interturbavit,
1290 2178 1380 2244 qui
1427 2175 1710 2230 Paulinum

140 2263 194 2317 in
220 2265 541 2334 episcopum
583 2265 783 2333 adlegit
812 2283 825 2319 :
857 2266 928 2318 ita
971 2274 1028 2318 ut
1065 2276 1174 2320 tres
1196 2267 1307 2335 jam
1335 2268 1572 2337 episcopi
1603 2271 1716 2322 An-

141 2355 360 2408 tiochia:
385 2367 590 2418 essent,
632 2351 742 2409 dno
787 2357 1074 2416 Catholici,
1141 2373 1283 2412 unus
1339 2361 1594 2414 Ariauus.
1637 2362 1710 2414 Ex

146 2445 247 2499 hoc
279 2456 465 2500 autem
498 2447 902 2500 Catholicorum
931 2448 1182 2514 dissidio,
1219 2451 1364 2518 quod
1395 2451 1554 2505 anuis
1579 2452 1716 2506 bene

141 2539 328 2592 multis
358 2540 618 2608 perstitit,
662 2540 960 2594 innumera:
983 2541 1113 2594 rixae
1145 2543 1380 2596 subortu:
1409 2553 1558 2606 sunt,
1585 2558 1716 2597 cou-

143 2630 404 2692 tumeliae,
433 2630 679 2695 dicteria,
714 2631 1020 2692 maledicta,
1062 2634 1261 2701 quibus
1309 2650 1366 2687 se
1404 2644 1594 2689 mutuo
1629 2635 1714 2689 di-

140 2722 314 2775 versis
341 2722 546 2776 addicti
583 2724 825 2791 partihus
859 2723 1191 2778 lacerabant.
1274 2723 1531 2780 Paulinus
1585 2741 1715 2780 vero

142 2811 195 2865 in
243 2813 561 2882 episcopum
613 2814 856 2867 adlectus
899 2815 1282 2869 Alexandrina:
1335 2819 1540 2887 synodo
1583 2819 1712 2871 sub-

142 2905 385 2973 scripsit,
445 2905 497 2958 in
539 2921 642 2976 qua
695 2904 1067 2976 Apollinarius
1113 2906 1474 2974 Laodicenus,
1520 2910 1612 2978 qui
1647 2925 1712 2963 eo

143 3005 393 3050 oratores
419 3010 553 3051 suos
583 2997 881 3053 monachos
928 2999 1167 3066 miserat,
1221 3010 1279 3054 ut
1321 3001 1709 3069 professionem

143 3087 263 3141 fidei
304 3103 420 3142 sua.
456 3088 508 3141 in
554 3097 700 3142 cuitu
744 3087 961 3143 Patrum
1023 3091 1270 3154 ederent,
1314 3093 1386 3146 ita
1444 3103 1618 3147 tamen
1656 3103 1715 3148 ut

140 3193 356 3235 errores
387 3195 521 3234 suos
551 3181 776 3235 subdole
816 3182 1123 3242 reticerem.
1179 3184 1234 3237 in
1274 3187 1711 3240 counnuuiouem

143 3271 472 3326 admittitur.
521 3271 782 3327 Paulinus
821 3283 1023 3338 autem,
1073 3289 1219 3328 anno
1252 3275 1358 3330 562
1408 3279 1710 3343 ordinatus,

143 3375 285 3414 anno
316 3361 425 3416 588
461 3362 544 3416 vel
577 3363 682 3417 389
708 3364 872 3416 linem
897 3365 1112 3419 vivendi
1139 3364 1286 3421 fecit.

211 3465 340 3521 Haec
368 3468 743 3538 praemittenda
777 3478 955 3534 erant,
1007 3481 1064 3526 ut
1116 3471 1268 3527 iocus
1301 3470 1672 3542 Chrysostomi
1695 3518 1711 3540 ,

144 3557 208 3612 de
234 3575 346 3629 quo
375 3575 521 3613 nunc
546 3561 745 3630 agitur,
789 3561 1017 3632 intelligi
1067 3566 1259 3631 possit.
1294 3563 1470 3620 Verba
1531 3576 1712 3620 autem

143 3651 282 3720 ejus,
313 3651 382 3704 ab
416 3651 482 3705 iis
506 3667 626 3721 qua:
650 3649 1029 3708 Tillemontius
1060 3654 1243 3710 retulit
1279 3655 1436 3724 longe
1479 3658 1712 3719 diversa.

145 3744 224 3798 sic
259 3744 501 3797 habent:
547 3744 706 3796 Ἀλλὰ
735 3745 788 3797 τί
820 3744 1070 3812 λέγουσιν
1108 3749 1157 3800 οἱ
1206 3750 1382 3803 πάντα
1429 3751 1591 3805 δεινοὶ
1620 3751 1717 3823 τὴν

145 3836 372 3899 κακίαν;
412 3837 714 3907 Αἰρετικὸς.
741 3839 923 3906 φησὶν,
947 3840 1152 3903 ἐκεῖνος
1180 3841 1488 3912 γεγένηται,
1512 3843 1716 3897 ἐνοικον

144 3928 235 3979 τὸν
260 3927 508 3980 διάϐολον
534 3927 692 3996 ἔχων,
721 3931 813 3981 καὶ
839 3928 1012 3982 λαλῶν
1036 3933 1176 3989 κατὰ
1194 3932 1287 3984 τοῦ
1319 3932 1454 3986 Θεοῦ
1479 3935 1716 4000 ἀδικίαν,

147 4020 240 4071 καὶ
264 4019 500 4083 πολλοὺς
528 4019 616 4072 διὰ
650 4018 1028 4088 πιθανολογίας
1074 4024 1169 4076 καὶ
1197 4023 1360 4093 κενῆς
1397 4025 1612 4097 ἀπάτης
1640 4028 1718 4090 εἰς

149 4111 306 4181 βυθὸν
332 4111 606 4176 ἀπωλείας
635 4113 889 4182 ἀπάγων
924 4116 1019 4167 καὶ
1047 4115 1133 4170 διὰ
1161 4116 1317 4168 τοῦτο
1345 4117 1447 4170 ὑπὸ
1479 4119 1588 4171 τῶν
1615 4135 1719 4172 πα-

146 4202 321 4272 τέρων
351 4201 702 4272 ἐκϐέϐληται,
730 4205 967 4274 μάλιστα
985 4206 1016 4258 ὁ
1051 4206 1240 4262 τούτου
1265 4208 1580 4275 διδάσκαλος
1603 4214 1719 4282 μοῖ-

138 4303 250 4358 ’ραν
309 4290 412 4361 τῆς
475 4291 798 4362 Ἐκκλησίας
845 4294 1168 4363 ἀποτεμὼν,
1224 4297 1257 4366 ἢ
1302 4296 1389 4350 διὰ
1421 4299 1720 4353 Παυλιανδν

152 4383 301 4450 (lege
323 4381 624 4451 Παυλῖνον)
654 4382 686 4453 ἢ
727 4384 1130 4457 Ἀπολλινάριον
1158 4386 1426 4455 λέγοντες.
1459 4388 1498 4445 1.
1529 4407 1580 4444 e.
1607 4389 1710 4446 Sed

149 4472 276 4540 quid
301 4473 487 4525 dicunt
525 4472 606 4524 illi
635 4473 704 4524 ad
751 4489 956 4527 onmem
992 4475 1254 4530 malitiam
1294 4479 1516 4534 audaces
1545 4482 1569 4534 τ’
1596 4485 1721 4537 Hre-

152 4565 370 4628 reticus,
411 4566 585 4626 aiunt,
630 4565 722 4618 ille
755 4567 931 4635 factus
983 4576 1083 4632 est,
1136 4570 1522 4627 inhabitantem
1569 4574 1721 4628 habet

151 4657 448 4724 diabolum,
483 4668 532 4710 et
560 4657 795 4729 loquitur
823 4671 1007 4714 contra
1040 4661 1203 4716 Deum
1237 4667 1546 4735 nequitiam,
1585 4667 1723 4720 mul-

156 4757 338 4818 tosque
365 4749 589 4802 suadela
616 4765 850 4818 vanaque
875 4750 1096 4817 fallacia
1131 4757 1184 4807 in
1214 4757 1534 4825 profundunt
1575 4757 1725 4811 exitii

153 4841 413 4893 abducit:
462 4841 737 4910 ideoquea
797 4843 1052 4898 Panibus
1093 4848 1286 4915 ejectus
1338 4857 1436 4907 est.
1498 4849 1724 4903 maxime

153 4930 313 4998 hujus
349 4932 623 5001 magister,
669 4934 758 5003 qui
788 4944 994 5002 partem
1030 4933 1282 4990 Ecclesia:
1329 4937 1557 4990 abscidit
1583 4955 1601 4991 :
1649 4940 1725 4992 sic

154 5032 244 5074 aut
301 5021 591 5078 Paulinum
645 5035 738 5077 aut
787 5024 1168 5092 Apollinarith
1209 5025 1506 5095 designant.
1573 5027 1720 5090 l-ltec,

156 5122 216 5165 ιιι
279 5113 458 5183 primo
512 5115 694 5169 statim
735 5111 954 5184 aspectu
986 5131 1104 5170 sese
1143 5115 1394 5182 offerunt,
1436 5117 1720 5173 Paulinum

154 5204 426 5258 viventem
455 5203 850 5272 docentemque
883 5203 1144 5266 indicant,
1191 5204 1386 5257 nedum
1445 5215 1718 5260 mortuum

155 5304 466 5362 supponant
493 5314 507 5349 :
543 5311 667 5349 nam
701 5295 792 5350 ille
822 5295 914 5364 qui
941 5295 1180 5364 loquitur
1207 5305 1394 5351 contra
1435 5295 1602 5351 Deum
1631 5313 1726 5352 ne-

157 5385 402 5454 quitiam'
445 5395 498 5440 et
551 5387 752 5440 multos
792 5386 1030 5449 abducit,
1057 5397 1159 5449 est,
1212 5396 1273 5441 ut
1317 5388 1546 5453 videtur,
1583 5387 1727 5442 Pau-

156 5476 343 5544 linus;
410 5495 588 5549 neque
619 5479 765 5534 enim
819 5480 934 5533 hare
988 5479 1041 5533 in
1076 5480 1240 5534 alium
1289 5479 1523 5534 conferri
1563 5496 1722 5550 posse

156 5580 434 5639 putamus.
467 5569 599 5644 Ejus
630 5586 766 5626 vero
804 5571 1079 5643 magister,
1118 5573 1208 5646 qui
1255 5588 1284 5627 a
1317 5571 1567 5628 Patribus
1608 5572 1718 5644 ejco

1217 331 1303 390 DE
1336 335 1832 396 ANATIIEHATE.
1864 369 1932 381 -
1964 339 2298 401 MONITUM.

3252 350 3377 405 944'

1819 468 1940 512 ctus
1998 469 2143 523 erat,
2178 469 2262 513 est
2320 458 2689 528 Apollinarius
2745 460 2985 514 secundo
3025 473 3375 528 memoratus,

1811 552 1926 620 qui,
1965 562 2250 620 postquam
2305 551 2356 605 in
2413 552 2622 622 synodo
2675 553 2740 606 ad
2797 554 3234 607 communionem
3276 559 3375 607 ad-

1813 643 2016 696 missus
2059 641 2276 706 fuerat,
2325 642 2702 697 subscribente
2741 643 3002 708 Paulino,
3055 645 3247 699 deinde
3305 646 3375 699 ab

1816 733 2114 788 Athanasio
2171 734 2401 803 aliisque
2455 733 2746 800 Patribus,
2786 741 2908 789 cum
2947 736 3065 804 ejus
3126 738 3371 791 lueresim

1814 826 2224 895 comperissent,
2261 825 2463 894 ejectus
2499 824 2620 879 fuit.
2651 825 2794 879 Sane
2850 826 2962 880 [HBG
3011 827 3374 880 multitudinis

1815 916 1959 970 dicta
1991 917 2129 971 duos
2158 926 2364 970 tantum
2397 918 2662 986 impetunt
2689 916 2857 978 viros.
2890 932 3080 985 nempe
3117 927 3174 970 ut
3203 919 3376 986 explio

1815 1017 1903 1060 cat
1926 1006 2374 1078 Chrysostomus,
2409 1007 2692 1060 Paulinum
2717 1017 2770 1061 et
2798 1008 3208 1075 Apollinarium.
3239 1009 3371 1062 Nam

1814 1099 1860 1153 si
1899 1109 2018 1166 post
2051 1100 2365 1152 defunctum
2407 1098 2692 1152 Paulinum
2729 1116 2756 1150 ιι
2807 1100 3153 1167 popularibus
3211 1102 3373 1154 verba

1817 1191 2129 1258 lmjusmodi
2157 1192 2364 1260 prolata
2400 1204 2600 1252 essent.
2651 1191 2937 1259 Evagrium
2991 1192 3110 1258 ejus
3157 1207 3374 1246 succes—

1815 1297 1990 1334 sorem
2024 1283 2163 1335 haud
2209 1284 2368 1337 dubie
2421 1286 2762 1352 impetercnt,
2800 1282 2957 1352 cujus
2997 1293 3175 1336 tamen
3227 1285 3372 1337 nulla

1818 1370 1904 1423 hic
1945 1373 2165 1426 mentio.
2217 1372 2409 1426 Nolam
2461 1374 2633 1443 igitur
2676 1373 2956 1440 temporis,
3009 1388 3171 1441 quam
3220 1372 3375 1425 initio

1815 1462 2245 1531 Cbrysostomus
2291 1465 2436 1516 clare
2479 1465 2682 1532 posuit,
2736 1465 2837 1518 hoc
2891 1464 3010 1517 loco
3065 1464 3373 1520 nullatenus

1821 1551 2135 1606 labefactari
2179 1555 2362 1620 palam“
2389 1563 2488 1607 est.
2545 1551 2724 1618 Quare
2765 1553 2817 1605 in
2852 1553 2940 1610 iis.
2972 1569 3094 1622 quae
3138 1554 3204 1604 de
3235 1562 3374 1606 tem-

1820 1658 1950 1711 pore
1989 1644 2155 1712 hujus
2191 1645 2425 1697 humili-.13
2466 1659 2628 1712 supra
2676 1644 2936 1707 diximus,
2980 1645 3202 1697 omnino
3231 1654 3377 1698 stan-

1818 1734 1946 1787 dum
1990 1747 2264 1803 putamus.
2293 1735 2558 1788 leerum
2616 1735 2768 1788 locus
2797 1734 2904 1800 ille,
2943 1750 3100 1802 quem
3149 1734 3372 1803 jatnjam

1820 1825 2124 1887 retulimus.
2151 1835 2334 1894 utpote
2367 1825 2456 1894 qui
2484 1824 2772 1879 incondita:
2799 1825 3144 1894 profamcquc
3188 1829 3372 1880 multi-

1818 1916 2023 1968 tudinis
2063 1917 2368 1968 convicium
2415 1925 2621 1968 tautum
2662 1916 2874 1975 referat,
2933 1931 3037 1967 non
3064 1926 3145 1969 est
3198 1918 3271 1971 ita
3307 1920 3372 1972 ad

1818 2007 2059 2059 litteram
2110 2008 2478 2076 arcipirmlus,
2510 2018 2564 2059 ut
2610 2009 2943 2075 singulorum
2979 2007 3246 2061 dictorum
3289 2027 3376 2063 ra—

1817 2098 2019 2151 tionem
2057 2114 2295 2165 quaerere
2333 2113 2470 2164 opus
2509 2099 2599 2151 sit.
3323 2098 3328 2103 ’

1889 2189 2158 2249 11ειιτιδὶιιδ.
2186 2198 2245 2244 ιιι
2275 2191 2325 2244 in
2354 2191 2645 2244 Savilianis
2669 2187 2821 2242 Notis
2848 2189 2986 2244 infra
3015 2191 3193 2244 videre
3227 2191 3372 2257 licet,

1816 2283 2128 2349 suspicatur
2158 2283 2297 2336 banc
2327 2283 2628 2342 homiliam.
2656 2294 2840 2351 utpote
2865 2284 3004 2353 ston
3025 2284 3368 2347 dissimilem,

1817 2374 1898 2424 vel
1933 2373 2305 2444 Chrysosumti
2338 2391 2442 2428 non
2474 2393 2615 2438 esse,
2648 2378 2729 2429 vel
2770 2377 2812 2430 si
2862 2377 3232 2446 (ihrysostomi
3276 2377 3371 2438 sit,

1817 2467 1886 2518 ab
1925 2466 2032 2518 alio
2068 2477 2251 2534 postea
2300 2477 2645 2520 retractatam
2681 2469 2763 2521 vel
2816 2478 3027 2521 auctam
3080 2468 3285 2522 fuisse:
3323 2468 3376 2521 id

1817 2568 1997 2610 autem
2037 2559 2162 2611 hinc
2200 2558 2509 2611 confirmari
2542 2568 2712 2626 putat,
2773 2560 2914 2626 quod
2949 2558 3096 2612 .luris
3148 2557 3365 2611 Graeco-

1818 2643 2048 2697 Romani
2099 2645 2298 2714 parte!
2349 2646 2663 2702 Philotheus
2717 2648 3019 2717 patriarcha
3071 2664 3135 2699 ex
3200 2647 3379 2701 'l'heo-

1815 2738 1952 2790 doro
2005 2737 2326 2792 Bulsamonc
2372 2755 2534 2794 unam
2569 2739 2860 2796 alter-aliive
2925 2739 3159 2793 bomilite
3209 2740 3372 2806 hujus

1816 2831 2135 2898 particulam
2190 2830 2426 2885 referat:
2482 2832 2570 2884 ubi
2629 2831 2943 2885 continuata
3015 2833 3152 2885 serie
3209 2833 3374 2886 multa

1818 2919 2106 2984 habentur,
2140 2936 2262 2989 quae
2294 2921 2536 2976 auctiora
2570 2920 2924 2990 pluribusque
2962 2920 3158 2974 referta
3199 2922 3378 2976 verbis

1816 3009 2070 3078 leguntur
2095 3011 2148 3064 in
2175 3010 2276 3065 hac
2304 3010 2524 3064 homilia
2547 3026 2560 3071 ;
2599 3011 2741 3064 unde
2766 3012 3018 3080 opinatur
3040 3011 3126 3064 ille
3148 3011 3378 3078 plurima

1815 3102 1869 3156 in
1907 3103 2047 3158 hanc
2083 3103 2361 3157 homiliam
2389 3103 2694 3171 irrepsisse,
2739 3119 2859 3173 qua:
2902 3119 3009 3156 non
3049 3104 3158 3156 sint
3203 3103 3377 3172 Chry-

1815 3190 2062 3243 sostomi.
2100 3189 2254 3255 Quod
2287 3191 2350 3243 ad
2377 3191 2502 3261 styli
2533 3191 2902 3244 diversitatem
2932 3191 3180 3260 pertinet,
3211 3192 3382 3243 lateor

1813 3289 1868 3333 et
1897 3297 1995 3348 ego
2033 3281 2239 3350 aliquot
2282 3297 2402 3335 esse
2431 3283 2570 3345 loca,
2600 3297 2721 3351 qua:
2749 3281 3124 3351 Chrysostomi
3167 3281 3381 3335 dicendi

1814 3386 1990 3439 genius
2022 3387 2128 3426 non
2167 3373 2448 3428 referant:
2490 3373 2648 3442 idque
2685 3373 2783 3426 hac
2811 3373 3040 3426 maxime
3095 3373 3162 3427 de
3215 3389 3380 3426 causa

1816 3464 2086 3519 accidisse
2117 3467 2374 3527 arbitror,
2410 3464 2534 3534 quia
2568 3479 2761 3532 nempe
2798 3465 3082 3534 populares
3113 3481 3240 3518 suos
3272 3466 3382 3533 ple-

1818 3571 2046 3624 rumque
2098 3557 2520 3628 Chrysostomus
2578 3557 2784 3611 inducit
2833 3559 3079 3611 convicia
3141 3570 3195 3612 et
3251 3573 3386 3610 ana-

1817 3651 2054 3703 themata
2093 3650 2145 3703 in
2189 3649 2401 3703 Paulini
2449 3658 2746 3703 sectatores
2780 3651 3078 3718 jactantcs;
3113 3649 3232 3702 ideo
3273 3665 3380 3702 non

1819 3750 2030 3795 tantum
2059 3742 2150 3795 ubi
2186 3742 2277 3795 illa
2325 3743 2512 3804 refert,
2546 3741 2639 3795 sed
2689 3743 2852 3795 etiam
2889 3742 2978 3793 ubi
3019 3741 3203 3793 eadem
3253 3755 3382 3808 pro-

1819 3834 2018 3902 pulsat.
2050 3836 2230 3904 aliqua
2287 3837 2668 3904 peregrinitatc
2727 3835 2926 3904 stylum
2990 3849 3146 3886 suum
3191 3834 3379 3886 inficit.

1819 3925 1900 3977 Ad
1931 3925 2042 3979 haec
2070 3940 2220 3985 vero,
2258 3933 2317 3978 ut
2346 3941 2453 3978 non
2490 3925 2656 3978 semel
2702 3924 2828 3977 alibi
2859 3923 3234 3986 observamus,
3271 3937 3380 3974 non

1823 4031 1990 4083 pauca
2025 4025 2152 4069 sunt
2177 4014 2557 4085 Chrysostomi
2599 4014 2881 4082 opuscula,
2914 4013 3031 4065 sine
3059 4011 3225 4066 dubio
3253 4012 3386 4082 γνή-

1823 4123 1932 4170 σια,
1971 4108 2060 4160 ubi
2094 4124 2122 4161 a
2146 4107 2307 4161 solito
2329 4107 2469 4176 stylo
2496 4117 2548 4159 et
2577 4105 2764 4158 oramli
2811 4118 3004 4173 genere
3045 4118 3154 4156 non
3190 4117 3381 4172 parum

1820 4197 2071 4252 deflectit.
2113 4198 2248 4252 Cum
2287 4207 2468 4252 autem
2503 4194 2748 4252 llalesius
2787 4194 3162 4264 interpolat-am
3209 4193 3388 4248 homi-

1821 4290 1946 4342 liam
1978 4289 2099 4343 ideo
2121 4289 2453 4357 suspicatur,
2482 4287 2624 4357 quod
2653 4285 2963 4340 Philotheus
2991 4284 3238 4354 quaedam
3265 4285 3388 4340 loca

1821 4381 2063 4435 referens
2104 4382 2272 4435 multa
2323 4382 2719 4451 praetermittat,
2767 4376 2920 4450 [091]
2963 4394 3084 4448 qua:
3123 4380 3174 4430 iu
3210 4378 3391 4431 homi—

1821 4472 1892 4525 lia
1935 4473 2229 4541 leguntur,
2285 4473 2647 4543 incogitanter
2699 4485 2830 4525 sane
2879 4470 3159 4540 loquitur;
3217 4484 3281 4523 ac
3337 4469 3392 4523 si

1824 4563 2037 4629 ignoret
2099 4563 2245 4617 hunc
2274 4579 2395 4617 esse
2443 4577 2649 4615 morem
2707 4562 3035 4632 scriptorum
3094 4560 3388 4629 cujuslibet

1822 4657 2017 4711 zetatis.
2053 4666 2111 4707 ut
2164 4655 2210 4708 si
2243 4670 2402 4723 quem
2448 4654 2672 4707 alterius
2703 4654 2880 4708 locum
2929 4663 3221 4722 usurpent,
3289 4667 3388 4722 pro

1830 4745 2000 4799 lubito
2033 4762 2096 4800 ca
2124 4747 2437 4832 cascribant
2465 4761 2586 4814 qua:
2628 4746 2682 4798 in
2731 4760 2842 4799 rem
2883 4760 3036 4800 suam
3079 4744 3388 4798 conducere

1825 4846 2032 4910 putent,
2091 4838 2196 4892 alia
2253 4854 2384 4891 vero
2426 4838 2692 4892 arbitratu
2775 4850 2878 4891 suo
2928 4835 3384 4905 przetermittant:

1829 4930 1972 4998 quod
2006 4931 2277 4983 sexcentis
2307 4944 2593 4998 possemus
2615 4927 2880 4996 exemplis
2901 4926 3244 4990 confirmare,
3281 4925 3389 4980 nisi

1826 5036 1914 5075 res
1955 5037 2050 5089 per
2082 5037 2142 5075 se
2170 5022 2456 5091 perSpicua
2499 5020 3029 5091 omnibusqucrnota
3077 5026 3246 5073 esset.
3284 5016 3390 5072 Ita-

1826 5126 1934 5179 que
1980 5111 2122 5166 banc
2175 5090 2450 5165 humilium
2505 5119 2559 5164 et
2603 5111 2826 5179 dignam
2875 5090 3288 5180 Cltrysostomo,
3337 5121 3393 5164 et

1831 5202 2122 5273 genuinam
2149 5217 2271 5257 esse
2299 5204 2553 5271 putamus
2581 5219 2594 5255 :
2631 5216 2695 5254 ac
2724 5215 2849 5255 cum
2883 5200 3111 5258 eruditis
3134 5200 3394 5258 omnibus

1828 5295 1962 5349 viris
2001 5292 2199 5348 Halesii
2239 5292 2526 5362 scrupulos
2555 5290 2852 5354 ἀκινδύνως
2884 5289 3180 5359 rejicimus.

1900 5383 2404 5454 lnterpretationem
2439 5383 2630 5438 incerti
2669 5382 2955 5451 cujusdam
2996 5381 3122 5446 viri,
3177 5397 3300 5450 qua:
3336 5383 3394 5437 in

1831 5477 1982 5548 prius
2033 5475 2208 5531 Editis
2254 5475 2562 5545 legebatur,
2595 5483 2780 5545 utpote
2832 5476 3014 5531 minus
3059 5485 3394 5540 accuratam,

1831 5572 2141 5642 rejecimus,
2183 5584 2490 5640 novamque
2518 5569 2853 5640 paravimus.
