3790 6250
0 359 124 420 M5

1592 2163 1698 2222 DE

700 2610 991 2728 NON

1338 360 1427 417 DE
1462 359 1957 418 ANATHEMA’I'E.

3171 367 3276 428 946
3335 458 3340 462 ⁷

1120 2610 2592 2731 ANATHEMATIZANDIS

1155 3120 1364 3183 vms
1415 3123 1569 3184 vra.
1620 3124 2046 3204 DEFUNCTJS
2085 3125 2123 3191 ί.

79 4042 132 4117 1.ν
170 4062 357 4129 Nuper
395 4057 547 4112 vobis
584 4055 652 4112 de
694 4051 1247 4124 incomprehensibilis
1287 4053 1590 4121 cognitione

9 4155 95 4210 Dei
125 4155 423 4216 disserens,
451 4149 614 4204 multa
639 4147 800 4203 verba
829 4145 948 4207 feci,
975 4159 1038 4198 ac
1061 4153 1166 4197 tum
1193 4143 1586 4214 Scripturarnm

6 4250 228 4303 vocibus
256 4287 272 4309 ,
320 4255 429 4298 tum
477 4241 809 4297 naturalibus
865 4237 1155 4292 ratiociniis
1204 4236 1583 4299 demonstravi,

5 4343 159 4394 etiam
189 4339 324 4407 ipsis
351 4335 699 4390 invisibilibns
717 4330 1000 4385 virtutibus
1023 4331 1344 4382 inaccessam
1369 4342 1585 4397 prorsus

6 4448 120 4486 esse
150 4429 391 4484 numinis
432 4423 959 4494 comprehensionem
984 4461 999 4485 ,
1048 4420 1154 4474 illis
1181 4419 1419 4482 scilicet,
1465 4434 1584 4488 quae

7 4522 246 4577 materia:
283 4527 566 4588 expertem
597 4525 651 4570 et
698 4514 904 4568 beatam
945 4512 1106 4564 vitam
1137 4519 1298 4580 agunt
1335 4527 1349 4564 :
1380 4524 1583 4579 nosque

9 4625 202 4679 tamen,
236 4611 325 4681 qui
357 4611 407 4663 in
453 4606 597 4662 omni
627 4604 848 4660 mollitie
884 4613 1041 4670 atque
1070 4600 1272 4672 ignavia
1304 4601 1460 4654 vitam
1488 4601 1582 4656 de-

4 4707 172 4775 gimus
197 4745 214 4766 ,
260 4710 315 4756 et
352 4701 403 4754 in
443 4697 673 4768 quodvis
703 4695 950 4765 nequitia:
978 4708 1144 4762 genus
1182 4693 1386 4747 ruimus
1409 4734 1424 4756 ,
1469 4708 1580 4746 rem

6 4795 362 4852 iuvisihilibus
390 4791 698 4848 substantiis
715 4790 923 4859 penitus
945 4789 1173 4858 ignotam
1200 4789 1220 4819 '
1248 4788 1455 4857 assequi
1485 4801 1580 4840 co-

5 4890 112 4942 nari
144 4906 158 4942 :
189 4900 359 4942 unum
389 4891 549 4938 tantm
579 4882 652 4936 rei
698 4888 1062 4952 argumentum
1094 4878 1352 4933 habentes
1379 4878 1580 4948 cogita-

5 4983 204 5035 tionum
235 4989 536 5034 nostrarum
556 4974 811 5044 judicium
833 4980 887 5026 et
913 4972 1126 5025 inanem
1147 4969 1284 5039 apud
1311 4970 1578 5024 auditores

4 5074 218 5142 gloriam
245 5110 264 5137 ,
313 5083 486 5139 neque
529 5075 732 5121 natura:
779 5073 977 5118 nostra!
1022 5075 1324 5115 mensuram
1372 5073 1578 5115 ratione

5 5159 524 5224 circumscribentes,
555 5169 728 5226 neque
752 5152 985 5208 divinam
1015 5151 1341 5221 Scripturam
1368 5149 1578 5204 Patres-

5 5271 103 5324 que
128 5261 417 5324 sequentes
444 5265 458 5315 ;
507 5249 601 5304 sed
627 5246 892 5316 opinionis
923 5253 1119 5299 nostra:
1149 5241 1390 5311 pbrenesi
1415 5283 1432 5307 ,
1477 5256 1576 5296 ceu

5 5347 242 5418 hyherno
270 5352 507 5412 torrente
533 5341 797 5396 detractos
819 5379 835 5404 ,
866 5337 917 5391 in
949 5345 1149 5390 tantum
1175 5343 1449 5436 peccatum
1477 5333 1574 5436 de-

8 5439 178 5508 lapsos
202 5452 343 5492 esse.
373 5439 482 5504 Age
510 5447 650 5486 nunc
675 5440 952 5501 postquam
979 5427 1046 5480 de
1065 5425 1400 5480 anathemate
1422 5424 1574 5479 vobis

65 5534 82 5563 ι
114 5529 291 5580 collata
312 5541 420 5578 cum
444 5535 522 5595 Q18:
546 5523 926 5595 "3l.ica.“°.57.9:..
1047 5594 1050 5595 ν
1122 5581 1152 5595 .,
1197 5594 1200 5595 ν
1239 5579 1251 5595 ρ

66 5595 86 5624 ⁸
102 5577 663 5703 ιῖξξείῧξῖξέηιῗέώειωιιὶίε
685 5583 995 5636 invisibzh'bus
1023 5581 1209 5634 omitus
1231 5579 1462 5644 ignotam.
1481 5577 1572 5630 de-

12 5660 96 5695 sun
137 5663 184 5703 in
243 5665 268 5700 a
340 5664 364 5698 a
437 5690 448 5702 .

1698 4069 1950 4126 quantum
1975 4065 2221 4118 convenit
2242 4065 2671 4133 disseruerimus,
2702 4073 2909 4144 vimque
2936 4079 3056 4133 mali
3085 4079 3262 4151 hujus,

1696 4152 1834 4222 quod
1866 4169 1961 4223 pro
1995 4155 2160 4214 nihilo
2189 4170 2484 4229 reputatur,
2531 4166 2942 4239 ostenderimus,
2985 4172 3105 4228 hinc
3133 4174 3263 4233 freni

1697 4243 2021 4313 impatientia
2077 4263 2169 4303 ora
2231 4251 2612 4322 cohibeamus,
2663 4259 2904 4314 morbum
2957 4262 3268 4336 detegentes

1695 4339 2028 4407 eorum,qui
2060 4356 2119 4394 ea
2161 4342 2210 4394 in
2257 4359 2314 4397 re
2349 4344 2546 4399 incuria
2599 4349 2760 4403 nimia
2807 4351 3048 4410 laborant
3093 4358 3132 4410 ¹.
3166 4358 3265 4413 Et-

1692 4429 1834 4485 enim
1879 4429 1932 4486 in
1979 4444 2082 4487 tam
2114 4434 2442 4505 deploratum
2479 4449 2675 4495 statum
2707 4454 2885 4498 nostra
2914 4445 3262 4518 devenerunt,

1693 4531 1771 4586 ut,
1819 4525 2049 4592 pessime
2092 4524 2366 4595 habentes,
2416 4529 2718 4600 ignoremus
2755 4549 2853 4590 nos
2898 4552 2964 4592 ne
3002 4540 3266 4608 turpiores

1690 4613 1904 4683 quidem
1948 4615 2169 4670 affectus
2210 4633 2497 4687 superare;
2531 4622 2600 4676 ita
2644 4633 2700 4676 nt
2730 4639 2828 4678 vox
2862 4627 3165 4697 prophetica
3211 4631 3263 4686 in

1690 4706 1842 4761 nobis
1883 4707 2205 4777 impleatur:
2239 4709 2359 4765 Non
2399 4722 2469 4766 est
2507 4715 2642 4783 quod
2668 4716 2958 4782 imponatur
2984 4721 3264 4791 malagma,

1690 4815 1846 4866 neque
1873 4800 2039 4854 oleum
2066 4842 2081 4867 ,
2114 4817 2268 4872 neque
2309 4805 2549 4875 ligamina
2591 4805 2755 4878 (lani.
2788 4809 2835 4862 l.
2861 4810 2950 4880 6).
2984 4811 3264 4868 Uudenam

1689 4889 1847 4958 igitur
1888 4891 1955 4946 de
1998 4892 2097 4946 huc
2138 4895 2276 4948 malo
2323 4897 2529 4952 dicendi
2581 4899 2787 4955 initium
2835 4902 3068 4958 faciam?
3106 4907 3190 4961 An
3236 4925 3264 4958 a

1689 4979 1895 5034 Domini
1937 4983 2303 5038 mandatorum
2342 4989 2704 5043 sanctionibus
2728 5031 2744 5055 ,
2773 5007 2838 5046 an
2866 4993 2933 5047 ab
2969 4995 3176 5051 inscitia
3213 5008 3265 5051 ct

1687 5081 1904 5139 stupore
1953 5075 2177 5128 vestro?
2219 5076 2409 5130 Annon
2457 5077 2631 5133 ridear
2679 5091 2734 5134 et
2777 5083 3008 5139 insanire
3051 5085 3260 5153 videar,

1686 5164 1771 5232 qui
1806 5165 1874 5218 ita
1915 5165 2142 5236 loquar?
2181 5170 2371 5222 Annon
2412 5168 2734 5228 clamoribus
2766 5176 3000 5246 excipiar
3025 5179 3112 5248 qui
3147 5180 3262 5235 ha-c

1685 5256 1854 5309 tristia
1901 5265 1956 5310 et
2008 5259 2255 5329 lacrymis
2307 5259 2463 5330 digna
2515 5265 2880 5331 pertractanda
2929 5270 3260 5341 suscipiam?

1684 5345 1820 5413 Quid
1868 5345 2104 5402 faciam?
2147 5347 2352 5414 Doleo,
2399 5353 2577 5407 animo
2622 5353 2891 5421 dissecor,
2939 5375 3258 5430 rumpuntur

1682 5439 1909 5506 viscera,
1940 5440 2064 5495 dum
2095 5447 2296 5494 tantum
2323 5441 2477 5498 video
2501 5453 2792 5516 stuporem,
2832 5450 2952 5519 quia
2977 5449 3254 5522 Judaicam

1681 5563 2066 5686 ώέηὲἒηιὶοειιθηί
2093 5573 2356 5630 ueletiam:
2378 5579 2796 5642 misanatbema
2834 5582 3060 5637 dicebant
3095 5585 3257 5638 Pauli-
