  <div class='ocr_page' id='page_1' title='image "/cluster/home/n/w/nwhite01/storage/ocr_20150623/48/hvd.32044014784250/429.png"; bbox 0 0 3906 6244; ppageno 0'>
   <div class='ocr_carea' id='block_1_1' title="bbox 519 368 622 427">
    <p class='ocr_par' dir='ltr' id='par_1_1' title="bbox 519 368 622 427">
     <span class='ocr_line' id='line_1_1' title="bbox 519 368 622 427; baseline -0.029 0"><span class='ocrx_word' id='word_1_1' title='bbox 519 368 622 427; x_wconf 69' lang='grc'><strong>917</strong></span> 
     </span>
    </p>
   </div>
   <div class='ocr_carea' id='block_1_2' title="bbox 525 465 2096 550">
    <p class='ocr_par' dir='ltr' id='par_1_2' title="bbox 525 465 2096 550">
     <span class='ocr_line' id='line_1_2' title="bbox 525 465 2096 550; baseline -0.017 -12"><span class='ocrx_word' id='word_1_2' title='bbox 525 475 1001 550; x_wconf 73' lang='lat' dir='ltr'><strong>transgressionem</strong></span> <span class='ocrx_word' id='word_1_3' title='bbox 1033 481 1086 527; x_wconf 90' lang='lat' dir='ltr'><strong>et</strong></span> <span class='ocrx_word' id='word_1_4' title='bbox 1109 469 1396 526; x_wconf 75' lang='lat' dir='ltr'><strong>Gentilium</strong></span> <span class='ocrx_word' id='word_1_5' title='bbox 1435 465 1758 534; x_wconf 89' lang='lat' dir='ltr'><strong>impietatem</strong></span> <span class='ocrx_word' id='word_1_6' title='bbox 1791 469 1975 515; x_wconf 89' lang='lat' dir='ltr'><strong>nostra</strong></span> <span class='ocrx_word' id='word_1_7' title='bbox 2006 474 2096 512; x_wconf 71' lang='lat' dir='ltr'><strong>su~</strong></span> 
     </span>
    </p>
   </div>
   <div class='ocr_carea' id='block_1_3' title="bbox 527 550 2095 645">
    <p class='ocr_par' dir='ltr' id='par_1_3' title="bbox 527 550 2095 645">
     <span class='ocr_line' id='line_1_3' title="bbox 527 550 2095 645; baseline -0.017 -18"><span class='ocrx_word' id='word_1_8' title='bbox 527 582 734 645; x_wconf 80' lang='lat' dir='ltr'><strong>perant.</strong></span> <span class='ocrx_word' id='word_1_9' title='bbox 766 570 1082 636; x_wconf 76' lang='lat' dir='ltr'><strong>Progressus</strong></span> <span class='ocrx_word' id='word_1_10' title='bbox 1128 561 1268 616; x_wconf 90' lang='lat' dir='ltr'><strong>enim</strong></span> <span class='ocrx_word' id='word_1_11' title='bbox 1303 559 1444 611; x_wconf 86' lang='lat' dir='ltr'><strong>viros</strong></span> <span class='ocrx_word' id='word_1_12' title='bbox 1487 571 1669 618; x_wconf 85' lang='lat' dir='ltr'><strong>cerno,</strong></span> <span class='ocrx_word' id='word_1_13' title='bbox 1715 567 1886 622; x_wconf 89' lang='lat' dir='ltr'><strong>neque</strong></span> <span class='ocrx_word' id='word_1_14' title='bbox 1930 550 2095 604; x_wconf 91' lang='lat' dir='ltr'><strong>ratio-</strong></span> 
     </span>
    </p>
   </div>
   <div class='ocr_carea' id='block_1_4' title="bbox 523 645 2102 723">
    <p class='ocr_par' dir='ltr' id='par_1_4' title="bbox 523 645 2102 723">
     <span class='ocr_line' id='line_1_4' title="bbox 523 645 2102 723; baseline -0.016 -3"><span class='ocrx_word' id='word_1_15' title='bbox 523 666 666 720; x_wconf 76' lang='lat' dir='ltr'><strong>cinio</strong></span> <span class='ocrx_word' id='word_1_16' title='bbox 706 677 772 717; x_wconf 74' lang='lat' dir='ltr'><strong>es</strong></span> <span class='ocrx_word' id='word_1_17' title='bbox 811 658 983 713; x_wconf 85' lang='lat' dir='ltr'><strong>divina</strong></span> <span class='ocrx_word' id='word_1_18' title='bbox 1011 655 1280 723; x_wconf 81' lang='lat' dir='ltr'><strong>Scriptura</strong></span> <span class='ocrx_word' id='word_1_19' title='bbox 1320 649 1510 704; x_wconf 87' lang='lat' dir='ltr'><strong>edocto</strong></span> <span class='ocrx_word' id='word_1_20' title='bbox 1552 645 1821 717; x_wconf 66' lang='lat' dir='ltr'><strong>prteditos,</strong></span> <span class='ocrx_word' id='word_1_21' title='bbox 1853 657 1951 697; x_wconf 90' lang='lat' dir='ltr'><strong>nec</strong></span> <span class='ocrx_word' id='word_1_22' title='bbox 1972 656 2102 710; x_wconf 86' lang='lat' dir='ltr'><strong>qua-</strong></span> 
     </span>
    </p>
   </div>
   <div class='ocr_carea' id='block_1_5' title="bbox 530 732 2101 826">
    <p class='ocr_par' dir='ltr' id='par_1_5' title="bbox 530 732 2101 826">
     <span class='ocr_line' id='line_1_5' title="bbox 530 732 2101 826; baseline -0.015 -17"><span class='ocrx_word' id='word_1_23' title='bbox 530 757 666 826; x_wconf 82' lang='lat' dir='ltr'><strong>piam</strong></span> <span class='ocrx_word' id='word_1_24' title='bbox 694 752 884 806; x_wconf 69' lang='lat' dir='ltr'><strong>divinm</strong></span> <span class='ocrx_word' id='word_1_25' title='bbox 912 747 1201 814; x_wconf 86' lang='lat' dir='ltr'><strong>Scripturae</strong></span> <span class='ocrx_word' id='word_1_26' title='bbox 1227 749 1375 811; x_wconf 87' lang='lat' dir='ltr'><strong>parte</strong></span> <span class='ocrx_word' id='word_1_27' title='bbox 1401 738 1631 792; x_wconf 91' lang='lat' dir='ltr'><strong>imbutos</strong></span> <span class='ocrx_word' id='word_1_28' title='bbox 1654 751 1670 799; x_wconf 85' lang='lat'><strong>;</strong></span> <span class='ocrx_word' id='word_1_29' title='bbox 1716 735 1881 826; x_wconf 85' lang='lat' dir='ltr'><strong>multa</strong></span> <span class='ocrx_word' id='word_1_30' title='bbox 1909 732 2101 787; x_wconf 88' lang='lat' dir='ltr'><strong>erube-</strong></span> 
     </span>
    </p>
   </div>
   <div class='ocr_carea' id='block_1_6' title="bbox 526 825 2105 903">
    <p class='ocr_par' dir='ltr' id='par_1_6' title="bbox 526 825 2105 903">
     <span class='ocr_line' id='line_1_6' title="bbox 526 825 2105 903; baseline -0.017 0"><span class='ocrx_word' id='word_1_31' title='bbox 526 825 682 903; x_wconf 79' lang='lat' dir='ltr'><strong>scens</strong></span> <span class='ocrx_word' id='word_1_32' title='bbox 721 853 908 903; x_wconf 88' lang='lat' dir='ltr'><strong>taceo;</strong></span> <span class='ocrx_word' id='word_1_33' title='bbox 944 834 1282 893; x_wconf 87' lang='lat' dir='ltr'><strong>furibundos,</strong></span> <span class='ocrx_word' id='word_1_34' title='bbox 1317 843 1573 900; x_wconf 76' lang='lat' dir='ltr'><strong>uugnces,</strong></span> <span class='ocrx_word' id='word_1_35' title='bbox 1607 826 1705 893; x_wconf 86' lang='lat' dir='ltr'><strong>Qui</strong></span> <span class='ocrx_word' id='word_1_36' title='bbox 1733 825 1958 878; x_wconf 81' lang='lat' dir='ltr'><strong>nesciunt</strong></span> <span class='ocrx_word' id='word_1_37' title='bbox 1992 836 2105 891; x_wconf 75' lang='lat' dir='ltr'><strong>qua:</strong></span> 
     </span>
    </p>
   </div>
   <div class='ocr_carea' id='block_1_7' title="bbox 528 913 2105 1003">
    <p class='ocr_par' dir='ltr' id='par_1_7' title="bbox 528 913 2105 1003">
     <span class='ocr_line' id='line_1_7' title="bbox 528 913 2105 1003; baseline -0.017 -10"><span class='ocrx_word' id='word_1_38' title='bbox 528 940 735 999; x_wconf 86' lang='lat' dir='ltr'><strong>dicunt,</strong></span> <span class='ocrx_word' id='word_1_39' title='bbox 767 947 924 1003; x_wconf 88' lang='lat' dir='ltr'><strong>neque</strong></span> <span class='ocrx_word' id='word_1_40' title='bbox 959 930 1021 983; x_wconf 90' lang='lat' dir='ltr'><strong>de</strong></span> <span class='ocrx_word' id='word_1_41' title='bbox 1044 927 1222 997; x_wconf 88' lang='lat' dir='ltr'><strong>quibus</strong></span> <span class='ocrx_word' id='word_1_42' title='bbox 1253 924 1501 994; x_wconf 69' lang='lat' dir='ltr'><strong>affirmant</strong></span> <span class='ocrx_word' id='word_1_43' title='bbox 1530 921 1606 989; x_wconf 89' lang='grc'><strong>(1.</strong></span> <span class='ocrx_word' id='word_1_44' title='bbox 1629 916 1762 971; x_wconf 85' lang='lat' dir='ltr'><strong>Tim.</strong></span> <span class='ocrx_word' id='word_1_45' title='bbox 1787 917 1838 970; x_wconf 89' lang='grc'><strong>1.</strong></span> <span class='ocrx_word' id='word_1_46' title='bbox 1862 913 1917 984; x_wconf 86' lang='lat'><strong>7)</strong></span> <span class='ocrx_word' id='word_1_47' title='bbox 1941 930 1956 980; x_wconf 89' lang='lat'><strong>;</strong></span> <span class='ocrx_word' id='word_1_48' title='bbox 2002 913 2105 967; x_wconf 88' lang='lat' dir='ltr'><strong>hoc</strong></span> 
     </span>
    </p>
   </div>
   <div class='ocr_carea' id='block_1_8' title="bbox 532 1006 2108 1092">
    <p class='ocr_par' dir='ltr' id='par_1_8' title="bbox 532 1006 2108 1092">
     <span class='ocr_line' id='line_1_8' title="bbox 532 1006 2108 1092; baseline -0.016 -10"><span class='ocrx_word' id='word_1_49' title='bbox 532 1043 695 1082; x_wconf 90' lang='lat' dir='ltr'><strong>unum</strong></span> <span class='ocrx_word' id='word_1_50' title='bbox 738 1023 981 1092; x_wconf 81' lang='lat' dir='ltr'><strong>imperite</strong></span> <span class='ocrx_word' id='word_1_51' title='bbox 1007 1019 1196 1072; x_wconf 88' lang='lat' dir='ltr'><strong>docere</strong></span> <span class='ocrx_word' id='word_1_52' title='bbox 1236 1014 1488 1068; x_wconf 74' lang='lat' dir='ltr'><strong>audentes</strong></span> <span class='ocrx_word' id='word_1_53' title='bbox 1513 1051 1529 1075; x_wconf 85' lang='lat'><strong>,</strong></span> <span class='ocrx_word' id='word_1_54' title='bbox 1569 1018 1623 1063; x_wconf 91' lang='lat' dir='ltr'><strong>et</strong></span> <span class='ocrx_word' id='word_1_55' title='bbox 1659 1006 2108 1062; x_wconf 74' lang='lat' dir='ltr'><strong>auathematizare</strong></span> 
     </span>
    </p>
   </div>
   <div class='ocr_carea' id='block_1_9' title="bbox 531 1093 2108 1189">
    <p class='ocr_par' dir='ltr' id='par_1_9' title="bbox 531 1093 2108 1189">
     <span class='ocr_line' id='line_1_9' title="bbox 531 1093 2108 1189; baseline -0.016 -18"><span class='ocrx_word' id='word_1_56' title='bbox 531 1134 648 1189; x_wconf 66' lang='lat' dir='ltr'><strong>quae</strong></span> <span class='ocrx_word' id='word_1_57' title='bbox 677 1115 917 1170; x_wconf 89' lang='lat' dir='ltr'><strong>nesciunt</strong></span> <span class='ocrx_word' id='word_1_58' title='bbox 937 1113 976 1176; x_wconf 80' lang='grc'><strong>¹,</strong></span> <span class='ocrx_word' id='word_1_59' title='bbox 1009 1111 1078 1163; x_wconf 87' lang='lat' dir='ltr'><strong>ita</strong></span> <span class='ocrx_word' id='word_1_60' title='bbox 1113 1117 1167 1161; x_wconf 91' lang='lat' dir='ltr'><strong>ut</strong></span> <span class='ocrx_word' id='word_1_61' title='bbox 1207 1114 1384 1158; x_wconf 90' lang='lat' dir='ltr'><strong>nostra</strong></span> <span class='ocrx_word' id='word_1_62' title='bbox 1427 1101 1496 1153; x_wconf 90' lang='lat' dir='ltr'><strong>ab</strong></span> <span class='ocrx_word' id='word_1_63' title='bbox 1524 1101 1609 1165; x_wconf 85' lang='lat' dir='ltr'><strong>iis,</strong></span> <span class='ocrx_word' id='word_1_64' title='bbox 1650 1099 1738 1167; x_wconf 93' lang='lat' dir='ltr'><strong>qui</strong></span> <span class='ocrx_word' id='word_1_65' title='bbox 1764 1114 1792 1149; x_wconf 94' lang='lat' dir='ltr'><strong>a</strong></span> <span class='ocrx_word' id='word_1_66' title='bbox 1822 1095 1922 1148; x_wconf 80' lang='lat' dir='ltr'><strong>fide</strong></span> <span class='ocrx_word' id='word_1_67' title='bbox 1949 1093 2108 1147; x_wconf 90' lang='lat' dir='ltr'><strong>alieni</strong></span> 
     </span>
    </p>
   </div>
   <div class='ocr_carea' id='block_1_10' title="bbox 535 1188 2108 1274">
    <p class='ocr_par' dir='ltr' id='par_1_10' title="bbox 535 1188 2108 1274">
     <span class='ocr_line' id='line_1_10' title="bbox 535 1188 2108 1274; baseline -0.017 -9"><span class='ocrx_word' id='word_1_68' title='bbox 535 1188 678 1274; x_wconf 73' lang='lat' dir='ltr'><strong>sunt,</strong></span> <span class='ocrx_word' id='word_1_69' title='bbox 709 1205 1046 1266; x_wconf 88' lang='lat' dir='ltr'><strong>irrideantur,</strong></span> <span class='ocrx_word' id='word_1_70' title='bbox 1088 1197 1228 1269; x_wconf 89' lang='lat' dir='ltr'><strong>quod</strong></span> <span class='ocrx_word' id='word_1_71' title='bbox 1258 1197 1451 1250; x_wconf 86' lang='lat' dir='ltr'><strong>nullam</strong></span> <span class='ocrx_word' id='word_1_72' title='bbox 1497 1190 1830 1246; x_wconf 75' lang='lat' dir='ltr'><strong>instituendze</strong></span> <span class='ocrx_word' id='word_1_73' title='bbox 1859 1188 1980 1241; x_wconf 74' lang='lat' dir='ltr'><strong>vita:</strong></span> <span class='ocrx_word' id='word_1_74' title='bbox 2008 1201 2108 1240; x_wconf 89' lang='lat' dir='ltr'><strong>cu-</strong></span> 
     </span>
    </p>
   </div>
   <div class='ocr_carea' id='block_1_11' title="bbox 537 1284 1931 1361">
    <p class='ocr_par' dir='ltr' id='par_1_11' title="bbox 537 1284 1931 1361">
     <span class='ocr_line' id='line_1_11' title="bbox 537 1284 1931 1361; baseline -0.016 -5"><span class='ocrx_word' id='word_1_75' title='bbox 537 1317 650 1356; x_wconf 90' lang='lat' dir='ltr'><strong>ram</strong></span> <span class='ocrx_word' id='word_1_76' title='bbox 679 1299 984 1356; x_wconf 87' lang='lat' dir='ltr'><strong>habeamus,</strong></span> <span class='ocrx_word' id='word_1_77' title='bbox 1012 1308 1182 1361; x_wconf 87' lang='lat' dir='ltr'><strong>neque</strong></span> <span class='ocrx_word' id='word_1_78' title='bbox 1209 1288 1521 1344; x_wconf 75' lang='lat' dir='ltr'><strong>benefacere</strong></span> <span class='ocrx_word' id='word_1_79' title='bbox 1547 1284 1716 1340; x_wconf 90' lang='lat' dir='ltr'><strong>edocti</strong></span> <span class='ocrx_word' id='word_1_80' title='bbox 1742 1284 1931 1337; x_wconf 93' lang='lat' dir='ltr'><strong>simus.</strong></span> 
     </span>
    </p>
   </div>
   <div class='ocr_carea' id='block_1_12' title="bbox 607 1373 2114 1453">
    <p class='ocr_par' dir='ltr' id='par_1_12' title="bbox 607 1373 2114 1453">
     <span class='ocr_line' id='line_1_12' title="bbox 607 1373 2114 1453; baseline -0.015 -6"><span class='ocrx_word' id='word_1_81' title='bbox 607 1393 663 1446; x_wconf 74' lang='lat'><strong>2.</strong></span> <span class='ocrx_word' id='word_1_82' title='bbox 705 1391 820 1445; x_wconf 89' lang='lat' dir='ltr'><strong>lleu</strong></span> <span class='ocrx_word' id='word_1_83' title='bbox 849 1387 999 1450; x_wconf 89' lang='lat' dir='ltr'><strong>mihi,</strong></span> <span class='ocrx_word' id='word_1_84' title='bbox 1045 1400 1200 1453; x_wconf 90' lang='lat' dir='ltr'><strong>quam</strong></span> <span class='ocrx_word' id='word_1_85' title='bbox 1241 1383 1418 1451; x_wconf 88' lang='lat' dir='ltr'><strong>gravia</strong></span> <span class='ocrx_word' id='word_1_86' title='bbox 1448 1379 1598 1433; x_wconf 69' lang='lat' dir='ltr'><strong>hare!</strong></span> <span class='ocrx_word' id='word_1_87' title='bbox 1633 1377 1736 1431; x_wconf 89' lang='lat' dir='ltr'><strong>heu</strong></span> <span class='ocrx_word' id='word_1_88' title='bbox 1761 1375 1929 1429; x_wconf 82' lang='lat' dir='ltr'><strong>mihi!</strong></span> <span class='ocrx_word' id='word_1_89' title='bbox 1974 1373 2114 1440; x_wconf 92' lang='lat' dir='ltr'><strong>Quot</strong></span> 
     </span>
    </p>
   </div>
   <div class='ocr_carea' id='block_1_13' title="bbox 540 1465 2114 1554">
    <p class='ocr_par' dir='ltr' id='par_1_13' title="bbox 540 1465 2114 1554">
     <span class='ocr_line' id='line_1_13' title="bbox 540 1465 2114 1554; baseline -0.014 -15"><span class='ocrx_word' id='word_1_90' title='bbox 540 1484 668 1554; x_wconf 78' lang='lat' dir='ltr'><strong>iusti</strong></span> <span class='ocrx_word' id='word_1_91' title='bbox 693 1492 746 1537; x_wconf 91' lang='lat' dir='ltr'><strong>et</strong></span> <span class='ocrx_word' id='word_1_92' title='bbox 773 1479 1044 1550; x_wconf 75' lang='lat' dir='ltr'><strong>propheta:</strong></span> <span class='ocrx_word' id='word_1_93' title='bbox 1063 1475 1497 1529; x_wconf 86' lang='lat' dir='ltr'><strong>desideraverunt</strong></span> <span class='ocrx_word' id='word_1_94' title='bbox 1519 1471 1698 1524; x_wconf 86' lang='lat' dir='ltr'><strong>videre</strong></span> <span class='ocrx_word' id='word_1_95' title='bbox 1722 1485 1838 1538; x_wconf 72' lang='lat' dir='ltr'><strong>qua:</strong></span> <span class='ocrx_word' id='word_1_96' title='bbox 1866 1481 1962 1520; x_wconf 93' lang='lat' dir='ltr'><strong>nos</strong></span> <span class='ocrx_word' id='word_1_97' title='bbox 1983 1465 2114 1519; x_wconf 87' lang='lat' dir='ltr'><strong>vidi-</strong></span> 
     </span>
    </p>
   </div>
   <div class='ocr_carea' id='block_1_14' title="bbox 542 1557 2111 1640">
    <p class='ocr_par' dir='ltr' id='par_1_14' title="bbox 542 1557 2111 1640">
     <span class='ocr_line' id='line_1_14' title="bbox 542 1557 2111 1640; baseline -0.015 -11"><span class='ocrx_word' id='word_1_98' title='bbox 542 1589 683 1640; x_wconf 90' lang='lat' dir='ltr'><strong>mus,</strong></span> <span class='ocrx_word' id='word_1_99' title='bbox 711 1583 764 1625; x_wconf 91' lang='lat' dir='ltr'><strong>et</strong></span> <span class='ocrx_word' id='word_1_100' title='bbox 795 1587 898 1624; x_wconf 83' lang='lat' dir='ltr'><strong>non</strong></span> <span class='ocrx_word' id='word_1_101' title='bbox 930 1569 1194 1629; x_wconf 87' lang='lat' dir='ltr'><strong>viderunt,</strong></span> <span class='ocrx_word' id='word_1_102' title='bbox 1223 1574 1276 1616; x_wconf 89' lang='lat' dir='ltr'><strong>et</strong></span> <span class='ocrx_word' id='word_1_103' title='bbox 1305 1563 1488 1616; x_wconf 87' lang='lat' dir='ltr'><strong>audire</strong></span> <span class='ocrx_word' id='word_1_104' title='bbox 1515 1577 1632 1628; x_wconf 71' lang='lat' dir='ltr'><strong>qua:</strong></span> <span class='ocrx_word' id='word_1_105' title='bbox 1671 1573 1768 1612; x_wconf 93' lang='lat' dir='ltr'><strong>nos</strong></span> <span class='ocrx_word' id='word_1_106' title='bbox 1796 1557 2111 1621; x_wconf 89' lang='lat' dir='ltr'><strong>audivimus,</strong></span> 
     </span>
    </p>
   </div>
   <div class='ocr_carea' id='block_1_15' title="bbox 541 1649 2116 1728">
    <p class='ocr_par' dir='ltr' id='par_1_15' title="bbox 541 1649 2116 1728">
     <span class='ocr_line' id='line_1_15' title="bbox 541 1649 2116 1728; baseline -0.013 -7"><span class='ocrx_word' id='word_1_107' title='bbox 541 1676 598 1721; x_wconf 85' lang='lat' dir='ltr'><strong>et</strong></span> <span class='ocrx_word' id='word_1_108' title='bbox 639 1682 744 1718; x_wconf 83' lang='lat' dir='ltr'><strong>non</strong></span> <span class='ocrx_word' id='word_1_109' title='bbox 789 1662 1068 1716; x_wconf 84' lang='lat' dir='ltr'><strong>audierunt</strong></span> <span class='ocrx_word' id='word_1_110' title='bbox 1105 1655 1315 1728; x_wconf 79' lang='lat' dir='ltr'><strong>(Matth.</strong></span> <span class='ocrx_word' id='word_1_111' title='bbox 1347 1656 1432 1708; x_wconf 85' lang='grc'><strong>15.</strong></span> <span class='ocrx_word' id='word_1_112' title='bbox 1461 1655 1548 1724; x_wconf 86' lang='lat' dir='ltr'><strong>l7)</strong></span> <span class='ocrx_word' id='word_1_113' title='bbox 1581 1671 1593 1707; x_wconf 89' lang='lat'><strong>:</strong></span> <span class='ocrx_word' id='word_1_114' title='bbox 1621 1661 1674 1706; x_wconf 90' lang='lat' dir='ltr'><strong>et</strong></span> <span class='ocrx_word' id='word_1_115' title='bbox 1703 1666 1800 1706; x_wconf 85' lang='lat' dir='ltr'><strong>nos</strong></span> <span class='ocrx_word' id='word_1_116' title='bbox 1828 1651 1941 1704; x_wconf 74' lang='lat' dir='ltr'><strong>haec</strong></span> <span class='ocrx_word' id='word_1_117' title='bbox 1964 1649 2116 1718; x_wconf 90' lang='lat' dir='ltr'><strong>quasi</strong></span> 
     </span>
    </p>
   </div>
   <div class='ocr_carea' id='block_1_16' title="bbox 545 1741 2116 1813">
    <p class='ocr_par' dir='ltr' id='par_1_16' title="bbox 545 1741 2116 1813">
     <span class='ocr_line' id='line_1_16' title="bbox 545 1741 2116 1813; baseline -0.013 0"><span class='ocrx_word' id='word_1_118' title='bbox 545 1759 717 1813; x_wconf 84' lang='lat' dir='ltr'><strong>lusum</strong></span> <span class='ocrx_word' id='word_1_119' title='bbox 752 1755 1032 1809; x_wconf 81' lang='lat' dir='ltr'><strong>habemus.</strong></span> <span class='ocrx_word' id='word_1_120' title='bbox 1067 1748 1365 1811; x_wconf 84' lang='lat' dir='ltr'><strong>Atteodite,</strong></span> <span class='ocrx_word' id='word_1_121' title='bbox 1403 1760 1607 1812; x_wconf 74' lang='lat' dir='ltr'><strong>qumso,</strong></span> <span class='ocrx_word' id='word_1_122' title='bbox 1640 1744 1703 1797; x_wconf 82' lang='lat' dir='ltr'><strong>iis</strong></span> <span class='ocrx_word' id='word_1_123' title='bbox 1726 1757 1844 1812; x_wconf 66' lang='lat' dir='ltr'><strong>quae</strong></span> <span class='ocrx_word' id='word_1_124' title='bbox 1873 1741 2116 1804; x_wconf 82' lang='lat' dir='ltr'><strong>audistis,</strong></span> 
     </span>
    </p>
   </div>
   <div class='ocr_carea' id='block_1_17' title="bbox 546 1831 2118 1917">
    <p class='ocr_par' dir='ltr' id='par_1_17' title="bbox 546 1831 2118 1917">
     <span class='ocr_line' id='line_1_17' title="bbox 546 1831 2118 1917; baseline -0.013 -15"><span class='ocrx_word' id='word_1_125' title='bbox 546 1847 827 1917; x_wconf 87' lang='lat' dir='ltr'><strong>nequando</strong></span> <span class='ocrx_word' id='word_1_126' title='bbox 873 1841 1198 1897; x_wconf 81' lang='lat' dir='ltr'><strong>difﬂuamus.</strong></span> <span class='ocrx_word' id='word_1_127' title='bbox 1225 1837 1356 1892; x_wconf 87' lang='lat' dir='ltr'><strong>Nam</strong></span> <span class='ocrx_word' id='word_1_128' title='bbox 1385 1837 1428 1890; x_wconf 90' lang='lat' dir='ltr'><strong>si</strong></span> <span class='ocrx_word' id='word_1_129' title='bbox 1460 1851 1636 1889; x_wconf 85' lang='lat' dir='ltr'><strong>sermo</strong></span> <span class='ocrx_word' id='word_1_130' title='bbox 1666 1850 1760 1902; x_wconf 88' lang='lat' dir='ltr'><strong>per</strong></span> <span class='ocrx_word' id='word_1_131' title='bbox 1789 1833 2006 1902; x_wconf 82' lang='lat' dir='ltr'><strong>angelos</strong></span> <span class='ocrx_word' id='word_1_132' title='bbox 2032 1831 2118 1883; x_wconf 93' lang='lat' dir='ltr'><strong>di-</strong></span> 
     </span>
    </p>
   </div>
   <div class='ocr_carea' id='block_1_18' title="bbox 546 1921 2122 1994">
    <p class='ocr_par' dir='ltr' id='par_1_18' title="bbox 546 1921 2122 1994">
     <span class='ocr_line' id='line_1_18' title="bbox 546 1921 2122 1994; baseline -0.013 -1"><span class='ocrx_word' id='word_1_133' title='bbox 546 1949 664 1994; x_wconf 90' lang='lat' dir='ltr'><strong>ctus</strong></span> <span class='ocrx_word' id='word_1_134' title='bbox 695 1937 882 1990; x_wconf 83' lang='lat' dir='ltr'><strong>firmus</strong></span> <span class='ocrx_word' id='word_1_135' title='bbox 927 1933 1062 1989; x_wconf 87' lang='lat' dir='ltr'><strong>fuit.</strong></span> <span class='ocrx_word' id='word_1_136' title='bbox 1094 1940 1147 1982; x_wconf 83' lang='lat' dir='ltr'><strong>et</strong></span> <span class='ocrx_word' id='word_1_137' title='bbox 1187 1929 1360 1982; x_wconf 89' lang='lat' dir='ltr'><strong>oumis</strong></span> <span class='ocrx_word' id='word_1_138' title='bbox 1409 1925 1771 1994; x_wconf 64' lang='lat' dir='ltr'><strong>praevaricatio</strong></span> <span class='ocrx_word' id='word_1_139' title='bbox 1810 1933 1863 1978; x_wconf 92' lang='lat' dir='ltr'><strong>et</strong></span> <span class='ocrx_word' id='word_1_140' title='bbox 1906 1921 2122 1974; x_wconf 81' lang='lat' dir='ltr'><strong>inobse-</strong></span> 
     </span>
    </p>
   </div>
   <div class='ocr_carea' id='block_1_19' title="bbox 538 2011 2122 2099">
    <p class='ocr_par' dir='ltr' id='par_1_19' title="bbox 538 2011 2122 2099">
     <span class='ocr_line' id='line_1_19' title="bbox 538 2011 2122 2099; baseline -0.014 -16"><span class='ocrx_word' id='word_1_141' title='bbox 538 2029 764 2099; x_wconf 78' lang='lat' dir='ltr'><strong>quentia</strong></span> <span class='ocrx_word' id='word_1_142' title='bbox 789 2026 986 2092; x_wconf 86' lang='lat' dir='ltr'><strong>justam</strong></span> <span class='ocrx_word' id='word_1_143' title='bbox 1017 2021 1417 2075; x_wconf 86' lang='lat' dir='ltr'><strong>retributionem</strong></span> <span class='ocrx_word' id='word_1_144' title='bbox 1445 2016 1668 2084; x_wconf 87' lang='lat' dir='ltr'><strong>accepit,</strong></span> <span class='ocrx_word' id='word_1_145' title='bbox 1712 2011 1976 2082; x_wconf 90' lang='lat' dir='ltr'><strong>quomodo</strong></span> <span class='ocrx_word' id='word_1_146' title='bbox 2003 2021 2122 2064; x_wconf 90' lang='lat' dir='ltr'><strong>tan-</strong></span> 
     </span>
    </p>
   </div>
   <div class='ocr_carea' id='block_1_20' title="bbox 552 2101 2124 2180">
    <p class='ocr_par' dir='ltr' id='par_1_20' title="bbox 552 2101 2124 2180">
     <span class='ocr_line' id='line_1_20' title="bbox 552 2101 2124 2180; baseline -0.013 -7"><span class='ocrx_word' id='word_1_147' title='bbox 552 2129 658 2173; x_wconf 88' lang='lat' dir='ltr'><strong>Iam</strong></span> <span class='ocrx_word' id='word_1_148' title='bbox 688 2117 911 2171; x_wconf 81' lang='lat' dir='ltr'><strong>salutem</strong></span> <span class='ocrx_word' id='word_1_149' title='bbox 944 2112 1270 2180; x_wconf 73' lang='lat' dir='ltr'><strong>negligentes</strong></span> <span class='ocrx_word' id='word_1_150' title='bbox 1313 2104 1666 2175; x_wconf 74' lang='lat' dir='ltr'><strong>effugiemus?</strong></span> <span class='ocrx_word' id='word_1_151' title='bbox 1711 2104 1803 2156; x_wconf 90' lang='lat' dir='ltr'><strong>Dic</strong></span> <span class='ocrx_word' id='word_1_152' title='bbox 1827 2103 1968 2157; x_wconf 89' lang='lat' dir='ltr'><strong>enim</strong></span> <span class='ocrx_word' id='word_1_153' title='bbox 1993 2142 2006 2164; x_wconf 84' lang='lat'><strong>.</strong></span> <span class='ocrx_word' id='word_1_154' title='bbox 2035 2101 2124 2170; x_wconf 85' lang='lat' dir='ltr'><strong>qui</strong></span> 
     </span>
    </p>
   </div>
   <div class='ocr_carea' id='block_1_21' title="bbox 554 2191 2126 2276">
    <p class='ocr_par' dir='ltr' id='par_1_21' title="bbox 554 2191 2126 2276">
     <span class='ocr_line' id='line_1_21' title="bbox 554 2191 2126 2276; baseline -0.013 -14"><span class='ocrx_word' id='word_1_155' title='bbox 554 2221 750 2276; x_wconf 90' lang='lat' dir='ltr'><strong>senpus</strong></span> <span class='ocrx_word' id='word_1_156' title='bbox 780 2202 1043 2272; x_wconf 76' lang='lat' dir='ltr'><strong>Evangelii</strong></span> <span class='ocrx_word' id='word_1_157' title='bbox 1090 2199 1290 2265; x_wconf 63' lang='lat' dir='ltr'><strong>gratia},</strong></span> <span class='ocrx_word' id='word_1_158' title='bbox 1337 2211 1588 2266; x_wconf 81' lang='lat' dir='ltr'><strong>quorsum</strong></span> <span class='ocrx_word' id='word_1_159' title='bbox 1636 2193 1862 2248; x_wconf 86' lang='lat' dir='ltr'><strong>carnalis</strong></span> <span class='ocrx_word' id='word_1_160' title='bbox 1895 2191 1983 2245; x_wconf 86' lang='lat' dir='ltr'><strong>Dei</strong></span> <span class='ocrx_word' id='word_1_161' title='bbox 2029 2191 2126 2242; x_wconf 89' lang='lat' dir='ltr'><strong>ad-</strong></span> 
     </span>
    </p>
   </div>
   <div class='ocr_carea' id='block_1_22' title="bbox 555 2280 2127 2362">
    <p class='ocr_par' dir='ltr' id='par_1_22' title="bbox 555 2280 2127 2362">
     <span class='ocr_line' id='line_1_22' title="bbox 555 2280 2127 2362; baseline -0.014 -8"><span class='ocrx_word' id='word_1_162' title='bbox 555 2309 767 2362; x_wconf 80' lang='lat' dir='ltr'><strong>ventus,</strong></span> <span class='ocrx_word' id='word_1_163' title='bbox 795 2311 861 2349; x_wconf 89' lang='lat' dir='ltr'><strong>an</strong></span> <span class='ocrx_word' id='word_1_164' title='bbox 893 2303 948 2348; x_wconf 92' lang='lat' dir='ltr'><strong>ut</strong></span> <span class='ocrx_word' id='word_1_165' title='bbox 986 2303 1082 2345; x_wconf 83' lang='lat' dir='ltr'><strong>nos</strong></span> <span class='ocrx_word' id='word_1_166' title='bbox 1111 2300 1294 2343; x_wconf 87' lang='lat' dir='ltr'><strong>mutuo</strong></span> <span class='ocrx_word' id='word_1_167' title='bbox 1325 2287 1663 2341; x_wconf 88' lang='lat' dir='ltr'><strong>mordeamus</strong></span> <span class='ocrx_word' id='word_1_168' title='bbox 1689 2295 1741 2338; x_wconf 95' lang='lat' dir='ltr'><strong>et</strong></span> <span class='ocrx_word' id='word_1_169' title='bbox 1767 2280 2127 2338; x_wconf 84' lang='lat' dir='ltr'><strong>devoremus?</strong></span> 
     </span>
    </p>
   </div>
   <div class='ocr_carea' id='block_1_23' title="bbox 557 2368 2130 2457">
    <p class='ocr_par' dir='ltr' id='par_1_23' title="bbox 557 2368 2130 2457">
     <span class='ocr_line' id='line_1_23' title="bbox 557 2368 2130 2457; baseline -0.015 -13"><span class='ocrx_word' id='word_1_170' title='bbox 557 2388 718 2457; x_wconf 69' lang='lat' dir='ltr'><strong>Atqui</strong></span> <span class='ocrx_word' id='word_1_171' title='bbox 763 2400 882 2440; x_wconf 90' lang='lat' dir='ltr'><strong>cum</strong></span> <span class='ocrx_word' id='word_1_172' title='bbox 925 2380 1225 2437; x_wconf 79' lang='lat' dir='ltr'><strong>Christiana</strong></span> <span class='ocrx_word' id='word_1_173' title='bbox 1271 2377 1377 2431; x_wconf 89' lang='lat' dir='ltr'><strong>sint</strong></span> <span class='ocrx_word' id='word_1_174' title='bbox 1423 2374 1577 2443; x_wconf 81' lang='lat' dir='ltr'><strong>legali</strong></span> <span class='ocrx_word' id='word_1_175' title='bbox 1630 2379 1892 2442; x_wconf 67' lang='lat' dir='ltr'><strong>prmeepto</strong></span> <span class='ocrx_word' id='word_1_176' title='bbox 1935 2368 2130 2437; x_wconf 88' lang='lat' dir='ltr'><strong>ubique</strong></span> 
     </span>
    </p>
   </div>
   <div class='ocr_carea' id='block_1_24' title="bbox 557 2459 2133 2552">
    <p class='ocr_par' dir='ltr' id='par_1_24' title="bbox 557 2459 2133 2552">
     <span class='ocr_line' id='line_1_24' title="bbox 557 2459 2133 2552; baseline -0.015 -17"><span class='ocrx_word' id='word_1_177' title='bbox 557 2476 915 2552; x_wconf 82' lang='lat' dir='ltr'><strong>perfectiora,</strong></span> <span class='ocrx_word' id='word_1_178' title='bbox 959 2473 1234 2528; x_wconf 84' lang='lat' dir='ltr'><strong>caritatem</strong></span> <span class='ocrx_word' id='word_1_179' title='bbox 1284 2468 1449 2536; x_wconf 82' lang='lat' dir='ltr'><strong>magis</strong></span> <span class='ocrx_word' id='word_1_180' title='bbox 1479 2483 1508 2518; x_wconf 92' lang='lat' dir='ltr'><strong>a</strong></span> <span class='ocrx_word' id='word_1_181' title='bbox 1540 2464 1693 2519; x_wconf 90' lang='lat' dir='ltr'><strong>nobis</strong></span> <span class='ocrx_word' id='word_1_182' title='bbox 1737 2465 1970 2532; x_wconf 82' lang='lat' dir='ltr'><strong>exigunt.</strong></span> <span class='ocrx_word' id='word_1_183' title='bbox 2023 2459 2133 2515; x_wconf 87' lang='lat' dir='ltr'><strong>Illic</strong></span> 
     </span>
    </p>
   </div>
   <div class='ocr_carea' id='block_1_25' title="bbox 562 2547 2134 2634">
    <p class='ocr_par' dir='ltr' id='par_1_25' title="bbox 562 2547 2134 2634">
     <span class='ocr_line' id='line_1_25' title="bbox 562 2547 2134 2634; baseline -0.015 -14"><span class='ocrx_word' id='word_1_184' title='bbox 562 2547 800 2634; x_wconf 70' lang='lat' dir='ltr'><strong>namque</strong></span> <span class='ocrx_word' id='word_1_185' title='bbox 815 2563 1046 2630; x_wconf 85' lang='lat' dir='ltr'><strong>dicitur:</strong></span> <span class='ocrx_word' id='word_1_186' title='bbox 1065 2558 1265 2628; x_wconf 76' lang='lat' dir='ltr'><strong>Diliges</strong></span> <span class='ocrx_word' id='word_1_187' title='bbox 1279 2552 1579 2624; x_wconf 76' lang='lat' dir='ltr'><strong>proximum</strong></span> <span class='ocrx_word' id='word_1_188' title='bbox 1598 2559 1743 2603; x_wconf 74' lang='lat' dir='ltr'><strong>tuum</strong></span> <span class='ocrx_word' id='word_1_189' title='bbox 1758 2549 1895 2603; x_wconf 90' lang='lat' dir='ltr'><strong>sicut</strong></span> <span class='ocrx_word' id='word_1_190' title='bbox 1913 2547 2134 2614; x_wconf 87' lang='lat' dir='ltr'><strong>teipsum</strong></span> 
     </span>
    </p>
   </div>
   <div class='ocr_carea' id='block_1_26' title="bbox 561 2637 2133 2725">
    <p class='ocr_par' dir='ltr' id='par_1_26' title="bbox 561 2637 2133 2725">
     <span class='ocr_line' id='line_1_26' title="bbox 561 2637 2133 2725; baseline -0.014 -15"><span class='ocrx_word' id='word_1_191' title='bbox 561 2655 781 2725; x_wconf 76' lang='lat' dir='ltr'><strong>(Matth.</strong></span> <span class='ocrx_word' id='word_1_192' title='bbox 807 2653 898 2716; x_wconf 71' lang='lat'><strong>29.,</strong></span> <span class='ocrx_word' id='word_1_193' title='bbox 922 2653 1013 2718; x_wconf 80' lang='lat'><strong>59;</strong></span> <span class='ocrx_word' id='word_1_194' title='bbox 1036 2649 1203 2704; x_wconf 80' lang='lat' dir='ltr'><strong>Leuit.</strong></span> <span class='ocrx_word' id='word_1_195' title='bbox 1232 2646 1317 2701; x_wconf 87' lang='grc'><strong>19.</strong></span> <span class='ocrx_word' id='word_1_196' title='bbox 1339 2646 1425 2710; x_wconf 92' lang='grc'><strong>18)</strong></span> <span class='ocrx_word' id='word_1_197' title='bbox 1448 2663 1463 2710; x_wconf 91' lang='lat'><strong>;</strong></span> <span class='ocrx_word' id='word_1_198' title='bbox 1485 2643 1574 2697; x_wconf 89' lang='lat' dir='ltr'><strong>hic</strong></span> <span class='ocrx_word' id='word_1_199' title='bbox 1589 2649 1771 2697; x_wconf 86' lang='lat' dir='ltr'><strong>autem</strong></span> <span class='ocrx_word' id='word_1_200' title='bbox 1791 2637 2133 2694; x_wconf 89' lang='lat' dir='ltr'><strong>moriendum</strong></span> 
     </span>
    </p>
   </div>
   <div class='ocr_carea' id='block_1_27' title="bbox 561 2731 2133 2816">
    <p class='ocr_par' dir='ltr' id='par_1_27' title="bbox 561 2731 2133 2816">
     <span class='ocr_line' id='line_1_27' title="bbox 561 2731 2133 2816; baseline -0.013 -14"><span class='ocrx_word' id='word_1_201' title='bbox 561 2763 688 2802; x_wconf 88' lang='lat' dir='ltr'><strong>esse</strong></span> <span class='ocrx_word' id='word_1_202' title='bbox 707 2760 806 2816; x_wconf 89' lang='lat' dir='ltr'><strong>pro</strong></span> <span class='ocrx_word' id='word_1_203' title='bbox 842 2743 1110 2814; x_wconf 79' lang='lat' dir='ltr'><strong>proximo.</strong></span> <span class='ocrx_word' id='word_1_204' title='bbox 1135 2735 1277 2793; x_wconf 79' lang='lat' dir='ltr'><strong>Audi</strong></span> <span class='ocrx_word' id='word_1_205' title='bbox 1305 2738 1484 2805; x_wconf 81' lang='lat' dir='ltr'><strong>ipsum</strong></span> <span class='ocrx_word' id='word_1_206' title='bbox 1507 2732 1783 2787; x_wconf 83' lang='lat' dir='ltr'><strong>Christum</strong></span> <span class='ocrx_word' id='word_1_207' title='bbox 1817 2731 2088 2784; x_wconf 87' lang='lat' dir='ltr'><strong>dicentem</strong></span> <span class='ocrx_word' id='word_1_208' title='bbox 2121 2745 2133 2782; x_wconf 95' lang='lat'>:</span> 
     </span>
    </p>
   </div>
   <div class='ocr_carea' id='block_1_28' title="bbox 571 2817 2138 2904">
    <p class='ocr_par' dir='ltr' id='par_1_28' title="bbox 571 2817 2138 2904">
     <span class='ocr_line' id='line_1_28' title="bbox 571 2817 2138 2904; baseline -0.012 -14"><span class='ocrx_word' id='word_1_209' title='bbox 571 2835 622 2890; x_wconf 82' lang='grc' dir='ltr'><em>Η</em></span> <span class='ocrx_word' id='word_1_210' title='bbox 629 2853 745 2890; x_wconf 89' lang='lat' dir='ltr'><strong>omo</strong></span> <span class='ocrx_word' id='word_1_211' title='bbox 767 2834 983 2904; x_wconf 86' lang='lat' dir='ltr'><strong>quidam</strong></span> <span class='ocrx_word' id='word_1_212' title='bbox 1000 2829 1342 2886; x_wconf 76' lang='lat' dir='ltr'><strong>descendebat</strong></span> <span class='ocrx_word' id='word_1_213' title='bbox 1365 2827 1428 2879; x_wconf 91' lang='lat' dir='ltr'><strong>ab</strong></span> <span class='ocrx_word' id='word_1_214' title='bbox 1453 2822 1753 2877; x_wconf 80' lang='lat' dir='ltr'><strong>Jerusalem</strong></span> <span class='ocrx_word' id='word_1_215' title='bbox 1770 2821 1825 2873; x_wconf 91' lang='lat' dir='ltr'><strong>in</strong></span> <span class='ocrx_word' id='word_1_216' title='bbox 1850 2817 2138 2882; x_wconf 60' lang='lat' dir='ltr'><strong>Iericho,“</strong></span> 
     </span>
    </p>
   </div>
   <div class='ocr_carea' id='block_1_29' title="bbox 568 2913 2139 2990">
    <p class='ocr_par' dir='ltr' id='par_1_29' title="bbox 568 2913 2139 2990">
     <span class='ocr_line' id='line_1_29' title="bbox 568 2913 2139 2990; baseline -0.011 -8"><span class='ocrx_word' id='word_1_217' title='bbox 568 2928 757 2982; x_wconf 88' lang='lat' dir='ltr'><strong>incidit</strong></span> <span class='ocrx_word' id='word_1_218' title='bbox 787 2928 841 2979; x_wconf 88' lang='lat' dir='ltr'><strong>in</strong></span> <span class='ocrx_word' id='word_1_219' title='bbox 867 2927 1120 2985; x_wconf 81' lang='lat' dir='ltr'><strong>latrones,</strong></span> <span class='ocrx_word' id='word_1_220' title='bbox 1145 2921 1236 2990; x_wconf 86' lang='lat' dir='ltr'><strong>qui</strong></span> <span class='ocrx_word' id='word_1_221' title='bbox 1263 2919 1423 2972; x_wconf 87' lang='lat' dir='ltr'><strong>etiam</strong></span> <span class='ocrx_word' id='word_1_222' title='bbox 1457 2913 1882 2983; x_wconf 77' lang='lat' dir='ltr'><strong>despoliaverunt</strong></span> <span class='ocrx_word' id='word_1_223' title='bbox 1911 2928 2050 2970; x_wconf 87' lang='lat' dir='ltr'><strong>eum,</strong></span> <span class='ocrx_word' id='word_1_224' title='bbox 2090 2920 2139 2964; x_wconf 88' lang='lat' dir='ltr'><strong>et</strong></span> 
     </span>
    </p>
   </div>
   <div class='ocr_carea' id='block_1_30' title="bbox 567 3003 2142 3088">
    <p class='ocr_par' dir='ltr' id='par_1_30' title="bbox 567 3003 2142 3088">
     <span class='ocr_line' id='line_1_30' title="bbox 567 3003 2142 3088; baseline -0.013 -16"><span class='ocrx_word' id='word_1_225' title='bbox 567 3020 741 3088; x_wconf 79' lang='lat' dir='ltr'><strong>plagis</strong></span> <span class='ocrx_word' id='word_1_226' title='bbox 760 3015 1020 3085; x_wconf 76' lang='lat' dir='ltr'><strong>impositis</strong></span> <span class='ocrx_word' id='word_1_227' title='bbox 1043 3012 1306 3076; x_wconf 89' lang='lat' dir='ltr'><strong>abierunt,</strong></span> <span class='ocrx_word' id='word_1_228' title='bbox 1331 3007 1574 3062; x_wconf 85' lang='lat' dir='ltr'><strong>sentivivo</strong></span> <span class='ocrx_word' id='word_1_229' title='bbox 1606 3003 1808 3058; x_wconf 86' lang='lat' dir='ltr'><strong>relicto.</strong></span> <span class='ocrx_word' id='word_1_230' title='bbox 1827 3004 2030 3056; x_wconf 79' lang='lat' dir='ltr'><strong>Accidit</strong></span> <span class='ocrx_word' id='word_1_231' title='bbox 2045 3019 2142 3054; x_wconf 87' lang='lat' dir='ltr'><strong>au-</strong></span> 
     </span>
    </p>
   </div>
   <div class='ocr_carea' id='block_1_31' title="bbox 573 3097 2141 3176">
    <p class='ocr_par' dir='ltr' id='par_1_31' title="bbox 573 3097 2141 3176">
     <span class='ocr_line' id='line_1_31' title="bbox 573 3097 2141 3176; baseline -0.011 -12"><span class='ocrx_word' id='word_1_232' title='bbox 573 3125 674 3166; x_wconf 89' lang='lat' dir='ltr'><strong>tem</strong></span> <span class='ocrx_word' id='word_1_233' title='bbox 694 3119 749 3162; x_wconf 88' lang='lat' dir='ltr'><strong>ut</strong></span> <span class='ocrx_word' id='word_1_234' title='bbox 780 3107 1026 3162; x_wconf 82' lang='lat' dir='ltr'><strong>sacerdos</strong></span> <span class='ocrx_word' id='word_1_235' title='bbox 1045 3104 1259 3176; x_wconf 89' lang='lat' dir='ltr'><strong>quidam</strong></span> <span class='ocrx_word' id='word_1_236' title='bbox 1278 3101 1808 3156; x_wconf 85' lang='lat' dir='ltr'><strong>descendereteadem</strong></span> <span class='ocrx_word' id='word_1_237' title='bbox 1823 3103 1908 3176; x_wconf 79' lang='lat' dir='ltr'><strong>via</strong></span> <span class='ocrx_word' id='word_1_238' title='bbox 1934 3105 2016 3150; x_wconf 86' lang='lat' dir='ltr'><strong>:et</strong></span> <span class='ocrx_word' id='word_1_239' title='bbox 2034 3097 2141 3158; x_wconf 73' lang='lat' dir='ltr'><strong>uiso</strong></span> 
     </span>
    </p>
   </div>
   <div class='ocr_carea' id='block_1_32' title="bbox 570 3189 2144 3269">
    <p class='ocr_par' dir='ltr' id='par_1_32' title="bbox 570 3189 2144 3269">
     <span class='ocr_line' id='line_1_32' title="bbox 570 3189 2144 3269; baseline -0.011 -13"><span class='ocrx_word' id='word_1_240' title='bbox 570 3203 666 3256; x_wconf 89' lang='lat' dir='ltr'><strong>illo</strong></span> <span class='ocrx_word' id='word_1_241' title='bbox 692 3201 976 3269; x_wconf 68' lang='lat' dir='ltr'><strong>pra&#39;terivit</strong></span> <span class='ocrx_word' id='word_1_242' title='bbox 1005 3197 1292 3252; x_wconf 84' lang='lat' dir='ltr'><strong>:similiter</strong></span> <span class='ocrx_word' id='word_1_243' title='bbox 1311 3204 1361 3248; x_wconf 88' lang='lat' dir='ltr'><strong>et</strong></span> <span class='ocrx_word' id='word_1_244' title='bbox 1390 3193 1594 3256; x_wconf 83' lang='lat' dir='ltr'><strong>Levita,</strong></span> <span class='ocrx_word' id='word_1_245' title='bbox 1615 3209 1731 3246; x_wconf 90' lang='lat' dir='ltr'><strong>cum</strong></span> <span class='ocrx_word' id='word_1_246' title='bbox 1753 3201 1886 3245; x_wconf 86' lang='lat' dir='ltr'><strong>esset</strong></span> <span class='ocrx_word' id='word_1_247' title='bbox 1907 3189 2144 3243; x_wconf 86' lang='lat' dir='ltr'><strong>secuslo-</strong></span> 
     </span>
    </p>
   </div>
   <div class='ocr_carea' id='block_1_33' title="bbox 569 3285 2142 3358">
    <p class='ocr_par' dir='ltr' id='par_1_33' title="bbox 569 3285 2142 3358">
     <span class='ocr_line' id='line_1_33' title="bbox 569 3285 2142 3358; baseline -0.01 -11"><span class='ocrx_word' id='word_1_248' title='bbox 569 3311 712 3354; x_wconf 87' lang='lat' dir='ltr'><strong>cum.</strong></span> <span class='ocrx_word' id='word_1_249' title='bbox 736 3303 784 3346; x_wconf 87' lang='lat' dir='ltr'><strong>et</strong></span> <span class='ocrx_word' id='word_1_250' title='bbox 809 3292 1000 3346; x_wconf 81' lang='lat' dir='ltr'><strong>videret</strong></span> <span class='ocrx_word' id='word_1_251' title='bbox 1027 3306 1168 3352; x_wconf 87' lang='lat' dir='ltr'><strong>eum,</strong></span> <span class='ocrx_word' id='word_1_252' title='bbox 1203 3288 1548 3358; x_wconf 83' lang='lat' dir='ltr'><strong>pertransiit;</strong></span> <span class='ocrx_word' id='word_1_253' title='bbox 1573 3285 1944 3340; x_wconf 87' lang='lat' dir='ltr'><strong>Samaritanus</strong></span> <span class='ocrx_word' id='word_1_254' title='bbox 1970 3293 2142 3334; x_wconf 84' lang='lat' dir='ltr'><strong>autem</strong></span> 
     </span>
    </p>
   </div>
   <div class='ocr_carea' id='block_1_34' title="bbox 572 3374 2145 3458">
    <p class='ocr_par' dir='ltr' id='par_1_34' title="bbox 572 3374 2145 3458">
     <span class='ocr_line' id='line_1_34' title="bbox 572 3374 2145 3458; baseline -0.011 -17"><span class='ocrx_word' id='word_1_255' title='bbox 572 3386 789 3458; x_wconf 82' lang='lat' dir='ltr'><strong>quidam</strong></span> <span class='ocrx_word' id='word_1_256' title='bbox 808 3387 1012 3438; x_wconf 79' lang='lat' dir='ltr'><strong>veniens</strong></span> <span class='ocrx_word' id='word_1_257' title='bbox 1041 3384 1094 3437; x_wconf 87' lang='lat' dir='ltr'><strong>in</strong></span> <span class='ocrx_word' id='word_1_258' title='bbox 1123 3383 1381 3444; x_wconf 64' lang='lat' dir='ltr'><strong>locum,“</strong></span> <span class='ocrx_word' id='word_1_259' title='bbox 1406 3379 1586 3434; x_wconf 82' lang='lat' dir='ltr'><strong>videns</strong></span> <span class='ocrx_word' id='word_1_260' title='bbox 1619 3395 1757 3440; x_wconf 81' lang='lat' dir='ltr'><strong>eunt,</strong></span> <span class='ocrx_word' id='word_1_261' title='bbox 1784 3374 2145 3428; x_wconf 81' lang='lat' dir='ltr'><strong>misericordia</strong></span> 
     </span>
    </p>
   </div>
   <div class='ocr_carea' id='block_1_35' title="bbox 576 3465 2142 3543">
    <p class='ocr_par' dir='ltr' id='par_1_35' title="bbox 576 3465 2142 3543">
     <span class='ocr_line' id='line_1_35' title="bbox 576 3465 2142 3543; baseline -0.011 -10"><span class='ocrx_word' id='word_1_262' title='bbox 576 3488 748 3534; x_wconf 88' lang='lat' dir='ltr'><strong>motus</strong></span> <span class='ocrx_word' id='word_1_263' title='bbox 782 3487 884 3531; x_wconf 89' lang='lat' dir='ltr'><strong>est.</strong></span> <span class='ocrx_word' id='word_1_264' title='bbox 917 3474 986 3529; x_wconf 80' lang='lat' dir='ltr'><strong>Et</strong></span> <span class='ocrx_word' id='word_1_265' title='bbox 1031 3477 1456 3543; x_wconf 76' lang='lat' dir='ltr'><strong>appropinquans</strong></span> <span class='ocrx_word' id='word_1_266' title='bbox 1489 3470 1728 3539; x_wconf 85' lang='lat' dir='ltr'><strong>alligavit</strong></span> <span class='ocrx_word' id='word_1_267' title='bbox 1763 3467 1975 3521; x_wconf 86' lang='lat' dir='ltr'><strong>vulnera</strong></span> <span class='ocrx_word' id='word_1_268' title='bbox 2008 3465 2142 3532; x_wconf 85' lang='lat' dir='ltr'><strong>ejus,</strong></span> 
     </span>
    </p>
   </div>
   <div class='ocr_carea' id='block_1_36' title="bbox 577 3556 2146 3640">
    <p class='ocr_par' dir='ltr' id='par_1_36' title="bbox 577 3556 2146 3640">
     <span class='ocr_line' id='line_1_36' title="bbox 577 3556 2146 3640; baseline -0.012 -15"><span class='ocrx_word' id='word_1_269' title='bbox 577 3571 861 3640; x_wconf 77' lang='lat' dir='ltr'><strong>infundens</strong></span> <span class='ocrx_word' id='word_1_270' title='bbox 892 3568 1062 3622; x_wconf 83' lang='lat' dir='ltr'><strong>oleum</strong></span> <span class='ocrx_word' id='word_1_271' title='bbox 1093 3575 1140 3620; x_wconf 85' lang='lat' dir='ltr'><strong>et</strong></span> <span class='ocrx_word' id='word_1_272' title='bbox 1173 3567 1386 3618; x_wconf 86' lang='lat' dir='ltr'><strong>vinum:</strong></span> <span class='ocrx_word' id='word_1_273' title='bbox 1419 3575 1466 3618; x_wconf 90' lang='lat' dir='ltr'><strong>et</strong></span> <span class='ocrx_word' id='word_1_274' title='bbox 1491 3564 1758 3630; x_wconf 87' lang='lat' dir='ltr'><strong>imponens</strong></span> <span class='ocrx_word' id='word_1_275' title='bbox 1790 3559 1940 3611; x_wconf 85' lang='lat' dir='ltr'><strong>illum</strong></span> <span class='ocrx_word' id='word_1_276' title='bbox 1976 3558 2029 3609; x_wconf 89' lang='lat' dir='ltr'><strong>in</strong></span> <span class='ocrx_word' id='word_1_277' title='bbox 2051 3556 2146 3624; x_wconf 88' lang='lat' dir='ltr'><strong>ju-</strong></span> 
     </span>
    </p>
   </div>
   <div class='ocr_carea' id='block_1_37' title="bbox 575 3647 2146 3724">
    <p class='ocr_par' dir='ltr' id='par_1_37' title="bbox 575 3647 2146 3724">
     <span class='ocr_line' id='line_1_37' title="bbox 575 3647 2146 3724; baseline -0.01 -10"><span class='ocrx_word' id='word_1_278' title='bbox 575 3673 807 3716; x_wconf 88' lang='lat' dir='ltr'><strong>mentum</strong></span> <span class='ocrx_word' id='word_1_279' title='bbox 836 3674 1010 3724; x_wconf 86' lang='lat' dir='ltr'><strong>suum,</strong></span> <span class='ocrx_word' id='word_1_280' title='bbox 1043 3657 1195 3710; x_wconf 73' lang='lat' dir='ltr'><strong>duxit</strong></span> <span class='ocrx_word' id='word_1_281' title='bbox 1217 3656 1366 3708; x_wconf 85' lang='lat' dir='ltr'><strong>illum</strong></span> <span class='ocrx_word' id='word_1_282' title='bbox 1386 3656 1438 3707; x_wconf 88' lang='lat' dir='ltr'><strong>in</strong></span> <span class='ocrx_word' id='word_1_283' title='bbox 1460 3653 1749 3714; x_wconf 85' lang='lat' dir='ltr'><strong>stabulum,</strong></span> <span class='ocrx_word' id='word_1_284' title='bbox 1780 3661 1828 3704; x_wconf 87' lang='lat' dir='ltr'><strong>et</strong></span> <span class='ocrx_word' id='word_1_285' title='bbox 1861 3665 2041 3702; x_wconf 88' lang='lat' dir='ltr'><strong>curam</strong></span> <span class='ocrx_word' id='word_1_286' title='bbox 2077 3647 2146 3699; x_wconf 89' lang='lat' dir='ltr'><strong>il-</strong></span> 
     </span>
    </p>
   </div>
   <div class='ocr_carea' id='block_1_38' title="bbox 576 3736 2146 3812">
    <p class='ocr_par' dir='ltr' id='par_1_38' title="bbox 576 3736 2146 3812">
     <span class='ocr_line' id='line_1_38' title="bbox 576 3736 2146 3812; baseline -0.011 -7"><span class='ocrx_word' id='word_1_287' title='bbox 576 3753 680 3805; x_wconf 88' lang='lat' dir='ltr'><strong>lius</strong></span> <span class='ocrx_word' id='word_1_288' title='bbox 694 3751 898 3803; x_wconf 83' lang='lat' dir='ltr'><strong>habuit.</strong></span> <span class='ocrx_word' id='word_1_289' title='bbox 920 3747 985 3800; x_wconf 81' lang='lat' dir='ltr'><strong>Et</strong></span> <span class='ocrx_word' id='word_1_290' title='bbox 1007 3745 1178 3799; x_wconf 90' lang='lat' dir='ltr'><strong>altera</strong></span> <span class='ocrx_word' id='word_1_291' title='bbox 1196 3745 1280 3796; x_wconf 81' lang='lat' dir='ltr'><strong>die</strong></span> <span class='ocrx_word' id='word_1_292' title='bbox 1303 3743 1574 3812; x_wconf 75' lang='lat' dir='ltr'><strong>proferens</strong></span> <span class='ocrx_word' id='word_1_293' title='bbox 1592 3741 1725 3794; x_wconf 90' lang='lat' dir='ltr'><strong>duos</strong></span> <span class='ocrx_word' id='word_1_294' title='bbox 1742 3741 1986 3793; x_wconf 84' lang='lat' dir='ltr'><strong>denarios</strong></span> <span class='ocrx_word' id='word_1_295' title='bbox 2005 3736 2146 3790; x_wconf 88' lang='lat' dir='ltr'><strong>dedit</strong></span> 
     </span>
    </p>
   </div>
   <div class='ocr_carea' id='block_1_39' title="bbox 574 3833 2147 3902">
    <p class='ocr_par' dir='ltr' id='par_1_39' title="bbox 574 3833 2147 3902">
     <span class='ocr_line' id='line_1_39' title="bbox 574 3833 2147 3902; baseline -0.01 -6"><span class='ocrx_word' id='word_1_296' title='bbox 574 3842 870 3896; x_wconf 78' lang='lat' dir='ltr'><strong>stabulario</strong></span> <span class='ocrx_word' id='word_1_297' title='bbox 898 3843 1074 3894; x_wconf 89' lang='lat' dir='ltr'><strong>dicens</strong></span> <span class='ocrx_word' id='word_1_298' title='bbox 1097 3859 1115 3894; x_wconf 83' lang='lat'><strong><em>;</em></strong></span> <span class='ocrx_word' id='word_1_299' title='bbox 1137 3836 1488 3891; x_wconf 75' lang='lat' dir='ltr'><strong>curamillius</strong></span> <span class='ocrx_word' id='word_1_300' title='bbox 1512 3833 1725 3894; x_wconf 86' lang='lat' dir='ltr'><strong>Itabe.et</strong></span> <span class='ocrx_word' id='word_1_301' title='bbox 1746 3834 1792 3887; x_wconf 88' lang='lat' dir='ltr'><strong>si</strong></span> <span class='ocrx_word' id='word_1_302' title='bbox 1817 3833 1939 3902; x_wconf 87' lang='lat' dir='ltr'><strong>quid</strong></span> <span class='ocrx_word' id='word_1_303' title='bbox 1965 3845 2147 3895; x_wconf 80' lang='lat' dir='ltr'><strong>super-</strong></span> 
     </span>
    </p>
   </div>
   <div class='ocr_carea' id='block_1_40' title="bbox 575 3923 2150 4004">
    <p class='ocr_par' dir='ltr' id='par_1_40' title="bbox 575 3923 2150 4004">
     <span class='ocr_line' id='line_1_40' title="bbox 575 3923 2150 4004; baseline -0.01 -15"><span class='ocrx_word' id='word_1_304' title='bbox 575 3934 891 4004; x_wconf 82' lang='lat' dir='ltr'><strong>erogaveris,</strong></span> <span class='ocrx_word' id='word_1_305' title='bbox 916 3950 1008 4004; x_wconf 86' lang='lat' dir='ltr'><strong>ego</strong></span> <span class='ocrx_word' id='word_1_306' title='bbox 1062 3948 1180 3986; x_wconf 86' lang='lat' dir='ltr'><strong>cum</strong></span> <span class='ocrx_word' id='word_1_307' title='bbox 1210 3930 1412 3985; x_wconf 87' lang='lat' dir='ltr'><strong>rediero</strong></span> <span class='ocrx_word' id='word_1_308' title='bbox 1436 3927 1648 3980; x_wconf 89' lang='lat' dir='ltr'><strong>reddam</strong></span> <span class='ocrx_word' id='word_1_309' title='bbox 1683 3925 1793 3978; x_wconf 89' lang='lat' dir='ltr'><strong>tibi.</strong></span> <span class='ocrx_word' id='word_1_310' title='bbox 1829 3925 1958 3989; x_wconf 84' lang='lat' dir='ltr'><strong>Quis</strong></span> <span class='ocrx_word' id='word_1_311' title='bbox 1990 3923 2150 3991; x_wconf 79' lang='lat' dir='ltr'><strong>igitur</strong></span> 
     </span>
    </p>
   </div>
   <div class='ocr_carea' id='block_1_41' title="bbox 583 4016 2149 4094">
    <p class='ocr_par' dir='ltr' id='par_1_41' title="bbox 583 4016 2149 4094">
     <span class='ocr_line' id='line_1_41' title="bbox 583 4016 2149 4094; baseline -0.009 -12"><span class='ocrx_word' id='word_1_312' title='bbox 583 4029 771 4082; x_wconf 81' lang='lat' dir='ltr'><strong>horum</strong></span> <span class='ocrx_word' id='word_1_313' title='bbox 790 4028 947 4080; x_wconf 88' lang='lat' dir='ltr'><strong>trium</strong></span> <span class='ocrx_word' id='word_1_314' title='bbox 970 4026 1243 4094; x_wconf 74' lang='lat' dir='ltr'><strong>proximus</strong></span> <span class='ocrx_word' id='word_1_315' title='bbox 1257 4021 1458 4076; x_wconf 85' lang='lat' dir='ltr'><strong>videtur</strong></span> <span class='ocrx_word' id='word_1_316' title='bbox 1477 4019 1569 4072; x_wconf 86' lang='lat' dir='ltr'><strong>tibi</strong></span> <span class='ocrx_word' id='word_1_317' title='bbox 1593 4019 1618 4087; x_wconf 79' lang='lat' dir='ltr'><strong>f</strong></span> <span class='ocrx_word' id='word_1_318' title='bbox 1617 4018 1755 4071; x_wconf 88' lang='lat' dir='ltr'><strong>uisse</strong></span> <span class='ocrx_word' id='word_1_319' title='bbox 1772 4017 1840 4078; x_wconf 81' lang='lat' dir='ltr'><strong>ei,</strong></span> <span class='ocrx_word' id='word_1_320' title='bbox 1856 4018 1945 4086; x_wconf 88' lang='lat' dir='ltr'><strong>qui</strong></span> <span class='ocrx_word' id='word_1_321' title='bbox 1967 4016 2149 4070; x_wconf 78' lang='lat' dir='ltr'><strong>incidit</strong></span> 
     </span>
    </p>
   </div>
   <div class='ocr_carea' id='block_1_42' title="bbox 579 4106 2152 4177">
    <p class='ocr_par' dir='ltr' id='par_1_42' title="bbox 579 4106 2152 4177">
     <span class='ocr_line' id='line_1_42' title="bbox 579 4106 2152 4177; baseline -0.005 -12"><span class='ocrx_word' id='word_1_322' title='bbox 579 4115 633 4166; x_wconf 87' lang='lat' dir='ltr'><strong>in</strong></span> <span class='ocrx_word' id='word_1_323' title='bbox 661 4113 888 4167; x_wconf 84' lang='lat' dir='ltr'><strong>latrones</strong></span> <span class='ocrx_word' id='word_1_324' title='bbox 909 4113 1016 4167; x_wconf 85' lang='lat' dir='ltr'><strong>?At</strong></span> <span class='ocrx_word' id='word_1_325' title='bbox 1041 4111 1129 4164; x_wconf 81' lang='lat' dir='ltr'><strong>ille</strong></span> <span class='ocrx_word' id='word_1_326' title='bbox 1151 4111 1306 4171; x_wconf 72' lang='lat' dir='ltr'><strong>dixit,</strong></span> <span class='ocrx_word' id='word_1_327' title='bbox 1326 4108 1415 4177; x_wconf 86' lang='lat' dir='ltr'><strong>qui</strong></span> <span class='ocrx_word' id='word_1_328' title='bbox 1435 4107 1556 4176; x_wconf 76' lang='lat' dir='ltr'><strong>fecit</strong></span> <span class='ocrx_word' id='word_1_329' title='bbox 1583 4122 1701 4159; x_wconf 89' lang='lat' dir='ltr'><strong>cum</strong></span> <span class='ocrx_word' id='word_1_330' title='bbox 1735 4106 1829 4158; x_wconf 85' lang='lat' dir='ltr'><strong>illo</strong></span> <span class='ocrx_word' id='word_1_331' title='bbox 1855 4106 2152 4158; x_wconf 86' lang='lat' dir='ltr'><strong>misericor-</strong></span> 
     </span>
    </p>
   </div>
   <div class='ocr_carea' id='block_1_43' title="bbox 585 4197 2152 4265">
    <p class='ocr_par' dir='ltr' id='par_1_43' title="bbox 585 4197 2152 4265">
     <span class='ocr_line' id='line_1_43' title="bbox 585 4197 2152 4265; baseline -0.005 -9"><span class='ocrx_word' id='word_1_332' title='bbox 585 4203 753 4258; x_wconf 88' lang='lat' dir='ltr'><strong>diam.</strong></span> <span class='ocrx_word' id='word_1_333' title='bbox 783 4203 930 4256; x_wconf 78' lang='lat' dir='ltr'><strong>Dixit</strong></span> <span class='ocrx_word' id='word_1_334' title='bbox 954 4212 1126 4256; x_wconf 84' lang='lat' dir='ltr'><strong>autem</strong></span> <span class='ocrx_word' id='word_1_335' title='bbox 1148 4203 1229 4254; x_wconf 89' lang='lat' dir='ltr'><strong>illi</strong></span> <span class='ocrx_word' id='word_1_336' title='bbox 1253 4199 1441 4253; x_wconf 85' lang='lat' dir='ltr'><strong>Jesus:</strong></span> <span class='ocrx_word' id='word_1_337' title='bbox 1470 4197 1633 4260; x_wconf 85' lang='lat' dir='ltr'><strong>Vade,</strong></span> <span class='ocrx_word' id='word_1_338' title='bbox 1657 4208 1706 4252; x_wconf 87' lang='lat' dir='ltr'><strong>et</strong></span> <span class='ocrx_word' id='word_1_339' title='bbox 1735 4209 1790 4250; x_wconf 86' lang='lat' dir='ltr'><strong>tu</strong></span> <span class='ocrx_word' id='word_1_340' title='bbox 1806 4199 1890 4265; x_wconf 80' lang='lat' dir='ltr'><strong>[ac</strong></span> <span class='ocrx_word' id='word_1_341' title='bbox 1907 4198 2152 4250; x_wconf 87' lang='lat' dir='ltr'><strong>similiter</strong></span> 
     </span>
    </p>
   </div>
   <div class='ocr_carea' id='block_1_44' title="bbox 587 4291 2153 4365">
    <p class='ocr_par' dir='ltr' id='par_1_44' title="bbox 587 4291 2153 4365">
     <span class='ocr_line' id='line_1_44' title="bbox 587 4291 2153 4365; baseline -0.003 -16"><span class='ocrx_word' id='word_1_342' title='bbox 587 4295 835 4365; x_wconf 77' lang='lat' dir='ltr'><strong>(l.uc.10.</strong></span> <span class='ocrx_word' id='word_1_343' title='bbox 859 4295 1072 4355; x_wconf 71' lang='lat'><strong>30-57).</strong></span> <span class='ocrx_word' id='word_1_344' title='bbox 1094 4293 1435 4364; x_wconf 66' lang='lat' dir='ltr'><strong>Papa},quod</strong></span> <span class='ocrx_word' id='word_1_345' title='bbox 1463 4293 1807 4346; x_wconf 81' lang='lat' dir='ltr'><strong>miraculum!</strong></span> <span class='ocrx_word' id='word_1_346' title='bbox 1832 4291 1946 4344; x_wconf 79' lang='lat' dir='ltr'><strong>Non</strong></span> <span class='ocrx_word' id='word_1_347' title='bbox 1970 4307 2153 4346; x_wconf 90' lang='lat' dir='ltr'><strong>sacer-</strong></span> 
     </span>
    </p>
   </div>
   <div class='ocr_carea' id='block_1_45' title="bbox 582 4381 2152 4454">
    <p class='ocr_par' dir='ltr' id='par_1_45' title="bbox 582 4381 2152 4454">
     <span class='ocr_line' id='line_1_45' title="bbox 582 4381 2152 4454; baseline -0.006 -10"><span class='ocrx_word' id='word_1_348' title='bbox 582 4390 790 4452; x_wconf 85' lang='lat' dir='ltr'><strong>dotem,</strong></span> <span class='ocrx_word' id='word_1_349' title='bbox 819 4402 924 4442; x_wconf 88' lang='lat' dir='ltr'><strong>nou</strong></span> <span class='ocrx_word' id='word_1_350' title='bbox 961 4385 1199 4440; x_wconf 79' lang='lat' dir='ltr'><strong>Levitam</strong></span> <span class='ocrx_word' id='word_1_351' title='bbox 1227 4386 1364 4438; x_wconf 74' lang='lat' dir='ltr'><strong>dixit</strong></span> <span class='ocrx_word' id='word_1_352' title='bbox 1399 4383 1724 4454; x_wconf 73' lang='lat' dir='ltr'><strong>proximum,</strong></span> <span class='ocrx_word' id='word_1_353' title='bbox 1757 4381 1848 4436; x_wconf 88' lang='lat' dir='ltr'><strong>sed</strong></span> <span class='ocrx_word' id='word_1_354' title='bbox 1883 4397 2029 4447; x_wconf 88' lang='lat' dir='ltr'><strong>eum,</strong></span> <span class='ocrx_word' id='word_1_355' title='bbox 2059 4382 2152 4450; x_wconf 90' lang='lat' dir='ltr'><strong>qui</strong></span> 
     </span>
    </p>
   </div>
   <div class='ocr_carea' id='block_1_46' title="bbox 586 4473 2152 4546">
    <p class='ocr_par' dir='ltr' id='par_1_46' title="bbox 586 4473 2152 4546">
     <span class='ocr_line' id='line_1_46' title="bbox 586 4473 2152 4546; baseline -0.008 -10"><span class='ocrx_word' id='word_1_356' title='bbox 586 4484 816 4536; x_wconf 87' lang='lat' dir='ltr'><strong>decreto</strong></span> <span class='ocrx_word' id='word_1_357' title='bbox 852 4496 880 4534; x_wconf 91' lang='lat' dir='ltr'><strong>a</strong></span> <span class='ocrx_word' id='word_1_358' title='bbox 903 4477 1106 4533; x_wconf 66' lang='lat' dir='ltr'><strong>Judazis</strong></span> <span class='ocrx_word' id='word_1_359' title='bbox 1132 4477 1340 4546; x_wconf 75' lang='lat' dir='ltr'><strong>t-jeetus</strong></span> <span class='ocrx_word' id='word_1_360' title='bbox 1361 4477 1574 4542; x_wconf 86' lang='lat' dir='ltr'><strong>fuerat;</strong></span> <span class='ocrx_word' id='word_1_361' title='bbox 1607 4473 2036 4530; x_wconf 86' lang='lat' dir='ltr'><strong>Samaritanum.</strong></span> <span class='ocrx_word' id='word_1_362' title='bbox 2070 4473 2152 4525; x_wconf 85' lang='lat' dir='ltr'><strong>in-</strong></span> 
     </span>
    </p>
   </div>
   <div class='ocr_carea' id='block_1_47' title="bbox 583 4565 2152 4646">
    <p class='ocr_par' dir='ltr' id='par_1_47' title="bbox 583 4565 2152 4646">
     <span class='ocr_line' id='line_1_47' title="bbox 583 4565 2152 4646; baseline -0.008 -18"><span class='ocrx_word' id='word_1_363' title='bbox 583 4571 1094 4646; x_wconf 78' lang='lat' dir='ltr'><strong>quam,alienum,in</strong></span> <span class='ocrx_word' id='word_1_364' title='bbox 1119 4570 1302 4623; x_wconf 89' lang='lat' dir='ltr'><strong>multis</strong></span> <span class='ocrx_word' id='word_1_365' title='bbox 1321 4566 1961 4638; x_wconf 88' lang='lat' dir='ltr'><strong>blasphemantem,bunc</strong></span> <span class='ocrx_word' id='word_1_366' title='bbox 1976 4565 2152 4619; x_wconf 90' lang='lat' dir='ltr'><strong>solum</strong></span> 
     </span>
    </p>
   </div>
   <div class='ocr_carea' id='block_1_48' title="bbox 584 4653 2154 4731">
    <p class='ocr_par' dir='ltr' id='par_1_48' title="bbox 584 4653 2154 4731">
     <span class='ocr_line' id='line_1_48' title="bbox 584 4653 2154 4731; baseline -0.007 -13"><span class='ocrx_word' id='word_1_367' title='bbox 584 4663 722 4718; x_wconf 81' lang='lat' dir='ltr'><strong>dixit</strong></span> <span class='ocrx_word' id='word_1_368' title='bbox 739 4666 1045 4731; x_wconf 76' lang='lat' dir='ltr'><strong>proximum</strong></span> <span class='ocrx_word' id='word_1_369' title='bbox 1071 4677 1083 4710; x_wconf 91' lang='lat'><strong>:</strong></span> <span class='ocrx_word' id='word_1_370' title='bbox 1107 4661 1235 4728; x_wconf 89' lang='lat' dir='ltr'><strong>quia</strong></span> <span class='ocrx_word' id='word_1_371' title='bbox 1258 4661 1400 4728; x_wconf 86' lang='lat' dir='ltr'><strong>apud</strong></span> <span class='ocrx_word' id='word_1_372' title='bbox 1422 4658 1573 4710; x_wconf 90' lang='lat' dir='ltr'><strong>illum</strong></span> <span class='ocrx_word' id='word_1_373' title='bbox 1600 4657 1817 4710; x_wconf 87' lang='lat' dir='ltr'><strong>inventa</strong></span> <span class='ocrx_word' id='word_1_374' title='bbox 1833 4663 1915 4708; x_wconf 90' lang='lat' dir='ltr'><strong>est</strong></span> <span class='ocrx_word' id='word_1_375' title='bbox 1939 4653 2154 4730; x_wconf 78' lang='lat' dir='ltr'><strong>miseri-</strong></span> 
     </span>
    </p>
   </div>
   <div class='ocr_carea' id='block_1_49' title="bbox 584 4747 2152 4812">
    <p class='ocr_par' dir='ltr' id='par_1_49' title="bbox 584 4747 2152 4812">
     <span class='ocr_line' id='line_1_49' title="bbox 584 4747 2152 4812; baseline -0.007 -2"><span class='ocrx_word' id='word_1_376' title='bbox 584 4751 793 4810; x_wconf 89' lang='lat' dir='ltr'><strong>cordia.</strong></span> <span class='ocrx_word' id='word_1_377' title='bbox 805 4749 929 4806; x_wconf 75' lang='lat' dir='ltr'><strong>Htec</strong></span> <span class='ocrx_word' id='word_1_378' title='bbox 941 4751 1240 4804; x_wconf 83' lang='lat' dir='ltr'><strong>suntverba</strong></span> <span class='ocrx_word' id='word_1_379' title='bbox 1253 4747 1376 4804; x_wconf 85' lang='lat' dir='ltr'><strong>Filii</strong></span> <span class='ocrx_word' id='word_1_380' title='bbox 1397 4747 1638 4812; x_wconf 73' lang='lat' dir='ltr'><strong>Dei,btec</strong></span> <span class='ocrx_word' id='word_1_381' title='bbox 1655 4750 1874 4803; x_wconf 86' lang='lat' dir='ltr'><strong>veniens</strong></span> <span class='ocrx_word' id='word_1_382' title='bbox 1888 4749 1976 4801; x_wconf 89' lang='lat' dir='ltr'><strong>ille</strong></span> <span class='ocrx_word' id='word_1_383' title='bbox 1991 4748 2152 4800; x_wconf 89' lang='lat' dir='ltr'><strong>etiam</strong></span> 
     </span>
    </p>
   </div>
   <div class='ocr_carea' id='block_1_50' title="bbox 587 4828 2154 4908">
    <p class='ocr_par' dir='ltr' id='par_1_50' title="bbox 587 4828 2154 4908">
     <span class='ocr_line' id='line_1_50' title="bbox 587 4828 2154 4908; baseline 0.005 -29"><span class='ocrx_word' id='word_1_384' title='bbox 587 4828 1122 4908; x_wconf 20' lang='lat' dir='ltr'><strong>nperibusyexhibuit</strong></span> <span class='ocrx_word' id='word_1_385' title='bbox 1166 4847 1179 4882; x_wconf 89' lang='lat'><strong>:</strong></span> <span class='ocrx_word' id='word_1_386' title='bbox 1222 4845 1322 4884; x_wconf 89' lang='lat' dir='ltr'><strong>nec</strong></span> <span class='ocrx_word' id='word_1_387' title='bbox 1365 4845 1458 4900; x_wconf 86' lang='lat' dir='ltr'><strong>pro</strong></span> <span class='ocrx_word' id='word_1_388' title='bbox 1505 4831 1689 4883; x_wconf 83' lang='lat' dir='ltr'><strong>amicis</strong></span> <span class='ocrx_word' id='word_1_389' title='bbox 1728 4831 1897 4884; x_wconf 90' lang='lat' dir='ltr'><strong>solum</strong></span> <span class='ocrx_word' id='word_1_390' title='bbox 1945 4842 2000 4885; x_wconf 90' lang='lat' dir='ltr'><strong>et</strong></span> <span class='ocrx_word' id='word_1_391' title='bbox 2044 4835 2154 4888; x_wconf 90' lang='lat' dir='ltr'><strong>suis</strong></span> 
     </span>
    </p>
   </div>
   <div class='ocr_carea' id='block_1_51' title="bbox 588 4914 2155 4992">
    <p class='ocr_par' dir='ltr' id='par_1_51' title="bbox 588 4914 2155 4992">
     <span class='ocr_line' id='line_1_51' title="bbox 588 4914 2155 4992; baseline 0.002 -19"><span class='ocrx_word' id='word_1_392' title='bbox 588 4928 827 4974; x_wconf 87' lang='lat' dir='ltr'><strong>mortuus</strong></span> <span class='ocrx_word' id='word_1_393' title='bbox 853 4928 953 4984; x_wconf 89' lang='lat' dir='ltr'><strong>est,</strong></span> <span class='ocrx_word' id='word_1_394' title='bbox 981 4914 1070 4974; x_wconf 80' lang='lat' dir='ltr'><strong>sed</strong></span> <span class='ocrx_word' id='word_1_395' title='bbox 1100 4935 1194 4989; x_wconf 89' lang='lat' dir='ltr'><strong>pro</strong></span> <span class='ocrx_word' id='word_1_396' title='bbox 1222 4920 1465 4986; x_wconf 87' lang='lat' dir='ltr'><strong>inimicis,</strong></span> <span class='ocrx_word' id='word_1_397' title='bbox 1491 4936 1586 4988; x_wconf 87' lang='lat' dir='ltr'><strong>pro</strong></span> <span class='ocrx_word' id='word_1_398' title='bbox 1613 4922 1870 4992; x_wconf 80' lang='lat' dir='ltr'><strong>tyrannis,</strong></span> <span class='ocrx_word' id='word_1_399' title='bbox 1901 4938 1996 4990; x_wconf 85' lang='lat' dir='ltr'><strong>pro</strong></span> <span class='ocrx_word' id='word_1_400' title='bbox 2023 4939 2155 4992; x_wconf 70' lang='lat' dir='ltr'><strong>prae-</strong></span> 
     </span>
    </p>
   </div>
   <div class='ocr_carea' id='block_1_52' title="bbox 587 5011 2151 5083">
    <p class='ocr_par' dir='ltr' id='par_1_52' title="bbox 587 5011 2151 5083">
     <span class='ocr_line' id='line_1_52' title="bbox 587 5011 2151 5083; baseline 0.001 -16"><span class='ocrx_word' id='word_1_401' title='bbox 587 5011 977 5082; x_wconf 83' lang='lat' dir='ltr'><strong>stigiatoribus,</strong></span> <span class='ocrx_word' id='word_1_402' title='bbox 1007 5027 1103 5081; x_wconf 84' lang='lat' dir='ltr'><strong>pro</strong></span> <span class='ocrx_word' id='word_1_403' title='bbox 1132 5011 1430 5066; x_wconf 89' lang='lat' dir='ltr'><strong>odientihus</strong></span> <span class='ocrx_word' id='word_1_404' title='bbox 1455 5027 1512 5067; x_wconf 93' lang='lat' dir='ltr'><strong>se</strong></span> <span class='ocrx_word' id='word_1_405' title='bbox 1531 5053 1546 5078; x_wconf 95' lang='lat'><strong>,</strong></span> <span class='ocrx_word' id='word_1_406' title='bbox 1580 5029 1676 5083; x_wconf 92' lang='lat' dir='ltr'><strong>pro</strong></span> <span class='ocrx_word' id='word_1_407' title='bbox 1702 5013 2151 5083; x_wconf 84' lang='lat' dir='ltr'><strong>cruciﬁgentibus,</strong></span> 
     </span>
    </p>
   </div>
   <div class='ocr_carea' id='block_1_53' title="bbox 587 5101 2150 5171">
    <p class='ocr_par' dir='ltr' id='par_1_53' title="bbox 587 5101 2150 5171">
     <span class='ocr_line' id='line_1_53' title="bbox 587 5101 2150 5171; baseline 0.003 -16"><span class='ocrx_word' id='word_1_408' title='bbox 587 5118 722 5171; x_wconf 90' lang='lat' dir='ltr'><strong>quos</strong></span> <span class='ocrx_word' id='word_1_409' title='bbox 750 5112 874 5156; x_wconf 87' lang='lat' dir='ltr'><strong>ante</strong></span> <span class='ocrx_word' id='word_1_410' title='bbox 919 5101 1098 5158; x_wconf 91' lang='lat' dir='ltr'><strong>mundi</strong></span> <span class='ocrx_word' id='word_1_411' title='bbox 1125 5103 1557 5158; x_wconf 86' lang='lat' dir='ltr'><strong>constitutionem</strong></span> <span class='ocrx_word' id='word_1_412' title='bbox 1591 5105 1720 5159; x_wconf 87' lang='lat' dir='ltr'><strong>tales</strong></span> <span class='ocrx_word' id='word_1_413' title='bbox 1775 5103 1890 5160; x_wconf 83' lang='lat' dir='ltr'><strong>fore</strong></span> <span class='ocrx_word' id='word_1_414' title='bbox 1933 5109 2150 5170; x_wconf 88' lang='lat' dir='ltr'><strong>sciebat,</strong></span> 
     </span>
    </p>
   </div>
   <div class='ocr_carea' id='block_1_54' title="bbox 588 5194 2152 5266">
    <p class='ocr_par' dir='ltr' id='par_1_54' title="bbox 588 5194 2152 5266">
     <span class='ocr_line' id='line_1_54' title="bbox 588 5194 2152 5266; baseline 0.004 -19"><span class='ocrx_word' id='word_1_415' title='bbox 588 5203 784 5248; x_wconf 88' lang='lat' dir='ltr'><strong>etcum</strong></span> <span class='ocrx_word' id='word_1_416' title='bbox 814 5195 1100 5263; x_wconf 70' lang='lat' dir='ltr'><strong>praesciret,</strong></span> <span class='ocrx_word' id='word_1_417' title='bbox 1131 5196 1358 5257; x_wconf 85' lang='lat' dir='ltr'><strong>creavit,</strong></span> <span class='ocrx_word' id='word_1_418' title='bbox 1389 5194 1622 5250; x_wconf 84' lang='lat' dir='ltr'><strong>bonitate</strong></span> <span class='ocrx_word' id='word_1_419' title='bbox 1649 5210 1742 5249; x_wconf 90' lang='lat' dir='ltr'><strong>sua</strong></span> <span class='ocrx_word' id='word_1_420' title='bbox 1770 5199 2152 5266; x_wconf 67' lang='lat' dir='ltr'><strong>put-scientiam</strong></span> 
     </span>
    </p>
   </div>
   <div class='ocr_carea' id='block_1_55' title="bbox 590 5285 2156 5356">
    <p class='ocr_par' dir='ltr' id='par_1_55' title="bbox 590 5285 2156 5356">
     <span class='ocr_line' id='line_1_55' title="bbox 590 5285 2156 5356; baseline 0.005 -22"><span class='ocrx_word' id='word_1_421' title='bbox 590 5285 806 5338; x_wconf 81' lang='lat' dir='ltr'><strong>vincens</strong></span> <span class='ocrx_word' id='word_1_422' title='bbox 836 5301 849 5337; x_wconf 90' lang='lat'>:</span> <span class='ocrx_word' id='word_1_423' title='bbox 884 5301 978 5354; x_wconf 88' lang='lat' dir='ltr'><strong>pro</strong></span> <span class='ocrx_word' id='word_1_424' title='bbox 1023 5285 1194 5355; x_wconf 87' lang='lat' dir='ltr'><strong>iisque</strong></span> <span class='ocrx_word' id='word_1_425' title='bbox 1241 5287 1547 5353; x_wconf 86' lang='lat' dir='ltr'><strong>sanguinem</strong></span> <span class='ocrx_word' id='word_1_426' title='bbox 1578 5301 1730 5340; x_wconf 89' lang='lat' dir='ltr'><strong>suum</strong></span> <span class='ocrx_word' id='word_1_427' title='bbox 1771 5287 1920 5352; x_wconf 83' lang='lat' dir='ltr'><strong>fudit,</strong></span> <span class='ocrx_word' id='word_1_428' title='bbox 1955 5303 2049 5356; x_wconf 82' lang='lat' dir='ltr'><strong>pro</strong></span> <span class='ocrx_word' id='word_1_429' title='bbox 2093 5289 2156 5342; x_wconf 90' lang='lat' dir='ltr'><strong>iis</strong></span> 
     </span>
    </p>
   </div>
   <div class='ocr_carea' id='block_1_56' title="bbox 590 5373 2155 5446">
    <p class='ocr_par' dir='ltr' id='par_1_56' title="bbox 590 5373 2155 5446">
     <span class='ocr_line' id='line_1_56' title="bbox 590 5373 2155 5446; baseline 0.002 -19"><span class='ocrx_word' id='word_1_430' title='bbox 590 5373 786 5427; x_wconf 86' lang='lat' dir='ltr'><strong>necarii</strong></span> <span class='ocrx_word' id='word_1_431' title='bbox 814 5389 873 5428; x_wconf 86' lang='lat' dir='ltr'><strong>se</strong></span> <span class='ocrx_word' id='word_1_432' title='bbox 901 5388 1086 5442; x_wconf 88' lang='lat' dir='ltr'><strong>passus</strong></span> <span class='ocrx_word' id='word_1_433' title='bbox 1113 5382 1213 5428; x_wconf 89' lang='lat' dir='ltr'><strong>est.</strong></span> <span class='ocrx_word' id='word_1_434' title='bbox 1243 5373 1404 5427; x_wconf 86' lang='lat' dir='ltr'><strong>Panis</strong></span> <span class='ocrx_word' id='word_1_435' title='bbox 1433 5376 1572 5428; x_wconf 89' lang='lat' dir='ltr'><strong>enim</strong></span> <span class='ocrx_word' id='word_1_436' title='bbox 1593 5415 1608 5441; x_wconf 89' lang='lat'><strong>,</strong></span> <span class='ocrx_word' id='word_1_437' title='bbox 1647 5377 1807 5446; x_wconf 89' lang='lat' dir='ltr'><strong>inquit</strong></span> <span class='ocrx_word' id='word_1_438' title='bbox 1832 5417 1846 5441; x_wconf 96' lang='lat'><strong>,</strong></span> <span class='ocrx_word' id='word_1_439' title='bbox 1894 5394 2009 5430; x_wconf 88' lang='lat' dir='ltr'><strong>caro</strong></span> <span class='ocrx_word' id='word_1_440' title='bbox 2049 5395 2155 5432; x_wconf 87' lang='lat' dir='ltr'><strong>mea</strong></span> 
     </span>
    </p>
   </div>
   <div class='ocr_carea' id='block_1_57' title="bbox 589 5462 2156 5535">
    <p class='ocr_par' dir='ltr' id='par_1_57' title="bbox 589 5462 2156 5535">
     <span class='ocr_line' id='line_1_57' title="bbox 589 5462 2156 5535; baseline 0.006 -23"><span class='ocrx_word' id='word_1_441' title='bbox 589 5470 660 5512; x_wconf 84' lang='lat' dir='ltr'><strong>est</strong></span> <span class='ocrx_word' id='word_1_442' title='bbox 684 5499 699 5523; x_wconf 94' lang='lat'><strong>,</strong></span> <span class='ocrx_word' id='word_1_443' title='bbox 745 5476 894 5527; x_wconf 85' lang='lat' dir='ltr'><strong>quant</strong></span> <span class='ocrx_word' id='word_1_444' title='bbox 933 5471 1024 5526; x_wconf 86' lang='lat' dir='ltr'><strong>ego</strong></span> <span class='ocrx_word' id='word_1_445' title='bbox 1057 5462 1184 5515; x_wconf 85' lang='lat' dir='ltr'><strong>dabo</strong></span> <span class='ocrx_word' id='word_1_446' title='bbox 1213 5479 1307 5531; x_wconf 85' lang='lat' dir='ltr'><strong>pro</strong></span> <span class='ocrx_word' id='word_1_447' title='bbox 1337 5463 1508 5515; x_wconf 89' lang='lat' dir='ltr'><strong>mundi</strong></span> <span class='ocrx_word' id='word_1_448' title='bbox 1539 5467 1637 5516; x_wconf 81' lang='lat' dir='ltr'><strong>vita</strong></span> <span class='ocrx_word' id='word_1_449' title='bbox 1668 5463 1842 5535; x_wconf 82' lang='lat' dir='ltr'><strong>(Joan.</strong></span> <span class='ocrx_word' id='word_1_450' title='bbox 1869 5465 1920 5519; x_wconf 84' lang='lat'><strong>6.</strong></span> <span class='ocrx_word' id='word_1_451' title='bbox 1948 5465 2058 5534; x_wconf 74' lang='lat'><strong>59.).</strong></span> <span class='ocrx_word' id='word_1_452' title='bbox 2090 5469 2156 5522; x_wconf 82' lang='lat' dir='ltr'><strong>Et</strong></span> 
     </span>
    </p>
   </div>
   <div class='ocr_carea' id='block_1_58' title="bbox 591 5550 2156 5622">
    <p class='ocr_par' dir='ltr' id='par_1_58' title="bbox 591 5550 2156 5622">
     <span class='ocr_line' id='line_1_58' title="bbox 591 5550 2156 5622; baseline 0.004 -16"><span class='ocrx_word' id='word_1_453' title='bbox 591 5551 784 5606; x_wconf 83' lang='lat' dir='ltr'><strong>Paulus</strong></span> <span class='ocrx_word' id='word_1_454' title='bbox 815 5550 929 5606; x_wconf 65' lang='lat' dir='ltr'><strong>base</strong></span> <span class='ocrx_word' id='word_1_455' title='bbox 952 5567 1046 5622; x_wconf 89' lang='lat' dir='ltr'><strong>per</strong></span> <span class='ocrx_word' id='word_1_456' title='bbox 1068 5554 1347 5622; x_wconf 84' lang='lat' dir='ltr'><strong>epistolam</strong></span> <span class='ocrx_word' id='word_1_457' title='bbox 1387 5555 1517 5609; x_wconf 88' lang='lat' dir='ltr'><strong>dicit</strong></span> <span class='ocrx_word' id='word_1_458' title='bbox 1541 5572 1554 5607; x_wconf 90' lang='lat'>:</span> <span class='ocrx_word' id='word_1_459' title='bbox 1589 5554 1652 5608; x_wconf 88' lang='lat' dir='ltr'><strong>Si</strong></span> <span class='ocrx_word' id='word_1_460' title='bbox 1677 5557 1809 5609; x_wconf 86' lang='lat' dir='ltr'><strong>enim</strong></span> <span class='ocrx_word' id='word_1_461' title='bbox 1828 5558 1940 5610; x_wconf 85' lang='lat' dir='ltr'><strong>cum</strong></span> <span class='ocrx_word' id='word_1_462' title='bbox 1969 5559 2156 5612; x_wconf 85' lang='lat' dir='ltr'><strong>inimici</strong></span> 
     </span>
    </p>
   </div>
   <div class='ocr_carea' id='block_1_59' title="bbox 655 5683 2154 5754">
    <p class='ocr_par' dir='ltr' id='par_1_59' title="bbox 655 5683 2154 5754">
     <span class='ocr_line' id='line_1_59' title="bbox 655 5683 2154 5754; baseline 0.008 -23"><span class='ocrx_word' id='word_1_463' title='bbox 655 5686 671 5716; x_wconf 79' lang='grc' dir='ltr'>ί</span> <span class='ocrx_word' id='word_1_464' title='bbox 709 5691 832 5754; x_wconf 70' lang='lat' dir='ltr'><strong>tta-c,</strong></span> <span class='ocrx_word' id='word_1_465' title='bbox 857 5683 939 5747; x_wconf 86' lang='lat' dir='ltr'><strong>qui</strong></span> <span class='ocrx_word' id='word_1_466' title='bbox 973 5685 1259 5754; x_wconf 56' lang='lat' dir='ltr'><strong>nesciunt...</strong></span> <span class='ocrx_word' id='word_1_467' title='bbox 1280 5694 1324 5737; x_wconf 86' lang='lat' dir='ltr'><strong>et</strong></span> <span class='ocrx_word' id='word_1_468' title='bbox 1359 5688 1757 5754; x_wconf 66' lang='lat' dir='ltr'><strong>anathematizare</strong></span> <span class='ocrx_word' id='word_1_469' title='bbox 1787 5703 1894 5754; x_wconf 67' lang='lat' dir='ltr'><strong>quae</strong></span> <span class='ocrx_word' id='word_1_470' title='bbox 1923 5692 2154 5754; x_wconf 78' lang='lat' dir='ltr'><strong>nesciant,</strong></span> 
     </span>
    </p>
   </div>
   <div class='ocr_carea' id='block_1_60' title="bbox 593 5745 1646 5808">
    <p class='ocr_par' dir='ltr' id='par_1_60' title="bbox 593 5745 1646 5808">
     <span class='ocr_line' id='line_1_60' title="bbox 593 5745 1646 5808; baseline 0.009 -16"><span class='ocrx_word' id='word_1_471' title='bbox 593 5745 720 5804; x_wconf 69' lang='lat' dir='ltr'><strong>haec,</strong></span> <span class='ocrx_word' id='word_1_472' title='bbox 745 5745 953 5808; x_wconf 81' lang='lat' dir='ltr'><strong>inquam,</strong></span> <span class='ocrx_word' id='word_1_473' title='bbox 972 5749 1126 5797; x_wconf 87' lang='lat' dir='ltr'><strong>omnia</strong></span> <span class='ocrx_word' id='word_1_474' title='bbox 1147 5749 1322 5799; x_wconf 82' lang='lat' dir='ltr'><strong>desunt</strong></span> <span class='ocrx_word' id='word_1_475' title='bbox 1345 5767 1392 5799; x_wconf 87' lang='grc' dir='ltr'>ιιι</span> <span class='ocrx_word' id='word_1_476' title='bbox 1415 5753 1646 5803; x_wconf 73' lang='lat' dir='ltr'><strong>Vaticano.</strong></span> 
     </span>
    </p>
   </div>
   <div class='ocr_carea' id='block_1_61' title="bbox 1261 339 3063 411">
    <p class='ocr_par' dir='ltr' id='par_1_61' title="bbox 1261 339 3063 411">
     <span class='ocr_line' id='line_1_61' title="bbox 1261 339 3063 411; baseline -0.009 0"><span class='ocrx_word' id='word_1_477' title='bbox 1261 355 1320 411; x_wconf 87' lang='lat' dir='ltr'><strong>S.</strong></span> <span class='ocrx_word' id='word_1_478' title='bbox 1358 349 1632 410; x_wconf 77' lang='lat' dir='ltr'><strong>JOANNIS</strong></span> <span class='ocrx_word' id='word_1_479' title='bbox 1657 343 2129 405; x_wconf 72' lang='lat' dir='ltr'><strong>CllRYSOSTOMl</strong></span> <span class='ocrx_word' id='word_1_480' title='bbox 2169 339 2486 398; x_wconf 75' lang='lat' dir='ltr'><strong>ARCHIEP.</strong></span> <span class='ocrx_word' id='word_1_481' title='bbox 2527 341 3063 400; x_wconf 77' lang='lat' dir='ltr'><strong>CONSTANTINOP.</strong></span> 
     </span>
    </p>
   </div>
   <div class='ocr_carea' id='block_1_62' title="bbox 3675 342 3776 396">
    <p class='ocr_par' dir='ltr' id='par_1_62' title="bbox 3675 342 3776 396">
     <span class='ocr_line' id='line_1_62' title="bbox 3675 342 3776 396; baseline 0.05 -10"><span class='ocrx_word' id='word_1_482' title='bbox 3675 342 3776 396; x_wconf 68' lang='lat'><strong>919.</strong></span> 
     </span>
    </p>
   </div>
   <div class='ocr_carea' id='block_1_63' title="bbox 2200 452 3780 524">
    <p class='ocr_par' dir='ltr' id='par_1_63' title="bbox 2200 452 3780 524">
     <span class='ocr_line' id='line_1_63' title="bbox 2200 452 3780 524; baseline -0.003 -13"><span class='ocrx_word' id='word_1_483' title='bbox 2200 473 2417 511; x_wconf 85' lang='lat' dir='ltr'><strong>essemus</strong></span> <span class='ocrx_word' id='word_1_484' title='bbox 2437 498 2450 522; x_wconf 94' lang='lat'><strong>,</strong></span> <span class='ocrx_word' id='word_1_485' title='bbox 2492 457 2801 511; x_wconf 85' lang='lat' dir='ltr'><strong>reconciliati</strong></span> <span class='ocrx_word' id='word_1_486' title='bbox 2843 472 3016 510; x_wconf 88' lang='lat' dir='ltr'><strong>sumus</strong></span> <span class='ocrx_word' id='word_1_487' title='bbox 3040 453 3151 508; x_wconf 87' lang='lat' dir='ltr'><strong>Deo</strong></span> <span class='ocrx_word' id='word_1_488' title='bbox 3175 470 3264 524; x_wconf 85' lang='lat' dir='ltr'><strong>per</strong></span> <span class='ocrx_word' id='word_1_489' title='bbox 3292 464 3505 507; x_wconf 86' lang='lat' dir='ltr'><strong>mortem</strong></span> <span class='ocrx_word' id='word_1_490' title='bbox 3529 452 3656 508; x_wconf 82' lang='lat' dir='ltr'><strong>Filii</strong></span> <span class='ocrx_word' id='word_1_491' title='bbox 3676 457 3780 524; x_wconf 73' lang='lat' dir='ltr'><strong>ejus</strong></span> 
     </span>
    </p>
   </div>
   <div class='ocr_carea' id='block_1_64' title="bbox 2203 543 3780 620">
    <p class='ocr_par' dir='ltr' id='par_1_64' title="bbox 2203 543 3780 620">
     <span class='ocr_line' id='line_1_64' title="bbox 2203 543 3780 620; baseline -0.004 -19"><span class='ocrx_word' id='word_1_492' title='bbox 2203 545 2629 620; x_wconf 69' lang='lat' dir='ltr'><strong>(Rom.5.10);</strong></span> <span class='ocrx_word' id='word_1_493' title='bbox 2677 561 2998 616; x_wconf 85' lang='lat' dir='ltr'><strong>rursumque</strong></span> <span class='ocrx_word' id='word_1_494' title='bbox 3045 545 3100 599; x_wconf 89' lang='lat' dir='ltr'><strong>in</strong></span> <span class='ocrx_word' id='word_1_495' title='bbox 3145 545 3378 614; x_wconf 88' lang='lat' dir='ltr'><strong>Epistola</strong></span> <span class='ocrx_word' id='word_1_496' title='bbox 3415 543 3487 597; x_wconf 91' lang='lat' dir='ltr'><strong>ad</strong></span> <span class='ocrx_word' id='word_1_497' title='bbox 3531 543 3780 597; x_wconf 66' lang='lat' dir='ltr'><strong>Hebraeos</strong></span> 
     </span>
    </p>
   </div>
   <div class='ocr_carea' id='block_1_65' title="bbox 2202 633 3781 708">
    <p class='ocr_par' dir='ltr' id='par_1_65' title="bbox 2202 633 3781 708">
     <span class='ocr_line' id='line_1_65' title="bbox 2202 633 3781 708; baseline -0.002 -16"><span class='ocrx_word' id='word_1_498' title='bbox 2202 637 2332 692; x_wconf 90' lang='lat' dir='ltr'><strong>dicit</strong></span> <span class='ocrx_word' id='word_1_499' title='bbox 2374 653 2496 692; x_wconf 91' lang='lat' dir='ltr'><strong>eum</strong></span> <span class='ocrx_word' id='word_1_500' title='bbox 2540 653 2638 708; x_wconf 90' lang='lat' dir='ltr'><strong>pro</strong></span> <span class='ocrx_word' id='word_1_501' title='bbox 2683 637 2946 692; x_wconf 86' lang='lat' dir='ltr'><strong>universis</strong></span> <span class='ocrx_word' id='word_1_502' title='bbox 2994 645 3234 706; x_wconf 75' lang='lat' dir='ltr'><strong>gustasse</strong></span> <span class='ocrx_word' id='word_1_503' title='bbox 3292 646 3522 690; x_wconf 89' lang='lat' dir='ltr'><strong>mortem</strong></span> <span class='ocrx_word' id='word_1_504' title='bbox 3575 633 3781 706; x_wconf 81' lang='lat' dir='ltr'><strong>(Hebr.</strong></span> 
     </span>
    </p>
   </div>
   <div class='ocr_carea' id='block_1_66' title="bbox 2202 728 2382 800">
    <p class='ocr_par' dir='ltr' id='par_1_66' title="bbox 2202 728 2382 800">
     <span class='ocr_line' id='line_1_66' title="bbox 2202 728 2382 800; baseline -0.022 -17"><span class='ocrx_word' id='word_1_505' title='bbox 2202 728 2256 783; x_wconf 76' lang='lat'><strong>2.</strong></span> <span class='ocrx_word' id='word_1_506' title='bbox 2289 728 2382 800; x_wconf 87' lang='lat'><strong>9).</strong></span> 
     </span>
    </p>
   </div>
   <div class='ocr_carea' id='block_1_67' title="bbox 2274 819 3786 890">
    <p class='ocr_par' dir='ltr' id='par_1_67' title="bbox 2274 819 3786 890">
     <span class='ocr_line' id='line_1_67' title="bbox 2274 819 3786 890; baseline 0.001 -16"><span class='ocrx_word' id='word_1_507' title='bbox 2274 821 2556 874; x_wconf 83' lang='lat' dir='ltr'><strong>Anathema</strong></span> <span class='ocrx_word' id='word_1_508' title='bbox 2585 837 2685 875; x_wconf 89' lang='lat' dir='ltr'><strong>non</strong></span> <span class='ocrx_word' id='word_1_509' title='bbox 2715 821 2810 875; x_wconf 83' lang='lat' dir='ltr'><strong>leui</strong></span> <span class='ocrx_word' id='word_1_510' title='bbox 2851 820 2914 874; x_wconf 90' lang='lat' dir='ltr'><strong>de</strong></span> <span class='ocrx_word' id='word_1_511' title='bbox 2954 836 3108 873; x_wconf 88' lang='lat' dir='ltr'><strong>causa</strong></span> <span class='ocrx_word' id='word_1_512' title='bbox 3148 819 3369 890; x_wconf 85' lang='lat' dir='ltr'><strong>cuipiam</strong></span> <span class='ocrx_word' id='word_1_513' title='bbox 3393 820 3688 875; x_wconf 70' lang='lat' dir='ltr'><strong>dicendus.</strong></span> <span class='ocrx_word' id='word_1_514' title='bbox 3718 851 3786 864; x_wconf 89' lang='lat'><strong>—-</strong></span> 
     </span>
    </p>
   </div>
   <div class='ocr_carea' id='block_1_68' title="bbox 2207 912 3786 984">
    <p class='ocr_par' dir='ltr' id='par_1_68' title="bbox 2207 912 3786 984">
     <span class='ocr_line' id='line_1_68' title="bbox 2207 912 3786 984; baseline 0.001 -17"><span class='ocrx_word' id='word_1_515' title='bbox 2207 912 2262 968; x_wconf 90' lang='lat' dir='ltr'><strong>Si</strong></span> <span class='ocrx_word' id='word_1_516' title='bbox 2289 914 2466 984; x_wconf 91' lang='lat' dir='ltr'><strong>itaque</strong></span> <span class='ocrx_word' id='word_1_517' title='bbox 2496 913 2609 970; x_wconf 74' lang='lat' dir='ltr'><strong>htec</strong></span> <span class='ocrx_word' id='word_1_518' title='bbox 2636 915 2702 969; x_wconf 89' lang='lat' dir='ltr'><strong>ab</strong></span> <span class='ocrx_word' id='word_1_519' title='bbox 2725 915 2840 983; x_wconf 90' lang='lat' dir='ltr'><strong>ipso</strong></span> <span class='ocrx_word' id='word_1_520' title='bbox 2865 923 3010 984; x_wconf 84' lang='lat' dir='ltr'><strong>gesta</strong></span> <span class='ocrx_word' id='word_1_521' title='bbox 3039 923 3183 978; x_wconf 87' lang='lat' dir='ltr'><strong>sunt,</strong></span> <span class='ocrx_word' id='word_1_522' title='bbox 3211 924 3266 968; x_wconf 90' lang='lat' dir='ltr'><strong>et</strong></span> <span class='ocrx_word' id='word_1_523' title='bbox 3294 914 3484 968; x_wconf 90' lang='lat' dir='ltr'><strong>borum</strong></span> <span class='ocrx_word' id='word_1_524' title='bbox 3515 927 3675 984; x_wconf 81' lang='lat' dir='ltr'><strong>typos</strong></span> <span class='ocrx_word' id='word_1_525' title='bbox 3696 931 3786 968; x_wconf 78' lang='lat' dir='ltr'><strong>es-</strong></span> 
     </span>
    </p>
   </div>
   <div class='ocr_carea' id='block_1_69' title="bbox 2209 1005 3789 1074">
    <p class='ocr_par' dir='ltr' id='par_1_69' title="bbox 2209 1005 3789 1074">
     <span class='ocr_line' id='line_1_69' title="bbox 2209 1005 3789 1074; baseline 0.001 -16"><span class='ocrx_word' id='word_1_526' title='bbox 2209 1005 2390 1074; x_wconf 89' lang='lat' dir='ltr'><strong>primit</strong></span> <span class='ocrx_word' id='word_1_527' title='bbox 2431 1005 2665 1059; x_wconf 89' lang='lat' dir='ltr'><strong>Ecelesia</strong></span> <span class='ocrx_word' id='word_1_528' title='bbox 2692 1045 2708 1070; x_wconf 91' lang='lat'><strong>,</strong></span> <span class='ocrx_word' id='word_1_529' title='bbox 2751 1005 2876 1058; x_wconf 92' lang='lat' dir='ltr'><strong>dum</strong></span> <span class='ocrx_word' id='word_1_530' title='bbox 2927 1006 3146 1073; x_wconf 80' lang='lat' dir='ltr'><strong>singulis</strong></span> <span class='ocrx_word' id='word_1_531' title='bbox 3176 1005 3363 1060; x_wconf 88' lang='lat' dir='ltr'><strong>diebus</strong></span> <span class='ocrx_word' id='word_1_532' title='bbox 3393 1021 3492 1074; x_wconf 89' lang='lat' dir='ltr'><strong>pro</strong></span> <span class='ocrx_word' id='word_1_533' title='bbox 3527 1008 3789 1060; x_wconf 81' lang='lat' dir='ltr'><strong>universis</strong></span> 
     </span>
    </p>
   </div>
   <div class='ocr_carea' id='block_1_70' title="bbox 2213 1094 3722 1166">
    <p class='ocr_par' dir='ltr' id='par_1_70' title="bbox 2213 1094 3722 1166">
     <span class='ocr_line' id='line_1_70' title="bbox 2213 1094 3722 1166; baseline 0.001 -19"><span class='ocrx_word' id='word_1_534' title='bbox 2213 1094 2543 1164; x_wconf 87' lang='lat' dir='ltr'><strong>precationes</strong></span> <span class='ocrx_word' id='word_1_535' title='bbox 2574 1094 2759 1160; x_wconf 85' lang='lat' dir='ltr'><strong>fundit,</strong></span> <span class='ocrx_word' id='word_1_536' title='bbox 2791 1095 3056 1164; x_wconf 91' lang='lat' dir='ltr'><strong>quomodo</strong></span> <span class='ocrx_word' id='word_1_537' title='bbox 3091 1104 3144 1148; x_wconf 94' lang='lat' dir='ltr'><strong>tu</strong></span> <span class='ocrx_word' id='word_1_538' title='bbox 3173 1095 3338 1148; x_wconf 90' lang='lat' dir='ltr'><strong>audes</strong></span> <span class='ocrx_word' id='word_1_539' title='bbox 3381 1095 3505 1149; x_wconf 87' lang='lat' dir='ltr'><strong>talia</strong></span> <span class='ocrx_word' id='word_1_540' title='bbox 3533 1097 3722 1166; x_wconf 76' lang='lat' dir='ltr'><strong>loqui?</strong></span> 
     </span>
    </p>
   </div>
   <div class='ocr_carea' id='block_1_71' title="bbox 2281 1185 3791 1255">
    <p class='ocr_par' dir='ltr' id='par_1_71' title="bbox 2281 1185 3791 1255">
     <span class='ocr_line' id='line_1_71' title="bbox 2281 1185 3791 1255; baseline 0.001 -20"><span class='ocrx_word' id='word_1_541' title='bbox 2281 1185 2562 1237; x_wconf 81' lang='lat' dir='ltr'><strong>Anathema</strong></span> <span class='ocrx_word' id='word_1_542' title='bbox 2603 1186 2874 1254; x_wconf 89' lang='lat' dir='ltr'><strong>aliquando</strong></span> <span class='ocrx_word' id='word_1_543' title='bbox 2919 1202 3010 1255; x_wconf 83' lang='lat' dir='ltr'><strong>pro</strong></span> <span class='ocrx_word' id='word_1_544' title='bbox 3030 1187 3112 1254; x_wconf 88' lang='lat' dir='ltr'><strong>pio</strong></span> <span class='ocrx_word' id='word_1_545' title='bbox 3155 1202 3360 1239; x_wconf 83' lang='lat' dir='ltr'><strong>munere</strong></span> <span class='ocrx_word' id='word_1_546' title='bbox 3405 1188 3676 1253; x_wconf 77' lang='lat' dir='ltr'><strong>accipitur.</strong></span> <span class='ocrx_word' id='word_1_547' title='bbox 3723 1217 3791 1226; x_wconf 87' lang='lat'><strong>-——</strong></span> 
     </span>
    </p>
   </div>
   <div class='ocr_carea' id='block_1_72' title="bbox 2212 1275 3791 1345">
    <p class='ocr_par' dir='ltr' id='par_1_72' title="bbox 2212 1275 3791 1345">
     <span class='ocr_line' id='line_1_72' title="bbox 2212 1275 3791 1345; baseline -0.003 -15"><span class='ocrx_word' id='word_1_548' title='bbox 2212 1275 2364 1340; x_wconf 85' lang='lat' dir='ltr'><strong>Nam,</strong></span> <span class='ocrx_word' id='word_1_549' title='bbox 2394 1291 2592 1345; x_wconf 76' lang='lat' dir='ltr'><strong>quzeso,</strong></span> <span class='ocrx_word' id='word_1_550' title='bbox 2626 1275 2749 1342; x_wconf 87' lang='lat' dir='ltr'><strong>quid</strong></span> <span class='ocrx_word' id='word_1_551' title='bbox 2777 1275 2903 1329; x_wconf 92' lang='lat' dir='ltr'><strong>illud</strong></span> <span class='ocrx_word' id='word_1_552' title='bbox 2949 1284 3030 1329; x_wconf 90' lang='lat' dir='ltr'><strong>est</strong></span> <span class='ocrx_word' id='word_1_553' title='bbox 3055 1276 3193 1345; x_wconf 89' lang='lat' dir='ltr'><strong>quod</strong></span> <span class='ocrx_word' id='word_1_554' title='bbox 3227 1286 3280 1329; x_wconf 92' lang='lat' dir='ltr'><strong>tu</strong></span> <span class='ocrx_word' id='word_1_555' title='bbox 3309 1275 3596 1330; x_wconf 86' lang='lat' dir='ltr'><strong>anathema</strong></span> <span class='ocrx_word' id='word_1_556' title='bbox 3623 1277 3791 1330; x_wconf 76' lang='lat' dir='ltr'><strong>dicis?</strong></span> 
     </span>
    </p>
   </div>
   <div class='ocr_carea' id='block_1_73' title="bbox 2214 1364 3790 1436">
    <p class='ocr_par' dir='ltr' id='par_1_73' title="bbox 2214 1364 3790 1436">
     <span class='ocr_line' id='line_1_73' title="bbox 2214 1364 3790 1436; baseline -0.001 -17"><span class='ocrx_word' id='word_1_557' title='bbox 2214 1366 2346 1421; x_wconf 81' lang='lat' dir='ltr'><strong>Vide</strong></span> <span class='ocrx_word' id='word_1_558' title='bbox 2366 1364 2490 1436; x_wconf 90' lang='lat' dir='ltr'><strong>quid</strong></span> <span class='ocrx_word' id='word_1_559' title='bbox 2511 1366 2684 1431; x_wconf 84' lang='lat' dir='ltr'><strong>dicas;</strong></span> <span class='ocrx_word' id='word_1_560' title='bbox 2711 1381 2970 1436; x_wconf 88' lang='lat' dir='ltr'><strong>cognosce</strong></span> <span class='ocrx_word' id='word_1_561' title='bbox 3014 1367 3138 1436; x_wconf 91' lang='lat' dir='ltr'><strong>quid</strong></span> <span class='ocrx_word' id='word_1_562' title='bbox 3186 1367 3437 1435; x_wconf 87' lang='lat' dir='ltr'><strong>loqueris,</strong></span> <span class='ocrx_word' id='word_1_563' title='bbox 3470 1367 3670 1420; x_wconf 82' lang='lat' dir='ltr'><strong>nostin‘</strong></span> <span class='ocrx_word' id='word_1_564' title='bbox 3696 1384 3790 1419; x_wconf 87' lang='lat' dir='ltr'><strong>no-</strong></span> 
     </span>
    </p>
   </div>
   <div class='ocr_carea' id='block_1_74' title="bbox 2215 1455 3792 1526">
    <p class='ocr_par' dir='ltr' id='par_1_74' title="bbox 2215 1455 3792 1526">
     <span class='ocr_line' id='line_1_74' title="bbox 2215 1455 3792 1526; baseline 0 -16"><span class='ocrx_word' id='word_1_565' title='bbox 2215 1456 2373 1510; x_wconf 89' lang='lat' dir='ltr'><strong>minis</strong></span> <span class='ocrx_word' id='word_1_566' title='bbox 2402 1455 2620 1510; x_wconf 85' lang='lat' dir='ltr'><strong>vim?In</strong></span> <span class='ocrx_word' id='word_1_567' title='bbox 2652 1457 2832 1510; x_wconf 91' lang='lat' dir='ltr'><strong>divina</strong></span> <span class='ocrx_word' id='word_1_568' title='bbox 2859 1457 3037 1524; x_wconf 88' lang='lat' dir='ltr'><strong>utique</strong></span> <span class='ocrx_word' id='word_1_569' title='bbox 3077 1456 3346 1524; x_wconf 86' lang='lat' dir='ltr'><strong>Scriptura</strong></span> <span class='ocrx_word' id='word_1_570' title='bbox 3385 1457 3514 1511; x_wconf 92' lang='lat' dir='ltr'><strong>illud</strong></span> <span class='ocrx_word' id='word_1_571' title='bbox 3559 1459 3792 1526; x_wconf 77' lang='lat' dir='ltr'><strong>reperies</strong></span> 
     </span>
    </p>
   </div>
   <div class='ocr_carea' id='block_1_75' title="bbox 2217 1545 3794 1600">
    <p class='ocr_par' dir='ltr' id='par_1_75' title="bbox 2217 1545 3794 1600">
     <span class='ocr_line' id='line_1_75' title="bbox 2217 1545 3794 1600; baseline -0.001 -1"><span class='ocrx_word' id='word_1_572' title='bbox 2217 1545 2284 1599; x_wconf 90' lang='lat' dir='ltr'><strong>de</strong></span> <span class='ocrx_word' id='word_1_573' title='bbox 2303 1545 2514 1599; x_wconf 83' lang='lat' dir='ltr'><strong>Jericho</strong></span> <span class='ocrx_word' id='word_1_574' title='bbox 2543 1546 2738 1600; x_wconf 87' lang='lat' dir='ltr'><strong>dictum</strong></span> <span class='ocrx_word' id='word_1_575' title='bbox 2767 1564 2780 1598; x_wconf 90' lang='lat'><strong>:</strong></span> <span class='ocrx_word' id='word_1_576' title='bbox 2814 1545 2880 1598; x_wconf 89' lang='lat' dir='ltr'><strong>Et</strong></span> <span class='ocrx_word' id='word_1_577' title='bbox 2901 1545 3341 1599; x_wconf 79' lang='lat' dir='ltr'><strong>anathematizabis</strong></span> <span class='ocrx_word' id='word_1_578' title='bbox 3361 1556 3518 1598; x_wconf 89' lang='lat' dir='ltr'><strong>totam</strong></span> <span class='ocrx_word' id='word_1_579' title='bbox 3541 1549 3794 1599; x_wconf 70' lang='lat' dir='ltr'><strong>civitatein</strong></span> 
     </span>
    </p>
   </div>
   <div class='ocr_carea' id='block_1_76' title="bbox 2218 1635 3794 1707">
    <p class='ocr_par' dir='ltr' id='par_1_76' title="bbox 2218 1635 3794 1707">
     <span class='ocr_line' id='line_1_76' title="bbox 2218 1635 3794 1707; baseline 0.001 -18"><span class='ocrx_word' id='word_1_580' title='bbox 2218 1635 2435 1689; x_wconf 88' lang='lat' dir='ltr'><strong>Domino</strong></span> <span class='ocrx_word' id='word_1_581' title='bbox 2465 1635 2574 1689; x_wconf 87' lang='lat' dir='ltr'><strong>Deo</strong></span> <span class='ocrx_word' id='word_1_582' title='bbox 2601 1647 2683 1704; x_wconf 88' lang='lat' dir='ltr'><strong>tuo</strong></span> <span class='ocrx_word' id='word_1_583' title='bbox 2711 1636 2844 1707; x_wconf 78' lang='lat' dir='ltr'><strong>(Jos.</strong></span> <span class='ocrx_word' id='word_1_584' title='bbox 2873 1639 2924 1692; x_wconf 87' lang='lat'><strong>6.</strong></span> <span class='ocrx_word' id='word_1_585' title='bbox 2959 1639 3069 1707; x_wconf 85' lang='grc'><strong>17).</strong></span> <span class='ocrx_word' id='word_1_586' title='bbox 3099 1638 3161 1691; x_wconf 84' lang='lat' dir='ltr'><strong>Et</strong></span> <span class='ocrx_word' id='word_1_587' title='bbox 3192 1653 3352 1706; x_wconf 89' lang='lat' dir='ltr'><strong>penes</strong></span> <span class='ocrx_word' id='word_1_588' title='bbox 3397 1654 3498 1692; x_wconf 90' lang='lat' dir='ltr'><strong>nos</strong></span> <span class='ocrx_word' id='word_1_589' title='bbox 3535 1639 3794 1694; x_wconf 85' lang='lat' dir='ltr'><strong>hactenus</strong></span> 
     </span>
    </p>
   </div>
   <div class='ocr_carea' id='block_1_77' title="bbox 2223 1727 3796 1796">
    <p class='ocr_par' dir='ltr' id='par_1_77' title="bbox 2223 1727 3796 1796">
     <span class='ocr_line' id='line_1_77' title="bbox 2223 1727 3796 1796; baseline 0.003 -17"><span class='ocrx_word' id='word_1_590' title='bbox 2223 1727 2306 1780; x_wconf 88' lang='lat' dir='ltr'><strong>hic</strong></span> <span class='ocrx_word' id='word_1_591' title='bbox 2332 1741 2447 1780; x_wconf 91' lang='lat' dir='ltr'><strong>mos</strong></span> <span class='ocrx_word' id='word_1_592' title='bbox 2475 1727 2693 1780; x_wconf 86' lang='lat' dir='ltr'><strong>invaluit</strong></span> <span class='ocrx_word' id='word_1_593' title='bbox 2733 1727 2870 1796; x_wconf 82' lang='lat' dir='ltr'><strong>apud</strong></span> <span class='ocrx_word' id='word_1_594' title='bbox 2912 1742 3130 1793; x_wconf 85' lang='lat' dir='ltr'><strong>omnes,</strong></span> <span class='ocrx_word' id='word_1_595' title='bbox 3159 1738 3216 1781; x_wconf 91' lang='lat' dir='ltr'><strong>ut</strong></span> <span class='ocrx_word' id='word_1_596' title='bbox 3256 1729 3461 1782; x_wconf 80' lang='lat' dir='ltr'><strong>dicatur</strong></span> <span class='ocrx_word' id='word_1_597' title='bbox 3493 1747 3506 1781; x_wconf 90' lang='lat'><strong>:</strong></span> <span class='ocrx_word' id='word_1_598' title='bbox 3539 1731 3635 1783; x_wconf 91' lang='lat' dir='ltr'><strong>ille</strong></span> <span class='ocrx_word' id='word_1_599' title='bbox 3682 1733 3796 1783; x_wconf 85' lang='lat' dir='ltr'><strong>talis</strong></span> 
     </span>
    </p>
   </div>
   <div class='ocr_carea' id='block_1_78' title="bbox 2222 1817 3794 1884">
    <p class='ocr_par' dir='ltr' id='par_1_78' title="bbox 2222 1817 3794 1884">
     <span class='ocr_line' id='line_1_78' title="bbox 2222 1817 3794 1884; baseline 0.001 -13"><span class='ocrx_word' id='word_1_600' title='bbox 2222 1832 2341 1871; x_wconf 90' lang='lat' dir='ltr'><strong>cum</strong></span> <span class='ocrx_word' id='word_1_601' title='bbox 2366 1817 2465 1871; x_wconf 86' lang='lat' dir='ltr'><strong>hoc</strong></span> <span class='ocrx_word' id='word_1_602' title='bbox 2495 1819 2724 1884; x_wconf 79' lang='lat' dir='ltr'><strong>fecisset,</strong></span> <span class='ocrx_word' id='word_1_603' title='bbox 2757 1818 3034 1873; x_wconf 88' lang='lat' dir='ltr'><strong>anathema</strong></span> <span class='ocrx_word' id='word_1_604' title='bbox 3067 1819 3118 1871; x_wconf 93' lang='lat' dir='ltr'><strong>in</strong></span> <span class='ocrx_word' id='word_1_605' title='bbox 3148 1819 3286 1873; x_wconf 87' lang='lat' dir='ltr'><strong>hunc</strong></span> <span class='ocrx_word' id='word_1_606' title='bbox 3313 1821 3526 1874; x_wconf 87' lang='lat' dir='ltr'><strong>tnodum</strong></span> <span class='ocrx_word' id='word_1_607' title='bbox 3554 1822 3794 1876; x_wconf 76' lang='lat' dir='ltr'><strong>abduxit.</strong></span> 
     </span>
    </p>
   </div>
   <div class='ocr_carea' id='block_1_79' title="bbox 2223 1906 3796 1980">
    <p class='ocr_par' dir='ltr' id='par_1_79' title="bbox 2223 1906 3796 1980">
     <span class='ocr_line' id='line_1_79' title="bbox 2223 1906 3796 1980; baseline 0 -18"><span class='ocrx_word' id='word_1_608' title='bbox 2223 1908 2359 1962; x_wconf 83' lang='lat' dir='ltr'><strong>Num</strong></span> <span class='ocrx_word' id='word_1_609' title='bbox 2404 1906 2504 1961; x_wconf 89' lang='lat' dir='ltr'><strong>hoc</strong></span> <span class='ocrx_word' id='word_1_610' title='bbox 2547 1919 2628 1961; x_wconf 87' lang='lat' dir='ltr'><strong>est</strong></span> <span class='ocrx_word' id='word_1_611' title='bbox 2671 1907 2982 1961; x_wconf 87' lang='lat' dir='ltr'><strong>anathema?</strong></span> <span class='ocrx_word' id='word_1_612' title='bbox 3026 1909 3185 1976; x_wconf 83' lang='lat' dir='ltr'><strong>Atqui</strong></span> <span class='ocrx_word' id='word_1_613' title='bbox 3232 1909 3333 1962; x_wconf 89' lang='lat' dir='ltr'><strong>hoc</strong></span> <span class='ocrx_word' id='word_1_614' title='bbox 3382 1910 3702 1980; x_wconf 88' lang='lat' dir='ltr'><strong>plerumque</strong></span> <span class='ocrx_word' id='word_1_615' title='bbox 3750 1915 3796 1963; x_wconf 91' lang='lat' dir='ltr'><strong>in</strong></span> 
     </span>
    </p>
   </div>
   <div class='ocr_carea' id='block_1_80' title="bbox 2227 1997 3797 2067">
    <p class='ocr_par' dir='ltr' id='par_1_80' title="bbox 2227 1997 3797 2067">
     <span class='ocr_line' id='line_1_80' title="bbox 2227 1997 3797 2067; baseline 0.003 -17"><span class='ocrx_word' id='word_1_616' title='bbox 2227 1997 2416 2051; x_wconf 87' lang='lat' dir='ltr'><strong>bonam</strong></span> <span class='ocrx_word' id='word_1_617' title='bbox 2441 2006 2638 2067; x_wconf 87' lang='lat' dir='ltr'><strong>partem</strong></span> <span class='ocrx_word' id='word_1_618' title='bbox 2667 1999 2908 2060; x_wconf 88' lang='lat' dir='ltr'><strong>sumitur,</strong></span> <span class='ocrx_word' id='word_1_619' title='bbox 2935 1997 3082 2065; x_wconf 86' lang='lat' dir='ltr'><strong>quasi</strong></span> <span class='ocrx_word' id='word_1_620' title='bbox 3109 1997 3272 2057; x_wconf 84' lang='lat' dir='ltr'><strong>dicas.</strong></span> <span class='ocrx_word' id='word_1_621' title='bbox 3299 1997 3476 2056; x_wconf 77' lang='lat' dir='ltr'><strong>offerri</strong></span> <span class='ocrx_word' id='word_1_622' title='bbox 3508 2000 3644 2053; x_wconf 69' lang='lat' dir='ltr'><strong>Deo.</strong></span> <span class='ocrx_word' id='word_1_623' title='bbox 3670 2001 3797 2066; x_wconf 83' lang='lat' dir='ltr'><strong>Quid</strong></span> 
     </span>
    </p>
   </div>
   <div class='ocr_carea' id='block_1_81' title="bbox 2228 2089 3800 2158">
    <p class='ocr_par' dir='ltr' id='par_1_81' title="bbox 2228 2089 3800 2158">
     <span class='ocr_line' id='line_1_81' title="bbox 2228 2089 3800 2158; baseline 0.003 -15"><span class='ocrx_word' id='word_1_624' title='bbox 2228 2090 2384 2158; x_wconf 82' lang='lat' dir='ltr'><strong>igitur</strong></span> <span class='ocrx_word' id='word_1_625' title='bbox 2411 2089 2688 2143; x_wconf 87' lang='lat' dir='ltr'><strong>anathema</strong></span> <span class='ocrx_word' id='word_1_626' title='bbox 2719 2104 2894 2154; x_wconf 89' lang='lat' dir='ltr'><strong>vocas,</strong></span> <span class='ocrx_word' id='word_1_627' title='bbox 2921 2089 3016 2143; x_wconf 91' lang='lat' dir='ltr'><strong>nisi</strong></span> <span class='ocrx_word' id='word_1_628' title='bbox 3045 2105 3165 2144; x_wconf 89' lang='lat' dir='ltr'><strong>cum</strong></span> <span class='ocrx_word' id='word_1_629' title='bbox 3194 2090 3404 2155; x_wconf 90' lang='lat' dir='ltr'><strong>dicitur,</strong></span> <span class='ocrx_word' id='word_1_630' title='bbox 3432 2090 3697 2147; x_wconf 79' lang='lat' dir='ltr'><strong>olfcratur</strong></span> <span class='ocrx_word' id='word_1_631' title='bbox 3719 2096 3800 2147; x_wconf 85' lang='lat' dir='ltr'><strong>ille</strong></span> 
     </span>
    </p>
   </div>
   <div class='ocr_carea' id='block_1_82' title="bbox 2228 2182 3796 2250">
    <p class='ocr_par' dir='ltr' id='par_1_82' title="bbox 2228 2182 3796 2250">
     <span class='ocr_line' id='line_1_82' title="bbox 2228 2182 3796 2250; baseline 0.003 -16"><span class='ocrx_word' id='word_1_632' title='bbox 2228 2182 2454 2241; x_wconf 84' lang='lat' dir='ltr'><strong>diabolo.</strong></span> <span class='ocrx_word' id='word_1_633' title='bbox 2486 2196 2585 2237; x_wconf 90' lang='lat' dir='ltr'><strong>nec</strong></span> <span class='ocrx_word' id='word_1_634' title='bbox 2606 2182 2737 2236; x_wconf 92' lang='lat' dir='ltr'><strong>ultra</strong></span> <span class='ocrx_word' id='word_1_635' title='bbox 2771 2182 2941 2237; x_wconf 88' lang='lat' dir='ltr'><strong>locum</strong></span> <span class='ocrx_word' id='word_1_636' title='bbox 2970 2182 3155 2235; x_wconf 91' lang='lat' dir='ltr'><strong>salutis</strong></span> <span class='ocrx_word' id='word_1_637' title='bbox 3183 2182 3398 2250; x_wconf 88' lang='lat' dir='ltr'><strong>habeat,</strong></span> <span class='ocrx_word' id='word_1_638' title='bbox 3429 2185 3499 2250; x_wconf 74' lang='lat' dir='ltr'><strong>sit</strong></span> <span class='ocrx_word' id='word_1_639' title='bbox 3537 2186 3747 2240; x_wconf 88' lang='lat' dir='ltr'><strong>alienus</strong></span> <span class='ocrx_word' id='word_1_640' title='bbox 3770 2202 3796 2238; x_wconf 69' lang='grc' dir='ltr'><strong>ι</strong></span> 
     </span>
    </p>
   </div>
   <div class='ocr_carea' id='block_1_83' title="bbox 2229 2273 2481 2328">
    <p class='ocr_par' dir='ltr' id='par_1_83' title="bbox 2229 2273 2481 2328">
     <span class='ocr_line' id='line_1_83' title="bbox 2229 2273 2481 2328; baseline -0.008 0"><span class='ocrx_word' id='word_1_641' title='bbox 2229 2273 2481 2328; x_wconf 86' lang='lat' dir='ltr'><strong>Christo?</strong></span> 
     </span>
    </p>
   </div>
   <div class='ocr_carea' id='block_1_84' title="bbox 2301 2367 3800 2437">
    <p class='ocr_par' dir='ltr' id='par_1_84' title="bbox 2301 2367 3800 2437">
     <span class='ocr_line' id='line_1_84' title="bbox 2301 2367 3800 2437; baseline 0.001 -16"><span class='ocrx_word' id='word_1_642' title='bbox 2301 2367 2354 2422; x_wconf 78' lang='lat'><strong>5.</strong></span> <span class='ocrx_word' id='word_1_643' title='bbox 2371 2367 2559 2437; x_wconf 85' lang='lat' dir='ltr'><strong>Ecquis</strong></span> <span class='ocrx_word' id='word_1_644' title='bbox 2589 2375 2642 2419; x_wconf 92' lang='lat' dir='ltr'><strong>tu</strong></span> <span class='ocrx_word' id='word_1_645' title='bbox 2668 2380 2727 2420; x_wconf 90' lang='lat' dir='ltr'><strong>es</strong></span> <span class='ocrx_word' id='word_1_646' title='bbox 2753 2376 2909 2420; x_wconf 75' lang='lat' dir='ltr'><strong>tanta:</strong></span> <span class='ocrx_word' id='word_1_647' title='bbox 2927 2367 3173 2435; x_wconf 64' lang='lat' dir='ltr'><strong>potentiae</strong></span> <span class='ocrx_word' id='word_1_648' title='bbox 3191 2376 3244 2420; x_wconf 91' lang='lat' dir='ltr'><strong>et</strong></span> <span class='ocrx_word' id='word_1_649' title='bbox 3268 2367 3640 2422; x_wconf 82' lang='lat' dir='ltr'><strong>auctoritatis?</strong></span> <span class='ocrx_word' id='word_1_650' title='bbox 3661 2369 3800 2423; x_wconf 84' lang='lat' dir='ltr'><strong>Tunc</strong></span> 
     </span>
    </p>
   </div>
   <div class='ocr_carea' id='block_1_85' title="bbox 2233 2457 3803 2526">
    <p class='ocr_par' dir='ltr' id='par_1_85' title="bbox 2233 2457 3803 2526">
     <span class='ocr_line' id='line_1_85' title="bbox 2233 2457 3803 2526; baseline 0.001 -14"><span class='ocrx_word' id='word_1_651' title='bbox 2233 2462 2374 2512; x_wconf 90' lang='lat' dir='ltr'><strong>enim</strong></span> <span class='ocrx_word' id='word_1_652' title='bbox 2418 2457 2620 2512; x_wconf 88' lang='lat' dir='ltr'><strong>sedebit</strong></span> <span class='ocrx_word' id='word_1_653' title='bbox 2655 2457 2819 2511; x_wconf 86' lang='lat' dir='ltr'><strong>Filius</strong></span> <span class='ocrx_word' id='word_1_654' title='bbox 2845 2458 2956 2517; x_wconf 85' lang='lat' dir='ltr'><strong>Dei.</strong></span> <span class='ocrx_word' id='word_1_655' title='bbox 2988 2467 3286 2526; x_wconf 87' lang='lat' dir='ltr'><strong>statuetque</strong></span> <span class='ocrx_word' id='word_1_656' title='bbox 3307 2473 3432 2513; x_wconf 81' lang='lat' dir='ltr'><strong>oves</strong></span> <span class='ocrx_word' id='word_1_657' title='bbox 3460 2473 3492 2512; x_wconf 87' lang='lat' dir='ltr'><strong>a</strong></span> <span class='ocrx_word' id='word_1_658' title='bbox 3518 2460 3730 2515; x_wconf 79' lang='lat' dir='ltr'><strong>dextris</strong></span> <span class='ocrx_word' id='word_1_659' title='bbox 3755 2472 3803 2514; x_wconf 87' lang='lat' dir='ltr'><strong>et</strong></span> 
     </span>
    </p>
   </div>
   <div class='ocr_carea' id='block_1_86' title="bbox 2235 2550 3803 2620">
    <p class='ocr_par' dir='ltr' id='par_1_86' title="bbox 2235 2550 3803 2620">
     <span class='ocr_line' id='line_1_86' title="bbox 2235 2550 3803 2620; baseline -0.001 -14"><span class='ocrx_word' id='word_1_660' title='bbox 2235 2550 2421 2606; x_wconf 77' lang='lat' dir='ltr'><strong>hmdos</strong></span> <span class='ocrx_word' id='word_1_661' title='bbox 2441 2566 2471 2605; x_wconf 92' lang='lat' dir='ltr'><strong>a</strong></span> <span class='ocrx_word' id='word_1_662' title='bbox 2498 2551 2743 2606; x_wconf 89' lang='lat' dir='ltr'><strong>sinistris.</strong></span> <span class='ocrx_word' id='word_1_663' title='bbox 2774 2550 2882 2604; x_wconf 88' lang='lat' dir='ltr'><strong>Cur</strong></span> <span class='ocrx_word' id='word_1_664' title='bbox 2917 2559 3110 2604; x_wconf 83' lang='lat' dir='ltr'><strong>tantam</strong></span> <span class='ocrx_word' id='word_1_665' title='bbox 3161 2550 3423 2620; x_wconf 87' lang='lat' dir='ltr'><strong>usurpasti</strong></span> <span class='ocrx_word' id='word_1_666' title='bbox 3469 2550 3803 2620; x_wconf 79' lang='lat' dir='ltr'><strong>dignitatem,</strong></span> 
     </span>
    </p>
   </div>
   <div class='ocr_carea' id='block_1_87' title="bbox 2235 2642 3804 2711">
    <p class='ocr_par' dir='ltr' id='par_1_87' title="bbox 2235 2642 3804 2711">
     <span class='ocr_line' id='line_1_87' title="bbox 2235 2642 3804 2711; baseline 0.001 -15"><span class='ocrx_word' id='word_1_667' title='bbox 2235 2644 2386 2711; x_wconf 85' lang='lat' dir='ltr'><strong>cujus</strong></span> <span class='ocrx_word' id='word_1_668' title='bbox 2415 2642 2770 2711; x_wconf 88' lang='lat' dir='ltr'><strong>apostolorum</strong></span> <span class='ocrx_word' id='word_1_669' title='bbox 2792 2650 2960 2695; x_wconf 72' lang='lat' dir='ltr'><strong>coetus</strong></span> <span class='ocrx_word' id='word_1_670' title='bbox 2990 2650 3189 2695; x_wconf 88' lang='lat' dir='ltr'><strong>tantmn</strong></span> <span class='ocrx_word' id='word_1_671' title='bbox 3219 2657 3438 2696; x_wconf 85' lang='lat' dir='ltr'><strong>consors</strong></span> <span class='ocrx_word' id='word_1_672' title='bbox 3464 2652 3564 2702; x_wconf 87' lang='lat' dir='ltr'><strong>est.</strong></span> <span class='ocrx_word' id='word_1_673' title='bbox 3602 2659 3804 2697; x_wconf 74' lang='lat' dir='ltr'><strong>uectum</strong></span> 
     </span>
    </p>
   </div>
   <div class='ocr_carea' id='block_1_88' title="bbox 2236 2732 3806 2803">
    <p class='ocr_par' dir='ltr' id='par_1_88' title="bbox 2236 2732 3806 2803">
     <span class='ocr_line' id='line_1_88' title="bbox 2236 2732 3806 2803; baseline 0.001 -16"><span class='ocrx_word' id='word_1_674' title='bbox 2236 2734 2292 2799; x_wconf 91' lang='lat' dir='ltr'><strong>ii,</strong></span> <span class='ocrx_word' id='word_1_675' title='bbox 2319 2733 2548 2803; x_wconf 91' lang='lat' dir='ltr'><strong>quicum</strong></span> <span class='ocrx_word' id='word_1_676' title='bbox 2589 2733 2733 2785; x_wconf 89' lang='lat' dir='ltr'><strong>omni</strong></span> <span class='ocrx_word' id='word_1_677' title='bbox 2778 2732 3112 2786; x_wconf 89' lang='lat' dir='ltr'><strong>accuratione</strong></span> <span class='ocrx_word' id='word_1_678' title='bbox 3152 2732 3359 2786; x_wconf 89' lang='lat' dir='ltr'><strong>illormn</strong></span> <span class='ocrx_word' id='word_1_679' title='bbox 3389 2747 3806 2789; x_wconf 76' lang='lat' dir='ltr'><strong>sesucccssores</strong></span> 
     </span>
    </p>
   </div>
   <div class='ocr_carea' id='block_1_89' title="bbox 2236 2821 3806 2892">
    <p class='ocr_par' dir='ltr' id='par_1_89' title="bbox 2236 2821 3806 2892">
     <span class='ocr_line' id='line_1_89' title="bbox 2236 2821 3806 2892; baseline 0 -15"><span class='ocrx_word' id='word_1_680' title='bbox 2236 2823 2505 2889; x_wconf 83' lang='lat' dir='ltr'><strong>exhibent,</strong></span> <span class='ocrx_word' id='word_1_681' title='bbox 2547 2822 2686 2892; x_wconf 90' lang='lat' dir='ltr'><strong>pleni</strong></span> <span class='ocrx_word' id='word_1_682' title='bbox 2727 2823 2907 2891; x_wconf 74' lang='lat' dir='ltr'><strong>gratia:</strong></span> <span class='ocrx_word' id='word_1_683' title='bbox 2934 2831 2988 2874; x_wconf 88' lang='lat' dir='ltr'><strong>et</strong></span> <span class='ocrx_word' id='word_1_684' title='bbox 3029 2821 3270 2876; x_wconf 83' lang='lat' dir='ltr'><strong>virtutis?</strong></span> <span class='ocrx_word' id='word_1_685' title='bbox 3309 2821 3447 2877; x_wconf 89' lang='lat' dir='ltr'><strong>Sane</strong></span> <span class='ocrx_word' id='word_1_686' title='bbox 3491 2823 3561 2876; x_wconf 90' lang='lat' dir='ltr'><strong>illi</strong></span> <span class='ocrx_word' id='word_1_687' title='bbox 3613 2841 3806 2892; x_wconf 53' lang='lat' dir='ltr'><strong>prave-</strong></span> 
     </span>
    </p>
   </div>
   <div class='ocr_carea' id='block_1_90' title="bbox 2240 2913 3806 2984">
    <p class='ocr_par' dir='ltr' id='par_1_90' title="bbox 2240 2913 3806 2984">
     <span class='ocr_line' id='line_1_90' title="bbox 2240 2913 3806 2984; baseline -0.001 -15"><span class='ocrx_word' id='word_1_688' title='bbox 2240 2926 2386 2984; x_wconf 93' lang='lat' dir='ltr'><strong>ptum</strong></span> <span class='ocrx_word' id='word_1_689' title='bbox 2415 2915 2516 2969; x_wconf 92' lang='lat' dir='ltr'><strong>hoc</strong></span> <span class='ocrx_word' id='word_1_690' title='bbox 2543 2914 2824 2984; x_wconf 81' lang='lat' dir='ltr'><strong>diligenter</strong></span> <span class='ocrx_word' id='word_1_691' title='bbox 2845 2923 3134 2977; x_wconf 80' lang='lat' dir='ltr'><strong>servantes,</strong></span> <span class='ocrx_word' id='word_1_692' title='bbox 3166 2929 3228 2968; x_wconf 90' lang='lat' dir='ltr'><strong>ac</strong></span> <span class='ocrx_word' id='word_1_693' title='bbox 3256 2913 3298 2966; x_wconf 90' lang='lat' dir='ltr'><strong>si</strong></span> <span class='ocrx_word' id='word_1_694' title='bbox 3323 2913 3528 2968; x_wconf 91' lang='lat' dir='ltr'><strong>oculum</strong></span> <span class='ocrx_word' id='word_1_695' title='bbox 3558 2914 3806 2968; x_wconf 75' lang='lat' dir='ltr'><strong>dextrum</strong></span> 
     </span>
    </p>
   </div>
   <div class='ocr_carea' id='block_1_91' title="bbox 2238 3006 3806 3075">
    <p class='ocr_par' dir='ltr' id='par_1_91' title="bbox 2238 3006 3806 3075">
     <span class='ocr_line' id='line_1_91' title="bbox 2238 3006 3806 3075; baseline 0 -14"><span class='ocrx_word' id='word_1_696' title='bbox 2238 3007 2565 3072; x_wconf 70' lang='lat' dir='ltr'><strong>effoderent,</strong></span> <span class='ocrx_word' id='word_1_697' title='bbox 2612 3007 2688 3060; x_wconf 92' lang='lat' dir='ltr'><strong>sic</strong></span> <span class='ocrx_word' id='word_1_698' title='bbox 2750 3006 3025 3059; x_wconf 76' lang='lat' dir='ltr'><strong>hzerelicos</strong></span> <span class='ocrx_word' id='word_1_699' title='bbox 3071 3020 3136 3059; x_wconf 81' lang='lat' dir='ltr'><strong>ex</strong></span> <span class='ocrx_word' id='word_1_700' title='bbox 3183 3007 3411 3060; x_wconf 84' lang='lat' dir='ltr'><strong>Ecclesia</strong></span> <span class='ocrx_word' id='word_1_701' title='bbox 3457 3007 3750 3075; x_wconf 81' lang='lat' dir='ltr'><strong>ejiciebaut</strong></span> <span class='ocrx_word' id='word_1_702' title='bbox 3793 3029 3806 3061; x_wconf 89' lang='lat'><strong>:</strong></span> 
     </span>
    </p>
   </div>
   <div class='ocr_carea' id='block_1_92' title="bbox 2240 3097 3810 3167">
    <p class='ocr_par' dir='ltr' id='par_1_92' title="bbox 2240 3097 3810 3167">
     <span class='ocr_line' id='line_1_92' title="bbox 2240 3097 3810 3167; baseline 0.001 -15"><span class='ocrx_word' id='word_1_703' title='bbox 2240 3098 2382 3167; x_wconf 90' lang='lat' dir='ltr'><strong>quod</strong></span> <span class='ocrx_word' id='word_1_704' title='bbox 2405 3113 2532 3151; x_wconf 85' lang='lat' dir='ltr'><strong>sane</strong></span> <span class='ocrx_word' id='word_1_705' title='bbox 2561 3105 2925 3166; x_wconf 75' lang='lat' dir='ltr'><strong>argumentum</strong></span> <span class='ocrx_word' id='word_1_706' title='bbox 2953 3106 3033 3150; x_wconf 91' lang='lat' dir='ltr'><strong>est</strong></span> <span class='ocrx_word' id='word_1_707' title='bbox 3057 3111 3257 3166; x_wconf 79' lang='lat' dir='ltr'><strong>magna:</strong></span> <span class='ocrx_word' id='word_1_708' title='bbox 3285 3097 3490 3150; x_wconf 89' lang='lat' dir='ltr'><strong>illorum</strong></span> <span class='ocrx_word' id='word_1_709' title='bbox 3523 3099 3810 3153; x_wconf 84' lang='lat' dir='ltr'><strong>commise-</strong></span> 
     </span>
    </p>
   </div>
   <div class='ocr_carea' id='block_1_93' title="bbox 2243 3187 3809 3257">
    <p class='ocr_par' dir='ltr' id='par_1_93' title="bbox 2243 3187 3809 3257">
     <span class='ocr_line' id='line_1_93' title="bbox 2243 3187 3809 3257; baseline 0.001 -15"><span class='ocrx_word' id='word_1_710' title='bbox 2243 3189 2461 3243; x_wconf 89' lang='lat' dir='ltr'><strong>ratiouis</strong></span> <span class='ocrx_word' id='word_1_711' title='bbox 2493 3196 2649 3257; x_wconf 86' lang='lat' dir='ltr'><strong>atque</strong></span> <span class='ocrx_word' id='word_1_712' title='bbox 2701 3187 2966 3250; x_wconf 66' lang='lat' dir='ltr'><strong>maeroris,</strong></span> <span class='ocrx_word' id='word_1_713' title='bbox 2997 3202 3058 3242; x_wconf 91' lang='lat' dir='ltr'><strong>ac</strong></span> <span class='ocrx_word' id='word_1_714' title='bbox 3084 3188 3125 3242; x_wconf 93' lang='lat' dir='ltr'><strong>si</strong></span> <span class='ocrx_word' id='word_1_715' title='bbox 3158 3187 3350 3256; x_wconf 91' lang='lat' dir='ltr'><strong>putridi</strong></span> <span class='ocrx_word' id='word_1_716' title='bbox 3392 3189 3616 3242; x_wconf 81' lang='lat' dir='ltr'><strong>membri</strong></span> <span class='ocrx_word' id='word_1_717' title='bbox 3647 3195 3809 3246; x_wconf 80' lang='lat' dir='ltr'><strong>seetio</strong></span> 
     </span>
    </p>
   </div>
   <div class='ocr_carea' id='block_1_94' title="bbox 2242 3277 3810 3346">
    <p class='ocr_par' dir='ltr' id='par_1_94' title="bbox 2242 3277 3810 3346">
     <span class='ocr_line' id='line_1_94' title="bbox 2242 3277 3810 3346; baseline 0 -11"><span class='ocrx_word' id='word_1_718' title='bbox 2242 3281 2409 3335; x_wconf 88' lang='lat' dir='ltr'><strong>fieret.</strong></span> <span class='ocrx_word' id='word_1_719' title='bbox 2427 3279 2780 3346; x_wconf 83' lang='lat' dir='ltr'><strong>Quamobrem</strong></span> <span class='ocrx_word' id='word_1_720' title='bbox 2808 3278 3044 3332; x_wconf 70' lang='lat' dir='ltr'><strong>Christus</strong></span> <span class='ocrx_word' id='word_1_721' title='bbox 3075 3277 3122 3332; x_wconf 91' lang='lat' dir='ltr'><strong>id</strong></span> <span class='ocrx_word' id='word_1_722' title='bbox 3150 3277 3390 3332; x_wconf 80' lang='lat' dir='ltr'><strong>dextrum</strong></span> <span class='ocrx_word' id='word_1_723' title='bbox 3411 3279 3625 3334; x_wconf 85' lang='lat' dir='ltr'><strong>oculum</strong></span> <span class='ocrx_word' id='word_1_724' title='bbox 3653 3298 3810 3335; x_wconf 71' lang='lat' dir='ltr'><strong>voca.</strong></span> 
     </span>
    </p>
   </div>
   <div class='ocr_carea' id='block_1_95' title="bbox 2244 3371 3807 3441">
    <p class='ocr_par' dir='ltr' id='par_1_95' title="bbox 2244 3371 3807 3441">
     <span class='ocr_line' id='line_1_95' title="bbox 2244 3371 3807 3441; baseline 0.002 -15"><span class='ocrx_word' id='word_1_725' title='bbox 2244 3374 2341 3438; x_wconf 84' lang='lat' dir='ltr'><strong>vit,</strong></span> <span class='ocrx_word' id='word_1_726' title='bbox 2369 3373 2574 3426; x_wconf 88' lang='lat' dir='ltr'><strong>illorttm</strong></span> <span class='ocrx_word' id='word_1_727' title='bbox 2618 3371 2707 3441; x_wconf 89' lang='lat' dir='ltr'><strong>qui</strong></span> <span class='ocrx_word' id='word_1_728' title='bbox 2755 3371 3044 3440; x_wconf 86' lang='lat' dir='ltr'><strong>abjiccreut</strong></span> <span class='ocrx_word' id='word_1_729' title='bbox 3086 3371 3602 3425; x_wconf 87' lang='lat' dir='ltr'><strong>commiserationem</strong></span> <span class='ocrx_word' id='word_1_730' title='bbox 3636 3375 3807 3430; x_wconf 81' lang='lat' dir='ltr'><strong>decla-</strong></span> 
     </span>
    </p>
   </div>
   <div class='ocr_carea' id='block_1_96' title="bbox 2242 3463 3808 3535">
    <p class='ocr_par' dir='ltr' id='par_1_96' title="bbox 2242 3463 3808 3535">
     <span class='ocr_line' id='line_1_96' title="bbox 2242 3463 3808 3535; baseline 0.001 -14"><span class='ocrx_word' id='word_1_731' title='bbox 2242 3480 2386 3521; x_wconf 86' lang='lat' dir='ltr'><strong>rans.</strong></span> <span class='ocrx_word' id='word_1_732' title='bbox 2413 3465 2525 3531; x_wconf 88' lang='lat' dir='ltr'><strong>Qua</strong></span> <span class='ocrx_word' id='word_1_733' title='bbox 2552 3463 2605 3518; x_wconf 91' lang='lat' dir='ltr'><strong>in</strong></span> <span class='ocrx_word' id='word_1_734' title='bbox 2637 3480 2694 3518; x_wconf 90' lang='lat' dir='ltr'><strong>re</strong></span> <span class='ocrx_word' id='word_1_735' title='bbox 2723 3464 2859 3518; x_wconf 90' lang='lat' dir='ltr'><strong>sicut</strong></span> <span class='ocrx_word' id='word_1_736' title='bbox 2876 3473 2930 3517; x_wconf 91' lang='lat' dir='ltr'><strong>et</strong></span> <span class='ocrx_word' id='word_1_737' title='bbox 2954 3465 3003 3516; x_wconf 94' lang='lat' dir='ltr'><strong>in</strong></span> <span class='ocrx_word' id='word_1_738' title='bbox 3032 3463 3147 3517; x_wconf 89' lang='lat' dir='ltr'><strong>aliis</strong></span> <span class='ocrx_word' id='word_1_739' title='bbox 3166 3463 3440 3533; x_wconf 78' lang='lat' dir='ltr'><strong>diligenter</strong></span> <span class='ocrx_word' id='word_1_740' title='bbox 3469 3481 3526 3518; x_wconf 92' lang='lat' dir='ltr'><strong>se</strong></span> <span class='ocrx_word' id='word_1_741' title='bbox 3544 3480 3808 3535; x_wconf 70' lang='lat' dir='ltr'><strong>gerentes.</strong></span> 
     </span>
    </p>
   </div>
   <div class='ocr_carea' id='block_1_97' title="bbox 2243 3555 3810 3624">
    <p class='ocr_par' dir='ltr' id='par_1_97' title="bbox 2243 3555 3810 3624">
     <span class='ocr_line' id='line_1_97' title="bbox 2243 3555 3810 3624; baseline 0.003 -13"><span class='ocrx_word' id='word_1_742' title='bbox 2243 3556 2476 3611; x_wconf 68' lang='lat' dir='ltr'><strong>haereses</strong></span> <span class='ocrx_word' id='word_1_743' title='bbox 2500 3555 2710 3624; x_wconf 89' lang='lat' dir='ltr'><strong>quidem</strong></span> <span class='ocrx_word' id='word_1_744' title='bbox 2737 3555 3076 3610; x_wconf 78' lang='lat' dir='ltr'><strong>octifulabaut</strong></span> <span class='ocrx_word' id='word_1_745' title='bbox 3117 3565 3170 3610; x_wconf 90' lang='lat' dir='ltr'><strong>et</strong></span> <span class='ocrx_word' id='word_1_746' title='bbox 3197 3556 3473 3623; x_wconf 84' lang='lat' dir='ltr'><strong>ejiciebant</strong></span> <span class='ocrx_word' id='word_1_747' title='bbox 3503 3577 3516 3611; x_wconf 92' lang='lat'><strong>:</strong></span> <span class='ocrx_word' id='word_1_748' title='bbox 3546 3561 3680 3613; x_wconf 84' lang='lat' dir='ltr'><strong>nulli</strong></span> <span class='ocrx_word' id='word_1_749' title='bbox 3721 3579 3810 3615; x_wconf 84' lang='lat' dir='ltr'><strong>au-</strong></span> 
     </span>
    </p>
   </div>
   <div class='ocr_carea' id='block_1_98' title="bbox 2245 3646 3809 3716">
    <p class='ocr_par' dir='ltr' id='par_1_98' title="bbox 2245 3646 3809 3716">
     <span class='ocr_line' id='line_1_98' title="bbox 2245 3646 3809 3716; baseline 0.003 -15"><span class='ocrx_word' id='word_1_750' title='bbox 2245 3657 2351 3702; x_wconf 90' lang='lat' dir='ltr'><strong>tem</strong></span> <span class='ocrx_word' id='word_1_751' title='bbox 2384 3647 2751 3702; x_wconf 77' lang='lat' dir='ltr'><strong>lnereticorum</strong></span> <span class='ocrx_word' id='word_1_752' title='bbox 2797 3646 2933 3700; x_wconf 89' lang='lat' dir='ltr'><strong>hanc</strong></span> <span class='ocrx_word' id='word_1_753' title='bbox 2973 3647 3273 3714; x_wconf 89' lang='lat' dir='ltr'><strong>intligebant</strong></span> <span class='ocrx_word' id='word_1_754' title='bbox 3300 3663 3530 3716; x_wconf 68' lang='lat' dir='ltr'><strong>pinnam.</strong></span> <span class='ocrx_word' id='word_1_755' title='bbox 3565 3651 3737 3707; x_wconf 86' lang='lat' dir='ltr'><strong>Porro</strong></span> <span class='ocrx_word' id='word_1_756' title='bbox 3766 3656 3809 3706; x_wconf 91' lang='lat' dir='ltr'><strong>in</strong></span> 
     </span>
    </p>
   </div>
   <div class='ocr_carea' id='block_1_99' title="bbox 2243 3739 3809 3813">
    <p class='ocr_par' dir='ltr' id='par_1_99' title="bbox 2243 3739 3809 3813">
     <span class='ocr_line' id='line_1_99' title="bbox 2243 3739 3809 3813; baseline 0.003 -19"><span class='ocrx_word' id='word_1_757' title='bbox 2243 3739 2448 3794; x_wconf 90' lang='lat' dir='ltr'><strong>duobus</strong></span> <span class='ocrx_word' id='word_1_758' title='bbox 2496 3748 2696 3794; x_wconf 91' lang='lat' dir='ltr'><strong>tantum</strong></span> <span class='ocrx_word' id='word_1_759' title='bbox 2740 3739 2868 3793; x_wconf 90' lang='lat' dir='ltr'><strong>locis</strong></span> <span class='ocrx_word' id='word_1_760' title='bbox 2896 3739 3176 3806; x_wconf 85' lang='lat' dir='ltr'><strong>Apostolus</strong></span> <span class='ocrx_word' id='word_1_761' title='bbox 3223 3739 3356 3794; x_wconf 90' lang='lat' dir='ltr'><strong>hanc</strong></span> <span class='ocrx_word' id='word_1_762' title='bbox 3403 3757 3614 3805; x_wconf 77' lang='lat' dir='ltr'><strong>vocem,</strong></span> <span class='ocrx_word' id='word_1_763' title='bbox 3669 3749 3809 3813; x_wconf 69' lang='lat' dir='ltr'><strong>quasi</strong></span> 
     </span>
    </p>
   </div>
   <div class='ocr_carea' id='block_1_100' title="bbox 2246 3829 3811 3901">
    <p class='ocr_par' dir='ltr' id='par_1_100' title="bbox 2246 3829 3811 3901">
     <span class='ocr_line' id='line_1_100' title="bbox 2246 3829 3811 3901; baseline 0.004 -18"><span class='ocrx_word' id='word_1_764' title='bbox 2246 3831 2560 3884; x_wconf 85' lang='lat' dir='ltr'><strong>necessitate</strong></span> <span class='ocrx_word' id='word_1_765' title='bbox 2585 3838 2798 3882; x_wconf 90' lang='lat' dir='ltr'><strong>coactus</strong></span> <span class='ocrx_word' id='word_1_766' title='bbox 2826 3829 3109 3898; x_wconf 87' lang='lat' dir='ltr'><strong>protulisse</strong></span> <span class='ocrx_word' id='word_1_767' title='bbox 3141 3829 3345 3884; x_wconf 89' lang='lat' dir='ltr'><strong>videtur</strong></span> <span class='ocrx_word' id='word_1_768' title='bbox 3375 3850 3386 3884; x_wconf 91' lang='lat'>:</span> <span class='ocrx_word' id='word_1_769' title='bbox 3419 3848 3596 3901; x_wconf 89' lang='lat' dir='ltr'><strong>neque</strong></span> <span class='ocrx_word' id='word_1_770' title='bbox 3643 3846 3811 3890; x_wconf 79' lang='lat' dir='ltr'><strong>tamen</strong></span> 
     </span>
    </p>
   </div>
   <div class='ocr_carea' id='block_1_101' title="bbox 2246 3920 3811 3995">
    <p class='ocr_par' dir='ltr' id='par_1_101' title="bbox 2246 3920 3811 3995">
     <span class='ocr_line' id='line_1_101' title="bbox 2246 3920 3811 3995; baseline 0.004 -23"><span class='ocrx_word' id='word_1_771' title='bbox 2246 3936 2342 3989; x_wconf 92' lang='lat' dir='ltr'><strong>pro</strong></span> <span class='ocrx_word' id='word_1_772' title='bbox 2367 3929 2505 3974; x_wconf 88' lang='lat' dir='ltr'><strong>certa</strong></span> <span class='ocrx_word' id='word_1_773' title='bbox 2532 3930 2584 3974; x_wconf 91' lang='lat' dir='ltr'><strong>et</strong></span> <span class='ocrx_word' id='word_1_774' title='bbox 2610 3920 2951 3973; x_wconf 80' lang='lat' dir='ltr'><strong>determinata</strong></span> <span class='ocrx_word' id='word_1_775' title='bbox 2991 3935 3206 3987; x_wconf 88' lang='lat' dir='ltr'><strong>persona</strong></span> <span class='ocrx_word' id='word_1_776' title='bbox 3241 3921 3376 3974; x_wconf 90' lang='lat' dir='ltr'><strong>illam</strong></span> <span class='ocrx_word' id='word_1_777' title='bbox 3410 3938 3661 3995; x_wconf 82' lang='lat' dir='ltr'><strong>usurpat.</strong></span> <span class='ocrx_word' id='word_1_778' title='bbox 3702 3944 3811 3980; x_wconf 86' lang='lat' dir='ltr'><strong>eum</strong></span> 
     </span>
    </p>
   </div>
   <div class='ocr_carea' id='block_1_102' title="bbox 2248 4011 3814 4083">
    <p class='ocr_par' dir='ltr' id='par_1_102' title="bbox 2248 4011 3814 4083">
     <span class='ocr_line' id='line_1_102' title="bbox 2248 4011 3814 4083; baseline 0.005 -16"><span class='ocrx_word' id='word_1_779' title='bbox 2248 4015 2299 4067; x_wconf 91' lang='lat' dir='ltr'><strong>in</strong></span> <span class='ocrx_word' id='word_1_780' title='bbox 2343 4014 2573 4082; x_wconf 83' lang='lat' dir='ltr'><strong>Epistula</strong></span> <span class='ocrx_word' id='word_1_781' title='bbox 2602 4013 2665 4066; x_wconf 87' lang='lat' dir='ltr'><strong>ad</strong></span> <span class='ocrx_word' id='word_1_782' title='bbox 2695 4011 2996 4066; x_wconf 84' lang='lat' dir='ltr'><strong>Corinthios</strong></span> <span class='ocrx_word' id='word_1_783' title='bbox 3015 4013 3141 4066; x_wconf 83' lang='lat' dir='ltr'><strong>dicit</strong></span> <span class='ocrx_word' id='word_1_784' title='bbox 3168 4032 3182 4068; x_wconf 89' lang='lat'><strong>:</strong></span> <span class='ocrx_word' id='word_1_785' title='bbox 3211 4014 3269 4068; x_wconf 85' lang='lat' dir='ltr'><strong>Si</strong></span> <span class='ocrx_word' id='word_1_786' title='bbox 3295 4015 3406 4083; x_wconf 84' lang='lat' dir='ltr'><strong>quis</strong></span> <span class='ocrx_word' id='word_1_787' title='bbox 3426 4034 3528 4071; x_wconf 86' lang='lat' dir='ltr'><strong>non</strong></span> <span class='ocrx_word' id='word_1_788' title='bbox 3563 4033 3706 4073; x_wconf 78' lang='lat' dir='ltr'><strong>aniat</strong></span> <span class='ocrx_word' id='word_1_789' title='bbox 3725 4023 3814 4075; x_wconf 68' lang='lat' dir='ltr'><strong>llo—</strong></span> 
     </span>
    </p>
   </div>
   <div class='ocr_carea' id='block_1_103' title="bbox 2247 4105 3812 4182">
    <p class='ocr_par' dir='ltr' id='par_1_103' title="bbox 2247 4105 3812 4182">
     <span class='ocr_line' id='line_1_103' title="bbox 2247 4105 3812 4182; baseline 0.004 -24"><span class='ocrx_word' id='word_1_790' title='bbox 2247 4107 2435 4158; x_wconf 83' lang='lat' dir='ltr'><strong>minum</strong></span> <span class='ocrx_word' id='word_1_791' title='bbox 2464 4117 2686 4159; x_wconf 84' lang='lat' dir='ltr'><strong>nostrum</strong></span> <span class='ocrx_word' id='word_1_792' title='bbox 2725 4105 2902 4158; x_wconf 73' lang='lat' dir='ltr'><strong>Iesum</strong></span> <span class='ocrx_word' id='word_1_793' title='bbox 2936 4106 3205 4166; x_wconf 78' lang='lat' dir='ltr'><strong>Christum,</strong></span> <span class='ocrx_word' id='word_1_794' title='bbox 3224 4109 3286 4160; x_wconf 87' lang='lat' dir='ltr'><strong>sit</strong></span> <span class='ocrx_word' id='word_1_795' title='bbox 3315 4112 3680 4182; x_wconf 61' lang='lat' dir='ltr'><strong>anathema”.</strong></span> <span class='ocrx_word' id='word_1_796' title='bbox 3706 4115 3812 4170; x_wconf 78' lang='lat' dir='ltr'><strong>Cor.</strong></span> 
     </span>
    </p>
   </div>
   <div class='ocr_carea' id='block_1_104' title="bbox 2251 4193 3817 4276">
    <p class='ocr_par' dir='ltr' id='par_1_104' title="bbox 2251 4193 3817 4276">
     <span class='ocr_line' id='line_1_104' title="bbox 2251 4193 3817 4276; baseline 0.008 -28"><span class='ocrx_word' id='word_1_797' title='bbox 2251 4193 2546 4266; x_wconf 66' lang='lat' dir='ltr'><strong>16.22),et</strong></span> <span class='ocrx_word' id='word_1_798' title='bbox 2572 4237 2586 4260; x_wconf 94' lang='lat'><strong>,</strong></span> <span class='ocrx_word' id='word_1_799' title='bbox 2617 4197 2676 4249; x_wconf 92' lang='lat' dir='ltr'><strong>Si</strong></span> <span class='ocrx_word' id='word_1_800' title='bbox 2721 4198 2830 4262; x_wconf 86' lang='lat' dir='ltr'><strong>quis</strong></span> <span class='ocrx_word' id='word_1_801' title='bbox 2873 4197 3008 4251; x_wconf 82' lang='lat' dir='ltr'><strong>vobis</strong></span> <span class='ocrx_word' id='word_1_802' title='bbox 3047 4199 3445 4267; x_wconf 78' lang='lat' dir='ltr'><strong>euangelizaverit</strong></span> <span class='ocrx_word' id='word_1_803' title='bbox 3488 4217 3817 4276; x_wconf 70' lang='lat' dir='ltr'><strong>prteterqm</strong></span> 
     </span>
    </p>
   </div>
   <div class='ocr_carea' id='block_1_105' title="bbox 2246 4287 3815 4366">
    <p class='ocr_par' dir='ltr' id='par_1_105' title="bbox 2246 4287 3815 4366">
     <span class='ocr_line' id='line_1_105' title="bbox 2246 4287 3815 4366; baseline 0.01 -29"><span class='ocrx_word' id='word_1_804' title='bbox 2246 4287 2379 4355; x_wconf 87' lang='lat' dir='ltr'><strong>quod</strong></span> <span class='ocrx_word' id='word_1_805' title='bbox 2398 4287 2677 4354; x_wconf 84' lang='lat' dir='ltr'><strong>accepistis.</strong></span> <span class='ocrx_word' id='word_1_806' title='bbox 2699 4289 2964 4338; x_wconf 82' lang='lat' dir='ltr'><strong>anathema</strong></span> <span class='ocrx_word' id='word_1_807' title='bbox 2992 4289 3055 4339; x_wconf 87' lang='lat' dir='ltr'><strong>sit</strong></span> <span class='ocrx_word' id='word_1_808' title='bbox 3082 4287 3221 4354; x_wconf 83' lang='lat' dir='ltr'><strong>(Gal.</strong></span> <span class='ocrx_word' id='word_1_809' title='bbox 3242 4289 3293 4344; x_wconf 88' lang='grc'><strong>1.</strong></span> <span class='ocrx_word' id='word_1_810' title='bbox 3315 4289 3394 4352; x_wconf 83' lang='lat'><strong>8).</strong></span> <span class='ocrx_word' id='word_1_811' title='bbox 3414 4293 3556 4356; x_wconf 85' lang='lat' dir='ltr'><strong>Quid</strong></span> <span class='ocrx_word' id='word_1_812' title='bbox 3589 4311 3741 4366; x_wconf 79' lang='lat' dir='ltr'><strong>ergo,</strong></span> <span class='ocrx_word' id='word_1_813' title='bbox 3758 4317 3815 4352; x_wconf 78' lang='lat' dir='ltr'><strong>aa</strong></span> 
     </span>
    </p>
   </div>
   <div class='ocr_carea' id='block_1_106' title="bbox 2247 4377 3817 4449">
    <p class='ocr_par' dir='ltr' id='par_1_106' title="bbox 2247 4377 3817 4449">
     <span class='ocr_line' id='line_1_106' title="bbox 2247 4377 3817 4449; baseline 0.006 -19"><span class='ocrx_word' id='word_1_814' title='bbox 2247 4377 2384 4445; x_wconf 90' lang='lat' dir='ltr'><strong>quod</strong></span> <span class='ocrx_word' id='word_1_815' title='bbox 2418 4392 2571 4430; x_wconf 89' lang='lat' dir='ltr'><strong>nemo</strong></span> <span class='ocrx_word' id='word_1_816' title='bbox 2599 4393 2779 4430; x_wconf 87' lang='lat' dir='ltr'><strong>eorum</strong></span> <span class='ocrx_word' id='word_1_817' title='bbox 2808 4378 2896 4444; x_wconf 88' lang='lat' dir='ltr'><strong>qui</strong></span> <span class='ocrx_word' id='word_1_818' title='bbox 2930 4387 3238 4444; x_wconf 79' lang='lat' dir='ltr'><strong>potestatem</strong></span> <span class='ocrx_word' id='word_1_819' title='bbox 3281 4395 3606 4449; x_wconf 80' lang='lat' dir='ltr'><strong>acceperant</strong></span> <span class='ocrx_word' id='word_1_820' title='bbox 3651 4388 3817 4443; x_wconf 78' lang='lat' dir='ltr'><strong>facere</strong></span> 
     </span>
    </p>
   </div>
   <div class='ocr_carea' id='block_1_107' title="bbox 2248 4455 3818 4547">
    <p class='ocr_par' dir='ltr' id='par_1_107' title="bbox 2248 4455 3818 4547">
     <span class='ocr_line' id='line_1_107' title="bbox 2248 4455 3818 4547; baseline 0.01 -27"><span class='ocrx_word' id='word_1_821' title='bbox 2248 4468 2329 4521; x_wconf 90' lang='lat' dir='ltr'><strong>vel</strong></span> <span class='ocrx_word' id='word_1_822' title='bbox 2377 4467 2663 4521; x_wconf 87' lang='lat' dir='ltr'><strong>decernere</strong></span> <span class='ocrx_word' id='word_1_823' title='bbox 2708 4483 2866 4520; x_wconf 90' lang='lat' dir='ltr'><strong>ausus</strong></span> <span class='ocrx_word' id='word_1_824' title='bbox 2912 4455 3012 4529; x_wconf 85' lang='lat' dir='ltr'><strong>est,</strong></span> <span class='ocrx_word' id='word_1_825' title='bbox 3044 4479 3095 4520; x_wconf 93' lang='lat' dir='ltr'><strong>tu</strong></span> <span class='ocrx_word' id='word_1_826' title='bbox 3143 4468 3317 4524; x_wconf 80' lang='lat' dir='ltr'><strong>facere</strong></span> <span class='ocrx_word' id='word_1_827' title='bbox 3363 4474 3627 4539; x_wconf 82' lang='lat' dir='ltr'><strong>audebis.</strong></span> <span class='ocrx_word' id='word_1_828' title='bbox 3679 4481 3818 4547; x_wconf 78' lang='lat' dir='ltr'><strong>plane</strong></span> 
     </span>
    </p>
   </div>
   <div class='ocr_carea' id='block_1_108' title="bbox 2251 4560 3820 4638">
    <p class='ocr_par' dir='ltr' id='par_1_108' title="bbox 2251 4560 3820 4638">
     <span class='ocr_line' id='line_1_108' title="bbox 2251 4560 3820 4638; baseline 0.008 -26"><span class='ocrx_word' id='word_1_829' title='bbox 2251 4561 2547 4614; x_wconf 86' lang='lat' dir='ltr'><strong>adversaria</strong></span> <span class='ocrx_word' id='word_1_830' title='bbox 2593 4560 2748 4612; x_wconf 90' lang='lat' dir='ltr'><strong>morti</strong></span> <span class='ocrx_word' id='word_1_831' title='bbox 2796 4560 2999 4612; x_wconf 83' lang='lat' dir='ltr'><strong>Domini</strong></span> <span class='ocrx_word' id='word_1_832' title='bbox 3047 4569 3374 4627; x_wconf 79' lang='lat' dir='ltr'><strong>perpetratis,</strong></span> <span class='ocrx_word' id='word_1_833' title='bbox 3401 4579 3465 4618; x_wconf 90' lang='lat' dir='ltr'><strong>ac</strong></span> <span class='ocrx_word' id='word_1_834' title='bbox 3506 4569 3653 4636; x_wconf 81' lang='lat' dir='ltr'><strong>regis</strong></span> <span class='ocrx_word' id='word_1_835' title='bbox 3694 4571 3820 4638; x_wconf 82' lang='lat' dir='ltr'><strong>judi-</strong></span> 
     </span>
    </p>
   </div>
   <div class='ocr_carea' id='block_1_109' title="bbox 2251 4650 3820 4730">
    <p class='ocr_par' dir='ltr' id='par_1_109' title="bbox 2251 4650 3820 4730">
     <span class='ocr_line' id='line_1_109' title="bbox 2251 4650 3820 4730; baseline 0.007 -26"><span class='ocrx_word' id='word_1_836' title='bbox 2251 4653 2389 4704; x_wconf 88' lang='lat' dir='ltr'><strong>cium</strong></span> <span class='ocrx_word' id='word_1_837' title='bbox 2419 4651 2784 4706; x_wconf 86' lang='lat' dir='ltr'><strong>antevertens?</strong></span> <span class='ocrx_word' id='word_1_838' title='bbox 2806 4650 2977 4704; x_wconf 83' lang='lat' dir='ltr'><strong>Vultis</strong></span> <span class='ocrx_word' id='word_1_839' title='bbox 2995 4651 3199 4705; x_wconf 90' lang='lat' dir='ltr'><strong>discere</strong></span> <span class='ocrx_word' id='word_1_840' title='bbox 3217 4693 3232 4714; x_wconf 89' lang='lat'><strong>,</strong></span> <span class='ocrx_word' id='word_1_841' title='bbox 3255 4654 3376 4721; x_wconf 90' lang='lat' dir='ltr'><strong>quid</strong></span> <span class='ocrx_word' id='word_1_842' title='bbox 3399 4654 3598 4711; x_wconf 77' lang='lat' dir='ltr'><strong>dixerit</strong></span> <span class='ocrx_word' id='word_1_843' title='bbox 3620 4661 3703 4715; x_wconf 79' lang='lat' dir='ltr'><strong>vir</strong></span> <span class='ocrx_word' id='word_1_844' title='bbox 3719 4664 3820 4730; x_wconf 80' lang='lat' dir='ltr'><strong>qui-</strong></span> 
     </span>
    </p>
   </div>
   <div class='ocr_carea' id='block_1_110' title="bbox 2253 4739 3819 4819">
    <p class='ocr_par' dir='ltr' id='par_1_110' title="bbox 2253 4739 3819 4819">
     <span class='ocr_line' id='line_1_110' title="bbox 2253 4739 3819 4819; baseline 0.008 -26"><span class='ocrx_word' id='word_1_845' title='bbox 2253 4739 2374 4794; x_wconf 88' lang='lat' dir='ltr'><strong>dam</strong></span> <span class='ocrx_word' id='word_1_846' title='bbox 2403 4749 2634 4804; x_wconf 88' lang='lat' dir='ltr'><strong>sanctus,</strong></span> <span class='ocrx_word' id='word_1_847' title='bbox 2668 4741 2753 4810; x_wconf 92' lang='lat' dir='ltr'><strong>qui</strong></span> <span class='ocrx_word' id='word_1_848' title='bbox 2779 4751 2901 4794; x_wconf 90' lang='lat' dir='ltr'><strong>ante</strong></span> <span class='ocrx_word' id='word_1_849' title='bbox 2931 4757 3046 4807; x_wconf 91' lang='lat' dir='ltr'><strong>nos,</strong></span> <span class='ocrx_word' id='word_1_850' title='bbox 3069 4751 3121 4795; x_wconf 90' lang='lat' dir='ltr'><strong>et</strong></span> <span class='ocrx_word' id='word_1_851' title='bbox 3140 4743 3205 4796; x_wconf 91' lang='lat' dir='ltr'><strong>de</strong></span> <span class='ocrx_word' id='word_1_852' title='bbox 3249 4748 3596 4804; x_wconf 82' lang='lat' dir='ltr'><strong>successione</strong></span> <span class='ocrx_word' id='word_1_853' title='bbox 3616 4764 3819 4819; x_wconf 78' lang='lat' dir='ltr'><strong>aposto-</strong></span> 
     </span>
    </p>
   </div>
   <div class='ocr_carea' id='block_1_111' title="bbox 2254 4830 3820 4912">
    <p class='ocr_par' dir='ltr' id='par_1_111' title="bbox 2254 4830 3820 4912">
     <span class='ocr_line' id='line_1_111' title="bbox 2254 4830 3820 4912; baseline 0.009 -28"><span class='ocrx_word' id='word_1_854' title='bbox 2254 4830 2424 4884; x_wconf 87' lang='lat' dir='ltr'><strong>lorum</strong></span> <span class='ocrx_word' id='word_1_855' title='bbox 2470 4831 2597 4892; x_wconf 78' lang='lat' dir='ltr'><strong>liiit.</strong></span> <span class='ocrx_word' id='word_1_856' title='bbox 2644 4847 2706 4886; x_wconf 90' lang='lat' dir='ltr'><strong>ac</strong></span> <span class='ocrx_word' id='word_1_857' title='bbox 2745 4834 2996 4905; x_wconf 88' lang='lat' dir='ltr'><strong>martyrio</strong></span> <span class='ocrx_word' id='word_1_858' title='bbox 3041 4834 3284 4904; x_wconf 88' lang='lat' dir='ltr'><strong>dignatus</strong></span> <span class='ocrx_word' id='word_1_859' title='bbox 3327 4847 3410 4892; x_wconf 87' lang='lat' dir='ltr'><strong>est</strong></span> <span class='ocrx_word' id='word_1_860' title='bbox 3444 4841 3460 4871; x_wconf 73' lang='grc'>⁸</span> <span class='ocrx_word' id='word_1_861' title='bbox 3487 4841 3513 4893; x_wconf 85' lang='lat'><strong>?</strong></span> <span class='ocrx_word' id='word_1_862' title='bbox 3561 4841 3634 4898; x_wconf 89' lang='lat' dir='ltr'><strong>Ut</strong></span> <span class='ocrx_word' id='word_1_863' title='bbox 3681 4845 3820 4912; x_wconf 85' lang='lat' dir='ltr'><strong>hujus</strong></span> 
     </span>
    </p>
   </div>
   <div class='ocr_carea' id='block_1_112' title="bbox 2319 4984 3818 5044">
    <p class='ocr_par' dir='ltr' id='par_1_112' title="bbox 2319 4984 3818 5044">
     <span class='ocr_line' id='line_1_112' title="bbox 2319 4984 3818 5044; baseline 0.006 -13"><span class='ocrx_word' id='word_1_864' title='bbox 2319 4985 2335 5014; x_wconf 85' lang='grc'>¹</span> <span class='ocrx_word' id='word_1_865' title='bbox 2370 4985 2441 5031; x_wconf 67' lang='lat' dir='ltr'><strong>sic</strong></span> <span class='ocrx_word' id='word_1_866' title='bbox 2466 4984 2606 5031; x_wconf 80' lang='lat' dir='ltr'><strong>\‘atic.</strong></span> <span class='ocrx_word' id='word_1_867' title='bbox 2633 4993 2785 5033; x_wconf 86' lang='lat' dir='ltr'><strong>recte.</strong></span> <span class='ocrx_word' id='word_1_868' title='bbox 2812 4991 2855 5032; x_wconf 87' lang='lat' dir='ltr'><strong>ls</strong></span> <span class='ocrx_word' id='word_1_869' title='bbox 2875 4985 3010 5044; x_wconf 83' lang='lat' dir='ltr'><strong>cujus</strong></span> <span class='ocrx_word' id='word_1_870' title='bbox 3033 4984 3108 5032; x_wconf 89' lang='lat' dir='ltr'><strong>hic</strong></span> <span class='ocrx_word' id='word_1_871' title='bbox 3122 4985 3295 5032; x_wconf 90' lang='lat' dir='ltr'><strong>dictum</strong></span> <span class='ocrx_word' id='word_1_872' title='bbox 3330 5000 3684 5043; x_wconf 68' lang='lat' dir='ltr'><strong>coautten&#39;torat</strong></span> <span class='ocrx_word' id='word_1_873' title='bbox 3701 4996 3818 5042; x_wconf 66' lang='lat' dir='ltr'><strong>din-</strong></span> 
     </span>
    </p>
   </div>
   <div class='ocr_carea' id='block_1_113' title="bbox 2254 5046 3816 5112">
    <p class='ocr_par' dir='ltr' id='par_1_113' title="bbox 2254 5046 3816 5112">
     <span class='ocr_line' id='line_1_113' title="bbox 2254 5046 3816 5112; baseline 0.003 -19"><span class='ocrx_word' id='word_1_874' title='bbox 2254 5054 2506 5112; x_wconf 83' lang='lat' dir='ltr'><strong>s_t_)s_tonuts,</strong></span> <span class='ocrx_word' id='word_1_875' title='bbox 2527 5059 2772 5112; x_wconf 78' lang='lat' dir='ltr'><strong>quemque</strong></span> <span class='ocrx_word' id='word_1_876' title='bbox 2793 5046 3342 5112; x_wconf 61' lang='lat' dir='ltr'><strong>Aposwlorumteuqxre</strong></span> <span class='ocrx_word' id='word_1_877' title='bbox 3355 5056 3588 5112; x_wconf 73' lang='lat' dir='ltr'><strong>martyrio</strong></span> <span class='ocrx_word' id='word_1_878' title='bbox 3612 5046 3816 5103; x_wconf 51' lang='lat' dir='ltr'><strong>stream:</strong></span> 
     </span>
    </p>
   </div>
   <div class='ocr_carea' id='block_1_114' title="bbox 2254 5107 3816 5178">
    <p class='ocr_par' dir='ltr' id='par_1_114' title="bbox 2254 5107 3816 5178">
     <span class='ocr_line' id='line_1_114' title="bbox 2254 5107 3816 5178; baseline 0.007 -25"><span class='ocrx_word' id='word_1_879' title='bbox 2254 5107 2385 5178; x_wconf 68' lang='lat' dir='ltr'><strong>dicit,</strong></span> <span class='ocrx_word' id='word_1_880' title='bbox 2412 5113 2507 5178; x_wconf 75' lang='lat' dir='ltr'><strong>est,</strong></span> <span class='ocrx_word' id='word_1_881' title='bbox 2531 5107 2860 5178; x_wconf 67' lang='lat' dir='ltr'><strong>utentistimat</strong></span> <span class='ocrx_word' id='word_1_882' title='bbox 2889 5111 3126 5178; x_wconf 75' lang='lat' dir='ltr'><strong>Barouius.</strong></span> <span class='ocrx_word' id='word_1_883' title='bbox 3160 5111 3376 5178; x_wconf 62' lang='lat' dir='ltr'><strong>tguatius</strong></span> <span class='ocrx_word' id='word_1_884' title='bbox 3399 5107 3592 5178; x_wconf 54' lang='lat' dir='ltr'><strong>ttat‘tyr,</strong></span> <span class='ocrx_word' id='word_1_885' title='bbox 3635 5118 3680 5163; x_wconf 89' lang='lat' dir='ltr'><strong>in</strong></span> <span class='ocrx_word' id='word_1_886' title='bbox 3703 5123 3816 5178; x_wconf 59' lang='lat' dir='ltr'><strong>auus</strong></span> 
     </span>
    </p>
   </div>
   <div class='ocr_carea' id='block_1_115' title="bbox 2256 5164 3815 5238">
    <p class='ocr_par' dir='ltr' id='par_1_115' title="bbox 2256 5164 3815 5238">
     <span class='ocr_line' id='line_1_115' title="bbox 2256 5164 3815 5238; baseline 0.003 -22"><span class='ocrx_word' id='word_1_887' title='bbox 2256 5167 2458 5238; x_wconf 77' lang='lat' dir='ltr'><strong>Epistola</strong></span> <span class='ocrx_word' id='word_1_888' title='bbox 2495 5168 2552 5216; x_wconf 88' lang='lat' dir='ltr'><strong>ad</strong></span> <span class='ocrx_word' id='word_1_889' title='bbox 2583 5176 2846 5238; x_wconf 63' lang='lat' dir='ltr'><strong>Sttiyrtiteos</strong></span> <span class='ocrx_word' id='word_1_890' title='bbox 2866 5169 3046 5238; x_wconf 42' lang='lat' dir='ltr'><strong>se‘buic</strong></span> <span class='ocrx_word' id='word_1_891' title='bbox 3068 5164 3591 5238; x_wconf 65' lang='lat' dir='ltr'><strong>similetusententiani</strong></span> <span class='ocrx_word' id='word_1_892' title='bbox 3615 5164 3815 5238; x_wconf 68' lang='lat' dir='ltr'><strong>reperire</strong></span> 
     </span>
    </p>
   </div>
   <div class='ocr_carea' id='block_1_116' title="bbox 2273 5229 3815 5301">
    <p class='ocr_par' dir='ltr' id='par_1_116' title="bbox 2273 5229 3815 5301">
     <span class='ocr_line' id='line_1_116' title="bbox 2273 5229 3815 5301; baseline 0.006 -25"><span class='ocrx_word' id='word_1_893' title='bbox 2273 5236 2414 5301; x_wconf 48' lang='lat' dir='ltr'><strong>tutat‘;</strong></span> <span class='ocrx_word' id='word_1_894' title='bbox 2435 5242 2577 5301; x_wconf 80' lang='lat' dir='ltr'><strong>secus</strong></span> <span class='ocrx_word' id='word_1_895' title='bbox 2599 5229 2851 5277; x_wconf 85' lang='lat' dir='ltr'><strong>arbitratur</strong></span> <span class='ocrx_word' id='word_1_896' title='bbox 2867 5229 3214 5301; x_wconf 50' lang='lat' dir='ltr'><strong>:rillentoutius,</strong></span> <span class='ocrx_word' id='word_1_897' title='bbox 3238 5232 3447 5301; x_wconf 74' lang='lat' dir='ltr'><strong>dicitque</strong></span> <span class='ocrx_word' id='word_1_898' title='bbox 3471 5235 3636 5301; x_wconf 66' lang='lat' dir='ltr'><strong>locum</strong></span> <span class='ocrx_word' id='word_1_899' title='bbox 3657 5229 3815 5301; x_wconf 55' lang='lat' dir='ltr'><strong>Egesta-</strong></span> 
     </span>
    </p>
   </div>
   <div class='ocr_carea' id='block_1_117' title="bbox 2277 5291 3815 5362">
    <p class='ocr_par' dir='ltr' id='par_1_117' title="bbox 2277 5291 3815 5362">
     <span class='ocr_line' id='line_1_117' title="bbox 2277 5291 3815 5362; baseline 0.007 -24"><span class='ocrx_word' id='word_1_900' title='bbox 2356 5291 2413 5361; x_wconf 78' lang='lat' dir='ltr'><strong>ad</strong></span> <span class='ocrx_word' id='word_1_901' title='bbox 2437 5300 2715 5362; x_wconf 54' lang='lat' dir='ltr'><strong>smyrnaeos</strong></span> <span class='ocrx_word' id='word_1_902' title='bbox 2735 5305 2843 5362; x_wconf 72' lang='lat' dir='ltr'><strong>eum</strong></span> <span class='ocrx_word' id='word_1_903' title='bbox 2865 5291 3291 5362; x_wconf 37' lang='lat' dir='ltr'><strong>ltoc&#39;cbrysostotni</strong></span> <span class='ocrx_word' id='word_1_904' title='bbox 3330 5293 3433 5342; x_wconf 81' lang='lat' dir='ltr'><strong>loco</strong></span> <span class='ocrx_word' id='word_1_905' title='bbox 3463 5300 3556 5362; x_wconf 50' lang='lat' dir='ltr'><strong>iis</strong></span> <span class='ocrx_word' id='word_1_906' title='bbox 3592 5291 3815 5362; x_wconf 68' lang='lat' dir='ltr'><strong>quidpiam</strong></span> 
     </span>
    </p>
   </div>
   <div class='ocr_carea' id='block_1_118' title="bbox 2255 5352 3813 5423">
    <p class='ocr_par' dir='ltr' id='par_1_118' title="bbox 2255 5352 3813 5423">
     <span class='ocr_line' id='line_1_118' title="bbox 2255 5352 3813 5423; baseline 0.004 -24"><span class='ocrx_word' id='word_1_907' title='bbox 2255 5352 2493 5423; x_wconf 69' lang='lat' dir='ltr'><strong>allinitatis</strong></span> <span class='ocrx_word' id='word_1_908' title='bbox 2520 5353 2795 5423; x_wconf 66' lang='lat' dir='ltr'><strong>habereJin</strong></span> <span class='ocrx_word' id='word_1_909' title='bbox 2822 5354 2998 5423; x_wconf 79' lang='lat' dir='ltr'><strong>Baronii</strong></span> <span class='ocrx_word' id='word_1_910' title='bbox 3019 5352 3164 5400; x_wconf 82' lang='lat' dir='ltr'><strong>verba</strong></span> <span class='ocrx_word' id='word_1_911' title='bbox 3186 5354 3241 5423; x_wconf 80' lang='lat' dir='ltr'><strong>ad</strong></span> <span class='ocrx_word' id='word_1_912' title='bbox 3266 5366 3440 5402; x_wconf 85' lang='lat' dir='ltr'><strong>annum</strong></span> <span class='ocrx_word' id='word_1_913' title='bbox 3462 5357 3578 5414; x_wconf 65' lang='grc' dir='ltr'><strong>δεξ,</strong></span> <span class='ocrx_word' id='word_1_914' title='bbox 3605 5352 3685 5410; x_wconf 80' lang='lat' dir='ltr'><strong>ubi</strong></span> 
     </span>
    </p>
   </div>
   <div class='ocr_carea' id='block_1_119' title="bbox 2259 5413 3813 5483">
    <p class='ocr_par' dir='ltr' id='par_1_119' title="bbox 2259 5413 3813 5483">
     <span class='ocr_line' id='line_1_119' title="bbox 2259 5413 3813 5483; baseline 0.008 -24"><span class='ocrx_word' id='word_1_915' title='bbox 2259 5414 2548 5483; x_wconf 66' lang='lat' dir='ltr'><strong>quambune</strong></span> <span class='ocrx_word' id='word_1_916' title='bbox 2568 5414 2879 5483; x_wconf 37' lang='lat' dir='ltr'><strong>(tl-trysostonii</strong></span> <span class='ocrx_word' id='word_1_917' title='bbox 2907 5415 3060 5483; x_wconf 82' lang='lat' dir='ltr'><strong>locum</strong></span> <span class='ocrx_word' id='word_1_918' title='bbox 3086 5413 3350 5475; x_wconf 78' lang='lat' dir='ltr'><strong>protulerat</strong></span> <span class='ocrx_word' id='word_1_919' title='bbox 3385 5431 3454 5466; x_wconf 84' lang='lat' dir='ltr'><strong>ste</strong></span> <span class='ocrx_word' id='word_1_920' title='bbox 3476 5413 3813 5483; x_wconf 48' lang='lat' dir='ltr'><strong>tvm”:</strong></span> 
     </span>
    </p>
   </div>
   <div class='ocr_carea' id='block_1_120' title="bbox 2256 5473 3817 5543">
    <p class='ocr_par' dir='ltr' id='par_1_120' title="bbox 2256 5473 3817 5543">
     <span class='ocr_line' id='line_1_120' title="bbox 2256 5473 3817 5543; baseline 0.008 -21"><span class='ocrx_word' id='word_1_921' title='bbox 2256 5473 2311 5522; x_wconf 65' lang='grc' dir='ltr'><strong>,ἆι</strong></span> <span class='ocrx_word' id='word_1_922' title='bbox 2332 5474 2552 5543; x_wconf 14' lang='grc' dir='ltr'>(ιιιὶδηίιηιν</span> <span class='ocrx_word' id='word_1_923' title='bbox 2566 5473 2752 5543; x_wconf 43' lang='lat' dir='ltr'><strong>.hicn&#39;qui</strong></span> <span class='ocrx_word' id='word_1_924' title='bbox 2774 5474 3059 5543; x_wconf 78' lang='lat' dir='ltr'><strong>scriptorum</strong></span> <span class='ocrx_word' id='word_1_925' title='bbox 3082 5473 3378 5543; x_wconf 76' lang='lat' dir='ltr'><strong>nuntumenta</strong></span> <span class='ocrx_word' id='word_1_926' title='bbox 3411 5473 3689 5543; x_wconf 59' lang='lat' dir='ltr'><strong>religandi,</strong></span> <span class='ocrx_word' id='word_1_927' title='bbox 3710 5485 3817 5533; x_wconf 58' lang='lat' dir='ltr'><strong>aias</strong></span> 
     </span>
    </p>
   </div>
   <div class='ocr_carea' id='block_1_121' title="bbox 2255 5533 3815 5608">
    <p class='ocr_par' dir='ltr' id='par_1_121' title="bbox 2255 5533 3815 5608">
     <span class='ocr_line' id='line_1_121' title="bbox 2255 5533 3815 5608; baseline 0.008 -26"><span class='ocrx_word' id='word_1_928' title='bbox 2255 5533 2398 5608; x_wconf 69' lang='lat' dir='ltr'><strong>quam</strong></span> <span class='ocrx_word' id='word_1_929' title='bbox 2425 5533 2772 5608; x_wconf 58' lang='lat' dir='ltr'><strong>tgnatiushzst</strong></span> <span class='ocrx_word' id='word_1_930' title='bbox 2793 5533 2906 5608; x_wconf 72' lang='lat' dir='ltr'><strong>sane</strong></span> <span class='ocrx_word' id='word_1_931' title='bbox 2928 5535 3058 5608; x_wconf 73' lang='lat' dir='ltr'><strong>locus</strong></span> <span class='ocrx_word' id='word_1_932' title='bbox 3088 5535 3138 5608; x_wconf 76' lang='lat' dir='ltr'><strong>in</strong></span> <span class='ocrx_word' id='word_1_933' title='bbox 3159 5538 3365 5608; x_wconf 72' lang='lat' dir='ltr'><strong>Epistola</strong></span> <span class='ocrx_word' id='word_1_934' title='bbox 3393 5551 3460 5589; x_wconf 78' lang='lat' dir='ltr'><strong>ad</strong></span> <span class='ocrx_word' id='word_1_935' title='bbox 3499 5533 3815 5608; x_wconf 57' lang='lat' dir='ltr'><strong>5mm</strong></span> 
     </span>
    </p>
   </div>
   <div class='ocr_carea' id='block_1_122' title="bbox 2255 5595 3816 5668">
    <p class='ocr_par' dir='ltr' id='par_1_122' title="bbox 2255 5595 3816 5668">
     <span class='ocr_line' id='line_1_122' title="bbox 2255 5595 3816 5668; baseline 0.006 -25"><span class='ocrx_word' id='word_1_936' title='bbox 2255 5595 2333 5644; x_wconf 79' lang='lat' dir='ltr'><strong>ubi</strong></span> <span class='ocrx_word' id='word_1_937' title='bbox 2356 5595 2701 5668; x_wconf 34' lang='lat' dir='ltr'><strong>nate-(equidm</strong></span> <span class='ocrx_word' id='word_1_938' title='bbox 2724 5597 2866 5668; x_wconf 74' lang='lat' dir='ltr'><strong>verba</strong></span> <span class='ocrx_word' id='word_1_939' title='bbox 2894 5609 2911 5646; x_wconf 90' lang='lat'><strong><em>:</em></strong></span> <span class='ocrx_word' id='word_1_940' title='bbox 2951 5599 3030 5668; x_wconf 50' lang='lat' dir='ltr'><strong>isi</strong></span> <span class='ocrx_word' id='word_1_941' title='bbox 3056 5595 3306 5668; x_wconf 69' lang='lat' dir='ltr'><strong>cuiatiure</strong></span> <span class='ocrx_word' id='word_1_942' title='bbox 3329 5614 3564 5668; x_wconf 75' lang='lat' dir='ltr'><strong>censetur</strong></span> <span class='ocrx_word' id='word_1_943' title='bbox 3586 5595 3732 5668; x_wconf 61' lang='grc' dir='ltr'><strong>ἵππω</strong></span> <span class='ocrx_word' id='word_1_944' title='bbox 3758 5595 3816 5652; x_wconf 58' lang='lat' dir='ltr'><strong>dii</strong></span> 
     </span>
    </p>
   </div>
   <div class='ocr_carea' id='block_1_123' title="bbox 2255 5659 3817 5723">
    <p class='ocr_par' dir='ltr' id='par_1_123' title="bbox 2255 5659 3817 5723">
     <span class='ocr_line' id='line_1_123' title="bbox 2255 5659 3817 5723; baseline 0.009 -20"><span class='ocrx_word' id='word_1_945' title='bbox 2255 5671 2381 5718; x_wconf 84' lang='lat' dir='ltr'><strong>gnus</strong></span> <span class='ocrx_word' id='word_1_946' title='bbox 2403 5660 2483 5719; x_wconf 89' lang='lat' dir='ltr'><strong>qui</strong></span> <span class='ocrx_word' id='word_1_947' title='bbox 2506 5659 2738 5723; x_wconf 85' lang='lat' dir='ltr'><strong>adversus</strong></span> <span class='ocrx_word' id='word_1_948' title='bbox 2761 5666 2937 5720; x_wconf 77' lang='lat' dir='ltr'><strong>Regem</strong></span> <span class='ocrx_word' id='word_1_949' title='bbox 2956 5660 3176 5720; x_wconf 78' lang='lat' dir='ltr'><strong>insurgit,</strong></span> <span class='ocrx_word' id='word_1_950' title='bbox 3197 5659 3249 5709; x_wconf 85' lang='lat' dir='ltr'><strong>ut</strong></span> <span class='ocrx_word' id='word_1_951' title='bbox 3270 5666 3351 5723; x_wconf 87' lang='lat' dir='ltr'><strong>qui</strong></span> <span class='ocrx_word' id='word_1_952' title='bbox 3390 5665 3542 5715; x_wconf 73' lang='lat' dir='ltr'><strong>violet</strong></span> <span class='ocrx_word' id='word_1_953' title='bbox 3570 5659 3724 5717; x_wconf 64' lang='lat' dir='ltr'><strong>tinus</strong></span> <span class='ocrx_word' id='word_1_954' title='bbox 3758 5680 3817 5717; x_wconf 74' lang='lat' dir='ltr'><strong>te-</strong></span> 
     </span>
    </p>
   </div>
   <div class='ocr_carea' id='block_1_124' title="bbox 2257 5721 3818 5790">
    <p class='ocr_par' dir='ltr' id='par_1_124' title="bbox 2257 5721 3818 5790">
     <span class='ocr_line' id='line_1_124' title="bbox 2257 5721 3818 5790; baseline 0.007 -25"><span class='ocrx_word' id='word_1_955' title='bbox 2257 5730 2369 5778; x_wconf 86' lang='lat' dir='ltr'><strong>gum</strong></span> <span class='ocrx_word' id='word_1_956' title='bbox 2383 5721 2808 5790; x_wconf 48' lang='lat' dir='ltr'><strong>&quot;constitutiones:</strong></span> <span class='ocrx_word' id='word_1_957' title='bbox 2831 5729 3042 5790; x_wconf 72' lang='lat' dir='ltr'><strong>quanto,</strong></span> <span class='ocrx_word' id='word_1_958' title='bbox 3079 5721 3301 5790; x_wconf 46' lang='lat' dir='ltr'><strong>putatis,‘</strong></span> <span class='ocrx_word' id='word_1_959' title='bbox 3314 5728 3523 5785; x_wconf 81' lang='lat' dir='ltr'><strong>graviori</strong></span> <span class='ocrx_word' id='word_1_960' title='bbox 3563 5731 3818 5790; x_wconf 56' lang='lat' dir='ltr'><strong>sutrina-hu</strong></span> 
     </span>
    </p>
   </div>
   <div class='ocr_carea' id='block_1_125' title="bbox 2257 5777 3817 5850">
    <p class='ocr_par' dir='ltr' id='par_1_125' title="bbox 2257 5777 3817 5850">
     <span class='ocr_line' id='line_1_125' title="bbox 2257 5777 3817 5850; baseline 0.006 -23"><span class='ocrx_word' id='word_1_961' title='bbox 2257 5777 2506 5841; x_wconf 76' lang='lat' dir='ltr'><strong>supplicio,</strong></span> <span class='ocrx_word' id='word_1_962' title='bbox 2534 5783 2612 5842; x_wconf 76' lang='lat' dir='ltr'><strong>qui</strong></span> <span class='ocrx_word' id='word_1_963' title='bbox 2636 5783 2742 5830; x_wconf 86' lang='lat' dir='ltr'><strong>sine</strong></span> <span class='ocrx_word' id='word_1_964' title='bbox 2764 5777 3120 5846; x_wconf 65' lang='lat' dir='ltr'><strong>ripisL‘opO&#39;Quiu</strong></span> <span class='ocrx_word' id='word_1_965' title='bbox 3165 5777 3292 5834; x_wconf 85' lang='lat' dir='ltr'><strong>volet</strong></span> <span class='ocrx_word' id='word_1_966' title='bbox 3314 5777 3492 5850; x_wconf 63' lang='lat' dir='ltr'><strong>agere,</strong></span> <span class='ocrx_word' id='word_1_967' title='bbox 3526 5777 3817 5840; x_wconf 57' lang='lat' dir='ltr'><strong>concordiae</strong></span> 
     </span>
    </p>
   </div>
  </div>
