3906 6238
115 305 229 360 9-19

115 423 275 476 verbi
320 420 619 476 molestiam
660 418 937 486 iudicaret,
968 419 1069 474 hoc
1119 435 1244 475 usus
1290 425 1534 493 exemplo
1577 435 1702 480 est:

114 514 573 581 quemadmodum
600 514 645 569 si
673 515 811 584 quis,
831 516 1064 584 privatus
1092 530 1210 569 cum
1241 515 1331 581 sit,
1361 518 1558 587 regiam
1584 534 1708 587 pur-

116 621 311 674 pttmnt
358 606 608 670 induerit,
663 616 770 660 tum
824 606 937 675 ipse
989 618 1096 659 tum
1133 609 1523 662 commilitones
1566 610 1704 678 ejus,

112 698 273 762 quasi
316 697 525 767 tyranni
570 698 983 759 interficiuntur;
1016 698 1093 751 sic
1121 698 1209 767 qui
1239 699 1506 754 dominico
1549 713 1706 754 utun-

116 800 210 841 tur
232 788 473 852 decreto,
495 800 547 843 et
575 789 841 844 hominem
873 790 1124 842 Ecclesia:
1165 790 1442 844 anathema
1483 789 1701 853 faciunt,

113 878 171 931 in
218 890 519 932 extremam
562 893 620 933 se
659 880 945 947 perniciem
983 878 1274 944 abducunt,
1324 881 1444 935 Filii
1481 881 1706 951 dignita—

114 980 227 1022 tem
277 979 614 1038 usurpantes.
664 972 745 1023 An
788 970 903 1024 leve
952 970 1143 1039 putatis
1186 985 1305 1025 esse
1328 980 1452 1024 ante
1495 981 1703 1042 tempus

109 1072 168 1114 et
193 1061 391 1128 judicis
416 1061 698 1116 adventum
732 1062 819 1114 tali
848 1062 1105 1117 sententia
1127 1062 1423 1131 quempiam
1447 1063 1703 1117 condem-

111 1152 288 1207 nare?
316 1151 447 1205 Nam
472 1152 755 1206 anathema
781 1168 810 1205 a
836 1152 1047 1205 Christo
1090 1168 1305 1221 prorsus
1334 1162 1563 1222 separat.
1595 1153 1699 1208 Sed

108 1242 242 1311 quid
275 1242 459 1297 dicunt
492 1242 568 1296 illi
592 1242 657 1296 ad
688 1258 900 1298 omnem
927 1244 1180 1297 malitiam
1208 1243 1474 1299 audaces?
1518 1244 1700 1299 Haere-

109 1337 277 1399 ticus,
309 1337 477 1399 aiunt,
506 1336 593 1390 ille
638 1334 809 1389 factus
833 1344 935 1399 est,
982 1335 1364 1391 inhabitantem
1393 1336 1552 1390 habet
1581 1335 1698 1390 dia-

108 1428 835 1497 bulum,ctloquilurcoulra
855 1429 1016 1482 Deum
1051 1428 1365 1498 nequitiam,
1398 1428 1698 1498 multosque

103 1519 332 1574 suadela
360 1533 599 1589 vanaque
624 1517 828 1573 fallacia
855 1518 906 1572 in
934 1518 1253 1589 profundum
1278 1520 1421 1575 exitii
1440 1520 1655 1575 abducit
1680 1540 1693 1575 :

106 1612 343 1680 ideoque
365 1628 393 1665 a
417 1607 660 1664 Patrihus
675 1608 877 1679 ejectus
892 1620 973 1664 est
993 1610 1219 1664 maxime
1240 1610 1401 1682 hujus
1422 1614 1692 1684 magister,

102 1704 200 1772 qui
224 1711 428 1771 partem
472 1700 722 1756 Ecclesia:
756 1700 1000 1765 abscidit,
1026 1703 1102 1757 sic
1130 1712 1220 1758 aut
1259 1713 1475 1774 propter
1514 1705 1694 1760 Pauli-

103 1812 273 1859 num,
317 1804 409 1849 aut
447 1804 664 1865 propter
709 1796 1093 1865 Apollinarium
1134 1796 1411 1867 loquentes
1433 1799 1529 1868 (a).
1559 1799 1691 1853 Nam

100 1891 175 1944 de
194 1890 386 1944 hormn
413 1889 741 1959 singulorum
766 1888 1063 1944 differentia
1089 1905 1266 1944 sermo
1294 1891 1474 1944 multis
1494 1891 1691 1945 novita-

101 1982 176 2034 tis
197 1988 378 2034 notam
399 1978 620 2046 pulchre
634 1976 1083 2048 eil'ugit,errorem
1106 1977 1155 2033 in
1175 1981 1535 2049 penetralibus
1553 1998 1691 2052 prse-

95 2071 358 2141 judicata:
397 2073 661 2142 opinionis
703 2074 988 2130 invaluisse
1032 2090 1260 2144 arguens
1292 2092 1305 2129 :
1338 2075 1477 2129 Doce
1512 2078 1562 2129 in
1584 2094 1690 2131 mo-

96 2164 268 2217 destia
312 2164 592 2233 corripiens
632 2180 738 2230 eos,
783 2166 868 2232 qui
905 2166 1163 2229 resistunt,
1192 2182 1254 2219 ne
1276 2169 1478 2236 quando
1507 2168 1587 2220 det
1619 2169 1690 2223 eis

96 2254 245 2307 Deus
274 2256 611 2323 paenitentiam
644 2256 711 2307 ad
749 2255 1146 2326 cognoscendam
1189 2260 1462 2322 veritatem,
1495 2268 1541 2311 et
1567 2260 1688 2311 resi—

95 2345 297 2413 piscent
319 2362 353 2397 a
380 2345 569 2397 diaboli
595 2345 790 2415 laqueo,
810 2362 842 2398 a
860 2362 959 2414 quo
986 2348 1169 2416 captivi
1194 2357 1423 2401 tenentur
1441 2349 1507 2401 ad
1532 2349 1689 2413 ipsius

93 2436 501 2508 rotuntatem(2.
521 2434 650 2489 Tim.
668 2438 722 2489 2.
742 2436 959 2507 25.26).
992 2438 1229 2492 Extende
1267 2453 1515 2508 sagenam
1545 2440 1685 2493 cari-

94 2527 245 2591 tatis,
272 2542 337 2581 ne
353 2527 494 2596 quod
518 2527 794 2593 claudicat,
814 2536 1109 2595 evertatur,
1132 2529 1224 2584 sed
1248 2530 1422 2598 potius
1448 2539 1683 2585 sanetur.

92 2617 340 2673 Ostende
356 2627 404 2672 te
424 2634 489 2674 ex
507 2618 697 2674 affectu
716 2619 881 2674 multo
900 2619 1095 2675 bonum
1112 2622 1382 2691 proprium
1403 2636 1685 2677 commune

93 2710 277 2764 facere
297 2709 453 2764 velle.
477 2708 641 2778 lnjice
669 2710 878 2765 dulcem
916 2712 1392 2769 commiserationis
1428 2714 1642 2769 hamum
1666 2758 1680 2777 ,

91 2815 149 2854 et
168 2816 289 2854 cum
311 2801 391 2855 sic
414 2801 621 2856 occulta
647 2810 913 2858 scrutatus
941 2802 1122 2870 fueris,
1138 2820 1201 2859 ex
1220 2805 1480 2875 profundo
1506 2810 1683 2878 perni-

90 2891 198 2946 ciei
241 2890 463 2946 extrahe
507 2907 651 2955 eum,
700 2894 788 2962 qui
832 2896 1093 2949 sententia
1137 2896 1447 2952 submersus
1493 2897 1681 2954 fuerat.

88 2982 252 3052 Quod
269 2983 351 3038 vel
364 2998 427 3037 ex
442 2983 777 3053 pra‘judicata
790 2984 1037 3055 Opinione
1048 2987 1127 3041 vel
1141 3001 1206 3042 ex
1224 2988 1516 3058 ignorantia
1536 3002 1687 3060 puta-

92 3076 258 3129 luatur
284 3090 404 3129 esse
433 3075 650 3139 bonum,
668 3076 875 3147 corrige
904 3085 963 3131 ut
986 3076 1056 3131 ab
1084 3078 1373 3148 apostolica
1401 3080 1683 3136 traditione

92 3166 356 3219 alienant.
390 3167 467 3220 Ac
491 3166 535 3220 si
576 3165 789 3236 quidem
818 3166 869 3221 id
897 3168 1138 3238 accipere
1164 3170 1291 3225 velit
1319 3171 1384 3239 is,
1411 3173 1498 3241 qui
1530 3187 1683 3227 erro-

90 3272 213 3312 rem
236 3266 540 3326 exceperat,
567 3258 856 3313 secundum
896 3260 1169 3331 pr0pheta:
1209 3277 1416 3329 vocem,
1448 3264 1536 3318 ille
1575 3264 1681 3317 vita

89 3352 263 3415 vivet,
285 3358 340 3404 et
365 3358 420 3404 tu
437 3350 666 3404 animam
692 3357 833 3405 tuam
859 3351 1108 3407 liberabis
1136 3351 1350 3423 (Ezech.
1371 3356 1423 3410 5.
1448 3354 1565 3427 21).
1589 3356 1682 3411 Sin

90 3442 252 3505 nolit,
273 3451 327 3496 et
342 3441 671 3497 contendens
692 3442 959 3511 persistat,
978 3458 1045 3499 ne
1059 3455 1113 3501 tu
1129 3460 1253 3500 reus
1268 3447 1362 3511 sis,
1378 3455 1683 3502 contestare

90 3534 275 3587 solum
301 3548 421 3588 cum
448 3533 846 3602 longanimitate
886 3544 940 3589 et
972 3536 1397 3604 mansuetudine,
1428 3553 1494 3593 ne
1520 3538 1683 3608 judcx

89 3626 333 3679 animam
378 3625 493 3694 ejus
526 3624 594 3685 de
632 3640 791 3681 manu
833 3634 922 3681 tua
964 3628 1217 3697 requirat.
1261 3627 1339 3683 Ne
1382 3628 1581 3694 oderis,
1616 3644 1683 3684 ne

89 3714 400 3781 averseris,
444 3730 510 3770 ne
546 3717 914 3787 persequaris,
963 3716 1058 3771 sed
1098 3720 1360 3773 sinceram
1397 3734 1681 3790 veramque

87 3823 226 3877 erga
270 3822 393 3862 eum
440 3809 714 3863 caritatem
754 3807 1023 3864 ostendas.
1074 3808 1220 3864 llanc
1265 3811 1508 3877 lucrare,
1556 3825 1606 3867 et
1636 3815 1677 3868 si

89 3899 233 3953 nihil
261 3898 403 3953 aliud
436 3899 675 3954 utilitatis
703 3902 967 3970 acquiras,
1000 3900 1116 3956 hmc
1139 3917 1325 3973 magna
1352 3910 1435 3958 est
1456 3904 1676 3972 utilitas,
1720 3892 1755 3931 ‘

84 3993 200 4047 hoc
223 4008 471 4060 maguum
505 3994 724 4058 lucrum,
756 3994 896 4065 quod
933 3994 1137 4064 diligas,
1166 4006 1219 4050 et
1248 3994 1443 4051 Christi
1477 3997 1678 4052 doctri-

87 4102 221 4140 nam
268 4086 479 4141 doceas.
518 4086 583 4140 In
625 4087 718 4141 hoc
754 4088 904 4154 enim,
947 4088 1141 4159 inquit,
1184 4100 1498 4160 cognoscent,
1544 4092 1679 4162 quod

84 4178 339 4245 discipuli
371 4177 465 4230 mei
506 4177 641 4239 estis,
671 4178 715 4230 si
734 4178 1049 4231 dilectionem
1087 4178 1358 4234 habueritis
1380 4181 1446 4233 ad
1470 4182 1677 4236 invicem

93 4267 301 4339 (Joan.
354 4270 431 4322 15.
479 4268 582 4334 35)
614 4286 626 4322 :
658 4284 759 4337 qua
802 4270 1054 4334 absente,
1107 4286 1278 4341 neque
1320 4273 1673 4342 cognitionem

88 4359 472 4429 mysteriorum
533 4359 651 4423 Dei,
681 4374 853 4429 neque
897 4360 1071 4423 fidem,
1103 4376 1274 4431 neque
1320 4363 1672 4433 prophetiam,

84 4464 274 4518 neque
316 4457 710 4517 paupertatem,
756 4465 927 4519 neque
965 4450 1321 4506 testimonium
1356 4453 1424 4508 de
1462 4454 1675 4509 Christo

86 4541 379 4593 utilitatem
410 4540 602 4594 afferre
640 4540 924 4609 Apostolus
950 4541 1235 4598 declaravit
1255 4543 1337 4599 his
1362 4546 1537 4600 verbis
1570 4565 1583 4601 :
1612 4548 1675 4602 Si

83 4632 320 4686 habuero
346 4632 578 4700 mysteria
605 4633 793 4696 omnia,
824 4642 871 4686 et
896 4647 1092 4688 onmem
1123 4636 1402 4698 scientiam,
1430 4649 1475 4690 et
1498 4638 1670 4706 ﬁdem,

85 4730 163 4779 ita
194 4733 249 4778 ut
276 4732 462 4778 montes
483 4724 803 4793 transferam,
831 4726 1090 4778 caritatem
1113 4736 1278 4781 autem
1307 4744 1407 4781 non
1430 4728 1669 4793 habuero,

84 4817 229 4871 nihil
260 4817 381 4869 mihi
407 4816 607 4885 prodest
637 4834 656 4870 :
676 4826 721 4871 et
749 4817 793 4870 si
821 4817 1005 4888 linguis
1020 4817 1313 4889 angelorum
1337 4820 1533 4890 loquar,
1562 4830 1607 4873 et
1628 4823 1672 4875 si
1712 4850 1719 4857 -

80 4910 284 4963 dedero
322 4925 518 4962 ontnem
554 4906 881 4963 substantiam
915 4924 1076 4962 meam
1110 4910 1161 4963 in
1186 4911 1340 4977 cibos,
1372 4922 1417 4963 et
1443 4914 1488 4965 si
1514 4914 1672 4966 tradi-

80 5098 332 5148 rumpens
354 5085 683 5148 etdecentem
705 5086 923 5148 ordinem
942 5084 1253 5147 confundens,
1277 5094 1367 5137 etc.
1388 5105 1410 5133 υ
1450 5091 1673 5142 Reddidit

80 5152 195 5215 ίριε
209 5146 497 5221 testatum
517 5154 675 5221 etne"
695 5148 837 5221 verte
857 5146 1393 5221 αιτυεοξιοτηιξδίαμιυε
1415 5150 1480 5201 σά
1499 5166 1672 5221 prope:

80 5208 240 5264 situm
262 5209 388 5277 illud
406 5223 545 5259 suum
563 5208 765 5277 inﬂexit.
786 5208 1021 5277 Hactenus
1032 5212 1268 5259 Barouius.
1283 5208 1390 5277 tunc
1401 5208 1527 5273 cuni,
1544 5208 1671 5277 quod

79 5275 149 5325 ad
174 5275 471 5336 sententiam
493 5279 697 5336 spectat,
712 5274 770 5321 iis
787 5285 896 5333 quae
917 5274 1272 5336 chrysostomus
1288 5275 1441 5336 refert
1457 5286 1530 5324 sat
1544 5274 1671 5325 simi-

80 5337 154 5385 lia
178 5339 295 5393 sint,
332 5334 473 5383 facile
502 5334 793 5399 Crediderim
837 5347 949 5384 eum
982 5334 1264 5399 memoriter
1301 5334 1580 5399 loquentem
1611 5338 1669 5387 ad

81 5404 418 5449 memoratum
441 5397 608 5459 lgnatii
631 5396 787 5445 locum
802 5398 1098 5459 respexisse,
1116 5396 1448 5459 verbaque'uti
1465 5412 1579 5449 sese
1605 5402 1678 5452 of-

82 5461 319 5509 ferebant
334 5472 394 5507 ex
421 5457 640 5520 tempore
665 5457 940 5520 protulisse,
952 5457 1099 5521 longe
1115 5457 1345 5509 absimilia
1362 5463 1675 5572 verbisatfgna-

82 5524 158 5572 tii.
180 5521 269 5570 sed
288 5520 416 5572 quod
440 5520 498 5569 ad
523 5522 815 5569 sententiam
838 5533 964 5572 neue
989 5521 1176 5569 eadem.
1201 5529 1350 5572 Oucm
1374 5536 1503 5572 enim
1573 5539 1670 5572 tum

79 5524 158 5577 tii,
180 5521 269 5570 sed
288 5520 416 5582 quod
440 5520 498 5569 ad
523 5522 815 5582 sententiam
838 5533 964 5582 pene
989 5520 1176 5569 eadem.
1201 5529 1350 5580 Quem
1374 5524 1503 5572 enim
1525 5520 1670 5574 alium

76 5581 343 5648 atartyreut
368 5595 431 5632 ex
456 5581 785 5648 Apostolorum
799 5581 1111 5648 successione
1126 5617 1141 5643 ,
1166 5585 1422 5635 Antiochia:
1446 5586 1669 5648 loquens,

76 5644 365 5711 protulerit,
389 5655 533 5711 quam
554 5644 819 5711 Iguuium?

149 5710 224 5820 ἕρ
248 5714 316 5755 De
339 5704 527 5831 eiuth
537 5704 826 5757 Antioche-no
851 5715 901 5759 et
918 5705 1201 5771 Apollinario
1220 5711 1478 5764 Laodiceno
1492 5714 1665 5777 agitur.

149 5771 154 5780 '
210 5786 224 5801 ι
250 5777 369 5819 Nom
396 5782 474 5817 um
499 5801 515 5818 .

74 5771 224 5832 (vide
250 5770 515 5831 Monitum).

1441 308 1527 364 DE
1564 310 2050 372 ANATHEMATE.

3289 347 3393 403 950

1813 429 1932 483 dero
1975 448 2157 500 corpus
2190 450 2382 501 memn,
2417 450 2466 488 ,ιι
2493 442 2774 508 (οηώιιναν,
2818 450 3077 504 caritatem
3100 463 3263 510 autem
3291 477 3390 513 non

1813 522 2049 589 habuero,
2080 525 2206 579 nihil
2230 544 2362 584 sum.
2396 530 2594 588 Caritas
2634 536 2846 609 benigna
2873 553 2966 609 est,
3012 561 3114 600 non
3154 547 3390 619 inﬂatur;

1812 628 1912 664 non
1939 619 2117 682 quierit
2144 635 2256 686 quae
2279 638 2372 674 sua
2400 636 2516 677 sunt
2547 643 2566 680 :
2595 632 2762 684 omnia
2789 633 2983 700 suffert,
3014 641 3183 694 omnia
3204 642 3382 708 credit,

1810 708 1977 760 omnia
2003 723 2191 778 sperat.
2217 717 2383 767 omnia
2404 719 2611 773 sustinet
2635 720 2709 793 (l.
2736 723 2850 779 Cor.
2887 728 2973 782 15.
2999 731 3051 785 1.
3081 748 3170 802 sqq

1880 799 1931 852 4.
1961 800 2125 854 Nemo
2155 821 2218 858 ex
2248 808 2422 871 vobis,
2456 809 2655 875 dilecti,
2690 816 2844 870 talem
2878 833 2972 885 pro
3001 799 3219 877 Christo
3253 825 3387 881 affe-

1808 898 1947 943 t-tum
1992 892 2268 959 exhibuit,
2313 899 2521 965 qualem
2586 912 2765 958 sancta
2818 907 2909 961 illa
2962 912 3157 966 anima.
3201 915 3388 971 Nullus

1809 983 2078 1040 hominum
2112 1000 2302 1057 przeter
2328 992 2472 1047 illum
2503 1010 2662 1051 ausus
2702 1010 2783 1052 est
2825 1002 2944 1057 talia
2991 1006 3225 1072 proferre
3267 1025 3388 1064 ver-

1808 1076 1893 1130 ba.
1934 1079 2045 1147 Ipsa
2095 1083 2269 1137 anima
2310 1086 2721 1144 comlmrebatur
2767 1093 2948 1149 dicens
2982 1115 2994 1148 :
3023 1098 3286 1170 Adimpteo
3326 1120 3384 1157 ea

1803 1184 1916 1235 qua:
1964 1170 2140 1224 desunt
2187 1173 2566 1231 tribulationum
2609 1179 2797 1236 Christi
2839 1186 2889 1237 in
2915 1203 3068 1243 carne
3109 1207 3219 1245 mea
3260 1192 3383 1260 (Co-

1807 1258 1928 1310 loss.
1968 1262 2018 1312 1.
2061 1260 2174 1332 (ἐΰς
2218 1274 2291 1326 et,
2359 1266 2606 1337 Optabam
2644 1272 2751 1337 ipse
2793 1292 2882 1345 ego
2923 1280 3187 1334 anathema
3224 1258 3328 1337 esse
3352 1302 3385 1338 ts

1802 1349 2001 1406 Christo
2030 1371 2122 1422 pro
2143 1360 2385 1426 fratribus
2411 1364 2533 1415 meis
2551 1362 2723 1432 (Rom.
2749 1364 2799 1420 9.
2823 1368 2900 1435 5);
2925 1379 2996 1433 et,
3022 1371 3145 1437 Quis
3158 1374 3383 1443 inﬁrma-

1801 1450 1904 1503 tur,
1934 1454 1978 1497 et
2005 1461 2096 1513 ego
2137 1464 2235 1500 non
2259 1450 2491 1517 inﬁrmor
2523 1454 2596 1517 (2.
2628 1453 2745 1509 Cor.
2784 1458 2862 1513 Η.
2886 1459 3006 1531 ‘29)?
3031 1463 3272 1535 Cuntque
3292 1469 3383 1522 tali

1800 1548 1921 1602 erga
1954 1535 2119 1589 Deum
2150 1538 2336 1595 affectu
2364 1545 2613 1611 praeditus
2644 1558 2783 1602 esset
2808 1592 2822 1615 ,
2850 1566 2953 1605 non
2995 1559 3379 1619 contumelias,

1801 1638 1904 1676 non
1919 1624 2044 1690 vim,
2065 1642 2169 1681 non
2185 1630 2517 1686 anathemata
2532 1636 2757 1707 cuipiam
2776 1638 3052 1697 inferebat.
3074 1645 3218 1703 Alias
3236 1649 3379 1702 enim

1799 1730 1903 1769 non
1948 1727 2022 1771 tot
2064 1732 2251 1788 gentes
2290 1724 2554 1796 urbesque
2600 1737 2736 1784 totas
2787 1732 2893 1787 Deo
2934 1736 3251 1793 obtulisset:
3285 1744 3381 1797 sed

1799 1808 2119 1877 humiliatus,
2149 1829 2453 1886 percussus,
2480 1820 2719 1892 colaphis
2760 1840 2949 1891 cmsus,
2997 1830 3230 1901 risuique
3258 1851 3376 1888 om-

1797 1901 1939 1956 nium
1969 1908 2261 1973 expositus,
2306 1910 2422 1967 lucc
2466 1917 2821 1985 perpetrabat,
2868 1921 3211 1988 blandiendo.
3247 1928 3372 1982 hor-

1796 1994 1975 2060 tando,
2011 1998 2362 2056 obsecrando.

1865 2085 2019 2140 Pauli
2040 2094 2370 2148 mansuetudo
2387 2096 2438 2149 in
2460 2100 2726 2155 monendo.
2741 2132 2809 2141 —
2824 2103 2912 2159 Sic
2931 2107 3066 2174 apud
3088 2109 3347 2166 Athenien
3360 2144 3377 2154 ο

1792 2190 1878 2230 ses
1899 2178 2096 2234 aditum
2115 2183 2212 2238 sibi
2242 2185 2382 2251 fecit,
2402 2202 2628 2259 cumque
2658 2192 2947 2250 invenisset
2984 2211 3170 2255 omnes
3207 2202 3374 2255 idolo-

1792 2282 1909 2321 rum
1930 2271 2075 2324 cultu
2094 2272 2436 2344 insanientes,
2457 2296 2559 2333 non
2578 2284 2876 2352 opprobriis
2888 2302 2979 2342 eos
2992 2304 3272 2359 aggressus
3285 2307 3369 2349 est

1791 2358 1873 2414 his
1903 2362 2120 2418 verbis:
2148 2366 2819 2447 atheiestis,omninoque
2855 2358 3160 2450 impiiniou
3198 2385 3372 2441 dixit:

1790 2452 1966 2505 omnia
1991 2468 2086 2522 pro
2104 2455 2213 2511 Deo
2235 2456 2459 2528 habetis,
2476 2480 2745 2536 unumque
2767 2470 2929 2524 Deum
2950 2476 3173 2543 negatis,
3198 2478 3373 2533 Domi-

1790 2558 1914 2603 num
1932 2555 1986 2599 et
2001 2548 2244 2616 opificem
2268 2552 2497 2609 universi
2521 2573 2533 2609 :
2552 2559 2646 2612 sed
2663 2561 2785 2629 quid
2808 2560 3370 2640 ?Circumiens.inquit,

1788 2643 1836 2686 et
1852 2634 2022 2689 videns
2041 2638 2311 2695 simulacra
2330 2655 2507 2709 vestra,
2517 2647 2682 2703 inveni
2696 2661 2739 2704 et
2760 2668 2922 2719 aram,
2942 2656 2993 2709 in
3013 2673 3111 2725 qua
3131 2662 3371 2730 scriptum

1788 2734 1913 2791 erat,
1932 2724 2124 2783 lcnoro
2149 2730 2278 2787 Deo.
2304 2735 2461 2800 Quem
2483 2754 2599 2808 ergo
2621 2740 2908 2809 ignorantes
2931 2724 3110 2813 colitis,
3133 2724 3265 2804 hunc
3280 2772 3370 2822 ego

1786 2822 2031 2874 annuntio
2057 2823 2192 2879 vobis
2225 2825 2361 2894 (Act.
2386 2830 2473 2883 17.
2511 2830 2626 2902 25).
2658 2834 2701 2889 Ο
2732 2837 3068 2897 miraculum!
3095 2858 3127 2896 ο
3152 2854 3369 2914 paterna

1788 2915 2029 2969 viscera!
2072 2917 2164 2974 Pie
2206 2921 2382 2977 colere
2421 2923 2638 2982 Grzecos
2677 2929 2838 2998 dicit,
2882 2933 3004 2988 licet
3042 2936 3367 3002 idololatras.

1786 3003 1911 3059 licet
1959 3007 2117 3077 impie
2157 3021 2394 3081 agentes.
2436 3015 2652 3083 Quare?
2689 3020 2822 3088 Quia
2867 3026 3014 3093 quasi
3061 3029 3131 3097 pii
3168 3031 3366 3085 cultum

1786 3109 1939 3150 suum
1983 3101 2372 3167 persolvebant,
2415 3106 2582 3163 Dettm
2627 3125 2686 3165 se
2721 3113 2901 3171 colere
2940 3128 3204 3187 putantes,
3246 3138 3367 3178 cum

1787 3186 1858 3239 ita
1884 3186 1984 3242 sibi
2013 3194 2418 3259 persuasissent.
2443 3195 2610 3269 Hujus
2638 3218 2733 3259 vos
2759 3186 2951 3262 omnes
2971 3207 3158 3265 hortor
3190 3214 3369 3270 imita-

1788 3285 1929 3333 tores
1955 3293 2096 3346 esse,
2135 3297 2197 3338 ac
2221 3286 2494 3344 vobiscum
2522 3292 2680 3347 etiam
2712 3296 2991 3366 meipsum.
3032 3301 3163 3358 Nam
3192 3305 3236 3360 si
3269 3308 3368 3361 Do-

1785 3370 1980 3436 minus,
2013 3374 2101 3443 qui
2136 3376 2461 3448 singulorum
2500 3384 2826 3443 voluntatem
2868 3394 3154 3463 prospicit,
3186 3407 3239 3451 et
3268 3406 3369 3454 scit

1785 3463 1955 3530 qualis
1981 3466 2205 3538 quisque
2232 3483 2478 3527 nostrum
2513 3474 2721 3533 futurus
2753 3481 2840 3547 sit,
2881 3482 2933 3537 id
2974 3486 3115 3553 fecit,
3146 3500 3204 3544 ut
3228 3491 3364 3547 dona

1786 3555 2337 3635 magniﬁcentiamquc
2379 3579 2527 3620 suam
2565 3568 2810 3639 impleret
2841 3592 2854 3627 :
2887 3591 3059 3648 neque
3097 3582 3237 3637 enim
3271 3602 3368 3655 pro

1785 3646 1938 3701 malis
1962 3658 2109 3704 creat
2136 3652 2275 3708 Deus
2309 3672 2321 3707 :
2353 3665 2408 3710 et
2442 3658 2521 3712 sic
2562 3668 2735 3716 tamen
2764 3680 2856 3720 eos
2885 3646 3365 3730 communibus'di-

1783 3744 1973 3805 gnatus
1999 3747 2084 3794 est
2108 3740 2280 3809 bonis,
2311 3759 2602 3819 omnesque
2622 3752 2735 3807 vult
2756 3754 3046 3815 imitatores
3067 3763 3180 3832 ejus
3204 3780 3323 3822 esse
3348 3788 3361 3819 :

1784 3843 1880 3883 cur
1910 3837 1963 3883 tu
1990 3834 2256 3889 contraria
2284 3834 2431 3901 facis,
2465 3840 2553 3909 qui
2589 3841 2640 3895 in
2676 3844 2964 3903 Ecclesiam
3000 3856 3280 3920 convenis,
3309 3870 3365 3913 et

1783 3920 2099 3979 sacrificium
2132 3925 2251 3982 Filii
2280 3928 2374 3985 Dei
2405 3933 2653 4000 perticis?
2680 3936 2905 3994 Nescitis
2930 3943 3071 4012 quod
3096 3946 3361 4003 calamum

1783 4025 2191 4085 conquassatum
2219 4036 2325 4078 non
2365 4024 2654 4097 confregit,
2686 4039 2740 4084 et
2769 4030 2933 4087 linum
2962 4035 3219 4107 fumigans
3253 4058 3359 4097 nou

1782 4108 2035 4165 exstinxit
2061 4109 2217 4181 (Isai.
2277 4115 2368 4170 42.
2405 4118 2497 4186 5)?
2537 4120 2673 4189 Quid
2710 4124 2813 4179 sibi
2846 4128 2956 4182 vult
2994 4129 3162 4185 illud?
3195 4135 3358 4191 Audi.

1781 4198 1968 4292 Judam
2012 4203 2214 4275 ipsique
2259 4208 2461 4265 similes
2503 4212 2557 4266 in
2600 4214 2747 4285 lapsu
2791 4232 2898 4273 non
2938 4220 3148 4292 abjecit,
3188 4225 3359 4285 donec

1781 4291 2005 4364 quisque
2030 4310 2213 4352 eorum
2235 4310 2424 4369 sponte
2453 4303 2712 4362 abductus
2741 4309 2907 4364 errori
2930 4326 2989 4368 se
3008 4317 3354 4387 manciparet.

1780 4384 1966 4441 Nonne
1985 4403 2078 4458 pro
2100 4392 2277 4459 p0puli
2299 4394 2604 4462 ignorantiis
2619 4400 3030 4469 supplicationes
3050 4384 3317 4464 offerimus
3334 4411 3356 4463 ?

1779 4478 1966 4534 Nonne
1997 4496 2091 4549 pro
2117 4482 2366 4550 inimicis,
2399 4502 2493 4555 pro
2520 4488 2819 4546 odientibus
2846 4503 2899 4548 et
2921 4502 3355 4567 persequentibus

1781 4587 1934 4625 orare
1959 4572 2089 4640 jussi
2121 4577 2341 4630 sumus?
2370 4579 2446 4631 En
2476 4581 2821 4637 ministerium
2854 4586 3152 4655 implemus,
3177 4592 3354 4647 horta-
3374 4626 3419 4663 θ

1781 4677 2002 4731 murque
2045 4679 2138 4717 vos
2168 4682 2180 4717 :
2209 4666 2472 4722 ordinatio
2518 4686 2623 4725 non
2668 4673 2838 4741 effert,
2884 4691 2989 4732 non
3030 4680 3082 4734 in
3131 4683 3355 4739 sublime

1779 4755 1997 4819 extollit,
2056 4771 2159 4811 non
2217 4761 2503 4829 potentiam
2553 4776 2765 4833 praestat
2809 4784 2822 4819 :
2871 4784 3059 4826 onmes
3109 4776 3353 4830 eumdem

1780 4848 2033 4915 Spiritum
2072 4852 2392 4921 accepimus,
2434 4871 2621 4912 omnes
2660 4859 2711 4912 in
2741 4859 3077 4930 adoptionem
3122 4866 3351 4921 ﬁliorqu

1781 4940 1949 4994 vocati
1979 4954 2163 4995 sumus
2201 4961 2214 4996 :
2249 4960 2384 5014 quos
2421 4946 2577 5001 Pater
2602 4949 2869 5016 probavit,
2905 4967 2999 5008 eos
3027 4954 3272 5011 fratribus
3304 4961 3356 5012 iu

1781 5041 2039 5101 potestate
2083 5036 2284 5091 servire
2322 5038 2507 5092 voluit.
2547 5040 2864 5096 Servitutem
2909 5045 3082 5114 itaque
3115 5058 3352 5103 nostram

1779 5123 2061 5193 implentes
2086 5124 2360 5182 hortamur
2388 5142 2484 5183 vos
2504 5129 2959 5203 obtestamurque,
2990 5144 3045 5189 ut
3070 5136 3137 5191 ab
3170 5137 3353 5210 hujus-

1778 5213 1922 5269 modi
1962 5216 2102 5269 malo
2140 5216 2423 5272 desistatis.
2460 5218 2591 5273 Nam
2635 5220 2699 5287 is,
2739 5238 2894 5291 quem
2934 5232 2988 5278 tu
3039 5228 3352 5284 anathema-

1780 5307 1941 5363 tizarc
1979 5308 2280 5375 decrevisti,
2321 5311 2402 5365 vel
2433 5312 2558 5366 vivit
2586 5313 2637 5367 in
2662 5315 2761 5370 hac
2790 5319 2999 5373 mortali
3037 5320 3143 5375 vita
3168 5336 3355 5392 super

1778 5408 1906 5464 stes,
1947 5400 2029 5455 vel
2070 5413 2308 5457 mortuus
2342 5412 2455 5468 est;
2497 5407 2543 5460 si
2583 5423 2708 5479 ergo
2750 5424 3021 5480 superstes
3050 5423 3151 5483 est,
3190 5417 3351 5488 impie

1776 5492 1908 5561 agis,
1955 5492 2045 5563 qui
2090 5492 2261 5548 adhuc
2301 5497 2623 5565 versatilem,
2667 5501 2754 5569 qui
2795 5504 2962 5571 possit
3002 5504 3069 5561 de
3112 5510 3250 5564 malo
3296 5512 3347 5563 in

1776 5585 1972 5639 bonum
2016 5586 2230 5651 mutari,
2271 5587 2579 5654 abscindas;
2623 5593 2706 5646 sin
2750 5606 2989 5652 mortuus
3027 5606 3135 5663 est,
3183 5601 3348 5655 multo

1779 5675 1945 5743 magis
1993 5673 2280 5746 [abstinere
2322 5677 2528 5750 debes.]
2572 5680 2778 5747 Quare?
2814 5686 2945 5753 Quia
2994 5689 3214 5744 Domino
3252 5707 3347 5745 suo

1779 5778 1881 5823 stat
1910 5768 1989 5823 vel
2015 5769 2175 5838 cadit,
2206 5785 2373 5840 neque
2396 5771 2505 5840 jam
2529 5772 2628 5827 sub
2655 5774 2880 5831 humana
2912 5782 3113 5849 positus
3143 5792 3222 5837 est
3251 5800 3340 5853 po-
