  <div class='ocr_page' id='page_1' title='image "/cluster/home/n/w/nwhite01/storage/ocr_20150623/48/hvd.32044014784250/433.png"; bbox 0 0 3790 6240; ppageno 0'>
   <div class='ocr_carea' id='block_1_1' title="bbox 483 317 580 374">
    <p class='ocr_par' dir='ltr' id='par_1_1' title="bbox 483 317 580 374">
     <span class='ocr_line' id='line_1_1' title="bbox 483 317 580 374; baseline -0.021 0"><span class='ocrx_word' id='word_1_1' title='bbox 483 317 580 374; x_wconf 76' lang='grc'><strong>951</strong></span> 
     </span>
    </p>
   </div>
   <div class='ocr_carea' id='block_1_2' title="bbox 484 419 2056 494">
    <p class='ocr_par' dir='ltr' id='par_1_2' title="bbox 484 419 2056 494">
     <span class='ocr_line' id='line_1_2' title="bbox 484 419 2056 494; baseline -0.007 -10"><span class='ocrx_word' id='word_1_2' title='bbox 484 438 692 487; x_wconf 75' lang='lat' dir='ltr'><strong>testate.</strong></span> <span class='ocrx_word' id='word_1_3' title='bbox 723 427 799 482; x_wconf 87' lang='lat' dir='ltr'><strong>Ac</strong></span> <span class='ocrx_word' id='word_1_4' title='bbox 824 424 891 481; x_wconf 87' lang='lat' dir='ltr'><strong>de</strong></span> <span class='ocrx_word' id='word_1_5' title='bbox 919 439 1006 491; x_wconf 90' lang='lat' dir='ltr'><strong>eo,</strong></span> <span class='ocrx_word' id='word_1_6' title='bbox 1039 422 1178 494; x_wconf 92' lang='lat' dir='ltr'><strong>quod</strong></span> <span class='ocrx_word' id='word_1_7' title='bbox 1205 422 1471 475; x_wconf 90' lang='lat' dir='ltr'><strong>occultum</strong></span> <span class='ocrx_word' id='word_1_8' title='bbox 1499 427 1600 484; x_wconf 89' lang='lat' dir='ltr'><strong>est,</strong></span> <span class='ocrx_word' id='word_1_9' title='bbox 1633 419 2056 487; x_wconf 69' lang='lat' dir='ltr'><strong>smculorumque</strong></span> 
     </span>
    </p>
   </div>
   <div class='ocr_carea' id='block_1_3' title="bbox 482 511 2052 591">
    <p class='ocr_par' dir='ltr' id='par_1_3' title="bbox 482 511 2052 591">
     <span class='ocr_line' id='line_1_3' title="bbox 482 511 2052 591; baseline -0.01 -14"><span class='ocrx_word' id='word_1_10' title='bbox 482 522 642 591; x_wconf 80' lang='lat' dir='ltr'><strong>iudici</strong></span> <span class='ocrx_word' id='word_1_11' title='bbox 671 527 1018 581; x_wconf 87' lang='lat' dir='ltr'><strong>reservatum,</strong></span> <span class='ocrx_word' id='word_1_12' title='bbox 1042 516 1361 569; x_wconf 88' lang='lat' dir='ltr'><strong>sententiam</strong></span> <span class='ocrx_word' id='word_1_13' title='bbox 1387 512 1530 567; x_wconf 84' lang='lat' dir='ltr'><strong>ferre</strong></span> <span class='ocrx_word' id='word_1_14' title='bbox 1559 511 1912 580; x_wconf 89' lang='lat' dir='ltr'><strong>periculosum</strong></span> <span class='ocrx_word' id='word_1_15' title='bbox 1940 517 2052 571; x_wconf 87' lang='lat' dir='ltr'><strong>est;</strong></span> 
     </span>
    </p>
   </div>
   <div class='ocr_carea' id='block_1_4' title="bbox 480 598 2056 683">
    <p class='ocr_par' dir='ltr' id='par_1_4' title="bbox 480 598 2056 683">
     <span class='ocr_line' id='line_1_4' title="bbox 480 598 2056 683; baseline -0.009 -16"><span class='ocrx_word' id='word_1_16' title='bbox 480 630 603 668; x_wconf 77' lang='lat' dir='ltr'><strong>cum</strong></span> <span class='ocrx_word' id='word_1_17' title='bbox 633 613 746 683; x_wconf 90' lang='lat' dir='ltr'><strong>ipse</strong></span> <span class='ocrx_word' id='word_1_18' title='bbox 783 609 927 663; x_wconf 90' lang='lat' dir='ltr'><strong>solus</strong></span> <span class='ocrx_word' id='word_1_19' title='bbox 956 606 1103 661; x_wconf 89' lang='lat' dir='ltr'><strong>novit</strong></span> <span class='ocrx_word' id='word_1_20' title='bbox 1129 615 1184 661; x_wconf 94' lang='lat' dir='ltr'><strong>et</strong></span> <span class='ocrx_word' id='word_1_21' title='bbox 1223 603 1461 659; x_wconf 71' lang='lat' dir='ltr'><strong>scientiae</strong></span> <span class='ocrx_word' id='word_1_22' title='bbox 1498 616 1828 666; x_wconf 82' lang='lat' dir='ltr'><strong>mensuram,</strong></span> <span class='ocrx_word' id='word_1_23' title='bbox 1851 608 1905 657; x_wconf 89' lang='lat' dir='ltr'><strong>et</strong></span> <span class='ocrx_word' id='word_1_24' title='bbox 1934 598 2056 655; x_wconf 83' lang='lat' dir='ltr'><strong>ﬁdei</strong></span> 
     </span>
    </p>
   </div>
   <div class='ocr_carea' id='block_1_5' title="bbox 480 690 2057 767">
    <p class='ocr_par' dir='ltr' id='par_1_5' title="bbox 480 690 2057 767">
     <span class='ocr_line' id='line_1_5' title="bbox 480 690 2057 767; baseline -0.009 -8"><span class='ocrx_word' id='word_1_25' title='bbox 480 702 717 761; x_wconf 80' lang='lat' dir='ltr'><strong>modum.</strong></span> <span class='ocrx_word' id='word_1_26' title='bbox 756 698 1054 764; x_wconf 81' lang='lat' dir='ltr'><strong>Undenam,</strong></span> <span class='ocrx_word' id='word_1_27' title='bbox 1099 710 1309 767; x_wconf 60' lang='lat' dir='ltr'><strong>quaso,</strong></span> <span class='ocrx_word' id='word_1_28' title='bbox 1346 695 1542 749; x_wconf 80' lang='lat' dir='ltr'><strong>scimus</strong></span> <span class='ocrx_word' id='word_1_29' title='bbox 1572 694 1765 762; x_wconf 88' lang='lat' dir='ltr'><strong>quibus</strong></span> <span class='ocrx_word' id='word_1_30' title='bbox 1794 706 1853 746; x_wconf 88' lang='lat' dir='ltr'><strong>se</strong></span> <span class='ocrx_word' id='word_1_31' title='bbox 1880 690 2057 745; x_wconf 84' lang='lat' dir='ltr'><strong>verbis</strong></span> 
     </span>
    </p>
   </div>
   <div class='ocr_carea' id='block_1_6' title="bbox 479 783 2054 860">
    <p class='ocr_par' dir='ltr' id='par_1_6' title="bbox 479 783 2054 860">
     <span class='ocr_line' id='line_1_6' title="bbox 479 783 2054 860; baseline -0.009 -10"><span class='ocrx_word' id='word_1_32' title='bbox 479 792 768 856; x_wconf 73' lang='lat' dir='ltr'><strong>accusabit,</strong></span> <span class='ocrx_word' id='word_1_33' title='bbox 792 798 884 844; x_wconf 82' lang='lat' dir='ltr'><strong>aut</strong></span> <span class='ocrx_word' id='word_1_34' title='bbox 903 804 1061 860; x_wconf 90' lang='lat' dir='ltr'><strong>quam</strong></span> <span class='ocrx_word' id='word_1_35' title='bbox 1090 787 1453 843; x_wconf 81' lang='lat' dir='ltr'><strong>defensionem</strong></span> <span class='ocrx_word' id='word_1_36' title='bbox 1486 784 1719 854; x_wconf 80' lang='lat' dir='ltr'><strong>proferet</strong></span> <span class='ocrx_word' id='word_1_37' title='bbox 1739 785 1791 837; x_wconf 92' lang='lat' dir='ltr'><strong>in</strong></span> <span class='ocrx_word' id='word_1_38' title='bbox 1812 783 1922 848; x_wconf 92' lang='lat' dir='ltr'><strong>die,</strong></span> <span class='ocrx_word' id='word_1_39' title='bbox 1952 797 2054 851; x_wconf 91' lang='lat' dir='ltr'><strong>qua</strong></span> 
     </span>
    </p>
   </div>
   <div class='ocr_carea' id='block_1_7' title="bbox 482 875 2057 955">
    <p class='ocr_par' dir='ltr' id='par_1_7' title="bbox 482 875 2057 955">
     <span class='ocr_line' id='line_1_7' title="bbox 482 875 2057 955; baseline -0.01 -14"><span class='ocrx_word' id='word_1_40' title='bbox 482 888 620 943; x_wconf 86' lang='lat' dir='ltr'><strong>Deus</strong></span> <span class='ocrx_word' id='word_1_41' title='bbox 644 883 977 955; x_wconf 89' lang='lat' dir='ltr'><strong>judicaturus</strong></span> <span class='ocrx_word' id='word_1_42' title='bbox 1000 890 1082 936; x_wconf 89' lang='lat' dir='ltr'><strong>est</strong></span> <span class='ocrx_word' id='word_1_43' title='bbox 1106 880 1313 935; x_wconf 89' lang='lat' dir='ltr'><strong>occulta</strong></span> <span class='ocrx_word' id='word_1_44' title='bbox 1340 877 1649 932; x_wconf 86' lang='lat' dir='ltr'><strong>hominum?</strong></span> <span class='ocrx_word' id='word_1_45' title='bbox 1680 876 1815 929; x_wconf 85' lang='lat' dir='ltr'><strong>Vere</strong></span> <span class='ocrx_word' id='word_1_46' title='bbox 1850 875 2057 928; x_wconf 79' lang='lat' dir='ltr'><strong>inseru-</strong></span> 
     </span>
    </p>
   </div>
   <div class='ocr_carea' id='block_1_8' title="bbox 480 966 2051 1044">
    <p class='ocr_par' dir='ltr' id='par_1_8' title="bbox 480 966 2051 1044">
     <span class='ocr_line' id='line_1_8' title="bbox 480 966 2051 1044; baseline -0.007 -13"><span class='ocrx_word' id='word_1_47' title='bbox 480 977 657 1033; x_wconf 87' lang='lat' dir='ltr'><strong>tabilia</strong></span> <span class='ocrx_word' id='word_1_48' title='bbox 694 982 822 1031; x_wconf 89' lang='lat' dir='ltr'><strong>sunt</strong></span> <span class='ocrx_word' id='word_1_49' title='bbox 856 972 1053 1044; x_wconf 90' lang='lat' dir='ltr'><strong>judicia</strong></span> <span class='ocrx_word' id='word_1_50' title='bbox 1092 972 1224 1041; x_wconf 88' lang='lat' dir='ltr'><strong>ejus,</strong></span> <span class='ocrx_word' id='word_1_51' title='bbox 1264 980 1317 1025; x_wconf 92' lang='lat' dir='ltr'><strong>et</strong></span> <span class='ocrx_word' id='word_1_52' title='bbox 1350 969 1739 1038; x_wconf 82' lang='lat' dir='ltr'><strong>investigabiles</strong></span> <span class='ocrx_word' id='word_1_53' title='bbox 1776 968 1876 1021; x_wconf 70' lang='lat' dir='ltr'><strong>vite</strong></span> <span class='ocrx_word' id='word_1_54' title='bbox 1916 966 2051 1036; x_wconf 88' lang='lat' dir='ltr'><strong>ejus.</strong></span> 
     </span>
    </p>
   </div>
   <div class='ocr_carea' id='block_1_9' title="bbox 482 1056 2056 1133">
    <p class='ocr_par' dir='ltr' id='par_1_9' title="bbox 482 1056 2056 1133">
     <span class='ocr_line' id='line_1_9' title="bbox 482 1056 2056 1133; baseline -0.009 -10"><span class='ocrx_word' id='word_1_55' title='bbox 482 1070 606 1133; x_wconf 87' lang='lat' dir='ltr'><strong>Quis</strong></span> <span class='ocrx_word' id='word_1_56' title='bbox 647 1068 779 1122; x_wconf 87' lang='lat' dir='ltr'><strong>enim</strong></span> <span class='ocrx_word' id='word_1_57' title='bbox 818 1066 951 1119; x_wconf 82' lang='lat' dir='ltr'><strong>nouit</strong></span> <span class='ocrx_word' id='word_1_58' title='bbox 987 1080 1185 1119; x_wconf 86' lang='lat' dir='ltr'><strong>sensum</strong></span> <span class='ocrx_word' id='word_1_59' title='bbox 1213 1061 1439 1126; x_wconf 87' lang='lat' dir='ltr'><strong>Domini,</strong></span> <span class='ocrx_word' id='word_1_60' title='bbox 1469 1070 1557 1113; x_wconf 86' lang='lat' dir='ltr'><strong>aut</strong></span> <span class='ocrx_word' id='word_1_61' title='bbox 1584 1060 1697 1129; x_wconf 89' lang='lat' dir='ltr'><strong>quis</strong></span> <span class='ocrx_word' id='word_1_62' title='bbox 1736 1056 2056 1112; x_wconf 74' lang='lat' dir='ltr'><strong>consiliarius</strong></span> 
     </span>
    </p>
   </div>
   <div class='ocr_carea' id='block_1_10' title="bbox 479 1150 2055 1231">
    <p class='ocr_par' dir='ltr' id='par_1_10' title="bbox 479 1150 2055 1231">
     <span class='ocr_line' id='line_1_10' title="bbox 479 1150 2055 1231; baseline -0.009 -16"><span class='ocrx_word' id='word_1_63' title='bbox 479 1163 588 1231; x_wconf 83' lang='lat' dir='ltr'><strong>ejus</strong></span> <span class='ocrx_word' id='word_1_64' title='bbox 616 1161 713 1230; x_wconf 81' lang='lat' dir='ltr'><strong>{uit</strong></span> <span class='ocrx_word' id='word_1_65' title='bbox 758 1158 909 1229; x_wconf 82' lang='lat' dir='ltr'><strong>(lsai.</strong></span> <span class='ocrx_word' id='word_1_66' title='bbox 948 1156 1038 1211; x_wconf 70' lang='grc'><strong>40.</strong></span> <span class='ocrx_word' id='word_1_67' title='bbox 1069 1156 1137 1211; x_wconf 79' lang='grc'><strong>15</strong></span> <span class='ocrx_word' id='word_1_68' title='bbox 1158 1152 1217 1226; x_wconf 86' lang='lat'><strong>)?</strong></span> <span class='ocrx_word' id='word_1_69' title='bbox 1264 1153 1425 1207; x_wconf 89' lang='lat' dir='ltr'><strong>Forte</strong></span> <span class='ocrx_word' id='word_1_70' title='bbox 1452 1151 1629 1205; x_wconf 92' lang='lat' dir='ltr'><strong>nullus</strong></span> <span class='ocrx_word' id='word_1_71' title='bbox 1664 1167 1729 1204; x_wconf 87' lang='lat' dir='ltr'><strong>ex</strong></span> <span class='ocrx_word' id='word_1_72' title='bbox 1757 1150 1909 1205; x_wconf 92' lang='lat' dir='ltr'><strong>nobis</strong></span> <span class='ocrx_word' id='word_1_73' title='bbox 1928 1192 1942 1214; x_wconf 97' lang='lat'><strong>,</strong></span> <span class='ocrx_word' id='word_1_74' title='bbox 1972 1150 2055 1202; x_wconf 87' lang='lat' dir='ltr'><strong>di-</strong></span> 
     </span>
    </p>
   </div>
   <div class='ocr_carea' id='block_1_11' title="bbox 479 1238 2055 1319">
    <p class='ocr_par' dir='ltr' id='par_1_11' title="bbox 479 1238 2055 1319">
     <span class='ocr_line' id='line_1_11' title="bbox 479 1238 2055 1319; baseline -0.01 -14"><span class='ocrx_word' id='word_1_75' title='bbox 479 1251 623 1318; x_wconf 86' lang='lat' dir='ltr'><strong>lecti,</strong></span> <span class='ocrx_word' id='word_1_76' title='bbox 651 1265 709 1305; x_wconf 87' lang='lat' dir='ltr'><strong>se</strong></span> <span class='ocrx_word' id='word_1_77' title='bbox 730 1249 991 1319; x_wconf 88' lang='lat' dir='ltr'><strong>baptismo</strong></span> <span class='ocrx_word' id='word_1_78' title='bbox 1010 1245 1282 1315; x_wconf 75' lang='lat' dir='ltr'><strong>(lignatum</strong></span> <span class='ocrx_word' id='word_1_79' title='bbox 1308 1257 1425 1297; x_wconf 91' lang='lat' dir='ltr'><strong>esse</strong></span> <span class='ocrx_word' id='word_1_80' title='bbox 1455 1250 1621 1311; x_wconf 84' lang='lat' dir='ltr'><strong>putat,</strong></span> <span class='ocrx_word' id='word_1_81' title='bbox 1656 1254 1812 1294; x_wconf 89' lang='lat' dir='ltr'><strong>nemo</strong></span> <span class='ocrx_word' id='word_1_82' title='bbox 1837 1240 1936 1292; x_wconf 91' lang='lat' dir='ltr'><strong>scit</strong></span> <span class='ocrx_word' id='word_1_83' title='bbox 1966 1238 2055 1308; x_wconf 85' lang='lat' dir='ltr'><strong>ju-</strong></span> 
     </span>
    </p>
   </div>
   <div class='ocr_carea' id='block_1_12' title="bbox 479 1329 2055 1409">
    <p class='ocr_par' dir='ltr' id='par_1_12' title="bbox 479 1329 2055 1409">
     <span class='ocr_line' id='line_1_12' title="bbox 479 1329 2055 1409; baseline -0.009 -13"><span class='ocrx_word' id='word_1_84' title='bbox 479 1343 677 1397; x_wconf 91' lang='lat' dir='ltr'><strong>dicium</strong></span> <span class='ocrx_word' id='word_1_85' title='bbox 714 1353 961 1409; x_wconf 85' lang='lat' dir='ltr'><strong>umquam</strong></span> <span class='ocrx_word' id='word_1_86' title='bbox 1002 1335 1233 1392; x_wconf 84' lang='lat' dir='ltr'><strong>futurum</strong></span> <span class='ocrx_word' id='word_1_87' title='bbox 1261 1348 1401 1388; x_wconf 89' lang='lat' dir='ltr'><strong>esse.</strong></span> <span class='ocrx_word' id='word_1_88' title='bbox 1431 1331 1570 1398; x_wconf 85' lang='lat' dir='ltr'><strong>Quid</strong></span> <span class='ocrx_word' id='word_1_89' title='bbox 1611 1331 1730 1386; x_wconf 87' lang='lat' dir='ltr'><strong>dico</strong></span> <span class='ocrx_word' id='word_1_90' title='bbox 1752 1329 2055 1399; x_wconf 88' lang='lat' dir='ltr'><strong>judicium?</strong></span> 
     </span>
    </p>
   </div>
   <div class='ocr_carea' id='block_1_13' title="bbox 479 1421 2057 1503">
    <p class='ocr_par' dir='ltr' id='par_1_13' title="bbox 479 1421 2057 1503">
     <span class='ocr_line' id='line_1_13' title="bbox 479 1421 2057 1503; baseline -0.008 -17"><span class='ocrx_word' id='word_1_91' title='bbox 479 1435 651 1503; x_wconf 82' lang='lat' dir='ltr'><strong>Ipsam</strong></span> <span class='ocrx_word' id='word_1_92' title='bbox 693 1444 904 1501; x_wconf 92' lang='lat' dir='ltr'><strong>quoque</strong></span> <span class='ocrx_word' id='word_1_93' title='bbox 934 1437 1160 1483; x_wconf 89' lang='lat' dir='ltr'><strong>mortem</strong></span> <span class='ocrx_word' id='word_1_94' title='bbox 1200 1433 1254 1480; x_wconf 91' lang='lat' dir='ltr'><strong>et</strong></span> <span class='ocrx_word' id='word_1_95' title='bbox 1288 1424 1487 1479; x_wconf 81' lang='lat' dir='ltr'><strong>exitum</strong></span> <span class='ocrx_word' id='word_1_96' title='bbox 1528 1437 1560 1477; x_wconf 91' lang='lat' dir='ltr'><strong>e</strong></span> <span class='ocrx_word' id='word_1_97' title='bbox 1591 1436 1817 1491; x_wconf 89' lang='lat' dir='ltr'><strong>corpore</strong></span> <span class='ocrx_word' id='word_1_98' title='bbox 1846 1421 2057 1490; x_wconf 81' lang='lat' dir='ltr'><strong>ignora-</strong></span> 
     </span>
    </p>
   </div>
   <div class='ocr_carea' id='block_1_14' title="bbox 479 1514 2055 1588">
    <p class='ocr_par' dir='ltr' id='par_1_14' title="bbox 479 1514 2055 1588">
     <span class='ocr_line' id='line_1_14' title="bbox 479 1514 2055 1588; baseline -0.008 -11"><span class='ocrx_word' id='word_1_99' title='bbox 479 1538 619 1588; x_wconf 90' lang='lat' dir='ltr'><strong>mus,</strong></span> <span class='ocrx_word' id='word_1_100' title='bbox 648 1520 717 1576; x_wconf 92' lang='lat' dir='ltr'><strong>ob</strong></span> <span class='ocrx_word' id='word_1_101' title='bbox 742 1521 884 1575; x_wconf 86' lang='lat' dir='ltr'><strong>illam</strong></span> <span class='ocrx_word' id='word_1_102' title='bbox 910 1534 1087 1574; x_wconf 90' lang='lat' dir='ltr'><strong>rerum</strong></span> <span class='ocrx_word' id='word_1_103' title='bbox 1108 1516 1445 1572; x_wconf 75' lang='lat' dir='ltr'><strong>saecularium</strong></span> <span class='ocrx_word' id='word_1_104' title='bbox 1466 1514 1787 1585; x_wconf 89' lang='lat' dir='ltr'><strong>phrenesim,</strong></span> <span class='ocrx_word' id='word_1_105' title='bbox 1810 1527 1930 1582; x_wconf 73' lang='lat' dir='ltr'><strong>qua:</strong></span> <span class='ocrx_word' id='word_1_106' title='bbox 1956 1526 2055 1565; x_wconf 84' lang='lat' dir='ltr'><strong>nos</strong></span> 
     </span>
    </p>
   </div>
   <div class='ocr_carea' id='block_1_15' title="bbox 478 1602 2056 1679">
    <p class='ocr_par' dir='ltr' id='par_1_15' title="bbox 478 1602 2056 1679">
     <span class='ocr_line' id='line_1_15' title="bbox 478 1602 2056 1679; baseline -0.007 -12"><span class='ocrx_word' id='word_1_107' title='bbox 478 1612 689 1667; x_wconf 84' lang='lat' dir='ltr'><strong>invasit.</strong></span> <span class='ocrx_word' id='word_1_108' title='bbox 718 1611 800 1666; x_wconf 86' lang='lat' dir='ltr'><strong>Ab</strong></span> <span class='ocrx_word' id='word_1_109' title='bbox 829 1611 931 1665; x_wconf 91' lang='lat' dir='ltr'><strong>hoc</strong></span> <span class='ocrx_word' id='word_1_110' title='bbox 949 1651 964 1675; x_wconf 95' lang='lat'><strong>,</strong></span> <span class='ocrx_word' id='word_1_111' title='bbox 999 1622 1201 1679; x_wconf 65' lang='lat' dir='ltr'><strong>quaeso,</strong></span> <span class='ocrx_word' id='word_1_112' title='bbox 1233 1606 1373 1661; x_wconf 90' lang='lat' dir='ltr'><strong>malo</strong></span> <span class='ocrx_word' id='word_1_113' title='bbox 1395 1604 1655 1660; x_wconf 88' lang='lat' dir='ltr'><strong>absistite.</strong></span> <span class='ocrx_word' id='word_1_114' title='bbox 1688 1604 1824 1657; x_wconf 84' lang='lat' dir='ltr'><strong>Ecce</strong></span> <span class='ocrx_word' id='word_1_115' title='bbox 1851 1602 1972 1656; x_wconf 92' lang='lat' dir='ltr'><strong>dico</strong></span> <span class='ocrx_word' id='word_1_116' title='bbox 1999 1612 2056 1657; x_wconf 91' lang='lat' dir='ltr'><strong>et</strong></span> 
     </span>
    </p>
   </div>
   <div class='ocr_carea' id='block_1_16' title="bbox 480 1695 2051 1770">
    <p class='ocr_par' dir='ltr' id='par_1_16' title="bbox 480 1695 2051 1770">
     <span class='ocr_line' id='line_1_16' title="bbox 480 1695 2051 1770; baseline -0.006 -12"><span class='ocrx_word' id='word_1_117' title='bbox 480 1712 751 1758; x_wconf 84' lang='lat' dir='ltr'><strong>contestor</strong></span> <span class='ocrx_word' id='word_1_118' title='bbox 778 1702 828 1756; x_wconf 94' lang='lat' dir='ltr'><strong>in</strong></span> <span class='ocrx_word' id='word_1_119' title='bbox 856 1702 1155 1770; x_wconf 69' lang='lat' dir='ltr'><strong>conspectu&quot;</strong></span> <span class='ocrx_word' id='word_1_120' title='bbox 1182 1697 1276 1755; x_wconf 91' lang='lat' dir='ltr'><strong>Dei</strong></span> <span class='ocrx_word' id='word_1_121' title='bbox 1314 1706 1369 1752; x_wconf 92' lang='lat' dir='ltr'><strong>et</strong></span> <span class='ocrx_word' id='word_1_122' title='bbox 1395 1697 1689 1751; x_wconf 87' lang='lat' dir='ltr'><strong>electorum</strong></span> <span class='ocrx_word' id='word_1_123' title='bbox 1722 1695 2051 1764; x_wconf 81' lang='lat' dir='ltr'><strong>angelorum,</strong></span> 
     </span>
    </p>
   </div>
   <div class='ocr_carea' id='block_1_17' title="bbox 479 1786 2055 1864">
    <p class='ocr_par' dir='ltr' id='par_1_17' title="bbox 479 1786 2055 1864">
     <span class='ocr_line' id='line_1_17' title="bbox 479 1786 2055 1864; baseline -0.008 -13"><span class='ocrx_word' id='word_1_124' title='bbox 479 1798 602 1851; x_wconf 88' lang='lat' dir='ltr'><strong>hinc</strong></span> <span class='ocrx_word' id='word_1_125' title='bbox 630 1794 783 1851; x_wconf 90' lang='lat' dir='ltr'><strong>nobis</strong></span> <span class='ocrx_word' id='word_1_126' title='bbox 812 1794 866 1849; x_wconf 89' lang='lat' dir='ltr'><strong>in</strong></span> <span class='ocrx_word' id='word_1_127' title='bbox 894 1794 980 1849; x_wconf 89' lang='lat' dir='ltr'><strong>die</strong></span> <span class='ocrx_word' id='word_1_128' title='bbox 998 1792 1183 1864; x_wconf 90' lang='lat' dir='ltr'><strong>judicii</strong></span> <span class='ocrx_word' id='word_1_129' title='bbox 1212 1789 1409 1845; x_wconf 86' lang='lat' dir='ltr'><strong>malum</strong></span> <span class='ocrx_word' id='word_1_130' title='bbox 1438 1797 1687 1859; x_wconf 74' lang='lat' dir='ltr'><strong>magnum</strong></span> <span class='ocrx_word' id='word_1_131' title='bbox 1724 1799 1779 1842; x_wconf 92' lang='lat' dir='ltr'><strong>et</strong></span> <span class='ocrx_word' id='word_1_132' title='bbox 1806 1786 2055 1841; x_wconf 87' lang='lat' dir='ltr'><strong>intolera-</strong></span> 
     </span>
    </p>
   </div>
   <div class='ocr_carea' id='block_1_18' title="bbox 482 1880 2052 1959">
    <p class='ocr_par' dir='ltr' id='par_1_18' title="bbox 482 1880 2052 1959">
     <span class='ocr_line' id='line_1_18' title="bbox 482 1880 2052 1959; baseline -0.001 -20"><span class='ocrx_word' id='word_1_133' title='bbox 482 1883 644 1939; x_wconf 77' lang='lat' dir='ltr'><strong>bilem</strong></span> <span class='ocrx_word' id='word_1_134' title='bbox 689 1886 868 1959; x_wconf 75' lang='lat' dir='ltr'><strong>ignem</strong></span> <span class='ocrx_word' id='word_1_135' title='bbox 915 1881 1118 1953; x_wconf 85' lang='lat' dir='ltr'><strong>parari.</strong></span> <span class='ocrx_word' id='word_1_136' title='bbox 1154 1880 1288 1936; x_wconf 83' lang='lat' dir='ltr'><strong>Nam</strong></span> <span class='ocrx_word' id='word_1_137' title='bbox 1315 1882 1362 1937; x_wconf 93' lang='lat' dir='ltr'><strong>si</strong></span> <span class='ocrx_word' id='word_1_138' title='bbox 1395 1883 1447 1937; x_wconf 91' lang='lat' dir='ltr'><strong>in</strong></span> <span class='ocrx_word' id='word_1_139' title='bbox 1476 1885 1749 1955; x_wconf 76' lang='lat' dir='ltr'><strong>virginum</strong></span> <span class='ocrx_word' id='word_1_140' title='bbox 1794 1884 2052 1940; x_wconf 91' lang='lat' dir='ltr'><strong>similitu-</strong></span> 
     </span>
    </p>
   </div>
   <div class='ocr_carea' id='block_1_19' title="bbox 483 1961 2047 2048">
    <p class='ocr_par' dir='ltr' id='par_1_19' title="bbox 483 1961 2047 2048">
     <span class='ocr_line' id='line_1_19' title="bbox 483 1961 2047 2048; baseline -0.001 -15"><span class='ocrx_word' id='word_1_141' title='bbox 483 1979 610 2034; x_wconf 88' lang='lat' dir='ltr'><strong>dine</strong></span> <span class='ocrx_word' id='word_1_142' title='bbox 629 1992 725 2034; x_wconf 88' lang='lat' dir='ltr'><strong>eos</strong></span> <span class='ocrx_word' id='word_1_143' title='bbox 745 1961 967 2046; x_wconf 64' lang='lat' dir='ltr'><strong>(31mm.</strong></span> <span class='ocrx_word' id='word_1_144' title='bbox 993 1974 1101 2048; x_wconf 29' lang='lat'><strong>25,,</strong></span> <span class='ocrx_word' id='word_1_145' title='bbox 1122 1976 1231 2045; x_wconf 80' lang='lat' dir='ltr'><strong>ll),</strong></span> <span class='ocrx_word' id='word_1_146' title='bbox 1266 1976 1359 2046; x_wconf 90' lang='lat' dir='ltr'><strong>qui</strong></span> <span class='ocrx_word' id='word_1_147' title='bbox 1383 1985 1517 2032; x_wconf 72' lang='lat' dir='ltr'><strong>cum”</strong></span> <span class='ocrx_word' id='word_1_148' title='bbox 1533 1979 1817 2048; x_wconf 81' lang='lat' dir='ltr'><strong>splendida</strong></span> <span class='ocrx_word' id='word_1_149' title='bbox 1850 1978 1954 2032; x_wconf 79' lang='lat' dir='ltr'><strong>[ide</strong></span> <span class='ocrx_word' id='word_1_150' title='bbox 1992 1986 2047 2032; x_wconf 92' lang='lat' dir='ltr'><strong>et</strong></span> 
     </span>
    </p>
   </div>
   <div class='ocr_carea' id='block_1_20' title="bbox 1190 302 3731 367">
    <p class='ocr_par' dir='ltr' id='par_1_20' title="bbox 1190 302 3731 367">
     <span class='ocr_line' id='line_1_20' title="bbox 1190 302 3731 367; baseline -0.002 0"><span class='ocrx_word' id='word_1_151' title='bbox 1190 312 1245 367; x_wconf 90' lang='lat' dir='ltr'><strong>S.</strong></span> <span class='ocrx_word' id='word_1_152' title='bbox 1283 309 1557 366; x_wconf 81' lang='lat' dir='ltr'><strong>JOANNIS</strong></span> <span class='ocrx_word' id='word_1_153' title='bbox 1594 302 2067 363; x_wconf 77' lang='lat' dir='ltr'><strong>CllRYSOSTOMl</strong></span> <span class='ocrx_word' id='word_1_154' title='bbox 2104 302 2419 359; x_wconf 80' lang='lat' dir='ltr'><strong>ARCHIEP.</strong></span> <span class='ocrx_word' id='word_1_155' title='bbox 2458 306 2992 364; x_wconf 76' lang='lat' dir='ltr'><strong>CONSTANTINOP.</strong></span> <span class='ocrx_word' id='word_1_156' title='bbox 3660 306 3731 361; x_wconf 62' lang='lat'><strong>93*;</strong></span> 
     </span>
    </p>
   </div>
   <div class='ocr_carea' id='block_1_21' title="bbox 2174 418 3735 492">
    <p class='ocr_par' dir='ltr' id='par_1_21' title="bbox 2174 418 3735 492">
     <span class='ocr_line' id='line_1_21' title="bbox 2174 418 3735 492; baseline 0.003 -21"><span class='ocrx_word' id='word_1_157' title='bbox 2174 432 2381 473; x_wconf 88' lang='lat' dir='ltr'><strong>morum</strong></span> <span class='ocrx_word' id='word_1_158' title='bbox 2409 418 2640 473; x_wconf 87' lang='lat' dir='ltr'><strong>candore</strong></span> <span class='ocrx_word' id='word_1_159' title='bbox 2667 419 2933 483; x_wconf 87' lang='lat' dir='ltr'><strong>vixerunt,</strong></span> <span class='ocrx_word' id='word_1_160' title='bbox 2961 418 3217 474; x_wconf 83' lang='lat' dir='ltr'><strong>Dominus</strong></span> <span class='ocrx_word' id='word_1_161' title='bbox 3248 422 3656 483; x_wconf 84' lang='lat' dir='ltr'><strong>universorum.</strong></span> <span class='ocrx_word' id='word_1_162' title='bbox 3675 441 3735 492; x_wconf 74' lang='lat' dir='ltr'><strong>qm</strong></span> 
     </span>
    </p>
   </div>
   <div class='ocr_carea' id='block_1_22' title="bbox 2168 511 3737 582">
    <p class='ocr_par' dir='ltr' id='par_1_22' title="bbox 2168 511 3737 582">
     <span class='ocr_line' id='line_1_22' title="bbox 2168 511 3737 582; baseline 0.004 -16"><span class='ocrx_word' id='word_1_163' title='bbox 2168 512 2405 581; x_wconf 89' lang='lat' dir='ltr'><strong>ipsorum</strong></span> <span class='ocrx_word' id='word_1_164' title='bbox 2428 525 2589 581; x_wconf 86' lang='lat' dir='ltr'><strong>opera</strong></span> <span class='ocrx_word' id='word_1_165' title='bbox 2616 511 2778 574; x_wconf 91' lang='lat' dir='ltr'><strong>vidit,</strong></span> <span class='ocrx_word' id='word_1_166' title='bbox 2807 512 2876 565; x_wconf 90' lang='lat' dir='ltr'><strong>ob</strong></span> <span class='ocrx_word' id='word_1_167' title='bbox 2899 512 3396 567; x_wconf 87' lang='lat' dir='ltr'><strong>commiserationis</strong></span> <span class='ocrx_word' id='word_1_168' title='bbox 3440 516 3700 582; x_wconf 83' lang='lat' dir='ltr'><strong>penuriam</strong></span> <span class='ocrx_word' id='word_1_169' title='bbox 3718 535 3737 572; x_wconf 72' lang='grc' dir='ltr'><strong>ι</strong></span> 
     </span>
    </p>
   </div>
   <div class='ocr_carea' id='block_1_23' title="bbox 2169 601 3738 673">
    <p class='ocr_par' dir='ltr' id='par_1_23' title="bbox 2169 601 3738 673">
     <span class='ocr_line' id='line_1_23' title="bbox 2169 601 3738 673; baseline 0.003 -17"><span class='ocrx_word' id='word_1_170' title='bbox 2169 602 2405 657; x_wconf 87' lang='lat' dir='ltr'><strong>thalamo</strong></span> <span class='ocrx_word' id='word_1_171' title='bbox 2451 602 2656 657; x_wconf 88' lang='lat' dir='ltr'><strong>alienos</strong></span> <span class='ocrx_word' id='word_1_172' title='bbox 2699 601 2929 658; x_wconf 87' lang='lat' dir='ltr'><strong>reddidit</strong></span> <span class='ocrx_word' id='word_1_173' title='bbox 2973 620 2986 658; x_wconf 91' lang='lat'><strong>:</strong></span> <span class='ocrx_word' id='word_1_174' title='bbox 3024 603 3294 673; x_wconf 86' lang='lat' dir='ltr'><strong>quomodo</strong></span> <span class='ocrx_word' id='word_1_175' title='bbox 3336 618 3473 668; x_wconf 82' lang='lat' dir='ltr'><strong>nos,</strong></span> <span class='ocrx_word' id='word_1_176' title='bbox 3516 605 3605 673; x_wconf 86' lang='lat' dir='ltr'><strong>qui</strong></span> <span class='ocrx_word' id='word_1_177' title='bbox 3633 612 3738 661; x_wconf 69' lang='lat' dir='ltr'><strong>omni</strong></span> 
     </span>
    </p>
   </div>
   <div class='ocr_carea' id='block_1_24' title="bbox 2169 694 3740 765">
    <p class='ocr_par' dir='ltr' id='par_1_24' title="bbox 2169 694 3740 765">
     <span class='ocr_line' id='line_1_24' title="bbox 2169 694 3740 765; baseline 0.001 -15"><span class='ocrx_word' id='word_1_178' title='bbox 2169 710 2291 750; x_wconf 87' lang='lat' dir='ltr'><strong>cum</strong></span> <span class='ocrx_word' id='word_1_179' title='bbox 2339 694 2550 751; x_wconf 89' lang='lat' dir='ltr'><strong>licentia</strong></span> <span class='ocrx_word' id='word_1_180' title='bbox 2590 696 2836 759; x_wconf 82' lang='lat' dir='ltr'><strong>vivimus,</strong></span> <span class='ocrx_word' id='word_1_181' title='bbox 2876 704 2933 749; x_wconf 90' lang='lat' dir='ltr'><strong>et</strong></span> <span class='ocrx_word' id='word_1_182' title='bbox 2969 696 3442 751; x_wconf 86' lang='lat' dir='ltr'><strong>immisericordes</strong></span> <span class='ocrx_word' id='word_1_183' title='bbox 3490 711 3615 765; x_wconf 77' lang='lat' dir='ltr'><strong>erga</strong></span> <span class='ocrx_word' id='word_1_184' title='bbox 3646 714 3740 751; x_wconf 69' lang='lat' dir='ltr'><strong>cm—</strong></span> 
     </span>
    </p>
   </div>
   <div class='ocr_carea' id='block_1_25' title="bbox 2169 786 3739 857">
    <p class='ocr_par' dir='ltr' id='par_1_25' title="bbox 2169 786 3739 857">
     <span class='ocr_line' id='line_1_25' title="bbox 2169 786 3739 857; baseline 0.001 -17"><span class='ocrx_word' id='word_1_185' title='bbox 2169 786 2389 842; x_wconf 88' lang='lat' dir='ltr'><strong>tribules</strong></span> <span class='ocrx_word' id='word_1_186' title='bbox 2414 797 2625 841; x_wconf 91' lang='lat' dir='ltr'><strong>nostros</strong></span> <span class='ocrx_word' id='word_1_187' title='bbox 2653 801 2751 841; x_wconf 88' lang='lat' dir='ltr'><strong>nos</strong></span> <span class='ocrx_word' id='word_1_188' title='bbox 2779 786 3123 853; x_wconf 81' lang='lat' dir='ltr'><strong>exhibemus,</strong></span> <span class='ocrx_word' id='word_1_189' title='bbox 3161 788 3343 842; x_wconf 90' lang='lat' dir='ltr'><strong>salute</strong></span> <span class='ocrx_word' id='word_1_190' title='bbox 3372 787 3534 857; x_wconf 80' lang='lat' dir='ltr'><strong>digni</strong></span> <span class='ocrx_word' id='word_1_191' title='bbox 3566 790 3739 841; x_wconf 70' lang='lat' dir='ltr'><strong>habebi-</strong></span> 
     </span>
    </p>
   </div>
   <div class='ocr_carea' id='block_1_26' title="bbox 2170 878 3741 950">
    <p class='ocr_par' dir='ltr' id='par_1_26' title="bbox 2170 878 3741 950">
     <span class='ocr_line' id='line_1_26' title="bbox 2170 878 3741 950; baseline 0.001 -17"><span class='ocrx_word' id='word_1_192' title='bbox 2170 880 2321 933; x_wconf 83' lang='lat' dir='ltr'><strong>mur?</strong></span> <span class='ocrx_word' id='word_1_193' title='bbox 2349 878 2705 947; x_wconf 85' lang='lat' dir='ltr'><strong>Quamobrem</strong></span> <span class='ocrx_word' id='word_1_194' title='bbox 2735 880 2961 935; x_wconf 88' lang='lat' dir='ltr'><strong>obsecro</strong></span> <span class='ocrx_word' id='word_1_195' title='bbox 2999 895 3115 946; x_wconf 89' lang='lat' dir='ltr'><strong>vos,</strong></span> <span class='ocrx_word' id='word_1_196' title='bbox 3144 896 3213 935; x_wconf 90' lang='lat' dir='ltr'><strong>ne</strong></span> <span class='ocrx_word' id='word_1_197' title='bbox 3243 881 3424 935; x_wconf 85' lang='lat' dir='ltr'><strong>verba</strong></span> <span class='ocrx_word' id='word_1_198' title='bbox 3470 879 3589 934; x_wconf 70' lang='lat' dir='ltr'><strong>lucc</strong></span> <span class='ocrx_word' id='word_1_199' title='bbox 3617 886 3741 950; x_wconf 59' lang='lat' dir='ltr'><strong>negli-</strong></span> 
     </span>
    </p>
   </div>
   <div class='ocr_carea' id='block_1_27' title="bbox 2168 971 3740 1043">
    <p class='ocr_par' dir='ltr' id='par_1_27' title="bbox 2168 971 3740 1043">
     <span class='ocr_line' id='line_1_27' title="bbox 2168 971 3740 1043; baseline -0.002 -16"><span class='ocrx_word' id='word_1_200' title='bbox 2168 981 2355 1043; x_wconf 82' lang='lat' dir='ltr'><strong>genter</strong></span> <span class='ocrx_word' id='word_1_201' title='bbox 2394 972 2640 1029; x_wconf 85' lang='lat' dir='ltr'><strong>audiatis.</strong></span> <span class='ocrx_word' id='word_1_202' title='bbox 2672 971 2934 1027; x_wconf 75' lang='lat' dir='ltr'><strong>Haeretica</strong></span> <span class='ocrx_word' id='word_1_203' title='bbox 2979 973 3177 1043; x_wconf 89' lang='lat' dir='ltr'><strong>quippe</strong></span> <span class='ocrx_word' id='word_1_204' title='bbox 3216 972 3491 1041; x_wconf 83' lang='lat' dir='ltr'><strong>dogmata</strong></span> <span class='ocrx_word' id='word_1_205' title='bbox 3539 973 3621 1033; x_wconf 86' lang='lat' dir='ltr'><strong>iis,</strong></span> <span class='ocrx_word' id='word_1_206' title='bbox 3659 992 3740 1042; x_wconf 69' lang='lat' dir='ltr'><strong>qu:</strong></span> 
     </span>
    </p>
   </div>
   <div class='ocr_carea' id='block_1_28' title="bbox 2172 1066 3741 1135">
    <p class='ocr_par' dir='ltr' id='par_1_28' title="bbox 2172 1066 3741 1135">
     <span class='ocr_line' id='line_1_28' title="bbox 2172 1066 3741 1135; baseline 0 -16"><span class='ocrx_word' id='word_1_207' title='bbox 2172 1081 2271 1120; x_wconf 91' lang='lat' dir='ltr'><strong>nos</strong></span> <span class='ocrx_word' id='word_1_208' title='bbox 2320 1066 2643 1135; x_wconf 90' lang='lat' dir='ltr'><strong>accepimus,</strong></span> <span class='ocrx_word' id='word_1_209' title='bbox 2686 1066 2953 1120; x_wconf 86' lang='lat' dir='ltr'><strong>contraria</strong></span> <span class='ocrx_word' id='word_1_210' title='bbox 2996 1066 3498 1125; x_wconf 74' lang='lat' dir='ltr'><strong>anathematizam.</strong></span> <span class='ocrx_word' id='word_1_211' title='bbox 3536 1074 3592 1118; x_wconf 86' lang='lat' dir='ltr'><strong>ct</strong></span> <span class='ocrx_word' id='word_1_212' title='bbox 3626 1066 3741 1133; x_wconf 63' lang='lat' dir='ltr'><strong>lmpa</strong></span> 
     </span>
    </p>
   </div>
   <div class='ocr_carea' id='block_1_29' title="bbox 2169 1154 3739 1225">
    <p class='ocr_par' dir='ltr' id='par_1_29' title="bbox 2169 1154 3739 1225">
     <span class='ocr_line' id='line_1_29' title="bbox 2169 1154 3739 1225; baseline -0.001 -15"><span class='ocrx_word' id='word_1_213' title='bbox 2169 1155 2411 1225; x_wconf 78' lang='lat' dir='ltr'><strong>dogmata</strong></span> <span class='ocrx_word' id='word_1_214' title='bbox 2436 1155 2711 1211; x_wconf 80' lang='lat' dir='ltr'><strong>confutare</strong></span> <span class='ocrx_word' id='word_1_215' title='bbox 2733 1164 2962 1225; x_wconf 86' lang='lat' dir='ltr'><strong>oportet,</strong></span> <span class='ocrx_word' id='word_1_216' title='bbox 2992 1154 3303 1210; x_wconf 86' lang='lat' dir='ltr'><strong>hominibus</strong></span> <span class='ocrx_word' id='word_1_217' title='bbox 3332 1166 3529 1209; x_wconf 87' lang='lat' dir='ltr'><strong>autem</strong></span> <span class='ocrx_word' id='word_1_218' title='bbox 3563 1171 3739 1223; x_wconf 67' lang='lat' dir='ltr'><strong>parm-</strong></span> 
     </span>
    </p>
   </div>
   <div class='ocr_carea' id='block_1_30' title="bbox 2169 1245 3741 1317">
    <p class='ocr_par' dir='ltr' id='par_1_30' title="bbox 2169 1245 3741 1317">
     <span class='ocr_line' id='line_1_30' title="bbox 2169 1245 3741 1317; baseline 0.001 -17"><span class='ocrx_word' id='word_1_219' title='bbox 2169 1247 2317 1312; x_wconf 88' lang='lat' dir='ltr'><strong>dum,</strong></span> <span class='ocrx_word' id='word_1_220' title='bbox 2348 1256 2402 1302; x_wconf 88' lang='lat' dir='ltr'><strong>et</strong></span> <span class='ocrx_word' id='word_1_221' title='bbox 2441 1261 2535 1317; x_wconf 91' lang='lat' dir='ltr'><strong>pro</strong></span> <span class='ocrx_word' id='word_1_222' title='bbox 2563 1262 2749 1302; x_wconf 90' lang='lat' dir='ltr'><strong>eorum</strong></span> <span class='ocrx_word' id='word_1_223' title='bbox 2780 1246 2951 1301; x_wconf 86' lang='lat' dir='ltr'><strong>salute</strong></span> <span class='ocrx_word' id='word_1_224' title='bbox 2988 1247 3248 1301; x_wconf 90' lang='lat' dir='ltr'><strong>orandum</strong></span> <span class='ocrx_word' id='word_1_225' title='bbox 3282 1256 3404 1301; x_wconf 84' lang='lat' dir='ltr'><strong>est.</strong></span> <span class='ocrx_word' id='word_1_226' title='bbox 3436 1245 3651 1301; x_wconf 82' lang='lat' dir='ltr'><strong>Utinam</strong></span> <span class='ocrx_word' id='word_1_227' title='bbox 3676 1264 3741 1301; x_wconf 73' lang='lat' dir='ltr'><strong>nos</strong></span> 
     </span>
    </p>
   </div>
   <div class='ocr_carea' id='block_1_31' title="bbox 2170 1337 3740 1407">
    <p class='ocr_par' dir='ltr' id='par_1_31' title="bbox 2170 1337 3740 1407">
     <span class='ocr_line' id='line_1_31' title="bbox 2170 1337 3740 1407; baseline -0.001 -16"><span class='ocrx_word' id='word_1_228' title='bbox 2170 1352 2377 1403; x_wconf 85' lang='lat' dir='ltr'><strong>omnes,</strong></span> <span class='ocrx_word' id='word_1_229' title='bbox 2406 1338 2496 1392; x_wconf 89' lang='lat' dir='ltr'><strong>Dei</strong></span> <span class='ocrx_word' id='word_1_230' title='bbox 2521 1347 2576 1392; x_wconf 91' lang='lat' dir='ltr'><strong>et</strong></span> <span class='ocrx_word' id='word_1_231' title='bbox 2602 1338 2830 1407; x_wconf 84' lang='lat' dir='ltr'><strong>proximi</strong></span> <span class='ocrx_word' id='word_1_232' title='bbox 2861 1338 3032 1391; x_wconf 91' lang='lat' dir='ltr'><strong>amori</strong></span> <span class='ocrx_word' id='word_1_233' title='bbox 3061 1337 3280 1402; x_wconf 87' lang='lat' dir='ltr'><strong>addicti,</strong></span> <span class='ocrx_word' id='word_1_234' title='bbox 3307 1348 3490 1407; x_wconf 85' lang='lat' dir='ltr'><strong>atque</strong></span> <span class='ocrx_word' id='word_1_235' title='bbox 3514 1338 3740 1391; x_wconf 60' lang='lat' dir='ltr'><strong>Domini;</strong></span> 
     </span>
    </p>
   </div>
   <div class='ocr_carea' id='block_1_32' title="bbox 2170 1430 3741 1500">
    <p class='ocr_par' dir='ltr' id='par_1_32' title="bbox 2170 1430 3741 1500">
     <span class='ocr_line' id='line_1_32' title="bbox 2170 1430 3741 1500; baseline -0.001 -15"><span class='ocrx_word' id='word_1_236' title='bbox 2170 1438 2527 1499; x_wconf 81' lang='lat' dir='ltr'><strong>exsequentes</strong></span> <span class='ocrx_word' id='word_1_237' title='bbox 2552 1439 2849 1500; x_wconf 69' lang='lat' dir='ltr'><strong>praecepta,</strong></span> <span class='ocrx_word' id='word_1_238' title='bbox 2880 1444 3000 1485; x_wconf 91' lang='lat' dir='ltr'><strong>cum</strong></span> <span class='ocrx_word' id='word_1_239' title='bbox 3040 1430 3431 1485; x_wconf 87' lang='lat' dir='ltr'><strong>misericordia</strong></span> <span class='ocrx_word' id='word_1_240' title='bbox 3473 1440 3531 1484; x_wconf 91' lang='lat' dir='ltr'><strong>et</strong></span> <span class='ocrx_word' id='word_1_241' title='bbox 3572 1430 3741 1500; x_wconf 69' lang='lat' dir='ltr'><strong>fulgids</strong></span> 
     </span>
    </p>
   </div>
   <div class='ocr_carea' id='block_1_33' title="bbox 2170 1521 3741 1592">
    <p class='ocr_par' dir='ltr' id='par_1_33' title="bbox 2170 1521 3741 1592">
     <span class='ocr_line' id='line_1_33' title="bbox 2170 1521 3741 1592; baseline 0 -17"><span class='ocrx_word' id='word_1_242' title='bbox 2170 1522 2523 1591; x_wconf 87' lang='lat' dir='ltr'><strong>lampadibus,</strong></span> <span class='ocrx_word' id='word_1_243' title='bbox 2564 1524 2617 1578; x_wconf 92' lang='lat' dir='ltr'><strong>in</strong></span> <span class='ocrx_word' id='word_1_244' title='bbox 2657 1521 2744 1577; x_wconf 87' lang='lat' dir='ltr'><strong>die</strong></span> <span class='ocrx_word' id='word_1_245' title='bbox 2773 1522 3177 1577; x_wconf 85' lang='lat' dir='ltr'><strong>resurrectionis</strong></span> <span class='ocrx_word' id='word_1_246' title='bbox 3205 1522 3429 1577; x_wconf 65' lang='lat' dir='ltr'><strong>cazlesti</strong></span> <span class='ocrx_word' id='word_1_247' title='bbox 3462 1538 3657 1592; x_wconf 86' lang='lat' dir='ltr'><strong>sponso</strong></span> <span class='ocrx_word' id='word_1_248' title='bbox 3676 1539 3741 1575; x_wconf 67' lang='grc' dir='ltr'><strong>ας</strong></span> 
     </span>
    </p>
   </div>
   <div class='ocr_carea' id='block_1_34' title="bbox 2171 1613 3741 1684">
    <p class='ocr_par' dir='ltr' id='par_1_34' title="bbox 2171 1613 3741 1684">
     <span class='ocr_line' id='line_1_34' title="bbox 2171 1613 3741 1684; baseline -0.001 -15"><span class='ocrx_word' id='word_1_249' title='bbox 2171 1629 2465 1679; x_wconf 89' lang='lat' dir='ltr'><strong>curramus,</strong></span> <span class='ocrx_word' id='word_1_250' title='bbox 2488 1613 2776 1671; x_wconf 81' lang='lat' dir='ltr'><strong>oﬁ‘erentes</strong></span> <span class='ocrx_word' id='word_1_251' title='bbox 2797 1613 2874 1668; x_wconf 86' lang='lat' dir='ltr'><strong>illi</strong></span> <span class='ocrx_word' id='word_1_252' title='bbox 2901 1615 2953 1668; x_wconf 92' lang='lat' dir='ltr'><strong>in</strong></span> <span class='ocrx_word' id='word_1_253' title='bbox 2977 1614 3142 1684; x_wconf 79' lang='lat' dir='ltr'><strong>gloria</strong></span> <span class='ocrx_word' id='word_1_254' title='bbox 3168 1614 3621 1684; x_wconf 80' lang='lat' dir='ltr'><strong>quamplurimos</strong></span> <span class='ocrx_word' id='word_1_255' title='bbox 3641 1629 3741 1667; x_wconf 67' lang='grc' dir='ltr'><strong>εηω</strong></span> 
     </span>
    </p>
   </div>
   <div class='ocr_carea' id='block_1_35' title="bbox 2171 1706 3739 1777">
    <p class='ocr_par' dir='ltr' id='par_1_35' title="bbox 2171 1706 3739 1777">
     <span class='ocr_line' id='line_1_35' title="bbox 2171 1706 3739 1777; baseline -0.003 -14"><span class='ocrx_word' id='word_1_256' title='bbox 2171 1707 2513 1763; x_wconf 90' lang='lat' dir='ltr'><strong>miseratione</strong></span> <span class='ocrx_word' id='word_1_257' title='bbox 2563 1716 2745 1762; x_wconf 90' lang='lat' dir='ltr'><strong>nostra</strong></span> <span class='ocrx_word' id='word_1_258' title='bbox 2792 1715 3055 1772; x_wconf 88' lang='lat' dir='ltr'><strong>servatos,</strong></span> <span class='ocrx_word' id='word_1_259' title='bbox 3105 1708 3277 1777; x_wconf 82' lang='lat' dir='ltr'><strong>gratia</strong></span> <span class='ocrx_word' id='word_1_260' title='bbox 3334 1715 3400 1760; x_wconf 85' lang='lat' dir='ltr'><strong>et</strong></span> <span class='ocrx_word' id='word_1_261' title='bbox 3455 1706 3739 1775; x_wconf 73' lang='lat' dir='ltr'><strong>benignitate</strong></span> 
     </span>
    </p>
   </div>
   <div class='ocr_carea' id='block_1_36' title="bbox 2171 1799 3738 1872">
    <p class='ocr_par' dir='ltr' id='par_1_36' title="bbox 2171 1799 3738 1872">
     <span class='ocr_line' id='line_1_36' title="bbox 2171 1799 3738 1872; baseline -0.005 -15"><span class='ocrx_word' id='word_1_262' title='bbox 2171 1804 2336 1872; x_wconf 91' lang='lat' dir='ltr'><strong>ipsius</strong></span> <span class='ocrx_word' id='word_1_263' title='bbox 2372 1801 2626 1872; x_wconf 82' lang='lat' dir='ltr'><strong>unigeniti</strong></span> <span class='ocrx_word' id='word_1_264' title='bbox 2669 1800 2791 1855; x_wconf 88' lang='lat' dir='ltr'><strong>Filii</strong></span> <span class='ocrx_word' id='word_1_265' title='bbox 2838 1800 2953 1866; x_wconf 88' lang='lat' dir='ltr'><strong>Dei,</strong></span> <span class='ocrx_word' id='word_1_266' title='bbox 2997 1800 3211 1869; x_wconf 90' lang='lat' dir='ltr'><strong>quicum</strong></span> <span class='ocrx_word' id='word_1_267' title='bbox 3266 1799 3432 1853; x_wconf 86' lang='lat' dir='ltr'><strong>Patri</strong></span> <span class='ocrx_word' id='word_1_268' title='bbox 3472 1799 3635 1866; x_wconf 77' lang='lat' dir='ltr'><strong>gloria</strong></span> <span class='ocrx_word' id='word_1_269' title='bbox 3670 1814 3738 1850; x_wconf 80' lang='lat' dir='ltr'><strong>um</strong></span> 
     </span>
    </p>
   </div>
   <div class='ocr_carea' id='block_1_37' title="bbox 2170 1892 3737 1965">
    <p class='ocr_par' dir='ltr' id='par_1_37' title="bbox 2170 1892 3737 1965">
     <span class='ocr_line' id='line_1_37' title="bbox 2170 1892 3737 1965; baseline -0.001 -14"><span class='ocrx_word' id='word_1_270' title='bbox 2170 1910 2291 1951; x_wconf 91' lang='lat' dir='ltr'><strong>cum</strong></span> <span class='ocrx_word' id='word_1_271' title='bbox 2330 1905 2515 1951; x_wconf 88' lang='lat' dir='ltr'><strong>sancto</strong></span> <span class='ocrx_word' id='word_1_272' title='bbox 2554 1893 2776 1965; x_wconf 87' lang='lat' dir='ltr'><strong>Spiritu,</strong></span> <span class='ocrx_word' id='word_1_273' title='bbox 2819 1908 2960 1948; x_wconf 90' lang='lat' dir='ltr'><strong>nunc</strong></span> <span class='ocrx_word' id='word_1_274' title='bbox 3002 1901 3057 1948; x_wconf 93' lang='lat' dir='ltr'><strong>et</strong></span> <span class='ocrx_word' id='word_1_275' title='bbox 3088 1907 3311 1962; x_wconf 89' lang='lat' dir='ltr'><strong>semper</strong></span> <span class='ocrx_word' id='word_1_276' title='bbox 3352 1902 3419 1947; x_wconf 86' lang='lat' dir='ltr'><strong>et</strong></span> <span class='ocrx_word' id='word_1_277' title='bbox 3458 1892 3515 1946; x_wconf 92' lang='lat' dir='ltr'><strong>in</strong></span> <span class='ocrx_word' id='word_1_278' title='bbox 3551 1894 3737 1949; x_wconf 65' lang='lat' dir='ltr'><strong>sxcula.</strong></span> 
     </span>
    </p>
   </div>
   <div class='ocr_carea' id='block_1_38' title="bbox 2168 1989 2361 2043">
    <p class='ocr_par' dir='ltr' id='par_1_38' title="bbox 2168 1989 2361 2043">
     <span class='ocr_line' id='line_1_38' title="bbox 2168 1989 2361 2043; baseline -0.005 0"><span class='ocrx_word' id='word_1_279' title='bbox 2168 1989 2361 2043; x_wconf 88' lang='lat' dir='ltr'><strong>Amen.</strong></span> 
     </span>
    </p>
   </div>
   <div class='ocr_carea' id='block_1_39' title="bbox 507 2361 3721 2413">
    <p class='ocr_par' dir='ltr' id='par_1_39' title="bbox 507 2361 3721 2413">
     <span class='ocr_line' id='line_1_39' title="bbox 507 2361 3721 2413; baseline -0.004 -4"><span class='ocrx_word' id='word_1_280' title='bbox 507 2361 3721 2413; x_wconf 35' lang='lat' dir='ltr'><strong>Wrw</strong></span> 
     </span>
    </p>
   </div>
   <div class='ocr_carea' id='block_1_40' title="bbox 1532 2608 2703 2674">
    <p class='ocr_par' dir='ltr' id='par_1_40' title="bbox 1532 2608 2703 2674">
     <span class='ocr_line' id='line_1_40' title="bbox 1532 2608 2703 2674; baseline -0.003 0"><span class='ocrx_word' id='word_1_281' title='bbox 1532 2615 1641 2674; x_wconf 83' lang='lat' dir='ltr'><strong>AD</strong></span> <span class='ocrx_word' id='word_1_282' title='bbox 1691 2610 2101 2671; x_wconf 82' lang='lat' dir='ltr'><strong>HOMILIAM</strong></span> <span class='ocrx_word' id='word_1_283' title='bbox 2159 2610 2235 2670; x_wconf 79' lang='lat' dir='ltr'><strong>IN</strong></span> <span class='ocrx_word' id='word_1_284' title='bbox 2288 2608 2703 2671; x_wconf 78' lang='lat' dir='ltr'><strong>KALENDAS</strong></span> 
     </span>
    </p>
   </div>
   <div class='ocr_carea' id='block_1_41' title="bbox 574 3146 2071 3213">
    <p class='ocr_par' dir='ltr' id='par_1_41' title="bbox 574 3146 2071 3213">
     <span class='ocr_line' id='line_1_41' title="bbox 574 3146 2071 3213; baseline -0.003 -6"><span class='ocrx_word' id='word_1_285' title='bbox 574 3150 670 3207; x_wconf 70' lang='lat' dir='ltr'><strong>llic</strong></span> <span class='ocrx_word' id='word_1_286' title='bbox 709 3150 964 3207; x_wconf 65' lang='lat' dir='ltr'><strong>Kalendae</strong></span> <span class='ocrx_word' id='word_1_287' title='bbox 1009 3156 1386 3205; x_wconf 82' lang='lat' dir='ltr'><strong>memorantur</strong></span> <span class='ocrx_word' id='word_1_288' title='bbox 1421 3146 1666 3202; x_wconf 86' lang='lat' dir='ltr'><strong>Januarii</strong></span> <span class='ocrx_word' id='word_1_289' title='bbox 1706 3148 1948 3213; x_wconf 85' lang='lat' dir='ltr'><strong>mensis,</strong></span> <span class='ocrx_word' id='word_1_290' title='bbox 1994 3161 2071 3202; x_wconf 69' lang='lat' dir='ltr'><strong>ea:</strong></span> 
     </span>
    </p>
   </div>
   <div class='ocr_carea' id='block_1_42' title="bbox 507 3247 2073 3324">
    <p class='ocr_par' dir='ltr' id='par_1_42' title="bbox 507 3247 2073 3324">
     <span class='ocr_line' id='line_1_42' title="bbox 507 3247 2073 3324; baseline -0.006 -13"><span class='ocrx_word' id='word_1_291' title='bbox 507 3256 716 3311; x_wconf 77' lang='lat' dir='ltr'><strong>scilicet</strong></span> <span class='ocrx_word' id='word_1_292' title='bbox 742 3266 1096 3324; x_wconf 66' lang='lat' dir='ltr'><strong>quzeannum</strong></span> <span class='ocrx_word' id='word_1_293' title='bbox 1148 3250 1419 3321; x_wconf 89' lang='lat' dir='ltr'><strong>incipiunt</strong></span> <span class='ocrx_word' id='word_1_294' title='bbox 1458 3248 1599 3318; x_wconf 90' lang='lat' dir='ltr'><strong>apud</strong></span> <span class='ocrx_word' id='word_1_295' title='bbox 1632 3247 1930 3313; x_wconf 82' lang='lat' dir='ltr'><strong>Romanos,</strong></span> <span class='ocrx_word' id='word_1_296' title='bbox 1966 3262 2073 3317; x_wconf 90' lang='lat' dir='ltr'><strong>qua</strong></span> 
     </span>
    </p>
   </div>
   <div class='ocr_carea' id='block_1_43' title="bbox 509 3351 2077 3422">
    <p class='ocr_par' dir='ltr' id='par_1_43' title="bbox 509 3351 2077 3422">
     <span class='ocr_line' id='line_1_43' title="bbox 509 3351 2077 3422; baseline -0.006 -9"><span class='ocrx_word' id='word_1_297' title='bbox 509 3359 597 3413; x_wconf 89' lang='lat' dir='ltr'><strong>die</strong></span> <span class='ocrx_word' id='word_1_298' title='bbox 640 3372 759 3412; x_wconf 90' lang='lat' dir='ltr'><strong>mos</strong></span> <span class='ocrx_word' id='word_1_299' title='bbox 802 3364 920 3411; x_wconf 86' lang='lat' dir='ltr'><strong>erat</strong></span> <span class='ocrx_word' id='word_1_300' title='bbox 958 3354 1108 3422; x_wconf 79' lang='grc' dir='ltr'>ξένια</span> <span class='ocrx_word' id='word_1_301' title='bbox 1139 3368 1234 3410; x_wconf 87' lang='lat' dir='ltr'><strong>seu</strong></span> <span class='ocrx_word' id='word_1_302' title='bbox 1277 3351 1602 3407; x_wconf 89' lang='lat' dir='ltr'><strong>munuscula</strong></span> <span class='ocrx_word' id='word_1_303' title='bbox 1646 3351 1847 3404; x_wconf 78' lang='lat' dir='ltr'><strong>amicis</strong></span> <span class='ocrx_word' id='word_1_304' title='bbox 1880 3365 2077 3420; x_wconf 68' lang='lat' dir='ltr'><strong>cogna-</strong></span> 
     </span>
    </p>
   </div>
   <div class='ocr_carea' id='block_1_44' title="bbox 513 3452 2077 3529">
    <p class='ocr_par' dir='ltr' id='par_1_44' title="bbox 513 3452 2077 3529">
     <span class='ocr_line' id='line_1_44' title="bbox 513 3452 2077 3529; baseline -0.004 -16"><span class='ocrx_word' id='word_1_305' title='bbox 513 3458 691 3529; x_wconf 89' lang='lat' dir='ltr'><strong>tisque</strong></span> <span class='ocrx_word' id='word_1_306' title='bbox 718 3456 938 3521; x_wconf 76' lang='lat' dir='ltr'><strong>oﬂerre,</strong></span> <span class='ocrx_word' id='word_1_307' title='bbox 960 3456 1213 3512; x_wconf 86' lang='lat' dir='ltr'><strong>convivia</strong></span> <span class='ocrx_word' id='word_1_308' title='bbox 1254 3454 1551 3519; x_wconf 86' lang='lat' dir='ltr'><strong>celebrare,</strong></span> <span class='ocrx_word' id='word_1_309' title='bbox 1593 3452 1811 3522; x_wconf 85' lang='lat' dir='ltr'><strong>aliaque</strong></span> <span class='ocrx_word' id='word_1_310' title='bbox 1847 3452 2077 3522; x_wconf 60' lang='lat' dir='ltr'><strong>publica?</strong></span> 
     </span>
    </p>
   </div>
   <div class='ocr_carea' id='block_1_45' title="bbox 513 3553 2078 3626">
    <p class='ocr_par' dir='ltr' id='par_1_45' title="bbox 513 3553 2078 3626">
     <span class='ocr_line' id='line_1_45' title="bbox 513 3553 2078 3626; baseline -0.002 -15"><span class='ocrx_word' id='word_1_311' title='bbox 513 3557 714 3611; x_wconf 71' lang='lat' dir='ltr'><strong>laetitiae</strong></span> <span class='ocrx_word' id='word_1_312' title='bbox 743 3557 895 3626; x_wconf 83' lang='lat' dir='ltr'><strong>signa</strong></span> <span class='ocrx_word' id='word_1_313' title='bbox 919 3556 1070 3620; x_wconf 89' lang='lat' dir='ltr'><strong>dare,</strong></span> <span class='ocrx_word' id='word_1_314' title='bbox 1105 3555 1193 3610; x_wconf 91' lang='lat' dir='ltr'><strong>ubi</strong></span> <span class='ocrx_word' id='word_1_315' title='bbox 1227 3556 1550 3625; x_wconf 89' lang='lat' dir='ltr'><strong>plerumque</strong></span> <span class='ocrx_word' id='word_1_316' title='bbox 1590 3554 1873 3609; x_wconf 68' lang='lat' dir='ltr'><strong>dissolutae</strong></span> <span class='ocrx_word' id='word_1_317' title='bbox 1904 3553 2078 3624; x_wconf 83' lang='lat' dir='ltr'><strong>plebis</strong></span> 
     </span>
    </p>
   </div>
   <div class='ocr_carea' id='block_1_46' title="bbox 518 3653 2078 3728">
    <p class='ocr_par' dir='ltr' id='par_1_46' title="bbox 518 3653 2078 3728">
     <span class='ocr_line' id='line_1_46' title="bbox 518 3653 2078 3728; baseline -0.004 -15"><span class='ocrx_word' id='word_1_318' title='bbox 518 3666 686 3728; x_wconf 80' lang='lat' dir='ltr'><strong>gesta,</strong></span> <span class='ocrx_word' id='word_1_319' title='bbox 714 3656 1125 3728; x_wconf 77' lang='lat' dir='ltr'><strong>superstitiosas</strong></span> <span class='ocrx_word' id='word_1_320' title='bbox 1153 3655 1558 3711; x_wconf 83' lang='lat' dir='ltr'><strong>observationes</strong></span> <span class='ocrx_word' id='word_1_321' title='bbox 1581 3654 1798 3723; x_wconf 88' lang='lat' dir='ltr'><strong>aliaque</strong></span> <span class='ocrx_word' id='word_1_322' title='bbox 1823 3653 1875 3707; x_wconf 89' lang='lat' dir='ltr'><strong>id</strong></span> <span class='ocrx_word' id='word_1_323' title='bbox 1906 3668 2078 3723; x_wconf 77' lang='lat' dir='ltr'><strong>genus</strong></span> 
     </span>
    </p>
   </div>
   <div class='ocr_carea' id='block_1_47' title="bbox 515 3754 2077 3827">
    <p class='ocr_par' dir='ltr' id='par_1_47' title="bbox 515 3754 2077 3827">
     <span class='ocr_line' id='line_1_47' title="bbox 515 3754 2077 3827; baseline -0.003 -16"><span class='ocrx_word' id='word_1_324' title='bbox 515 3758 698 3814; x_wconf 90' lang='lat' dir='ltr'><strong>videre</strong></span> <span class='ocrx_word' id='word_1_325' title='bbox 726 3767 865 3823; x_wconf 90' lang='lat' dir='ltr'><strong>erat,</strong></span> <span class='ocrx_word' id='word_1_326' title='bbox 889 3756 944 3812; x_wconf 92' lang='lat' dir='ltr'><strong>in</strong></span> <span class='ocrx_word' id='word_1_327' title='bbox 975 3773 1097 3827; x_wconf 66' lang='lat' dir='ltr'><strong>qua:</strong></span> <span class='ocrx_word' id='word_1_328' title='bbox 1124 3756 1226 3811; x_wconf 92' lang='lat' dir='ltr'><strong>hoc</strong></span> <span class='ocrx_word' id='word_1_329' title='bbox 1252 3769 1506 3811; x_wconf 90' lang='lat' dir='ltr'><strong>sermone</strong></span> <span class='ocrx_word' id='word_1_330' title='bbox 1535 3754 1811 3807; x_wconf 85' lang='lat' dir='ltr'><strong>invehitur</strong></span> <span class='ocrx_word' id='word_1_331' title='bbox 1854 3760 2077 3808; x_wconf 89' lang='lat' dir='ltr'><strong>sanctus</strong></span> 
     </span>
    </p>
   </div>
   <div class='ocr_carea' id='block_1_48' title="bbox 2182 3122 3735 3190">
    <p class='ocr_par' dir='ltr' id='par_1_48' title="bbox 2182 3122 3735 3190">
     <span class='ocr_line' id='line_1_48' title="bbox 2182 3122 3735 3190; baseline -0.004 -11"><span class='ocrx_word' id='word_1_332' title='bbox 2182 3140 2306 3181; x_wconf 90' lang='lat' dir='ltr'><strong>mus</strong></span> <span class='ocrx_word' id='word_1_333' title='bbox 2359 3125 2535 3181; x_wconf 89' lang='lat' dir='ltr'><strong>obiter</strong></span> <span class='ocrx_word' id='word_1_334' title='bbox 2587 3133 2798 3181; x_wconf 90' lang='lat' dir='ltr'><strong>tantum</strong></span> <span class='ocrx_word' id='word_1_335' title='bbox 2836 3122 2991 3179; x_wconf 87' lang='lat' dir='ltr'><strong>Pauli</strong></span> <span class='ocrx_word' id='word_1_336' title='bbox 3026 3125 3286 3179; x_wconf 80' lang='lat' dir='ltr'><strong>virtutem</strong></span> <span class='ocrx_word' id='word_1_337' title='bbox 3341 3123 3643 3190; x_wconf 83' lang='lat' dir='ltr'><strong>celebrat;</strong></span> <span class='ocrx_word' id='word_1_338' title='bbox 3692 3122 3735 3175; x_wconf 74' lang='lat' dir='ltr'><strong>3d</strong></span> 
     </span>
    </p>
   </div>
   <div class='ocr_carea' id='block_1_49' title="bbox 2182 3224 3738 3281">
    <p class='ocr_par' dir='ltr' id='par_1_49' title="bbox 2182 3224 3738 3281">
     <span class='ocr_line' id='line_1_49' title="bbox 2182 3224 3738 3281; baseline -0.004 -1"><span class='ocrx_word' id='word_1_339' title='bbox 2182 3226 2299 3281; x_wconf 62' lang='lat' dir='ltr'><strong>haec</strong></span> <span class='ocrx_word' id='word_1_340' title='bbox 2329 3235 2508 3281; x_wconf 89' lang='lat' dir='ltr'><strong>autem</strong></span> <span class='ocrx_word' id='word_1_341' title='bbox 2538 3226 2759 3281; x_wconf 89' lang='lat' dir='ltr'><strong>homilia</strong></span> <span class='ocrx_word' id='word_1_342' title='bbox 2788 3226 2875 3279; x_wconf 89' lang='lat' dir='ltr'><strong>illa</strong></span> <span class='ocrx_word' id='word_1_343' title='bbox 2912 3226 2978 3280; x_wconf 90' lang='lat' dir='ltr'><strong>de</strong></span> <span class='ocrx_word' id='word_1_344' title='bbox 3015 3225 3141 3280; x_wconf 85' lang='lat' dir='ltr'><strong>ﬁliis</strong></span> <span class='ocrx_word' id='word_1_345' title='bbox 3173 3224 3426 3279; x_wconf 71' lang='lat' dir='ltr'><strong>Zcbedzei</strong></span> <span class='ocrx_word' id='word_1_346' title='bbox 3474 3226 3627 3280; x_wconf 78' lang='lat' dir='ltr'><strong>dicta</strong></span> <span class='ocrx_word' id='word_1_347' title='bbox 3668 3224 3738 3276; x_wconf 76' lang='lat' dir='ltr'><strong>imi</strong></span> 
     </span>
    </p>
   </div>
   <div class='ocr_carea' id='block_1_50' title="bbox 2181 3325 3738 3399">
    <p class='ocr_par' dir='ltr' id='par_1_50' title="bbox 2181 3325 3738 3399">
     <span class='ocr_line' id='line_1_50' title="bbox 2181 3325 3738 3399; baseline -0.004 -16"><span class='ocrx_word' id='word_1_348' title='bbox 2181 3337 2305 3399; x_wconf 89' lang='lat' dir='ltr'><strong>post</strong></span> <span class='ocrx_word' id='word_1_349' title='bbox 2336 3328 2613 3382; x_wconf 83' lang='lat' dir='ltr'><strong>bomiliam</strong></span> <span class='ocrx_word' id='word_1_350' title='bbox 2646 3327 2711 3382; x_wconf 74' lang='lat' dir='ltr'><strong>de</strong></span> <span class='ocrx_word' id='word_1_351' title='bbox 2739 3326 3197 3380; x_wconf 89' lang='lat' dir='ltr'><strong>Consubstantiali</strong></span> <span class='ocrx_word' id='word_1_352' title='bbox 3229 3326 3376 3380; x_wconf 89' lang='lat' dir='ltr'><strong>ludis</strong></span> <span class='ocrx_word' id='word_1_353' title='bbox 3411 3325 3738 3381; x_wconf 69' lang='lat' dir='ltr'><strong>Circensibus</strong></span> 
     </span>
    </p>
   </div>
   <div class='ocr_carea' id='block_1_51' title="bbox 2182 3426 3739 3496">
    <p class='ocr_par' dir='ltr' id='par_1_51' title="bbox 2182 3426 3739 3496">
     <span class='ocr_line' id='line_1_51' title="bbox 2182 3426 3739 3496; baseline -0.001 -16"><span class='ocrx_word' id='word_1_354' title='bbox 2182 3441 2329 3480; x_wconf 85' lang='lat' dir='ltr'><strong>anno</strong></span> <span class='ocrx_word' id='word_1_355' title='bbox 2362 3426 2467 3481; x_wconf 77' lang='lat'><strong>387</strong></span> <span class='ocrx_word' id='word_1_356' title='bbox 2500 3426 2761 3491; x_wconf 81' lang='lat' dir='ltr'><strong>habitam,</strong></span> <span class='ocrx_word' id='word_1_357' title='bbox 2795 3427 3003 3481; x_wconf 81' lang='lat' dir='ltr'><strong>scilicet</strong></span> <span class='ocrx_word' id='word_1_358' title='bbox 3029 3427 3116 3481; x_wconf 92' lang='lat' dir='ltr'><strong>die</strong></span> <span class='ocrx_word' id='word_1_359' title='bbox 3151 3427 3309 3481; x_wconf 89' lang='lat' dir='ltr'><strong>tertia</strong></span> <span class='ocrx_word' id='word_1_360' title='bbox 3344 3427 3431 3480; x_wconf 89' lang='lat' dir='ltr'><strong>vel</strong></span> <span class='ocrx_word' id='word_1_361' title='bbox 3461 3438 3662 3496; x_wconf 83' lang='lat' dir='ltr'><strong>quarta</strong></span> <span class='ocrx_word' id='word_1_362' title='bbox 3682 3428 3739 3478; x_wconf 73' lang='lat' dir='ltr'><strong>ul</strong></span> 
     </span>
    </p>
   </div>
   <div class='ocr_carea' id='block_1_52' title="bbox 2184 3526 3741 3596">
    <p class='ocr_par' dir='ltr' id='par_1_52' title="bbox 2184 3526 3741 3596">
     <span class='ocr_line' id='line_1_52' title="bbox 2184 3526 3741 3596; baseline 0.001 -15"><span class='ocrx_word' id='word_1_363' title='bbox 2184 3528 2370 3596; x_wconf 88' lang='lat' dir='ltr'><strong>quinta</strong></span> <span class='ocrx_word' id='word_1_364' title='bbox 2414 3526 2659 3582; x_wconf 81' lang='lat' dir='ltr'><strong>Januarii</strong></span> <span class='ocrx_word' id='word_1_365' title='bbox 2709 3546 2723 3581; x_wconf 91' lang='lat'><strong>:</strong></span> <span class='ocrx_word' id='word_1_366' title='bbox 2760 3544 2884 3582; x_wconf 89' lang='lat' dir='ltr'><strong>nam</strong></span> <span class='ocrx_word' id='word_1_367' title='bbox 2930 3528 3015 3583; x_wconf 86' lang='lat' dir='ltr'><strong>his</strong></span> <span class='ocrx_word' id='word_1_368' title='bbox 3064 3528 3254 3583; x_wconf 90' lang='lat' dir='ltr'><strong>diebus</strong></span> <span class='ocrx_word' id='word_1_369' title='bbox 3319 3529 3439 3583; x_wconf 88' lang='lat' dir='ltr'><strong>ludi</strong></span> <span class='ocrx_word' id='word_1_370' title='bbox 3480 3531 3741 3585; x_wconf 61' lang='lat' dir='ltr'><strong>Circenses</strong></span> 
     </span>
    </p>
   </div>
   <div class='ocr_carea' id='block_1_53' title="bbox 2186 3628 3739 3700">
    <p class='ocr_par' dir='ltr' id='par_1_53' title="bbox 2186 3628 3739 3700">
     <span class='ocr_line' id='line_1_53' title="bbox 2186 3628 3739 3700; baseline 0 -17"><span class='ocrx_word' id='word_1_371' title='bbox 2186 3629 2529 3700; x_wconf 76' lang='lat' dir='ltr'><strong>agebantur;</strong></span> <span class='ocrx_word' id='word_1_372' title='bbox 2584 3639 2748 3698; x_wconf 89' lang='lat' dir='ltr'><strong>atque</strong></span> <span class='ocrx_word' id='word_1_373' title='bbox 2801 3629 2936 3682; x_wconf 87' lang='lat' dir='ltr'><strong>adeo</strong></span> <span class='ocrx_word' id='word_1_374' title='bbox 2967 3643 3072 3681; x_wconf 93' lang='lat' dir='ltr'><strong>non</strong></span> <span class='ocrx_word' id='word_1_375' title='bbox 3124 3628 3301 3697; x_wconf 90' lang='lat' dir='ltr'><strong>potuit</strong></span> <span class='ocrx_word' id='word_1_376' title='bbox 3360 3629 3455 3683; x_wconf 92' lang='lat' dir='ltr'><strong>die</strong></span> <span class='ocrx_word' id='word_1_377' title='bbox 3522 3631 3739 3699; x_wconf 72' lang='lat' dir='ltr'><strong>ejusdem</strong></span> 
     </span>
    </p>
   </div>
   <div class='ocr_carea' id='block_1_54' title="bbox 2185 3720 3741 3800">
    <p class='ocr_par' dir='ltr' id='par_1_54' title="bbox 2185 3720 3741 3800">
     <span class='ocr_line' id='line_1_54' title="bbox 2185 3720 3741 3800; baseline -0.001 -14"><span class='ocrx_word' id='word_1_378' title='bbox 2185 3733 2314 3786; x_wconf 88' lang='lat' dir='ltr'><strong>anni</strong></span> <span class='ocrx_word' id='word_1_379' title='bbox 2347 3732 2523 3800; x_wconf 91' lang='lat' dir='ltr'><strong>primo</strong></span> <span class='ocrx_word' id='word_1_380' title='bbox 2567 3730 2723 3799; x_wconf 88' lang='lat' dir='ltr'><strong>quasi</strong></span> <span class='ocrx_word' id='word_1_381' title='bbox 2772 3731 2884 3799; x_wconf 88' lang='lat' dir='ltr'><strong>jam</strong></span> <span class='ocrx_word' id='word_1_382' title='bbox 2938 3730 3119 3784; x_wconf 86' lang='lat' dir='ltr'><strong>habita</strong></span> <span class='ocrx_word' id='word_1_383' title='bbox 3175 3732 3506 3785; x_wconf 86' lang='lat' dir='ltr'><strong>memorari.</strong></span> <span class='ocrx_word' id='word_1_384' title='bbox 3576 3720 3741 3785; x_wconf 65' lang='grc' dir='ltr'><strong>Μιτυξί</strong></span> 
     </span>
    </p>
   </div>
   <div class='ocr_carea' id='block_1_55' title="bbox 509 3829 2075 3927">
    <p class='ocr_par' dir='ltr' id='par_1_55' title="bbox 509 3853 2075 3927">
     <span class='ocr_line' id='line_1_55' title="bbox 509 3853 2075 3927; baseline -0.004 -13"><span class='ocrx_word' id='word_1_385' title='bbox 509 3860 716 3914; x_wconf 92' lang='lat' dir='ltr'><strong>doctor.</strong></span> <span class='ocrx_word' id='word_1_386' title='bbox 758 3858 1018 3914; x_wconf 88' lang='lat' dir='ltr'><strong>Libanius</strong></span> <span class='ocrx_word' id='word_1_387' title='bbox 1048 3872 1211 3927; x_wconf 91' lang='lat' dir='ltr'><strong>porro</strong></span> <span class='ocrx_word' id='word_1_388' title='bbox 1239 3855 1555 3927; x_wconf 89' lang='lat' dir='ltr'><strong>opusculum</strong></span> <span class='ocrx_word' id='word_1_389' title='bbox 1588 3854 1757 3909; x_wconf 88' lang='lat' dir='ltr'><strong>edidit</strong></span> <span class='ocrx_word' id='word_1_390' title='bbox 1794 3855 1848 3907; x_wconf 88' lang='lat' dir='ltr'><strong>in</strong></span> <span class='ocrx_word' id='word_1_391' title='bbox 1873 3853 2075 3907; x_wconf 83' lang='lat' dir='ltr'><strong>Kalen-</strong></span> 
     </span>
    </p>
   </div>
   <div class='ocr_carea' id='block_1_56' title="bbox 2182 3829 3739 3927">
    <p class='ocr_par' dir='ltr' id='par_1_56' title="bbox 2184 3829 3739 3902">
     <span class='ocr_line' id='line_1_56' title="bbox 2184 3829 3739 3902; baseline -0.001 -17"><span class='ocrx_word' id='word_1_392' title='bbox 2184 3847 2346 3902; x_wconf 89' lang='lat' dir='ltr'><strong>porro</strong></span> <span class='ocrx_word' id='word_1_393' title='bbox 2381 3829 2761 3886; x_wconf 84' lang='lat' dir='ltr'><strong>Tillcmontius</strong></span> <span class='ocrx_word' id='word_1_394' title='bbox 2813 3831 2965 3885; x_wconf 81' lang='lat' dir='ltr'><strong>Pauli</strong></span> <span class='ocrx_word' id='word_1_395' title='bbox 2999 3832 3128 3885; x_wconf 89' lang='lat' dir='ltr'><strong>illud</strong></span> <span class='ocrx_word' id='word_1_396' title='bbox 3178 3833 3498 3887; x_wconf 88' lang='lat' dir='ltr'><strong>encomium</strong></span> <span class='ocrx_word' id='word_1_397' title='bbox 3540 3850 3662 3887; x_wconf 75' lang='lat' dir='ltr'><strong>esse</strong></span> <span class='ocrx_word' id='word_1_398' title='bbox 3706 3835 3739 3883; x_wconf 71' lang='lat' dir='ltr'><strong>is</strong></span> 
     </span>
    </p>
   </div>
   <div class='ocr_carea' id='block_1_57' title="bbox 511 3954 2073 4027">
    <p class='ocr_par' dir='ltr' id='par_1_57' title="bbox 511 3954 2073 4027">
     <span class='ocr_line' id='line_1_57' title="bbox 511 3954 2073 4027; baseline -0.003 -16"><span class='ocrx_word' id='word_1_399' title='bbox 511 3959 607 4012; x_wconf 74' lang='lat' dir='ltr'><strong>das</strong></span> <span class='ocrx_word' id='word_1_400' title='bbox 639 3959 995 4027; x_wconf 89' lang='lat' dir='ltr'><strong>inscriptum,</strong></span> <span class='ocrx_word' id='word_1_401' title='bbox 1028 3957 1122 4012; x_wconf 92' lang='lat' dir='ltr'><strong>ubi</strong></span> <span class='ocrx_word' id='word_1_402' title='bbox 1156 3972 1265 4026; x_wconf 92' lang='lat' dir='ltr'><strong>quo</strong></span> <span class='ocrx_word' id='word_1_403' title='bbox 1300 3956 1407 4009; x_wconf 87' lang='lat' dir='ltr'><strong>ritu</strong></span> <span class='ocrx_word' id='word_1_404' title='bbox 1439 3954 1693 4009; x_wconf 67' lang='lat' dir='ltr'><strong>Kalendae</strong></span> <span class='ocrx_word' id='word_1_405' title='bbox 1739 3954 1929 4008; x_wconf 84' lang='lat' dir='ltr'><strong>ﬁerent</strong></span> <span class='ocrx_word' id='word_1_406' title='bbox 1966 3954 2073 4007; x_wconf 84' lang='lat' dir='ltr'><strong>mi-</strong></span> 
     </span>
    </p>
   </div>
   <div class='ocr_carea' id='block_1_58' title="bbox 512 4053 2081 4126">
    <p class='ocr_par' dir='ltr' id='par_1_58' title="bbox 512 4053 2081 4126">
     <span class='ocr_line' id='line_1_58' title="bbox 512 4053 2081 4126; baseline -0.004 -14"><span class='ocrx_word' id='word_1_407' title='bbox 512 4059 743 4113; x_wconf 88' lang='lat' dir='ltr'><strong>nutatim</strong></span> <span class='ocrx_word' id='word_1_408' title='bbox 763 4058 1044 4121; x_wconf 90' lang='lat' dir='ltr'><strong>describit,</strong></span> <span class='ocrx_word' id='word_1_409' title='bbox 1069 4057 1251 4126; x_wconf 92' lang='lat' dir='ltr'><strong>aitque</strong></span> <span class='ocrx_word' id='word_1_410' title='bbox 1278 4070 1443 4110; x_wconf 90' lang='lat' dir='ltr'><strong>unam</strong></span> <span class='ocrx_word' id='word_1_411' title='bbox 1469 4054 1828 4121; x_wconf 88' lang='lat' dir='ltr'><strong>eamdemque</strong></span> <span class='ocrx_word' id='word_1_412' title='bbox 1858 4053 2081 4107; x_wconf 88' lang='lat' dir='ltr'><strong>celebri-</strong></span> 
     </span>
    </p>
   </div>
   <div class='ocr_carea' id='block_1_59' title="bbox 513 4152 2081 4226">
    <p class='ocr_par' dir='ltr' id='par_1_59' title="bbox 513 4152 2081 4226">
     <span class='ocr_line' id='line_1_59' title="bbox 513 4152 2081 4226; baseline -0.003 -15"><span class='ocrx_word' id='word_1_413' title='bbox 513 4166 677 4211; x_wconf 85' lang='lat' dir='ltr'><strong>tatem</strong></span> <span class='ocrx_word' id='word_1_414' title='bbox 713 4172 805 4226; x_wconf 88' lang='lat' dir='ltr'><strong>per</strong></span> <span class='ocrx_word' id='word_1_415' title='bbox 846 4167 1020 4212; x_wconf 93' lang='lat' dir='ltr'><strong>totum</strong></span> <span class='ocrx_word' id='word_1_416' title='bbox 1062 4156 1368 4210; x_wconf 78' lang='lat' dir='ltr'><strong>Romanum</strong></span> <span class='ocrx_word' id='word_1_417' title='bbox 1422 4153 1710 4223; x_wconf 88' lang='lat' dir='ltr'><strong>imperium</strong></span> <span class='ocrx_word' id='word_1_418' title='bbox 1764 4152 1952 4206; x_wconf 86' lang='lat' dir='ltr'><strong>eadem</strong></span> <span class='ocrx_word' id='word_1_419' title='bbox 1994 4152 2081 4208; x_wconf 90' lang='lat' dir='ltr'><strong>die</strong></span> 
     </span>
    </p>
   </div>
   <div class='ocr_carea' id='block_1_60' title="bbox 516 4255 2081 4332">
    <p class='ocr_par' dir='ltr' id='par_1_60' title="bbox 516 4255 2081 4332">
     <span class='ocr_line' id='line_1_60' title="bbox 516 4255 2081 4332; baseline -0.004 -18"><span class='ocrx_word' id='word_1_420' title='bbox 516 4261 620 4328; x_wconf 74' lang='lat' dir='ltr'><strong>agi,</strong></span> <span class='ocrx_word' id='word_1_421' title='bbox 648 4260 775 4330; x_wconf 79' lang='grc' dir='ltr'>μίαν</span> <span class='ocrx_word' id='word_1_422' title='bbox 798 4259 854 4312; x_wconf 77' lang='grc' dir='ltr'><strong>δὲ</strong></span> <span class='ocrx_word' id='word_1_423' title='bbox 880 4255 996 4313; x_wconf 77' lang='grc' dir='ltr'>οἶδα</span> <span class='ocrx_word' id='word_1_424' title='bbox 1054 4259 1234 4332; x_wconf 80' lang='grc' dir='ltr'>κοινὴν</span> <span class='ocrx_word' id='word_1_425' title='bbox 1270 4259 1521 4312; x_wconf 83' lang='grc' dir='ltr'>ἁπάντων</span> <span class='ocrx_word' id='word_1_426' title='bbox 1544 4256 1730 4308; x_wconf 84' lang='grc' dir='ltr'>ὁπόσοι</span> <span class='ocrx_word' id='word_1_427' title='bbox 1764 4255 1929 4319; x_wconf 79' lang='grc' dir='ltr'>ζῶσιν</span> <span class='ocrx_word' id='word_1_428' title='bbox 1975 4256 2081 4309; x_wconf 76' lang='grc' dir='ltr'><strong>ὑπὸ</strong></span> 
     </span>
    </p>
   </div>
   <div class='ocr_carea' id='block_1_61' title="bbox 516 4356 2080 4431">
    <p class='ocr_par' dir='ltr' id='par_1_61' title="bbox 516 4356 2080 4431">
     <span class='ocr_line' id='line_1_61' title="bbox 516 4356 2080 4431; baseline -0.002 -19"><span class='ocrx_word' id='word_1_429' title='bbox 516 4361 612 4430; x_wconf 79' lang='grc' dir='ltr'><strong>τὴν</strong></span> <span class='ocrx_word' id='word_1_430' title='bbox 628 4358 914 4431; x_wconf 75' lang='grc' dir='ltr'>Ῥωμαίων</span> <span class='ocrx_word' id='word_1_431' title='bbox 958 4359 1130 4429; x_wconf 83' lang='grc' dir='ltr'>ἀρχήν</span> <span class='ocrx_word' id='word_1_432' title='bbox 1154 4376 1166 4388; x_wconf 72' lang='grc' dir='ltr'><strong>ο</strong></span> <span class='ocrx_word' id='word_1_433' title='bbox 1199 4359 1443 4427; x_wconf 84' lang='grc' dir='ltr'>γίγνεται</span> <span class='ocrx_word' id='word_1_434' title='bbox 1473 4360 1529 4413; x_wconf 89' lang='grc' dir='ltr'><strong>δὲ</strong></span> <span class='ocrx_word' id='word_1_435' title='bbox 1560 4358 1808 4413; x_wconf 76' lang='grc' dir='ltr'><strong>ἐνιαυτοῦ</strong></span> <span class='ocrx_word' id='word_1_436' title='bbox 1848 4358 1941 4411; x_wconf 77' lang='grc' dir='ltr'><strong>τοῦ</strong></span> <span class='ocrx_word' id='word_1_437' title='bbox 1980 4356 2080 4427; x_wconf 79' lang='grc' dir='ltr'><strong>μὲν</strong></span> 
     </span>
    </p>
   </div>
   <div class='ocr_carea' id='block_1_62' title="bbox 516 4456 2081 4538">
    <p class='ocr_par' dir='ltr' id='par_1_62' title="bbox 516 4456 2081 4538">
     <span class='ocr_line' id='line_1_62' title="bbox 516 4456 2081 4538; baseline -0.001 -27"><span class='ocrx_word' id='word_1_438' title='bbox 516 4457 1015 4538; x_wconf 63' lang='grc' dir='ltr'><strong>πεπαυμένῳ,τοῦ</strong></span> <span class='ocrx_word' id='word_1_439' title='bbox 1057 4458 1113 4511; x_wconf 80' lang='grc' dir='ltr'><strong>δὲ</strong></span> <span class='ocrx_word' id='word_1_440' title='bbox 1159 4458 1483 4529; x_wconf 82' lang='grc' dir='ltr'><strong>ἀρχομένου.</strong></span> <span class='ocrx_word' id='word_1_441' title='bbox 1542 4458 1726 4528; x_wconf 86' lang='lat' dir='ltr'><strong>Itaque</strong></span> <span class='ocrx_word' id='word_1_442' title='bbox 1773 4457 1840 4511; x_wconf 88' lang='lat' dir='ltr'><strong>de</strong></span> <span class='ocrx_word' id='word_1_443' title='bbox 1897 4456 1984 4510; x_wconf 81' lang='lat' dir='ltr'><strong>die</strong></span> <span class='ocrx_word' id='word_1_444' title='bbox 2017 4470 2081 4509; x_wconf 88' lang='lat' dir='ltr'><strong>ac</strong></span> 
     </span>
    </p>
   </div>
   <div class='ocr_carea' id='block_1_63' title="bbox 486 4558 2081 4627">
    <p class='ocr_par' dir='ltr' id='par_1_63' title="bbox 486 4558 2081 4627">
     <span class='ocr_line' id='line_1_63' title="bbox 486 4558 2081 4627; baseline 0.001 -14"><span class='ocrx_word' id='word_1_445' title='bbox 486 4576 707 4627; x_wconf 12' lang='lat' dir='ltr'><strong>‘Aiiiense</strong></span> <span class='ocrx_word' id='word_1_446' title='bbox 734 4559 879 4613; x_wconf 89' lang='lat' dir='ltr'><strong>nulla</strong></span> <span class='ocrx_word' id='word_1_447' title='bbox 909 4558 1118 4613; x_wconf 83' lang='lat' dir='ltr'><strong>videtur</strong></span> <span class='ocrx_word' id='word_1_448' title='bbox 1168 4558 1397 4627; x_wconf 74' lang='lat' dir='ltr'><strong>quaestio</strong></span> <span class='ocrx_word' id='word_1_449' title='bbox 1439 4559 1646 4613; x_wconf 88' lang='lat' dir='ltr'><strong>moveri</strong></span> <span class='ocrx_word' id='word_1_450' title='bbox 1686 4574 1877 4625; x_wconf 81' lang='lat' dir='ltr'><strong>posse:</strong></span> <span class='ocrx_word' id='word_1_451' title='bbox 1921 4574 2081 4615; x_wconf 83' lang='lat' dir='ltr'><strong>secus</strong></span> 
     </span>
    </p>
   </div>
   <div class='ocr_carea' id='block_1_64' title="bbox 474 4636 2083 4729">
    <p class='ocr_par' dir='ltr' id='par_1_64' title="bbox 474 4636 2083 4729">
     <span class='ocr_line' id='line_1_64' title="bbox 474 4636 2083 4729; baseline -0.001 -16"><span class='ocrx_word' id='word_1_452' title='bbox 474 4636 493 4653; x_wconf 57' lang='grc'><em>’</em></span> <span class='ocrx_word' id='word_1_453' title='bbox 521 4668 701 4712; x_wconf 90' lang='lat' dir='ltr'><strong>autem</strong></span> <span class='ocrx_word' id='word_1_454' title='bbox 736 4658 802 4713; x_wconf 92' lang='lat' dir='ltr'><strong>de</strong></span> <span class='ocrx_word' id='word_1_455' title='bbox 852 4673 1015 4716; x_wconf 87' lang='lat' dir='ltr'><strong>anno.</strong></span> <span class='ocrx_word' id='word_1_456' title='bbox 1058 4671 1219 4725; x_wconf 91' lang='lat' dir='ltr'><strong>quem</strong></span> <span class='ocrx_word' id='word_1_457' title='bbox 1274 4673 1343 4712; x_wconf 89' lang='lat' dir='ltr'><strong>ne</strong></span> <span class='ocrx_word' id='word_1_458' title='bbox 1381 4658 1711 4728; x_wconf 88' lang='lat' dir='ltr'><strong>conjecturis</strong></span> <span class='ocrx_word' id='word_1_459' title='bbox 1741 4659 1960 4729; x_wconf 88' lang='lat' dir='ltr'><strong>quidem</strong></span> <span class='ocrx_word' id='word_1_460' title='bbox 1998 4667 2083 4713; x_wconf 90' lang='lat' dir='ltr'><strong>sat</strong></span> 
     </span>
    </p>
   </div>
   <div class='ocr_carea' id='block_1_65' title="bbox 519 4756 2082 4827">
    <p class='ocr_par' dir='ltr' id='par_1_65' title="bbox 519 4756 2082 4827">
     <span class='ocr_line' id='line_1_65' title="bbox 519 4756 2082 4827; baseline -0.001 -15"><span class='ocrx_word' id='word_1_461' title='bbox 519 4757 893 4827; x_wconf 86' lang='lat' dir='ltr'><strong>probabilibus</strong></span> <span class='ocrx_word' id='word_1_462' title='bbox 924 4756 1187 4826; x_wconf 81' lang='lat' dir='ltr'><strong>assignari</strong></span> <span class='ocrx_word' id='word_1_463' title='bbox 1224 4771 1383 4823; x_wconf 86' lang='lat' dir='ltr'><strong>posse</strong></span> <span class='ocrx_word' id='word_1_464' title='bbox 1408 4766 1685 4826; x_wconf 91' lang='lat' dir='ltr'><strong>putamus.</strong></span> <span class='ocrx_word' id='word_1_465' title='bbox 1730 4757 2082 4811; x_wconf 85' lang='lat' dir='ltr'><strong>llcrmantius</strong></span> 
     </span>
    </p>
   </div>
   <div class='ocr_carea' id='block_1_66' title="bbox 525 4854 2085 4923">
    <p class='ocr_par' dir='ltr' id='par_1_66' title="bbox 525 4854 2085 4923">
     <span class='ocr_line' id='line_1_66' title="bbox 525 4854 2085 4923; baseline -0.001 -12"><span class='ocrx_word' id='word_1_466' title='bbox 525 4856 885 4912; x_wconf 86' lang='lat' dir='ltr'><strong>subodoratur</strong></span> <span class='ocrx_word' id='word_1_467' title='bbox 922 4854 975 4907; x_wconf 90' lang='lat' dir='ltr'><strong>in</strong></span> <span class='ocrx_word' id='word_1_468' title='bbox 1011 4855 1239 4923; x_wconf 90' lang='lat' dir='ltr'><strong>primam</strong></span> <span class='ocrx_word' id='word_1_469' title='bbox 1289 4854 1432 4909; x_wconf 91' lang='lat' dir='ltr'><strong>diem</strong></span> <span class='ocrx_word' id='word_1_470' title='bbox 1481 4856 1610 4909; x_wconf 86' lang='lat' dir='ltr'><strong>anni</strong></span> <span class='ocrx_word' id='word_1_471' title='bbox 1654 4855 1755 4908; x_wconf 74' lang='lat'><strong>387</strong></span> <span class='ocrx_word' id='word_1_472' title='bbox 1802 4856 2085 4910; x_wconf 74' lang='lat' dir='ltr'><strong>conferen—</strong></span> 
     </span>
    </p>
   </div>
   <div class='ocr_carea' id='block_1_67' title="bbox 519 4954 2084 5024">
    <p class='ocr_par' dir='ltr' id='par_1_67' title="bbox 519 4954 2084 5024">
     <span class='ocr_line' id='line_1_67' title="bbox 519 4954 2084 5024; baseline -0.003 -13"><span class='ocrx_word' id='word_1_473' title='bbox 519 4959 642 5011; x_wconf 89' lang='lat' dir='ltr'><strong>dam</strong></span> <span class='ocrx_word' id='word_1_474' title='bbox 690 4957 833 5009; x_wconf 88' lang='lat' dir='ltr'><strong>hanc</strong></span> <span class='ocrx_word' id='word_1_475' title='bbox 891 4954 1168 5008; x_wconf 85' lang='lat' dir='ltr'><strong>homiliam</strong></span> <span class='ocrx_word' id='word_1_476' title='bbox 1224 4969 1363 5019; x_wconf 91' lang='lat' dir='ltr'><strong>esse,</strong></span> <span class='ocrx_word' id='word_1_477' title='bbox 1416 4954 1545 5023; x_wconf 90' lang='lat' dir='ltr'><strong>quia</strong></span> <span class='ocrx_word' id='word_1_478' title='bbox 1593 4964 1715 5024; x_wconf 83' lang='lat' dir='ltr'><strong>post</strong></span> <span class='ocrx_word' id='word_1_479' title='bbox 1771 4957 2084 5009; x_wconf 88' lang='lat' dir='ltr'><strong>encomium</strong></span> 
     </span>
    </p>
   </div>
   <div class='ocr_carea' id='block_1_68' title="bbox 522 5054 2084 5127">
    <p class='ocr_par' dir='ltr' id='par_1_68' title="bbox 522 5054 2084 5127">
     <span class='ocr_line' id='line_1_68' title="bbox 522 5054 2084 5127; baseline -0.001 -14"><span class='ocrx_word' id='word_1_480' title='bbox 522 5058 739 5127; x_wconf 81' lang='lat' dir='ltr'><strong>aliquod</strong></span> <span class='ocrx_word' id='word_1_481' title='bbox 770 5056 947 5111; x_wconf 86' lang='lat' dir='ltr'><strong>sancti</strong></span> <span class='ocrx_word' id='word_1_482' title='bbox 978 5054 1129 5110; x_wconf 82' lang='lat' dir='ltr'><strong>Pauli</strong></span> <span class='ocrx_word' id='word_1_483' title='bbox 1167 5056 1349 5111; x_wconf 87' lang='lat' dir='ltr'><strong>habita</strong></span> <span class='ocrx_word' id='word_1_484' title='bbox 1398 5065 1500 5111; x_wconf 82' lang='lat' dir='ltr'><strong>est.</strong></span> <span class='ocrx_word' id='word_1_485' title='bbox 1562 5055 1698 5110; x_wconf 88' lang='lat' dir='ltr'><strong>Illud</strong></span> <span class='ocrx_word' id='word_1_486' title='bbox 1739 5068 1940 5122; x_wconf 87' lang='lat' dir='ltr'><strong>autem,</strong></span> <span class='ocrx_word' id='word_1_487' title='bbox 1991 5059 2084 5123; x_wconf 90' lang='lat' dir='ltr'><strong>ait,</strong></span> 
     </span>
    </p>
   </div>
   <div class='ocr_carea' id='block_1_69' title="bbox 522 5156 2089 5227">
    <p class='ocr_par' dir='ltr' id='par_1_69' title="bbox 522 5156 2089 5227">
     <span class='ocr_line' id='line_1_69' title="bbox 522 5156 2089 5227; baseline -0.001 -14"><span class='ocrx_word' id='word_1_488' title='bbox 522 5160 832 5213; x_wconf 82' lang='lat' dir='ltr'><strong>encomium</strong></span> <span class='ocrx_word' id='word_1_489' title='bbox 861 5157 1096 5226; x_wconf 91' lang='lat' dir='ltr'><strong>idipsum</strong></span> <span class='ocrx_word' id='word_1_490' title='bbox 1128 5157 1340 5210; x_wconf 91' lang='lat' dir='ltr'><strong>videtur</strong></span> <span class='ocrx_word' id='word_1_491' title='bbox 1366 5171 1507 5221; x_wconf 84' lang='lat' dir='ltr'><strong>esse,</strong></span> <span class='ocrx_word' id='word_1_492' title='bbox 1542 5157 1684 5225; x_wconf 92' lang='lat' dir='ltr'><strong>quod</strong></span> <span class='ocrx_word' id='word_1_493' title='bbox 1736 5156 1966 5227; x_wconf 71' lang='lat' dir='ltr'><strong>legimus</strong></span> <span class='ocrx_word' id='word_1_494' title='bbox 1998 5173 2089 5211; x_wconf 89' lang='lat' dir='ltr'><strong>su-</strong></span> 
     </span>
    </p>
   </div>
   <div class='ocr_carea' id='block_1_70' title="bbox 524 5258 2084 5330">
    <p class='ocr_par' dir='ltr' id='par_1_70' title="bbox 524 5258 2084 5330">
     <span class='ocr_line' id='line_1_70' title="bbox 524 5258 2084 5330; baseline -0.002 -15"><span class='ocrx_word' id='word_1_495' title='bbox 524 5277 642 5330; x_wconf 67' lang='lat' dir='ltr'><strong>pra,</strong></span> <span class='ocrx_word' id='word_1_496' title='bbox 672 5259 897 5313; x_wconf 82' lang='lat' dir='ltr'><strong>humilia</strong></span> <span class='ocrx_word' id='word_1_497' title='bbox 920 5258 996 5312; x_wconf 82' lang='lat' dir='ltr'><strong>De</strong></span> <span class='ocrx_word' id='word_1_498' title='bbox 1018 5258 1267 5326; x_wconf 79' lang='lat' dir='ltr'><strong>petitione</strong></span> <span class='ocrx_word' id='word_1_499' title='bbox 1296 5258 1529 5328; x_wconf 77' lang='lat' dir='ltr'><strong>ﬁliorum</strong></span> <span class='ocrx_word' id='word_1_500' title='bbox 1556 5258 1815 5324; x_wconf 73' lang='lat' dir='ltr'><strong>Zebedwi,</strong></span> <span class='ocrx_word' id='word_1_501' title='bbox 1849 5276 1997 5313; x_wconf 90' lang='lat' dir='ltr'><strong>num.</strong></span> <span class='ocrx_word' id='word_1_502' title='bbox 2033 5260 2084 5326; x_wconf 78' lang='lat'><strong>3,</strong></span> 
     </span>
    </p>
   </div>
   <div class='ocr_carea' id='block_1_71' title="bbox 526 5357 2089 5430">
    <p class='ocr_par' dir='ltr' id='par_1_71' title="bbox 526 5357 2089 5430">
     <span class='ocr_line' id='line_1_71' title="bbox 526 5357 2089 5430; baseline 0.003 -22"><span class='ocrx_word' id='word_1_503' title='bbox 526 5375 646 5427; x_wconf 71' lang='lat' dir='ltr'><strong>qua:</strong></span> <span class='ocrx_word' id='word_1_504' title='bbox 670 5361 837 5427; x_wconf 82' lang='lat' dir='ltr'><strong>paulo</strong></span> <span class='ocrx_word' id='word_1_505' title='bbox 873 5366 995 5428; x_wconf 87' lang='lat' dir='ltr'><strong>post</strong></span> <span class='ocrx_word' id='word_1_506' title='bbox 1027 5357 1215 5413; x_wconf 83' lang='lat' dir='ltr'><strong>Natale</strong></span> <span class='ocrx_word' id='word_1_507' title='bbox 1263 5359 1389 5411; x_wconf 91' lang='lat' dir='ltr'><strong>anni</strong></span> <span class='ocrx_word' id='word_1_508' title='bbox 1424 5358 1526 5411; x_wconf 80' lang='lat'><strong>586</strong></span> <span class='ocrx_word' id='word_1_509' title='bbox 1573 5360 1686 5413; x_wconf 87' lang='lat' dir='ltr'><strong>sive</strong></span> <span class='ocrx_word' id='word_1_510' title='bbox 1736 5372 1857 5430; x_wconf 87' lang='lat' dir='ltr'><strong>post</strong></span> <span class='ocrx_word' id='word_1_511' title='bbox 1885 5361 1956 5415; x_wconf 70' lang='lat'><strong>25</strong></span> <span class='ocrx_word' id='word_1_512' title='bbox 1987 5360 2089 5413; x_wconf 86' lang='lat' dir='ltr'><strong>De-</strong></span> 
     </span>
    </p>
   </div>
   <div class='ocr_carea' id='block_1_72' title="bbox 532 5457 2089 5529">
    <p class='ocr_par' dir='ltr' id='par_1_72' title="bbox 532 5457 2089 5529">
     <span class='ocr_line' id='line_1_72' title="bbox 532 5457 2089 5529; baseline 0.002 -18"><span class='ocrx_word' id='word_1_513' title='bbox 532 5458 767 5514; x_wconf 82' lang='lat' dir='ltr'><strong>cembris</strong></span> <span class='ocrx_word' id='word_1_514' title='bbox 804 5459 984 5513; x_wconf 87' lang='lat' dir='ltr'><strong>habita</strong></span> <span class='ocrx_word' id='word_1_515' title='bbox 1035 5469 1139 5515; x_wconf 89' lang='lat' dir='ltr'><strong>est.</strong></span> <span class='ocrx_word' id='word_1_516' title='bbox 1168 5457 1368 5513; x_wconf 84' lang='lat' dir='ltr'><strong>Verum</strong></span> <span class='ocrx_word' id='word_1_517' title='bbox 1409 5460 1547 5513; x_wconf 94' lang='lat' dir='ltr'><strong>hanc</strong></span> <span class='ocrx_word' id='word_1_518' title='bbox 1576 5458 1875 5514; x_wconf 82' lang='lat' dir='ltr'><strong>licrmantii</strong></span> <span class='ocrx_word' id='word_1_519' title='bbox 1903 5462 2089 5529; x_wconf 89' lang='lat' dir='ltr'><strong>conje-</strong></span> 
     </span>
    </p>
   </div>
   <div class='ocr_carea' id='block_1_73' title="bbox 531 5558 2088 5631">
    <p class='ocr_par' dir='ltr' id='par_1_73' title="bbox 531 5558 2088 5631">
     <span class='ocr_line' id='line_1_73' title="bbox 531 5558 2088 5631; baseline 0.001 -18"><span class='ocrx_word' id='word_1_520' title='bbox 531 5568 743 5613; x_wconf 85' lang='lat' dir='ltr'><strong>cturam</strong></span> <span class='ocrx_word' id='word_1_521' title='bbox 793 5558 985 5613; x_wconf 90' lang='lat' dir='ltr'><strong>merito</strong></span> <span class='ocrx_word' id='word_1_522' title='bbox 1026 5559 1229 5629; x_wconf 87' lang='lat' dir='ltr'><strong>respuit</strong></span> <span class='ocrx_word' id='word_1_523' title='bbox 1258 5558 1656 5613; x_wconf 85' lang='lat' dir='ltr'><strong>Tillemontius.</strong></span> <span class='ocrx_word' id='word_1_524' title='bbox 1691 5560 1849 5624; x_wconf 73' lang='lat' dir='ltr'><strong>Nam,</strong></span> <span class='ocrx_word' id='word_1_525' title='bbox 1891 5561 2088 5631; x_wconf 91' lang='lat' dir='ltr'><strong>inquit,</strong></span> 
     </span>
    </p>
   </div>
   <div class='ocr_carea' id='block_1_74' title="bbox 537 5658 2079 5729">
    <p class='ocr_par' dir='ltr' id='par_1_74' title="bbox 537 5658 2079 5729">
     <span class='ocr_line' id='line_1_74' title="bbox 537 5658 2079 5729; baseline 0.003 -18"><span class='ocrx_word' id='word_1_526' title='bbox 537 5658 673 5712; x_wconf 84' lang='lat' dir='ltr'><strong>nihil</strong></span> <span class='ocrx_word' id='word_1_527' title='bbox 702 5658 1036 5728; x_wconf 82' lang='lat' dir='ltr'><strong>frequentius</strong></span> <span class='ocrx_word' id='word_1_528' title='bbox 1066 5659 1207 5728; x_wconf 88' lang='lat' dir='ltr'><strong>apud</strong></span> <span class='ocrx_word' id='word_1_529' title='bbox 1238 5658 1686 5729; x_wconf 81' lang='lat' dir='ltr'><strong>Chrysostomum</strong></span> <span class='ocrx_word' id='word_1_530' title='bbox 1717 5659 1870 5715; x_wconf 87' lang='lat' dir='ltr'><strong>Pauli</strong></span> <span class='ocrx_word' id='word_1_531' title='bbox 1903 5662 2079 5716; x_wconf 89' lang='lat' dir='ltr'><strong>laudi-</strong></span> 
     </span>
    </p>
   </div>
   <div class='ocr_carea' id='block_1_75' title="bbox 534 5757 2090 5834">
    <p class='ocr_par' dir='ltr' id='par_1_75' title="bbox 534 5757 2090 5834">
     <span class='ocr_line' id='line_1_75' title="bbox 534 5757 2090 5834; baseline 0.004 -22"><span class='ocrx_word' id='word_1_532' title='bbox 534 5757 637 5812; x_wconf 86' lang='lat' dir='ltr'><strong>bus</strong></span> <span class='ocrx_word' id='word_1_533' title='bbox 662 5767 714 5814; x_wconf 90' lang='lat' dir='ltr'><strong>et</strong></span> <span class='ocrx_word' id='word_1_534' title='bbox 743 5758 1044 5824; x_wconf 87' lang='lat' dir='ltr'><strong>encomiis;</strong></span> <span class='ocrx_word' id='word_1_535' title='bbox 1104 5761 1158 5815; x_wconf 89' lang='lat' dir='ltr'><strong>in</strong></span> <span class='ocrx_word' id='word_1_536' title='bbox 1191 5761 1277 5815; x_wconf 90' lang='lat' dir='ltr'><strong>illa</strong></span> <span class='ocrx_word' id='word_1_537' title='bbox 1324 5777 1451 5816; x_wconf 83' lang='lat' dir='ltr'><strong>vero</strong></span> <span class='ocrx_word' id='word_1_538' title='bbox 1487 5762 1707 5817; x_wconf 85' lang='lat' dir='ltr'><strong>humilia</strong></span> <span class='ocrx_word' id='word_1_539' title='bbox 1767 5763 2090 5834; x_wconf 78' lang='lat' dir='ltr'><strong>Chrysostu-</strong></span> 
     </span>
    </p>
   </div>
   <div class='ocr_carea' id='block_1_76' title="bbox 2187 3930 3739 3995">
    <p class='ocr_par' dir='ltr' id='par_1_76' title="bbox 2187 3930 3739 3995">
     <span class='ocr_line' id='line_1_76' title="bbox 2187 3930 3739 3995; baseline -0.005 -9"><span class='ocrx_word' id='word_1_540' title='bbox 2187 3931 2407 3986; x_wconf 80' lang='lat' dir='ltr'><strong>humilia</strong></span> <span class='ocrx_word' id='word_1_541' title='bbox 2438 3932 2525 3985; x_wconf 89' lang='lat' dir='ltr'><strong>cui</strong></span> <span class='ocrx_word' id='word_1_542' title='bbox 2556 3931 2763 3995; x_wconf 91' lang='lat' dir='ltr'><strong>titulus,</strong></span> <span class='ocrx_word' id='word_1_543' title='bbox 2796 3931 2991 3994; x_wconf 79' lang='lat' dir='ltr'><strong>Quales</strong></span> <span class='ocrx_word' id='word_1_544' title='bbox 3022 3930 3270 3984; x_wconf 64' lang='lat' dir='ltr'><strong>ducendis</strong></span> <span class='ocrx_word' id='word_1_545' title='bbox 3299 3932 3410 3983; x_wconf 81' lang='lat' dir='ltr'><strong>sint</strong></span> <span class='ocrx_word' id='word_1_546' title='bbox 3434 3949 3657 3991; x_wconf 71' lang='lat' dir='ltr'><strong>uxores,</strong></span> <span class='ocrx_word' id='word_1_547' title='bbox 3680 3934 3739 3981; x_wconf 51' lang='lat' dir='ltr'><strong>nl.</strong></span> 
     </span>
    </p>
   </div>
   <div class='ocr_carea' id='block_1_77' title="bbox 2186 4032 3741 4103">
    <p class='ocr_par' dir='ltr' id='par_1_77' title="bbox 2186 4032 3741 4103">
     <span class='ocr_line' id='line_1_77' title="bbox 2186 4032 3741 4103; baseline -0.005 -14"><span class='ocrx_word' id='word_1_548' title='bbox 2186 4035 2376 4089; x_wconf 88' lang='lat' dir='ltr'><strong>doctor</strong></span> <span class='ocrx_word' id='word_1_549' title='bbox 2412 4034 2504 4086; x_wconf 87' lang='lat' dir='ltr'><strong>ille</strong></span> <span class='ocrx_word' id='word_1_550' title='bbox 2535 4034 2773 4103; x_wconf 83' lang='lat' dir='ltr'><strong>gentium</strong></span> <span class='ocrx_word' id='word_1_551' title='bbox 2805 4032 3099 4086; x_wconf 88' lang='lat' dir='ltr'><strong>identidem</strong></span> <span class='ocrx_word' id='word_1_552' title='bbox 3147 4032 3429 4086; x_wconf 89' lang='lat' dir='ltr'><strong>laudatur.</strong></span> <span class='ocrx_word' id='word_1_553' title='bbox 3470 4033 3618 4087; x_wconf 86' lang='lat' dir='ltr'><strong>Cum</strong></span> <span class='ocrx_word' id='word_1_554' title='bbox 3672 4052 3741 4084; x_wconf 61' lang='lat' dir='ltr'><strong>auo</strong></span> 
     </span>
    </p>
   </div>
   <div class='ocr_carea' id='block_1_78' title="bbox 2187 4132 3739 4202">
    <p class='ocr_par' dir='ltr' id='par_1_78' title="bbox 2187 4132 3739 4202">
     <span class='ocr_line' id='line_1_78' title="bbox 2187 4132 3739 4202; baseline -0.005 -14"><span class='ocrx_word' id='word_1_555' title='bbox 2187 4143 2292 4188; x_wconf 90' lang='lat' dir='ltr'><strong>tem</strong></span> <span class='ocrx_word' id='word_1_556' title='bbox 2326 4137 2438 4187; x_wconf 70' lang='lat' dir='ltr'><strong>haec</strong></span> <span class='ocrx_word' id='word_1_557' title='bbox 2481 4133 2699 4185; x_wconf 80' lang='lat' dir='ltr'><strong>humilia</strong></span> <span class='ocrx_word' id='word_1_558' title='bbox 2750 4132 2953 4185; x_wconf 83' lang='lat' dir='ltr'><strong>nullam</strong></span> <span class='ocrx_word' id='word_1_559' title='bbox 2989 4132 3251 4201; x_wconf 88' lang='lat' dir='ltr'><strong>temporis</strong></span> <span class='ocrx_word' id='word_1_560' title='bbox 3306 4142 3500 4185; x_wconf 86' lang='lat' dir='ltr'><strong>notam</strong></span> <span class='ocrx_word' id='word_1_561' title='bbox 3544 4149 3656 4202; x_wconf 66' lang='lat' dir='ltr'><strong>pr:</strong></span> 
     </span>
    </p>
   </div>
   <div class='ocr_carea' id='block_1_79' title="bbox 2189 4233 3738 4305">
    <p class='ocr_par' dir='ltr' id='par_1_79' title="bbox 2189 4233 3738 4305">
     <span class='ocr_line' id='line_1_79' title="bbox 2189 4233 3738 4305; baseline -0.006 -13"><span class='ocrx_word' id='word_1_562' title='bbox 2189 4237 2348 4299; x_wconf 80' lang='lat' dir='ltr'><strong>ferat,</strong></span> <span class='ocrx_word' id='word_1_563' title='bbox 2383 4237 2510 4291; x_wconf 92' lang='lat' dir='ltr'><strong>hinc</strong></span> <span class='ocrx_word' id='word_1_564' title='bbox 2544 4236 2792 4305; x_wconf 81' lang='lat' dir='ltr'><strong>sequitur</strong></span> <span class='ocrx_word' id='word_1_565' title='bbox 2823 4235 3026 4288; x_wconf 91' lang='lat' dir='ltr'><strong>nullam</strong></span> <span class='ocrx_word' id='word_1_566' title='bbox 3055 4233 3178 4287; x_wconf 89' lang='lat' dir='ltr'><strong>inde</strong></span> <span class='ocrx_word' id='word_1_567' title='bbox 3209 4233 3316 4302; x_wconf 88' lang='lat' dir='ltr'><strong>peti</strong></span> <span class='ocrx_word' id='word_1_568' title='bbox 3349 4242 3522 4301; x_wconf 68' lang='lat' dir='ltr'><strong>posSe</strong></span> <span class='ocrx_word' id='word_1_569' title='bbox 3560 4245 3738 4286; x_wconf 81' lang='lat' dir='ltr'><strong>notam.</strong></span> 
     </span>
    </p>
   </div>
   <div class='ocr_carea' id='block_1_80' title="bbox 2192 4332 3741 4407">
    <p class='ocr_par' dir='ltr' id='par_1_80' title="bbox 2192 4332 3741 4407">
     <span class='ocr_line' id='line_1_80' title="bbox 2192 4332 3741 4407; baseline -0.006 -16"><span class='ocrx_word' id='word_1_570' title='bbox 2192 4354 2301 4407; x_wconf 91' lang='lat' dir='ltr'><strong>qua</strong></span> <span class='ocrx_word' id='word_1_571' title='bbox 2334 4338 2569 4391; x_wconf 81' lang='lat' dir='ltr'><strong>homilia:</strong></span> <span class='ocrx_word' id='word_1_572' title='bbox 2607 4336 2673 4391; x_wconf 89' lang='lat' dir='ltr'><strong>de</strong></span> <span class='ocrx_word' id='word_1_573' title='bbox 2707 4332 2962 4390; x_wconf 81' lang='lat' dir='ltr'><strong>Kalendis</strong></span> <span class='ocrx_word' id='word_1_574' title='bbox 2990 4343 3204 4403; x_wconf 91' lang='lat' dir='ltr'><strong>tempus</strong></span> <span class='ocrx_word' id='word_1_575' title='bbox 3227 4342 3285 4387; x_wconf 91' lang='lat' dir='ltr'><strong>et</strong></span> <span class='ocrx_word' id='word_1_576' title='bbox 3313 4350 3499 4387; x_wconf 90' lang='lat' dir='ltr'><strong>annus</strong></span> <span class='ocrx_word' id='word_1_577' title='bbox 3526 4337 3741 4402; x_wconf 69' lang='lat' dir='ltr'><strong>assigne-</strong></span> 
     </span>
    </p>
   </div>
   <div class='ocr_carea' id='block_1_81' title="bbox 2191 4433 3739 4502">
    <p class='ocr_par' dir='ltr' id='par_1_81' title="bbox 2191 4433 3739 4502">
     <span class='ocr_line' id='line_1_81' title="bbox 2191 4433 3739 4502; baseline -0.006 -10"><span class='ocrx_word' id='word_1_578' title='bbox 2191 4449 2297 4492; x_wconf 92' lang='lat' dir='ltr'><strong>tur.</strong></span> <span class='ocrx_word' id='word_1_579' title='bbox 2336 4435 2406 4491; x_wconf 91' lang='lat' dir='ltr'><strong>Ut</strong></span> <span class='ocrx_word' id='word_1_580' title='bbox 2436 4436 2783 4491; x_wconf 83' lang='lat' dir='ltr'><strong>Tillemontio</strong></span> <span class='ocrx_word' id='word_1_581' title='bbox 2805 4434 3201 4502; x_wconf 89' lang='lat' dir='ltr'><strong>adstipulamur</strong></span> <span class='ocrx_word' id='word_1_582' title='bbox 3225 4433 3433 4487; x_wconf 89' lang='lat' dir='ltr'><strong>dicenti</strong></span> <span class='ocrx_word' id='word_1_583' title='bbox 3468 4449 3581 4487; x_wconf 91' lang='lat' dir='ltr'><strong>non</strong></span> <span class='ocrx_word' id='word_1_584' title='bbox 3614 4448 3739 4501; x_wconf 77' lang='lat' dir='ltr'><strong>posse</strong></span> 
     </span>
    </p>
   </div>
   <div class='ocr_carea' id='block_1_82' title="bbox 2190 4534 3737 4603">
    <p class='ocr_par' dir='ltr' id='par_1_82' title="bbox 2190 4534 3737 4603">
     <span class='ocr_line' id='line_1_82' title="bbox 2190 4534 3737 4603; baseline -0.005 -11"><span class='ocrx_word' id='word_1_585' title='bbox 2190 4553 2290 4592; x_wconf 82' lang='lat' dir='ltr'><strong>nos</strong></span> <span class='ocrx_word' id='word_1_586' title='bbox 2346 4554 2411 4593; x_wconf 80' lang='lat' dir='ltr'><strong>ex</strong></span> <span class='ocrx_word' id='word_1_587' title='bbox 2456 4536 2768 4592; x_wconf 84' lang='lat' dir='ltr'><strong>memoratis</strong></span> <span class='ocrx_word' id='word_1_588' title='bbox 2815 4534 2971 4591; x_wconf 84' lang='lat' dir='ltr'><strong>Pauli</strong></span> <span class='ocrx_word' id='word_1_589' title='bbox 3024 4534 3293 4590; x_wconf 90' lang='lat' dir='ltr'><strong>encomiis</strong></span> <span class='ocrx_word' id='word_1_590' title='bbox 3340 4535 3595 4603; x_wconf 83' lang='lat' dir='ltr'><strong>aliquam</strong></span> <span class='ocrx_word' id='word_1_591' title='bbox 3641 4534 3737 4586; x_wconf 64' lang='lat' dir='ltr'><strong>anisi</strong></span> 
     </span>
    </p>
   </div>
   <div class='ocr_carea' id='block_1_83' title="bbox 2184 4636 3740 4703">
    <p class='ocr_par' dir='ltr' id='par_1_83' title="bbox 2184 4636 3740 4703">
     <span class='ocr_line' id='line_1_83' title="bbox 2184 4636 3740 4703; baseline -0.004 -12"><span class='ocrx_word' id='word_1_592' title='bbox 2184 4648 2372 4691; x_wconf 79' lang='lat' dir='ltr'><strong>notam</strong></span> <span class='ocrx_word' id='word_1_593' title='bbox 2404 4638 2667 4701; x_wconf 86' lang='lat' dir='ltr'><strong>mutuari,</strong></span> <span class='ocrx_word' id='word_1_594' title='bbox 2711 4638 2784 4690; x_wconf 84' lang='lat' dir='ltr'><strong>ita</strong></span> <span class='ocrx_word' id='word_1_595' title='bbox 2814 4636 2891 4689; x_wconf 89' lang='lat' dir='ltr'><strong>illi</strong></span> <span class='ocrx_word' id='word_1_596' title='bbox 2928 4636 3274 4703; x_wconf 87' lang='lat' dir='ltr'><strong>acquiescere</strong></span> <span class='ocrx_word' id='word_1_597' title='bbox 3304 4651 3421 4687; x_wconf 91' lang='lat' dir='ltr'><strong>non</strong></span> <span class='ocrx_word' id='word_1_598' title='bbox 3475 4649 3740 4703; x_wconf 66' lang='lat' dir='ltr'><strong>possumus</strong></span> 
     </span>
    </p>
   </div>
   <div class='ocr_carea' id='block_1_84' title="bbox 2189 4735 3739 4810">
    <p class='ocr_par' dir='ltr' id='par_1_84' title="bbox 2189 4735 3739 4810">
     <span class='ocr_line' id='line_1_84' title="bbox 2189 4735 3739 4810; baseline -0.001 -18"><span class='ocrx_word' id='word_1_599' title='bbox 2189 4739 2401 4810; x_wconf 87' lang='lat' dir='ltr'><strong>putanti</strong></span> <span class='ocrx_word' id='word_1_600' title='bbox 2435 4738 2684 4793; x_wconf 88' lang='lat' dir='ltr'><strong>encomia</strong></span> <span class='ocrx_word' id='word_1_601' title='bbox 2717 4736 2805 4790; x_wconf 91' lang='lat' dir='ltr'><strong>illa</strong></span> <span class='ocrx_word' id='word_1_602' title='bbox 2841 4735 3031 4789; x_wconf 87' lang='lat' dir='ltr'><strong>haberi</strong></span> <span class='ocrx_word' id='word_1_603' title='bbox 3060 4736 3115 4789; x_wconf 92' lang='lat' dir='ltr'><strong>in</strong></span> <span class='ocrx_word' id='word_1_604' title='bbox 3153 4735 3379 4788; x_wconf 88' lang='lat' dir='ltr'><strong>liomilia</strong></span> <span class='ocrx_word' id='word_1_605' title='bbox 3418 4738 3509 4789; x_wconf 84' lang='lat' dir='ltr'><strong>cui</strong></span> <span class='ocrx_word' id='word_1_606' title='bbox 3560 4736 3739 4791; x_wconf 64' lang='lat' dir='ltr'><strong>titulus.</strong></span> 
     </span>
    </p>
   </div>
   <div class='ocr_carea' id='block_1_85' title="bbox 2174 4837 3739 4907">
    <p class='ocr_par' dir='ltr' id='par_1_85' title="bbox 2174 4837 3739 4907">
     <span class='ocr_line' id='line_1_85' title="bbox 2174 4837 3739 4907; baseline -0.006 -13"><span class='ocrx_word' id='word_1_607' title='bbox 2174 4840 2389 4905; x_wconf 77' lang='lat' dir='ltr'><strong>Quales</strong></span> <span class='ocrx_word' id='word_1_608' title='bbox 2421 4840 2672 4893; x_wconf 77' lang='lat' dir='ltr'><strong>ducenda:</strong></span> <span class='ocrx_word' id='word_1_609' title='bbox 2705 4840 2811 4891; x_wconf 87' lang='lat' dir='ltr'><strong>sint</strong></span> <span class='ocrx_word' id='word_1_610' title='bbox 2839 4852 3051 4904; x_wconf 78' lang='lat' dir='ltr'><strong>uxores,</strong></span> <span class='ocrx_word' id='word_1_611' title='bbox 3072 4837 3163 4890; x_wconf 90' lang='lat' dir='ltr'><strong>ubi</strong></span> <span class='ocrx_word' id='word_1_612' title='bbox 3184 4848 3581 4907; x_wconf 82' lang='lat' dir='ltr'><strong>argumentum</strong></span> <span class='ocrx_word' id='word_1_613' title='bbox 3603 4838 3739 4893; x_wconf 72' lang='lat' dir='ltr'><strong>aliud,</strong></span> 
     </span>
    </p>
   </div>
   <div class='ocr_carea' id='block_1_86' title="bbox 2195 4943 3741 5012">
    <p class='ocr_par' dir='ltr' id='par_1_86' title="bbox 2195 4943 3741 5012">
     <span class='ocr_line' id='line_1_86' title="bbox 2195 4943 3741 5012; baseline -0.004 -17"><span class='ocrx_word' id='word_1_614' title='bbox 2195 4960 2358 5012; x_wconf 83' lang='lat' dir='ltr'><strong>quam</strong></span> <span class='ocrx_word' id='word_1_615' title='bbox 2390 4945 2635 4999; x_wconf 88' lang='lat' dir='ltr'><strong>encomia</strong></span> <span class='ocrx_word' id='word_1_616' title='bbox 2667 4944 2842 5008; x_wconf 84' lang='lat' dir='ltr'><strong>Pauli,</strong></span> <span class='ocrx_word' id='word_1_617' title='bbox 2868 4944 3126 4999; x_wconf 90' lang='lat' dir='ltr'><strong>nimirum</strong></span> <span class='ocrx_word' id='word_1_618' title='bbox 3154 4943 3208 4996; x_wconf 90' lang='lat' dir='ltr'><strong>id</strong></span> <span class='ocrx_word' id='word_1_619' title='bbox 3230 4945 3378 5012; x_wconf 87' lang='lat' dir='ltr'><strong>quod</strong></span> <span class='ocrx_word' id='word_1_620' title='bbox 3413 4945 3579 4997; x_wconf 80' lang='lat' dir='ltr'><strong>titulo</strong></span> <span class='ocrx_word' id='word_1_621' title='bbox 3604 4958 3741 4995; x_wconf 66' lang='lat' dir='ltr'><strong>ettan-</strong></span> 
     </span>
    </p>
   </div>
   <div class='ocr_carea' id='block_1_87' title="bbox 2196 5043 3739 5117">
    <p class='ocr_par' dir='ltr' id='par_1_87' title="bbox 2196 5043 3739 5117">
     <span class='ocr_line' id='line_1_87' title="bbox 2196 5043 3739 5117; baseline -0.005 -16"><span class='ocrx_word' id='word_1_622' title='bbox 2196 5048 2383 5111; x_wconf 88' lang='lat' dir='ltr'><strong>tiatur,</strong></span> <span class='ocrx_word' id='word_1_623' title='bbox 2408 5047 2728 5117; x_wconf 86' lang='lat' dir='ltr'><strong>proponitur</strong></span> <span class='ocrx_word' id='word_1_624' title='bbox 2752 5062 2765 5097; x_wconf 90' lang='lat'>:</span> <span class='ocrx_word' id='word_1_625' title='bbox 2792 5043 2994 5099; x_wconf 87' lang='lat' dir='ltr'><strong>Paulus</strong></span> <span class='ocrx_word' id='word_1_626' title='bbox 3027 5059 3156 5099; x_wconf 85' lang='lat' dir='ltr'><strong>vero</strong></span> <span class='ocrx_word' id='word_1_627' title='bbox 3190 5044 3370 5097; x_wconf 88' lang='lat' dir='ltr'><strong>obiter</strong></span> <span class='ocrx_word' id='word_1_628' title='bbox 3398 5053 3617 5098; x_wconf 88' lang='lat' dir='ltr'><strong>tantum</strong></span> <span class='ocrx_word' id='word_1_629' title='bbox 3648 5045 3739 5095; x_wconf 63' lang='lat' dir='ltr'><strong>har:</strong></span> 
     </span>
    </p>
   </div>
   <div class='ocr_carea' id='block_1_88' title="bbox 2196 5142 3739 5211">
    <p class='ocr_par' dir='ltr' id='par_1_88' title="bbox 2196 5142 3739 5211">
     <span class='ocr_line' id='line_1_88' title="bbox 2196 5142 3739 5211; baseline -0.007 -7"><span class='ocrx_word' id='word_1_630' title='bbox 2196 5160 2249 5205; x_wconf 91' lang='lat' dir='ltr'><strong>et</strong></span> <span class='ocrx_word' id='word_1_631' title='bbox 2293 5148 2414 5202; x_wconf 90' lang='lat' dir='ltr'><strong>inde</strong></span> <span class='ocrx_word' id='word_1_632' title='bbox 2449 5147 2720 5200; x_wconf 87' lang='lat' dir='ltr'><strong>laudatur.</strong></span> <span class='ocrx_word' id='word_1_633' title='bbox 2759 5146 2829 5198; x_wconf 87' lang='lat' dir='ltr'><strong>At</strong></span> <span class='ocrx_word' id='word_1_634' title='bbox 2872 5143 3121 5198; x_wconf 89' lang='lat' dir='ltr'><strong>encomia</strong></span> <span class='ocrx_word' id='word_1_635' title='bbox 3160 5142 3316 5196; x_wconf 86' lang='lat' dir='ltr'><strong>Pauli</strong></span> <span class='ocrx_word' id='word_1_636' title='bbox 3358 5159 3489 5211; x_wconf 67' lang='lat' dir='ltr'><strong>quae</strong></span> <span class='ocrx_word' id='word_1_637' title='bbox 3535 5143 3739 5211; x_wconf 66' lang='lat' dir='ltr'><strong>Chryss»</strong></span> 
     </span>
    </p>
   </div>
   <div class='ocr_carea' id='block_1_89' title="bbox 2198 5242 3739 5309">
    <p class='ocr_par' dir='ltr' id='par_1_89' title="bbox 2198 5242 3739 5309">
     <span class='ocr_line' id='line_1_89' title="bbox 2198 5242 3739 5309; baseline -0.006 -4"><span class='ocrx_word' id='word_1_638' title='bbox 2198 5260 2409 5305; x_wconf 78' lang='lat' dir='ltr'><strong>SlOlllllS</strong></span> <span class='ocrx_word' id='word_1_639' title='bbox 2450 5248 2503 5301; x_wconf 94' lang='lat' dir='ltr'><strong>in</strong></span> <span class='ocrx_word' id='word_1_640' title='bbox 2525 5248 2625 5302; x_wconf 88' lang='lat' dir='ltr'><strong>hac</strong></span> <span class='ocrx_word' id='word_1_641' title='bbox 2648 5245 2910 5300; x_wconf 89' lang='lat' dir='ltr'><strong>concione</strong></span> <span class='ocrx_word' id='word_1_642' title='bbox 2928 5252 3211 5309; x_wconf 89' lang='lat' dir='ltr'><strong>memorat,</strong></span> <span class='ocrx_word' id='word_1_643' title='bbox 3240 5242 3483 5298; x_wconf 83' lang='lat' dir='ltr'><strong>Paulum</strong></span> <span class='ocrx_word' id='word_1_644' title='bbox 3518 5248 3601 5298; x_wconf 78' lang='lat' dir='ltr'><strong>vel</strong></span> <span class='ocrx_word' id='word_1_645' title='bbox 3620 5246 3739 5298; x_wconf 65' lang='lat' dir='ltr'><strong>unice</strong></span> 
     </span>
    </p>
   </div>
   <div class='ocr_carea' id='block_1_90' title="bbox 2198 5344 3740 5423">
    <p class='ocr_par' dir='ltr' id='par_1_90' title="bbox 2198 5344 3740 5423">
     <span class='ocr_line' id='line_1_90' title="bbox 2198 5344 3740 5423; baseline -0.007 -16"><span class='ocrx_word' id='word_1_646' title='bbox 2198 5354 2280 5407; x_wconf 83' lang='lat' dir='ltr'><strong>vel</strong></span> <span class='ocrx_word' id='word_1_647' title='bbox 2300 5353 2565 5423; x_wconf 60' lang='lat' dir='ltr'><strong>pracipue</strong></span> <span class='ocrx_word' id='word_1_648' title='bbox 2582 5358 2857 5419; x_wconf 87' lang='lat' dir='ltr'><strong>spectasse</strong></span> <span class='ocrx_word' id='word_1_649' title='bbox 2872 5347 3090 5401; x_wconf 87' lang='lat' dir='ltr'><strong>videntu</strong></span> <span class='ocrx_word' id='word_1_650' title='bbox 3101 5363 3143 5399; x_wconf 92' lang='lat' dir='ltr'><strong>r.</strong></span> <span class='ocrx_word' id='word_1_651' title='bbox 3161 5344 3239 5399; x_wconf 87' lang='lat' dir='ltr'><strong>En</strong></span> <span class='ocrx_word' id='word_1_652' title='bbox 3254 5344 3335 5399; x_wconf 88' lang='lat' dir='ltr'><strong>Ch</strong></span> <span class='ocrx_word' id='word_1_653' title='bbox 3345 5346 3643 5417; x_wconf 73' lang='lat' dir='ltr'><strong>rysostomi</strong></span> <span class='ocrx_word' id='word_1_654' title='bbox 3662 5361 3740 5393; x_wconf 75' lang='lat' dir='ltr'><strong>m-</strong></span> 
     </span>
    </p>
   </div>
   <div class='ocr_carea' id='block_1_91' title="bbox 2201 5446 3737 5523">
    <p class='ocr_par' dir='ltr' id='par_1_91' title="bbox 2201 5446 3737 5523">
     <span class='ocr_line' id='line_1_91' title="bbox 2201 5446 3737 5523; baseline -0.01 -14"><span class='ocrx_word' id='word_1_655' title='bbox 2201 5455 2266 5509; x_wconf 78' lang='lat' dir='ltr'><strong>ba</strong></span> <span class='ocrx_word' id='word_1_656' title='bbox 2294 5472 2306 5507; x_wconf 94' lang='lat'>:</span> <span class='ocrx_word' id='word_1_657' title='bbox 2338 5450 2534 5523; x_wconf 83' lang='grc' dir='ltr'>Πρώην</span> <span class='ocrx_word' id='word_1_658' title='bbox 2559 5450 2686 5519; x_wconf 82' lang='grc' dir='ltr'>γοῦν</span> <span class='ocrx_word' id='word_1_659' title='bbox 2714 5448 2868 5519; x_wconf 82' lang='grc' dir='ltr'>ἡμῶν</span> <span class='ocrx_word' id='word_1_660' title='bbox 2895 5446 3351 5516; x_wconf 76' lang='grc' dir='ltr'><strong>ἐγκωμιαζόντων</strong></span> <span class='ocrx_word' id='word_1_661' title='bbox 3381 5446 3480 5497; x_wconf 77' lang='grc' dir='ltr'>τὸν</span> <span class='ocrx_word' id='word_1_662' title='bbox 3513 5447 3737 5515; x_wconf 61' lang='grc' dir='ltr'><strong>μακάρεεί</strong></span> 
     </span>
    </p>
   </div>
   <div class='ocr_carea' id='block_1_92' title="bbox 2202 5545 3737 5619">
    <p class='ocr_par' dir='ltr' id='par_1_92' title="bbox 2202 5545 3737 5619">
     <span class='ocr_line' id='line_1_92' title="bbox 2202 5545 3737 5619; baseline -0.01 -15"><span class='ocrx_word' id='word_1_663' title='bbox 2202 5550 2435 5615; x_wconf 82' lang='grc' dir='ltr'><strong>Παῦλον,</strong></span> <span class='ocrx_word' id='word_1_664' title='bbox 2460 5549 2633 5612; x_wconf 74' lang='grc' dir='ltr'>οὕτως</span> <span class='ocrx_word' id='word_1_665' title='bbox 2655 5548 3034 5619; x_wconf 76' lang='grc' dir='ltr'><strong>ἐσκιρτήσατε,</strong></span> <span class='ocrx_word' id='word_1_666' title='bbox 3064 5547 3139 5609; x_wconf 83' lang='grc' dir='ltr'><strong>ὡς</strong></span> <span class='ocrx_word' id='word_1_667' title='bbox 3179 5545 3348 5599; x_wconf 73' lang='grc' dir='ltr'>αὑτὸν</span> <span class='ocrx_word' id='word_1_668' title='bbox 3369 5546 3608 5616; x_wconf 76' lang='grc' dir='ltr'>ὁρῶντες</span> <span class='ocrx_word' id='word_1_669' title='bbox 3640 5560 3737 5607; x_wconf 60' lang='lat'><strong>:3;-</strong></span> 
     </span>
    </p>
   </div>
   <div class='ocr_carea' id='block_1_93' title="bbox 2199 5646 3738 5720">
    <p class='ocr_par' dir='ltr' id='par_1_93' title="bbox 2199 5646 3738 5720">
     <span class='ocr_line' id='line_1_93' title="bbox 2199 5646 3738 5720; baseline -0.008 -14"><span class='ocrx_word' id='word_1_670' title='bbox 2199 5655 2393 5706; x_wconf 76' lang='grc' dir='ltr'>ὄντα...</span> <span class='ocrx_word' id='word_1_671' title='bbox 2430 5652 2537 5705; x_wconf 74' lang='grc' dir='ltr'><strong>Καὶ</strong></span> <span class='ocrx_word' id='word_1_672' title='bbox 2573 5650 2869 5720; x_wconf 78' lang='grc' dir='ltr'>ἐϐουλόμην</span> <span class='ocrx_word' id='word_1_673' title='bbox 2919 5649 3015 5720; x_wconf 84' lang='grc' dir='ltr'>μὲν</span> <span class='ocrx_word' id='word_1_674' title='bbox 3047 5648 3129 5710; x_wconf 71' lang='grc' dir='ltr'>εἰς</span> <span class='ocrx_word' id='word_1_675' title='bbox 3167 5647 3269 5717; x_wconf 75' lang='grc' dir='ltr'>τὴν</span> <span class='ocrx_word' id='word_1_676' title='bbox 3324 5647 3503 5717; x_wconf 73' lang='grc' dir='ltr'>αὐτὴν</span> <span class='ocrx_word' id='word_1_677' title='bbox 3531 5646 3738 5698; x_wconf 58' lang='grc' dir='ltr'><strong>ὑπύθεπν</strong></span> 
     </span>
    </p>
   </div>
   <div class='ocr_carea' id='block_1_94' title="bbox 2202 5747 3737 5825">
    <p class='ocr_par' dir='ltr' id='par_1_94' title="bbox 2202 5747 3737 5825">
     <span class='ocr_line' id='line_1_94' title="bbox 2202 5747 3737 5825; baseline -0.009 -18"><span class='ocrx_word' id='word_1_678' title='bbox 2202 5753 2353 5825; x_wconf 75' lang='grc'><strong>[697]</strong></span> <span class='ocrx_word' id='word_1_679' title='bbox 2388 5751 2684 5823; x_wconf 74' lang='grc' dir='ltr'>καταϐῇναι</span> <span class='ocrx_word' id='word_1_680' title='bbox 2712 5753 2805 5805; x_wconf 72' lang='grc' dir='ltr'><strong>καὶ</strong></span> <span class='ocrx_word' id='word_1_681' title='bbox 2831 5753 3083 5821; x_wconf 67' lang='grc' dir='ltr'>τήμερον,</span> <span class='ocrx_word' id='word_1_682' title='bbox 3116 5747 3255 5803; x_wconf 78' lang='grc' dir='ltr'><strong>ἀλλὰ</strong></span> <span class='ocrx_word' id='word_1_683' title='bbox 3291 5750 3434 5817; x_wconf 78' lang='grc' dir='ltr'>πρὸς</span> <span class='ocrx_word' id='word_1_684' title='bbox 3461 5750 3620 5818; x_wconf 65' lang='grc' dir='ltr'>ἕτερα</span> <span class='ocrx_word' id='word_1_685' title='bbox 3643 5758 3737 5795; x_wconf 64' lang='lat'><strong>11‘.-</strong></span> 
     </span>
    </p>
   </div>
  </div>
