  <div class='ocr_page' id='page_1' title='image "/cluster/home/n/w/nwhite01/storage/ocr_20150623/48/hvd.32044014784250/434.png"; bbox 0 0 3790 6242; ppageno 0'>
   <div class='ocr_carea' id='block_1_1' title="bbox 14 410 1602 490">
    <p class='ocr_par' dir='ltr' id='par_1_1' title="bbox 14 410 1602 482">
     <span class='ocr_line' id='line_1_1' title="bbox 14 410 1602 482; baseline 0.012 -18"><span class='ocrx_word' id='word_1_1' title='bbox 14 410 141 466; x_wconf 76' lang='grc'><strong><em>951</em></strong></span> <span class='ocrx_word' id='word_1_2' title='bbox 1199 424 1267 479; x_wconf 78' lang='grc' dir='ltr'><strong><em>ΙΝ</em></strong></span> <span class='ocrx_word' id='word_1_3' title='bbox 1307 426 1602 482; x_wconf 65' lang='lat' dir='ltr'><strong><em>KALENDI</em></strong></span> 
     </span>
    </p>
   </div>
   <div class='ocr_carea' id='block_1_2' title="bbox 1716 410 2149 490">
    <p class='ocr_par' dir='ltr' id='par_1_2' title="bbox 1716 431 2149 490">
     <span class='ocr_line' id='line_1_2' title="bbox 1716 431 2149 490; baseline 0.014 -8"><span class='ocrx_word' id='word_1_4' title='bbox 1716 463 1782 473; x_wconf 92' lang='grc'><strong><em>--</em></strong></span> <span class='ocrx_word' id='word_1_5' title='bbox 1812 431 2149 490; x_wconf 79' lang='lat' dir='ltr'><strong><em>MONlTUM.</em></strong></span> 
     </span>
    </p>
   </div>
   <div class='ocr_carea' id='block_1_3' title="bbox 12 523 1627 611">
    <p class='ocr_par' dir='ltr' id='par_1_3' title="bbox 12 523 1627 611">
     <span class='ocr_line' id='line_1_3' title="bbox 12 523 1627 611; baseline 0.014 -38"><span class='ocrx_word' id='word_1_6' title='bbox 12 523 332 611; x_wconf 40' lang='grc' dir='ltr'>ποσότητα.</span> <span class='ocrx_word' id='word_1_7' title='bbox 356 525 610 587; x_wconf 82' lang='grc' dir='ltr'>πίστεως.</span> <span class='ocrx_word' id='word_1_8' title='bbox 632 526 799 579; x_wconf 83' lang='grc' dir='ltr'>Πόθεν</span> <span class='ocrx_word' id='word_1_9' title='bbox 823 528 931 601; x_wconf 85' lang='grc' dir='ltr'>γὰρ</span> <span class='ocrx_word' id='word_1_10' title='bbox 958 535 1137 605; x_wconf 81' lang='grc' dir='ltr'>ἴσμεν,</span> <span class='ocrx_word' id='word_1_11' title='bbox 1172 538 1295 592; x_wconf 79' lang='grc' dir='ltr'>εἰπέ</span> <span class='ocrx_word' id='word_1_12' title='bbox 1318 557 1427 609; x_wconf 89' lang='grc' dir='ltr'>μοι,</span> <span class='ocrx_word' id='word_1_13' title='bbox 1450 556 1627 611; x_wconf 87' lang='grc' dir='ltr'>παρα-</span> 
     </span>
    </p>
   </div>
   <div class='ocr_carea' id='block_1_4' title="bbox 8 602 1627 693">
    <p class='ocr_par' dir='ltr' id='par_1_4' title="bbox 8 602 1627 693">
     <span class='ocr_line' id='line_1_4' title="bbox 8 602 1627 693; baseline 0.015 -39"><span class='ocrx_word' id='word_1_14' title='bbox 8 602 211 693; x_wconf 52' lang='grc' dir='ltr'>Ῡεσιλῶ.</span> <span class='ocrx_word' id='word_1_15' title='bbox 241 604 416 693; x_wconf 77' lang='grc' dir='ltr'>ποίοις</span> <span class='ocrx_word' id='word_1_16' title='bbox 446 607 651 693; x_wconf 66' lang='grc' dir='ltr'>ῥήμασι</span> <span class='ocrx_word' id='word_1_17' title='bbox 676 602 1044 686; x_wconf 81' lang='grc' dir='ltr'>κατηγορήσεί</span> <span class='ocrx_word' id='word_1_18' title='bbox 1077 620 1293 685; x_wconf 79' lang='grc' dir='ltr'>ἑαυτοῦ,</span> <span class='ocrx_word' id='word_1_19' title='bbox 1380 602 1474 675; x_wconf 76' lang='grc' dir='ltr'><strong><em>καὶ</em></strong></span> <span class='ocrx_word' id='word_1_20' title='bbox 1497 602 1627 677; x_wconf 75' lang='grc' dir='ltr'>ἀπο-</span> 
     </span>
    </p>
   </div>
   <div class='ocr_carea' id='block_1_5' title="bbox 6 685 1627 776">
    <p class='ocr_par' dir='ltr' id='par_1_5' title="bbox 6 685 1627 776">
     <span class='ocr_line' id='line_1_5' title="bbox 6 685 1627 776; baseline 0.016 -41"><span class='ocrx_word' id='word_1_21' title='bbox 6 685 423 776; x_wconf 26' lang='grc' dir='ltr'>λογὴσειταιξν</span> <span class='ocrx_word' id='word_1_22' title='bbox 476 690 689 776; x_wconf 50' lang='grc' dir='ltr'>ᾑμέρᾳ,</span> <span class='ocrx_word' id='word_1_23' title='bbox 727 694 814 747; x_wconf 84' lang='grc' dir='ltr'>ὅτε</span> <span class='ocrx_word' id='word_1_24' title='bbox 851 685 1032 765; x_wconf 69' lang='grc' dir='ltr'>μέλλει</span> <span class='ocrx_word' id='word_1_25' title='bbox 1073 702 1101 754; x_wconf 88' lang='grc' dir='ltr'><strong><em>ό</em></strong></span> <span class='ocrx_word' id='word_1_26' title='bbox 1146 702 1279 767; x_wconf 73' lang='grc' dir='ltr'>Θεὸς</span> <span class='ocrx_word' id='word_1_27' title='bbox 1324 685 1531 776; x_wconf 74' lang='grc' dir='ltr'>κρίνειν</span> <span class='ocrx_word' id='word_1_28' title='bbox 1558 708 1627 761; x_wconf 85' lang='grc' dir='ltr'>τὰ</span> 
     </span>
    </p>
   </div>
   <div class='ocr_carea' id='block_1_6' title="bbox 8 770 1625 860">
    <p class='ocr_par' dir='ltr' id='par_1_6' title="bbox 8 770 1625 860">
     <span class='ocr_line' id='line_1_6' title="bbox 8 770 1625 860; baseline 0.017 -42"><span class='ocrx_word' id='word_1_29' title='bbox 8 770 260 838; x_wconf 81' lang='grc' dir='ltr'>κρυπτά</span> <span class='ocrx_word' id='word_1_30' title='bbox 306 770 415 823; x_wconf 87' lang='grc' dir='ltr'><strong><em>τῶν</em></strong></span> <span class='ocrx_word' id='word_1_31' title='bbox 454 772 807 860; x_wconf 55' lang='grc' dir='ltr'>ἀνθρώπωπ</span> <span class='ocrx_word' id='word_1_32' title='bbox 855 780 1062 846; x_wconf 85' lang='grc' dir='ltr'><strong><em>Ὄντως</em></strong></span> <span class='ocrx_word' id='word_1_33' title='bbox 1115 770 1511 860; x_wconf 80' lang='grc' dir='ltr'>ἀνεξερεύνητα</span> <span class='ocrx_word' id='word_1_34' title='bbox 1557 791 1625 845; x_wconf 86' lang='grc' dir='ltr'><strong><em>τά</em></strong></span> 
     </span>
    </p>
   </div>
   <div class='ocr_carea' id='block_1_7' title="bbox 5 853 1626 941">
    <p class='ocr_par' dir='ltr' id='par_1_7' title="bbox 5 853 1626 941">
     <span class='ocr_line' id='line_1_7' title="bbox 5 853 1626 941; baseline 0.017 -40"><span class='ocrx_word' id='word_1_35' title='bbox 5 853 284 922; x_wconf 77' lang='grc' dir='ltr'>κρίματα</span> <span class='ocrx_word' id='word_1_36' title='bbox 317 853 504 919; x_wconf 80' lang='grc' dir='ltr'>αὑτοῦ,</span> <span class='ocrx_word' id='word_1_37' title='bbox 536 858 630 909; x_wconf 77' lang='grc' dir='ltr'><strong><em>καὶ</em></strong></span> <span class='ocrx_word' id='word_1_38' title='bbox 663 859 1057 930; x_wconf 78' lang='grc' dir='ltr'><strong><em>ἀνεξιχνίαστοι</em></strong></span> <span class='ocrx_word' id='word_1_39' title='bbox 1088 870 1144 920; x_wconf 84' lang='grc' dir='ltr'>αἱ</span> <span class='ocrx_word' id='word_1_40' title='bbox 1179 853 1290 923; x_wconf 35' lang='grc' dir='ltr'>ὁδοὶ,</span> <span class='ocrx_word' id='word_1_41' title='bbox 1313 853 1496 926; x_wconf 80' lang='grc' dir='ltr'>αὐτοῦ.</span> <span class='ocrx_word' id='word_1_42' title='bbox 1529 876 1626 941; x_wconf 84' lang='grc' dir='ltr'>Τίς</span> 
     </span>
    </p>
   </div>
   <div class='ocr_carea' id='block_1_8' title="bbox 6 935 1623 1021">
    <p class='ocr_par' dir='ltr' id='par_1_8' title="bbox 6 935 1623 1021">
     <span class='ocr_line' id='line_1_8' title="bbox 6 935 1623 1021; baseline 0.017 -37"><span class='ocrx_word' id='word_1_43' title='bbox 6 938 145 1021; x_wconf 61' lang='grc' dir='ltr'>γὰρ</span> <span class='ocrx_word' id='word_1_44' title='bbox 188 935 532 1021; x_wconf 11' lang='grc' dir='ltr'><strong><em>ἑγνωῗννοῦν</em></strong></span> <span class='ocrx_word' id='word_1_45' title='bbox 560 943 783 1008; x_wconf 80' lang='grc' dir='ltr'>Κυρίου</span> <span class='ocrx_word' id='word_1_46' title='bbox 805 983 819 1004; x_wconf 90' lang='grc'><strong><em>,</em></strong></span> <span class='ocrx_word' id='word_1_47' title='bbox 856 944 895 1013; x_wconf 76' lang='grc' dir='ltr'><strong><em>ἢ</em></strong></span> <span class='ocrx_word' id='word_1_48' title='bbox 936 947 1029 1014; x_wconf 83' lang='grc' dir='ltr'><strong><em>τίς</em></strong></span> <span class='ocrx_word' id='word_1_49' title='bbox 1066 951 1412 1021; x_wconf 78' lang='grc' dir='ltr'>σύμϐουλος</span> <span class='ocrx_word' id='word_1_50' title='bbox 1436 935 1623 1011; x_wconf 64' lang='grc' dir='ltr'>αὐτού</span> 
     </span>
    </p>
   </div>
   <div class='ocr_carea' id='block_1_9' title="bbox 4 1018 1621 1108">
    <p class='ocr_par' dir='ltr' id='par_1_9' title="bbox 4 1018 1621 1108">
     <span class='ocr_line' id='line_1_9' title="bbox 4 1018 1621 1108; baseline 0.017 -41"><span class='ocrx_word' id='word_1_51' title='bbox 4 1018 309 1108; x_wconf 44' lang='grc' dir='ltr'>ξγένεξτω</span> <span class='ocrx_word' id='word_1_52' title='bbox 338 1020 502 1108; x_wconf 29' lang='grc' dir='ltr'>Τάχα.</span> <span class='ocrx_word' id='word_1_53' title='bbox 518 1023 694 1087; x_wconf 75' lang='grc' dir='ltr'>οὐδεὶς</span> <span class='ocrx_word' id='word_1_54' title='bbox 715 1025 773 1090; x_wconf 82' lang='grc' dir='ltr'>ἐξ</span> <span class='ocrx_word' id='word_1_55' title='bbox 802 1028 981 1099; x_wconf 82' lang='grc' dir='ltr'>ἡμῶν,</span> <span class='ocrx_word' id='word_1_56' title='bbox 1032 1018 1327 1107; x_wconf 72' lang='grc' dir='ltr'>ἀγαπητοὶ,</span> <span class='ocrx_word' id='word_1_57' title='bbox 1356 1018 1621 1108; x_wconf 68' lang='grc' dir='ltr'>ἠξιῶσθαι</span> 
     </span>
    </p>
   </div>
   <div class='ocr_carea' id='block_1_10' title="bbox 10 1101 1625 1193">
    <p class='ocr_par' dir='ltr' id='par_1_10' title="bbox 10 1101 1625 1193">
     <span class='ocr_line' id='line_1_10' title="bbox 10 1101 1625 1193; baseline 0.018 -44"><span class='ocrx_word' id='word_1_58' title='bbox 10 1101 416 1193; x_wconf 59' lang='grc' dir='ltr'>βαπτίσματος</span> <span class='ocrx_word' id='word_1_59' title='bbox 450 1106 641 1193; x_wconf 73' lang='grc' dir='ltr'>οἴεται,</span> <span class='ocrx_word' id='word_1_60' title='bbox 672 1109 851 1175; x_wconf 75' lang='grc' dir='ltr'>οὐδεὶς</span> <span class='ocrx_word' id='word_1_61' title='bbox 881 1114 1169 1170; x_wconf 79' lang='grc' dir='ltr'>ἐπίσταται</span> <span class='ocrx_word' id='word_1_62' title='bbox 1202 1101 1625 1193; x_wconf 41' lang='grc' dir='ltr'>κρίσιν-μέλλου-</span> 
     </span>
    </p>
   </div>
   <div class='ocr_carea' id='block_1_11' title="bbox 10 1184 1621 1271">
    <p class='ocr_par' dir='ltr' id='par_1_11' title="bbox 10 1184 1621 1271">
     <span class='ocr_line' id='line_1_11' title="bbox 10 1184 1621 1271; baseline 0.019 -40"><span class='ocrx_word' id='word_1_63' title='bbox 10 1199 134 1234; x_wconf 78' lang='grc' dir='ltr'><strong><em>σαν</em></strong></span> <span class='ocrx_word' id='word_1_64' title='bbox 177 1184 424 1251; x_wconf 85' lang='grc' dir='ltr'>γίνεσθαι</span> <span class='ocrx_word' id='word_1_65' title='bbox 458 1188 698 1243; x_wconf 81' lang='grc' dir='ltr'>πώποτε.</span> <span class='ocrx_word' id='word_1_66' title='bbox 748 1194 813 1246; x_wconf 90' lang='grc' dir='ltr'>Τί</span> <span class='ocrx_word' id='word_1_67' title='bbox 864 1194 1009 1265; x_wconf 80' lang='grc' dir='ltr'>λέγω</span> <span class='ocrx_word' id='word_1_68' title='bbox 1050 1184 1279 1271; x_wconf 46' lang='grc' dir='ltr'>κρίσινς</span> <span class='ocrx_word' id='word_1_69' title='bbox 1329 1184 1492 1259; x_wconf 77' lang='grc' dir='ltr'>αὐτόν</span> <span class='ocrx_word' id='word_1_70' title='bbox 1530 1209 1621 1262; x_wconf 83' lang='grc' dir='ltr'><strong><em>τὸν</em></strong></span> 
     </span>
    </p>
   </div>
   <div class='ocr_carea' id='block_1_12' title="bbox 8 1264 1618 1362">
    <p class='ocr_par' dir='ltr' id='par_1_12' title="bbox 8 1264 1618 1362">
     <span class='ocr_line' id='line_1_12' title="bbox 8 1264 1618 1362; baseline 0.019 -47"><span class='ocrx_word' id='word_1_71' title='bbox 8 1264 266 1319; x_wconf 77' lang='grc' dir='ltr'>θάνατον</span> <span class='ocrx_word' id='word_1_72' title='bbox 294 1270 388 1320; x_wconf 78' lang='grc' dir='ltr'>καὶ</span> <span class='ocrx_word' id='word_1_73' title='bbox 414 1270 512 1341; x_wconf 87' lang='grc' dir='ltr'><strong><em>τὴν</em></strong></span> <span class='ocrx_word' id='word_1_74' title='bbox 538 1274 603 1325; x_wconf 82' lang='grc' dir='ltr'>ὲκ</span> <span class='ocrx_word' id='word_1_75' title='bbox 635 1275 728 1328; x_wconf 83' lang='grc' dir='ltr'><strong><em>τοῦ</em></strong></span> <span class='ocrx_word' id='word_1_76' title='bbox 760 1264 1013 1348; x_wconf 85' lang='grc' dir='ltr'>σώματος</span> <span class='ocrx_word' id='word_1_77' title='bbox 1044 1264 1220 1348; x_wconf 74' lang='grc' dir='ltr'>ἔξοδον</span> <span class='ocrx_word' id='word_1_78' title='bbox 1246 1289 1618 1362; x_wconf 76' lang='grc' dir='ltr'>ἠγνοήσαμεν,</span> 
     </span>
    </p>
   </div>
   <div class='ocr_carea' id='block_1_13' title="bbox 8 1351 1619 1444">
    <p class='ocr_par' dir='ltr' id='par_1_13' title="bbox 8 1351 1619 1444">
     <span class='ocr_line' id='line_1_13' title="bbox 8 1351 1619 1444; baseline 0.018 -45"><span class='ocrx_word' id='word_1_79' title='bbox 8 1351 88 1401; x_wconf 77' lang='grc' dir='ltr'>ἐκ</span> <span class='ocrx_word' id='word_1_80' title='bbox 125 1351 228 1420; x_wconf 83' lang='grc' dir='ltr'><strong><em>τῆς</em></strong></span> <span class='ocrx_word' id='word_1_81' title='bbox 252 1353 652 1444; x_wconf 37' lang='grc' dir='ltr'>,ἐπισκηφάσης</span> <span class='ocrx_word' id='word_1_82' title='bbox 688 1359 836 1429; x_wconf 82' lang='grc' dir='ltr'>ἡμᾶς</span> <span class='ocrx_word' id='word_1_83' title='bbox 879 1365 1185 1435; x_wconf 84' lang='grc' dir='ltr'>φρενίτιδος</span> <span class='ocrx_word' id='word_1_84' title='bbox 1368 1351 1463 1425; x_wconf 75' lang='grc' dir='ltr'>τοῦ</span> <span class='ocrx_word' id='word_1_85' title='bbox 1498 1351 1619 1444; x_wconf 52' lang='grc' dir='ltr'>θίου</span> 
     </span>
    </p>
   </div>
   <div class='ocr_carea' id='block_1_14' title="bbox 8 1435 1618 1529">
    <p class='ocr_par' dir='ltr' id='par_1_14' title="bbox 8 1435 1618 1529">
     <span class='ocr_line' id='line_1_14' title="bbox 8 1435 1618 1529; baseline 0.019 -46"><span class='ocrx_word' id='word_1_86' title='bbox 8 1435 400 1505; x_wconf 74' lang='grc' dir='ltr'><strong><em>πραγμάτων.</em></strong></span> <span class='ocrx_word' id='word_1_87' title='bbox 460 1440 759 1513; x_wconf 85' lang='grc' dir='ltr'>Ἀπόστητε</span> <span class='ocrx_word' id='word_1_88' title='bbox 792 1445 887 1498; x_wconf 83' lang='grc' dir='ltr'>τοῦ</span> <span class='ocrx_word' id='word_1_89' title='bbox 924 1450 1168 1504; x_wconf 87' lang='grc' dir='ltr'>τοιούτου</span> <span class='ocrx_word' id='word_1_90' title='bbox 1212 1455 1405 1520; x_wconf 81' lang='grc' dir='ltr'>κακοῦ,</span> <span class='ocrx_word' id='word_1_91' title='bbox 1437 1475 1618 1529; x_wconf 86' lang='grc' dir='ltr'>παρα-</span> 
     </span>
    </p>
   </div>
   <div class='ocr_carea' id='block_1_15' title="bbox 9 1519 1618 1606">
    <p class='ocr_par' dir='ltr' id='par_1_15' title="bbox 9 1519 1618 1606">
     <span class='ocr_line' id='line_1_15' title="bbox 9 1519 1618 1606; baseline 0.017 -36"><span class='ocrx_word' id='word_1_92' title='bbox 9 1519 203 1572; x_wconf 76' lang='grc' dir='ltr'>καλῶ.</span> <span class='ocrx_word' id='word_1_93' title='bbox 258 1521 387 1574; x_wconf 80' lang='grc' dir='ltr'>Ἰδοὺ</span> <span class='ocrx_word' id='word_1_94' title='bbox 429 1522 573 1592; x_wconf 85' lang='grc' dir='ltr'>λέγω</span> <span class='ocrx_word' id='word_1_95' title='bbox 619 1529 713 1580; x_wconf 78' lang='grc' dir='ltr'><strong><em>καὶ</em></strong></span> <span class='ocrx_word' id='word_1_96' title='bbox 751 1529 1196 1606; x_wconf 79' lang='grc' dir='ltr'>διαμαρτύρομαι</span> <span class='ocrx_word' id='word_1_97' title='bbox 1238 1539 1469 1594; x_wconf 79' lang='grc' dir='ltr'>ἐνώπιον</span> <span class='ocrx_word' id='word_1_98' title='bbox 1520 1519 1618 1597; x_wconf 69' lang='grc' dir='ltr'>τοῦ</span> 
     </span>
    </p>
   </div>
   <div class='ocr_carea' id='block_1_16' title="bbox 6 1602 1615 1691">
    <p class='ocr_par' dir='ltr' id='par_1_16' title="bbox 6 1602 1615 1691">
     <span class='ocr_line' id='line_1_16' title="bbox 6 1602 1615 1691; baseline 0.018 -39"><span class='ocrx_word' id='word_1_99' title='bbox 6 1602 168 1655; x_wconf 78' lang='grc' dir='ltr'>Θεοῦ</span> <span class='ocrx_word' id='word_1_100' title='bbox 201 1605 295 1656; x_wconf 74' lang='grc' dir='ltr'><strong><em>καὶ</em></strong></span> <span class='ocrx_word' id='word_1_101' title='bbox 322 1605 428 1657; x_wconf 87' lang='grc' dir='ltr'><strong><em>τῶν</em></strong></span> <span class='ocrx_word' id='word_1_102' title='bbox 451 1607 720 1662; x_wconf 79' lang='grc' dir='ltr'>ἐκλεκτῶν</span> <span class='ocrx_word' id='word_1_103' title='bbox 754 1602 1040 1682; x_wconf 71' lang='grc' dir='ltr'>ἀγγέλων,</span> <span class='ocrx_word' id='word_1_104' title='bbox 1066 1602 1142 1683; x_wconf 76' lang='grc' dir='ltr'><strong><em>ὧς</em></strong></span> <span class='ocrx_word' id='word_1_105' title='bbox 1170 1624 1408 1691; x_wconf 81' lang='grc' dir='ltr'>μεγάλου</span> <span class='ocrx_word' id='word_1_106' title='bbox 1442 1628 1615 1681; x_wconf 73' lang='grc' dir='ltr'>κακοῦ</span> 
     </span>
    </p>
   </div>
   <div class='ocr_carea' id='block_1_17' title="bbox 9 1686 1615 1781">
    <p class='ocr_par' dir='ltr' id='par_1_17' title="bbox 9 1686 1615 1781">
     <span class='ocr_line' id='line_1_17' title="bbox 9 1686 1615 1781; baseline 0.017 -44"><span class='ocrx_word' id='word_1_107' title='bbox 9 1687 135 1781; x_wconf 50' lang='grc' dir='ltr'>καὶ.</span> <span class='ocrx_word' id='word_1_108' title='bbox 169 1686 341 1757; x_wconf 84' lang='grc' dir='ltr'>πυρὸς</span> <span class='ocrx_word' id='word_1_109' title='bbox 388 1690 691 1781; x_wconf 77' lang='grc' dir='ltr'>ἀνηκέστου</span> <span class='ocrx_word' id='word_1_110' title='bbox 735 1697 1028 1765; x_wconf 86' lang='grc' dir='ltr'>γενήσεται</span> <span class='ocrx_word' id='word_1_111' title='bbox 1067 1686 1200 1773; x_wconf 79' lang='grc' dir='ltr'>ἡμῖν</span> <span class='ocrx_word' id='word_1_112' title='bbox 1244 1686 1302 1759; x_wconf 70' lang='grc' dir='ltr'>ἐν</span> <span class='ocrx_word' id='word_1_113' title='bbox 1346 1710 1412 1778; x_wconf 80' lang='grc' dir='ltr'>τῇ</span> 
     </span>
    </p>
   </div>
   <div class='ocr_carea' id='block_1_18' title="bbox 11 1771 1611 1862">
    <p class='ocr_par' dir='ltr' id='par_1_18' title="bbox 11 1771 1611 1862">
     <span class='ocr_line' id='line_1_18' title="bbox 11 1771 1611 1862; baseline 0.018 -44"><span class='ocrx_word' id='word_1_114' title='bbox 11 1771 218 1862; x_wconf 66' lang='grc' dir='ltr'>ἡμέρᾳ</span> <span class='ocrx_word' id='word_1_115' title='bbox 240 1774 341 1862; x_wconf 77' lang='grc' dir='ltr'><strong><em>τῆς</em></strong></span> <span class='ocrx_word' id='word_1_116' title='bbox 364 1773 605 1862; x_wconf 73' lang='grc' dir='ltr'>κρίσεως</span> <span class='ocrx_word' id='word_1_117' title='bbox 622 1778 811 1831; x_wconf 78' lang='grc' dir='ltr'>αἴτιον.</span> <span class='ocrx_word' id='word_1_118' title='bbox 834 1781 894 1834; x_wconf 78' lang='lat' dir='ltr'><strong><em>Et</em></strong></span> <span class='ocrx_word' id='word_1_119' title='bbox 914 1783 1022 1855; x_wconf 76' lang='grc' dir='ltr'>γὰρ</span> <span class='ocrx_word' id='word_1_120' title='bbox 1049 1771 1118 1838; x_wconf 81' lang='grc' dir='ltr'><strong><em>ἐν</em></strong></span> <span class='ocrx_word' id='word_1_121' title='bbox 1136 1791 1200 1859; x_wconf 79' lang='grc' dir='ltr'>τῇ</span> <span class='ocrx_word' id='word_1_122' title='bbox 1226 1771 1611 1862; x_wconf 64' lang='grc' dir='ltr'><strong><em>ἰ’τειραξέτᾶσειεἰ</em></strong></span> 
     </span>
    </p>
   </div>
   <div class='ocr_carea' id='block_1_19' title="bbox 10 1855 1611 1941">
    <p class='ocr_par' dir='ltr' id='par_1_19' title="bbox 10 1855 1611 1941">
     <span class='ocr_line' id='line_1_19' title="bbox 10 1855 1611 1941; baseline 0.016 -36"><span class='ocrx_word' id='word_1_123' title='bbox 10 1855 138 1907; x_wconf 84' lang='grc' dir='ltr'><strong><em>τῶν</em></strong></span> <span class='ocrx_word' id='word_1_124' title='bbox 201 1855 487 1926; x_wconf 85' lang='grc' dir='ltr'>παρθένων</span> <span class='ocrx_word' id='word_1_125' title='bbox 530 1860 659 1923; x_wconf 79' lang='grc' dir='ltr'>τοὺς</span> <span class='ocrx_word' id='word_1_126' title='bbox 723 1864 865 1933; x_wconf 86' lang='grc' dir='ltr'><strong><em>μετά</em></strong></span> <span class='ocrx_word' id='word_1_127' title='bbox 933 1855 1192 1941; x_wconf 84' lang='grc' dir='ltr'>λαμπρᾶς</span> <span class='ocrx_word' id='word_1_128' title='bbox 1238 1855 1479 1939; x_wconf 77' lang='grc' dir='ltr'>πίστεως</span> <span class='ocrx_word' id='word_1_129' title='bbox 1519 1878 1611 1930; x_wconf 72' lang='grc' dir='ltr'><strong><em>καὶ</em></strong></span> 
     </span>
    </p>
   </div>
   <div class='ocr_carea' id='block_1_20' title="bbox 12 1938 1610 2027">
    <p class='ocr_par' dir='ltr' id='par_1_20' title="bbox 12 1938 1610 2027">
     <span class='ocr_line' id='line_1_20' title="bbox 12 1938 1610 2027; baseline 0.016 -39"><span class='ocrx_word' id='word_1_130' title='bbox 12 1938 389 2011; x_wconf 73' lang='grc' dir='ltr'>φαιδρότητος</span> <span class='ocrx_word' id='word_1_131' title='bbox 420 1940 538 2011; x_wconf 83' lang='grc' dir='ltr'>βίου</span> <span class='ocrx_word' id='word_1_132' title='bbox 561 1943 848 2015; x_wconf 80' lang='grc' dir='ltr'>ζήσαντας,</span> <span class='ocrx_word' id='word_1_133' title='bbox 877 1950 953 2015; x_wconf 86' lang='grc' dir='ltr'>ὡς</span> <span class='ocrx_word' id='word_1_134' title='bbox 983 1952 1148 2007; x_wconf 76' lang='grc' dir='ltr'>αὑτοῦ</span> <span class='ocrx_word' id='word_1_135' title='bbox 1182 1954 1514 2027; x_wconf 79' lang='grc' dir='ltr'>θεωροῦντος</span> <span class='ocrx_word' id='word_1_136' title='bbox 1540 1960 1610 2013; x_wconf 84' lang='grc' dir='ltr'><strong><em>τὰ</em></strong></span> 
     </span>
    </p>
   </div>
   <div class='ocr_carea' id='block_1_21' title="bbox 3206 448 3310 504">
    <p class='ocr_par' dir='ltr' id='par_1_21' title="bbox 3206 448 3310 504">
     <span class='ocr_line' id='line_1_21' title="bbox 3206 448 3310 504; baseline 0.029 -2"><span class='ocrx_word' id='word_1_137' title='bbox 3206 448 3310 504; x_wconf 76' lang='grc'><strong><em>952</em></strong></span> 
     </span>
    </p>
   </div>
   <div class='ocr_carea' id='block_1_22' title="bbox 1730 540 3308 623">
    <p class='ocr_par' dir='ltr' id='par_1_22' title="bbox 1730 540 3308 623">
     <span class='ocr_line' id='line_1_22' title="bbox 1730 540 3308 623; baseline 0.014 -31"><span class='ocrx_word' id='word_1_138' title='bbox 1730 540 1869 611; x_wconf 76' lang='grc' dir='ltr'>ἔργα</span> <span class='ocrx_word' id='word_1_139' title='bbox 1892 540 2070 594; x_wconf 85' lang='grc' dir='ltr'>αὐτῶν</span> <span class='ocrx_word' id='word_1_140' title='bbox 2091 543 2187 595; x_wconf 79' lang='grc' dir='ltr'><strong><em>τοῦ</em></strong></span> <span class='ocrx_word' id='word_1_141' title='bbox 2218 545 2329 598; x_wconf 87' lang='grc' dir='ltr'><strong><em>τῶν</em></strong></span> <span class='ocrx_word' id='word_1_142' title='bbox 2374 547 2511 601; x_wconf 84' lang='grc' dir='ltr'>ὅλων</span> <span class='ocrx_word' id='word_1_143' title='bbox 2537 546 2829 617; x_wconf 77' lang='grc' dir='ltr'>Δεσπότου,</span> <span class='ocrx_word' id='word_1_144' title='bbox 2865 552 3178 623; x_wconf 82' lang='grc' dir='ltr'>ἀλλοτρίους</span> <span class='ocrx_word' id='word_1_145' title='bbox 3211 562 3308 616; x_wconf 80' lang='grc' dir='ltr'>τοῦ</span> 
     </span>
    </p>
   </div>
   <div class='ocr_carea' id='block_1_23' title="bbox 1729 624 3310 712">
    <p class='ocr_par' dir='ltr' id='par_1_23' title="bbox 1729 624 3310 712">
     <span class='ocr_line' id='line_1_23' title="bbox 1729 624 3310 712; baseline 0.015 -36"><span class='ocrx_word' id='word_1_146' title='bbox 1729 624 2017 696; x_wconf 83' lang='grc' dir='ltr'>νυμφῶνος</span> <span class='ocrx_word' id='word_1_147' title='bbox 2046 626 2225 712; x_wconf 86' lang='grc' dir='ltr'>διὰτὸ</span> <span class='ocrx_word' id='word_1_148' title='bbox 2255 631 2579 702; x_wconf 84' lang='grc' dir='ltr'>ἀσυμπαθὲς</span> <span class='ocrx_word' id='word_1_149' title='bbox 2610 635 2885 706; x_wconf 77' lang='grc' dir='ltr'>ἐποίησεν,</span> <span class='ocrx_word' id='word_1_150' title='bbox 2913 639 3031 701; x_wconf 85' lang='grc' dir='ltr'><strong><em>πῶς</em></strong></span> <span class='ocrx_word' id='word_1_151' title='bbox 3058 642 3240 712; x_wconf 82' lang='grc' dir='ltr'>ἡμεῖς,</span> <span class='ocrx_word' id='word_1_152' title='bbox 3258 647 3310 700; x_wconf 75' lang='lat' dir='ltr'><strong><em>oi</em></strong></span> 
     </span>
    </p>
   </div>
   <div class='ocr_carea' id='block_1_24' title="bbox 1727 709 3311 795">
    <p class='ocr_par' dir='ltr' id='par_1_24' title="bbox 1727 709 3311 795">
     <span class='ocr_line' id='line_1_24' title="bbox 1727 709 3311 795; baseline 0.011 -32"><span class='ocrx_word' id='word_1_153' title='bbox 1727 709 1871 763; x_wconf 82' lang='grc' dir='ltr'>κατὰ</span> <span class='ocrx_word' id='word_1_154' title='bbox 1899 712 2079 764; x_wconf 83' lang='grc' dir='ltr'>πᾶσαν</span> <span class='ocrx_word' id='word_1_155' title='bbox 2115 711 2301 766; x_wconf 67' lang='grc' dir='ltr'>ἄδειαν</span> <span class='ocrx_word' id='word_1_156' title='bbox 2347 714 2711 787; x_wconf 83' lang='grc' dir='ltr'>διαιτώμενοι,</span> <span class='ocrx_word' id='word_1_157' title='bbox 2750 722 2847 775; x_wconf 77' lang='grc' dir='ltr'><strong><em>καὶ</em></strong></span> <span class='ocrx_word' id='word_1_158' title='bbox 2885 709 3133 795; x_wconf 73' lang='grc' dir='ltr'>ἀνηλεῶς</span> <span class='ocrx_word' id='word_1_159' title='bbox 3197 730 3311 794; x_wconf 86' lang='grc' dir='ltr'>τοῖς</span> 
     </span>
    </p>
   </div>
   <div class='ocr_carea' id='block_1_25' title="bbox 1726 792 3311 879">
    <p class='ocr_par' dir='ltr' id='par_1_25' title="bbox 1726 792 3311 879">
     <span class='ocr_line' id='line_1_25' title="bbox 1726 792 3311 879; baseline 0.015 -36"><span class='ocrx_word' id='word_1_160' title='bbox 1726 792 2017 879; x_wconf 71' lang='grc' dir='ltr'>όμοφύλοις</span> <span class='ocrx_word' id='word_1_161' title='bbox 2047 797 2504 879; x_wconf 67' lang='grc' dir='ltr'>προσφερόμενοι,</span> <span class='ocrx_word' id='word_1_162' title='bbox 2537 804 2812 873; x_wconf 86' lang='grc' dir='ltr'>σωτηρίας</span> <span class='ocrx_word' id='word_1_163' title='bbox 2842 792 3194 879; x_wconf 79' lang='grc' dir='ltr'>ἁξιωθῶμεν;</span> <span class='ocrx_word' id='word_1_164' title='bbox 3219 792 3311 866; x_wconf 67' lang='lat' dir='ltr'><strong><em>Arb</em></strong></span> 
     </span>
    </p>
   </div>
   <div class='ocr_carea' id='block_1_26' title="bbox 1724 875 3309 963">
    <p class='ocr_par' dir='ltr' id='par_1_26' title="bbox 1724 875 3309 963">
     <span class='ocr_line' id='line_1_26' title="bbox 1724 875 3309 963; baseline 0.013 -36"><span class='ocrx_word' id='word_1_165' title='bbox 1724 875 1916 944; x_wconf 84' lang='grc' dir='ltr'>δέομαι</span> <span class='ocrx_word' id='word_1_166' title='bbox 1968 877 2155 949; x_wconf 68' lang='grc' dir='ltr'>ὑμῶν,</span> <span class='ocrx_word' id='word_1_167' title='bbox 2197 880 2271 952; x_wconf 84' lang='grc' dir='ltr'><strong><em>μὴ</em></strong></span> <span class='ocrx_word' id='word_1_168' title='bbox 2332 882 2626 954; x_wconf 84' lang='grc' dir='ltr'>παρέργως</span> <span class='ocrx_word' id='word_1_169' title='bbox 2679 886 2788 939; x_wconf 90' lang='grc' dir='ltr'><strong><em>τῶν</em></strong></span> <span class='ocrx_word' id='word_1_170' title='bbox 2829 875 3087 945; x_wconf 81' lang='grc' dir='ltr'>τοιούτων</span> <span class='ocrx_word' id='word_1_171' title='bbox 3136 893 3309 963; x_wconf 89' lang='grc' dir='ltr'>λόγων</span> 
     </span>
    </p>
   </div>
   <div class='ocr_carea' id='block_1_27' title="bbox 1725 958 3309 1051">
    <p class='ocr_par' dir='ltr' id='par_1_27' title="bbox 1725 958 3309 1051">
     <span class='ocr_line' id='line_1_27' title="bbox 1725 958 3309 1051; baseline 0.015 -40"><span class='ocrx_word' id='word_1_172' title='bbox 1725 958 2017 1051; x_wconf 65' lang='grc' dir='ltr'>ἀκούσητε.</span> <span class='ocrx_word' id='word_1_173' title='bbox 2048 963 2131 1017; x_wconf 84' lang='grc' dir='ltr'>Τὰ</span> <span class='ocrx_word' id='word_1_174' title='bbox 2181 965 2295 1051; x_wconf 78' lang='grc' dir='ltr'>γὰρ</span> <span class='ocrx_word' id='word_1_175' title='bbox 2339 968 2589 1039; x_wconf 85' lang='grc' dir='ltr'>αἱρετικά</span> <span class='ocrx_word' id='word_1_176' title='bbox 2638 969 2916 1043; x_wconf 85' lang='grc' dir='ltr'>δόγματα,</span> <span class='ocrx_word' id='word_1_177' title='bbox 2966 978 3035 1031; x_wconf 86' lang='grc' dir='ltr'>τὰ</span> <span class='ocrx_word' id='word_1_178' title='bbox 3070 958 3309 1051; x_wconf 38' lang='grc' dir='ltr'>παρ’-ὧν</span> 
     </span>
    </p>
   </div>
   <div class='ocr_carea' id='block_1_28' title="bbox 1726 1044 3306 1135">
    <p class='ocr_par' dir='ltr' id='par_1_28' title="bbox 1726 1044 3306 1135">
     <span class='ocr_line' id='line_1_28' title="bbox 1726 1044 3306 1135; baseline 0.015 -40"><span class='ocrx_word' id='word_1_179' title='bbox 1726 1044 2105 1135; x_wconf 76' lang='grc' dir='ltr'>παρελάϐομεν</span> <span class='ocrx_word' id='word_1_180' title='bbox 2126 1087 2140 1109; x_wconf 88' lang='grc'><strong><em>,</em></strong></span> <span class='ocrx_word' id='word_1_181' title='bbox 2170 1049 2589 1135; x_wconf 81' lang='grc' dir='ltr'>ἀναθεματίζειν</span> <span class='ocrx_word' id='word_1_182' title='bbox 2628 1055 2759 1126; x_wconf 82' lang='grc' dir='ltr'>χρὴ.</span> <span class='ocrx_word' id='word_1_183' title='bbox 2798 1058 2892 1111; x_wconf 80' lang='grc' dir='ltr'>καὶ</span> <span class='ocrx_word' id='word_1_184' title='bbox 2915 1059 2984 1114; x_wconf 85' lang='grc' dir='ltr'>τὰ</span> <span class='ocrx_word' id='word_1_185' title='bbox 3008 1044 3179 1135; x_wconf 64' lang='grc' dir='ltr'>ἀσεϐῆ</span> <span class='ocrx_word' id='word_1_186' title='bbox 3222 1065 3306 1118; x_wconf 86' lang='grc' dir='ltr'>δό-</span> 
     </span>
    </p>
   </div>
   <div class='ocr_carea' id='block_1_29' title="bbox 1723 1129 3305 1215">
    <p class='ocr_par' dir='ltr' id='par_1_29' title="bbox 1723 1129 3305 1215">
     <span class='ocr_line' id='line_1_29' title="bbox 1723 1129 3305 1215; baseline 0.015 -37"><span class='ocrx_word' id='word_1_187' title='bbox 1723 1142 1911 1215; x_wconf 73' lang='grc' dir='ltr'>γματα</span> <span class='ocrx_word' id='word_1_188' title='bbox 1942 1129 2204 1215; x_wconf 82' lang='grc' dir='ltr'>ἐλέγχειν,</span> <span class='ocrx_word' id='word_1_189' title='bbox 2224 1134 2403 1188; x_wconf 82' lang='grc' dir='ltr'>πᾶσαν</span> <span class='ocrx_word' id='word_1_190' title='bbox 2427 1134 2484 1188; x_wconf 84' lang='grc' dir='ltr'>δὲ</span> <span class='ocrx_word' id='word_1_191' title='bbox 2512 1137 2680 1205; x_wconf 85' lang='grc' dir='ltr'>φειδὼ</span> <span class='ocrx_word' id='word_1_192' title='bbox 2699 1138 2999 1212; x_wconf 86' lang='grc' dir='ltr'>ἀνθρώπων</span> <span class='ocrx_word' id='word_1_193' title='bbox 3015 1129 3305 1215; x_wconf 80' lang='grc' dir='ltr'>ποιεῖσθαι,</span> 
     </span>
    </p>
   </div>
   <div class='ocr_carea' id='block_1_30' title="bbox 1724 1211 3306 1295">
    <p class='ocr_par' dir='ltr' id='par_1_30' title="bbox 1724 1211 3306 1295">
     <span class='ocr_line' id='line_1_30' title="bbox 1724 1211 3306 1295; baseline 0.016 -33"><span class='ocrx_word' id='word_1_194' title='bbox 1724 1212 1818 1263; x_wconf 75' lang='grc' dir='ltr'><strong><em>καὶ</em></strong></span> <span class='ocrx_word' id='word_1_195' title='bbox 1851 1211 2106 1284; x_wconf 77' lang='grc' dir='ltr'>εὔχεσθαι</span> <span class='ocrx_word' id='word_1_196' title='bbox 2144 1218 2283 1289; x_wconf 84' lang='grc' dir='ltr'>ὑπὲρ</span> <span class='ocrx_word' id='word_1_197' title='bbox 2316 1220 2415 1289; x_wconf 86' lang='grc' dir='ltr'>τῆς</span> <span class='ocrx_word' id='word_1_198' title='bbox 2456 1220 2638 1275; x_wconf 84' lang='grc' dir='ltr'>αὐτῶν</span> <span class='ocrx_word' id='word_1_199' title='bbox 2668 1211 2966 1295; x_wconf 90' lang='grc' dir='ltr'>σωτηρίας.</span> <span class='ocrx_word' id='word_1_200' title='bbox 3005 1230 3220 1286; x_wconf 64' lang='lat' dir='ltr'><strong><em>Favor-:0</em></strong></span> <span class='ocrx_word' id='word_1_201' title='bbox 3247 1211 3306 1287; x_wconf 68' lang='grc' dir='ltr'><strong><em>δέ</em></strong></span> 
     </span>
    </p>
   </div>
   <div class='ocr_carea' id='block_1_31' title="bbox 1724 1295 3308 1388">
    <p class='ocr_par' dir='ltr' id='par_1_31' title="bbox 1724 1295 3308 1388">
     <span class='ocr_line' id='line_1_31' title="bbox 1724 1295 3308 1388; baseline 0.015 -41"><span class='ocrx_word' id='word_1_202' title='bbox 1724 1295 1931 1388; x_wconf 68' lang='grc' dir='ltr'>πάντας</span> <span class='ocrx_word' id='word_1_203' title='bbox 1956 1299 2103 1388; x_wconf 76' lang='grc' dir='ltr'>ημᾶς</span> <span class='ocrx_word' id='word_1_204' title='bbox 2131 1300 2232 1370; x_wconf 77' lang='grc' dir='ltr'>τῆς</span> <span class='ocrx_word' id='word_1_205' title='bbox 2256 1318 2327 1388; x_wconf 30' lang='grc' dir='ltr'>-πε</span> <span class='ocrx_word' id='word_1_206' title='bbox 2338 1303 2390 1388; x_wconf 64' lang='lat' dir='ltr'><strong><em>pl.</em></strong></span> <span class='ocrx_word' id='word_1_207' title='bbox 2426 1303 2519 1388; x_wconf 78' lang='grc' dir='ltr'>τὸν</span> <span class='ocrx_word' id='word_1_208' title='bbox 2545 1304 2677 1358; x_wconf 82' lang='grc' dir='ltr'>Θεὸν</span> <span class='ocrx_word' id='word_1_209' title='bbox 2714 1308 2807 1361; x_wconf 57' lang='grc' dir='ltr'><strong><em>καὶ⁵</em></strong></span> <span class='ocrx_word' id='word_1_210' title='bbox 2830 1310 3058 1379; x_wconf 89' lang='grc' dir='ltr'>πλησίον</span> <span class='ocrx_word' id='word_1_211' title='bbox 3084 1317 3308 1388; x_wconf 82' lang='grc' dir='ltr'>ἀγάπης</span> 
     </span>
    </p>
   </div>
   <div class='ocr_carea' id='block_1_32' title="bbox 1722 1379 3307 1471">
    <p class='ocr_par' dir='ltr' id='par_1_32' title="bbox 1722 1379 3307 1471">
     <span class='ocr_line' id='line_1_32' title="bbox 1722 1379 3307 1471; baseline 0.016 -41"><span class='ocrx_word' id='word_1_212' title='bbox 1722 1379 2114 1451; x_wconf 84' lang='grc' dir='ltr'>ἀντεχομένους</span> <span class='ocrx_word' id='word_1_213' title='bbox 2134 1424 2146 1444; x_wconf 92' lang='grc'><strong><em>,</em></strong></span> <span class='ocrx_word' id='word_1_214' title='bbox 2183 1386 2277 1438; x_wconf 65' lang='grc' dir='ltr'><strong><em>καὶ⁵</em></strong></span> <span class='ocrx_word' id='word_1_215' title='bbox 2305 1385 2414 1439; x_wconf 90' lang='grc' dir='ltr'><strong><em>τῶν</em></strong></span> <span class='ocrx_word' id='word_1_216' title='bbox 2441 1387 2778 1444; x_wconf 87' lang='grc' dir='ltr'>δεσποτικῶν</span> <span class='ocrx_word' id='word_1_217' title='bbox 2814 1394 3043 1450; x_wconf 81' lang='grc' dir='ltr'>ἐντολῶν</span> <span class='ocrx_word' id='word_1_218' title='bbox 3073 1379 3173 1470; x_wconf 71' lang='grc' dir='ltr'><strong><em>την</em></strong></span> <span class='ocrx_word' id='word_1_219' title='bbox 3217 1379 3307 1471; x_wconf 52' lang='lat' dir='ltr'><strong><em>eg}—</em></strong></span> 
     </span>
    </p>
   </div>
   <div class='ocr_carea' id='block_1_33' title="bbox 1721 1461 3307 1552">
    <p class='ocr_par' dir='ltr' id='par_1_33' title="bbox 1721 1461 3307 1552">
     <span class='ocr_line' id='line_1_33' title="bbox 1721 1461 3307 1552; baseline 0.015 -39"><span class='ocrx_word' id='word_1_220' title='bbox 1721 1461 1922 1552; x_wconf 70' lang='grc' dir='ltr'>γασίαν</span> <span class='ocrx_word' id='word_1_221' title='bbox 1949 1463 2312 1552; x_wconf 82' lang='grc' dir='ltr'>πληροῦντας,</span> <span class='ocrx_word' id='word_1_222' title='bbox 2340 1469 2477 1540; x_wconf 89' lang='grc' dir='ltr'><strong><em>μετά</em></strong></span> <span class='ocrx_word' id='word_1_223' title='bbox 2504 1471 2690 1537; x_wconf 75' lang='grc' dir='ltr'>ἐλέους</span> <span class='ocrx_word' id='word_1_224' title='bbox 2707 1479 2802 1528; x_wconf 65' lang='grc' dir='ltr'><strong><em>καὶ</em></strong></span> <span class='ocrx_word' id='word_1_225' title='bbox 2819 1478 3060 1549; x_wconf 87' lang='grc' dir='ltr'>φαιδρῶν</span> <span class='ocrx_word' id='word_1_226' title='bbox 3088 1461 3307 1552; x_wconf 74' lang='grc' dir='ltr'>λαμπά-</span> 
     </span>
    </p>
   </div>
   <div class='ocr_carea' id='block_1_34' title="bbox 1720 1543 3305 1639">
    <p class='ocr_par' dir='ltr' id='par_1_34' title="bbox 1720 1543 3305 1639">
     <span class='ocr_line' id='line_1_34' title="bbox 1720 1543 3305 1639; baseline 0.016 -43"><span class='ocrx_word' id='word_1_227' title='bbox 1720 1543 1826 1597; x_wconf 85' lang='grc' dir='ltr'><strong><em>δων</em></strong></span> <span class='ocrx_word' id='word_1_228' title='bbox 1852 1546 2160 1639; x_wconf 77' lang='grc' dir='ltr'>ἀπαντῆσαι</span> <span class='ocrx_word' id='word_1_229' title='bbox 2186 1552 2243 1602; x_wconf 85' lang='grc' dir='ltr'><strong><em>ἐν</em></strong></span> <span class='ocrx_word' id='word_1_230' title='bbox 2271 1553 2456 1624; x_wconf 80' lang='grc' dir='ltr'>ἡμέρᾳ</span> <span class='ocrx_word' id='word_1_231' title='bbox 2484 1555 2583 1625; x_wconf 83' lang='grc' dir='ltr'>τῆς</span> <span class='ocrx_word' id='word_1_232' title='bbox 2621 1543 2972 1626; x_wconf 74' lang='grc' dir='ltr'>ἀναστάσεως</span> <span class='ocrx_word' id='word_1_233' title='bbox 2998 1564 3024 1603; x_wconf 72' lang='grc' dir='ltr'>δ</span> <span class='ocrx_word' id='word_1_234' title='bbox 3052 1543 3203 1637; x_wconf 74' lang='grc' dir='ltr'>αὑτῶ</span> <span class='ocrx_word' id='word_1_235' title='bbox 3226 1568 3305 1639; x_wconf 81' lang='grc' dir='ltr'>τῷ</span> 
     </span>
    </p>
   </div>
   <div class='ocr_carea' id='block_1_35' title="bbox 1722 1631 3306 1717">
    <p class='ocr_par' dir='ltr' id='par_1_35' title="bbox 1722 1631 3306 1717">
     <span class='ocr_line' id='line_1_35' title="bbox 1722 1631 3306 1717; baseline 0.018 -38"><span class='ocrx_word' id='word_1_236' title='bbox 1722 1631 2029 1717; x_wconf 61' lang='grc' dir='ltr'>έπρυρανίῳ</span> <span class='ocrx_word' id='word_1_237' title='bbox 2056 1636 2295 1707; x_wconf 81' lang='grc' dir='ltr'>νυμφίῳ,</span> <span class='ocrx_word' id='word_1_238' title='bbox 2322 1640 2733 1711; x_wconf 86' lang='grc' dir='ltr'>προσφέροντας</span> <span class='ocrx_word' id='word_1_239' title='bbox 2754 1645 2906 1717; x_wconf 83' lang='grc' dir='ltr'><strong><em>αὐτῷ</em></strong></span> <span class='ocrx_word' id='word_1_240' title='bbox 2934 1631 3221 1717; x_wconf 73' lang='grc' dir='ltr'>πλείστους</span> <span class='ocrx_word' id='word_1_241' title='bbox 3245 1631 3306 1709; x_wconf 69' lang='grc' dir='ltr'>ὲν</span> 
     </span>
    </p>
   </div>
   <div class='ocr_carea' id='block_1_36' title="bbox 1719 1710 3304 1807">
    <p class='ocr_par' dir='ltr' id='par_1_36' title="bbox 1719 1710 3304 1807">
     <span class='ocr_line' id='line_1_36' title="bbox 1719 1710 3304 1807; baseline 0.016 -43"><span class='ocrx_word' id='word_1_242' title='bbox 1719 1710 1845 1807; x_wconf 63' lang='grc' dir='ltr'>δόξῃ</span> <span class='ocrx_word' id='word_1_243' title='bbox 1867 1714 2250 1807; x_wconf 66' lang='grc' dir='ltr'>ωφεληθέντας</span> <span class='ocrx_word' id='word_1_244' title='bbox 2284 1722 2351 1807; x_wconf 67' lang='grc' dir='ltr'><strong><em>εκ</em></strong></span> <span class='ocrx_word' id='word_1_245' title='bbox 2375 1722 2475 1807; x_wconf 74' lang='grc' dir='ltr'>τῆς</span> <span class='ocrx_word' id='word_1_246' title='bbox 2513 1710 2670 1793; x_wconf 80' lang='grc' dir='ltr'>ἡμῶν</span> <span class='ocrx_word' id='word_1_247' title='bbox 2708 1710 3086 1798; x_wconf 81' lang='grc' dir='ltr'>συμπαθείας,</span> <span class='ocrx_word' id='word_1_248' title='bbox 3117 1710 3304 1807; x_wconf 81' lang='grc' dir='ltr'>χάριτι</span> 
     </span>
    </p>
   </div>
   <div class='ocr_carea' id='block_1_37' title="bbox 1721 1798 3299 1889">
    <p class='ocr_par' dir='ltr' id='par_1_37' title="bbox 1721 1798 3299 1889">
     <span class='ocr_line' id='line_1_37' title="bbox 1721 1798 3299 1889; baseline 0.018 -41"><span class='ocrx_word' id='word_1_249' title='bbox 1721 1798 1814 1849; x_wconf 80' lang='grc' dir='ltr'><strong><em>καὶ</em></strong></span> <span class='ocrx_word' id='word_1_250' title='bbox 1834 1798 2026 1867; x_wconf 84' lang='grc' dir='ltr'>φιλανθ</span> <span class='ocrx_word' id='word_1_251' title='bbox 2034 1802 2216 1876; x_wconf 80' lang='grc' dir='ltr'>ρωπίᾳ</span> <span class='ocrx_word' id='word_1_252' title='bbox 2237 1805 2403 1859; x_wconf 78' lang='grc' dir='ltr'>αὑτοῦ</span> <span class='ocrx_word' id='word_1_253' title='bbox 2424 1809 2515 1860; x_wconf 82' lang='grc' dir='ltr'><strong><em>τοῦ</em></strong></span> <span class='ocrx_word' id='word_1_254' title='bbox 2542 1813 2863 1880; x_wconf 81' lang='grc' dir='ltr'>μονογενοῦς</span> <span class='ocrx_word' id='word_1_255' title='bbox 2881 1815 3009 1870; x_wconf 81' lang='grc' dir='ltr'>Υίοῦ</span> <span class='ocrx_word' id='word_1_256' title='bbox 3032 1818 3125 1872; x_wconf 82' lang='grc' dir='ltr'><strong><em>τοῦ</em></strong></span> <span class='ocrx_word' id='word_1_257' title='bbox 3141 1798 3299 1889; x_wconf 74' lang='grc' dir='ltr'>Θεοῦ,</span> 
     </span>
    </p>
   </div>
   <div class='ocr_carea' id='block_1_38' title="bbox 1723 1878 3302 1974">
    <p class='ocr_par' dir='ltr' id='par_1_38' title="bbox 1723 1878 3302 1974">
     <span class='ocr_line' id='line_1_38' title="bbox 1723 1878 3302 1974; baseline 0.018 -42"><span class='ocrx_word' id='word_1_258' title='bbox 1723 1878 1927 1974; x_wconf 44' lang='grc' dir='ltr'>μεθ’-ού</span> <span class='ocrx_word' id='word_1_259' title='bbox 1955 1884 2244 1974; x_wconf 21' lang='grc' dir='ltr'>τῷμΠατρὶ</span> <span class='ocrx_word' id='word_1_260' title='bbox 2268 1888 2392 1974; x_wconf 78' lang='grc' dir='ltr'>δόξα</span> <span class='ocrx_word' id='word_1_261' title='bbox 2427 1878 2644 1964; x_wconf 82' lang='grc' dir='ltr'>ἆματῷ</span> <span class='ocrx_word' id='word_1_262' title='bbox 2683 1878 2824 1969; x_wconf 79' lang='grc' dir='ltr'>ἀγίῳ</span> <span class='ocrx_word' id='word_1_263' title='bbox 2867 1900 3178 1974; x_wconf 86' lang='grc' dir='ltr'>Πνεύματι,</span> <span class='ocrx_word' id='word_1_264' title='bbox 3207 1878 3302 1962; x_wconf 68' lang='grc' dir='ltr'>νῦν</span> 
     </span>
    </p>
   </div>
   <div class='ocr_carea' id='block_1_39' title="bbox 1718 1963 2660 2046">
    <p class='ocr_par' dir='ltr' id='par_1_39' title="bbox 1718 1963 2660 2046">
     <span class='ocr_line' id='line_1_39' title="bbox 1718 1963 2660 2046; baseline 0.016 -31"><span class='ocrx_word' id='word_1_265' title='bbox 1718 1963 1810 2016; x_wconf 73' lang='grc' dir='ltr'>καὶ</span> <span class='ocrx_word' id='word_1_266' title='bbox 1839 1966 1945 2033; x_wconf 74' lang='grc' dir='ltr'>ἀεὶ,</span> <span class='ocrx_word' id='word_1_267' title='bbox 1979 1970 2071 2021; x_wconf 72' lang='grc' dir='ltr'><strong><em>καὶ</em></strong></span> <span class='ocrx_word' id='word_1_268' title='bbox 2093 1972 2170 2034; x_wconf 86' lang='grc' dir='ltr'><strong><em>είς</em></strong></span> <span class='ocrx_word' id='word_1_269' title='bbox 2206 1971 2425 2035; x_wconf 85' lang='grc' dir='ltr'>αἰῶνας.</span> <span class='ocrx_word' id='word_1_270' title='bbox 2471 1963 2660 2046; x_wconf 78' lang='grc' dir='ltr'>Ἀμήν.</span> 
     </span>
    </p>
   </div>
   <div class='ocr_carea' id='block_1_40' title="bbox 81 2105 1602 2205">
    <p class='ocr_par' dir='ltr' id='par_1_40' title="bbox 81 2105 645 2178">
     <span class='ocr_line' id='line_1_40' title="bbox 81 2105 645 2178; baseline 0.004 -17"><span class='ocrx_word' id='word_1_271' title='bbox 81 2105 105 2130; x_wconf 84' lang='grc'><strong><em>⁸</em></strong></span> <span class='ocrx_word' id='word_1_272' title='bbox 125 2108 287 2161; x_wconf 75' lang='lat' dir='ltr'><strong><em>Vatie.</em></strong></span> <span class='ocrx_word' id='word_1_273' title='bbox 310 2117 368 2175; x_wconf 83' lang='grc' dir='ltr'>τῇ</span> <span class='ocrx_word' id='word_1_274' title='bbox 396 2114 645 2178; x_wconf 76' lang='grc' dir='ltr'>παρουσίᾳ.</span> 
     </span>
    </p>
   </div>
   <div class='ocr_carea' id='block_1_41' title="bbox 1716 2105 2332 2205">
    <p class='ocr_par' dir='ltr' id='par_1_41' title="bbox 1778 2134 2332 2205">
     <span class='ocr_line' id='line_1_41' title="bbox 1778 2134 2332 2205; baseline 0.032 -25"><span class='ocrx_word' id='word_1_275' title='bbox 1778 2134 1809 2175; x_wconf 74' lang='lat' dir='ltr'><strong><em>b</em></strong></span> <span class='ocrx_word' id='word_1_276' title='bbox 1833 2135 1985 2185; x_wconf 86' lang='lat' dir='ltr'><strong><em>Valic.</em></strong></span> <span class='ocrx_word' id='word_1_277' title='bbox 2012 2146 2093 2198; x_wconf 82' lang='grc' dir='ltr'>τῆς</span> <span class='ocrx_word' id='word_1_278' title='bbox 2116 2146 2332 2205; x_wconf 76' lang='grc' dir='ltr'>κρίσεως.</span> 
     </span>
    </p>
   </div>
   <div class='ocr_carea' id='block_1_42' title="bbox 51 2413 3266 2509">
    <p class='ocr_par' dir='ltr' id='par_1_42' title="bbox 51 2413 3266 2509">
     <span class='ocr_line' id='line_1_42' title="bbox 51 2413 3266 2509; baseline 0.012 -63"><span class='ocrx_word' id='word_1_279' title='bbox 51 2413 3266 2509; x_wconf 48' lang='grc' dir='ltr'>Ἢ</span> 
     </span>
    </p>
   </div>
   <div class='ocr_carea' id='block_1_43' title="bbox 1502 2682 1905 2751">
    <p class='ocr_par' dir='ltr' id='par_1_43' title="bbox 1502 2682 1905 2751">
     <span class='ocr_line' id='line_1_43' title="bbox 1502 2682 1905 2751; baseline 0.02 -9"><span class='ocrx_word' id='word_1_280' title='bbox 1502 2682 1905 2751; x_wconf 84' lang='grc' dir='ltr'><strong><em>ΜΟΝΙΤΠΜ.</em></strong></span> 
     </span>
    </p>
   </div>
   <div class='ocr_carea' id='block_1_44' title="bbox 41 3208 1623 3295">
    <p class='ocr_par' dir='ltr' id='par_1_44' title="bbox 41 3208 1623 3295">
     <span class='ocr_line' id='line_1_44' title="bbox 41 3208 1623 3295; baseline 0.013 -37"><span class='ocrx_word' id='word_1_281' title='bbox 41 3208 340 3278; x_wconf 82' lang='grc' dir='ltr'>επείγοντα</span> <span class='ocrx_word' id='word_1_282' title='bbox 361 3213 495 3282; x_wconf 83' lang='grc' dir='ltr'>ἡμῖν</span> <span class='ocrx_word' id='word_1_283' title='bbox 517 3214 545 3266; x_wconf 85' lang='grc' dir='ltr'>ὁ</span> <span class='ocrx_word' id='word_1_284' title='bbox 567 3214 722 3283; x_wconf 85' lang='grc' dir='ltr'>λόγος</span> <span class='ocrx_word' id='word_1_285' title='bbox 742 3216 1019 3288; x_wconf 82' lang='grc' dir='ltr'>ὥρμηται,</span> <span class='ocrx_word' id='word_1_286' title='bbox 1035 3219 1107 3274; x_wconf 81' lang='grc' dir='ltr'>τὰ</span> <span class='ocrx_word' id='word_1_287' title='bbox 1128 3222 1368 3295; x_wconf 81' lang='grc' dir='ltr'>σήμερον</span> <span class='ocrx_word' id='word_1_288' title='bbox 1396 3223 1503 3277; x_wconf 81' lang='grc' dir='ltr'>ὑπὸ</span> <span class='ocrx_word' id='word_1_289' title='bbox 1525 3224 1623 3295; x_wconf 80' lang='grc' dir='ltr'>τῆς</span> 
     </span>
    </p>
   </div>
   <div class='ocr_carea' id='block_1_45' title="bbox 44 3310 1622 3396">
    <p class='ocr_par' dir='ltr' id='par_1_45' title="bbox 44 3310 1622 3396">
     <span class='ocr_line' id='line_1_45' title="bbox 44 3310 1622 3396; baseline 0.013 -34"><span class='ocrx_word' id='word_1_290' title='bbox 44 3310 251 3373; x_wconf 84' lang='grc' dir='ltr'>πόλεος</span> <span class='ocrx_word' id='word_1_291' title='bbox 285 3312 503 3385; x_wconf 80' lang='grc' dir='ltr'>ἀπάσης</span> <span class='ocrx_word' id='word_1_292' title='bbox 540 3316 940 3390; x_wconf 79' lang='grc' dir='ltr'>ἁμαρτηθέντα.</span> <span class='ocrx_word' id='word_1_293' title='bbox 984 3321 1122 3386; x_wconf 81' lang='grc' dir='ltr'>Τοὺς</span> <span class='ocrx_word' id='word_1_294' title='bbox 1165 3323 1274 3396; x_wconf 83' lang='grc' dir='ltr'><strong><em>γὰρ</em></strong></span> <span class='ocrx_word' id='word_1_295' title='bbox 1323 3324 1622 3392; x_wconf 86' lang='grc' dir='ltr'>ἀκούοντας</span> 
     </span>
    </p>
   </div>
   <div class='ocr_carea' id='block_1_46' title="bbox 34 3412 1619 3499">
    <p class='ocr_par' dir='ltr' id='par_1_46' title="bbox 34 3412 1619 3499">
     <span class='ocr_line' id='line_1_46' title="bbox 34 3412 1619 3499; baseline 0.013 -35"><span class='ocrx_word' id='word_1_296' title='bbox 34 3412 148 3465; x_wconf 88' lang='grc' dir='ltr'><strong><em>τῶν</em></strong></span> <span class='ocrx_word' id='word_1_297' title='bbox 188 3415 481 3485; x_wconf 78' lang='grc' dir='ltr'>ἐγκωμίων</span> <span class='ocrx_word' id='word_1_298' title='bbox 527 3418 775 3483; x_wconf 89' lang='grc' dir='ltr'>Παύλου,</span> <span class='ocrx_word' id='word_1_299' title='bbox 821 3422 1086 3495; x_wconf 87' lang='grc' dir='ltr'>πρότερον</span> <span class='ocrx_word' id='word_1_300' title='bbox 1130 3426 1229 3495; x_wconf 86' lang='grc' dir='ltr'>τῆς</span> <span class='ocrx_word' id='word_1_301' title='bbox 1273 3427 1474 3499; x_wconf 84' lang='grc' dir='ltr'>ἀρετῆς</span> <span class='ocrx_word' id='word_1_302' title='bbox 1524 3431 1619 3485; x_wconf 80' lang='grc' dir='ltr'>τοῦ</span> 
     </span>
    </p>
   </div>
   <div class='ocr_carea' id='block_1_47' title="bbox 38 3514 1618 3603">
    <p class='ocr_par' dir='ltr' id='par_1_47' title="bbox 38 3514 1618 3603">
     <span class='ocr_line' id='line_1_47' title="bbox 38 3514 1618 3603; baseline 0.015 -38"><span class='ocrx_word' id='word_1_303' title='bbox 38 3514 260 3568; x_wconf 83' lang='grc' dir='ltr'>Παύλου</span> <span class='ocrx_word' id='word_1_304' title='bbox 293 3514 539 3587; x_wconf 78' lang='grc' dir='ltr'>ζηλωτὰς</span> <span class='ocrx_word' id='word_1_305' title='bbox 571 3516 711 3575; x_wconf 77' lang='grc' dir='ltr'>εἶναι</span> <span class='ocrx_word' id='word_1_306' title='bbox 736 3524 861 3595; x_wconf 81' lang='grc' dir='ltr'>χρὴ,</span> <span class='ocrx_word' id='word_1_307' title='bbox 896 3527 990 3579; x_wconf 76' lang='grc' dir='ltr'>καὶ</span> <span class='ocrx_word' id='word_1_308' title='bbox 1026 3529 1128 3598; x_wconf 79' lang='grc' dir='ltr'><strong><em>τῆς</em></strong></span> <span class='ocrx_word' id='word_1_309' title='bbox 1170 3529 1376 3602; x_wconf 89' lang='grc' dir='ltr'>ταύτης</span> <span class='ocrx_word' id='word_1_310' title='bbox 1414 3532 1618 3603; x_wconf 82' lang='grc' dir='ltr'>ἀκροά-</span> 
     </span>
    </p>
   </div>
   <div class='ocr_carea' id='block_1_48' title="bbox 39 3616 1619 3696">
    <p class='ocr_par' dir='ltr' id='par_1_48' title="bbox 39 3616 1619 3696">
     <span class='ocr_line' id='line_1_48' title="bbox 39 3616 1619 3696; baseline 0.014 -29"><span class='ocrx_word' id='word_1_311' title='bbox 39 3632 183 3680; x_wconf 89' lang='grc' dir='ltr'>σεως</span> <span class='ocrx_word' id='word_1_312' title='bbox 217 3616 393 3681; x_wconf 85' lang='grc' dir='ltr'>ἀξίου.</span> <span class='ocrx_word' id='word_1_313' title='bbox 425 3620 463 3674; x_wconf 85' lang='grc' dir='ltr'><strong><em>Ι.</em></strong></span> <span class='ocrx_word' id='word_1_314' title='bbox 498 3636 548 3675; x_wconf 85' lang='lat' dir='ltr'><strong><em>e.</em></strong></span> <span class='ocrx_word' id='word_1_315' title='bbox 585 3620 772 3692; x_wconf 84' lang='lat' dir='ltr'><strong><em>Nuper</em></strong></span> <span class='ocrx_word' id='word_1_316' title='bbox 799 3627 962 3696; x_wconf 86' lang='lat' dir='ltr'><strong><em>igitur</em></strong></span> <span class='ocrx_word' id='word_1_317' title='bbox 987 3645 1102 3683; x_wconf 86' lang='lat' dir='ltr'><strong><em>cum</em></strong></span> <span class='ocrx_word' id='word_1_318' title='bbox 1146 3630 1357 3686; x_wconf 85' lang='lat' dir='ltr'><strong><em>beatum</em></strong></span> <span class='ocrx_word' id='word_1_319' title='bbox 1386 3632 1619 3688; x_wconf 86' lang='lat' dir='ltr'><strong><em>Paulum</em></strong></span> 
     </span>
    </p>
   </div>
   <div class='ocr_carea' id='block_1_49' title="bbox 32 3719 1617 3804">
    <p class='ocr_par' dir='ltr' id='par_1_49' title="bbox 32 3719 1617 3804">
     <span class='ocr_line' id='line_1_49' title="bbox 32 3719 1617 3804; baseline 0.015 -38"><span class='ocrx_word' id='word_1_320' title='bbox 32 3719 292 3770; x_wconf 81' lang='lat' dir='ltr'><strong><em>encomiis</em></strong></span> <span class='ocrx_word' id='word_1_321' title='bbox 316 3719 717 3787; x_wconf 85' lang='lat' dir='ltr'><strong><em>celebraremus,</em></strong></span> <span class='ocrx_word' id='word_1_322' title='bbox 749 3726 828 3779; x_wconf 88' lang='lat' dir='ltr'><strong><em>ita</em></strong></span> <span class='ocrx_word' id='word_1_323' title='bbox 858 3730 1239 3795; x_wconf 74' lang='lat' dir='ltr'><strong><em>exsuttavistis,</em></strong></span> <span class='ocrx_word' id='word_1_324' title='bbox 1265 3735 1419 3803; x_wconf 84' lang='lat' dir='ltr'><strong><em>quasi</em></strong></span> <span class='ocrx_word' id='word_1_325' title='bbox 1444 3735 1617 3804; x_wconf 86' lang='lat' dir='ltr'><strong><em>ipsum</em></strong></span> 
     </span>
    </p>
   </div>
   <div class='ocr_carea' id='block_1_50' title="bbox 36 3823 1611 3888">
    <p class='ocr_par' dir='ltr' id='par_1_50' title="bbox 36 3823 1611 3888">
     <span class='ocr_line' id='line_1_50' title="bbox 36 3823 1611 3888; baseline 0.013 -19"><span class='ocrx_word' id='word_1_326' title='bbox 36 3829 353 3886; x_wconf 66' lang='lat' dir='ltr'><strong><em>prasentem</em></strong></span> <span class='ocrx_word' id='word_1_327' title='bbox 376 3823 714 3880; x_wconf 75' lang='lat' dir='ltr'><strong><em>vidissetis...</em></strong></span> <span class='ocrx_word' id='word_1_328' title='bbox 756 3826 1004 3882; x_wconf 81' lang='lat' dir='ltr'><strong><em>Volebam</em></strong></span> <span class='ocrx_word' id='word_1_329' title='bbox 1058 3841 1235 3885; x_wconf 87' lang='lat' dir='ltr'><strong><em>autem</em></strong></span> <span class='ocrx_word' id='word_1_330' title='bbox 1266 3834 1322 3885; x_wconf 90' lang='lat' dir='ltr'><strong><em>in</em></strong></span> <span class='ocrx_word' id='word_1_331' title='bbox 1351 3833 1490 3888; x_wconf 88' lang='lat' dir='ltr'><strong><em>idem</em></strong></span> <span class='ocrx_word' id='word_1_332' title='bbox 1524 3853 1611 3888; x_wconf 85' lang='lat' dir='ltr'><strong><em>ar-</em></strong></span> 
     </span>
    </p>
   </div>
   <div class='ocr_carea' id='block_1_51' title="bbox 35 3921 1610 4001">
    <p class='ocr_par' dir='ltr' id='par_1_51' title="bbox 35 3921 1610 4001">
     <span class='ocr_line' id='line_1_51' title="bbox 35 3921 1610 4001; baseline 0.011 -32"><span class='ocrx_word' id='word_1_333' title='bbox 35 3931 347 3987; x_wconf 85' lang='lat' dir='ltr'><strong><em>gumentum</em></strong></span> <span class='ocrx_word' id='word_1_334' title='bbox 376 3921 529 3975; x_wconf 84' lang='lat' dir='ltr'><strong><em>hodie</em></strong></span> <span class='ocrx_word' id='word_1_335' title='bbox 568 3923 919 3990; x_wconf 82' lang='lat' dir='ltr'><strong><em>descendere;</em></strong></span> <span class='ocrx_word' id='word_1_336' title='bbox 966 3928 1056 3981; x_wconf 82' lang='lat' dir='ltr'><strong><em>sed</em></strong></span> <span class='ocrx_word' id='word_1_337' title='bbox 1090 3928 1160 3982; x_wconf 88' lang='lat' dir='ltr'><strong><em>ad</em></strong></span> <span class='ocrx_word' id='word_1_338' title='bbox 1185 3930 1294 3984; x_wconf 88' lang='lat' dir='ltr'><strong><em>alia</em></strong></span> <span class='ocrx_word' id='word_1_339' title='bbox 1348 3932 1610 4001; x_wconf 66' lang='lat' dir='ltr'><strong><em>quedam,</em></strong></span> 
     </span>
    </p>
   </div>
   <div class='ocr_carea' id='block_1_52' title="bbox 36 4022 1610 4105">
    <p class='ocr_par' dir='ltr' id='par_1_52' title="bbox 36 4022 1610 4105">
     <span class='ocr_line' id='line_1_52' title="bbox 36 4022 1610 4105; baseline 0.013 -35"><span class='ocrx_word' id='word_1_340' title='bbox 36 4037 154 4087; x_wconf 75' lang='lat' dir='ltr'><strong><em>qua:</em></strong></span> <span class='ocrx_word' id='word_1_341' title='bbox 185 4022 357 4089; x_wconf 86' lang='lat' dir='ltr'><strong><em>magis</em></strong></span> <span class='ocrx_word' id='word_1_342' title='bbox 381 4034 587 4093; x_wconf 81' lang='lat' dir='ltr'><strong><em>urgent,</em></strong></span> <span class='ocrx_word' id='word_1_343' title='bbox 618 4029 792 4081; x_wconf 90' lang='lat' dir='ltr'><strong><em>oratio</em></strong></span> <span class='ocrx_word' id='word_1_344' title='bbox 819 4037 1003 4081; x_wconf 83' lang='lat' dir='ltr'><strong><em>nostra</em></strong></span> <span class='ocrx_word' id='word_1_345' title='bbox 1034 4032 1357 4099; x_wconf 73' lang='lat' dir='ltr'><strong><em>provehitur.</em></strong></span> <span class='ocrx_word' id='word_1_346' title='bbox 1407 4035 1459 4088; x_wconf 83' lang='lat' dir='ltr'><strong><em>in</em></strong></span> <span class='ocrx_word' id='word_1_347' title='bbox 1490 4036 1610 4105; x_wconf 86' lang='lat' dir='ltr'><strong><em>qui-</em></strong></span> 
     </span>
    </p>
   </div>
   <div class='ocr_carea' id='block_1_53' title="bbox 37 4121 1614 4208">
    <p class='ocr_par' dir='ltr' id='par_1_53' title="bbox 37 4121 1614 4208">
     <span class='ocr_line' id='line_1_53' title="bbox 37 4121 1614 4208; baseline 0.013 -37"><span class='ocrx_word' id='word_1_348' title='bbox 37 4121 190 4175; x_wconf 82' lang='lat' dir='ltr'><strong><em>busa</em></strong></span> <span class='ocrx_word' id='word_1_349' title='bbox 223 4131 335 4175; x_wconf 90' lang='lat' dir='ltr'><strong><em>tota</em></strong></span> <span class='ocrx_word' id='word_1_350' title='bbox 383 4124 536 4179; x_wconf 80' lang='lat' dir='ltr'><strong><em>hodie</em></strong></span> <span class='ocrx_word' id='word_1_351' title='bbox 587 4129 799 4182; x_wconf 85' lang='lat' dir='ltr'><strong><em>civitate</em></strong></span> <span class='ocrx_word' id='word_1_352' title='bbox 849 4139 1117 4199; x_wconf 84' lang='lat' dir='ltr'><strong><em>peccatur.</em></strong></span> <span class='ocrx_word' id='word_1_353' title='bbox 1170 4132 1277 4188; x_wconf 86' lang='lat' dir='ltr'><strong><em>Eos</em></strong></span> <span class='ocrx_word' id='word_1_354' title='bbox 1328 4137 1466 4190; x_wconf 86' lang='lat' dir='ltr'><strong><em>enim</em></strong></span> <span class='ocrx_word' id='word_1_355' title='bbox 1522 4139 1614 4208; x_wconf 84' lang='lat' dir='ltr'><strong><em>qui</em></strong></span> 
     </span>
    </p>
   </div>
   <div class='ocr_carea' id='block_1_54' title="bbox 37 4223 1613 4300">
    <p class='ocr_par' dir='ltr' id='par_1_54' title="bbox 37 4223 1613 4300">
     <span class='ocr_line' id='line_1_54' title="bbox 37 4223 1613 4300; baseline 0.011 -26"><span class='ocrx_word' id='word_1_356' title='bbox 37 4224 227 4277; x_wconf 77' lang='lat' dir='ltr'><strong><em>laudes</em></strong></span> <span class='ocrx_word' id='word_1_357' title='bbox 257 4223 421 4280; x_wconf 86' lang='lat' dir='ltr'><strong><em>Pauli</em></strong></span> <span class='ocrx_word' id='word_1_358' title='bbox 443 4228 629 4281; x_wconf 89' lang='lat' dir='ltr'><strong><em>audire</em></strong></span> <span class='ocrx_word' id='word_1_359' title='bbox 688 4230 927 4298; x_wconf 85' lang='lat' dir='ltr'><strong><em>cupiunt,</em></strong></span> <span class='ocrx_word' id='word_1_360' title='bbox 980 4232 1130 4300; x_wconf 84' lang='lat' dir='ltr'><strong><em>prius</em></strong></span> <span class='ocrx_word' id='word_1_361' title='bbox 1182 4235 1392 4290; x_wconf 78' lang='lat' dir='ltr'><strong><em>virtutis</em></strong></span> <span class='ocrx_word' id='word_1_362' title='bbox 1449 4236 1613 4292; x_wconf 86' lang='lat' dir='ltr'><strong><em>Pauli</em></strong></span> 
     </span>
    </p>
   </div>
   <div class='ocr_carea' id='block_1_55' title="bbox 36 4326 1607 4407">
    <p class='ocr_par' dir='ltr' id='par_1_55' title="bbox 36 4326 1607 4407">
     <span class='ocr_line' id='line_1_55' title="bbox 36 4326 1607 4407; baseline 0.011 -32"><span class='ocrx_word' id='word_1_363' title='bbox 36 4326 256 4379; x_wconf 57' lang='lat' dir='ltr'><strong><em>«amulos</em></strong></span> <span class='ocrx_word' id='word_1_364' title='bbox 282 4342 391 4380; x_wconf 84' lang='lat' dir='ltr'><strong><em>esse</em></strong></span> <span class='ocrx_word' id='word_1_365' title='bbox 431 4336 652 4396; x_wconf 87' lang='lat' dir='ltr'><strong><em>oportet,</em></strong></span> <span class='ocrx_word' id='word_1_366' title='bbox 688 4337 737 4382; x_wconf 88' lang='lat' dir='ltr'><strong><em>et</em></strong></span> <span class='ocrx_word' id='word_1_367' title='bbox 774 4330 1078 4399; x_wconf 86' lang='lat' dir='ltr'><strong><em>hujusmodi</em></strong></span> <span class='ocrx_word' id='word_1_368' title='bbox 1125 4334 1371 4390; x_wconf 82' lang='lat' dir='ltr'><strong><em>concione</em></strong></span> <span class='ocrx_word' id='word_1_369' title='bbox 1401 4336 1607 4407; x_wconf 83' lang='lat' dir='ltr'><strong><em>dignos.</em></strong></span> 
     </span>
    </p>
   </div>
   <div class='ocr_carea' id='block_1_56' title="bbox 36 4426 1609 4509">
    <p class='ocr_par' dir='ltr' id='par_1_56' title="bbox 36 4426 1609 4509">
     <span class='ocr_line' id='line_1_56' title="bbox 36 4426 1609 4509; baseline 0.011 -30"><span class='ocrx_word' id='word_1_370' title='bbox 36 4426 131 4483; x_wconf 81' lang='lat' dir='ltr'><strong><em>Hic</em></strong></span> <span class='ocrx_word' id='word_1_371' title='bbox 163 4428 320 4484; x_wconf 87' lang='lat' dir='ltr'><strong><em>vides</em></strong></span> <span class='ocrx_word' id='word_1_372' title='bbox 349 4431 665 4487; x_wconf 86' lang='lat' dir='ltr'><strong><em>concionem</em></strong></span> <span class='ocrx_word' id='word_1_373' title='bbox 702 4435 1035 4497; x_wconf 85' lang='lat' dir='ltr'><strong><em>memorari.</em></strong></span> <span class='ocrx_word' id='word_1_374' title='bbox 1069 4436 1229 4507; x_wconf 84' lang='lat' dir='ltr'><strong><em>cujus</em></strong></span> <span class='ocrx_word' id='word_1_375' title='bbox 1288 4438 1609 4509; x_wconf 86' lang='lat' dir='ltr'><strong><em>hypothesis</em></strong></span> 
     </span>
    </p>
   </div>
   <div class='ocr_carea' id='block_1_57' title="bbox 35 4533 1609 4611">
    <p class='ocr_par' dir='ltr' id='par_1_57' title="bbox 35 4533 1609 4611">
     <span class='ocr_line' id='line_1_57' title="bbox 35 4533 1609 4611; baseline 0.007 -27"><span class='ocrx_word' id='word_1_376' title='bbox 35 4546 129 4585; x_wconf 89' lang='lat' dir='ltr'><strong><em>seu</em></strong></span> <span class='ocrx_word' id='word_1_377' title='bbox 165 4543 553 4601; x_wconf 80' lang='lat' dir='ltr'><strong><em>argumentum</em></strong></span> <span class='ocrx_word' id='word_1_378' title='bbox 593 4543 749 4589; x_wconf 91' lang='lat' dir='ltr'><strong><em>erant</em></strong></span> <span class='ocrx_word' id='word_1_379' title='bbox 776 4533 927 4589; x_wconf 83' lang='lat' dir='ltr'><strong><em>Pauli</em></strong></span> <span class='ocrx_word' id='word_1_380' title='bbox 960 4536 1188 4604; x_wconf 89' lang='lat' dir='ltr'><strong><em>laudes;</em></strong></span> <span class='ocrx_word' id='word_1_381' title='bbox 1240 4544 1404 4608; x_wconf 83' lang='lat' dir='ltr'><strong><em>atque</em></strong></span> <span class='ocrx_word' id='word_1_382' title='bbox 1429 4538 1609 4611; x_wconf 77' lang='lat' dir='ltr'><strong><em>Chry-</em></strong></span> 
     </span>
    </p>
   </div>
   <div class='ocr_carea' id='block_1_58' title="bbox 40 4632 1609 4702">
    <p class='ocr_par' dir='ltr' id='par_1_58' title="bbox 40 4632 1609 4702">
     <span class='ocr_line' id='line_1_58' title="bbox 40 4632 1609 4702; baseline 0.008 -18"><span class='ocrx_word' id='word_1_383' title='bbox 40 4641 343 4686; x_wconf 84' lang='lat' dir='ltr'><strong><em>sostomum</em></strong></span> <span class='ocrx_word' id='word_1_384' title='bbox 378 4632 615 4702; x_wconf 91' lang='lat' dir='ltr'><strong><em>idipsum</em></strong></span> <span class='ocrx_word' id='word_1_385' title='bbox 671 4644 1052 4700; x_wconf 67' lang='lat' dir='ltr'><strong><em>argumentum</em></strong></span> <span class='ocrx_word' id='word_1_386' title='bbox 1085 4637 1208 4694; x_wconf 90' lang='lat' dir='ltr'><strong><em>aliis</em></strong></span> <span class='ocrx_word' id='word_1_387' title='bbox 1239 4639 1293 4693; x_wconf 90' lang='lat' dir='ltr'><strong><em>in</em></strong></span> <span class='ocrx_word' id='word_1_388' title='bbox 1324 4641 1609 4696; x_wconf 87' lang='lat' dir='ltr'><strong><em>concioni-</em></strong></span> 
     </span>
    </p>
   </div>
   <div class='ocr_carea' id='block_1_59' title="bbox 35 4734 1603 4813">
    <p class='ocr_par' dir='ltr' id='par_1_59' title="bbox 35 4734 1603 4813">
     <span class='ocr_line' id='line_1_59' title="bbox 35 4734 1603 4813; baseline 0.008 -27"><span class='ocrx_word' id='word_1_389' title='bbox 35 4734 136 4789; x_wconf 90' lang='lat' dir='ltr'><strong><em>bus</em></strong></span> <span class='ocrx_word' id='word_1_390' title='bbox 167 4745 414 4805; x_wconf 86' lang='lat' dir='ltr'><strong><em>repetere</em></strong></span> <span class='ocrx_word' id='word_1_391' title='bbox 434 4737 815 4792; x_wconf 83' lang='lat' dir='ltr'><strong><em>destinavisse.</em></strong></span> <span class='ocrx_word' id='word_1_392' title='bbox 870 4736 1026 4805; x_wconf 86' lang='lat' dir='ltr'><strong><em>Quod</em></strong></span> <span class='ocrx_word' id='word_1_393' title='bbox 1085 4755 1210 4795; x_wconf 91' lang='lat' dir='ltr'><strong><em>cum</em></strong></span> <span class='ocrx_word' id='word_1_394' title='bbox 1262 4743 1603 4813; x_wconf 87' lang='lat' dir='ltr'><strong><em>exploratum</em></strong></span> 
     </span>
    </p>
   </div>
   <div class='ocr_carea' id='block_1_60' title="bbox 36 4837 1606 4913">
    <p class='ocr_par' dir='ltr' id='par_1_60' title="bbox 36 4837 1606 4913">
     <span class='ocr_line' id='line_1_60' title="bbox 36 4837 1606 4913; baseline 0.006 -24"><span class='ocrx_word' id='word_1_395' title='bbox 36 4837 123 4897; x_wconf 83' lang='lat' dir='ltr'><strong><em>sit,</em></strong></span> <span class='ocrx_word' id='word_1_396' title='bbox 155 4837 289 4907; x_wconf 90' lang='lat' dir='ltr'><strong><em>quid</em></strong></span> <span class='ocrx_word' id='word_1_397' title='bbox 322 4838 467 4892; x_wconf 82' lang='lat' dir='ltr'><strong><em>aliud</em></strong></span> <span class='ocrx_word' id='word_1_398' title='bbox 520 4838 609 4891; x_wconf 89' lang='lat' dir='ltr'><strong><em>hic</em></strong></span> <span class='ocrx_word' id='word_1_399' title='bbox 662 4838 890 4892; x_wconf 88' lang='lat' dir='ltr'><strong><em>indicari</em></strong></span> <span class='ocrx_word' id='word_1_400' title='bbox 920 4848 1122 4909; x_wconf 90' lang='lat' dir='ltr'><strong><em>potest,</em></strong></span> <span class='ocrx_word' id='word_1_401' title='bbox 1175 4856 1341 4910; x_wconf 90' lang='lat' dir='ltr'><strong><em>quam</em></strong></span> <span class='ocrx_word' id='word_1_402' title='bbox 1399 4852 1606 4913; x_wconf 87' lang='lat' dir='ltr'><strong><em>septem</em></strong></span> 
     </span>
    </p>
   </div>
   <div class='ocr_carea' id='block_1_61' title="bbox 34 4936 1608 5012">
    <p class='ocr_par' dir='ltr' id='par_1_61' title="bbox 34 4936 1608 5012">
     <span class='ocr_line' id='line_1_61' title="bbox 34 4936 1608 5012; baseline 0.007 -24"><span class='ocrx_word' id='word_1_403' title='bbox 34 4936 135 4992; x_wconf 77' lang='lat' dir='ltr'><strong><em>illa:</em></strong></span> <span class='ocrx_word' id='word_1_404' title='bbox 190 4939 262 4992; x_wconf 89' lang='lat' dir='ltr'><strong><em>de</em></strong></span> <span class='ocrx_word' id='word_1_405' title='bbox 320 4937 475 4993; x_wconf 81' lang='lat' dir='ltr'><strong><em>Pauli</em></strong></span> <span class='ocrx_word' id='word_1_406' title='bbox 508 4939 762 4995; x_wconf 85' lang='lat' dir='ltr'><strong><em>laudibus</em></strong></span> <span class='ocrx_word' id='word_1_407' title='bbox 795 4940 1053 5005; x_wconf 70' lang='lat' dir='ltr'><strong><em>homiliaa,</em></strong></span> <span class='ocrx_word' id='word_1_408' title='bbox 1086 4956 1225 5012; x_wconf 87' lang='lat' dir='ltr'><strong><em>quas</em></strong></span> <span class='ocrx_word' id='word_1_409' title='bbox 1274 4942 1416 4998; x_wconf 88' lang='lat' dir='ltr'><strong><em>infra</em></strong></span> <span class='ocrx_word' id='word_1_410' title='bbox 1467 4944 1608 4999; x_wconf 88' lang='lat' dir='ltr'><strong><em>inter</em></strong></span> 
     </span>
    </p>
   </div>
   <div class='ocr_carea' id='block_1_62' title="bbox 33 5041 1607 5112">
    <p class='ocr_par' dir='ltr' id='par_1_62' title="bbox 33 5041 1607 5112">
     <span class='ocr_line' id='line_1_62' title="bbox 33 5041 1607 5112; baseline 0.005 -19"><span class='ocrx_word' id='word_1_411' title='bbox 33 5055 315 5096; x_wconf 87' lang='lat' dir='ltr'><strong><em>sermones</em></strong></span> <span class='ocrx_word' id='word_1_412' title='bbox 348 5042 708 5112; x_wconf 71' lang='lat' dir='ltr'><strong><em>panegyricos</em></strong></span> <span class='ocrx_word' id='word_1_413' title='bbox 736 5042 1001 5097; x_wconf 78' lang='lat' dir='ltr'><strong><em>edemus!</em></strong></span> <span class='ocrx_word' id='word_1_414' title='bbox 1028 5041 1139 5098; x_wconf 74' lang='lat' dir='ltr'><strong><em>Illae</em></strong></span> <span class='ocrx_word' id='word_1_415' title='bbox 1190 5053 1369 5100; x_wconf 78' lang='lat' dir='ltr'><strong><em>autem</em></strong></span> <span class='ocrx_word' id='word_1_416' title='bbox 1426 5046 1607 5101; x_wconf 84' lang='lat' dir='ltr'><strong><em>homi-</em></strong></span> 
     </span>
    </p>
   </div>
   <div class='ocr_carea' id='block_1_63' title="bbox 32 5139 1605 5213">
    <p class='ocr_par' dir='ltr' id='par_1_63' title="bbox 32 5139 1605 5213">
     <span class='ocr_line' id='line_1_63' title="bbox 32 5139 1605 5213; baseline 0.006 -21"><span class='ocrx_word' id='word_1_417' title='bbox 32 5139 112 5195; x_wconf 84' lang='lat' dir='ltr'><strong><em>liae</em></strong></span> <span class='ocrx_word' id='word_1_418' title='bbox 141 5143 346 5196; x_wconf 88' lang='lat' dir='ltr'><strong><em>nullam</em></strong></span> <span class='ocrx_word' id='word_1_419' title='bbox 402 5158 513 5212; x_wconf 75' lang='lat' dir='ltr'><strong><em>pra:</em></strong></span> <span class='ocrx_word' id='word_1_420' title='bbox 542 5157 601 5197; x_wconf 87' lang='lat' dir='ltr'><strong><em>se</em></strong></span> <span class='ocrx_word' id='word_1_421' title='bbox 660 5141 844 5196; x_wconf 91' lang='lat' dir='ltr'><strong><em>ferunt</em></strong></span> <span class='ocrx_word' id='word_1_422' title='bbox 904 5143 1168 5213; x_wconf 85' lang='lat' dir='ltr'><strong><em>temporis</em></strong></span> <span class='ocrx_word' id='word_1_423' title='bbox 1218 5153 1443 5200; x_wconf 87' lang='lat' dir='ltr'><strong><em>notam:</em></strong></span> <span class='ocrx_word' id='word_1_424' title='bbox 1501 5146 1605 5202; x_wconf 91' lang='lat' dir='ltr'><strong><em>hoc</em></strong></span> 
     </span>
    </p>
   </div>
   <div class='ocr_carea' id='block_1_64' title="bbox 41 5240 1605 5314">
    <p class='ocr_par' dir='ltr' id='par_1_64' title="bbox 41 5240 1605 5314">
     <span class='ocr_line' id='line_1_64' title="bbox 41 5240 1605 5314; baseline 0.008 -24"><span class='ocrx_word' id='word_1_425' title='bbox 41 5256 202 5295; x_wconf 90' lang='lat' dir='ltr'><strong><em>unum</em></strong></span> <span class='ocrx_word' id='word_1_426' title='bbox 236 5256 303 5296; x_wconf 83' lang='lat' dir='ltr'><strong><em>ex</em></strong></span> <span class='ocrx_word' id='word_1_427' title='bbox 351 5240 457 5297; x_wconf 89' lang='lat' dir='ltr'><strong><em>hac</em></strong></span> <span class='ocrx_word' id='word_1_428' title='bbox 485 5242 553 5297; x_wconf 91' lang='lat' dir='ltr'><strong><em>de</em></strong></span> <span class='ocrx_word' id='word_1_429' title='bbox 584 5241 843 5297; x_wconf 88' lang='lat' dir='ltr'><strong><em>Kalendis</em></strong></span> <span class='ocrx_word' id='word_1_430' title='bbox 894 5242 1118 5297; x_wconf 88' lang='lat' dir='ltr'><strong><em>homilia</em></strong></span> <span class='ocrx_word' id='word_1_431' title='bbox 1177 5245 1446 5313; x_wconf 82' lang='lat' dir='ltr'><strong><em>expiscari</em></strong></span> <span class='ocrx_word' id='word_1_432' title='bbox 1480 5261 1605 5314; x_wconf 88' lang='lat' dir='ltr'><strong><em>pos-</em></strong></span> 
     </span>
    </p>
   </div>
   <div class='ocr_carea' id='block_1_65' title="bbox 36 5330 1599 5413">
    <p class='ocr_par' dir='ltr' id='par_1_65' title="bbox 36 5330 1599 5413">
     <span class='ocr_line' id='line_1_65' title="bbox 36 5330 1599 5413; baseline 0.006 -20"><span class='ocrx_word' id='word_1_433' title='bbox 36 5356 246 5408; x_wconf 89' lang='lat' dir='ltr'><strong><em>sumus,</em></strong></span> <span class='ocrx_word' id='word_1_434' title='bbox 278 5342 422 5412; x_wconf 87' lang='lat' dir='ltr'><strong><em>quod</em></strong></span> <span class='ocrx_word' id='word_1_435' title='bbox 455 5330 629 5399; x_wconf 27' lang='lat' dir='ltr'><strong><em>etiam.</em></strong></span> <span class='ocrx_word' id='word_1_436' title='bbox 652 5356 719 5396; x_wconf 80' lang='lat' dir='ltr'><strong><em>ex</em></strong></span> <span class='ocrx_word' id='word_1_437' title='bbox 750 5351 944 5413; x_wconf 79' lang='lat' dir='ltr'><strong><em>quarta</em></strong></span> <span class='ocrx_word' id='word_1_438' title='bbox 1002 5345 1058 5398; x_wconf 89' lang='lat' dir='ltr'><strong><em>in</em></strong></span> <span class='ocrx_word' id='word_1_439' title='bbox 1112 5342 1339 5399; x_wconf 87' lang='lat' dir='ltr'><strong><em>Paulum</em></strong></span> <span class='ocrx_word' id='word_1_440' title='bbox 1374 5347 1599 5403; x_wconf 87' lang='lat' dir='ltr'><strong><em>homilia</em></strong></span> 
     </span>
    </p>
   </div>
   <div class='ocr_carea' id='block_1_66' title="bbox 40 5442 1601 5515">
    <p class='ocr_par' dir='ltr' id='par_1_66' title="bbox 40 5442 1601 5515">
     <span class='ocr_line' id='line_1_66' title="bbox 40 5442 1601 5515; baseline 0.006 -21"><span class='ocrx_word' id='word_1_441' title='bbox 40 5446 416 5507; x_wconf 68' lang='lat' dir='ltr'><strong><em>confirmatur,</em></strong></span> <span class='ocrx_word' id='word_1_442' title='bbox 455 5442 626 5499; x_wconf 88' lang='lat' dir='ltr'><strong><em>fuisse</em></strong></span> <span class='ocrx_word' id='word_1_443' title='bbox 652 5443 795 5507; x_wconf 88' lang='lat' dir='ltr'><strong><em>illas,</em></strong></span> <span class='ocrx_word' id='word_1_444' title='bbox 826 5443 1051 5513; x_wconf 86' lang='lat' dir='ltr'><strong><em>perinde</em></strong></span> <span class='ocrx_word' id='word_1_445' title='bbox 1100 5454 1264 5515; x_wconf 91' lang='lat' dir='ltr'><strong><em>atque</em></strong></span> <span class='ocrx_word' id='word_1_446' title='bbox 1323 5445 1601 5503; x_wconf 88' lang='lat' dir='ltr'><strong><em>homiliam</em></strong></span> 
     </span>
    </p>
   </div>
   <div class='ocr_carea' id='block_1_67' title="bbox 37 5539 1603 5619">
    <p class='ocr_par' dir='ltr' id='par_1_67' title="bbox 37 5539 1603 5619">
     <span class='ocr_line' id='line_1_67' title="bbox 37 5539 1603 5619; baseline 0.008 -27"><span class='ocrx_word' id='word_1_447' title='bbox 37 5539 101 5594; x_wconf 91' lang='lat' dir='ltr'><strong><em>de</em></strong></span> <span class='ocrx_word' id='word_1_448' title='bbox 128 5541 408 5608; x_wconf 77' lang='lat' dir='ltr'><strong><em>Kalendis,</em></strong></span> <span class='ocrx_word' id='word_1_449' title='bbox 442 5544 746 5601; x_wconf 72' lang='lat' dir='ltr'><strong><em>Antiochia:</em></strong></span> <span class='ocrx_word' id='word_1_450' title='bbox 778 5545 994 5601; x_wconf 88' lang='lat' dir='ltr'><strong><em>habitas</em></strong></span> <span class='ocrx_word' id='word_1_451' title='bbox 1020 5562 1035 5612; x_wconf 90' lang='lat'><strong>;</strong></span> <span class='ocrx_word' id='word_1_452' title='bbox 1082 5561 1208 5601; x_wconf 88' lang='lat' dir='ltr'><strong><em>nam</em></strong></span> <span class='ocrx_word' id='word_1_453' title='bbox 1250 5547 1407 5603; x_wconf 91' lang='lat' dir='ltr'><strong><em>initio</em></strong></span> <span class='ocrx_word' id='word_1_454' title='bbox 1439 5548 1603 5619; x_wconf 87' lang='lat' dir='ltr'><strong><em>hujus</em></strong></span> 
     </span>
    </p>
   </div>
   <div class='ocr_carea' id='block_1_68' title="bbox 40 5640 1596 5716">
    <p class='ocr_par' dir='ltr' id='par_1_68' title="bbox 40 5640 1596 5716">
     <span class='ocr_line' id='line_1_68' title="bbox 40 5640 1596 5716; baseline 0.009 -25"><span class='ocrx_word' id='word_1_455' title='bbox 40 5640 271 5698; x_wconf 71' lang='lat' dir='ltr'><strong><em>homilia:</em></strong></span> <span class='ocrx_word' id='word_1_456' title='bbox 298 5643 450 5708; x_wconf 88' lang='lat' dir='ltr'><strong><em>dicit,</em></strong></span> <span class='ocrx_word' id='word_1_457' title='bbox 506 5645 843 5716; x_wconf 82' lang='lat' dir='ltr'><strong><em>episcopum,</em></strong></span> <span class='ocrx_word' id='word_1_458' title='bbox 898 5662 1091 5716; x_wconf 85' lang='lat' dir='ltr'><strong><em>nempe</em></strong></span> <span class='ocrx_word' id='word_1_459' title='bbox 1128 5646 1468 5713; x_wconf 84' lang='lat' dir='ltr'><strong><em>Flavianum,</em></strong></span> <span class='ocrx_word' id='word_1_460' title='bbox 1502 5649 1596 5705; x_wconf 85' lang='lat' dir='ltr'><strong><em>ab-</em></strong></span> 
     </span>
    </p>
   </div>
   <div class='ocr_carea' id='block_1_69' title="bbox 36 5745 1404 5818">
    <p class='ocr_par' dir='ltr' id='par_1_69' title="bbox 36 5745 1404 5818">
     <span class='ocr_line' id='line_1_69' title="bbox 36 5745 1404 5818; baseline 0.008 -25"><span class='ocrx_word' id='word_1_461' title='bbox 36 5753 234 5799; x_wconf 87' lang='lat' dir='ltr'><strong><em>sentem</em></strong></span> <span class='ocrx_word' id='word_1_462' title='bbox 265 5754 401 5802; x_wconf 89' lang='lat' dir='ltr'><strong><em>tunc</em></strong></span> <span class='ocrx_word' id='word_1_463' title='bbox 430 5745 624 5813; x_wconf 90' lang='lat' dir='ltr'><strong><em>fuisse,</em></strong></span> <span class='ocrx_word' id='word_1_464' title='bbox 648 5762 770 5803; x_wconf 92' lang='lat' dir='ltr'><strong><em>cum</em></strong></span> <span class='ocrx_word' id='word_1_465' title='bbox 808 5748 924 5804; x_wconf 70' lang='lat' dir='ltr'><strong><em>lucc</em></strong></span> <span class='ocrx_word' id='word_1_466' title='bbox 951 5749 1041 5804; x_wconf 86' lang='lat' dir='ltr'><strong><em>ille</em></strong></span> <span class='ocrx_word' id='word_1_467' title='bbox 1069 5750 1404 5818; x_wconf 66' lang='lat' dir='ltr'><strong><em>praedicaret.</em></strong></span> 
     </span>
    </p>
   </div>
   <div class='ocr_carea' id='block_1_70' title="bbox 104 5844 1591 5923">
    <p class='ocr_par' dir='ltr' id='par_1_70' title="bbox 104 5844 1591 5923">
     <span class='ocr_line' id='line_1_70' title="bbox 104 5844 1591 5923; baseline 0.007 -26"><span class='ocrx_word' id='word_1_468' title='bbox 104 5844 274 5903; x_wconf 79' lang='lat' dir='ltr'><strong><em>Aliam</em></strong></span> <span class='ocrx_word' id='word_1_469' title='bbox 322 5847 531 5920; x_wconf 82' lang='lat' dir='ltr'><strong><em>profert</em></strong></span> <span class='ocrx_word' id='word_1_470' title='bbox 588 5847 973 5906; x_wconf 85' lang='lat' dir='ltr'><strong><em>Tillemontius</em></strong></span> <span class='ocrx_word' id='word_1_471' title='bbox 1030 5847 1436 5921; x_wconf 84' lang='lat' dir='ltr'><strong><em>conjecturam,</em></strong></span> <span class='ocrx_word' id='word_1_472' title='bbox 1487 5868 1591 5923; x_wconf 84' lang='lat' dir='ltr'><strong><em>qua</em></strong></span> 
     </span>
    </p>
   </div>
   <div class='ocr_carea' id='block_1_71' title="bbox 1726 3227 3290 3303">
    <p class='ocr_par' dir='ltr' id='par_1_71' title="bbox 1726 3227 3290 3303">
     <span class='ocr_line' id='line_1_71' title="bbox 1726 3227 3290 3303; baseline 0.013 -21"><span class='ocrx_word' id='word_1_473' title='bbox 1726 3227 1868 3286; x_wconf 87' lang='lat' dir='ltr'><strong><em>hanc</em></strong></span> <span class='ocrx_word' id='word_1_474' title='bbox 1896 3231 1961 3286; x_wconf 91' lang='lat' dir='ltr'><strong><em>de</em></strong></span> <span class='ocrx_word' id='word_1_475' title='bbox 1988 3230 2246 3291; x_wconf 86' lang='lat' dir='ltr'><strong><em>Kalendis</em></strong></span> <span class='ocrx_word' id='word_1_476' title='bbox 2286 3235 2567 3295; x_wconf 88' lang='lat' dir='ltr'><strong><em>homiliam</em></strong></span> <span class='ocrx_word' id='word_1_477' title='bbox 2599 3241 2655 3295; x_wconf 84' lang='lat' dir='ltr'><strong><em>in</em></strong></span> <span class='ocrx_word' id='word_1_478' title='bbox 2687 3257 2889 3297; x_wconf 92' lang='lat' dir='ltr'><strong><em>annum</em></strong></span> <span class='ocrx_word' id='word_1_479' title='bbox 2921 3244 3022 3299; x_wconf 79' lang='lat'><strong><em>387</em></strong></span> <span class='ocrx_word' id='word_1_480' title='bbox 3053 3246 3290 3303; x_wconf 89' lang='lat' dir='ltr'><strong><em>conferri</em></strong></span> 
     </span>
    </p>
   </div>
   <div class='ocr_carea' id='block_1_72' title="bbox 1726 3334 3287 3414">
    <p class='ocr_par' dir='ltr' id='par_1_72' title="bbox 1726 3334 3287 3414">
     <span class='ocr_line' id='line_1_72' title="bbox 1726 3334 3287 3414; baseline 0.012 -30"><span class='ocrx_word' id='word_1_481' title='bbox 1726 3344 1883 3400; x_wconf 83' lang='lat' dir='ltr'><strong><em>posse</em></strong></span> <span class='ocrx_word' id='word_1_482' title='bbox 1914 3334 2266 3403; x_wconf 83' lang='lat' dir='ltr'><strong><em>probabiliter</em></strong></span> <span class='ocrx_word' id='word_1_483' title='bbox 2296 3338 2593 3395; x_wconf 77' lang='lat' dir='ltr'><strong><em>existimat.</em></strong></span> <span class='ocrx_word' id='word_1_484' title='bbox 2632 3339 2922 3399; x_wconf 83' lang='lat' dir='ltr'><strong><em>Homiliam</em></strong></span> <span class='ocrx_word' id='word_1_485' title='bbox 2951 3345 3180 3414; x_wconf 82' lang='lat' dir='ltr'><strong><em>primam</em></strong></span> <span class='ocrx_word' id='word_1_486' title='bbox 3218 3347 3287 3404; x_wconf 89' lang='lat' dir='ltr'><strong><em>de</em></strong></span> 
     </span>
    </p>
   </div>
   <div class='ocr_carea' id='block_1_73' title="bbox 1724 3430 3289 3509">
    <p class='ocr_par' dir='ltr' id='par_1_73' title="bbox 1724 3430 3289 3509">
     <span class='ocr_line' id='line_1_73' title="bbox 1724 3430 3289 3509; baseline 0.011 -25"><span class='ocrx_word' id='word_1_487' title='bbox 1724 3430 1965 3501; x_wconf 88' lang='lat' dir='ltr'><strong><em>Lazaro,</em></strong></span> <span class='ocrx_word' id='word_1_488' title='bbox 2002 3433 2201 3504; x_wconf 89' lang='lat' dir='ltr'><strong><em>inquit,</em></strong></span> <span class='ocrx_word' id='word_1_489' title='bbox 2241 3437 2551 3509; x_wconf 87' lang='lat' dir='ltr'><strong><em>insequenti</em></strong></span> <span class='ocrx_word' id='word_1_490' title='bbox 2600 3450 2726 3509; x_wconf 85' lang='lat' dir='ltr'><strong><em>post</em></strong></span> <span class='ocrx_word' id='word_1_491' title='bbox 2756 3442 3034 3499; x_wconf 89' lang='lat' dir='ltr'><strong><em>homiliam</em></strong></span> <span class='ocrx_word' id='word_1_492' title='bbox 3081 3444 3148 3501; x_wconf 88' lang='lat' dir='ltr'><strong><em>de</em></strong></span> <span class='ocrx_word' id='word_1_493' title='bbox 3177 3444 3289 3500; x_wconf 85' lang='lat' dir='ltr'><strong><em>Ka-</em></strong></span> 
     </span>
    </p>
   </div>
   <div class='ocr_carea' id='block_1_74' title="bbox 1722 3528 3289 3605">
    <p class='ocr_par' dir='ltr' id='par_1_74' title="bbox 1722 3528 3289 3605">
     <span class='ocr_line' id='line_1_74' title="bbox 1722 3528 3289 3605; baseline 0.01 -22"><span class='ocrx_word' id='word_1_494' title='bbox 1722 3528 1897 3586; x_wconf 90' lang='lat' dir='ltr'><strong><em>lendis</em></strong></span> <span class='ocrx_word' id='word_1_495' title='bbox 1949 3532 2057 3599; x_wconf 90' lang='lat' dir='ltr'><strong><em>die,</em></strong></span> <span class='ocrx_word' id='word_1_496' title='bbox 2098 3535 2213 3590; x_wconf 90' lang='lat' dir='ltr'><strong><em>sive</em></strong></span> <span class='ocrx_word' id='word_1_497' title='bbox 2246 3534 2486 3591; x_wconf 90' lang='lat' dir='ltr'><strong><em>secunda</em></strong></span> <span class='ocrx_word' id='word_1_498' title='bbox 2541 3533 2807 3605; x_wconf 84' lang='lat' dir='ltr'><strong><em>Januarii,</em></strong></span> <span class='ocrx_word' id='word_1_499' title='bbox 2846 3540 3085 3596; x_wconf 84' lang='lat' dir='ltr'><strong><em>habitam</em></strong></span> <span class='ocrx_word' id='word_1_500' title='bbox 3118 3542 3289 3599; x_wconf 87' lang='lat' dir='ltr'><strong><em>fuisse</em></strong></span> 
     </span>
    </p>
   </div>
   <div class='ocr_carea' id='block_1_75' title="bbox 1722 3637 3287 3716">
    <p class='ocr_par' dir='ltr' id='par_1_75' title="bbox 1722 3637 3287 3716">
     <span class='ocr_line' id='line_1_75' title="bbox 1722 3637 3287 3716; baseline 0.009 -28"><span class='ocrx_word' id='word_1_501' title='bbox 1722 3643 1929 3690; x_wconf 90' lang='lat' dir='ltr'><strong><em>certum</em></strong></span> <span class='ocrx_word' id='word_1_502' title='bbox 1953 3646 2057 3692; x_wconf 86' lang='lat' dir='ltr'><strong><em>est.</em></strong></span> <span class='ocrx_word' id='word_1_503' title='bbox 2083 3637 2196 3693; x_wconf 89' lang='lat' dir='ltr'><strong><em>Cur</em></strong></span> <span class='ocrx_word' id='word_1_504' title='bbox 2224 3648 2406 3695; x_wconf 90' lang='lat' dir='ltr'><strong><em>autem</em></strong></span> <span class='ocrx_word' id='word_1_505' title='bbox 2438 3642 2677 3697; x_wconf 89' lang='lat' dir='ltr'><strong><em>secunda</em></strong></span> <span class='ocrx_word' id='word_1_506' title='bbox 2703 3641 2969 3710; x_wconf 84' lang='lat' dir='ltr'><strong><em>Januarii,</em></strong></span> <span class='ocrx_word' id='word_1_507' title='bbox 2995 3654 3287 3716; x_wconf 82' lang='lat' dir='ltr'><strong><em>postquam</em></strong></span> 
     </span>
    </p>
   </div>
   <div class='ocr_carea' id='block_1_76' title="bbox 1719 3734 3285 3811">
    <p class='ocr_par' dir='ltr' id='par_1_76' title="bbox 1719 3734 3285 3811">
     <span class='ocr_line' id='line_1_76' title="bbox 1719 3734 3285 3811; baseline 0.008 -24"><span class='ocrx_word' id='word_1_508' title='bbox 1719 3734 1896 3802; x_wconf 88' lang='lat' dir='ltr'><strong><em>prima</em></strong></span> <span class='ocrx_word' id='word_1_509' title='bbox 1935 3737 2064 3791; x_wconf 88' lang='lat' dir='ltr'><strong><em>anni</em></strong></span> <span class='ocrx_word' id='word_1_510' title='bbox 2101 3737 2188 3794; x_wconf 89' lang='lat' dir='ltr'><strong><em>die</em></strong></span> <span class='ocrx_word' id='word_1_511' title='bbox 2229 3738 2343 3809; x_wconf 89' lang='lat' dir='ltr'><strong><em>jam</em></strong></span> <span class='ocrx_word' id='word_1_512' title='bbox 2378 3741 2699 3796; x_wconf 89' lang='lat' dir='ltr'><strong><em>concionem</em></strong></span> <span class='ocrx_word' id='word_1_513' title='bbox 2752 3742 3033 3811; x_wconf 85' lang='lat' dir='ltr'><strong><em>habuerat,</em></strong></span> <span class='ocrx_word' id='word_1_514' title='bbox 3088 3747 3285 3800; x_wconf 83' lang='lat' dir='ltr'><strong><em>iterum</em></strong></span> 
     </span>
    </p>
   </div>
   <div class='ocr_carea' id='block_1_77' title="bbox 1719 3833 3286 3907">
    <p class='ocr_par' dir='ltr' id='par_1_77' title="bbox 1719 3833 3286 3907">
     <span class='ocr_line' id='line_1_77' title="bbox 1719 3833 3286 3907; baseline 0.01 -21"><span class='ocrx_word' id='word_1_515' title='bbox 1719 3833 2147 3890; x_wconf 90' lang='lat' dir='ltr'><strong><em>concionaturus</em></strong></span> <span class='ocrx_word' id='word_1_516' title='bbox 2181 3835 2376 3892; x_wconf 81' lang='lat' dir='ltr'><strong><em>fuisset</em></strong></span> <span class='ocrx_word' id='word_1_517' title='bbox 2409 3852 2518 3898; x_wconf 76' lang='lat' dir='ltr'><strong><em>non</em></strong></span> <span class='ocrx_word' id='word_1_518' title='bbox 2560 3839 2848 3907; x_wconf 83' lang='lat' dir='ltr'><strong><em>videmus;</em></strong></span> <span class='ocrx_word' id='word_1_519' title='bbox 2887 3842 2992 3897; x_wconf 90' lang='lat' dir='ltr'><strong><em>nisi</em></strong></span> <span class='ocrx_word' id='word_1_520' title='bbox 3046 3843 3165 3900; x_wconf 91' lang='lat' dir='ltr'><strong><em>dies</em></strong></span> <span class='ocrx_word' id='word_1_521' title='bbox 3197 3846 3286 3901; x_wconf 91' lang='lat' dir='ltr'><strong><em>ille</em></strong></span> 
     </span>
    </p>
   </div>
   <div class='ocr_carea' id='block_1_78' title="bbox 1719 3935 3286 4003">
    <p class='ocr_par' dir='ltr' id='par_1_78' title="bbox 1719 3935 3286 4003">
     <span class='ocr_line' id='line_1_78' title="bbox 1719 3935 3286 4003; baseline 0.008 -15"><span class='ocrx_word' id='word_1_522' title='bbox 1719 3944 2024 3991; x_wconf 87' lang='lat' dir='ltr'><strong><em>conventus</em></strong></span> <span class='ocrx_word' id='word_1_523' title='bbox 2058 3935 2273 4003; x_wconf 82' lang='lat' dir='ltr'><strong><em>fuisset,</em></strong></span> <span class='ocrx_word' id='word_1_524' title='bbox 2317 3938 2576 3994; x_wconf 89' lang='lat' dir='ltr'><strong><em>nimirum</em></strong></span> <span class='ocrx_word' id='word_1_525' title='bbox 2600 3950 2694 3995; x_wconf 90' lang='lat' dir='ltr'><strong><em>aut</em></strong></span> <span class='ocrx_word' id='word_1_526' title='bbox 2737 3941 3020 3998; x_wconf 86' lang='lat' dir='ltr'><strong><em>sabbatum</em></strong></span> <span class='ocrx_word' id='word_1_527' title='bbox 3050 3952 3146 3999; x_wconf 90' lang='lat' dir='ltr'><strong><em>aut</em></strong></span> <span class='ocrx_word' id='word_1_528' title='bbox 3179 3944 3286 4001; x_wconf 90' lang='lat' dir='ltr'><strong><em>Do-</em></strong></span> 
     </span>
    </p>
   </div>
   <div class='ocr_carea' id='block_1_79' title="bbox 1718 4034 3284 4106">
    <p class='ocr_par' dir='ltr' id='par_1_79' title="bbox 1718 4034 3284 4106">
     <span class='ocr_line' id='line_1_79' title="bbox 1718 4034 3284 4106; baseline 0.006 -18"><span class='ocrx_word' id='word_1_529' title='bbox 1718 4034 1940 4102; x_wconf 85' lang='lat' dir='ltr'><strong><em>miniea,</em></strong></span> <span class='ocrx_word' id='word_1_530' title='bbox 1972 4036 2174 4106; x_wconf 87' lang='lat' dir='ltr'><strong><em>quibus</em></strong></span> <span class='ocrx_word' id='word_1_531' title='bbox 2201 4038 2509 4094; x_wconf 83' lang='lat' dir='ltr'><strong><em>certissime</em></strong></span> <span class='ocrx_word' id='word_1_532' title='bbox 2532 4039 2725 4095; x_wconf 91' lang='lat' dir='ltr'><strong><em>diebus</em></strong></span> <span class='ocrx_word' id='word_1_533' title='bbox 2750 4040 2989 4097; x_wconf 82' lang='lat' dir='ltr'><strong><em>collectae</em></strong></span> <span class='ocrx_word' id='word_1_534' title='bbox 3009 4042 3284 4099; x_wconf 85' lang='lat' dir='ltr'><strong><em>habeban-</em></strong></span> 
     </span>
    </p>
   </div>
   <div class='ocr_carea' id='block_1_80' title="bbox 1716 4134 3283 4204">
    <p class='ocr_par' dir='ltr' id='par_1_80' title="bbox 1716 4134 3283 4204">
     <span class='ocr_line' id='line_1_80' title="bbox 1716 4134 3283 4204; baseline 0.008 -18"><span class='ocrx_word' id='word_1_535' title='bbox 1716 4139 1846 4188; x_wconf 91' lang='lat' dir='ltr'><strong><em>tur:</em></strong></span> <span class='ocrx_word' id='word_1_536' title='bbox 1882 4135 2035 4204; x_wconf 86' lang='lat' dir='ltr'><strong><em>atqui</em></strong></span> <span class='ocrx_word' id='word_1_537' title='bbox 2063 4150 2208 4190; x_wconf 90' lang='lat' dir='ltr'><strong><em>anno</em></strong></span> <span class='ocrx_word' id='word_1_538' title='bbox 2233 4134 2339 4192; x_wconf 80' lang='lat'><strong><em>587</em></strong></span> <span class='ocrx_word' id='word_1_539' title='bbox 2382 4136 2500 4192; x_wconf 88' lang='lat' dir='ltr'><strong><em>dies</em></strong></span> <span class='ocrx_word' id='word_1_540' title='bbox 2537 4138 2776 4193; x_wconf 84' lang='lat' dir='ltr'><strong><em>secunda</em></strong></span> <span class='ocrx_word' id='word_1_541' title='bbox 2808 4138 3051 4194; x_wconf 84' lang='lat' dir='ltr'><strong><em>Januarii</em></strong></span> <span class='ocrx_word' id='word_1_542' title='bbox 3092 4141 3283 4200; x_wconf 85' lang='lat' dir='ltr'><strong><em>incidit</em></strong></span> 
     </span>
    </p>
   </div>
   <div class='ocr_carea' id='block_1_81' title="bbox 1716 4235 3280 4312">
    <p class='ocr_par' dir='ltr' id='par_1_81' title="bbox 1716 4235 3280 4312">
     <span class='ocr_line' id='line_1_81' title="bbox 1716 4235 3280 4312; baseline 0.005 -22"><span class='ocrx_word' id='word_1_543' title='bbox 1716 4235 1772 4290; x_wconf 92' lang='lat' dir='ltr'><strong><em>in</em></strong></span> <span class='ocrx_word' id='word_1_544' title='bbox 1832 4237 2139 4305; x_wconf 85' lang='lat' dir='ltr'><strong><em>sabbatum,</em></strong></span> <span class='ocrx_word' id='word_1_545' title='bbox 2193 4238 2429 4309; x_wconf 86' lang='lat' dir='ltr'><strong><em>indeque</em></strong></span> <span class='ocrx_word' id='word_1_546' title='bbox 2469 4240 2836 4296; x_wconf 87' lang='lat' dir='ltr'><strong><em>verisimiliter</em></strong></span> <span class='ocrx_word' id='word_1_547' title='bbox 2888 4240 3177 4312; x_wconf 84' lang='lat' dir='ltr'><strong><em>conjicitur</em></strong></span> <span class='ocrx_word' id='word_1_548' title='bbox 3225 4246 3280 4299; x_wconf 90' lang='lat' dir='ltr'><strong><em>in</em></strong></span> 
     </span>
    </p>
   </div>
   <div class='ocr_carea' id='block_1_82' title="bbox 1713 4340 3281 4401">
    <p class='ocr_par' dir='ltr' id='par_1_82' title="bbox 1713 4340 3281 4401">
     <span class='ocr_line' id='line_1_82' title="bbox 1713 4340 3281 4401; baseline 0.004 -6"><span class='ocrx_word' id='word_1_549' title='bbox 1713 4355 1919 4395; x_wconf 88' lang='lat' dir='ltr'><strong><em>annum</em></strong></span> <span class='ocrx_word' id='word_1_550' title='bbox 1951 4340 2055 4396; x_wconf 80' lang='lat'><strong><em>387</em></strong></span> <span class='ocrx_word' id='word_1_551' title='bbox 2088 4341 2473 4398; x_wconf 78' lang='lat' dir='ltr'><strong><em>conferendam</em></strong></span> <span class='ocrx_word' id='word_1_552' title='bbox 2508 4358 2628 4399; x_wconf 80' lang='lat' dir='ltr'><strong><em>esse</em></strong></span> <span class='ocrx_word' id='word_1_553' title='bbox 2673 4343 2812 4399; x_wconf 90' lang='lat' dir='ltr'><strong><em>hanc</em></strong></span> <span class='ocrx_word' id='word_1_554' title='bbox 2846 4343 3147 4401; x_wconf 88' lang='lat' dir='ltr'><strong><em>homiliam.</em></strong></span> <span class='ocrx_word' id='word_1_555' title='bbox 3178 4344 3281 4401; x_wconf 84' lang='lat' dir='ltr'><strong><em>Lc-</em></strong></span> 
     </span>
    </p>
   </div>
   <div class='ocr_carea' id='block_1_83' title="bbox 1712 4442 3278 4517">
    <p class='ocr_par' dir='ltr' id='par_1_83' title="bbox 1712 4442 3278 4517">
     <span class='ocr_line' id='line_1_83' title="bbox 1712 4442 3278 4517; baseline 0.003 -22"><span class='ocrx_word' id='word_1_556' title='bbox 1712 4442 1937 4498; x_wconf 83' lang='lat' dir='ltr'><strong><em>vissima</em></strong></span> <span class='ocrx_word' id='word_1_557' title='bbox 1969 4458 2101 4499; x_wconf 89' lang='lat' dir='ltr'><strong><em>sane</em></strong></span> <span class='ocrx_word' id='word_1_558' title='bbox 2130 4443 2445 4514; x_wconf 88' lang='lat' dir='ltr'><strong><em>conjectura</em></strong></span> <span class='ocrx_word' id='word_1_559' title='bbox 2474 4462 2487 4498; x_wconf 91' lang='lat'>:</span> <span class='ocrx_word' id='word_1_560' title='bbox 2519 4459 2644 4498; x_wconf 92' lang='lat' dir='ltr'><strong><em>nam</em></strong></span> <span class='ocrx_word' id='word_1_561' title='bbox 2671 4459 2812 4514; x_wconf 84' lang='lat' dir='ltr'><strong><em>saepe</em></strong></span> <span class='ocrx_word' id='word_1_562' title='bbox 2851 4445 3278 4517; x_wconf 84' lang='lat' dir='ltr'><strong><em>Chrysostomus</em></strong></span> 
     </span>
    </p>
   </div>
   <div class='ocr_carea' id='block_1_84' title="bbox 1711 4538 3277 4616">
    <p class='ocr_par' dir='ltr' id='par_1_84' title="bbox 1711 4538 3277 4616">
     <span class='ocr_line' id='line_1_84' title="bbox 1711 4538 3277 4616; baseline 0.004 -25"><span class='ocrx_word' id='word_1_563' title='bbox 1711 4538 1891 4593; x_wconf 89' lang='lat' dir='ltr'><strong><em>tribus</em></strong></span> <span class='ocrx_word' id='word_1_564' title='bbox 1947 4547 2251 4607; x_wconf 89' lang='lat' dir='ltr'><strong><em>quatuorve</em></strong></span> <span class='ocrx_word' id='word_1_565' title='bbox 2313 4541 2820 4611; x_wconf 87' lang='lat' dir='ltr'><strong><em>consequentibus,</em></strong></span> <span class='ocrx_word' id='word_1_566' title='bbox 2883 4543 2995 4599; x_wconf 89' lang='lat' dir='ltr'><strong><em>imo</em></strong></span> <span class='ocrx_word' id='word_1_567' title='bbox 3047 4545 3277 4616; x_wconf 81' lang='lat' dir='ltr'><strong><em>singulis</em></strong></span> 
     </span>
    </p>
   </div>
   <div class='ocr_carea' id='block_1_85' title="bbox 1711 4637 3272 4714">
    <p class='ocr_par' dir='ltr' id='par_1_85' title="bbox 1711 4637 3272 4714">
     <span class='ocr_line' id='line_1_85' title="bbox 1711 4637 3272 4714; baseline 0.004 -22"><span class='ocrx_word' id='word_1_568' title='bbox 1711 4637 2065 4695; x_wconf 68' lang='lat' dir='ltr'><strong><em>hebdomade:</em></strong></span> <span class='ocrx_word' id='word_1_569' title='bbox 2124 4640 2316 4696; x_wconf 89' lang='lat' dir='ltr'><strong><em>diebus</em></strong></span> <span class='ocrx_word' id='word_1_570' title='bbox 2391 4642 2752 4699; x_wconf 72' lang='lat' dir='ltr'><strong><em>concinnatus</em></strong></span> <span class='ocrx_word' id='word_1_571' title='bbox 2814 4644 3272 4714; x_wconf 87' lang='lat' dir='ltr'><strong><em>deprehenditur:</em></strong></span> 
     </span>
    </p>
   </div>
   <div class='ocr_carea' id='block_1_86' title="bbox 1710 4740 3272 4816">
    <p class='ocr_par' dir='ltr' id='par_1_86' title="bbox 1710 4740 3272 4816">
     <span class='ocr_line' id='line_1_86' title="bbox 1710 4740 3272 4816; baseline 0.006 -24"><span class='ocrx_word' id='word_1_572' title='bbox 1710 4754 1887 4809; x_wconf 89' lang='lat' dir='ltr'><strong><em>neque</em></strong></span> <span class='ocrx_word' id='word_1_573' title='bbox 1915 4756 2213 4809; x_wconf 83' lang='lat' dir='ltr'><strong><em>possumus</em></strong></span> <span class='ocrx_word' id='word_1_574' title='bbox 2241 4740 2322 4794; x_wconf 91' lang='lat' dir='ltr'><strong><em>vel</em></strong></span> <span class='ocrx_word' id='word_1_575' title='bbox 2354 4751 2557 4797; x_wconf 86' lang='lat' dir='ltr'><strong><em>certam</em></strong></span> <span class='ocrx_word' id='word_1_576' title='bbox 2613 4744 2697 4798; x_wconf 81' lang='lat' dir='ltr'><strong><em>vel</em></strong></span> <span class='ocrx_word' id='word_1_577' title='bbox 2743 4744 3032 4800; x_wconf 90' lang='lat' dir='ltr'><strong><em>admodum</em></strong></span> <span class='ocrx_word' id='word_1_578' title='bbox 3079 4748 3272 4816; x_wconf 79' lang='lat' dir='ltr'><strong><em>proba-</em></strong></span> 
     </span>
    </p>
   </div>
   <div class='ocr_carea' id='block_1_87' title="bbox 1706 4836 3271 4914">
    <p class='ocr_par' dir='ltr' id='par_1_87' title="bbox 1706 4836 3271 4914">
     <span class='ocr_line' id='line_1_87' title="bbox 1706 4836 3271 4914; baseline 0.004 -22"><span class='ocrx_word' id='word_1_579' title='bbox 1706 4836 1869 4892; x_wconf 85' lang='lat' dir='ltr'><strong><em>bilem</em></strong></span> <span class='ocrx_word' id='word_1_580' title='bbox 1913 4854 2132 4893; x_wconf 90' lang='lat' dir='ltr'><strong><em>causam</em></strong></span> <span class='ocrx_word' id='word_1_581' title='bbox 2165 4840 2408 4910; x_wconf 89' lang='lat' dir='ltr'><strong><em>proferre</em></strong></span> <span class='ocrx_word' id='word_1_582' title='bbox 2438 4856 2536 4896; x_wconf 89' lang='lat' dir='ltr'><strong><em>cur</em></strong></span> <span class='ocrx_word' id='word_1_583' title='bbox 2584 4851 2675 4896; x_wconf 89' lang='lat' dir='ltr'><strong><em>aut</em></strong></span> <span class='ocrx_word' id='word_1_584' title='bbox 2711 4844 2893 4912; x_wconf 90' lang='lat' dir='ltr'><strong><em>plures</em></strong></span> <span class='ocrx_word' id='word_1_585' title='bbox 2939 4860 3034 4914; x_wconf 91' lang='lat' dir='ltr'><strong><em>per</em></strong></span> <span class='ocrx_word' id='word_1_586' title='bbox 3065 4844 3271 4899; x_wconf 89' lang='lat' dir='ltr'><strong><em>hebdo-</em></strong></span> 
     </span>
    </p>
   </div>
   <div class='ocr_carea' id='block_1_88' title="bbox 1706 4937 3261 5010">
    <p class='ocr_par' dir='ltr' id='par_1_88' title="bbox 1706 4937 3261 5010">
     <span class='ocr_line' id='line_1_88' title="bbox 1706 4937 3261 5010; baseline 0.005 -19"><span class='ocrx_word' id='word_1_587' title='bbox 1706 4937 1922 4993; x_wconf 89' lang='lat' dir='ltr'><strong><em>madam</em></strong></span> <span class='ocrx_word' id='word_1_588' title='bbox 1953 4948 2049 4993; x_wconf 88' lang='lat' dir='ltr'><strong><em>aut</em></strong></span> <span class='ocrx_word' id='word_1_589' title='bbox 2095 4940 2399 5009; x_wconf 86' lang='lat' dir='ltr'><strong><em>pauciores,</em></strong></span> <span class='ocrx_word' id='word_1_590' title='bbox 2431 4948 2524 4994; x_wconf 88' lang='lat' dir='ltr'><strong><em>aut</em></strong></span> <span class='ocrx_word' id='word_1_591' title='bbox 2559 4942 2925 5010; x_wconf 72' lang='lat' dir='ltr'><strong><em>continuatas,</em></strong></span> <span class='ocrx_word' id='word_1_592' title='bbox 2959 4951 3054 4999; x_wconf 92' lang='lat' dir='ltr'><strong><em>aut</em></strong></span> <span class='ocrx_word' id='word_1_593' title='bbox 3092 4945 3261 4999; x_wconf 86' lang='lat' dir='ltr'><strong><em>inter-</em></strong></span> 
     </span>
    </p>
   </div>
   <div class='ocr_carea' id='block_1_89' title="bbox 1704 5037 3275 5111">
    <p class='ocr_par' dir='ltr' id='par_1_89' title="bbox 1704 5037 3275 5111">
     <span class='ocr_line' id='line_1_89' title="bbox 1704 5037 3275 5111; baseline 0.004 -20"><span class='ocrx_word' id='word_1_594' title='bbox 1704 5037 1904 5093; x_wconf 81' lang='lat' dir='ltr'><strong><em>missas</em></strong></span> <span class='ocrx_word' id='word_1_595' title='bbox 1933 5037 2225 5093; x_wconf 90' lang='lat' dir='ltr'><strong><em>conciones</em></strong></span> <span class='ocrx_word' id='word_1_596' title='bbox 2254 5038 2680 5110; x_wconf 87' lang='lat' dir='ltr'><strong><em>Chrysostomus</em></strong></span> <span class='ocrx_word' id='word_1_597' title='bbox 2707 5040 2975 5105; x_wconf 89' lang='lat' dir='ltr'><strong><em>habuerit,</em></strong></span> <span class='ocrx_word' id='word_1_598' title='bbox 3032 5049 3093 5095; x_wconf 91' lang='lat' dir='ltr'><strong><em>ut</em></strong></span> <span class='ocrx_word' id='word_1_599' title='bbox 3158 5043 3275 5111; x_wconf 81' lang='lat' dir='ltr'><strong><em>ipse</em></strong></span> 
     </span>
    </p>
   </div>
   <div class='ocr_carea' id='block_1_90' title="bbox 1706 5138 3269 5211">
    <p class='ocr_par' dir='ltr' id='par_1_90' title="bbox 1706 5138 3269 5211">
     <span class='ocr_line' id='line_1_90' title="bbox 1706 5138 3269 5211; baseline 0.003 -18"><span class='ocrx_word' id='word_1_600' title='bbox 1706 5138 2086 5195; x_wconf 80' lang='lat' dir='ltr'><strong><em>Tiilemontius</em></strong></span> <span class='ocrx_word' id='word_1_601' title='bbox 2120 5157 2229 5195; x_wconf 89' lang='lat' dir='ltr'><strong><em>non</em></strong></span> <span class='ocrx_word' id='word_1_602' title='bbox 2256 5143 2421 5196; x_wconf 89' lang='lat' dir='ltr'><strong><em>semel</em></strong></span> <span class='ocrx_word' id='word_1_603' title='bbox 2465 5140 2687 5207; x_wconf 90' lang='lat' dir='ltr'><strong><em>fatetur,</em></strong></span> <span class='ocrx_word' id='word_1_604' title='bbox 2720 5150 2775 5196; x_wconf 87' lang='lat' dir='ltr'><strong><em>et</em></strong></span> <span class='ocrx_word' id='word_1_605' title='bbox 2803 5142 3049 5211; x_wconf 89' lang='lat' dir='ltr'><strong><em>pluribus</em></strong></span> <span class='ocrx_word' id='word_1_606' title='bbox 3091 5144 3269 5198; x_wconf 86' lang='lat' dir='ltr'><strong><em>decla-</em></strong></span> 
     </span>
    </p>
   </div>
   <div class='ocr_carea' id='block_1_91' title="bbox 1702 5239 3347 5314">
    <p class='ocr_par' dir='ltr' id='par_1_91' title="bbox 1702 5239 3347 5314">
     <span class='ocr_line' id='line_1_91' title="bbox 1702 5239 3347 5314; baseline 0.003 -19"><span class='ocrx_word' id='word_1_607' title='bbox 1702 5240 1915 5295; x_wconf 89' lang='lat' dir='ltr'><strong><em>rabitur</em></strong></span> <span class='ocrx_word' id='word_1_608' title='bbox 1954 5241 2009 5295; x_wconf 93' lang='lat' dir='ltr'><strong><em>in</em></strong></span> <span class='ocrx_word' id='word_1_609' title='bbox 2040 5239 2161 5294; x_wconf 77' lang='lat' dir='ltr'><strong><em>Vita</em></strong></span> <span class='ocrx_word' id='word_1_610' title='bbox 2205 5240 2605 5311; x_wconf 75' lang='lat' dir='ltr'><strong><em>Chrysostomi.</em></strong></span> <span class='ocrx_word' id='word_1_611' title='bbox 2640 5239 2929 5297; x_wconf 84' lang='lat' dir='ltr'><strong><em>Homiliam</em></strong></span> <span class='ocrx_word' id='word_1_612' title='bbox 2969 5242 3153 5314; x_wconf 90' lang='lat' dir='ltr'><strong><em>itaque</em></strong></span> <span class='ocrx_word' id='word_1_613' title='bbox 3205 5246 3273 5300; x_wconf 86' lang='lat' dir='ltr'><strong><em>de</em></strong></span> <span class='ocrx_word' id='word_1_614' title='bbox 3344 5244 3347 5247; x_wconf 68' lang='grc'>’</span> 
     </span>
    </p>
   </div>
   <div class='ocr_carea' id='block_1_92' title="bbox 1704 5340 3273 5412">
    <p class='ocr_par' dir='ltr' id='par_1_92' title="bbox 1704 5340 3273 5412">
     <span class='ocr_line' id='line_1_92' title="bbox 1704 5340 3273 5412; baseline 0.004 -18"><span class='ocrx_word' id='word_1_615' title='bbox 1704 5340 1960 5397; x_wconf 86' lang='lat' dir='ltr'><strong><em>Kalendis</em></strong></span> <span class='ocrx_word' id='word_1_616' title='bbox 1988 5341 2094 5396; x_wconf 89' lang='lat' dir='ltr'><strong><em>hoc</em></strong></span> <span class='ocrx_word' id='word_1_617' title='bbox 2125 5341 2247 5396; x_wconf 92' lang='lat' dir='ltr'><strong><em>loco</em></strong></span> <span class='ocrx_word' id='word_1_618' title='bbox 2281 5341 2562 5411; x_wconf 87' lang='lat' dir='ltr'><strong><em>ponimus,</em></strong></span> <span class='ocrx_word' id='word_1_619' title='bbox 2599 5342 2728 5412; x_wconf 86' lang='lat' dir='ltr'><strong><em>quia</em></strong></span> <span class='ocrx_word' id='word_1_620' title='bbox 2760 5357 2869 5397; x_wconf 89' lang='lat' dir='ltr'><strong><em>non</em></strong></span> <span class='ocrx_word' id='word_1_621' title='bbox 2896 5343 3161 5411; x_wconf 89' lang='lat' dir='ltr'><strong><em>aptiorem</em></strong></span> <span class='ocrx_word' id='word_1_622' title='bbox 3194 5343 3273 5400; x_wconf 92' lang='lat' dir='ltr'><strong><em>lo-</em></strong></span> 
     </span>
    </p>
   </div>
   <div class='ocr_carea' id='block_1_93' title="bbox 1701 5440 2467 5515">
    <p class='ocr_par' dir='ltr' id='par_1_93' title="bbox 1701 5440 2467 5515">
     <span class='ocr_line' id='line_1_93' title="bbox 1701 5440 2467 5515; baseline -0.005 -14"><span class='ocrx_word' id='word_1_623' title='bbox 1701 5460 1823 5501; x_wconf 91' lang='lat' dir='ltr'><strong><em>cum</em></strong></span> <span class='ocrx_word' id='word_1_624' title='bbox 1849 5444 2171 5515; x_wconf 79' lang='lat' dir='ltr'><strong><em>consignare</em></strong></span> <span class='ocrx_word' id='word_1_625' title='bbox 2202 5440 2467 5499; x_wconf 85' lang='lat' dir='ltr'><strong><em>valemus.</em></strong></span> 
     </span>
    </p>
   </div>
   <div class='ocr_carea' id='block_1_94' title="bbox 1773 5544 3271 5617">
    <p class='ocr_par' dir='ltr' id='par_1_94' title="bbox 1773 5544 3271 5617">
     <span class='ocr_line' id='line_1_94' title="bbox 1773 5544 3271 5617; baseline 0.002 -18"><span class='ocrx_word' id='word_1_626' title='bbox 1773 5546 2273 5617; x_wconf 87' lang='lat' dir='ltr'><strong><em>lnterprelationem</em></strong></span> <span class='ocrx_word' id='word_1_627' title='bbox 2323 5560 2454 5601; x_wconf 87' lang='lat' dir='ltr'><strong><em>vero</em></strong></span> <span class='ocrx_word' id='word_1_628' title='bbox 2512 5544 2739 5602; x_wconf 85' lang='lat' dir='ltr'><strong><em>Joannis</em></strong></span> <span class='ocrx_word' id='word_1_629' title='bbox 2784 5546 2949 5604; x_wconf 89' lang='lat' dir='ltr'><strong><em>Cbeci</em></strong></span> <span class='ocrx_word' id='word_1_630' title='bbox 2981 5546 3271 5604; x_wconf 86' lang='lat' dir='ltr'><strong><em>Cantabri-</em></strong></span> 
     </span>
    </p>
   </div>
   <div class='ocr_carea' id='block_1_95' title="bbox 1705 5647 3267 5726">
    <p class='ocr_par' dir='ltr' id='par_1_95' title="bbox 1705 5647 3267 5726">
     <span class='ocr_line' id='line_1_95' title="bbox 1705 5647 3267 5726; baseline 0.001 -22"><span class='ocrx_word' id='word_1_631' title='bbox 1705 5648 1926 5719; x_wconf 77' lang='lat' dir='ltr'><strong><em>giensis,</em></strong></span> <span class='ocrx_word' id='word_1_632' title='bbox 1985 5647 2236 5718; x_wconf 90' lang='lat' dir='ltr'><strong><em>plurimis</em></strong></span> <span class='ocrx_word' id='word_1_633' title='bbox 2289 5648 2345 5703; x_wconf 92' lang='lat' dir='ltr'><strong><em>in</em></strong></span> <span class='ocrx_word' id='word_1_634' title='bbox 2376 5649 2514 5708; x_wconf 88' lang='lat' dir='ltr'><strong><em>locis</em></strong></span> <span class='ocrx_word' id='word_1_635' title='bbox 2567 5652 2909 5725; x_wconf 74' lang='lat' dir='ltr'><strong><em>castigatam,</em></strong></span> <span class='ocrx_word' id='word_1_636' title='bbox 2962 5668 2993 5708; x_wconf 88' lang='lat' dir='ltr'><strong><em>e</em></strong></span> <span class='ocrx_word' id='word_1_637' title='bbox 3047 5654 3267 5726; x_wconf 75' lang='lat' dir='ltr'><strong><em>regione</em></strong></span> 
     </span>
    </p>
   </div>
   <div class='ocr_carea' id='block_1_96' title="bbox 1708 5753 2388 5824">
    <p class='ocr_par' dir='ltr' id='par_1_96' title="bbox 1708 5753 2388 5824">
     <span class='ocr_line' id='line_1_96' title="bbox 1708 5753 2388 5824; baseline 0.001 -16"><span class='ocrx_word' id='word_1_638' title='bbox 1708 5753 1875 5811; x_wconf 68' lang='lat' dir='ltr'><strong><em>Grmci</em></strong></span> <span class='ocrx_word' id='word_1_639' title='bbox 1912 5762 2090 5811; x_wconf 81' lang='lat' dir='ltr'><strong><em>textus</em></strong></span> <span class='ocrx_word' id='word_1_640' title='bbox 2116 5754 2388 5824; x_wconf 90' lang='lat' dir='ltr'><strong><em>ponimus.</em></strong></span> 
     </span>
    </p>
   </div>
  </div>
