3790 6242
17 360 142 417 953

1432 352 1497 421 IN
1537 350 1921 410 KALENDAS.

3198 331 3302 387 935.

43 596 3226 621 MM

26 952 329 993 ⁸³⁸⁵⁸⁸⁵⁸
363 951 594 993 0"“"0
624 953 934 996 κηκῖδι)ῐὸ
972 953 1229 1006 “ABITA.
1273 954 1405 996 CUM
1458 950 1587 995 NON
1625 952 1924 997 VENISSET
1973 952 2035 994 IN
2072 950 2393 995 runucum
2432 945 2511 989 eo
2552 948 2658 988 DIE
2698 943 3033 988 EPISCOPUS
3072 942 3296 990 ANTIO-

118 1033 288 1072 Cn”:
321 1032 694 1085 “‘"L‘NUSv
745 1034 996 1074 CONTRA
1033 1032 1148 1074 EOS
1184 1033 1293 1085 QUI
1336 1031 1683 1074 NOVILUNIA
1718 1032 2114 1087 onsenvan'r,
2156 1031 2235 1072 ET
2280 1029 2343 1073 IN
2394 1028 2689 1070 CIVITATE
2740 1024 2985 1068 cuoaos
3016 1024 3294 1077 nucum,

120 1112 203 1154 ET
240 1112 301 1153 IN
336 1111 571 1155 DICTL‘M
608 1112 929 1167 arosrou,
969 1111 1168 1155 ouxu
1204 1111 1268 1153 IN
1301 1109 1582 1155 GLORIAM
1617 1113 1721 1155 DEI
1748 1113 1978 1156 ωριτε
2009 1093 2063 1171 (1
2099 1093 2247 1154 Cor.
2288 1092 2381 1162 10,
2422 1088 2561 1164 3.1).

108 1976 159 2027 Ι.
191 1971 311 2025 Πωε
335 1968 580 2029 Flaviano
601 1962 850 2033 Episwpo
872 1974 969 2011 non
993 1962 1230 2026 prwsente
1250 1949 1382 2001 dicta
1407 1949 1539 1996 sunt.
1555 1964 1625 1975 —-

24 2061 492 2131 Quemadmodum
543 2057 738 2111 chorus
792 2048 1159 2121 praesullorem
1188 2084 1203 2108 ,
1249 2047 1303 2094 et
1348 2044 1622 2090 nautarum

29 2126 328 2210 multitudo
356 2152 766 2223 gubernatorem
814 2140 1032 2211 inquirit
1058 2153 1071 2189 :
1101 2136 1181 2191 sic
1209 2142 1263 2187 et.
1290 2126 1623 2185 sacerdotum

29 2251 342 2305 iste‘cmtus
371 2243 669 2312 pcntilicem
702 2235 859 2290 hodie
888 2247 1044 2287 suum
1074 2237 1127 2282 et
1157 2235 1494 2280 communem
1536 2231 1625 2285 pa-

33 2354 177 2394 trem
206 2311 491 2393 desiderat.
524 2332 628 2396 Sed
661 2331 711 2384 in
739 2327 903 2383 choro
931 2333 986 2383 et
1011 2322 1127 2376 navi
1156 2330 1340 2374 eorum
1372 2311 1459 2381 qui
1487 2325 1625 2379 prae-

42 2816 169 2853 cum
204 2798 295 2851 illo
320 2811 522 2860 sumus,
554 2804 872 2863 quamquam
902 2784 987 2839 hic
1013 2793 1234 2837 stemus.
1267 2777 1340 2831 Ita
1369 2773 1511 2830 enim
1536 2786 1628 2825 ca-

42 2892 229 2946 ritatis
250 2898 434 2943 natura
463 2894 544 2941 est
563 2928 577 2950 ,
602 2893 655 2938 ut
702 2883 859 2950 longo
885 2874 1161 2931 intervallo
1185 2870 1477 2944 disjunctos
1504 2878 1631 2920 con-

49 2991 246 3053 greget
274 2989 327 3034 et
354 2976 634 3033 devinciat.
667 2973 797 3027 Nam
845 2969 1113 3038 hominem
1143 2963 1196 3017 in
1222 2961 1391 3016 aliena
1418 2956 1633 3026 regione

41 3080 501 3135 connnorantem,
559 3076 614 3123 et
669 3064 873 3134 magnis
929 3077 957 3113 a
1000 3057 1154 3112 nobis
1199 3050 1499 3123 mquoribus
1526 3046 1634 3099 dis-

42 3167 291 3235 junctum
320 3162 365 3215 si
391 3160 689 3228 diligamus,
721 3151 956 3225 quotidie
982 3149 1160 3204 animo
1208 3140 1633 3213 eogitationeque

45 3240 346 3325 sequimur,
377 3246 823 3325 quemadmodum
851 3254 971 3298 eum
1002 3255 1126 3311 erga
1154 3236 1384 3306 aliquem
1417 3247 1523 3289 non
1561 3229 1631 3282 ita

46 3322 228 3403 affecti
254 3322 464 3407 sumus,
492 3358 612 3397 eum
642 3356 709 3393 ne
739 3352 901 3407 prope
928 3333 1140 3404 quidem
1169 3328 1468 3384 adstantem
1495 3322 1635 3393 aspi-

47 3456 172 3495 cere
199 3424 502 3508 dignamur.
526 3432 633 3489 Sed
666 3440 725 3486 ut
752 3445 871 3484 cum
898 3426 1091 3480 caritas
1112 3422 1283 3486 adest,
1306 3417 1509 3472 nullum
1533 3414 1632 3467 im-

50 3532 419 3601 pedimentum
462 3542 529 3582 ex
568 3524 668 3579 loci
712 3518 990 3576 intervallo
1030 3524 1140 3578 est;
1178 3513 1256 3566 sic
1291 3508 1480 3565 eadem
1515 3519 1635 3559 cum

50 3625 242 3688 abest,
269 3621 468 3675 nullum
500 3614 809 3688 praesidium
837 3627 903 3666 ex
935 3610 1172 3663 locorum
1193 3601 1461 3657 vicinitate
1488 3610 1638 3667 para-

52 3724 159 3767 tur.
186 3712 369 3781 Nuper
388 3685 564 3765 autem
587 3721 705 3760 cum
733 3703 947 3757 beatum
968 3697 1188 3752 Paulum
1211 3689 1467 3749 encomiis
1494 3685 1635 3741 cele-

54 3804 369 3866 braremus,
403 3800 470 3853 ita
510 3793 903 3854 exsultavistis,
935 3788 1085 3859 quasi
1123 3785 1294 3854 ipsum
1321 3783 1636 3850 prmsentem

58 3892 354 3948 vidissetis.
385 3889 546 3959 Atqui
573 3900 765 3956 corpus
789 3883 905 3952 ejus
928 3894 1049 3934 cum
1079 3877 1131 3930 in
1153 3874 1295 3943 regia
1320 3869 1450 3925 urbe
1469 3867 1637 3922 Roma

55 3986 256 4059 jaceat,
284 3984 460 4037 anima
491 3992 666 4035 autem
694 3979 745 4031 in
772 3989 933 4029 manu
960 3971 1053 4025 Dei
1080 3967 1185 4030 sit;
1215 3963 1479 4017 Justorum
1506 3957 1638 4012 enim

58 4058 250 4136 anima:
275 4079 327 4131 in
353 4091 503 4129 manu
534 4072 629 4127 Dei
654 4078 789 4132 sunt,
811 4076 859 4121 et
889 4080 989 4118 non
1010 4067 1175 4131 tanget
1200 4058 1315 4111 illos
1341 4062 1637 4108 tormentum

60 4176 239 4246 (Sap.
279 4172 332 4225 '5.
364 4169 431 4239 l)
468 4186 481 4221 :
512 4162 745 4220 caritatis
788 4169 964 4213 tamen
1004 4154 1083 4209 vis
1112 4152 1261 4207 illum
1300 4156 1422 4202 ante
1458 4142 1639 4199 oculos

60 4240 275 4321 vestros
312 4257 610 4315 collocavit.
650 4253 902 4307 Volebam
943 4255 1119 4301 autem
1160 4244 1214 4297 in
1256 4240 1394 4296 idem
1432 4249 1640 4307 quoque

62 4362 436 4425 argumentum
468 4346 623 4401 hodie
649 4339 971 4398 descendere
994 4378 1008 4402 ,
1035 4334 1127 4390 sed
1156 4332 1221 4386 ad
1246 4332 1345 4385 alia
1376 4326 1637 4425 quaadam,

65 4461 181 4514 qua:
205 4441 377 4511 magis
403 4445 609 4507 urgent,
637 4432 806 4487 oratio
827 4437 1005 4483 nostra
1030 4421 1351 4495 provehitur,
1375 4419 1426 4471 in
1453 4415 1642 4486 quibus

65 4508 98 4591 τί
126 4546 235 4591 tota
269 4508 424 4587 hodie
462 4530 676 4584 civitate
711 4530 978 4594 peccatur.
1010 4519 1114 4573 Eos
1152 4515 1292 4571 enim
1332 4512 1419 4582 qui
1459 4508 1642 4563 laudes

68 4629 216 4683 Pauli
248 4625 431 4680 audire
450 4622 690 4690 cupiunt,
716 4617 861 4686 prius
882 4612 1092 4666 virtutis
1113 4607 1259 4663 Pauli
1286 4602 1505 4660 aemulos
1525 4614 1643 4656 esse

68 4728 302 4792 oportet,
328 4728 381 4774 et
402 4712 702 4785 hujusmodi
730 4708 985 4763 concione
1005 4704 1211 4772 dignos.
1234 4697 1495 4771 Quoniam
1517 4708 1643 4762 ergo

70 4784 175 4869 non
198 4812 351 4865 adest
372 4806 527 4861 hodie
553 4813 724 4874 pater,
757 4815 871 4868 age,
901 4795 1144 4867 precibus
1168 4792 1308 4846 illius
1334 4787 1474 4851 freti,
1502 4784 1641 4855 quod

70 4907 134 4958 ad
165 4901 555 4958 institutionem
598 4892 759 4949 vestri
798 4890 1026 4959 pertinet
1053 4887 1391 4957 attingamus.
1431 4876 1562 4932 Nam
1591 4882 1647 4928 et

73 4998 649 5070 Moyses-quamquam
688 5001 790 5039 non
822 4994 1046 5051 corpore
1076 4990 1310 5046 prtesens
1349 4987 1469 5027 cum
1491 4984 1643 5024 exer-

74 5064 181 5143 citu
211 5064 329 5152 fuit,
357 5083 698 5139 nihilominus
731 5088 927 5138 tamen,
961 5073 1067 5126 imo
1097 5068 1263 5123 multo
1291 5064 1458 5133 magis
1487 5075 1644 5137 quam
1676 5136 1682 5141 ⁷

76 5180 263 5251 reliqui
293 5177 617 5248 prmliantes,
648 5168 924 5223 victoriam
959 5159 1238 5233 promovit,
1272 5155 1448 5227 pansis
1474 5150 1645 5205 mani-

76 5275 174 5326 lius
190 5248 502 5325 sustentans
530 5277 743 5319 causam
772 5270 984 5313 suorum
1006 5294 1021 5317 ,
1048 5261 1102 5307 et
1130 5248 1365 5304 hostibus
1390 5253 1646 5298 terrorem

78 5363 342 5417 incutiens
364 5355 550 5429 (Exod.
581 5355 685 5421 l7).
710 5344 1166 5418 Quemadmodum
1190 5337 1330 5394 enim
1363 5348 1531 5404 neque
1556 5347 1648 5386 ca-

81 5457 249 5511 ritatis
272 5424 386 5517 vis,
418 5450 489 5505 ita
536 5460 708 5516 neque
750 5439 1066 5512 precationis
1106 5429 1389 5490 efﬁcacitas
1433 5424 1535 5481 loci
1571 5424 1652 5476 in-

84 5548 301 5603 tcrvallo
349 5551 664 5604 coercetur;
710 5534 803 5591 sed
851 5534 989 5588 sicut
1034 5529 1119 5583 illa
1165 5525 1320 5593 longe
1360 5519 1651 5587 disjunctos

83 5637 313 5707 copulat,
342 5633 419 5689 sic
446 5642 500 5688 et
525 5631 639 5684 haec
669 5641 761 5681 eos
786 5624 877 5694 qui
909 5618 1088 5692 procul
1119 5616 1340 5673 absunt,
1371 5606 1651 5662 admodum

83 5701 263 5800 juvare
286 5701 479 5802 potest.
507 5722 755 5787 Fidentes
778 5718 933 5789 igitur
961 5715 1012 5768 in
1037 5725 1257 5784 pugnam
1280 5701 1647 5777 procedamus.

1730 1932 1860 1988 Nam
1890 1944 1941 1990 et
1962 1937 2113 1993 nobis
2141 1936 2295 1992 hodie
2320 1938 2516 1992 bellum
2548 1938 2800 1993 indictum
2827 1946 2926 2005 est,
2958 1956 3061 1995 non
3089 1942 3293 1996 Amale.

1729 2025 1847 2077 citis
1875 2026 2257 2090 imadentibus,
2288 2037 2344 2081 ut
2373 2037 2483 2081 tum
2526 2030 2773 2091 fecerant,
2801 2038 2891 2083 aut
2918 2029 3037 2083 aliis
3061 2030 3294 2087 barbaris

1730 2115 2115 2171 incursantibus
2141 2158 2154 2182 ,
2183 2116 2273 2175 sed
2318 2116 2646 2176 (immunibus
2688 2133 2930 2193 pompam
2973 2118 3024 2172 in
3057 2120 3170 2174 toro
3202 2120 3297 2175 du-

1730 2216 1844 2259 cent
1856 2207 1988 2264 ibus.

1805 2300 1916 2364 Quo
1956 2313 2101 2370 pacto
2144 2304 2338 2356 initium
2388 2306 2508 2357 anni
2532 2306 2879 2358 celebraretur.
2910 2336 2980 2346 —
3019 2307 3298 2363 Diabolicaa

1731 2393 1871 2446 enim
1895 2395 2319 2461 pernoctationes
2343 2411 2460 2465 qua:
2510 2395 2667 2450 hodie
2695 2397 2825 2451 liunt
2843 2406 2897 2453 et
2938 2398 3298 2460 cavillationes

1732 2492 1786 2537 et
1804 2484 2060 2548 convicia,
2106 2495 2159 2538 et
2195 2486 2503 2540 saltationes
2532 2496 2801 2541 nocturna:
2822 2528 2839 2552 ,
2867 2497 2921 2543 et
2946 2487 3160 2543 ridicula
3187 2489 3300 2544 haec

1732 2575 2235 2645 commdia,quovis
2287 2576 2436 2630 hoste
2464 2575 2699 2632 deterius
2748 2578 3012 2633 civitatem
3063 2590 3298 2634 nostram

1733 2666 1990 2733 captivam
2021 2665 2220 2721 faciunt
2250 2685 2263 2720 :
2296 2676 2349 2722 et
2393 2682 2514 2723 cum
2551 2676 2855 2738 oporteret,
2886 2677 2943 2722 ut
2970 2670 3147 2723 animo
3184 2686 3302 2725 con-

1735 2757 2093 2824 traherentur,
2122 2758 2384 2829 lugerent,
2432 2758 2832 2825 erubescerent,
2874 2769 2984 2814 tum
3033 2761 3122 2830 qui
3165 2761 3301 2814 deli-

1734 2857 1993 2918 querunt,
2047 2858 2159 2903 tum
2215 2850 2302 2919 qui
2357 2865 2463 2904 non
2521 2849 2889 2920 deliquerunt,
2937 2852 3011 2905 illi
3090 2852 3301 2921 quidem

1734 2950 1950 3011 propter
1970 2940 2199 2996 admissa
2229 2941 2496 3009 facinora,
2525 2941 2580 2996 hi
2610 2956 2738 2997 vero
2766 2942 2886 3013 quia
2931 2943 3120 2998 fratres
3157 2944 3305 2999 vide.

1734 3043 1856 3087 runt
1885 3034 2107 3104 turpiter
2152 3043 2399 3105 agentes:
2434 3034 2553 3087 laeta
2573 3049 2692 3089 cum
2737 3035 2922 3104 primis
2951 3036 3135 3091 civitas
3164 3037 3299 3091 facta

1735 3134 1836 3189 est,
1864 3132 1917 3178 et
1940 3135 2212 3189 coronata,
2244 3135 2297 3179 et
2326 3125 2516 3189 forum,
2546 3124 2699 3194 quasi
2721 3125 2934 3194 elegans
2964 3135 3300 3194 sumptuosa-

1735 3232 1838 3286 que
1880 3216 2089 3282 mulier,
2119 3214 2398 3271 ambitiose
2425 3215 2581 3271 hodie
2606 3224 2914 3283 exornatur,
2947 3224 3001 3269 et
3043 3230 3191 3281 auro,
3225 3217 3305 3270 in-

1736 3307 2001 3363 dumentis
2044 3309 2313 3377 pretiosis,
2360 3307 2585 3375 calceis,
2614 3316 2668 3363 et
2692 3308 2909 3378 reliquis
2956 3307 3071 3377 ejus
3096 3311 3305 3378 generis

1736 3398 1977 3465 vestitur,
2004 3397 2224 3468 singulis
2262 3398 2315 3451 in
2344 3396 2556 3451 ofﬁcim
2601 3411 2694 3451 sua
2736 3396 2931 3466 opificii
2959 3398 3037 3451 sui
3064 3398 3307 3452 vendita-

1738 3490 1880 3545 tione
1908 3488 2144 3559 ejusdem
2174 3487 2381 3543 artiiicii
2411 3488 2583 3542 socios
2609 3488 2925 3543 antecellere
2952 3487 3305 3543 studentibus.

1737 3582 1863 3637 Hzec
1890 3591 2063 3636 autem
2091 3580 2415 3636 concertatio
2442 3594 2760 3649 quamquam
2788 3580 3004 3649 puerilis
3034 3579 3327 3649 cujusdam.

1738 3671 2068 3741 cogitationis
2088 3678 2172 3725 est
2189 3711 2205 3737 ,
2232 3677 2287 3725 et
2310 3669 2470 3723 animi
2496 3669 2627 3722 nihil
2656 3684 2827 3739 neque
2860 3682 3107 3738 magnum
3139 3685 3312 3739 neque

1739 3764 1968 3819 sublime
1990 3763 2270 3836 cogitantis
2287 3803 2302 3827 ,
2330 3776 2434 3815 non
2461 3761 2530 3814 ita
2557 3760 2780 3813 multum
2804 3769 2977 3814 tamen
3008 3775 3189 3814 secum
3229 3760 3309 3815 in-

1739 3856 2005 3912 commodi
2034 3863 2306 3933 apportat;
2339 3854 2432 3909 sed
2478 3852 2865 3908 inconsiderata
2894 3851 3133 3921 quaedam
3160 3853 3321 3921 solli-

1739 3953 1917 4008 citudo
1955 3959 2072 4017 est,
2100 3964 2218 4020 quae
2247 3948 2486 4003 sollicitis
2512 3947 2675 4000 risum
2708 3945 2861 4014 parit.
2888 3944 2944 4001 Si
2987 3946 3127 3999 enim
3150 3959 3311 3999 exor-

1742 4058 1870 4099 nare
1910 4040 2109 4112 aliquid
2140 4039 2364 4094 volueris
2385 4079 2401 4105 ,
2431 4052 2536 4092 non
2584 4036 2879 4103 ofﬁcinam,
2910 4034 3003 4090 sed
3042 4042 3306 4104 mentem,

1742 4150 1847 4189 non
1897 4132 2091 4196 forum,
2136 4130 2229 4186 sed
2278 4128 2675 4198 intelligentiam
2726 4135 2866 4180 tuam
2917 4134 3207 4189 exornato,
3254 4136 3311 4180 ut

1742 4224 1913 4296 angeli
1948 4222 2226 4285 mirentur,
2254 4219 2557 4289 archangeli
2588 4217 2689 4272 hoc
2728 4216 3044 4287 approbent,
3072 4215 3186 4284 ipse
3216 4231 3311 4269 an-

1742 4320 1977 4391 gelorum
2008 4317 2262 4371 Dominus
2303 4313 2413 4367 suis
2452 4322 2504 4366 te
2551 4310 2706 4364 donis
2746 4316 3134 4363 remuneretur.
3185 4306 3310 4361 Haec

1742 4413 1882 4467 enim
1912 4425 2030 4481 qum
2058 4423 2197 4463 nunc
2217 4413 2300 4462 est
2326 4402 2633 4465 venditatio,
2656 4410 2773 4455 tum
2794 4400 2977 4462 risum,
3012 4407 3121 4452 tum
3141 4413 3308 4452 aemu-

1743 4505 1993 4559 lationem
2025 4506 2295 4569 apportat;
2325 4496 2392 4549 ab
2433 4496 2498 4549 iis
2531 4494 2617 4562 qui
2666 4490 2878 4545 excelso
2928 4496 3052 4543 sunt
3096 4487 3308 4554 animo,

1744 4598 1944 4658 risum;
1977 4591 2043 4646 ab
2067 4592 2170 4645 illis
2196 4590 2283 4660 qui
2314 4589 2364 4641 in
2393 4586 2579 4640 eadem
2622 4582 2932 4653 aegritudine
2969 4588 3124 4646 sunt,
3148 4595 3312 4634 aemu-

1744 4685 1991 4739 lationem
2023 4679 2378 4748 invidiamque
2403 4675 2643 4730 multam.

1814 4775 1870 4829 2.
1910 4771 2035 4835 Sed,
2067 4779 2124 4827 ut
2151 4778 2303 4823 antea
2332 4767 2470 4831 dixi,
2505 4780 2610 4819 non
2633 4765 2701 4816 ita
2721 4759 3170 4830 reprehendenda:
3194 4770 3315 4813 sunt

1747 4867 1829 4921 hze
1870 4862 2287 4919 concertationes
2312 4876 2324 4911 :
2349 4857 2436 4927 qui
2461 4870 2589 4910 vero
2631 4854 2683 4907 in
2729 4853 2961 4906 tabernis
3005 4850 3113 4905 ludi
3156 4848 3314 4903 hodie

1747 4959 1908 5020 ﬁunt,
1943 4956 2016 5009 illi
2050 4968 2136 5009 me
2164 4951 2392 5006 maxime
2414 4947 2752 5006 excruciant,
2774 4953 2829 4999 et
2848 4928 3132 5012 impietatis
3156 4948 3313 5007 atque

1748 5047 2167 5120 intemperantiae
2209 5042 2347 5113 pleni
2386 5048 2541 5104 sunt;
2575 5035 2859 5105 impietatis
2905 5032 3136 5101 quidem,
3172 5030 3317 5099 quod

1749 5146 1837 5215 qui
1864 5119 1978 5195 ham
2006 5139 2236 5201 faciunt,
2264 5133 2377 5187 dies
2401 5129 2705 5193 observant,
2730 5134 2785 5180 et
2802 5123 3033 5193 auguriis
3060 5119 3317 5174 addicun-

1753 5208 1855 5293 tur,
1882 5242 1938 5287 et
1961 5237 2142 5301 putant
2169 5227 2213 5279 si
2241 5220 2562 5277 novilunium
2591 5217 2789 5270 mensis
2805 5212 2959 5282 hujus
3003 5225 3123 5265 cum
3166 5208 3321 5262 volu-

1754 5334 1897 5396 ptate
1925 5298 1979 5377 et
2001 5318 2177 5374 laetitia
2207 5315 2429 5383 degant,
2458 5308 2721 5378 reliquum
2744 5317 2803 5359 se
2822 5316 3022 5356 annum
3045 5298 3123 5353 sic
3147 5305 3326 5352 trans-

1753 5387 1969 5472 acturos
2011 5428 2026 5476 ;
2081 5401 2504 5474 intemperantiae
2574 5410 2722 5461 vero,
2774 5392 2913 5464 quod
2983 5390 3151 5461 prima
3196 5387 3315 5443 luce

1756 5505 1965 5561 feminae
1993 5509 2045 5555 et
2074 5497 2173 5551 viri
2205 5493 2390 5565 pocula
2435 5489 2718 5558 implentes
2738 5526 2751 5550 ,
2780 5482 2942 5538 multa
2971 5496 3089 5536 cum
3122 5479 3317 5533 intem-

1756 5595 1993 5669 perantia
2021 5591 2203 5644 vinum
2250 5598 2455 5639 merum
2507 5579 2712 5634 bibunt.
2764 5574 2888 5629 Haec
2931 5572 3143 5641 indigna
3195 5580 3320 5622 sunt

1755 5658 1930 5747 vestra
1988 5676 2350 5760 philosophia,
2401 5673 2512 5730 sive
2554 5686 2616 5727 ea
2668 5681 2763 5725 vos
2808 5665 2905 5744 ipsi
2941 5661 3176 5726 faciatis.
3208 5658 3322 5719 sive
