3906 6268
465 348 570 403 955

476 468 606 522 alios
636 469 736 522 hoc
765 467 938 522 facere
974 463 1326 534 permittatis,
1357 463 1469 515 sive
1516 461 1569 514 lii
1616 459 1794 513 famuli
1835 459 2037 523 vestri,

475 563 588 614 sive
627 559 806 617 amici.
835 559 946 610 sive
989 556 1142 608 vicini
1185 553 1400 608 fuerint.
1434 552 1546 606 Non
1591 551 1780 604 audisti
1825 551 2040 604 Paulum

474 652 771 704 dicentem:
816 646 937 700 Dies
1002 645 1270 698 observatis
1323 651 1368 694 et
1421 659 1648 706 mensas,
1698 652 1744 694 et
1791 651 2038 709 tempore,

474 753 519 794 et
548 758 724 793 annos.
756 739 954 800 Metuo,
988 754 1048 790 ne
1077 739 1264 806 frustra
1306 737 1357 787 in
1405 734 1539 786 vobis
1559 727 2038 802 ιαὺοναυρνὶηιίϐαο

474 837 564 885 (at.
599 837 648 883 4.
686 831 772 883 10.
806 831 918 896 11).

545 923 898 988 Auspiciorum
922 928 968 971 et
993 919 1215 971 ominum
1235 919 1446 970 vanitas.
1479 946 1547 956 —
1576 917 1819 984 Alioquin
1859 925 2039 969 extre-

476 1032 574 1070 mae
601 1015 701 1068 hoc
730 1023 813 1067 est
838 1011 1104 1071 amentiae,
1155 1021 1367 1079 propter
1391 1025 1552 1062 unutn
1579 1008 1718 1061 diem
1739 1049 1753 1068 ,
1786 1009 1829 1061 si
1858 1008 2036 1074 auspio

470 1118 619 1158 ratus
646 1105 820 1165 fuerit,
853 1119 947 1171 per
977 1103 1276 1155 universum
1322 1099 1422 1153 hoc
1470 1107 1778 1166 exspectare
1806 1113 2034 1152 annum:

469 1211 642 1266 neque
687 1195 934 1249 amentize
963 1193 1171 1257 solum,
1199 1191 1288 1245 sed
1315 1189 1587 1243 diabolicae
1616 1188 1885 1256 cujusdam
1915 1187 2034 1241 cfti-

468 1290 680 1342 eientiae
705 1285 957 1354 judicium
987 1294 1087 1348 est,
1107 1298 1209 1336 non
1242 1282 1454 1351 proprio
1481 1282 1652 1334 studio
1677 1292 1729 1334 et
1755 1281 2034 1342 alacritati,

469 1377 562 1431 sed
589 1376 904 1446 quibusdam
939 1374 1141 1427 dierum
1169 1372 1566 1427 circuitionibus
1595 1371 1752 1424 vitam
1799 1384 2034 1424 nostram

468 1469 861 1524 commendare.
906 1465 1226 1520 Fortunatus
1293 1463 1382 1516 tibi
1437 1463 1488 1514 in
1525 1463 1826 1516 universum
1865 1477 2036 1516 annus

467 1563 588 1625 erit,
613 1575 716 1613 non
745 1559 789 1611 si
820 1558 870 1611 in
905 1557 1171 1610 novilunio
1194 1555 1370 1607 ebrius
1392 1552 1553 1606 fueris
1573 1595 1586 1616 ,
1619 1553 1711 1605 sed
1738 1554 1779 1604 si
1807 1554 1855 1604 in
1881 1555 2033 1606 novi-

466 1655 612 1706 lunio
637 1661 690 1704 et
713 1663 1029 1718 unoquoque
1053 1647 1140 1700 die
1165 1662 1281 1714 qua:
1305 1646 1411 1698 Deo
1437 1645 1651 1712 probata
1679 1654 1801 1697 sunt
1827 1645 2030 1697 feceris.

465 1744 591 1798 Dies
613 1743 752 1796 enim
794 1741 960 1794 bonus
980 1749 1032 1793 et
1060 1739 1228 1791 malus
1250 1747 1329 1790 est
1347 1778 1360 1800 ,
1390 1751 1492 1789 non
1515 1736 1740 1804 quadam
1772 1737 1870 1788 sibi
1911 1753 2032 1803 pru-

464 1838 578 1905 pria
607 1843 790 1886 natura
810 1874 824 1894 ,
859 1831 988 1884 nihil
1014 1831 1153 1883 enim
1182 1829 1297 1882 dies
1325 1844 1354 1880 a
1385 1829 1468 1880 die
1493 1826 1698 1890 difl'crt;
1732 1827 1824 1880 sed
1854 1838 2032 1880 nostra

463 1929 546 1983 vel
564 1927 828 1994 diligentia
851 1965 866 1988 ,
892 1924 974 1978 vel
1006 1921 1228 1992 ignavia.
1255 1921 1308 1976 Si
1332 1920 1588 1989 justitiam
1617 1917 1804 1973 feceris
1823 1959 1837 1980 ,
1863 1919 2035 1972 bonus

463 2020 557 2073 tibi
595 2018 709 2073 dies
749 2018 882 2070 erit:
907 2017 988 2070 sin
1035 2023 1303 2083 peccatum
1342 2011 1732 2080 designaveris,
1763 2010 1931 2064 malus
1981 2019 2036 2062 et

464 2110 701 2180 supplicii
732 2109 934 2176 plenus.
967 2107 1020 2161 Si
1053 2107 1149 2158 ista
1180 2103 1496 2165 meditatus,
1522 2103 1564 2156 si
1603 2103 1670 2154 ita
1700 2103 1877 2154 animo
1902 2101 2031 2154 affe-

464 2211 581 2255 ctus
609 2198 769 2251 fueris
790 2240 804 2260 ,
837 2207 888 2250 et
920 2211 1101 2265 preces
1140 2195 1611 2264 eleemosynasque
1652 2191 1884 2261 quotidie
1935 2191 2030 2244 ad-

463 2291 727 2354 hibucris,
787 2290 1107 2343 fortunatum
1162 2286 1380 2341 habebis
1456 2295 1622 2339 totum
1675 2300 1903 2339 annum:
1949 2286 2030 2337 sin

460 2382 710 2436 virtutem
766 2378 1098 2447 neglexeris,
1152 2387 1204 2432 et
1252 2377 1412 2431 initiis
1465 2376 1724 2429 mensium
1775 2389 1836 2428 ac
1881 2376 2032 2429 statis

469 2472 657 2528 diebus
704 2470 864 2522 animi
901 2469 970 2521 tui
1003 2466 1404 2521 oblectationem
1454 2464 1848 2519 cancredidcris
1871 2505 1884 2530 ,
1913 2481 2030 2518 ont-

462 2563 608 2615 nium
629 2576 748 2629 qua:
776 2559 840 2612 ad
871 2569 920 2611 te
951 2558 1213 2625 pertinent
1242 2557 1410 2610 inanis
1443 2557 1549 2609 eris
1577 2555 1857 2609 honorum.
1879 2554 2029 2622 Quod

461 2669 581 2707 cum
611 2653 847 2707 diabolus
873 2651 1181 2722 perspiciat,
1211 2660 1264 2703 et
1293 2649 1500 2703 studeat
1529 2658 1736 2703 nostros
1760 2648 1811 2702 in
1836 2649 2030 2704 virtute
2063 2723 2066 2726 .

469 2745 676 2797 labores
717 2743 954 2810 frangere
974 2780 990 2804 ,
1021 2750 1074 2794 et
1122 2739 1282 2793 animi
1309 2739 1630 2794 alacritatem
1653 2739 1988 2809 exstinguere
2011 2778 2026 2804 ,

467 2846 575 2887 tum
635 2835 820 2894 honos,
852 2843 960 2884 tum
1013 2831 1178 2883 malos
1231 2830 1562 2898 negotiorum
1621 2829 1795 2884 exitus
1844 2830 2029 2884 diebus

459 2925 762 2980 adscribere
811 2939 908 2976 nos
951 2922 1122 2977 docet.
1153 2920 1284 2976 Nam
1328 2922 1415 2990 qui
1457 2921 1558 2975 sibi
1608 2922 1705 2990 ipsi
1752 2924 2032 2991 persuadet

378 3051 384 3057 .
459 3018 598 3069 dictu
625 3015 704 3068 vel
732 3015 927 3067 bonum
955 3013 1036 3066 vel
1065 3013 1258 3066 malum
1289 3027 1440 3076 esse,
1465 3029 1636 3082 neque
1665 3013 1715 3066 in
1755 3015 1891 3067 tnalo
1941 3015 2028 3070 die

459 3106 717 3159 honorum
743 3106 995 3157 factorum
1021 3117 1202 3156 curam
1230 3101 1480 3166 habebit,
1503 3103 1651 3172 quasi
1681 3115 1894 3170 propter
1921 3104 2026 3158 diei

459 3197 826 3250 necessitatem
856 3196 1045 3247 frustra
1077 3191 1366 3246 laborando
1388 3192 1520 3246 nihil
1560 3193 1833 3262 proficiat:
1859 3209 2027 3264 neque

458 3297 641 3340 contra
687 3285 737 3338 in
766 3285 905 3339 bono
931 3283 1017 3337 die
1057 3282 1343 3352 quidquam
1376 3282 1567 3349 faciet,
1593 3284 1777 3353 quasi,
1811 3295 2025 3355 propter

460 3379 653 3430 bonum
681 3374 786 3428 diei
817 3389 1122 3429 successum
1141 3415 1156 3437 ,
1186 3374 1398 3442 propria
1428 3374 1669 3428 socordia
1696 3390 2024 3445 nequaquam

458 3468 697 3522 laedatur.
725 3466 813 3520 Sic
841 3467 1084 3534 utrinque
1129 3479 1280 3519 suam
1326 3465 1490 3535 ipsius
1537 3465 1724 3533 prodet
1762 3467 2020 3531 salutem,

457 3571 615 3629 atque
647 3557 907 3612 interdum
958 3566 1013 3610 ut
1046 3555 1322 3616 inutiliter,
1365 3554 1630 3610 interdum
1660 3557 1807 3626 quasi
1836 3573 2023 3626 super-

461 3665 687 3705 vacanee
716 3649 994 3710 laborans,
1027 3648 1078 3701 in
1128 3647 1236 3700 otio
1263 3656 1318 3701 et
1361 3647 1591 3716 nequitia
1641 3648 1802 3702 vitam
1847 3648 2021 3714 deget.

457 3741 606 3809 Quod
633 3756 752 3796 cum
778 3741 1023 3804 sciamus,
1049 3736 1244 3792 diaboli
1285 3738 1506 3792 astutias
1555 3737 1733 3808 fugere
1779 3748 2022 3808 Oportet,

457 3845 511 3891 et
536 3836 674 3889 hunc
699 3834 856 3888 animi
877 3847 1091 3886 sensum
1122 3830 1410 3898 deponere,
1443 3838 1498 3883 ut
1517 3845 1685 3900 neque
1704 3829 1818 3885 dies
1837 3832 2024 3885 obser-

456 3942 670 3993 vemus,
696 3942 866 3995 neque
914 3924 1054 3979 hunc
1083 3923 1220 3978 diem
1249 3923 1566 3992 refugiamus
1590 3962 1605 3988 ,
1638 3923 1782 3977 illum
1834 3925 2023 3994 diliga-

458 4034 594 4073 mus.
622 4018 739 4072 Non
766 4018 905 4071 enim
937 4015 1108 4070 solum
1156 4023 1212 4067 ut
1241 4028 1339 4068 nos
1382 4013 1435 4068 in
1481 4014 1774 4069 socordiam
1805 4014 2023 4084 injiciat,

455 4109 548 4163 scd
571 4110 727 4163 etiam
755 4117 812 4162 ut
838 4121 997 4175 Opera
1036 4105 1128 4160 Dei
1168 4103 1376 4174 sugillet
1401 4144 1416 4170 ,
1444 4107 1556 4159 haec
1580 4105 1748 4158 malus
1768 4106 1854 4160 ille
1904 4121 2022 4158 mo-

456 4199 583 4252 htur
627 4199 854 4263 daemon,
887 4205 944 4250 et
991 4197 1042 4250 in
1073 4196 1395 4266 impietatem
1439 4196 1837 4265 socordiamque
1866 4197 2023 4250 simul

457 4292 659 4344 animas
686 4298 892 4342 nostras
921 4286 1225 4358 pertrahere
1246 4286 1461 4356 cogitat.

527 4381 676 4436 Nihil
705 4381 913 4446 malum,
931 4380 1028 4434 nisi
1051 4389 1337 4449 peccatum;
1358 4377 1487 4432 nihil
1505 4380 1704 4442 bonum,
1722 4378 1820 4432 nisi
1847 4380 2022 4433 virtus.

457 4503 526 4513 ——
554 4472 657 4528 Sed
701 4471 906 4526 resilire
947 4485 1044 4524 nos
1076 4478 1302 4540 oportet,
1332 4478 1386 4524 et
1425 4477 1575 4524 certo
1611 4478 1860 4536 statuere,
1894 4469 2023 4523 nihil

457 4565 651 4618 malum
676 4577 794 4616 esse
815 4561 912 4616 nisi
943 4570 1213 4630 peccatum
1240 4561 1432 4626 solum,
1460 4569 1514 4613 ct
1539 4558 1667 4613 nihil
1697 4561 1891 4614 bonum
1922 4560 2022 4615 nisi

454 4658 698 4708 virtutem
723 4653 909 4718 solam,
933 4661 986 4725 et
1011 4663 1316 4721 perpetuum
1335 4652 1530 4705 cultum
1562 4651 1674 4706 Dei.
1705 4651 2022 4708 Oblectatioo

457 4761 576 4799 nem
602 4744 784 4808 animi,
816 4758 920 4796 non
943 4742 1194 4806 ebrietas,
1213 4743 1304 4797 sed
1335 4741 1566 4810 precatio
1590 4743 1896 4811 spiritualis,
1915 4761 2018 4800 non

453 4838 654 4903 vinum,
679 4835 769 4890 sed
798 4836 1010 4889 verbum
1037 4833 1281 4888 erudiens
1307 4832 1477 4886 affert.
1509 4832 1695 4887 Vinum
1723 4835 1860 4889 enim
1890 4844 2023 4890 tem-

452 4939 731 4999 pestatem,
751 4928 968 4982 verbum
997 4926 1421 4996 tranquillitatem
1445 4935 1590 4981 creat
1618 4944 1630 4980 :
1661 4927 1787 4982 illud
1819 4929 2018 4983 tumul-

456 5032 565 5075 tum
595 5021 901 5085 introducit,
934 5019 1034 5074 hoc
1065 5019 1438 5077 turbulentiam
1467 5020 1682 5088 expellit
1711 5038 1724 5072 :
1753 5020 1882 5075 illud
1920 5021 2019 5075 ob-

450 5125 631 5168 scurat
677 5125 942 5176 mentem,
997 5113 1096 5166 hoc
1140 5111 1471 5166 obscuratam
1519 5113 1776 5166 illuminat
1827 5131 1841 5166 :
1893 5113 2017 5167 illud

453 5205 616 5258 animi
642 5219 901 5260 maerores
926 5205 1014 5272 qui
1045 5212 1166 5256 ante
1195 5219 1298 5256 non
1325 5203 1530 5256 fuerant
1556 5203 1771 5268 invehit,
1806 5203 1907 5256 hoc
1927 5219 2018 5259 eos

447 5297 537 5366 qui
559 5297 750 5351 adsunt
773 5296 1036 5350 exturbat.
1066 5294 1205 5348 Nihil
1233 5295 1371 5349 enim
1401 5296 1468 5347 ita
1498 5294 1726 5348 laetitiam
1743 5293 2016 5364 gaudium--

451 5404 554 5456 que
585 5390 741 5456 parit,
777 5397 835 5440 ut
876 5387 990 5442 haec
1029 5386 1373 5455 pltilosOphiaa
1404 5397 1596 5441 uestra:
1625 5388 1856 5441 instituta
1886 5405 1902 5442 ε
1933 5403 2018 5442 res

451 5488 740 5548 praisentes
767 5480 1061 5548 despicere,
1092 5478 1282 5533 futuris
1313 5478 1514 5533 inhiare
1541 5495 1554 5531 :
1583 5478 1709 5532 nihil
1731 5479 2017 5533 humanum

450 5571 639 5626 stabile
678 5570 949 5640 judicare,
999 5585 1101 5625 non
1147 5570 1376 5634 divitias,
1427 5585 1531 5624 non
1579 5571 1883 5637 potentiam,
1912 5587 2017 5624 non

453 5665 701 5724 honores,
726 5676 828 5715 non
850 5661 1137 5716 clientelas.
1170 5662 1293 5716 "rec
1319 5662 1362 5716 si
1394 5671 1533 5716 recta
1557 5660 1756 5714 ratione
1785 5671 2013 5730 reputes,

449 5771 570 5810 cum
601 5754 817 5808 divitem
847 5753 1056 5817 videris,
1087 5769 1191 5807 non
1232 5763 1281 5806 te
1318 5753 1505 5805 invidia
1548 5751 1804 5806 mordebit
1835 5769 1845 5803 τ
1880 5753 1921 5804 si
1964 5754 2012 5806 in

1172 348 1229 403 S.
1269 345 1545 402 JOANNIS
1584 342 2053 401 CHRYSOSTOMI
2087 342 2400 400 ARCHIEP.
2428 343 2957 404 CONSTANTI‘NOP.

3621 359 3722 413 955

2152 467 2509 526 paupertatem
2564 462 2844 527 incideris,
2892 480 2993 516 non
3051 463 3403 536 despondebis
3439 471 3714 537 animum;

2147 557 2304 615 atque
2326 549 2457 602 adeo
2489 562 2742 619 perpetuo
2770 551 2947 606 feriari
2983 566 3153 622 petes.
3183 557 3542 612 Christianum
3572 563 3714 615 enim

2147 655 2250 691 non
2283 642 2554 696 mensibus
2577 684 2592 707 ,
2621 657 2725 695 non
2756 645 3060 710 noviluniis,
3089 662 3192 700 non
3223 649 3508 704 dominicis
3534 652 3718 706 diebus

2144 724 2320 780 feriari
2357 737 2604 796 oportet:
2634 732 2726 785 sed
2777 747 2871 800 per
2907 749 3115 788 omnem
3146 738 3303 790 vitam
3344 738 3538 793 festum
3577 743 3714 796 diem

2144 818 2243 870 sibi
2288 820 2737 874 accommodatum
2786 838 2962 891 agere.
3009 829 3077 878 At
3116 827 3232 895 quis
3275 828 3349 881 illi
3397 829 3564 883 festus
3604 832 3718 886 dies

2142 912 2427 966 convenit?
2467 913 2755 968 Audiamus
2787 917 3004 972 Paulum
3025 918 3281 975 dicentem
3316 940 3329 974 :
3363 922 3548 992 Itaque
3569 928 3718 994 [eric-

2143 1021 2277 1068 mttr,
2308 1022 2408 1058 non
2434 1007 2485 1058 in
2515 1012 2756 1075 fermento
2780 1011 2949 1074 veteri,
2981 1028 3139 1080 neque
3161 1014 3213 1066 in
3239 1016 3481 1082 fermento
3513 1019 3718 1070 malitiae

2143 1105 2188 1147 et
2217 1096 2488 1161 nequitia:
2511 1098 2599 1149 sed
2638 1099 2690 1150 in
2725 1101 2915 1168 azymis
2953 1102 3248 1157 sinceritatis
3289 1116 3336 1157 et
3373 1109 3596 1160 veritatis
3639 1110 3714 1179 (1.

2142 1183 2258 1237 Cor.
2281 1185 2334 1237 5.
2367 1187 2442 1249 8).
2473 1185 2527 1239 Si
2555 1203 2681 1256 ergo
2703 1204 2886 1257 puram
2914 1191 3075 1246 habes
3095 1197 3492 1261 conscientiam,
3519 1199 3710 1253 festum

2141 1272 2280 1325 diem
2307 1288 2429 1342 ages
2457 1287 2708 1343 perpetuo
2727 1319 2742 1342 ,
2786 1279 2917 1332 bona
2947 1285 3170 1337 nutritus
3194 1300 3310 1352 spe,
3334 1297 3386 1339 ct
3416 1291 3711 1344 futurorum

2141 1360 2396 1414 bonorum
2426 1365 2662 1431 perfusus
2685 1370 3066 1435 expectatione.
3112 1371 3202 1426 Sin
3242 1376 3418 1428 animo
3442 1378 3709 1442 difﬁdens,

2138 1463 2192 1504 et
2215 1453 2500 1508 sceleribus
2531 1457 2706 1510 tuultis
2731 1458 2990 1514 obnoxius
3028 1463 3213 1527 fueris,
3243 1482 3562 1536 quamquam
3589 1487 3716 1524 set-

2139 1555 2306 1598 centu:
2333 1545 2477 1599 ferite
2506 1557 2560 1601 et
2586 1549 2919 1604 celebritates
2943 1554 3067 1619 sint,
3100 1556 3261 1607 nihilo
3289 1567 3465 1612 tamen
3495 1562 3711 1624 melius,

2139 1653 2294 1703 quam
2325 1639 2354 1689 ii
2382 1639 2467 1706 qui
2492 1639 2670 1708 lugent
2697 1644 3012 1697 constitutus
3049 1661 3128 1699 es.
3178 1649 3305 1713 Qua:
3348 1649 3488 1704 enim
3535 1654 3713 1716 splen.

2138 1729 2274 1782 ditia:
2316 1730 2419 1784 dici
2470 1733 2664 1786 utilitas
2692 1749 2809 1788 csse
2838 1745 3026 1803 potest,
3069 1739 3112 1790 si
3152 1739 3278 1793 tuilti
3309 1743 3482 1796 anima
3513 1746 3708 1799 obscu-

2145 1832 2258 1872 rata
2287 1836 2382 1890 per
2407 1825 2780 1876 conscientiam
2811 1825 2911 1878 sit?
2954 1828 3044 1880 Sin
3079 1828 3301 1883 fructum
3329 1834 3558 1902 aliquem
3591 1853 3710 1904 pcr-

2137 1911 2313 1977 cipere
2354 1928 2384 1964 e
2427 1914 2693 1968 nuvilunio
2720 1916 2818 1978 vis,
2845 1917 2943 1971 hoc
2967 1918 3142 1972 facito.
3179 1920 3272 1976 Ubi
3303 1941 3498 1978 annum
3530 1930 3711 1996 exple-

2139 2009 2249 2052 tum
2287 2001 2503 2068 videris,
2547 2005 2742 2072 gratias
2789 2021 2886 2076 age
2929 2007 3170 2076 Domino,
3215 2014 3300 2080 qui
3352 2023 3403 2066 te
3451 2016 3518 2069 ad
3575 2019 3711 2072 hanc

2136 2107 2392 2145 annorum
2415 2094 2776 2149 circuitionetu
2802 2097 3060 2166 perduxit.
3088 2103 3389 2172 Coutpuuge
3414 2122 3510 2160 cor
3540 2120 3705 2176 tuum,

2137 2182 2255 2233 vita:
2283 2189 2382 2235 tua:
2413 2190 2618 2252 tempus
2660 2197 2830 2240 tecum
2875 2199 3074 2257 reputa,
3109 2203 3279 2246 tecum
3317 2196 3383 2248 ad
3423 2198 3569 2253 hunc
3593 2218 3706 2254 uto-

2135 2273 2257 2325 dum
2287 2274 2444 2328 verba
2474 2275 2631 2330 facito
2664 2295 2678 2329 :
2713 2277 2826 2332 dics
2865 2281 3074 2335 avolant
3121 2294 3172 2336 et
3215 2296 3556 2355 praetereunt,
3583 2296 3707 2346 anni

2135 2361 2388 2418 finiuntur
2413 2382 2428 2420 :
2458 2382 2696 2436 magnam
2737 2369 2834 2422 viae
2870 2381 3062 2425 nostra:
3104 2385 3303 2442 partem
3337 2378 3704 2437 confecimus:

2134 2454 2256 2523 quid
2277 2456 2396 2508 boui
2417 2472 2446 2509 a
2470 2458 2620 2511 nobis
2641 2457 2832 2513 factum
2855 2463 2968 2516 est?
2996 2463 3129 2519 Num
3159 2467 3344 2522 inanes
3363 2469 3506 2536 hinc,
3535 2477 3707 2529 omni-

2133 2561 2236 2616 que
2271 2546 2476 2616 justitia
2512 2549 2745 2606 destituti
2786 2553 3154 2611 discedemus?
3194 2559 3456 2617 Judicium
3489 2567 3580 2620 Dei
3614 2586 3708 2635 pm

2135 2637 2332 2693 furibus
2365 2649 2468 2706 est,
2507 2651 2560 2695 et
2594 2643 2847 2713 reliquum
2889 2646 3007 2700 vita:
3050 2658 3255 2719 tempus
3283 2652 3348 2706 ad
3378 2668 3706 2713 senectutem

2133 2743 2295 2798 vergt.
2865 2748 2870 2754 ·

2203 2820 2252 2872 5.
2277 2820 2399 2875 Haec
2419 2821 2467 2874 in
2488 2823 2770 2879 noviluniis
2790 2827 3072 2884 meditare:
3089 2831 3198 2885 haec
3213 2832 3280 2888 de
3295 2850 3552 2892 annorum
3579 2857 3705 2896 cou-

2131 2910 2462 2965 vcrsionihus
2492 2917 2702 2970 revolve
2733 2935 2746 2968 :
2778 2917 2965 2972 futura.-
3014 2921 3114 2974 diei
3163 2936 3414 2993 perpetuo
3452 2934 3689 2988 recorder

2132 3018 2270 3069 mur,
2300 3020 2365 3057 ne
2388 3003 2665 3060 adversum
2694 3010 3063 3077 nos‘luquatur
3091 3015 3206 3082 quis
3237 3016 3386 3082 illud,
3419 3023 3562 3089 quod
3607 3026 3701 3076 ad-

2129 3107 2313 3147 versus
2335 3092 2545 3148 Juda'os
2574 3113 2602 3149 a
2627 3099 2878 3166 prOpheta
2918 3100 3114 3155 dictum
3156 3113 3237 3158 est
3269 3124 3281 3159 :
3311 3106 3618 3176 Defecemnt
3653 3117 3702 3166 in

2129 3184 2344 3236 vanitate
2387 3184 2492 3238 dies
2534 3203 2725 3255 eorum,
2763 3200 2808 3242 et
2853 3193 2973 3248 anni
3013 3210 3182 3246 eorum
3227 3212 3338 3249 cunt
3385 3203 3708 3270 festinatione

2131 3275 2148 3344 (
2175 3273 2312 3355 Psal.
2343 3275 2427 3329 77.
2458 3278 2527 3332 55
2549 3280 2588 3346 ).
2635 3269 2887 3349 llas‘ergo
2913 3280 3069 3336 ferias
3095 3295 3369 3354 perpetuas
3388 3269 3449 3342 et
3475 3294 3704 3348 ambitus

2128 3379 2383 3419 annorum
2399 3385 2500 3422 non
2519 3380 2901 3438 exspectantes,
2921 3389 3091 3444 neque
3112 3377 3313 3431 dierum
3331 3385 3705 3446 permensione

2128 3456 2418 3526 descriptas
2442 3471 2546 3513 tum
2569 3461 2714 3516 dives
2740 3473 2846 3517 tum
2869 3481 3067 3535 pauper
3087 3482 3148 3521 ex
3169 3485 3318 3540 teque
3339 3482 3703 3545 potestagcre.

2128 3549 2241 3603 Non
2260 3552 2398 3604 enim
2414 3554 2495 3607 hic
2513 3555 2764 3622 pecuniis,
2782 3573 2950 3627 neque
2967 3575 3139 3614 rerum
3157 3561 3423 3617 affluentia
3442 3582 3581 3636 opus
3603 3580 3703 3634 est,

2128 3643 2220 3697 sed
2243 3646 2432 3700 virtute
2452 3649 2582 3701 sola.
2606 3649 2717 3702 Non
2743 3649 2902 3704 habes
2932 3654 3212 3722 pecunias?
3239 3657 3307 3710 At
3332 3658 3421 3712 Dei
3455 3661 3704 3719 timorem

2129 3735 2290 3791 habes
2301 3739 2545 3794 omnibus
2560 3741 2794 3809 pecuniis
2820 3742 3112 3799 uberiorem
3142 3745 3464 3815 thesaurum,
3487 3755 3578 3820 qui
3609 3771 3706 3808 nc-

2128 3844 2229 3898 que
2245 3831 2590 3895 consumitur,
2605 3849 2774 3902 neque
2796 3835 3177 3904 intervertitur,
3201 3855 3370 3910 neque
3390 3843 3707 3898 exhauritur

2129 3937 2397 3992 umquam.
2421 3923 2988 3991 lntuereitic:clutti,et
3012 3928 3064 3982 in
3093 3931 3280 3984 cazlum
3309 3933 3444 3996 cmli,
3477 3943 3702 3998 terram,

2129 4029 2294 4079 mare,
2329 4029 2541 4080 aerem,
2585 4017 2636 4069 in
2678 4033 2871 4087 genera
2913 4020 3279 4090 animantium,
3301 4039 3364 4078 ac
3384 4026 3702 4082 varietatem

2129 4105 2392 4176 stirpium,
2417 4107 2468 4162 in
2492 4117 2730 4162 naturam
2761 4109 3032 4166 hominum
3059 4113 3376 4169 universam.
3407 4115 3702 4173 Considera

2128 4198 2361 4266 angelos,
2395 4197 2761 4268 archangelos,
2789 4202 3089 4270 superiores
3115 4214 3398 4273 potestates
3420 4224 3615 4264 revoca
3651 4213 3704 4266 in

2129 4292 2435 4345 memoriam
2461 4333 2476 4356 ,
2520 4291 2631 4345 lucc
2667 4294 2840 4345 omnia
2873 4295 2923 4347 in
2957 4295 3163 4350 Domini
3203 4298 3274 4350 tui
3316 4309 3436 4352 sunt
3473 4300 3700 4358 ditione.

2130 4381 2277 4436 Haud
2319 4383 2428 4436 fieri
2471 4392 2662 4452 potest,
2689 4393 2747 4438 ut
2771 4385 2972 4440 domini
3002 4397 3104 4441 tam
3133 4388 3427 4459 locupletis,
3458 4408 3694 4460 prtcser»

2131 4473 2220 4527 tim
2247 4473 2289 4527 si
2321 4475 2599 4544 prOpitium
2639 4476 2826 4531 habeat
2867 4479 3163 4546 Dominum,
3197 4497 3392 4551 pauper
3417 4485 3700 4554 quisquam

2128 4581 2312 4619 servus
2352 4567 2438 4622 sit.
2488 4567 2606 4621 Dies
2641 4568 2922 4626 observare
2967 4586 3070 4626 non
3114 4573 3424 4629 Cbristianm
3453 4577 3697 4645 philoso-

2129 4657 2285 4724 plliu',
2317 4657 2408 4711 sed
2439 4658 2606 4713 Graeci
2646 4661 2842 4714 erroris
2879 4670 2981 4716 est.
3027 4662 3080 4716 ln
3123 4665 3386 4721 ctelestem
3424 4668 3699 4725 civitatem

2127 4751 2419 4816 adscriptus
2444 4766 2520 4813 es,
2549 4752 2597 4804 in
2620 4753 2989 4822 rempubliCam
3020 4771 3135 4809 eam
3165 4767 3406 4826 receptus
3429 4773 3508 4823 es,
3531 4777 3702 4831 ange-

2127 4841 2192 4893 lis
2223 4842 2443 4908 teipsum
2472 4843 2792 4898 atltniscuisti
2825 4865 2838 4898 :
2868 4847 2951 4899 ubi
2992 4863 3094 4900 non
3141 4857 3223 4902 est
3264 4849 3435 4903 lumen
3465 4853 3608 4920 quod
3645 4856 3700 4907 in

2129 4935 2355 4986 tenebris
2380 4933 2602 4996 desinat,
2631 4950 2797 5003 neque
2822 4935 2935 4990 dies
2958 4953 3074 5006 qum
3112 4939 3161 4991 in
3197 4951 3400 4993 noctem
3437 4944 3700 4996 termino-

2129 5034 2231 5087 tur,
2259 5025 2350 5079 sed
2382 5037 2628 5093 perpetua
2666 5026 2809 5090 dies,
2853 5039 2905 5082 et
2946 5042 3192 5099 perpetua
3225 5033 3330 5085 lux.
3364 5032 3418 5086 In
3450 5034 3534 5088 illa
3562 5052 3702 5104 ρει-ευ

2126 5131 2334 5184 semper
2376 5116 2689 5169 intueantur.
2746 5117 2869 5183 Qum
2907 5137 3104 5174 sursum
3146 5133 3296 5187 sunt,
3355 5124 3522 5192 inquit
3576 5127 3698 5192 ille,

2124 5207 2348 5275 qttwrite,
2372 5204 2453 5259 tibi
2474 5206 2700 5262 Christus
2721 5209 2787 5261 ad
2810 5211 3062 5264 dexteram
3085 5211 3183 5266 Dei
3211 5215 3344 5267 sedet
3366 5211 3500 5286 (Cal.
3524 5216 3576 5270 5.
3618 5219 3696 5289 ig).

2125 5295 2263 5350 Nihil
2301 5296 2461 5352 habes
2490 5314 2769 5353 commune
2797 5315 2914 5353 cum
2948 5314 3082 5355 terra
3103 5345 3119 5368 ,
3162 5305 3245 5356 tibi
3273 5306 3397 5359 solts
3423 5321 3617 5362 cursus
3643 5321 3702 5364 et

2125 5389 2519 5454 Conversiones,
2543 5398 2596 5442 et
2617 5389 2731 5443 dies
2755 5400 2896 5455 sunt,
2923 5393 3015 5446 sed
3045 5395 3087 5447 si
3119 5406 3260 5450 recte
3280 5397 3444 5463 vivas,
3466 5414 3568 5452 nos
3600 5403 3697 5454 tibi

2125 5476 2238 5532 dies
2261 5478 2360 5532 erit
2391 5495 2403 5529 :
2433 5489 2616 5532 contra
2643 5494 2765 5533 vero
2794 5481 2896 5535 illis
2925 5483 3012 5552 qui
3043 5485 3093 5538 iu
3123 5485 3332 5541 lascivia
3359 5498 3412 5541 et
3435 5489 3699 5547 ebrietate

2125 5577 2178 5622 et
2220 5568 2620 5636 intemperantia
2646 5570 2844 5634 vivunt,
2889 5571 3002 5627 dies
3043 5575 3107 5628 ad
3155 5578 3322 5631 noctis
3367 5581 3697 5636 convertitur

2128 5649 2400 5720 tenebras,
2442 5675 2544 5712 non
2584 5661 2792 5728 quidem
2822 5663 3112 5721 defectione
3151 5669 3296 5732 solis,
3327 5671 3419 5724 sed
3457 5672 3690 5736 illorum,

2127 5764 2338 5822 propter
2380 5753 2724 5820 ebrietatem,
2765 5755 3132 5812 obscuratione
3163 5762 3368 5814 mentis.
3419 5763 3536 5818 Dies
3563 5782 3689 5836 ergo
