3906 6242
79 370 168 423 1455
1477 362 1544 416 ΙΝ
1584 356 1811 414 KALEN
1821 355 1973 408 DAS.

77 487 216 552 τέρας
267 478 612 548 φιλοσοφέας,
667 475 772 527 κᾶν
827 473 984 543 ὑμεῖς
1020 471 1234 541 ποιῆτε,
1271 469 1375 523 κᾶν
1415 470 1635 538 ἐτέρους

74 563 337 624 ποιοῦντας
380 559 686 632 περιίδητε,
715 557 820 610 κᾶν
866 557 1107 620 οἰκέτας,
1136 557 1240 608 κᾶν
1295 553 1500 624 φίλους,
1534 552 1638 604 κᾶν

75 653 318 717 γείτονας.
367 648 483 698 Οὐκ
533 643 775 714 ἡκούσας
812 641 1028 695 Παύλου
1072 640 1353 708 λέγοντος·
1393 639 1638 706 Ἡμέρας

73 717 488 800 παρατηρεῖσθε
526 729 623 782 καί
659 726 859 797 μῆνας
885 727 985 781 καὶ
1019 727 1267 796 καιροὺς
1311 725 1408 778 καὶ
1437 725 1637 777 ἐνιαυ·

74 821 187 883 τούς
212 836 223 847 ·
258 816 552 886 φοϐοῦμαι
574 819 789 884 μήπως
810 811 940 880 εικῆ
972 815 1303 866 κεκοπίακα
1329 813 1416 876 εἰς
1455 809 1632 877 ὑμᾶς.

136 903 331 965 ’Ἄλλως
369 901 428 952 δέ
457 900 551 954 καὶ
582 901 679 969 τῆς
713 899 952 968 ἐσχάτης
978 898 1163 960 ἀνοίας
1191 897 1257 949 ἂν
1295 895 1380 967 εἴη
1406 897 1513 948 ἀπὸ
1540 897 1638 964 τῆς

78 990 188 1058 μιᾶς
216 986 453 1057 ἡμέρας,
489 986 537 1036 εἰ
561 984 712 1048 δεξιά
738 982 971 1051 γένοιτο,
1002 979 1214 1034 καὶτοῦ
1251 980 1453 1042 παντὸς
1481 978 1640 1032 τοῦτο

77 1072 359 1143 προσδοκᾷν
386 1067 639 1122 ἐνιαυτοῦ
662 1085 674 1096 ·
711 1069 813 1119 οὐκ
841 1067 1028 1130 ἀνοίας
1069 1066 1128 1120 δὲ
1169 1065 1352 1136 μόνον,
1381 1065 1516 1118 ἀλλὰ
1544 1066 1639 1117 καὶ

73 1157 358 1224 διαϐολικῆς
410 1153 694 1224 ἐνεργείας
745 1154 778 1222 ἡ
829 1152 1011 1222 κρίσις
1046 1150 1207 1220 αῦτη,
1243 1151 1318 1221 μὴ
1359 1153 1427 1221 τῇ
1456 1148 1638 1218 οἰκείᾳ.

76 1242 256 1312 σπουδῇ
283 1240 378 1293 καὶ
408 1237 715 1309 προθυμία,
747 1235 886 1288 ἀλλά
914 1237 1035 1298 ταῖς
1061 1234 1171 1287 τῶν
1200 1233 1423 1304 ἡμερῶν
1452 1233 1638 1304 περιό-

73 1327 168 1389 δοις
193 1327 259 1378 τά
291 1323 437 1378 κατὰ
464 1323 556 1375 τὸν
593 1320 707 1390 βίον
748 1319 1067 1390 ἐπιτρέπειν
1095 1318 1186 1371 τὸν
1219 1318 1506 1389 ἡμέτερον.
1544 1320 1639 1368 Δε-

74 1411 167 1477 ξιδς
197 1411 223 1462 6
243 1408 488 1468 ἐνιαυτὸς
521 1405 674 1459 ἔσται
706 1422 788 1457 σοι
820 1404 887 1457 δι’
919 1404 1062 1467 ὅλου,
1091 1404 1193 1455 οὐκ
1219 1402 1314 1454 ἐάν
1345 1404 1403 1453 ἐν
1434 1419 1638 1471 νουμη-

74 1495 148 1564 νίᾳ.
177 1492 399 1563 μεθύῃς,
435 1490 551 1543 ἀλλ’
581 1489 678 1542 ἐὰν
700 1490 794 1542 καὶ
823 1491 882 1543 ἐν
911 1488 1200 1559 νουμηνίᾳ,
1227 1488 1321 1540 καὶ
1353 1486 1476 1541 καθ’
1499 1487 1633 1540 ἐκά-

76 1598 189 1650 στην
213 1579 433 1650 ἡμέραν
453 1578 521 1631 τὰ
537 1577 616 1648 τῷ
638 1576 758 1647 Θεῴ
786 1576 1047 1629 δοκοῦντα
1072 1578 1256 1645 ποιῇς.
1289 1574 1510 1646 Πονηρά
1527 1574 1637 1645 γὰρ

74 1665 237 1734 ἡμέρα
271 1663 362 1716 καὶ
393 1661 576 1732 ἀγαθὴ
603 1661 836 1728 γίνεται,
861 1661 922 1712 οὐ
955 1661 1107 1730 παρὰ
1151 1662 1250 1730 τὴν
1287 1661 1495 1712 οἰκείαν
1535 1659 1636 1728 φύ-

77 1769 164 1814 σιν,
195 1753 342 1805 οὐδὲν
366 1751 478 1822 γὰρ
505 1751 687 1821 ἡμέρα
725 1749 1026 1819 διενήνοχεν
1049 1747 1285 1818 ἡμέρας,
1318 1746 1455 1798 ἀλλά
1484 1746 1634 1816 παρὰ

75 1841 158 1910 τὴν
188 1837 467 1909 ἡμετέραν
501 1837 737 1905 σπουδὴν
769 1835 862 1887 καὶ
909 1833 1203 1905 ῥᾳθυμίαν.
1234 1833 1330 1884 Ἂν
1355 1831 1634 1883 δικαιοσύ-

74 1943 156 1994 νην
185 1924 412 1995 ἐργάσῃ,
442 1921 648 1994 χρηστή
686 1937 769 1971 σοι
804 1918 1026 1987 γέγονεν
1051 1919 1083 1988 ἡ
1109 1916 1291 1986 ἡμέρα
1312 1931 1324 1945 ·
1361 1915 1426 1967 ἂν
1458 1916 1636 1984 ἀμαρ-

74 2009 178 2062 τίαν
201 2009 434 2079 ἐργάσῃ,
452 2004 666 2076 πονηρά
682 2004 774 2055 καὶ
801 2002 1076 2064 κολάσεως
1105 2000 1371 2068 γέμουσα.
1392 1999 1489 2050 Ἂν
1503 1997 1637 2050 ταῦ-

74 2110 132 2146 τα
158 2094 472 2162 φιλοσοφῇς,
512 2091 606 2144 καὶ
642 2088 788 2141 οὕτω
812 2087 1160 2156 διακείμενος
1191 2081 1278 2158 ᾗς,
1311 2084 1525 2138 ἅπαντα
1555 2081 1640 2134 δε-

75 2175 171 2243 ξιδν
210 2176 350 2242 ἕξεις
401 2176 495 2228 16v
549 2171 817 2233 ἐνιαυτὸν,
867 2169 1054 2240 εὐχὰς,
1107 2167 1477 2238 ἐλεημοσύνας
1517 2164 1638 2218 καθ’

74 2263 290 2334 ἑκάστην
343 2259 722 2333 ἐργαζόμενος
785 2258 882 2326 τὴν
934 2253 1182 2325 ἡμέραν·
1222 2252 1286 2305 ἂν
1319 2252 1376 2304 δέ
1408 2252 1506 2321 τῆς
1541 2253 1639 2322 μὲν

76 2349 198 2402 κατὰ
237 2347 434 2399 σαυτὸν
475 2344 676 2415 ἀρετῆς
721 2340 951 2413 ἀμελῇς,
989 2340 1186 2410 ἀρχαῖς
1233 2337 1288 2390 δέ
1332 2336 1514 2408 μηνῶν
1546 2339 1640 2390 καὶ

76 2435 310 2505 ἀριθμοῖς
342 2430 570 2501 ἡμερῶν
625 2425 999 2498 ἐμπιστεύσῃς
1057 2440 1150 2475 σου
1199 2421 1300 2492 τῆς
1332 2421 1512 2492 ψυχῆς
1542 2423 1640 2492 τὴν

76 2518 418 2588 εὐφροσύνην,
463 2509 681 2567 πάντων
730 2511 936 2582 ἕρημος
971 2509 1068 2579 ἐσῃ
1106 2507 1217 2560 τῶν
1256 2506 1399 2560 κατά
1443 2505 1640 2559 σαυτὸν

76 2600 296 2669 ἀγαθῶν.
330 2600 511 2668 Ὅπερ
532 2592 626 2650 οῦν
658 2595 750 2648 καὶ
773 2597 801 2647 6
821 2592 1066 2654 διάϐολος
1083 2588 1327 2650 συνιδὼν,
1360 2590 1454 2642 καὶ
1477 2606 1640 2642 σπου-

76 2687 232 2749 δάζων
267 2682 429 2753 ἡμῶν
473 2679 701 2734 ἐκλῦσαι
730 2679 858 2741 τοὺς
899 2677 1027 2747 περὶ
1059 2675 1156 2744 τὴν
1185 2673 1385 2745 ἀρετὴν
1414 2673 1634 2736 πόνους,

76 2771 156 2822 καὶ
183 2769 276 2839 τῆς
304 2766 487 2837 ψυχῆς
520 2763 708 2818 σϐέσαι
737 2762 836 2832 τὴν
873 2761 1201 2831 προθυμίαν,
1239 2761 1362 2822 ταῖς
1405 2760 1639 2829 ἡμέραις

77 2853 384 2922 ἐπιγράφειν
415 2848 736 2901 ἐπαίδευσεν
765 2846 864 2909 τάς
895 2844 1201 2916 εὐπραγίας
1229 2843 1322 2896 καὶ
1350 2843 1451 2906 τάς
1474 2861 1639 2896 κακο-

77 2938 315 3007 πραγίας.
359 2936 419 2987 Ὀ
444 2935 552 3005 γάρ
584 2933 779 2994 πείσας
803 2931 997 2983 ἐαυτὸν
1029 2930 1109 2982 δτι
1141 2929 1324 2998 ἡμέρα
1354 2929 1469 2981 ἐστὶ
1494 2929 1638 2999 κακὴ

76 3023 158 3075 καὶ
179 3022 373 3093 ἀγαθὴ,
403 3019 526 3074 οὔτε
569 3020 626 3071 ἐν
658 3021 724 3088 τῇ
748 3019 891 3087 κακῇ
919 3015 1027 3068 τῶν
1061 3015 1281 3084 ἀγαθῶν
1313 3013 1488 3084 ἔργων
1523 3017 1641 3066 ἐπι-

78 3109 377 3178 μελήσεται,
419 3105 494 3168 ώς
529 3104 650 3174 εἰκῆ
693 3104 869 3155 πάντα
900 3100 1091 3163 ποιῶν,
1117 3100 1211 3153 καὶ
1237 3099 1388 3152 οὐδὲν
1416 3097 1639 3167 ὠφελῶν

75 3193 149 3245 διὰ
181 3193 272 3263 τὴν
307 3192 406 3262 τῆς
439 3189 653 3260 ἡμέρας
677 3187 954 3254 ἀνάγκην·
986 3181 1111 3236 οὐτε
1149 3184 1204 3234 ἐν
1228 3186 1293 3254 τῇ
1327 3183 1506 3253 ἀγαθῇ
1538 3185 1642 3236 πά-

76 3277 145 3327 λιν
166 3276 318 3328 τοῦτο
351 3273 674 3343 ἐργάσεται,
716 3270 791 3332 ὡς
819 3267 970 3321 οὐδὲν
995 3271 1056 3321 ἐκ
1090 3267 1190 3336 τῆς
1229 3267 1435 3329 οἰκείας
1459 3285 1640 3338 παρα-

77 3361 433 3430 ϐλαπτόμενος
483 3355 775 3428 ῥᾳθυμίας,
816 3354 904 3406 διὰ
947 3354 1044 3422 τὴν
1091 3352 1190 3422 τῆς
1235 3351 1397 3404 πάλιν
1427 3353 1642 3422 ἡμέρας

75 3445 352 3514 εὐκληρίαν
373 3462 384 3473 ·
415 3443 508 3495 καὶ
529 3439 698 3502 οῦτως
729 3436 1064 3517 ἑκατέρωθεν
1093 3435 1189 3504 τὴν
1219 3435 1410 3487 ἐαυτοῦ
1434 3435 1641 3506 προδώ-

76 3547 147 3582 σει
182 3528 454 3599 σωτηρίαν
479 3543 492 3556 ·
520 3526 614 3578 καὶ
645 3524 774 3576 ποτέ
806 3523 904 3592 μὲν
924 3520 999 3582 ῶς
1027 3521 1260 3589 ἀνόνητα
1287 3519 1483 3581 πονῶν,
1509 3522 1641 3574 ποτὲ

73 3613 122 3665 δέ
143 3614 212 3676 ὡς
239 3610 491 3683 περιττά,
513 3611 568 3661 ἐν
595 3607 762 3680 ἀργίᾳ
784 3606 877 3659 καὶ
907 3605 1138 3676 πονηρίᾳ
1167 3603 1442 3673 βιώσεται.
1467 3606 1642 3678 Ὅπερ

74 3695 155 3751 οὖν
188 3698 396 3758 εἰδότας
429 3693 654 3762 φεύγειν
694 3693 774 3743 δεῖ
800 3689 892 3742 τοῦ
931 3689 1174 3741 διαϐόλου
1209 3689 1307 3752 τὰς
1340 3688 1638 3759 μεθοδείας,

75 3786 159 3836 καὶ
181 3784 385 3852 ταύτην
416 3778 666 3832 ἐκϐαλεῖν
695 3777 794 3844 τῆς
823 3774 1060 3836 διανοίας
1095 3775 1195 3844 τὴν
1214 3773 1413 3844 ψῆφον,
1442 3775 1534 3826 καὶ
1567 3773 1641 3845 μὴ

74 3870 402 3940 παρατηρεῖν
426 3862 660 3934 ἡμέρας,
692 3859 824 3930 μηδὲ
850 3859 948 3928 τὴν
978 3859 1076 3927 μὲν
1109 3858 1307 3926 μισεῖν,
1342 3856 1439 3926 τὴν
1460 3857 1515 3909 δέ
1551 3875 1641 3926 φι-

74 3953 195 4008 λεῖν.
229 3953 301 4004 Οὐ
337 3950 450 4020 γὰρ
480 3947 566 4000 ἵνα
599 3946 750 4015 ἡμᾶς
781 3944 860 4005 είς
893 3940 1163 4013 ῥαθυμίαν
1194 3941 1408 4012 ἐμϐάλῃ
1455 3942 1640 4012 μόνον,

75 4037 179 4088 ἀλλ’
209 4036 293 4088 ἵνα
342 4033 438 4085 καὶ
475 4029 566 4083 τοῦ
616 4027 752 4082 Θεοῦ
784 4026 852 4079 τά
884 4025 1342 4096 δημιουργήματα
1389 4027 1638 4098 διαϐάλῃ,

73 4120 232 4171 ταῦτα
273 4121 302 4170 ό
348 4112 584 4184 πονηρὸς
618 4111 827 4181 δαίμων
867 4111 1074 4172 ἐκεῖνος
1109 4113 1395 4180 σκευωρεῐ,
1438 4113 1530 4164 καὶ
1563 4114 1644 4176 εἰς

72 4204 315 4256 ἀσέϐειαν
343 4197 480 4270 ὁμοῦ
506 4199 595 4250 καί
627 4198 702 4259 εἰς
733 4193 1004 4267 ρᾳθυμίαν
1026 4194 1124 4258 τὰς
1146 4195 1420 4266 ἡμετέρας
1447 4196 1645 4250 καθελ-

75 4290 222 4342 κύσαι
257 4285 582 4358 βουλόμενος
609 4282 803 4351 ψυχάς.
1219 4321 1222 4324 .

149 4373 284 4426 Ἀλλ’
326 4372 476 4442 ἡμᾶς
522 4367 807 4436 ἀποπηδᾷν
830 4364 956 4434 χρὴ,
984 4365 1079 4417 καὶ
1115 4362 1303 4432 σαφῶς
1333 4365 1531 4418 εἰδέναι
1561 4367 1642 4418 ὅτι

73 4456 216 4529 [700]
269 4457 421 4510 οὐδὲν
455 4451 644 4512 κακὸν,
694 4449 810 4502 ἀλλ’
845 4448 1089 4520 ἁμαρτία
1139 4450 1318 4520 μόνον,
1356 4450 1452 4502 καὶ
1486 4450 1641 4504 οὐδὲν

74 4543 288 4610 ἀγαθὸν,
326 4539 440 4593 ἀλλ’
485 4537 656 4608 ἀρετὴ
694 4535 874 4606 μόνον,
917 4534 1010 4586 καὶ
1039 4533 1098 4586 τὸ
1143 4534 1231 4587 διὰ
1263 4532 1480 4587 πάντων
1515 4535 1644 4604 6:96-

73 4625 365 4696 σκεινΘεῷ.
388 4625 459 4677 Οὐ
487 4623 630 4675 ποιεῖ
658 4620 794 4692 μέθη
813 4620 1171 4691 εὐφροσύνην,
1191 4620 1304 4672 ἀλλ’
1328 4619 1461 4691 εὐχὴ
1485 4639 1646 4674 πνευ-

76 4715 268 4786 ματική
292 4730 304 4742 ·
340 4711 442 4763 οὐκ
463 4707 627 4772 οἶνος,
657 4708 792 4761 ἀλλά
823 4707 979 4774 λόγος
1007 4706 1402 4770 διδασκαλικός.
1432 4707 1488 4759 Ὀ
1505 4703 1644 4772 οἶνος

74 4796 333 4864 χειμῶνα,
363 4796 392 4846 ὁ
413 4793 466 4846 δέ
503 4793 662 4860 λόγος
697 4790 936 4861 γαλήνην
966 4789 1290 4861 ἐργάζεται·
1319 4792 1526 4855 ἐκεῖνος
1558 4792 1644 4845 θό-

76 4882 226 4949 ρυϐον
276 4878 580 4945 ἐπεισάγει,
640 4869 796 4938 οὗτος
838 4876 1082 4945 ταραχὴν
1125 4875 1403 4930 ἐκϐάλλει·
1439 4879 1644 4941 ἐκεῖνος

76 4969 244 5018 σκοτοῖ
297 4965 396 5032 τὴν
442 4964 701 5021 διάνοιαν,
733 4956 886 5022 οὗτος
939 4961 1330 5030 ἐσκοτισμένην
1383 4963 1640 5029 φωτίζει·

74 5053 272 5112 ἐκεῖνος
313 5048 553 5117 ἀθυμίας
589 5045 688 5109 τάς
722 5046 820 5098 οὐκ
853 5042 1017 5106 οὔσας
1047 5044 1326 5114 ἐμϐάλλει,
1367 5039 1522 5109 οὗτος
1543 5047 1642 5111 τὰς

72 5133 230 5197 οὔσας
265 5132 581 5186 ἀπελαύνει.
627 5130 789 5183 Οὐδὲν
840 5130 948 5200 γάρ
996 5128 1168 5192 οὕτως
1203 5129 1513 5201 εὐθυμίανο
1547 5135 1642 5185 καὶ

73 5216 403 5286 35:90:70qu
454 5215 628 5268 ποιείν
665 5213 876 5276 εἴωθεν,
918 5214 990 5276 ὡς
1026 5213 1094 5266 τὰ
1145 5215 1274 5284 περὶ
1319 5215 1642 5286 φιλοσοφίας

69 5299 325 5368 ὖόγματα,
353 5299 411 5352 :6
440 5299 546 5351 τῶν
580 5298 862 5369 παρόντων
897 5298 1170 5370 ὐπερορᾷν
1195 5301 1554 5370 πραγμάτων,
1581 5304 1642 5356 16

72 5384 200 5450 πρὸς
244 5383 312 5434 τὰ
355 5383 612 5451 μέλλοντα
647 5381 955 5451 κεχηνέναι,
998 5383 1056 5435 16
1091 5384 1256 5453 μηδὲν
1287 5384 1393 5436 τῶν
1440 5387 1643 5458 ἀνθρω-

73 5467 236 5519 πίνων
261 5467 478 5539 βέϐα.ον
523 5461 660 5518 εἶναι
693 5466 955 5536 νομίζειν,
990 5467 1064 5538 μὴ
1101 5467 1345 5530 πλοῦτον,
1378 5471 1452 5541 μὴ
1484 5470 1642 5524 δυνα-

56 5555 272 5624 γστείαν,
318 5555 392 5625 μὴ
439 5553 627 5624 τιμάς,
677 5552 751 5624 μὴ
793 5552 1109 5623 θεραπείας.
1146 5554 1242 5607 Ἂν
1272 5553 1443 5608 ταῦτα
1495 5556 1641 5627 εἰδῇς

74 5637 395 5705 φιλοσοφεῖν,
430 5636 533 5691 κᾶν
578 5635 907 5690 πλουτοῦντα
938 5637 1109 5709 θεάσῃ
1141 5637 1280 5701 τινὰ,
1309 5640 1368 5692 οὐ
1395 5639 1638 5711 δηχθήσῃ

77 5721 267 5792 φθόνῳ,
294 5723 396 5775 κᾶν
441 5723 520 5785 εἰς
554 5721 740 5774 πενίαν
785 5721 1122 5792 καταπέσῃς,
1155 5723 1214 5775 οὐ
1248 5724 1632 5797 ταπεινωθήσῃ

133 5869 151 5894 ⁸
175 5873 310 5924 Alius
333 5876 438 5925 cod.
466 5875 696 5936 εὐθηνίαν,
723 5876 847 5924 alius
871 5874 1129 5936 εὐρυθμίαν.

3215 370 3319 423 936

1739 472 1804 538 τῇ
1843 469 2112 540 πτωχείᾳ·
2143 469 2289 524 οὕτω
2315 471 2608 535 διαπαντὸς
2638 472 2917 546 ἑορτάζειν
2944 473 3188 530 δύνασαι.
3215 480 3320 532 Τὸν

1737 553 1846 622 γὰρ
1897 554 2222 621 Χριστιανὸν
2273 556 2393 625 οὐχὶ
2449 557 2643 627 μῆνας,
2674 557 2792 610 οὐδὲ
2842 559 3158 628 νουμηνίας,
3198 562 3322 615 οὐδε

1739 639 2008 705 κυριακάς
2052 639 2332 709 ἑορτάζειν
2374 641 2498 712 χρὴ,
2539 641 2675 694 ἀλλά
2723 642 2810 694 διὰ
2843 644 3045 707 παντὸς
3078 645 3171 697 τοῦ
3197 645 3314 715 βίου

1737 720 1835 790 τὴν
1852 722 2000 792 αὐτῴ
2029 724 2345 794 πρέπουσαν
2367 725 2558 795 ἑορτὴν
2590 725 2769 793 ἄγειν.
2797 727 2892 790 Τίς
2925 727 2968 779 δ’
3005 729 3155 797 αὐτῴ
3188 728 3320 799 πρέο

1740 818 1919 859 πουσα
1955 809 2146 878 έορτή;
2195 809 2544 880 Ἀκούσωμεν
2570 810 2784 863 Παύλου
2816 811 3067 878 λέγοντος
3087 830 3102 843 ·
3137 815 3320 867 Ὥστε

1737 889 2115 962 ἑορτάζωμεν,
2135 893 2222 963 μὴ
2239 894 2309 947 ἐν
2323 893 2468 963 ζύμῃ
2499 892 2744 960 παλαιᾷ,
2773 895 2924 962 μηδὲ
2943 897 3012 949 ἐν
3044 896 3188 966 ζύμῃ
3211 914 3321 950 κα-

1738 975 1872 1039 κιάς
1901 977 1998 1028 καὶ
2038 977 2351 1044 πονηρίας,
2379 977 2519 1031 ἀλλ’
2545 979 2616 1030 ἐν
2658 977 2900 1047 ἀζύμοις
2930 981 3316 1048 εΜικρινείας

1739 1058 1834 1110 καὶ
1867 1059 2174 1126 ἀληθείας.
2206 1061 2302 1113 "Av
2334 1062 2515 1114 τοίνυν
2541 1062 2781 1133 καθαρὸν
2809 1062 2942 1134 ἔχῃς
2963 1065 3025 1118 τὸ
3057 1066 3315 1129 συνειδὸς,

1738 1143 1928 1214 ἑορτὴν
1958 1144 2103 1213 ἔχεις
2133 1145 2444 1207 διαπαντὸς,
2474 1150 2740 1218 χρησταῖς
2773 1148 3208 1218 συντρεφόμενος
3238 1149 3323 1200 ἐλ-

1738 1230 1880 1292 πίσι,
1920 1231 2016 1283 καὶ
2038 1231 2321 1300 ἐντρυφῶν
2343 1233 2409 1302 τῇ
2436 1231 2544 1284 τῶν
2582 1231 2884 1301 μελλόντων
2907 1232 3127 1301 ἀγαθῶν
3154 1250 3323 1303 προσ-

1735 1315 1920 1386 δοκίᾳ·
1949 1315 2138 1387 ὥσπερ
2164 1312 2258 1369 οὖν
2292 1317 2359 1370 ἂν
2383 1317 2833 1390 ἀπαρρησίαστον
2853 1318 3004 1388 ἐχῃς,
3023 1319 3118 1370 καὶ
3142 1319 3324 1388 ἀμαρ-

1736 1400 1998 1471 τημάτων
2045 1400 2256 1454 πολλῶν
2313 1401 2614 1464 ὑπεύθυνος
2658 1397 2744 1475 ᾖς,
2783 1401 2886 1454 κάν
2947 1401 3137 1472 μυρίαι
3189 1395 3324 1454 ὦσιν

1737 1483 1923 1555 ἑορταὶ
1952 1487 2045 1539 καὶ
2076 1485 2435 1555 πανηγύρεις,
2467 1487 2578 1538 τῶν
2608 1485 2950 1538 πενθούντων
2995 1486 3146 1538 οὐδὲν
3173 1485 3325 1554 ἄμει·

1738 1585 1824 1620 νον
1869 1569 2137 1642 διακείσῃ.
2167 1569 2234 1622 Τί
2271 1569 2380 1640 γὰρ
2409 1570 2602 1638 δφελός
2643 1587 2732 1640 μοι
2773 1571 3036 1641 λαμπρᾶς
3083 1570 3319 1641 ἡμέρας.

1735 1657 1836 1723 τῆς
1859 1653 2040 1724 ψυχῆς
2062 1655 2455 1724 ἐσκοτισμένης
2490 1672 2580 1726 μοι
2603 1655 2679 1725 τῷ
2713 1655 3004 1712 συνειδότις
3031 1655 3094 1707 El
3125 1655 3180 1707 δέ
3215 1655 3322 1725 ἄρα

1736 1757 1790 1792 τι
1836 1740 1929 1792 καὶ
1967 1739 2366 1810 καρπώσασθαι
2395 1741 2503 1794 ἀπὸ
2545 1741 2843 1810 νουμηνίας
2871 1740 3116 1810 βούλειὶ),
3144 1743 3322 1794 ἐκεῖνο

1738 1823 1987 1892 ποίησον.
2019 1824 2189 1876 Ὅταν
2235 1824 2352 1896 ῐδῃς
2400 1824 2643 1877 ἐνιαυτὸν
2692 1824 3069 1894 πληρωθέντα,
3097 1823 3320 1894 εὐχαρί-

1740 1924 1938 1976 στησον
1966 1906 2045 1976 τῷ
2069 1909 2337 1981 Δεσπότῃ,
2377 1909 2460 1961 ὅτι
2496 1925 2553 1961 σε
2586 1909 2884 1978 εἰσήγαγεν
2911 1910 2990 1971 εἰς
3028 1908 3126 1979 τὴν
3160 1908 3322 1979 περί-

1737 1990 1854 2043 οδον
1884 1990 2090 2061 ταύτην
2112 1991 2222 2044 τῶν
2248 1991 2513 2046 ἐνιαυτῶν
2533 2008 2548 2021 ·
2584 1991 2881 2057 κατάνυξόν
2915 2009 3008 2044 σου
3051 1993 3150 2062 τὴν
3183 2009 3322 2064 καρ-

1737 2073 1872 2138 δίαν,
1899 2075 2269 2144 ἀναρίθμησαί
2297 2093 2389 2127 σου
2414 2075 2504 2128 τὸν
2521 2075 2710 2145 χρόνον
2725 2076 2825 2143 τῆς
2843 2075 3008 2145 ζωῆς,
3044 2077 3164 2128 είπέ
3187 2077 3320 2148 πρὸς

1738 2159 1957 2211 ἑαυτόν·
2001 2160 2065 2210 Αἰ
2116 2159 2322 2229 ἡμέραι
2361 2159 2614 2229 τρέχουσι
2675 2159 2769 2211 καὶ
2824 2158 3222 2230 παρέρχονται,
3269 2159 3321 2212 οἱ

1739 2244 1980 2295 ἐνιαυτοὶ
2026 2242 2383 2313 πληροῦνται,
2423 2243 2557 2297 πολύ
2598 2243 2692 2312 τῆς
2730 2242 2852 2296 ὁδοῦ
2899 2243 3317 2314 προεκόψαμεν·

1739 2323 1847 2398 ἆρα
1868 2327 1919 2379 τί
1939 2329 2068 2398 ἡμῖν
2094 2328 2381 2398 εἴργασται
2416 2326 2614 2392 καλόν;
2647 2323 2756 2397 ἆρα
2786 2327 2859 2398 μὴ
2894 2327 3041 2380 κενοὶ
3071 2329 3165 2380 καὶ
3189 2327 3314 2399 ἔρη-

1743 2427 1830 2479 μοι
1858 2411 2209 2481 δικαιοσύνης
2235 2411 2454 2481 άπάσης
2489 2408 2740 2463 ἐντεῦθεν
2773 2408 3223 2482 ἀπελευσόμεθα,
3260 2413 3322 2465 :6

1737 2495 2086 2566 δικαστήριον
2117 2496 2208 2548 ἐπὶ
2242 2495 2455 2566 θύραις,
2489 2495 2627 2565 πρὸς
2657 2493 2834 2564 γῆρας
2859 2494 3016 2566 ἡμῶν
3041 2497 3323 2564 ἐπείγεται

1738 2577 1922 2632 λοιπὸν
1956 2583 1988 2650 ἡ
2021 2578 2134 2648 ζωή
2146 2621 2158 2632 .

1807 2670 1876 2730 γ’.
1897 2663 2082 2715 Ταῦτα
2107 2662 2215 2714 ἀπὸ
2247 2662 2546 2733 νουμηνίας
2575 2663 2876 2732 φιλοσόφει,
2901 2663 3076 2718 ταῦτα
3095 2667 3203 2720 ἀπὸ
3223 2667 3325 2736 τῆς

1741 2749 1990 2820 περιόδου
2032 2748 2144 2801 τῶν
2179 2747 2443 2800 ἐνιαυτῶν
2474 2749 2896 2818 ἀναμιμνήσκου
2916 2767 2927 2778 ·
2960 2753 3061 2821 τῆς
3093 2751 3321 2820 μελλού-

1741 2849 1839 2901 σης
1888 2832 2105 2903 ἡμέρας
2136 2830 2605 2902 άναλογιζώμεθα,
2637 2833 2843 2902 μήποτε
2879 2834 2971 2886 καὶ
2999 2835 3134 2904 πρὸς
3174 2837 3323 2904 ἡμᾶς

1738 2919 1866 2988 εἴπῃ
1897 2934 1979 2981 τις
2009 2918 2205 2977 ἐκεῖνο,
2223 2916 2282 2968 :6
2308 2915 2445 2986 7:96;
2474 2917 2598 2978 τούς
2634 2915 2916 2981 Ἰουδαίους
2937 2920 3226 2989 εἰρημένον
3246 2921 3324 2990 τῷ

1741 3002 1996 3071 προφήτῃ
2015 3017 2028 3030 ·
2084 2999 2398 3063 Ἐξέλιπον
2435 2999 2505 3051 ἐν
2525 3001 2873 3068 ματαιότητι
2905 3005 2964 3054 αἱ
2991 3002 3203 3070 ἡμέραι
3226 3005 3324 3056 αὺ-

1739 3082 1877 3145 τῶν,
1914 3083 2010 3137 καί
2043 3087 2115 3137 τὰ
2135 3085 2238 3150 ἔτη
2266 3083 2466 3136 αὐτῶν
2490 3083 2640 3151 μετὰ
2662 3082 2959 3152 σπουδῆς.
2982 3086 3197 3157 Ταύτην
3223 3091 3326 3160 τὴν

1739 3165 1934 3236 ἑορτὴν
1975 3166 2041 3236 ἡν
2095 3163 2248 3219 εἷπον
2298 3166 2449 3243 ἐγὼ,
2485 3165 2582 3238 τὴν
2616 3168 2862 3240 διηνεκῆ,
2902 3170 2996 3224 καὶ
3037 3173 3323 3242 περιόδους

1739 3248 1875 3301 ἐτῶν
1911 3250 2010 3301 οὐκ
2047 3249 2442 3320 άναμένουσαν,
2499 3251 2619 3304 οὐδὲ
2669 3255 3149 3326 περιγραφομένην
3191 3256 3325 3327 ἡμέ-

1743 3351 1885 3404 ραις,
1901 3335 1993 3387 καὶ
2016 3334 2270 3398 πλούσιος
2302 3335 2396 3388 καὶ
2419 3337 2589 3407 πένης
2605 3337 2760 3405 ἄγειν
2786 3338 3289 3410 δυνὴσεταιὸμοίως
3305 3355 3322 3371 ·

1740 3420 1802 3470 οὐ
1835 3419 1942 3492 γάρ
1972 3419 2273 3490 χρημάτων
2297 3419 2532 3474 ἐνταῦθα
2561 3423 2740 3492 χρεία,
2761 3423 2869 3477 οὐδ’
2899 3424 3178 3496 εὐπορίας.
3208 3426 3324 3477 ἀλλ’

1742 3502 1939 3574 ἀρετῆς
1999 3504 2186 3574 μόνης.
2234 3503 2347 3556 οὐκ
2385 3504 2529 3573 ἔχεις
2568 3507 2859 3577 χρήματα;
2908 3507 3022 3560 ἀλλ’
3057 3508 3197 3580 ἔχεις
3230 3510 3324 3563 τοῦ

1740 3587 1876 3640 Θεοῦ
1933 3587 2026 3640 16v
2068 3587 2269 3656 φόϐον,
2326 3587 2544 3642 πάντων
2601 3590 2903 3661 χρημάτων
2947 3591 3328 3664 εὐπορώτερον

1743 3670 2036 3742 θησαυρὸν,
2083 3672 2182 3724 οὐκ
2230 3671 2680 3743 ἀναλισκόμενον,
2724 3675 2783 3726 οὐ
2835 3674 3321 3745 μεταϐαλλόμενον,

1741 3754 1801 3806 οὐ
1825 3753 2235 3823 δαπανώμενον.
2276 3754 2382 3808 Ἴδε
2417 3758 2498 3819 είς
2528 3756 2620 3809 τὸν
2650 3757 2899 3825 οὐρανὸν,
2932 3758 3025 3811 καὶ
3051 3758 3140 3811 τὸν
3161 3759 3314 3827 οὐρα·

1741 3838 1832 3890 νὸν
1863 3837 1955 3890 τοῦ
1990 3837 2248 3908 οὐρανοῦ,
2283 3837 2382 3908 τὴν
2422 3839 2546 3909 γῆν,
2581 3839 2680 3910 τὴν
2711 3841 3007 3903 θάλασσαν,
3037 3841 3126 3894 τὸν
3160 3843 3320 3912 ἀέρα,

1742 3921 1811 3974 τὰ
1839 3922 1969 3990 γένη
2009 3920 2117 3973 τῶν
2152 3921 2328 3984 ζώων,
2363 3921 2430 3974 τά
2475 3923 2794 3976 παντοδαπά
2834 3924 2997 3992 φυτά,
3025 3925 3124 3996 τὴν
3160 3925 3322 3994 φύσιν

1741 4005 1850 4059 τῶν
1880 4003 2183 4076 ἀνθρώπιον
2226 4005 2476 4058 ἃπασαν·
2507 4006 2762 4076 ἐννόησον
2793 4007 3078 4076 ἀγγέλους,
3114 4010 3320 4080 ἀρχαγ-

1743 4089 1956 4156 γέλους,
1991 4086 2140 4159 [701]
2177 4088 2276 4152 τὰς
2306 4087 2592 4160 ἀνωτέρας
2631 4089 2914 4159 δυνάμεις·
2945 4093 3322 4164 ἀναμνήσθητι

1743 4173 1825 4226 ὃτι
1874 4173 2048 4226 ταῦτα
2068 4173 2247 4226 πάντα
2274 4172 2367 4225 τοῦ
2405 4175 2675 4225 Δεσπότου
2728 4191 2820 4227 σου
2847 4176 2964 4228 ἐστὶ
2996 4179 3250 4246 κτήματα
3273 4188 3320 4233 ε.

1745 4258 1858 4310 Οὐκ
1894 4257 2006 4309 ἐστι
2039 4257 2094 4308 δὲ
2131 4254 2304 4319 οὕτως
2337 4255 2573 4326 εὐπόρου
2603 4257 2873 4310 Δεσπότου
2902 4257 3086 4312 δοῦλον
3117 4261 3325 4328 πένητα

1744 4337 1905 4401 εἶναι,
1948 4340 2043 4392 ἐὰν
2078 4339 2208 4392 ἵλεω
2239 4339 2330 4392 16v
2371 4340 2565 4392 ἑαυτοῦ
2598 4340 2803 4412 Κύριον
2834 4342 2952 4414 ἔχῃ.
2981 4343 3054 4395 T6
3079 4361 3324 4415 παρατη-

1749 4428 1861 4497 ρεῖν
1887 4425 2100 4496 ἡμέρας
2142 4425 2202 4474 οὐ
2234 4424 2630 4495 Χριστιανικῆς
2666 4423 3007 4494 φιλοσοφίας,
3042 4427 3169 4479 ἀλλ’
3207 4427 3326 4480 Ἐλ-

1744 4509 1971 4578 ληνικῆς
2000 4507 2210 4575 πλάνης
2229 4507 2396 4559 ἐστίν.
2429 4508 2526 4569 Εἰς
2539 4507 2636 4577 τὴν
2672 4508 2783 4562 ἀνω
2811 4509 2964 4561 πόλιν
2995 4511 3322 4583 ἀπεγράιξω,

1745 4595 1825 4655 εἰς
1859 4592 1954 4662 τὴν
1985 4592 2104 4642 ἐκεῖ
2131 4589 2408 4643 πολιτείαν
2453 4589 2648 4653 τελεῖς,
2684 4590 2935 4659 ἀγγέλοις
2967 4593 3161 4646 σαυτὸν
3195 4596 3326 4648 ἀνα-

1749 4675 1902 4746 μίξας
1928 4691 1940 4704 ·
1968 4667 2029 4726 οῦ
2057 4674 2155 4725 οὐκ
2193 4672 2307 4724 ἐστι
2333 4673 2447 4740 φῶς
2471 4674 2549 4735 είς
2578 4673 2767 4737 σκότος
2797 4674 2982 4745 λῆγον.
3009 4676 3120 4729 οὐθ’
3142 4679 3327 4750 ἡμέρα

1744 4762 1824 4821 εἰς
1849 4757 2020 4836 νύκτα
2041 4755 2372 4817 τελευτῶσα,
2401 4755 2538 4810 ἀλλά
2552 4756 2844 4820 διαπαντὸς
2871 4759 3072 4830 ἡμέρα,
3095 4761 3321 4814 διαπσν-

1745 4842 1834 4905 16;
1869 4841 2003 4910 φῶς.
2045 4839 2189 4911 Πρὸς
2230 4841 2414 4892 ἐκεῖνα
2460 4840 2639 4894 τοίνυν
2680 4841 2968 4912 βλέπωμεν
3006 4845 3318 4909 διαπαντός.

1751 4924 1826 4979 Τὰ
1843 4924 1980 4978 ,ἄνω
2008 4923 2137 4993 γὰρ,
2173 4924 2327 4994 φησὶ,
2359 4921 2603 4991 ζητεῖτε,
2633 4919 2703 4979 οὗ
2721 4928 2753 4978 ὁ
2779 4927 3032 4992 Χριστός
3056 4927 3228 4980 ἐστιν
3251 4929 3324 4980 ἐν

1745 5004 1913 5073 δεξιᾷ
1941 5007 2047 5060 τοῦ
2080 5005 2227 5060 Θεοῦ
2255 5006 2610 5074 καθήμενος.
2631 5007 2801 5060 Οὐδὲν
2822 5008 2966 5078 ἔχεις
2980 5010 3157 5064 κοινὸν
3184 5011 3324 5082 πρὸς

1744 5092 1843 5161 τὴν
1869 5089 1994 5160 γῆν,
2028 5089 2158 5143 ἔνθα
2205 5090 2360 5159 ἡλίου
2389 5089 2602 5161 δρόμοι,
2633 5092 2728 5144 καὶ
2757 5093 3016 5161 περίοδοι,
3053 5094 3147 5146 καὶ
3178 5097 3320 5165 ἡμέ-

1748 5190 1867 5247 ραι·
1901 5173 2016 5227 ἀλλ’
2047 5173 2142 5227 ἐὰν
2179 5173 2356 5246 ὀρθῶς
2384 5174 2502 5244 ζῇς,
2540 5175 2572 5243 ἡ
2599 5174 2694 5239 νὺξ
2728 5175 2912 5245 ἡμέρα
2959 5195 3040 5230 σοι
3072 5178 3281 5246 γίνεται
3303 5199 3315 5210 ·

1745 5260 1934 5330 ῶσπερ
1970 5254 2061 5311 οὖν
2093 5259 2204 5320 τοῖς
2241 5259 2298 5309 ἐν
2328 5255 2587 5326 ἀσελγείᾳ
2629 5258 2724 5310 καὶ
2762 5258 2902 5331 μέθῃ
2937 5261 3031 5313 καὶ
3053 5261 3321 5334 ἀκολασία

1748 5343 1953 5414 βιοῦσιν
1993 5341 2232 5413 ἡὴμέρα
2254 5339 2433 5393 αὐτῶν
2464 5341 2600 5411 πρὸς
2631 5341 2690 5394 16
2725 5341 2825 5412 τῆς
2858 5347 3052 5408 νυκτῦς
3084 5348 3320 5416 μεταφέ-

1749 5444 1896 5497 ρεται
1929 5426 2140 5488 σκότος,
2190 5425 2250 5477 οὐ
2305 5424 2399 5476 τοῦ
2439 5423 2589 5494 ἡλίου
2639 5425 3022 5495 σϐεννυμένου,
3053 5429 3187 5482 ἀλλά
3222 5432 3321 5503 τῆς

1745 5512 1968 5564 ἐκείνων
2017 5509 2252 5572 διανοίας
2305 5511 2372 5579 τῇ
2417 5508 2557 5580 μέθῃ
2606 5509 3016 5583 σκοτιζομένης.
3052 5511 3126 5567 Τδ
3181 5521 3320 5584 πρὸς

1807 5688 2177 5761 δμεῑιιιεροάει
2222 5687 2514 5761 πανηγύεεις-
2559 5689 2734 5761 Tim.
2768 5693 2983 5761 λειμπράς
3008 5698 3200 5760 ἡμέρας.
3233 5703 3320 5758 τῆς

1743 5753 1982 5866 ῒδχῆςὲτι
2007 5751 2344 5824 ἐοῖκοτισμένης
2379 5751 2552 5808 οὔσηςι
2599 5751 2656 5801 Εἰ
2691 5751 2745 5803 δὲ
2782 5751 2873 5822 ἄρα
2895 5751 2942 5805 τι
2992 5751 3334 5825 κᾶρτὲώὰὰσθέἶι

1778 5817 1839 5862 πὸ
1871 5827 2112 5866 νεομηνιας
2135 5813 2290 5866 βουλει

1778 5813 1839 5862 7:6
1871 5813 2112 5872 νεομηνίας
2135 5813 2290 5874 βούλει

1809 5879 1832 5907 ε
1862 5876 1968 5924 Duo
1989 5888 2099 5923 mss.
2129 5874 2308 5924 habent
2333 5878 2585 5934 κτίσματα.
