3790 6244
505 347 609 404 957

504 465 720 536 ἡμέρας
757 462 1052 532 ἐπτοῆσθαι
1083 461 1354 526 τοιαύτας,
1388 463 1480 516 καὶ
1508 463 1726 516 πλείονα
1777 466 1834 516 ἐν
1877 465 2067 528 αὐταῖς

504 549 755 618 δέχεσθαι
789 547 998 618 ἡδονὴν,
1017 547 1110 598 καὶ
1128 545 1354 616 λύχνους
1388 547 1580 600 ἅπτειν
1605 547 1696 599 ἐπὶ
1725 547 1824 616 τῆς
1843 549 2068 618 ἀγορᾶς,

506 634 602 685 καὶ
637 629 1031 700 στεφανώματα
1055 629 1294 691 πλέκειν,
1313 630 1570 698 παιδικῆς
1599 630 1783 693 ἀνοίας
1804 630 1970 683 ἐστίν.
1998 631 2070 682 Σὺ

505 715 562 767 δὲ
601 714 801 784 ταύτης
832 713 1134 784 ἀπήλλαξαι
1165 714 1263 783 τῆς
1291 713 1591 777 ἀσθενείας,
1629 714 1722 766 καὶ
1755 716 1831 776 εἰς
1873 714 2073 784 ἄνδρας

505 799 696 860 τελεῖς,
721 798 815 856 καῗι
839 800 918 860 εἰς
933 797 1030 867 τὴν
1051 799 1156 850 τῶν
1177 798 1419 867 οὐρανῶν
1446 798 1750 868 ἐνεγράφης
1771 795 2069 850 πολιτείαν.

505 882 596 950 Μὴ
628 881 806 932 τοίνυν
839 881 931 934 ἐπὶ
959 881 1056 950 τῆς
1076 882 1279 951 ἀγορᾶς
1308 881 1622 953 ἀνακαύσῃς
1656 881 1766 950 πῦρ
1791 879 2070 948 αἰσθητὸν,

505 964 620 1016 ἀλλ’
661 965 754 1016 ἐπὶ
813 964 912 1033 τῆς
952 963 1187 1027 διανοίας
1237 962 1436 1030 ἄναψον
1460 975 1485 1002 ι
1516 963 1631 1030 φῶς
1683 961 2068 1032 πνευματικόν.

505 1046 806 1114 Λαμψάτω
833 1047 963 1114 γὰρ,
994 1047 1146 1116 φησὶ,
1165 1045 1229 1099 τὸ
1260 1043 1385 1114 φῶς
1408 1045 1573 1114 ὑμῶν
1597 1046 1936 1113 ἔμπροσθεν
1957 1042 2074 1097 τῶν

504 1127 852 1195 ἀνθρώπων,
890 1127 1048 1194 ὅπως
1082 1128 1250 1182 ἴδωσι
1283 1129 1354 1182 τὰ
1393 1127 1549 1181 καλὰ
1575 1129 1716 1197 ἔργα
1761 1126 1948 1195 ὑμῶν,
1974 1128 2072 1180 καὶ

505 1211 812 1275 δοξάσωσι
840 1213 946 1265 τὸν
961 1211 1190 1278 Πατέρα
1214 1209 1382 1280 ἡμῶν
1410 1211 1600 1265 τὸνέν
1628 1211 1752 1276 τοῖς
1776 1209 2070 1278 οὐρανοῖς.

505 1295 678 1348 Τοῦτο
699 1294 760 1347 τὸ
785 1293 899 1362 φῶς
929 1294 1130 1364 πολλήν
1152 1311 1234 1348 σοι
1267 1294 1422 1362 φέρει
1451 1294 1551 1364 τὴν
1580 1294 1834 1364 ἀμοιϐήν.
1865 1292 1957 1364 Μὴ
1976 1293 2074 1363 τὴν

507 1377 678 1449 θύραν
705 1377 804 1447 τῆς
839 1376 1016 1439 οίκίας
1073 1376 1446 1449 στεφανώσῃς,
1475 1376 1613 1430 ἀλλὰ
1654 1375 1908 1444 τοιαύτην
1957 1375 2076 1428 ἐπί-

505 1460 677 1527 δειξαι
710 1459 1004 1524 πολιτείαν,
1032 1458 1172 1512 ὥστε
1198 1459 1289 1512 τὸν
1313 1461 1409 1530 τῆς
1428 1459 1774 1531 δικαιοσύνης
1811 1459 2074 1528 στέφανον

509 1545 575 1613 σῇ
620 1541 828 1612 κεφαλῇ
861 1541 1012 1614 παρὰ
1037 1541 1140 1612 τῆς
1172 1541 1264 1596 τοῦ
1297 1541 1533 1614 Χριστοῦ
1580 1543 1835 1608 δέξασθαι
1872 1542 2072 1612 χειρός.

507 1625 688 1696 Μηδὲν
740 1625 882 1696 εἰκῆ,
948 1625 1082 1696 μηδὲ
1129 1624 1313 1689 ἁπλῶς
1369 1626 1638 1694 γενέσθω·
1686 1624 1830 1679 οὕτω
1861 1624 2076 1688 Παῦλος

507 1708 736 1772 ἐπέταξε
798 1709 976 1762 πάντα
1031 1710 1110 1772 είς
1168 1708 1324 1774 δόξαν
1359 1707 1492 1762 Θεοῦ
1557 1711 1748 1762 ποιεῖν.
1784 1709 1918 1761 Ehe
1967 1707 2077 1778 γὰρ

505 1791 759 1854 ἐσθίετε,
791 1791 975 1862 φησὶν,
1005 1791 1124 1844 εἴτε
1151 1792 1374 1854 πίνετε,
1396 1791 1516 1845 εἴτε
1539 1809 1592 1845 τι
1619 1791 1858 1857 ποιεῖτε,
1885 1791 2080 1844 πάντα

503 1877 593 1939 εὶς
623 1873 811 1937 δόξαν
855 1874 1000 1928 Θεοῦ
1033 1874 1270 1928 ποιεῖτε.
1307 1874 1420 1928 Καὶ
1452 1875 1570 1938 πῶς
1603 1875 1740 1940 ἐστι,
1784 1876 1938 1946 φησὶ,
1975 1892 2080 1944 φα-

506 1961 623 2024 γεῖν
667 1958 762 2010 καὶ
809 1960 984 2010 ποιεῖν
1031 1959 1111 2020 είς
1163 1957 1320 2021 δόξαν
1363 1959 1531 2022 Θεοῦ;
1572 1957 1809 2011 Κάλεσον
1849 1959 2075 2028 πένητα,

506 2041 763 2093 κοινωνὸν
792 2041 1018 2110 ποίησον
1052 2041 1148 2110 τῆς
1183 2040 1461 2111 τραπέζης
1478 2041 1569 2093 τὸν
1596 2040 1850 2110 Χριστὸν,
1877 2041 1970 2093 καὶ
2001 2042 2081 2100 είς

503 2123 661 2190 δόξαν
695 2123 831 2176 Θεοῦ
886 2123 1088 2191 ἔφαγες
1135 2125 1229 2176 καὶ
1277 2123 1684 2187 ἐπιες.Ἀλλόύ
1718 2122 1875 2176 τοῦτο
1921 2123 2080 2193 μόνον

508 2206 769 2271 ἐπέταξεν
809 2209 888 2269 είς
933 2206 1089 2272 δόξαν
1133 2205 1268 2259 Θεοῦ
1313 2210 1506 2266 ποιεῖν,
1536 2206 1670 2260 ἀλλά
1700 2208 1794 2260 καὶ
1825 2207 1893 2260 τὰ
1920 2205 2081 2259 λοιπά

506 2290 742 2355 ἃπαντα,
767 2282 877 2343 οἶόν
909 2291 1056 2342 ἐστιν
1087 2289 1343 2361 ἐμϐαλεῖν
1381 2292 1459 2354 είς
1488 2292 1587 2362 τὴν
1614 2290 1840 2362 ἀγοράν,
1874 2291 1968 2344 καὶ
2005 2288 2081 2342 οἴ-

505 2392 594 2427 κοι
623 2376 838 2445 μεῖναι·
876 2373 1164 2443 ἀμφότερα
1197 2373 1370 2426 ταῦτα
1407 2374 1496 2427 διά
1523 2375 1615 2427 τὸν
1653 2375 1785 2428 Θεὸν
1814 2373 2075 2443 γενέσθω.

506 2460 619 2512 Καὶ
667 2459 784 2524 πῶς
828 2458 974 2512 ἐστιν
1020 2459 1304 2530 ἀμφότερα
1355 2457 1526 2513 ταῦτα
1573 2458 1817 2527 γίνεσθαι
1857 2458 1943 2512 διὰ
1989 2456 2080 2510 τὸν

503 2542 674 2609 Θεόν;
709 2543 879 2596 Ὅταν
908 2543 988 2605 είς
1015 2542 1310 2614 ἐκκλησίαν
1345 2541 1588 2613 βαδίζῃς,
1606 2543 1734 2596 ὅταν
1763 2541 1928 2611 εύχῆς
1953 2534 2082 2611 μετ-

508 2626 658 2698 έχῃς,
693 2626 820 2680 ὅταν
857 2624 1203 2688 διδασκαλίας
1246 2625 1702 2696 πνευματικῆς,ἡ
1737 2624 1960 2695 πρόοδος
2003 2626 2082 2687 είς

503 2709 671 2772 δόξαν»
694 2706 829 2762 Θεοῦ
867 2708 1076 2778 γέγονε.
1122 2700 1288 2762 Πάλιν
1324 2710 1470 2762 ἐστὶν
1516 2709 1654 2761 οἴκοι
1687 2707 1773 2761 διά
1815 2708 1907 2761 τὸν
1947 2707 2079 2760 Θεὸν

509 2798 710 2863 μεῖναι.
744 2790 870 2856 Πῶς
910 2792 1004 2845 καὶ
1047 2792 1151 2844 τίνι
1182 2791 1397 2863 τρόπῳ;
1443 2793 1612 2844 Ὅταν
1651 2789 1890 2862 ἀκούσῃς
1924 2789 2082 2857 θορύ-

505 2861 654 2938 ϐουςί
684 2875 908 2940 ἀταξίας
937 2875 1032 2928 καὶ
1071 2861 1296 2944 πομπὰς
1327 2861 1657 2938 διαϐολικάς,
1691 2861 1944 2944 πονηρῶν
1989 2873 2083 2924 ἀν-

507 2959 534 3010 0
543 2959 742 3030 ρώπων
787 2959 880 3012 καὶ
921 2959 1235 3012 ἀκολάστων
1264 2959 1364 3029 τὴν
1391 2957 1597 3028 ἀγοράν
1620 2956 2079 3028 πεπληρωμένην,

505 3044 646 3096 οἴκοι
681 3043 832 3113 μένε,
859 3044 955 3096 καὶ
982 3043 1083 3112 τῆς
1104 3042 1348 3113 ταραχῆς
1370 3040 1710 3094 ἀπαλλάττου
1742 3039 1965 3110 ταύτης,
1990 3040 2083 3092 καὶ

507 3126 732 3196 ἔμεινας
770 3128 849 3189 είς
882 3125 1037 3191 δόξαν
1071 3123 1445 3193 Θεοῦ.Ὥσπερ
1476 3124 1534 3176 δὲ
1565 3123 1664 3186 τὰς
1693 3123 1830 3176 οῐκοι
1870 3122 2081 3193 διατρι-

507 3209 610 3272 ϐὰς
655 3211 745 3263 καὶ
793 3207 893 3271 τὰς
943 3207 1154 3272 ἐξόδους
1183 3206 1358 3270 ἔξεστι
1393 3205 1658 3259 ποιεῖσθαι
1688 3207 1777 3260 διά
1806 3206 1898 3258 τὸν
1925 3205 2078 3272 Θεὸν,

508 3293 650 3346 οὕτω
683 3294 776 3346 καὶ
805 3293 1060 3355 ἐπαίνους
1098 3292 1190 3344 καὶ
1218 3291 1438 3360 ψόγους.

582 3376 690 3429 Καὶ
709 3376 825 3438 πῶς
847 3375 991 3428 ἔστιν
1013 3377 1092 3438 είς
1113 3375 1270 3441 δόξαν
1293 3375 1428 3428 Θεοῦ
1453 3392 1576 3427 τινα
1600 3374 1904 3438 ἐπαινέσαι,
1927 3375 2080 3446 φησι,

507 3461 602 3513 καὶ
639 3459 1019 3523 αίτιάσασθαι;
1066 3458 1368 3522 Καθίζεσθε
1409 3457 1670 3522 πολλάκις
1719 3459 1776 3511 ἐν
1831 3462 1943 3522 τοῖς
1989 3461 2082 3531 ἐρ-

508 3543 848 3614 γαστηρίοις,
883 3543 1045 3612 ὁρᾶτε
1073 3543 1369 3613 παριόντας
1395 3542 1665 3611 πονηροὺς
1710 3543 1804 3594 καὶ
1849 3542 2084 3611 φαύλους

507 3624 846 3696 ἀνθρώπους,
874 3626 970 3688 τάς
1003 3625 1172 3696 ὀφρῦς
1200 3624 1578 3688 ἀνασπῶντας,
1611 3625 2078 3696 πεφυσιωμένους,

509 3709 842 3778 παρασίτους
869 3712 960 3762 καὶ
985 3709 1220 3773 κόλακας
1247 3708 1473 3772 πολλοὺς
1503 3709 1953 3780 ἐπισυρομένους,
1986 3728 2084 3762 πο-

507 3792 702 3862 λυτελῆ
735 3793 1033 3863 φοροῦντας
1066 3795 1256 3862 ἱμάτια
1277 3833 1290 3856 ,
1338 3791 1538 3862 πολλὴν
1585 3792 2083 3864 περιϐεϐλημένους

506 3875 606 3946 τὴν
636 3875 960 3944 φαντασίαν,
991 3877 1058 3929 τὰ
1089 3877 1304 3928 πάντων
1335 3875 1484 3948 [702]
1509 3875 1876 3944 ἁρπάζοντας,
1903 3874 2085 3927 πλεον-

508 3958 929 4021 εκτοῦντας.“Αν
960 3958 1197 4030 ἀκούσῃς
1220 3959 1364 4019 τινὸς
1393 3957 1663 4026 λέγοντος,
1689 3959 1820 4029 Οὐχὶ
1844 3958 2084 4029 ζηλωτὸς

507 4037 682 4105 οὗτος,
718 4042 838 4111 οὐχὶ
882 4044 1180 4114 μακάριος;
1227 4046 1573 4115 ἐπιτίμησον,
1609 4041 1922 4110 ἐγκάλεσον,
1971 4044 2086 4093 ἐπι-

511 4128 786 4196 στόμισον,
819 4126 1126 4192 ταλάνισον,
1155 4126 1426 4198 δάκρυσον
1447 4143 1458 4155 ·
1489 4125 1647 4178 τοῦτό
1671 4127 1785 4178 ἐστι
1814 4123 1974 4193 ψέξαι
1998 4125 2086 4179 διὰ

507 4212 601 4265 τὸν
649 4210 876 4265 Θεόν.”0
916 4211 1082 4280 ψόγος
1131 4210 1446 4265 διδασκαλία
1491 4213 1606 4273 τοῖς
1651 4208 2084 4280 συγκαθημένοις

509 4294 830 4363 φιλοσοφίας
873 4295 966 4347 καὶ⁸
1013 4294 1214 4364 ἀρετῆς
1257 4297 1285 4348 ό
1320 4295 1578 4359 τοιοῦτος,
1620 4294 1814 4365 μηκέτι
1849 4293 1977 4362 περὶ
2014 4292 2085 4346 τά

513 4377 743 4448 βιωτικά
775 4376 1084 4448 κεχηνέναι.
1132 4377 1267 4430 Εἰπὲ
1298 4378 1431 4449 πρὸς
1459 4379 1549 4431 τὸν
1579 4377 1755 4430 ταῦτα
1786 4377 2046 4448 εἰρηκότα
2066 4392 2079 4406 ·

509 4463 606 4516 Διά
625 4461 676 4514 τί
711 4460 979 4532 μακάριος
1013 4454 1195 4525 οὖτος;
1228 4461 1414 4533 ἐπειδὴ
1443 4460 1758 4531 θαυμαστὸν
1781 4459 1946 4512 ἵππον
1969 4459 2084 4529 ἔχει

510 4544 603 4598 καὶ
632 4543 1036 4614 χρυσοχάλινον,
1069 4545 1162 4596 καὶ
1197 4545 1412 4608 οἰκέτας
1439 4544 1664 4607 πολλοὺς
1688 4543 1972 4613 κέκτηται,
1989 4545 2084 4597 κα)⁸

511 4627 785 4696 φαιδράνδ
816 4625 1207 4696 περιϐέϐληται
1243 4627 1452 4698 στολὴν,
1487 4628 1581 4680 καὶ⁸
1609 4625 1744 4698 μέθῃ
1775 4627 1869 4680 καὶ
1901 4631 2080 4699 τρυφῇ

507 4711 901 4780 διαρῤήγνυται
931 4708 1052 4762 καθ’
1077 4711 1316 4782 ἑκάστην
1341 4711 1583 4782 ἡμέραν;
1621 4709 1779 4763 Ἀλλά
1811 4709 1901 4762 διά
1922 4709 2080 4763 τοῦτο

510 4794 690 4856 ἄθλιος
725 4793 790 4847 ἂν
821 4794 903 4865 εῐη
935 4794 1028 4846 καὶ
1065 4794 1425 4866 ταλαίπωρος,
1457 4795 1550 4849 καὶ
1583 4795 1793 4865 μυρίων
1829 4794 2079 4866 δακρύων

508 4879 676 4943 ἄξιος.
694 4877 836 4950 Ὀρῶ
865 4877 994 4946 γοῦν
1041 4879 1185 4948 ὑμᾶς
1235 4879 1387 4932 ούδέν
1435 4879 1763 4949 δυναμένους
1800 4879 2081 4950 ἐπαινέσαι

506 4965 617 5018 τῶν
646 4963 832 5029 αὐτοῦ,
867 4962 1002 5017 ἀλλά
1043 4964 1112 5016 τά
1158 4963 1314 5026 ἐκτὸς
1339 4963 1506 5016 αὐτοῦ
1547 4965 1743 5028 πάντα,
1767 4963 1858 5016 τὸν
1895 4949 2079 5027 ἵππον,

507 5048 597 5100 τὸν
632 5047 868 5118 χαλινὸν,
895 5047 963 5100 τά
994 5048 1204 5118 ἱμάτια,
1233 5041 1305 5100 ὧν
1335 5047 1486 5099 οὐδέν
1515 5047 1630 5101 ἐστι
1660 5047 1796 5119 πρὸς
1825 5047 2081 5102 αὑτόν.Τί

508 5131 705 5198 γένοιτ’
733 5131 800 5185 ἂν
841 5126 935 5183 οὖν
983 5130 1330 5202 ἀθλιώτερον,
1367 5131 1486 5183 εἰπέ
1523 5147 1634 5201 μοι,
1666 5129 1875 5195 τούτου,
1903 5131 2030 5184 ὅταν
2053 5131 2082 5182 6

511 5214 608 5283 μὲν
635 5215 800 5277 ῖππος
827 5213 1012 5280 αὑτοῦ,
1053 5216 1148 5268 καὶ
1171 5215 1200 5265 6
1231 5213 1443 5284 χαλινὸς
1481 5213 1574 5267 τοῦ
1618 5215 1804 5280 ἵππου,
1838 5214 1934 5268 καὶ
1972 5214 2082 5267 τῶν

577 5349 704 5418 {Si};
728 5350 877 5418 Savil.
923 5356 977 5418 eg
998 5351 1107 5418 duo_
1133 5351 1607 5418 ωεεςΜοτςικνοιιο
1632 5354 1913 5418 ἀνάγραψον.
1944 5351 2082 5418 Unus

512 5411 752 5480 ψόάλλά
769 5418 939 5480 πιστῆς
958 5413 1164 5480 διανοίας
1187 5411 1518 5480 ἀναψον.μιῐιῐιέ
1543 5415 1672 5480 id_em
1697 5411 2079 5480 θοὰ-πολιτείαν,

513 5473 594 5517 τὸν
615 5477 697 5544 τῆς
713 5473 1017 5544 δικαιοσύνη-ς
1026 5476 1253 5544 στέφανον
1272 5473 1399 5536 παρά
1414 5482 1500 5544 τῇς
1519 5474 1604 5523 τοῦ
1630 5475 1837 5544 ξριστοῦ
1854 5477 2078 5544 δέξασθαι

513 5533 668 5640 χειρὸς
707 5533 901 5641 έπῖσξὴν
943 5537 1033 5592 σήν
1075 5533 1281 5598 κεφαλὴν
1307 5533 1596 5586 σπούδασον.

548 5608 581 5640 π
612 5611 675 5641 ως
693 5609 790 5641 γινε
849 5612 906 5641 ω.

612 5611 675 5644 ως
693 5609 906 5644 γινεσυω.

579 5610 1037 5723 ςῧῗὲἔιὲξῶἷῗέπειδή
1057 5657 1320 5723 ῖπτςονεχςε
1338 5660 1500 5722 χρυσῷ
1518 5661 1906 5723 κεχαλινωμένον,
1919 5661 2077 5717 ἐπειδὴ

514 5717 718 5792 πολλούς
737 5717 938 5792 οἰκέτας,
957 5717 1387 5792 καὶφαιδράνξὶίόὶ
1408 5717 1535 5770 [mils
1553 5717 1632 5770 καὶ
1649 5717 1795 5786 τρυφῇ
1806 5723 2074 5787 περιϐέϐλη-

514 5799 592 5832 ται
616 5778 718 5827 καθ’
741 5778 944 5836 ἑκάστην
965 5778 1159 5836 ἡμέραν.

1691 5539 1802 5596 ηδέν
1829 5539 1931 5596 είκῆ
1962 5539 2081 5600 μηδέ

1225 345 1286 398 S.
1325 343 1613 399 JOANNIS
1651 339 2141 397 UIHYSOSTOMI
2181 339 2498 397 ARCHIEP.
2537 343 3093 402 CONSTANTINOP.
3668 358 3737 413 θεῖ

2183 465 2414 534 ἱματίων
2462 465 2524 517 τὸ
2562 466 2776 532 κάλλος,
2808 468 2902 520 καὶ
2946 469 2980 539 ἡ
3037 467 3332 538 σωματικὴ
3394 467 3517 518 τῶν
3563 469 3736 524 citam.

2176 547 2355 612 εὐεξία
2387 547 2750 620 θαυμάζηται,
2789 551 2951 614 αὐτὸς
2995 551 3052 603 δέ
3099 550 3580 620 ἀνεγκωμίαστος
3611 570 3736 621 παις-

2176 629 2376 702 τρέχῃ;
2405 631 2470 684 Τί
2504 633 2682 686 τοίνυν
2727 634 2926 702 γένοιτ’
2956 633 3022 688 ἂν
3057 635 3402 705 πενέστερον
3444 634 3654 696 τούτου,
3681 640 3736 689 τοὶ

2179 712 2344 781 μηδὲν
2377 713 2590 783 ἔχοντος
2623 717 2786 769 καλὸν
2813 720 3012 770 οίκεῖον
3042 719 3167 786 μήθ’
3195 717 3224 768 δ
3252 717 3578 786 δυνήσεται
3604 720 3736 770 ἐντεῇ

2177 793 2267 847 θεν
2295 797 2634 865 ἀπενεγκεῖν,
2661 800 2798 853 ἀλλά
2820 804 2932 863 τοῖς
2951 801 3252 872 ἀλλοτρίοις
3275 799 3737 867 καλλωπιζομηε

2177 881 2375 944 πᾶσινς
2424 883 2634 945 Οἱκεῖος
2678 883 2788 954 γάρ
2838 884 2994 955 ἡμῶν
3039 884 3240 954 κόσμος
3269 885 3376 936 καὶ
3414 882 3650 946 πλοῦτος
3676 889 3738 937 σὶι

2175 964 2384 1016 οἰκέται
2415 965 2508 1016 καὶ
2537 965 2728 1034 ἱμάτια
2755 967 2849 1018 καὶ
2873 967 3048 1029 ἵπποι,
3075 967 3214 1021 ἀλλά
3235 967 3443 1037 ψυχῆς
3474 966 3662 1036 ἀρετὴ.
3681 973 3740 1021 ui

2178 1046 2406 1110 πλοῦτος
2433 1047 2653 1116 ἀγαθῶν
2681 1048 2877 1119 ἔργων,
2905 1049 2998 1103 καὶ
3024 1052 3055 1121 ἡ
3084 1051 3219 1122 πρὸς
3241 1050 3345 1104 τὸν
3387 1049 3540 1102 Θεὸν
3576 1053 3736 1121 παρρηη

2179 1146 2290 1181 σια.

2245 1213 2305 1265 δ’.
2330 1212 2497 1266 Πάλιν
2518 1214 2704 1285 ἕτερον
2726 1214 2792 1268 ἂν
2816 1215 2932 1286 ῐδῃς
2957 1215 3190 1286 πτωχὸν,
3205 1215 3740 1287 ἀπερριμμένον,ιεο

2175 1296 2442 1366 ταφρονού
2451 1315 2608 1368 μενον
2635 1299 2880 1368 πτωχείᾳ
2907 1299 3002 1352 καὶ
3018 1311 3039 1337 ε
3063 1301 3234 1370 ἀρετῇ
3259 1299 3559 1363 συζῶντα,
3585 1302 3739 1352 καὶτι-

2177 1377 2526 1449 λανιζόμενον
2549 1381 2699 1452 παρά
2719 1380 2828 1434 τῶν
2852 1381 3310 1452 συγκαθημένων,
3339 1382 3644 1436 ἐπαίνεσον
3663 1384 3741 1435 τοῦ-

2177 1478 2288 1526 τον,
2324 1462 2419 1515 καὶ
2444 1463 2666 1532 γέγονεν
2711 1465 2738 1516 6
2779 1463 3000 1528 ἔπαινος
3030 1465 3124 1519 τοῦ
3158 1466 3556 1538 παρελθόντος
3588 1469 3739 1535 παραὶ.

2178 1561 2322 1608 νεσις
2370 1546 2462 1598 καὶ
2510 1547 2787 1620 συμϐουλὴ
2816 1549 3058 1617 χρηστῆς
3088 1549 3182 1602 καὶ
3213 1548 3452 1616 ἀγαθῆς
3487 1549 3737 1610 πολιτείας.

2178 1627 2242 1680 Et
2274 1627 2540 1696 λέγουσιν,
2573 1629 2754 1692 ἄθλιος
2781 1629 2873 1683 καὶ
2897 1630 3262 1702 ταλαίπωρος,
3291 1634 3431 1685 εἰπὲ
3454 1633 3544 1684 ὅτι
3569 1633 3738 1685 πάντων

2183 1711 2280 1780 μὲν
2311 1707 2404 1764 οὖν
2450 1707 2600 1776 οὗτος
2637 1712 3070 1784 μακαριώτατος,
3101 1716 3194 1767 τὸν
3227 1715 3376 1769 Θεὸν
3421 1716 3572 1784 ἔχων
3609 1717 3734 1782 φίλια.

2179 1796 2347 1866 ἀρετῇ
2389 1795 2586 1859 συζῶν,
2619 1795 2848 1849 πλοῦτον
2900 1797 3238 1868 κεκτημένος
3286 1798 3560 1852 οὐδέποτ’
3591 1800 3740 1849 ἐπιλεζο

2181 1895 2372 1942 ποντα,
2404 1878 2637 1942 συνειδὸς
2669 1879 2807 1948 έχων
2838 1881 3090 1950 καθαών.
3130 1881 3196 1934 Τί
3234 1881 3357 1953 γάρ
3405 1881 3566 1950 αὐτῷ
3594 1883 3736 1951 62.16.;

2181 1963 2244 2014 ἐκ
2289 1961 2388 2031 τῆς
2434 1960 2638 2024 ἐνδείας
2684 1961 2791 2015 τῶν
2837 1964 3133 2033 χρημάτων
3149 1962 3200 2025 ἀ,
3231 1965 3377 2017 ὅταν
3416 1964 3516 2016 τὸν
3566 1965 3737 2032 οὑριτίν

2181 2045 2276 2097 καὶ
2304 2044 2372 2097 τά
2400 2046 2457 2097 ἐν
2480 2043 2558 2114 τῷ
2587 2043 2800 2114 οὐρανῷ
2834 2045 3002 2118 μέλλῃ
3027 2046 3405 2117 κληρονομεῖν
3440 2047 3649 2115 ἀγαθά;
3676 2051 3736 2098 Ἀν

2181 2127 2322 2180 οὕτω
2370 2128 2464 2180 καὶ
2508 2127 2671 2189 αὐτὸς
2711 2128 3027 2200 φιλοσοφῇς,
3062 2131 3156 2182 καὶ
3185 2130 3399 2193 ἄλλους
3441 2143 3467 2169 ε
3503 2131 3735 2199 παιδεύῖς.

2182 2209 2382 2280 πολλὴν
2421 2210 2562 2282 λήψῃ
2598 2211 2692 2264 καὶ
2717 2211 2809 2264 τοῦ
2830 2213 2997 2280 ψόγου
3027 2215 3116 2266 καὶ
3142 2214 3253 2266 τῶν
3279 2217 3546 2267 ἐπαίνων
3682 2232 3734 2281 μ;-

2183 2293 2556 2358 σθαποδοσίαν,
2593 2295 2876 2366 ἀμφότερα
2901 2297 2979 2358 είς
3006 2296 3162 2360 δόξαν
3191 2298 3341 2351 Θεοῦ
3376 2300 3638 2366 ποιήσας.
3666 2300 3736 2349 fu;

2181 2377 2260 2430 ὅτι
2281 2376 2340 2429 ού
2368 2377 2542 2446 μάτην
2565 2395 2624 2430 σε
2645 2378 2959 2447 ψυχαγωγῶ
2979 2380 3148 2432 ταῦτα
3173 2379 3387 2448 λέγων,
3409 2380 3554 2432 ἀλλά

2180 2477 2264 2524 τις
2301 2462 2412 2523 τοῖς
2448 2459 2588 2513 οὕτω
2619 2461 2717 2531 τὴν
2746 2459 2970 2532 γνώμην
3002 2461 3383 2532 διακειμένοις
3422 2466 3604 2514 κεῖται
3632 2467 3734 2530 περὶ

2179 2543 2275 2596 τοῦ
2308 2543 2442 2596 Θεοῦ
2469 2543 2576 2596 τῶν
2607 2543 2743 2596 ὅλων
2768 2545 2992 2614 ἀμοιϐὴ,
3017 2545 3110 2598 καὶ
3138 2546 3313 2616 ἀρετὴ
3345 2563 3443 2608 τις
3474 2547 3735 2614 νενόμιττει

2181 2627 2242 2678 τὸ
2274 2628 2522 2697 πρᾶγμα,
2551 2627 2611 2678 τὸ
2628 2626 2694 2678 τά
2718 2626 2942 2680 τοιαῦτα
2964 2628 3323 2697 ψηφίζεσθαι,
3347 2631 3494 2700 περὶ
3515 2629 3618 2682 τῶν
3638 2629 3735 2680 οὕτω

2183 2707 2420 2773 ζώντων,
2451 2709 2680 2762 ἄκουσον
2708 2709 2762 2762 τί
2803 2727 2967 2780 φησιν
3011 2713 3039 2763 6
3085 2713 3416 2783 προφήτης,
3454 2713 3555 2766 καί
3584 2711 3736 2774 πῶςέν

2180 2790 2332 2854 τάξει
2357 2791 2799 2863 κατορθωμάτων
2839 2793 3019 2864 τίθησι
3045 2794 3104 2846 τὸ
3134 2796 3264 2858 τοὺς
3292 2814 3445 2866 πονη
3457 2796 3736 2867 ρευομνοις

2182 2875 2499 2940 ἐξουθενεῖν,
2531 2875 2623 2926 καὶ
2655 2876 2780 2939 τοὺς
2809 2875 3174 2947 φοϐουμένους
3199 2877 3292 2930 τὸν
3333 2878 3489 2930 Θεὸν
3523 2877 3735 2941 δοξάζει-ο.

2181 2955 2337 3010 Μετά
2368 2957 2472 3028 γάρ
2497 2957 2555 3010 τὸ
2596 2957 2888 3024 καταλέξαι
2913 2959 3013 3029 τὴν
3049 2959 3214 3031 ἄλλην
3249 2961 3477 3032 ἀρετὴν
3524 2960 3614 3014 τοῦ
3645 2963 3735 3028 μέλ.

2181 3039 2358 3102 λοντος
2387 3039 2540 3109 παρά
2564 3039 2658 3092 τοῦ
2693 3040 2828 3093 Θεοῦ
2863 3041 3146 3112 τιμᾶσθαι,
3175 3043 3270 3096 καὶ
3309 3045 3532 3102 είπεῖν,
3569 3039 3664 3097 οἷον
3687 3039 3737 3095 εἷ-

2181 3140 2270 3176 ναι
2298 3121 2402 3194 χρὴ
2431 3121 2522 3174 τὸν
2557 3122 2615 3174 ὲν
2644 3122 2720 3193 τῷ
2744 3123 2882 3194 ἁγίῳ
2904 3124 3260 3181 κατοικοῦντα
3298 3127 3654 3198 σκηνώματι.

2181 3207 2430 3276 ἄμωμον,
2456 3205 2551 3260 κιιλ⁸
2593 3207 2958 3276 ἐργαζόμενον
3002 3208 3377 3280 δικαιοσύνην,
3431 3214 3544 3264 καὶ

2184 3306 2295 3360 ρον,
2333 3289 2427 3342 καὶ
2475 3288 2635 3344 τοῦτο
2687 3289 3054 3362 προσέθηκεν·
3101 3291 3270 3345 εἰπὼν
3326 3294 3479 3364 γάρ·
3535 3298 3626 3359 ’ος
3661 3297 3736 3345 civ.

2181 3373 2483 3428 ἐδόλωσεν
2517 3373 2588 3428 ἐν
2617 3373 2865 3443 γλώσσῃ
2900 3374 3108 3438 αὑτοῦ,
3139 3375 3236 3429 καὶ
3270 3377 3388 3430 οὐκ
3419 3378 3670 3444 ἐποίησε
3689 3375 3738 3438 τῷ

2181 3459 2454 3526 πλησίον
2497 3458 2683 3513 αὑτοῦ
2726 3459 2941 3511 κακόν·
2973 3459 3285 3528 ἐπήγαγεν·
3337 3461 3734 3523 Ἔξουδέγωτα

2181 3540 2437 3595 ἐνώπιον
2467 3540 2652 3595 αὐτοῦ
2683 3541 3345 3610 πονηρευόμενος,τοὺς
3373 3543 3448 3596 δὲ
3479 3545 3738 3612 φοϐουμέ-

2182 3641 2324 3690 νου(
2373 3623 2479 3677 τὸν
2510 3625 2729 3691 Κύριον
2757 3623 3016 3688 δοξάζει·
3066 3623 3284 3689 δεικνὺς
3333 3627 3423 3678 ὅτι
3476 3629 3584 3680 καὶ
3627 3626 3737 3696 ίῖίύε

2181 3706 2339 3760 τοῦτο
2371 3707 2428 3759 ’ἐν
2471 3724 2524 3759 τι
2571 3706 2678 3759 τῶν
2721 3707 3157 3778 κατορθωμάτων
3185 3709 3321 3771 ἐστὶ,
3353 3708 3676 3779 [τουτέστι],
3699 3709 3737 3756 τὶ

2184 3791 2539 3860 καταφρονεῖν
2569 3788 2678 3841 τῶν
2705 3789 2978 3860 πονηρῶν,
3005 3792 3098 3843 καὶ
3123 3793 3372 3844 ἐπαινεῖν
3401 3793 3502 3844 καὶ
3546 3791 3734 3862 μακαρί-

2184 3870 2298 3936 ζειν
2332 3874 2458 3936 τοὺς
2490 3871 2746 3940 ἀγαθούς.
2775 3873 2884 3926 Καὶ
2909 3873 3068 3927 πάλιν
3097 3873 3333 3944 ἀλλαχοῦ
3365 3875 3431 3927 τὸ
3458 3875 3603 3928 αὐτὸ
3621 3873 3735 3926 coita

2183 3953 2357 4024 δηλῶν
2390 3954 2571 4022 ἔλεγεν
2591 3973 2604 3985 ·
2647 3954 2807 4024 Ἐμοὶ
2841 3955 2909 4007 δὲ
2935 3956 3078 4009 λίαν
3108 3955 3494 4025 ἐτιμήθησαν
3526 3963 3587 4011 oi
3613 3960 3734 4027 gum

2183 4055 2320 4103 σου,
2357 4041 2390 4092 ό
2437 4038 2601 4103 Θεὸς,
2629 4038 2772 4091 λίαν
2808 4038 3291 4107 ἐκραταιώθησαν
3331 4043 3397 4092 al
3437 4042 3624 4109 ἀρχαι
3662 4044 3732 4092 οὐ·

2183 4119 2319 4174 τῶν.
2333 4123 2427 4173 Ὃν
2461 4124 2489 4174 6
2518 4121 2650 4184 Θεὸς
2673 4122 2900 4186 ἐπαινεῖ,
2933 4120 3008 4192 μὴ
3043 4121 3232 4194 μέμψῃ
3253 4140 3266 4152 ·
3306 4125 3538 4176 ἐπαινεί
3584 4126 3635 4178 δὲ
3672 4124 3733 4173 τὸν

2184 4206 2242 4259 ἐν
2269 4203 2581 4274 δικαιοσύνῃ
2610 4204 2807 4268 ζῶντα,
2843 4205 2943 4258 κᾶν
2983 4205 3192 4276 πτωχὸς
3217 4202 3386 4276 ᾗ.Ὃν
3413 4207 3446 4258 6
3477 4207 3616 4270 Θεὸς
3639 4208 3734 4258 ἀπο

2185 4288 2495 4359 στρέφεται,
2546 4287 2619 4356 μὴ
2662 4287 2979 4360 ἐπαινέσῃς·
3020 4287 3433 4358 ἀποστρέφεται
3476 4290 3540 4342 δὲ
3585 4290 3665 4342 τὸν
3695 4291 3734 4338 ἐν

2183 4371 2420 4442 πονηρίᾳ.
2467 4369 2666 4436 ζῶντα,
2701 4371 2802 4425 κᾶν
2849 4372 3012 4426 πολὺν
3105 4371 3587 4443 περιϐεϐλημένος
3613 4371 3733 4426 πλοῦ-

2183 4472 2293 4509 τον.
2312 4453 2450 4506 Ἀλλ’
2483 4455 2547 4509 ἄν
2573 4456 2620 4506 τ’
2649 4455 2899 4525 ἐπαινῇς,
2927 4455 2991 4510 άν
3013 4473 3073 4508 τε
3099 4454 3295 4529 ψέγῃς,
3323 4457 3624 4527 ἀμφότερα

2183 4539 2314 4601 Θεὸς
2363 4537 2607 4608 βούλεται
2659 4540 2820 4592 ποίει.
2848 4540 3002 4593 Ἔστι
3032 4540 3123 4592 καὶ
3169 4541 3473 4608 ἐγκαλέσαι
3503 4545 3588 4605 εἰς
3615 4542 3732 4605 δόξαν

2183 4623 2338 4677 Θεοῦ.
2373 4622 2525 4688 Πῶς;
2575 4623 2697 4676 Ἐπὶ
2719 4623 2826 4675 τῶν
2849 4623 3072 4677 οἰκετῶν
3102 4625 3533 4695 ἀγανακτοῦμεν
3568 4628 3730 4679 alii

2185 4726 2292 4772 κις.
2327 4707 2450 4770 Πῶς
2487 4704 2578 4760 οῦν
2603 4707 2749 4760 ἐστιν
2778 4706 3069 4775 ἐγκαλέσαι
3100 4707 3186 4760 διὰ
3214 4707 3309 4761 τὸν
3338 4707 3512 4773 Θεόν;
3543 4713 3637 4762 Ἂν
3661 4725 3729 4777 με·

2185 4790 2379 4844 θύοντα
2407 4790 2542 4861 ῐδῃς,
2575 4789 2642 4842 ἂν
2670 4790 2991 4850 κλέπτοντα,
3019 4790 3052 4860 ἢ
3090 4790 3180 4842 τὸν
3207 4791 3460 4861 οἰκέτην,
3487 4793 3520 4862 ἢ
3550 4794 3641 4844 τὸν
3671 4793 3732 4856 ςε.

2183 4872 2293 4935 λον,
2324 4873 2357 4944 ἧ
2384 4873 2567 4944 ἕτερόν
2595 4889 2715 4927 τινα
2741 4873 2850 4926 τῶν
2875 4890 2957 4925 σοι
2988 4873 3395 4943 προσηκόντων,
3430 4875 3502 4928 ἂν
3531 4878 3612 4938 ei;
3642 4874 3729 4926 θέα-

2183 4954 2326 5028 τραί
2354 4957 2634 5027 τρέχοντα,
2663 4957 2729 5010 ἂν
2755 4958 2855 5028 τῆς
2881 4957 3058 5026 ψυχῆς
3081 4955 3385 5026 ἀμελοῦντα
3413 4959 3520 5028 τῆς
3545 4957 3724 5012 ἑαυτοῦ.

2185 5041 2252 5095 ἂν
2283 5040 2566 5111 ὀμνύοντα,
2600 5041 2666 5095 ἂν
2691 5038 3066 5112 ἐπιορκοῦντα,
3087 5039 3154 5092 ἂν
3174 5039 3536 5111 ψευδόμενον,
3557 5043 3726 5110 ἅτινά·

2185 5141 2403 5194 κτησον,
2439 5124 2684 5189 κόλασον,
2716 5123 3062 5194 ἐπίστρεψον,
3090 5123 3381 5193 διόρθωσαι
3406 5142 3421 5155 ⁸
3459 5127 3558 5179 καὶ
3590 5127 3724 5180 ταῦτα

2183 5209 2360 5262 πάντα
2391 5208 2651 5277 ἐποίησας
2676 5206 2762 5259 διά
2787 5207 2875 5259 τὸν
2898 5206 3153 5259 Θεόν.“Αν
3178 5209 3257 5269 είς
3287 5209 3350 5260 σὲ
3369 5209 3720 5280 ἁμαρτάνοιηκ

2185 5291 2320 5362 ῐδῃς,
2355 5291 2448 5342 καὶ
2475 5291 2575 5360 τῆς
2603 5293 2682 5353 είς
2709 5290 2768 5342 σὲ
2795 5289 3089 5360 θεραπείας
3124 5289 3473 5355 ἐλλείποντα,
3513 5310 3722 5360 συγγνω-

2245 5417 2402 5483 °7Duo
2424 5431 2538 5483 mss.
2581 5419 2834 5483 πενίᾳγκαὶ
2847 5419 3017 5483 ἀρετῇ.
3054 5416 3181 5466 Infra
3200 5418 3399 5480 quidam
3433 5427 3641 5483 χρηστῆς
3670 5422 3724 5464 ΒΞ

2181 5481 2397 5540 ἀληθινῆς
2417 5479 2666 5535 πολιτείας·
2692 5479 2779 5528 κᾶν
2803 5479 2992 5540 λέγωσι.

2245 5539 2273 5580 d
2293 5539 2392 5604 Alii
2413 5543 2509 5604 τῶν
2533 5541 2583 5604 ἐν
2604 5547 2662 5603 τῇ
2680 5547 2738 5604 γῇ
2763 5537 3172 5604 χρημάτωνλῑιίΓι
3200 5540 3298 5589 duo
3318 5543 3600 5603 παιδεύσῃς,
3616 5542 3724 5589 sub

2182 5605 2286 5652 λ....
2315 5602 2514 5649 ἐπαίνων
2532 5602 2612 5649 τὸν
2633 5602 2818 5664 μισθόν.

2241 5666 2260 5687 ⁸
2291 5665 2422 5712 Unus
2446 5681 2464 5709 .·
2498 5664 2597 5711 Κᾶν
2638 5665 2763 5711 οὕτω
2804 5666 2882 5712 καὶ
2920 5663 3060 5718 αὐτὸς
3097 5664 3219 5724 φιλ.,
3264 5666 3348 5712 καὶ
3391 5665 3592 5722 ἄλλους,
3620 5666 3724 5711 ,σοι

2185 5724 2356 5787 Hom}.
2382 5727 2464 5785 qui
2488 5725 2606 5785 legit
2631 5745 2643 5772 :
2675 5726 2759 5774 'Av
2772 5729 2898 5774 οὕτω
2923 5727 3034 5787 φιλ,
3057 5726 3139 5773 καὶ
3162 5726 3336 5782 αὐτοὺς
3357 5730 3440 5776 καὶ
3463 5730 3639 5783 ἄλλους.
3657 5725 3720 5773 Β.

2253 5785 2270 5824 ί
2299 5786 2406 5835 Duo
2426 5800 2536 5834 mss.
2563 5788 2770 5848 θέατρον.
