3906 6280
92 387 194 442 957

89 507 223 554 tales
251 499 309 553 in
339 499 700 558 admiratione
721 503 936 571 habere,
960 515 1012 559 et
1033 507 1284 573 majorem
1311 521 1374 562 ex
1403 508 1504 562 illis
1533 509 1682 562 volu-

89 603 292 659 ptatem
342 607 547 661 capere
564 635 579 656 ,
612 602 665 648 et
689 595 930 650 lucernas
957 597 1007 649 in
1037 596 1151 649 foro
1174 597 1486 664 accendere,
1513 608 1566 652 et
1592 613 1684 653 co-

91 698 250 736 ronas
296 685 568 752 plectere,
613 687 830 754 puerilis
876 689 1150 756 cujusdam
1193 691 1436 743 amentia:
1473 700 1573 744 est.
1603 690 1686 744 Ab

91 775 187 826 hac
204 773 323 842 jatn
354 776 718 831 imbecillitate
743 777 993 832 liberatus
1013 794 1091 838 es,
1110 790 1162 833 et
1185 779 1236 833 in
1260 781 1428 833 virum
1449 781 1680 846 evasisti,

89 878 139 916 et
169 868 222 918 in
256 867 540 922 czclestem
565 868 858 939 adscriptas
885 885 944 924 es
974 871 1344 941 rempublicam
1369 913 1384 937 ,
1417 888 1520 924 non
1559 887 1686 942 ergo

89 961 138 1007 ia
184 956 308 1010 foro
339 958 612 1013 accendas
649 960 823 1014 lumen
867 961 1149 1023 sensibile,
1177 961 1270 1015 sed
1299 963 1348 1014 in
1378 962 1557 1015 animo
1592 977 1682 1016 ac-

91 1046 260 1100 ccnde
285 1047 483 1102 lumen
511 1049 800 1117 Spirituale.
829 1049 1015 1104 Luceat
1033 1052 1182 1115 enim,
1207 1050 1392 1119 inquit,
1414 1050 1505 1105 lux
1526 1063 1685 1106 vestra

90 1157 262 1192 coram
292 1140 611 1206 hominibus,
645 1153 699 1195 ut
726 1143 924 1196 videant
949 1143 1079 1198 bona
1104 1161 1257 1214 opera
1279 1156 1443 1198 vestra
1461 1187 1474 1210 ,
1498 1156 1544 1198 et
1567 1144 1682 1217 glo-

92 1233 169 1283 ria
207 1232 459 1298 afﬁciant
485 1229 688 1288 Patrem
713 1245 926 1290 vestrum
950 1237 1192 1290 cazlestem
1226 1235 1444 1307 (Matth.
1475 1237 1527 1291 5.
1558 1238 1679 1308 16).

92 1320 216 1374 llzec
247 1321 344 1376 lux
373 1322 598 1378 multam
628 1324 783 1380 aﬂ'ert
803 1325 894 1380 tibi
914 1330 1419 1395 compensationem.
1446 1327 1561 1382 Noli
1586 1328 1684 1382 doc

93 1427 213 1466 mus
223 1421 354 1494 ’tute
387 1414 530 1468 fores
557 1416 714 1469 sertis
735 1431 993 1471 coronare
1015 1417 1055 1479 ⁸.
1081 1417 1174 1472 sed
1202 1417 1356 1472 talem
1380 1420 1498 1472 vitae
1521 1419 1682 1474 ratio-

97 1519 215 1556 nem
244 1503 487 1570 exhibe,
520 1513 576 1558 ut
611 1504 828 1574 justitiae
861 1521 1108 1560 coronam
1139 1508 1294 1576 capiti
1324 1508 1620 1587 impositam
1649 1524 1680 1563 a

92 1594 291 1650 Christi
317 1613 487 1650 manu
507 1598 754 1667 accipias.
779 1598 916 1652 Nihil
939 1609 1154 1664 temere,
1178 1599 1306 1652 nihil
1324 1600 1682 1668 imprudenter

98 1689 183 1739 ﬁat
213 1704 228 1739 :
263 1687 339 1741 ita
368 1689 514 1742 enim
543 1688 732 1743 Paulus
755 1691 1023 1760 prtecepit,
1053 1693 1229 1745 omnia
1260 1692 1310 1744 in
1335 1692 1559 1762 gloriam
1588 1692 1679 1747 Dei

97 1789 150 1831 nt
176 1777 493 1835 faceremus
522 1799 536 1835 :
565 1781 682 1836 Sive
699 1784 848 1846 enim,
875 1782 1060 1852 inquit,
1080 1783 1237 1850 editis,
1267 1785 1368 1837 sive
1389 1783 1570 1848 bibitis,
1593 1800 1680 1838 seu

96 1871 214 1937 quid
238 1871 444 1940 facitis,
473 1874 642 1926 omnia
666 1875 733 1926 ad
759 1873 972 1944 gloriam
996 1872 1088 1927 Dei
1106 1874 1304 1945 faciatis
1341 1873 1414 1946 (ί.
1443 1873 1560 1928 Cor.
1589 1874 1674 1929 l0.

97 1960 203 2032 5|).
237 1967 307 2016 At
333 1965 626 2028 quomodo,
652 1965 877 2034 inquies,
899 1965 1056 2020 edere
1082 1975 1134 2019 et
1159 1965 1337 2020 bibere
1365 1966 1430 2019 ad
1456 1967 1674 2036 gloriam

101 2051 188 2102 Dei
217 2057 546 2120 possumus?
571 2055 798 2108 Accerse
824 2070 1127 2124 pauperem,
1149 2055 1452 2124 participem
1480 2071 1676 2110 mens:e

101 2154 198 2194 tua:
229 2142 402 2197 facias
429 2145 693 2198 Christum
712 2187 727 2211 ,
765 2155 819 2198 et
842 2145 905 2198 ad
935 2145 1155 2214 gloriam
1187 2146 1274 2198 Dei
1302 2145 1475 2210 edisti,
1503 2162 1564 2199 ac
1593 2145 1676 2199 hi-

103 2233 238 2285 bisti.
274 2236 348 2287 At
369 2250 478 2287 non
503 2234 601 2289 hoc
619 2238 786 2289 solum
813 2235 1059 2304 praecepit
1078 2235 1142 2288 ad
1167 2237 1385 2305 gloriam
1417 2235 1506 2290 Dei
1537 2236 1672 2301 ﬁeri,

100 2322 187 2375 wd
214 2333 268 2376 et
299 2324 506 2393 reliqua
535 2326 731 2392 omnia,
761 2335 815 2378 ut
841 2325 892 2378 in
919 2324 1089 2379 forum
1116 2326 1221 2390 ire,
1254 2325 1394 2379 dolui
1420 2341 1478 2380 se
1501 2327 1670 2380 conti-

103 2428 224 2466 nere
253 2431 265 2465 :
300 2412 421 2467 haec
455 2426 671 2484 utraque
691 2426 905 2484 pr0pter
931 2415 1092 2470 Deum
1121 2415 1266 2469 ﬁant.
1317 2419 1384 2470 At
1410 2417 1674 2485 quomodo

103 2511 320 2571 utraque
349 2503 452 2556 ista
481 2505 603 2558 ﬁent
629 2515 845 2573 prepter
873 2504 1074 2559 Deum?
1115 2505 1335 2573 Quando
1377 2505 1443 2559 ad
1487 2507 1672 2561 Eccle-

103 2591 228 2644 siam
262 2593 476 2647 accedis
500 2635 515 2659 ,
555 2595 765 2664 quando
804 2596 1138 2666 precationis,
1176 2597 1385 2666 quando
1420 2597 1672 2652 doctrina:

103 2681 391 2747 spiritualis
437 2685 698 2755 particeps
733 2700 811 2753 es,
857 2687 969 2741 haec
1017 2688 1312 2757 progressio
1352 2687 1418 2742 ad
1453 2688 1671 2758 gloriam

107 2773 192 2826 Dei
234 2784 337 2828 est.
394 2777 595 2830 Rursus
622 2778 762 2832 domi
791 2779 947 2834 etiam
975 2779 1097 2834 licet
1125 2791 1337 2849 propter
1363 2783 1525 2836 Deum
1557 2800 1670 2836 ma-

107 2880 246 2916 nere.
276 2865 596 2932 Quomodo?
622 2879 711 2922 aut
738 2885 839 2939 qua
868 2870 1111 2924 ratione?
1156 2869 1252 2925 Ubi
1291 2872 1554 2928 audiveris
1587 2882 1672 2927 tu-

107 2954 297 3008 multus
325 2955 692 3024 immodestos,
723 2974 941 3028 pompas
969 2959 1255 3015 diabolicas
1279 3004 1293 3028 ,
1326 2963 1478 3018 malis
1518 2974 1673 3033 atque

109 3041 576 3114 intemperantibus
604 3049 900 3103 hominibus
928 3050 1094 3106 forum
1125 3053 1333 3121 plenum
1365 3070 1502 3118 esse,
1530 3055 1670 3109 domi

107 3147 334 3200 maneto,
366 3145 420 3190 et
446 3152 475 3190 a
505 3139 653 3193 turba
685 3139 769 3193 tali
795 3141 1069 3206 discedito,
1112 3150 1167 3196 et
1207 3143 1273 3196 ad
1316 3144 1535 3214 gloriam
1582 3147 1670 3200 Dei

111 3226 195 3278 tibi
226 3230 492 3285 mansisti.
539 3231 990 3300 Quemadmodum
1034 3235 1173 3289 enim
1213 3245 1324 3290 tum
1364 3236 1506 3291 domi
1553 3253 1674 3307 per-

109 3321 331 3388 mansio,
359 3332 469 3376 tum
497 3326 728 3392 egressio
749 3325 908 3390 foras,
941 3327 1017 3382 sic
1047 3336 1155 3382 tum
1183 3328 1316 3394 laus,
1347 3339 1457 3385 tum
1479 3331 1676 3401 vitupe-

111 3413 239 3463 ratio
267 3429 479 3484 quoque
498 3415 563 3468 ad
593 3416 683 3485 Dei
709 3417 925 3486 gloriam
953 3433 1070 3472 esse
1094 3428 1284 3489 potest.

179 3503 444 3566 Quomodo
484 3523 749 3574 possumus
790 3519 837 3562 et
876 3510 1081 3564 laudare
1105 3521 1150 3565 et
1176 3512 1454 3582 vituperare
1471 3513 1538 3568 ad
1562 3514 1676 3584 glo~

111 3597 233 3650 riam
278 3599 394 3655 Dei.
418 3630 488 3641 —
516 3602 790 3669 Quomodo
827 3614 1003 3657 autem
1049 3604 1116 3658 ad
1159 3606 1380 3675 gloriam
1418 3607 1511 3662 Dei
1553 3607 1676 3663 licet

111 3687 336 3756 aliquem
367 3691 584 3747 laudare
619 3707 680 3746 ac
705 3693 1042 3762 vituperare?
1089 3694 1296 3750 Sedetis
1321 3711 1460 3764 saepe
1485 3697 1537 3750 in
1562 3698 1678 3751 ofﬁ-

113 3779 239 3836 cinis
259 3825 273 3848 ,
303 3783 497 3838 videtis
524 3785 794 3856 prauerire
828 3785 1067 3840 homines
1095 3787 1260 3842 malos
1295 3797 1450 3858 atque
1477 3789 1675 3859 impro-

115 3872 223 3940 bos,
250 3878 533 3946 supercilia
560 3879 950 3944 centrahentes,
976 3879 1202 3944 inﬂatos,
1227 3881 1314 3950 qui
1345 3881 1536 3936 multos
1559 3890 1678 3950 post

116 3982 169 4019 se
195 3971 450 4037 parasitos
496 3979 550 4024 ct
593 3970 892 4024 adulatores
935 3971 1150 4035 ducum,
1181 3972 1268 4040 qui
1297 3972 1550 4040 pretiosas
1579 3971 1676 4026 ha-

117 4055 232 4111 hcnt
253 4071 453 4126 vestes,
483 4070 537 4115 et
565 4062 729 4115 multo
753 4060 890 4115 fastu
920 4062 1254 4126 amiciuntur,
1281 4063 1566 4116 alienarum
1594 4079 1678 4118 re-

117 4162 223 4200 rum
250 4151 569 4219 direptores,
601 4161 756 4221 atque
778 4166 984 4206 avaros.
1032 4151 1127 4205 llic
1163 4151 1207 4206 si
1245 4167 1558 4222 quemquam
1585 4168 1678 4207 au-

119 4239 305 4295 diveris
349 4243 652 4297 dicentem:
681 4259 854 4296 annon
895 4243 1208 4312 praestabilis
1251 4243 1336 4296 hic
1375 4243 1472 4308 vir,
1501 4258 1675 4297 annon

121 4328 328 4386 beatus?
357 4333 590 4402 increpa,
610 4333 884 4402 redargue,
907 4347 967 4386 os
995 4332 1231 4398 obstrue,
1258 4333 1676 4399 commiserator,

119 4421 401 4494 lacrymare
429 4443 444 4480 :
479 4426 577 4480 hoc
605 4436 684 4480 est
709 4426 774 4478 ad
801 4425 1019 4494 gloriam
1051 4425 1142 4478 Dei
1175 4426 1493 4494 vituperare.
1526 4425 1678 4480 Vitu-

120 4516 312 4577 peratio
354 4516 495 4570 enim
536 4516 651 4570 talis
687 4515 902 4584 reliquis
946 4515 1290 4583 praesentibus
1327 4514 1395 4568 ad
1442 4515 1676 4584 philoso-

123 4601 285 4667 phiam
311 4616 365 4662 et
393 4607 633 4661 virtutem
659 4606 930 4660 instructio
958 4614 1067 4671 est,
1093 4614 1149 4660 ut
1188 4607 1240 4660 in
1277 4623 1363 4662 res
1394 4606 1460 4661 ad
1485 4608 1679 4663 victum

121 4707 409 4761 spectantes
439 4699 610 4752 minus
635 4697 855 4752 inhient.
878 4697 1065 4764 Quane
1091 4697 1158 4752 ab
1184 4699 1272 4753 illo
1294 4698 1379 4768 qui
1401 4698 1487 4752 illa
1509 4699 1640 4753 dixit
1664 4717 1676 4752 :

123 4799 208 4839 cur
222 4788 404 4844 beatus
423 4790 507 4844 hic
525 4789 637 4844 est?
653 4789 786 4843 Num
801 4791 922 4860 quia
937 4789 1294 4844 admirabilem
1315 4789 1472 4845 habet
1488 4807 1679 4861 equum

122 4887 170 4927 et
195 4895 352 4936 aureo
376 4881 523 4935 freno
549 4881 898 4935 exornatum?
925 4892 1013 4934 aut
1039 4881 1157 4949 quia
1187 4897 1432 4950 magnum
1465 4881 1685 4936 famula.

126 4971 259 5022 tum?
292 4981 383 5026 aut
422 4973 542 5042 quia
582 4972 885 5042 praeclaram
918 4971 1072 5024 habet
1099 4981 1323 5035 vestem,
1351 4983 1402 5026 et
1429 4974 1682 5030 ebrietate

125 5058 420 5134 deliciisque
457 5065 691 5135 quotidie
727 5065 987 5119 solvitur?
1029 5064 1132 5119 Sed
1175 5065 1294 5120 inde
1336 5067 1497 5121 miser
1525 5078 1682 5136 atque

130 5149 294 5209 infelix
320 5165 422 5223 est,
453 5167 506 5210 et
542 5157 720 5211 multis
763 5155 1009 5228 lacrymis
1056 5157 1471 5226 proscquendus.
1519 5159 1683 5214 Video

38 5275 40 5282 τ
128 5257 260 5302 certe
286 5265 379 5305 vos
405 5250 598 5304 nullam
628 5251 768 5304 illius
790 5259 992 5320 partem
1023 5249 1239 5304 laudare
1269 5264 1445 5318 posse,
1467 5252 1562 5308 sed
1591 5267 1684 5306 cx-

38 5357 42 5362 ’
132 5349 292 5402 ternas
320 5364 408 5402 res
431 5363 636 5416 omnes,
657 5364 871 5419 equum,
895 5349 1118 5413 frenum,
1143 5362 1338 5416 vestes,
1360 5363 1478 5418 qua:
1507 5344 1681 5400 omnia

132 5439 260 5492 nulla
291 5443 430 5496 illius
459 5458 580 5511 pars
606 5441 852 5498 existunt.
883 5442 976 5497 Dic
1003 5457 1147 5513 ergo,
1180 5441 1304 5512 quid
1336 5439 1551 5496 omnino
1585 5438 1685 5491 mi—

153 5697 203 5760 ..ξ
240 5701 309 5748 sic
331 5710 432 5747 sav.
457 5707 507 5749 et
524 5699 620 5760 duo
647 5706 770 5749 Mssa
792 5698 882 5750 Sed
901 5698 1022 5747 hanc
1046 5697 1152 5760 vitm
1169 5697 1397 5760 rationem
1420 5695 1608 5760 turbans,
1628 5702 1682 5760 nt

38 5809 42 5814 ι
128 5753 204 5802 tibi
233 5773 360 5809 cura:
394 5762 452 5811 sit
491 5759 710 5822 accipere
748 5773 968 5809 corommt
980 5759 1202 5820 jnstitite,
1227 5759 1288 5810 de
1326 5771 1467 5809 manu
1489 5753 1682 5813 (.‘hristt',

137 5827 260 5876 super
286 5832 424 5886 Cupul
449 5830 583 5873 tuum
601 5821 621 5872 ':
646 5821 764 5872 nihil
787 5830 980 5882 temere,
1006 5830 1098 5871 etc.

1511 396 1574 452 IN
1600 396 1979 455 KALENDAS.

3251 417 3354 474 9'58

1791 511 1961 564 serius
1988 522 2105 564 esse
2134 517 2324 577 potest,
2351 524 2505 579 quam
2536 519 2589 563 ut
2617 524 2780 580 equus
2805 521 2859 565 et
2884 511 3004 579 equi
3035 511 3262 577 l'remun,
3293 525 3347 566 et

1790 601 2012 655 vestium
2039 600 2286 668 splendor
2308 615 2369 654 ac
2395 601 2704 656 famulorum
2733 603 2867 656 bona
2891 606 3125 672 corporis
3149 606 3347 658 consti-

1790 691 1921 744 tutio
1962 691 2222 754 laudetur,
2257 692 2367 761 ipse
2394 691 2669 747 illaudatus
2711 708 2923 762 prorsus
2972 695 3352 761 praetereatur?

1788 780 1926 845 Quid
1963 794 2030 834 eo
2074 781 2283 835 homine
2320 782 2634 851 pauperius,
2671 783 2758 849 qui
2783 799 2900 856 cum
2933 785 3130 838 nullum
3157 784 3350 839 habeat

1788 869 1982 923 benum
2013 871 2299 940 proprium,
2331 871 2414 926 vel
2437 871 2577 940 quod
2600 871 2722 925 hinc
2751 873 2913 939 possit
2940 874 3178 940 auferre,
3215 872 3345 928 alie-

1788 960 1870 1013 nis
1894 960 2062 1015 solum
2089 962 2248 1015 rebus
2267 961 2586 1016 exornetur?
2613 961 2885 1032 Proprium
2906 964 3047 1016 enim
3068 979 3348 1018 ornamen-

1789 1062 1896 1104 tum
1918 1051 2213 1120 divitizeque
2242 1063 2435 1106 nostras
2469 1060 2610 1115 sunt,
2641 1067 2745 1105 non
2787 1050 2983 1114 fanmli,
3016 1069 3118 1105 non
3147 1061 3344 1117 vestes,

1785 1158 1893 1196 non
1940 1143 2080 1211 equi,
2123 1141 2215 1196 sed
2261 1143 2419 1196 animi
2460 1143 2643 1205 virtus,
2687 1141 2782 1196 sed
2827 1142 3084 1197 bonorum
3127 1157 3342 1213 operui)

1787 1233 2123 1299 abundantia,
2154 1233 2250 1289 sed
2279 1233 2465 1288 ﬁducia
2493 1236 2544 1288 in
2572 1235 2754 1288 Deum.

1854 1324 2138 1378 Litursus
2167 1339 2286 1378 cum
2317 1325 2509 1378 videris
2539 1339 2823 1394 pauperem
2850 1323 3111 1392 abjectum
3129 1366 3142 1387 ,
3185 1340 3332 1394 spre-

1784 1424 1917 1478 tum,
1945 1431 2066 1470 cum
2095 1418 2309 1486 penuria
2329 1428 2383 1470 et
2411 1419 2602 1472 virtute
2623 1418 2781 1470 vitam
2807 1417 3206 1486 trausigentem,
3236 1427 3289 1471 et
3313 1435 3343 1470 a

1783 1507 2070 1573 Sodalibus,
2099 1508 2190 1578 qui
2217 1517 2392 1564 tecum
2421 1518 2562 1574 sunt,
2589 1509 2838 1563 miserum
2857 1508 3108 1573 habitum,
3135 1509 3346 1563 laudato

1783 1599 1962 1652 illum:
1993 1598 2105 1652 hzec
2130 1600 2494 1666 printereuntis
2519 1600 2659 1665 laus,
2688 1599 2947 1653 institutio
2971 1610 3051 1653 est
3077 1608 3131 1654 et
3153 1599 3340 1654 adhnro

1783 1690 1910 1744 tatio
1956 1689 2020 1744 ad
2065 1690 2255 1744 bonam
2276 1698 2330 1744 et
2358 1689 2629 1744 honestam
2655 1689 2813 1743 vitam
2836 1689 3246 1758 transigendam.
3286 1689 3339 1744 Si

1782 1781 2043 1846 dixerint,
2076 1795 2406 1835 :erumnosus
2439 1789 2493 1835 et
2519 1781 2679 1835 miser
2723 1789 2836 1834 est:
2884 1788 2939 1833 tu
2988 1787 3170 1834 contra
3199 1779 3341 1832 illum

1781 1872 2016 1926 omnium
2045 1871 2403 1925 beatissimum
2429 1869 2654 1940 prasdica
2676 1912 2691 1936 ,
2713 1869 2803 1939 qui
2830 1869 2994 1924 Deum
3022 1869 3181 1923 habet
3208 1870 3343 1924 ami-

1781 1978 1900 2016 cmu
1934 2004 1950 2028 ,
1994 1961 2086 2031 qui
2139 1963 2317 2017 virtuti
2362 1962 2654 2028 incumbit,
2701 1961 2788 2032 qui
2818 1961 3025 2016 divitias
3056 1977 3157 2016 non
3177 1961 3344 2016 ﬂuxas

1780 2054 2046 2121 possidet,
2078 2055 2165 2124 qui
2194 2054 2569 2109 conscientiam
2599 2052 2755 2108 habet
2776 2068 2979 2122 puram.
3024 2051 3158 2119 Quid
3200 2053 3340 2106 enim

1781 2145 1854 2196 illi
1901 2144 2221 2197 incommodi
2253 2154 2334 2198 est
2359 2185 2373 2207 ,
2417 2145 2460 2198 si
2491 2144 2728 2213 pecuniis
2754 2144 2976 2197 terrenis
3005 2151 3192 2213 egeat,
3222 2157 3339 2196 cum

1779 2235 1895 2288 ca-li
1939 2246 1991 2288 et
2033 2235 2317 2289 ctelestium
2350 2235 2694 2290 hereditatem
2744 2234 2981 2289 aditurus
3025 2235 3135 2288 sit?
3177 2234 3231 2288 Si
3286 2245 3340 2287 tu

1779 2343 1898 2380 cum
1921 2327 2022 2380 illis
2048 2327 2124 2382 sic
2149 2327 2518 2396 disputaveris,
2537 2336 2589 2381 et
2617 2327 2736 2381 illos
2755 2337 2912 2396 atque
2936 2327 3070 2382 alios
3096 2327 3338 2381 institue-

1779 2419 1853 2473 ris
1876 2460 1890 2479 ,
1917 2435 2158 2488 magnam
2173 2418 2395 2488 recipies
2409 2429 2516 2472 tum
2534 2419 2932 2489 vituperationis
2949 2428 3055 2472 tum
3079 2418 3341 2473 laudatio-

1777 2509 1859 2564 nis
1880 2520 1982 2564 tnzn
2011 2509 2332 2577 mercedem,
2354 2525 2473 2564 eum
2494 2519 2714 2578 utraque
2730 2509 2793 2563 ad
2808 2509 3026 2578 gloriam
3044 2510 3132 2564 Dei
3161 2509 3336 2565 facias.

1775 2600 1926 2669 Quod
1951 2612 2124 2655 autem
2152 2616 2479 2670 nequaquam
2513 2601 2952 2654 temereanimutn
2971 2610 3110 2654 tuum
3129 2601 3209 2654 his
3223 2617 3342 2655 ver-

1777 2694 1856 2746 bis
1883 2693 2210 2763 pellexerim,
2233 2691 2323 2747 sed
2341 2691 2480 2762 quod
2501 2709 2593 2762 per
2608 2707 2792 2762 magna
2810 2691 3046 2762 quzedam
3066 2692 3150 2756 iis,
3167 2693 3250 2762 qui
3272 2693 3341 2745 ita

1776 2783 1950 2836 animo
1978 2783 2244 2837 constituti
2273 2793 2413 2848 sunt,
2433 2798 2461 2836 a
2491 2783 2596 2837 Deo
2615 2782 2972 2850 compensatio
3002 2781 3170 2835 futura
3185 2783 3273 2847 sit,
3295 2793 3347 2832 et

1777 2879 1830 2932 in
1850 2893 2054 2934 smuma
2071 2878 2169 2933 hoc
2191 2878 2378 2932 virtute
2408 2877 2675 2940 habeatur,
2691 2877 2758 2930 ita
2785 2874 2852 2930 de
2873 2876 2972 2929 illis
2992 2875 3166 2944 quisic
3188 2875 3345 2927 vitam

1776 2969 1966 3039 degunt
1985 2978 2232 3023 statuere:
2251 2968 2369 3022 audi
2385 2967 2505 3038 quid
2525 2966 2775 3036 propheta
2790 2964 3067 3033 dicat,etin
3085 2979 3187 3034 quo
3203 2971 3347 3018 recte

1782 3063 2036 3116 factorum
2068 3074 2287 3113 numero
2327 3067 2506 3128 ponat,
2539 3067 2646 3111 tum
2687 3056 2852 3109 malos
2872 3054 3112 3109 homines
3139 3069 3232 3123 pro
3261 3053 3344 3106 ni-

1781 3153 1889 3207 hilo
1911 3151 2125 3211 habere.
2155 3160 2264 3204 tum
2289 3152 2533 3204 timentes
2561 3149 2722 3202 Deum
2744 3145 2907 3218 gloria
2932 3144 3160 3199 afﬁcere.
3190 3143 3342 3197 Post-

1782 3258 1937 3314 quam
1986 3242 2127 3295 enim
2167 3242 2393 3310 reliquas
2424 3241 2643 3294 virtutes
2689 3245 3155 3293 commemorasset
3185 3234 3344 3296 illius,

1782 3335 1870 3403 qui
1901 3349 1929 3387 a
1963 3334 2070 3387 Deo
2101 3331 2438 3387 honorandus
2463 3341 2636 3395 esset,
2667 3339 2722 3384 et
2751 3329 2968 3383 dixisset
2993 3327 3201 3397 qualem
3227 3343 3346 3381 esse

1785 3427 1931 3481 ἰΙΙιιιη
1959 3433 2244 3494 oporteret,
2273 3424 2360 3493 qui
2380 3425 2430 3476 in
2459 3431 2640 3477 sancto
2670 3420 2807 3474 illius
2833 3417 3171 3473 tabernaculo
3196 3416 3344 3470 habi-

1785 3531 1987 3574 taturus
2011 3527 2173 3581 esset,
2200 3518 2298 3570 hoc
2315 3525 2416 3579 est,
2445 3515 2801 3583 inculpatum,
2832 3525 2885 3566 et
2907 3512 3166 3565 colentem
3185 3508 3342 3578 justi-

1785 3610 1930 3671 tiam,
1963 3618 2018 3663 et
2041 3623 2071 3660 a
2101 3606 2329 3676 nequitia
2359 3619 2604 3669 vacuum,
2630 3604 2786 3658 etiam
2815 3599 3180 3670 hoc-subjecit:
3219 3615 3341 3653 cum

1781 3699 2022 3764 dixisset,
2050 3699 2146 3766 Qui
2171 3715 2270 3751 non
2292 3698 2495 3751 dolosus
2525 3697 2616 3765 fuit
2640 3697 2810 3762 lingua
2832 3710 2944 3758 sua,
2975 3708 3064 3746 nec
3089 3691 3202 3763 fecit
3225 3708 3345 3760 pro-

1781 3794 1917 3847 trimo
1946 3808 2034 3845 suo
2061 3788 2284 3853 malum;
2309 3789 2502 3856 adjecit
2526 3805 2539 3840 :
2570 3787 2648 3840 Ad
2689 3785 2901 3838 nihilum
2942 3782 3184 3836 deductus
3203 3792 3273 3835 est
3295 3782 3349 3834 in

1784 3889 2045 3950 conspectu
2069 3882 2174 3951 ejus
2203 3879 2470 3947 malignus,
2501 3879 2725 3932 timentes
2751 3887 2918 3929 autent
2947 3873 3218 3928 Dominum
3239 3873 3349 3944 glo-

1783 3966 2244 4043 riae/ﬁcit(1’sal.
2291 3971 2377 4024 M.
2421 3971 2472 4024 '5.
2510 3969 2543 4022 4
2658 3967 2750 4021 His
2796 3965 2971 4020 verbis
3024 3964 3349 4018 demonstrat

1785 4083 1946 4120 unum
1978 4067 2093 4133 ejus
2124 4063 2350 4118 ollicium
2376 4077 2514 4127 esse,
2549 4061 2713 4114 malos
2737 4071 3076 4114 contemnere
3097 4098 3112 4122 ,
3133 4055 3354 4110 laudare

1788 4169 1841 4211 et
1873 4158 2029 4210 beare
2054 4155 2222 4209 bonos
2253 4173 2266 4206 :
2298 4165 2352 4208 et
2380 4153 2502 4207 alibi
2533 4152 2670 4206 idem
2719 4149 3031 4218 signiﬁcavit
3054 4162 3174 4201 cum
3203 4146 3346 4201 dice-

1784 4259 1896 4304 ret:
1932 4246 2061 4300 ΜΗιὶ
2086 4256 2251 4299 autem
2287 4245 2434 4298 nimis
2474 4243 2703 4297 honorati
2727 4250 2842 4295 sunt
2882 4241 3030 4294 amici
3066 4239 3160 4305 tui,
3197 4237 3350 4304 Dens,

1784 4341 1931 4394 nimis
1975 4339 2286 4404 confortatus
2316 4346 2385 4389 cst
2417 4335 2726 4405 principatus
2780 4348 2951 4386 eorum
2999 4330 3016 4400 (
3047 4328 3193 4382 Psal.
3227 4327 3348 4383 158.

1787 4436 1851 4489 l7
1880 4437 1916 4500 ).
1946 4433 2112 4500 Quem
2160 4432 2300 4485 Deus
2353 4427 2573 4489 laudat,
2607 4435 2660 4478 tu
2712 4440 2777 4478 ne
2822 4425 3105 4493 vituperes.
3155 4420 3356 4475 Laudat

1785 4537 1960 4579 autem
1988 4539 2128 4587 cum,
2161 4521 2249 4590 qui
2276 4536 2395 4574 cum
2440 4519 2638 4587 justitia
2689 4515 2852 4578 vivit,
2885 4513 3124 4583 quamvis
3155 4525 3352 4580 pauper

1785 4621 1873 4674 sit.
1899 4620 2065 4687 Quem
2099 4617 2235 4670 Deus
2249 4622 2542 4678 aversatur,
2562 4620 2614 4664 tu
2634 4626 2698 4665 ne
2721 4607 3050 4662 laudaveris:
3080 4613 3354 4660 aversatur

1787 4724 1962 4767 autem
1987 4723 2198 4764 omnem
2229 4707 2317 4776 qui
2343 4721 2462 4759 cum
2492 4701 2722 4772 nequitia
2747 4701 2892 4765 vivit,
2915 4697 3155 4768 quamvis
3172 4696 3349 4750 multis

1787 4805 1971 4875 opibus
1992 4799 2340 4857 circumﬂuat.
2365 4797 2467 4852 Sed
2498 4797 2607 4850 sive
2635 4793 2928 4847 laudaveris
2955 4831 2971 4856 ,
3000 4792 3109 4844 sive
3151 4789 3354 4856 vitupe-

1786 4894 2006 4958 raveris,
2043 4900 2262 4960 utraque
2286 4889 2350 4943 ad
2372 4888 2462 4942 Dei
2480 4887 2799 4940 voluntatem
2822 4882 2998 4936 facias.
3022 4879 3168 4933 Licet
3195 4877 3355 4931 etiam

1788 4987 1853 5041 ad
1883 4984 2103 5056 gloriam
2137 4983 2228 5036 Dei
2269 4981 2564 5049 obiurgare.
2605 4977 2721 5042 Quo
2747 4971 2954 5027 tandem
2982 4969 3175 5024 modo?
3220 4968 3354 5035 Erga

1791 5090 1975 5132 servos
1998 5085 2208 5128 nostros
2251 5086 2390 5140 satpe
2416 5069 2592 5123 animo
2631 5077 3059 5120 commovemur:
3091 5056 3356 5129 quomodo

1788 5175 1962 5221 autem
1995 5164 2118 5218 licet
2166 5172 2380 5232 propter
2408 5159 2568 5211 Deum
2599 5151 2912 5223 objurgare?
2950 5150 3004 5204 Si
3033 5149 3238 5204 ebrium
3265 5157 3356 5200 aut

1790 5259 2051 5313 furentem
2077 5255 2272 5310 videris
2299 5253 2381 5306 vel
2410 5265 2620 5304 servum
2644 5291 2659 5310 ,
2703 5247 2784 5300 vel
2816 5245 3064 5308 amicum,
3095 5241 3176 5296 vel
3194 5239 3355 5294 alium

1789 5349 2088 5419 quempiam
2114 5344 2464 5416 propinquum
2510 5349 2654 5393 tuum
2683 5377 2700 5404 ,
2731 5344 2823 5390 aut
2864 5335 2914 5388 in
2949 5335 3207 5388 theatrum
3235 5347 3355 5386 cur-

1791 5452 2016 5502 rentem,
2047 5447 2138 5492 aut
2162 5436 2389 5489 animam
2413 5447 2560 5487 suam
2591 5429 2720 5484 nihil
2747 5436 3040 5490 curantem,
3065 5433 3154 5479 aut
3173 5425 3358 5495 jurau-

1790 5541 1921 5595 tem,
1945 5538 2037 5584 aut
2065 5527 2411 5597 pejerantem,
2446 5530 2537 5576 aut
2563 5520 2903 5574 mentientem
2929 5533 2945 5570 :
2975 5517 3305 5570 stomachare
3335 5555 3354 5579 ,

1792 5623 1995 5692 punito,
2025 5633 2238 5683 revoca,
2269 5615 2491 5683 corrige,
2519 5621 2572 5667 et
2597 5611 2709 5664 haec
2743 5609 2918 5664 omnia
2950 5615 3163 5678 propter
3189 5607 3352 5659 Deum

1793 5714 1978 5770 iecisti.
2004 5713 2060 5768 Si
2083 5726 2204 5780 etga
2235 5719 2285 5763 te
2315 5714 2617 5777 peccantem
2643 5701 2838 5756 videris
2856 5741 2872 5768 ,
2902 5709 2992 5755 aut
3018 5701 3242 5769 aliquam
3265 5695 3352 5749 of-

1795 5807 1896 5859 ﬁcii
1918 5814 2118 5874 partem
2140 5817 2260 5872 erga
2285 5810 2333 5855 te
2360 5800 2437 5854 sui
2469 5794 2949 5867 pl'wlermiltcntem
2981 5835 2996 5858 ,
3023 5790 3232 5846 remitte
3261 5786 3359 5843 hoc
