3906 6296
471 397 579 453 9Ξ¹ἰ9

478 516 541 578 ei,
568 523 622 569 et
641 514 889 568 remisisti
919 523 1136 582 prepter
1162 513 1349 568 Deum.
1374 512 1526 567 Nunc
1548 529 1674 568 vero
1695 513 1844 566 multi
1869 521 2053 566 contra

473 608 672 660 faciunt
714 622 833 659 cum
872 621 994 674 erga
1021 607 1218 659 amicos
1252 645 1267 670 ,
1302 614 1410 657 tum
1439 619 1561 673 erga
1589 619 1773 659 servos
1802 620 1816 656 :
1845 603 2062 672 quando

471 701 614 750 enim
641 713 762 766 erga
795 714 851 748 se
874 697 959 749 alii
984 695 1222 765 peccant,
1247 696 1424 750 acerbi
1451 695 1910 765 incxorabilesque
1938 703 2062 748 sunt

471 788 704 858 judices:
732 789 944 856 quando
975 798 1151 844 autem
1186 789 1236 840 in
1279 788 1442 841 Deum
1487 787 1855 842 contumeliosi
1883 796 2006 840 sunt
2037 829 2052 851 ,

471 890 523 933 et
549 896 673 934 suas
701 881 935 949 ipsorum
970 881 1196 950 perdunt
1222 881 1424 934 animas
1453 920 1469 946 ,
1501 880 1702 934 nullam
1726 881 1842 948 ejus
1873 880 1949 933 rei
1976 895 2061 933 ra-

475 973 672 1026 tionem
718 973 932 1026 babent.
979 973 1181 1026 Rursus
1230 973 1384 1026 amici
1415 973 1506 1027 tibi
1560 972 1867 1041 acquirendi
1895 971 2063 1025 sunt?

474 1063 699 1132 Propter
747 1065 911 1117 Deum
947 1066 1227 1134 acquirito.
1272 1064 1471 1118 Inimici
1506 1063 1861 1133 tibicapiendi
1900 1064 2063 1118 sunt?

476 1154 702 1224 Propter
745 1156 908 1208 Deum
941 1156 1134 1224 ca—pito.
1191 1158 1261 1210 At
1290 1155 1553 1225 quomodo
1593 1155 1748 1210 amici
1779 1165 1833 1211 et
1863 1155 2061 1210 inimici

475 1258 694 1316 propter
718 1249 880 1302 Deum
905 1247 1215 1316 acquirendi
1241 1248 1406 1301 sunt?
1432 1247 1486 1302 Si
1509 1263 1611 1301 non
1641 1248 1905 1302 amicitias
1944 1247 2060 1301 illas

474 1342 804 1409 colligamus,
827 1340 963 1394 unde
994 1341 1244 1409 pecunias
1272 1355 1483 1410 cogere,
1512 1354 1710 1394 mensm
1733 1341 2060 1394 consortium

475 1433 674 1487 habere
700 1475 714 1496 ,
741 1433 1030 1486 humanum
1054 1432 1407 1501 patrocinium
1448 1431 1703 1501 consequi
1727 1432 2020 1499 poterimus
2047 1449 2060 1484 :

475 1525 570 1578 sed
621 1525 739 1577 il'os
791 1539 1176 1593 prosequamur
1227 1530 1282 1577 et
1331 1523 1665 1593 acquiramus
1700 1522 1939 1587 amicos,
1972 1521 2062 1591 qui

474 1625 703 1669 mentem
736 1623 970 1668 nostram
1004 1613 1264 1669 moderari
1292 1653 1310 1680 ,
1342 1613 1620 1668 consulere
1649 1613 1868 1668 honesta
1892 1655 1906 1675 ,
1943 1627 2063 1681 pec-

476 1717 661 1758 cantes
689 1706 988 1774 increpare,
1021 1706 1389 1776 delinquentes
1410 1720 1654 1774 arguere,
1693 1705 2064 1774 supplantatos

476 1800 702 1866 erigere,
732 1797 954 1852 consilio
979 1813 1039 1850 ac
1070 1798 1312 1867 precibus
1341 1811 1493 1864 opem
1523 1796 1663 1850 ferre
1683 1839 1697 1862 ,
1729 1806 1783 1851 et
1810 1795 1876 1850 ad
1900 1797 2063 1850 Deum

477 1888 740 1942 adducere
769 1897 1006 1957 possunt.
1038 1888 1237 1941 Rursus
1279 1889 1524 1943 inimicos
1571 1889 1700 1942 licet
1729 1888 1905 1943 facere
1939 1903 2067 1958 pro—

477 1988 592 2046 pter
625 1978 809 2032 Deum.
845 1979 898 2033 Si
931 1978 1127 2033 videris
1160 1979 1387 2048 aliquem
1417 1981 1855 2050 intemperantem
1876 2021 1892 2046 ,
1919 1979 2067 2034 nefa-

477 2068 635 2130 rium,
661 2069 906 2136 nequitim
924 2069 1164 2137 plenum,
1191 2070 1763 2140 Opinionibusimpuris
1786 2071 2062 2135 refertum,

477 2159 902 2228 supplantantem
929 2171 980 2214 te
1006 2176 1067 2214 ac
1091 2160 1182 2215 tibi
1209 2176 1402 2215 nocere
1431 2163 1752 2230 cupientem,
1776 2159 1986 2224 recede,
2013 2171 2067 2212 et

479 2251 684 2304 resilias
704 2251 771 2304 ab
801 2251 921 2305 illo:
951 2252 1027 2305 sic
1052 2252 1193 2306 enim
1215 2251 1625 2320 Christusjubet
1645 2271 1658 2307 :
1679 2252 1738 2306 Si
1759 2253 1932 2305 oculus
1952 2262 2067 2305 tuus

483 2345 656 2396 dexter
670 2343 982 2396 scandalizat
1009 2354 1073 2410 te,
1093 2361 1210 2397 erue
1230 2360 1362 2408 eum,
1385 2354 1430 2396 et
1453 2344 1660 2413 projicie
1678 2343 1767 2396 abs
1790 2354 1837 2396 te
1855 2341 2062 2411 (Matth.

480 2434 534 2487 5.
552 2433 668 2502 ‘29).
688 2433 799 2488 Hoc
815 2450 1004 2503 nempe
1028 2434 1294 2503 praecepit,
1316 2443 1370 2486 ut
1385 2435 1582 2487 amicos
1594 2448 1726 2503 quos
1745 2448 1894 2502 :eqne
1911 2444 2067 2502 atque

481 2528 662 2582 oculos
707 2544 860 2582 caros
902 2528 1063 2582 habes
1095 2570 1108 2591 ,
1157 2536 1212 2581 et
1237 2529 1302 2582 ad
1327 2543 1538 2581 omnem
1563 2528 1682 2580 vitae
1713 2543 1862 2580 usum
1885 2541 2068 2580 neces-

480 2619 649 2672 sarios
670 2659 685 2684 ,
733 2620 776 2672 si
803 2619 991 2672 animae
1023 2618 1178 2672 saluti
1212 2626 1460 2683 noceant,
1493 2627 1734 2689 amputes
1751 2629 1798 2670 et
1828 2616 2064 2685 abjicias.

482 2711 536 2764 Si
572 2712 622 2764 in
650 2721 845 2765 emtum
874 2710 1146 2765 hominum
1178 2710 1439 2780 prodieris
1457 2752 1471 2774 ,
1498 2719 1549 2763 et
1577 2711 1734 2763 verba
1759 2710 1920 2762 multa
1947 2725 2066 2762 cum

484 2802 602 2855 aliis
624 2802 830 2864 feceris,
853 2810 1067 2871 propter
1091 2801 1253 2854 Deum
1277 2799 1378 2854 hoc
1394 2799 1643 2854 facitozsi
1673 2800 1921 2863 tacueris,
1941 2816 2066 2868 pro-

483 2903 601 2962 pter
619 2893 782 2948 Deum
802 2894 1077 2947 taceto.At
1097 2891 1362 2962 quomodo
1392 2893 1442 2945 in
1470 2903 1609 2946 cuztu
1636 2895 1834 2946 versari
1855 2902 2070 2962 propter

484 2967 649 3038 Deum
670 2986 832 3040 licet?
852 2987 904 3041 Si
928 3001 1047 3039 cum
1074 2985 1192 3039 aliis
1214 2984 1546 3049 scdens,non
1572 2985 1640 3039 de
1664 2985 1822 3039 rebus
1847 2983 2070 3038 sziecula-

484 3079 628 3132 ribus
657 3077 910 3144 disseras,
939 3093 1108 3146 neque
1132 3077 1198 3130 de
1227 3077 1289 3129 iis
1318 3093 1434 3146 qua:
1458 3077 1608 3130 nobis
1635 3076 1791 3144 plane
1826 3090 2010 3144 parum
2047 3115 2061 3141 ,

484 3180 576 3222 aut
607 3169 737 3222 nihil
758 3169 1065 3223 conducunt
1093 3210 1108 3232 ,
1137 3168 1230 3222 sed
1257 3168 1322 3222 de
1343 3168 1599 3238 religione
1623 3176 1800 3221 nostra
1834 3209 1850 3234 ,
1892 3168 1958 3222 de
1979 3183 2070 3237 ge-

485 3261 681 3324 henna,
710 3259 776 3314 de
807 3275 971 3329 regno
997 3259 1272 3325 caelorum,
1303 3274 1410 3312 non
1436 3270 1613 3313 autem
1644 3259 1710 3312 de
1756 3257 1914 3313 rebus
1953 3259 2067 3312 ina-

486 3356 640 3409 nibus
669 3362 759 3406 aut
782 3351 1205 3423 supervacaneis,
1225 3353 1375 3421 cujus
1388 3352 1597 3422 generis
1619 3351 1732 3406 lucc
1757 3361 1912 3406 sunt:
1941 3352 2069 3420 Quis

487 3449 849 3516 magistratum
881 3446 1034 3500 iniit?
1071 3447 1199 3514 Quis
1228 3448 1590 3516 magistratum
1621 3446 1832 3500 amisit?
1860 3446 1973 3514 Qua
2000 3445 2069 3501 de

485 3555 643 3592 causa
666 3539 748 3593 hic
772 3538 1050 3592 mulctatus
1079 3538 1205 3591 est?
1234 3537 1383 3591 Unde
1411 3537 1496 3590 ille
1523 3537 1756 3590 lucratus
1784 3547 1885 3600 cst,
1913 3546 1966 3591 et
1992 3537 2071 3590 lo-

485 3630 879 3699 cupletissimus
901 3631 1100 3684 evasit?
1130 3630 1266 3698 Quid
1297 3631 1384 3684 ille
1412 3630 1532 3683 huic
1558 3630 1772 3699 reliquit
1801 3630 2070 3684 moriens?

495 3723 773 3789 Quomodo
800 3723 886 3777 ille
913 3723 978 3776 ab
1001 3722 1295 3777 hereditate
1322 3721 1508 3784 abfuit,
1541 3737 1660 3776 cum
1685 3723 1734 3776 in
1764 3722 1948 3792 primis
1978 3723 2070 3776 be-

485 3815 702 3870 redibus
722 3830 780 3870 se
805 3815 870 3868 ad
895 3815 1228 3870 scribendum
1249 3815 1548 3883 putaverit?
1572 3814 1648 3868 Ac
1674 3815 1840 3868 multa
1860 3814 1961 3867 alia
1989 3814 2072 3868 his

487 3908 696 3962 similia.
731 3907 806 3962 De
834 3906 916 3960 bis
937 3907 1096 3961 rebus
1121 3917 1294 3960 autem
1330 3921 1501 3976 neque
1527 3921 1625 3961 nos
1650 3905 2069 3972 confabulemur,

489 4018 661 4073 neque
686 4002 818 4056 alios
843 3999 1166 4055 confabulari
1194 4000 1592 4070 permittamus;
1642 4000 1733 4054 sed
1760 3997 2069 4053 considere-

489 4111 609 4150 mus
639 4094 814 4163 potius
845 4094 1035 4163 quibus
1062 4093 1216 4147 dictis
1261 4101 1350 4145 aut
1397 4091 1550 4146 factis
1581 4092 1690 4145 Deo
1721 4091 2068 4160 placebimus.

489 4187 696 4241 Rursus
726 4188 925 4254 poteris
956 4194 1170 4253 propter
1199 4183 1364 4237 Deum
1389 4183 1567 4248 silere,
1597 4183 1900 4251 exagitatus
1920 4224 1932 4243 ,
1958 4182 2070 4234 vio-

491 4280 650 4343 latus,
680 4277 877 4331 inﬁnita
911 4277 1044 4329 mala
1076 4291 1279 4344 passus.
1311 4275 1352 4328 si
1383 4274 1520 4329 feras
1544 4288 1824 4344 generose,
1845 4282 1897 4326 et
1927 4273 2070 4326 nulla

490 4368 772 4422 maledicta
804 4366 1000 4421 referas
1025 4367 1096 4420 illi
1125 4367 1210 4436 qui
1243 4366 1358 4420 haec
1384 4365 1700 4436 designavit.
1747 4364 1860 4419 Non
1890 4373 2067 4418 autem

488 4461 707 4516 laudare
731 4461 898 4514 solum
923 4470 973 4512 et
999 4461 1293 4526 vituperare
1316 4500 1331 4521 ,
1382 4473 1480 4512 nec
1508 4457 1650 4511 domi
1700 4472 1916 4511 manere
1943 4498 1958 4523 ,
1985 4465 2075 4510 aut

491 4552 635 4607 foras
667 4553 762 4617 ire,
794 4567 896 4604 non
918 4551 1077 4620 loqui,
1101 4559 1190 4603 aut
1211 4550 1388 4613 silere,
1409 4548 1499 4602 sed
1518 4550 1676 4603 etiam
1695 4547 1843 4609 ﬂere,
1870 4548 2070 4612 dolere,

496 4653 550 4697 et
575 4643 740 4696 laetari
786 4657 994 4710 quoque
1033 4640 1096 4693 ad
1134 4641 1354 4708 gloriam
1388 4640 1481 4694 Dei
1510 4639 1652 4693 licet.
1683 4639 1904 4706 Quando
1930 4639 2073 4693 enim

496 4735 582 4788 vel
610 4735 823 4787 fratrem
847 4733 1043 4786 videris
1073 4742 1400 4802 peccantem,
1432 4733 1514 4786 vel
1543 4734 1770 4802 teipsum
1802 4733 1856 4786 in
1887 4748 2075 4802 pecca-

497 4838 608 4881 tum
636 4825 846 4895 aliquod
874 4824 1169 4894 delapsum.
1203 4824 1397 4879 deinde
1420 4824 1735 4893 ingemiscas
1760 4865 1775 4888 ,
1809 4839 1873 4879 ac
1896 4825 2074 4879 animo

496 4917 898 4983 mmreas,haud
924 4916 1279 4986 ptBnilendatn
1301 4903 1525 4968 salutem
1542 4929 1605 4968 ex
1628 4913 1728 4969 hoc
1747 4915 2071 4971 lucrifecisti:

496 5009 944 5080 quemadmodum
965 5008 1158 5062 Paulus
1186 5008 1260 5059 ait
1285 5023 1297 5060 :
1348 5006 1446 5071 Qui
1496 5007 1768 5060 secundum
1786 5006 1954 5061 Deum
1979 5008 2075 5062 do-

497 5104 575 5155 lor
597 5093 688 5165 esi,
711 5102 923 5155 salutem
943 5099 1082 5151 ltaud
1103 5097 1443 5168 pamitendam
1471 5097 1617 5168 efﬁcit
1639 5097 1716 5167 (2.
1741 5097 1858 5152 Cor.
1881 5099 1934 5152 7.
1959 5099 2072 5171 10).

495 5195 550 5250 Si
579 5195 854 5249 florentem
884 5194 1106 5247 alterum
1125 5191 1304 5246 videas
1323 5232 1338 5256 ,
1367 5191 1533 5245 nolito
1561 5189 1631 5243 illi
1660 5191 1915 5245 continuo
1939 5192 2076 5246 iuvi-

501 5288 647 5352 dere,
683 5286 774 5340 sed
810 5287 954 5351 Deo,
980 5285 1069 5355 qui
1119 5294 1224 5337 tam
1276 5283 1590 5353 praeclarum
1640 5281 1818 5337 ell‘ecit
1859 5282 2074 5336 fratrem

502 5392 650 5434 tuum
676 5420 690 5444 ,
721 5379 1023 5449 perindc'ae
1047 5379 1113 5432 de
1141 5376 1368 5446 pr0priis
1407 5375 1561 5430 bonis
1589 5374 1783 5445 gratias
1809 5374 1947 5444 agito
1979 5414 1994 5440 ,
2024 5384 2078 5429 et

502 5473 660 5541 hujus
684 5472 880 5525 laztitia:
909 5484 1256 5541 permagnum
1288 5467 1453 5522 habes
1477 5467 1729 5521 fructum.

575 5565 630 5620 5.
668 5563 964 5618 Invidorum
987 5561 1283 5616 miserabilis
1303 5559 1542 5614 conditio.
1560 5588 1632 5599 —
1661 5557 1797 5626 Quid
1823 5557 1964 5613 enim
1993 5559 2078 5613 in-

505 5658 641 5713 vidis
682 5655 983 5710 hominibus
1007 5662 1089 5708 est
1117 5651 1490 5720 miserabilius,
1533 5648 1724 5721 quibus
1762 5665 1882 5705 cum
1925 5649 2082 5706 liceat

507 5749 740 5819 gaudere
771 5788 788 5814 ,
831 5755 886 5801 et
913 5746 1140 5799 fructum
1166 5744 1363 5799 lmtitiae
1381 5757 1490 5798 suae
1512 5756 1704 5811 capere
1727 5783 1742 5809 ,
1772 5741 1872 5812 ipsi
1902 5751 2078 5796 tamen

510 5845 710 5898 malunt
742 5848 959 5910 propter
987 5837 1187 5890 alienas
1213 5835 1487 5891 felicitates
1514 5833 1732 5902 dolere;
1755 5846 1807 5892 et
1837 5853 1956 5893 cum
1977 5837 2076 5892 do-

1165 398 1222 453 S.
1261 396 1537 452 JOANNIS
1572 395 2044 453 CHRYSOSTOMI
2084 393 2397 450 ARCHIEP.
2438 395 2966 453 CONSTANTINOP.
3665 410 3761 462 9(εο

2174 511 2288 565 lore
2330 511 2443 579 ipso
2469 527 2678 581 pcenam
2720 529 2747 566 a
2780 514 2888 568 Deo
2920 557 2935 580 ,
2964 525 3017 570 et
3067 518 3379 587 supplicium
3430 521 3762 578 intolerabile

2167 603 2765 658 arcessere?Ca.-terum
2810 606 2936 674 quid
2986 605 3170 663 laudes
3211 620 3265 663 et
3307 612 3759 681 vituperatiOnes,

2168 693 2381 748 dolores
2404 706 2458 748 et
2483 695 2691 749 ltetitias
2711 711 3072 752 connnemoro
3092 717 3106 764 ;
3128 701 3210 756 ubi
3235 703 3392 755 etiam
3419 718 3450 756 a
3475 704 3765 761 levissimis

2168 786 2331 840 rebus
2348 797 2400 841 et
2425 788 2696 843 vilissimis
2723 792 2982 845 maximas
3001 793 3256 847 utilitates
3289 796 3655 865 percipiemus
3680 841 3697 863 ,
3725 801 3763 852 si

2170 889 2386 949 pr0pter
2428 880 2593 934 Deum
2641 881 2811 950 ipsum
2841 899 2932 937 eas
2963 883 3261 954 faciamus?
3307 888 3445 955 Quid
3493 891 3644 943 enim
3691 903 3765 945 est

2170 979 2389 1023 tonsura
2441 971 2666 1024 crinium
2717 973 2916 1027 vilius?
2986 974 3096 1029 lloc
3146 984 3318 1031 tamen
3369 980 3496 1033 licet
3553 992 3768 1049 propter

2170 1059 2336 1113 Deum
2365 1060 2560 1116 facere.
2591 1063 2815 1129 Quando
2835 1065 2976 1119 enim
3004 1081 3208 1121 comam
3233 1085 3336 1122 non
3355 1075 3765 1139 composueris,

2169 1167 2342 1220 neque
2365 1155 2566 1207 vultum
2592 1163 2736 1208 tuum
2760 1158 3036 1211 ornaveris
3062 1200 3075 1223 ,
3103 1173 3273 1228 neque
3304 1168 3354 1214 te
3379 1161 3448 1214 ad
3482 1162 3762 1216 illecebras

2170 1259 2233 1298 ac
2258 1246 2516 1300 lenocinia
2549 1262 2755 1314 eorum,
2779 1251 2870 1318 qui
2901 1259 2951 1304 te
2974 1253 3277 1317 lntuentur,
3308 1257 3642 1324 compseris,
3678 1258 3761 1310 sed

2172 1333 2370 1389 inculte
2395 1377 2410 1404 ,
2452 1346 2507 1400 et
2529 1347 2783 1407 quantum
2814 1355 2939 1394 usus
2965 1341 3065 1396 fert
3093 1383 3108 1406 ,
3162 1344 3385 1411 leipsum
3415 1349 3758 1415 apparaveris

2175 1441 2399 1496 tantmn,
2435 1442 2652 1502 propter
2671 1433 2838 1487 Deum
2866 1434 3036 1488 fecisti
3059 1478 3074 1498 ,
3101 1445 3155 1490 et
3181 1437 3294 1506 ejus
3320 1438 3634 1492 mercedem
3685 1456 3761 1492 re—

2171 1525 2412 1593 portabis
2436 1568 2451 1590 ,
2495 1535 2605 1578 tum
2647 1527 2770 1596 quia
2817 1528 3162 1596 cupiditatem
3191 1532 3493 1598 repressisti
3523 1533 3719 1585 malam
3742 1575 3758 1598 ,

2173 1624 2280 1667 tum
2312 1616 2432 1684 quia
2465 1617 2806 1672 ambitionem
2827 1618 3183 1688 importunam
3208 1624 3515 1676 coercuisti.
3549 1622 3608 1678 Si
3623 1625 3758 1677 enim

2171 1705 2261 1774 qui
2297 1707 2545 1775 poculum
2577 1707 2763 1777 frigide
2791 1709 2962 1763 solum
2991 1710 3083 1764 dat
3111 1721 3328 1780 propter
3373 1712 3548 1771 Deum
3570 1757 3585 1777 .
3622 1719 3764 1786 regni

2171 1796 2422 1849 czelorum
2462 1795 2810 1852 hereditatem
2841 1799 3232 1872 adibit(Matth.
3256 1802 3342 1858 10.
3369 1801 3503 1873 4‘2):
3536 1805 3633 1875 qui
3654 1820 3763 1859 om-

2173 1888 2258 1942 nia
2285 1888 2467 1943 fecerit
2493 1898 2710 1959 propter
2738 1891 2925 1952 Deum.
2953 1893 3232 1948 considera
3261 1905 3516 1964 quantam
3553 1898 3767 1952 habebit

2172 1981 2682 2050 compensationem.
2711 1983 2849 2051 Quin
2881 1994 2934 2039 et
2961 1994 3178 2056 propter
3208 1987 3373 2041 Deum
3404 1988 3690 2051 incedere,
3720 2003 3767 2042 et

2172 2083 2390 2142 propter
2412 2074 2576 2127 Deum
2610 2074 2805 2131 intueri
2833 2092 3135 2146 possmnus.
3164 2079 3231 2132 At
3255 2081 3531 2149 quomodo
3577 2081 3765 2136 intueri

2172 2176 2226 2221 ct
2247 2166 2494 2221 incedere
2521 2176 2739 2238 propter
2764 2168 2932 2224 Deum
2971 2170 3138 2225 licet?
3180 2171 3403 2236 Quando
3430 2188 3541 2224 non
3571 2172 3638 2224 ad
3674 2175 3765 2224 im-

2174 2259 2488 2327 probitatem
2515 2261 2716 2315 curris:
2746 2261 2968 2329 Quando
2990 2278 3092 2316 non
3120 2262 3171 2316 in
3199 2263 3427 2316 alienam
3469 2263 3765 2329 pulchritu-

2172 2351 2347 2404 dinem
2375 2352 2534 2406 nimis
2556 2353 2811 2422 inquiris:
2839 2353 3051 2422 quando
3081 2353 3360 2408 mulierem
3387 2367 3764 2408 occurrentem

2172 2440 2376 2506 videns,
2401 2441 2638 2496 refrenas
2658 2443 2860 2508 oculos,
2879 2452 2933 2497 et
2955 2444 3146 2497 timore
3168 2443 3260 2497 Dei
3277 2444 3453 2497 munis
3468 2455 3763 2513 aspectum,

2175 2530 2273 2583 hoc
2296 2542 2510 2600 propter
2541 2532 2707 2586 Deum
2741 2532 2906 2586 facis:
2944 2531 3154 2602 quando
3195 2548 3298 2586 non
3332 2534 3590 2607 pretiosis
3618 2535 3764 2589 vesti-

2173 2620 2272 2674 bus
2299 2629 2353 2675 et
2375 2621 2634 2685 delicatis,
2665 2622 2758 2676 sed
2784 2623 2847 2677 iis
2876 2638 2992 2693 qua:
3019 2633 3195 2692 tegere
3240 2640 3336 2678 nos
3363 2627 3496 2678 satis
3523 2638 3762 2695 possunt,

2173 2713 2460 2767 induimur.
2475 2713 2645 2768 Sedet
2663 2713 2730 2767 ad
2753 2715 2886 2768 imos
2911 2714 3291 2784 usquecalceos
3310 2714 3606 2788 demittere
3629 2703 3762 2771 hunc

2175 2820 2378 2860 morem
2419 2804 2561 2858 licet.
2613 2805 2859 2874 Eousque
2889 2807 3028 2860 enim
3061 2805 3299 2861 mollitiei
3329 2806 3600 2877 luxusque
3628 2808 3761 2862 dela~

2175 2894 2251 2964 psi
2270 2903 2394 2949 sunt
2411 2895 2581 2960 multi,
2599 2905 2655 2950 ut
2678 2906 2731 2951 et
2750 2896 2956 2951 calceos
2974 2907 3252 2963 exornent,
3269 2905 3322 2952 et
3339 2897 3485 2950 omni
3499 2915 3570 2951 ex
3596 2909 3758 2968 parte,

2174 3001 2324 3056 aeque
2348 3003 2409 3040 ac
2429 2985 2618 3041 faciem
2649 3003 2798 3042 suam
2819 2988 2907 3041 alii
2928 2998 3268 3056 componant,
3298 2989 3507 3042 variare
3527 2990 3758 3054 soleant,

2173 3076 2312 3145 quod
2339 3077 2529 3130 animae
2559 3077 2776 3146 impura:
2805 3092 2867 3132 ac
2893 3076 3191 3147 depravata:
3211 3078 3418 3148 signum
3440 3087 3542 3132 est.
3567 3078 3760 3146 Quam-

2173 3184 2330 3238 quam
2367 3170 2507 3222 enim
2529 3170 2870 3238 perexiguum
2896 3169 2997 3225 hoc
3018 3186 3136 3225 esse
3153 3170 3413 3237 videatur,
3437 3182 3619 3226 tamen
3650 3183 3759 3227 tum

2175 3261 2228 3314 in
2256 3261 2384 3314 viris
2417 3303 2430 3325 ,
2457 3271 2565 3314 tum
2595 3262 2646 3315 in
2677 3261 2887 3316 feminis
2913 3277 3157 3331 magnmn
3185 3262 3404 3331 perdita:
3435 3264 3636 3316 mentis
3674 3280 3758 3317 ar-

2174 3360 2478 3421 gumentum
2506 3362 2606 3407 est.
2666 3351 2870 3407 Licebit
2897 3367 3024 3422 ergo
3066 3362 3120 3407 et
3165 3352 3356 3407 calceis
3383 3353 3512 3422 ipsis
3541 3365 3763 3423 propter

2176 3446 2342 3498 Deum
2369 3445 2439 3497 uti
2470 3487 2485 3510 ,
2537 3460 2657 3498 cum
2698 3446 2913 3498 omnino
2941 3459 3090 3498 usum
3127 3445 3413 3514 quaarimus
3444 3486 3460 3508 ,
3514 3456 3572 3499 et
3622 3445 3763 3500 hunc

2175 3535 2492 3590 utcndorum
2522 3537 2818 3590 calceorum
2849 3536 3062 3589 modum
3113 3536 3473 3591 habuerimus.
3503 3536 3758 3609 Ingressu

2175 3628 2388 3683 enimet
2416 3629 2609 3681 amictu
2637 3643 2731 3681 nos
2749 3628 2911 3681 Deum
2939 3627 3102 3697 gloria
3129 3627 3339 3682 aﬂicere
3362 3643 3536 3698 posse,
3556 3645 3760 3699 cogno-

2175 3734 2265 3774 sce
2289 3735 2353 3773 ex
2385 3736 2470 3782 eo,
2499 3719 2638 3788 quod
2670 3720 2880 3787 sapiens
2909 3719 3120 3789 quidam
3158 3720 3286 3774 olim
3312 3721 3446 3774 dixit
3475 3763 3490 3776 .
3529 3721 3757 3776 Vestitu:

2177 3793 2269 3862 uiri
2293 3850 2308 3875 ,
2349 3819 2394 3862 et
2422 3809 2552 3861 risus
2582 3809 2824 3873 dentium,
2851 3819 2895 3861 et
2925 3809 3146 3862 incessus
3185 3808 3370 3876 pedum
3404 3810 3638 3862 indicant
3666 3811 3757 3863 Iw-

2178 3900 2554 3972 minem(Eccli.
2589 3901 2674 3955 19.
2703 3899 2816 3972 9.7).
2845 3900 3066 3967 Quando
3094 3902 3234 3955 enim
3275 3901 3499 3958 honeste
3527 3903 3708 3956 vestiti
3739 3944 3755 3966 ,

2175 3994 2448 4063 gravitatis
2477 3992 2640 4063 pleni,
2687 4001 2740 4046 et
2781 3993 2999 4046 multam
3025 3993 3077 4046 in
3104 3993 3245 4047 omni
3277 4009 3336 4047 re
3363 3993 3599 4064 gerenda
3641 4009 3756 4047 mo-

2176 4085 2399 4139 destiam
2429 4084 2742 4138 adhibentes
2780 4083 3054 4152 prodimus
3087 4101 3100 4136 :
3133 4083 3223 4154 qui
3251 4083 3477 4138 infidelis
3497 4126 3511 4146 ,
3536 4085 3635 4154 qui
3664 4085 3749 4138 in-

2179 4187 2510 4245 temperans,
2554 4176 2644 4246 qui
2671 4175 3005 4229 turbulentus
3047 4182 3130 4229 est
3173 4176 3293 4240 vir,
3341 4175 3385 4228 is
3430 4190 3753 4244 quamquam

2179 4267 2605 4322 inconsideratus
2631 4266 2789 4320 fuerit
2816 4308 2832 4331 ,
2863 4275 3038 4320 tamen
3071 4265 3242 4333 primo
3289 4280 3496 4335 quoque
3525 4281 3753 4322 occursu

2179 4359 2230 4413 iu
2256 4360 2482 4428 aliquem
2505 4358 2619 4426 ejus
2644 4357 2852 4427 generis
2877 4356 3145 4410 hominem
3177 4355 3404 4420 intuens,
3431 4361 3575 4409 omni
3611 4357 3755 4419 illum

2179 4450 2528 4504 admiratione
2565 4458 2932 4518 prosequetur.
2965 4446 3019 4502 Si
3041 4462 3258 4501 uxorem
3277 4447 3606 4508 duxerimus,
3638 4462 3757 4516 pro-

2179 4552 2296 4611 pter
2316 4541 2478 4596 Dcum
2496 4539 2598 4593 hoc
2619 4539 2892 4605 faciamus,
2912 4554 3015 4592 non
3035 4547 3090 4592 ut
3112 4537 3383 4592 facultates
3408 4539 3642 4606 majores
3667 4554 3757 4590 ac-

2179 4632 2470 4700 quiramus,
2503 4629 2599 4684 sed
2622 4636 2678 4684 ut
2696 4629 2886 4683 animae
2911 4627 3238 4682 nobilitatem
3267 4629 3624 4698 inquiramus;
3656 4644 3755 4683 non

2179 4724 2518 4794 pecuniarum
2547 4721 2942 4788 abundantiam,
2973 4736 3076 4775 non
3105 4720 3360 4790 majorum
3391 4720 3756 4789 splendorem,

2180 4815 2274 4870 sed
2300 4830 2506 4880 morum
2525 4815 2772 4868 virtutem
2798 4827 3178 4883 persequamur
3195 4821 3249 4867 et
3269 4812 3605 4877 modestiam,
3637 4817 3754 4866 vim:

2181 4910 2400 4972 sociam,
2432 4923 2535 4960 non
2575 4907 2953 4962 lenociniorum
2994 4907 3241 4960 comitem
3262 4907 3549 4976 capiamus.
3579 4907 3757 4961 Caete-

2180 5019 2298 5058 rum
2319 5001 2442 5071 quid
2469 5015 2601 5068 opus
2629 5010 2711 5054 est
2736 5003 2911 5054 omnia
2938 4998 3397 5054 commemorare?
3434 4999 3582 5052 Licet
3604 4999 3754 5053 vobis

2181 5112 2244 5152 ex
2277 5096 2339 5149 iis
2365 5109 2479 5162 qum
2509 5093 2648 5147 dicta
2670 5101 2813 5157 sunt,
2844 5073 3045 5160 singula
3073 5106 3188 5159 qua:
3211 5090 3340 5144 fiunt
3365 5097 3455 5143 aut
3479 5100 3755 5160 geruntur,

2181 5201 2513 5258 percurrere,
2545 5194 2599 5239 et
2619 5185 2793 5238 omnia
2825 5193 3042 5252 propter
3086 5182 3250 5237 Deum
3280 5183 3472 5236 facere.
3527 5181 3596 5234 Et
3626 5183 3757 5236 sicut

2181 5290 2505 5336 mercatores
2518 5278 2820 5348 navigantes
2844 5277 3032 5340 maria,
3061 5285 3114 5330 et
3136 5275 3202 5330 ad
3229 5276 3463 5330 civitates
3487 5277 3754 5345 appellen-

2184 5382 2284 5439 tes,
2309 5389 2411 5427 non
2439 5375 2585 5442 prius
2611 5373 2805 5426 abeunt
2823 5385 2852 5424 a
2875 5378 3052 5440 portu,
3083 5377 3137 5423 et
3165 5369 3217 5422 in
3240 5368 3409 5421 forum
3438 5369 3752 5434 ascendunt,

2183 5481 2342 5536 quam
2371 5465 2664 5533 intelligant
2692 5463 2901 5533 aliquod
2933 5463 3139 5517 lucrum
3188 5461 3363 5516 inesse
3392 5461 3442 5515 in
3471 5463 3748 5515 mercimo

2186 5559 2322 5613 niis:
2352 5559 2430 5612 sic
2451 5573 2548 5612 nec
2573 5565 2628 5610 tu
2653 5555 2939 5626 quidquam
2967 5555 3150 5621 facias,
3177 5569 3276 5610 nec
3304 5554 3450 5609 dicas
3477 5595 3493 5619 ,
3544 5555 3648 5609 nisi
3676 5557 3745 5608 ln-

2184 5667 2333 5708 crum
2360 5651 2570 5720 aliquod
2597 5649 2788 5704 habeat
2831 5649 3124 5705 secundum
3151 5649 3342 5704 Deum.
3381 5647 3460 5704 Ne
3486 5648 3636 5703 dicas
3660 5665 3754 5702 au-

2184 5752 2290 5797 tem
2333 5742 2597 5797 neminem
2641 5754 2798 5809 posse
2843 5739 3020 5794 omnia
3066 5748 3284 5809 propter
3328 5738 3496 5795 Deum
3546 5741 3751 5794 facere:

2187 5834 2395 5905 quando
2437 5833 2577 5888 enim
2604 5832 2980 5899 calceameuta,
3009 5830 3275 5899 caesaries,
3307 5831 3548 5901 vestitus,
3574 5830 3751 5887 inces-
