3790 6248
39 289 165 344 939

38 410 104 462 οι
124 447 143 474 ,
190 407 289 461 καὶ
321 413 591 477 συνέγνως
619 407 706 461 διὰ
731 407 821 460 τὸν
849 403 1002 462 Θεόν.
1040 407 1175 461 Νυνὶ
1205 407 1261 459 δὲ
1292 407 1476 460 πολλοὶ
1513 411 1636 462 τοὺ-

39 492 276 544 ναντίον
324 492 556 556 ποιοῦσι,
605 493 698 545 καί⁸
746 492 840 544 ἐπὶ
878 491 986 544 τῶν
1028 492 1196 560 φίλων
1217 532 1233 555 ,
1268 492 1364 544 καὶ
1408 493 1500 544 ἐπὶ
1534 493 1642 547 τῶν

34 575 483 629 οἰκετιῖ›ν.”οταν
509 576 610 645 μὲν
632 575 740 648 γὰρ
766 577 848 638 είς
870 575 1066 638 αὐτοὺς
1087 576 1425 646 ἁμάρτωσιν,
1455 577 1642 648 πικροὶ

37 661 149 712 καὶ
177 657 558 728 ἀσύγγνωστοι
589 661 832 729 γίνονται
859 658 1139 713 δικασταίο
1170 659 1296 712 ὅταν
1336 659 1394 712 δὲ
1437 661 1517 722 είς
1551 660 1642 713 τὸν

34 744 192 797 Θεὸν
247 743 587 814 ἐνυϐρίζωσι,
620 746 715 797 καὶ
761 743 862 807 τὰς
908 743 1118 796 ἐαυτῶν
1156 743 1398 796 ἀπόλωσι
1443 743 1638 815 ψυχὰς,

32 828 251 881 οὐδένα
278 828 555 880 ποιοῦνται
583 827 760 895 λόγον.
798 827 987 890 Πάλιν,
1027 827 1214 896 φίλους
1248 827 1470 896 ποιῆσαι
1499 829 1638 899 χρή;

35 912 154 964 Διά
192 912 290 965 τὸν
323 911 453 964 Θεὸν
477 911 720 981 ποίησον.
741 911 998 982 Ἐχθροὺς
1019 911 1241 981 ποιῆσαι
1265 913 1402 982 χρή;
1429 912 1528 964 Διά
1550 913 1642 966 τὸν

29 995 189 1047 Θεὸν
222 995 465 1065 ποίησον.
499 995 607 1047 Ka‘:
643 994 759 1058 πῶς
793 995 907 1047 ἐστι
949 994 1134 1063 φίλους
1172 994 1396 1064 ποιῆσαι
1428 994 1517 1048 διὰ
1549 996 1640 1050 τὸν

29 1079 188 1130 Θεὸν
235 1079 329 1132 καὶ⁸
369 1077 626 1148 ἐχθρούς;
655 1079 752 1130 Ἂν
781 1078 855 1149 μὴ
887 1077 987 1140 τὰς
1015 1077 1199 1147 φιλίας
1234 1078 1448 1142 ἐκείνας
1481 1079 1640 1148 ἐφελ-

32 1160 308 1232 κώμεθα,
339 1161 458 1214 ὅθεν
484 1161 600 1214 ἐστὶ
627 1164 883 1234 χρήματα
917 1163 1118 1228 λαϐεῖν,
1152 1162 1276 1216 ὅθεν
1312 1165 1640 1232 κοινωνῆσαι

28 1247 360 1317 τραπέζης,
389 1245 511 1299 ὅθεν
548 1248 882 1317 προστασίας
913 1246 1260 1318 ἀνθρωπίνης
1291 1251 1494 1318 τυχεῖν,
1525 1247 1638 1301 ἀλλ’

28 1331 303 1394 ἐκείνους
330 1331 649 1402 θηρεύωμεν
675 1334 770 1386 καὶ
799 1330 1042 1402 ποιῶμεν
1079 1330 1286 1401 φίλους,
1314 1333 1441 1394 τοὺς
1482 1331 1641 1385 δυνα-

32 1415 261 1482 μένους
291 1414 449 1486 ήμῶν
485 1412 573 1469 ἀεὶ
599 1415 857 1487 ρυθμίσαι
889 1414 987 1487 τὴν
1015 1415 1211 1488 ψυχὴν,
1239 1417 1639 1488 συμϐουλεῦσαι

27 1501 113 1552 τὰ
143 1500 356 1561 δέοντα,
394 1500 796 1570 ἁμαρτάνουσιν
821 1501 1161 1572 ἐπιτιμῆσαι,
1189 1501 1640 1571 πλημμελοῦντας

29 1584 300 1652 ἐλέγξαι,
333 1584 853 1655 ὑποσκελιζομένους
884 1580 1210 1656 ἀνορθώσαι,
1237 1587 1331 1640 καὶ
1360 1585 1636 1656 συμϐουλῇ

26 1670 148 1720 καὶ
186 1670 374 1739 εὐχαῖς
403 1667 730 1738 βοηθοῦντας
755 1672 1128 1740 προσαγαγεῖν
1172 1669 1250 1740 τῷ
1287 1669 1424 1740 Θεῷ.
1471 1671 1637 1724 Πάλιν

25 1753 287 1822 ἐχθροὺς
318 1752 491 1817 ἔξεστι
537 1753 760 1824 ποιῆσαι
785 1753 873 1806 διὰ
915 1754 1008 1807 τὸν
1039 1754 1191 1808 Θεόν.
1211 1755 1335 1807 Ἐὰν
1373 1757 1486 1826 ἴδῃς
1516 1756 1636 1809 τινὰ

25 1838 375 1896 ἀκόλαστον,
427 1836 621 1907 μιαρὸν
646 1877 660 1896 ,
710 1836 974 1907 πονηρίας
1027 1838 1304 1906 γέμοντα,
1351 1838 1636 1908 δογμάτων

21 1921 386 1992 ἀκαθάρτων
444 1921 909 1991 πεπληρωμένον,
960 1921 1384 1986 ὑποσκελίζοντά
1441 1940 1500 1975 σε
1543 1923 1637 1976 καὶ

24 2005 519 2076 παραϐλάπτοντά
551 2022 632 2070 σε,
671 2004 937 2074 ἀπόστηθι
962 2006 1054 2058 καὶ
1078 2007 1446 2077 ἀποπήδησον,
1465 2007 1636 2061 καθά-

24 2107 160 2161 περ
206 2091 300 2143 καὶ
325 2091 352 2142 6
376 2089 608 2158 Χριστὸς
641 2089 924 2142 ἐκέλευσεν
954 2091 1122 2142 εἰπών
1143 2108 1156 2120 °
1196 2090 1338 2144 Ἐὰν
1356 2093 1389 2144 ὁ
1423 2091 1638 2159 65:00.1-

14 2175 162 2244 μός
195 2189 315 2228 σου
344 2177 375 2227 ὀ
397 2173 593 2238 δεξιὸς
615 2173 984 2242 σκανδαλίζῃ
1015 2192 1107 2236 σε,
1125 2175 1299 2239 ἐξελε
1326 2177 1514 2229 αὐτόν
1537 2177 1632 2230 καὶ

15 2256 210 2321 βάλε
256 2258 372 2311 ἀπὸ
405 2256 543 2321 σοῦ,
571 2255 808 2309 κελεύων
835 2258 965 2320 τοὺς
994 2258 1180 2327 φίλους
1211 2258 1472 2322 ἐκείνους,
1507 2259 1633 2322 τοὺς

20 2345 96 2392 ἐν
130 2341 433 2412 ὀφθαλμῶν
465 2341 618 2405 τάξει
647 2341 926 2405 ποθεινοὺς
953 2342 1134 2406 ὄντας,
1171 2344 1266 2395 καὶ
1307 2342 1632 2411 ἀναγκαίους

22 2429 96 2478 ἐν
160 2430 280 2490 τοῖς
327 2427 601 2496 βιωτικοῖς
649 2427 990 2498 πράγμασιν,
1023 2427 1376 2490 ἀποκόπτειν,
1417 2427 1510 2481 καὶ
1541 2430 1633 2481 ἐκ·

19 2511 340 2577 ϐάλλεινη,
371 2511 437 2566 ἂν
466 2511 933 2583 παραϐλάπτωσιν
966 2513 1046 2575 εἰς
1071 2511 1169 2583 τὴν
1202 2513 1300 2582 τῆς
1331 2512 1509 2582 ψυχῆς
1536 2531 1634 2567 σω-

19 2611 105 2662 τη
115 2595 251 2664 ρίαν
284 2595 559 2666 ὴμάς.“Αν
593 2594 863 2663 συλλόγων
894 2598 1176 2666 κοινωνῇς,
1203 2597 1297 2648 καὶ
1324 2595 1480 2664 λόγον
1507 2598 1634 2650 ἀπο-

17 2682 236 2752 τείνῃς
273 2680 504 2750 μακρὸν,
548 2679 636 2733 διὰ
663 2679 754 2732 τὸν
783 2678 913 2731 Θεὸν
943 2681 1037 2733 καὶ
1063 2679 1222 2732 τοῦτο
1249 2681 1495 2751 ποίησον,
1530 2680 1632 2734 κᾶν

21 2766 235 2833 σιγᾷς,
269 2763 354 2816 διὰ
380 2763 472 2814 τὸν
500 2762 630 2816 Θεὸν
659 2762 902 2833 σίγησον.
947 2762 1058 2815 Καὶ
1084 2762 1200 2825 πῶς
1229 2762 1345 2815 ἐστι
1377 2762 1632 2832 συλλόγου

19 2849 328 2900 κοινωνεῖν
351 2847 441 2900 διὰ
470 2848 559 2900 τὸν
597 2846 760 2911 Θεόν;
793 2849 890 2899 Ἂν
924 2845 1336 2917 συγκαθήμενός
1363 2865 1496 2909 τισι,
1524 2865 1630 2918 μη-

13 2932 131 2984 δὲν
181 2933 316 3001 περὶ
366 2929 631 3000 βιωτικῶν
678 2930 900 3001 διαλέγῃ
953 2931 1316 3001 πραγμάτων,
1358 2930 1492 3002 μηδέ
1523 2931 1631 2984 τῶν

15 3013 236 3066 ἁπλῶν
277 3013 370 3066 καὶ
415 3013 536 3083 εἰκῆ
585 3013 679 3066 καὶ⁵
714 3012 866 3066 οὐδὲν
892 3015 1023 3083 ἡμῖν
1054 3013 1459 3084 προσηκόντων,
1495 3013 1632 3067 ἀλλὰ

17 3097 176 3168 περὶ
225 3096 542 3164 φιλοσοφίας
573 3097 674 3166 τῆς
705 3097 1003 3167 ἡμετέρας,
1047 3096 1176 3166 περὶ
1215 3097 1460 3167 γεέννης,
1503 3095 1633 3167 περὶ

16 3181 330 3252 βασιλείας
353 3180 617 3253 οὐρανῶν,
650 3180 788 3233 ἀλλά
817 3180 890 3251 μὴ
915 3179 986 3233 τά
1009 3181 1238 3251 περιττὰ
1257 3181 1351 3234 καὶ
1375 3182 1629 3250 ἀνόνητα,

10 3265 183 3319 οἷον·
217 3266 300 3328 τίς
337 3265 512 3335 ἀρχῆς
539 3263 708 3336 ἐπέϐη
730 3281 744 3330 ;
769 3265 852 3329 τίς
876 3265 1152 3337 παρελύθη
1179 3266 1279 3336 τῆς
1315 3268 1522 3339 ἀρχῆς;
1549 3268 1632 3320 τί-

14 3369 126 3415 νος
159 3348 260 3404 οὖν
284 3349 468 3403 ἕνεκεν
495 3350 524 3402 6
546 3349 692 3402 δεῖνα
716 3348 1014 3418 ἐζημίωται
1035 3365 1048 3413 ;
1066 3349 1228 3403 πόθεν
1251 3353 1280 3404 6
1307 3351 1453 3404 δεῖνα
1474 3352 1633 3423 ἐκέρ-

8 3437 167 3488 δανε
240 3434 335 3487 καὶ
398 3431 551 3504 [704]
608 3431 983 3504 εὐπορώτερος
1043 3433 1266 3500 γέγονε;
1313 3435 1366 3486 τί
1413 3435 1628 3489 κατέλι-

12 3537 138 3574 πεν
176 3521 205 3572 6
238 3517 385 3570 δεῖνα
434 3517 512 3586 τῷ
558 3517 690 3570 δεῖνι
722 3517 1018 3580 τελευτῶν;
1053 3518 1172 3583 πῶς
1203 3519 1259 3571 δέ
1289 3521 1317 3572 6
1342 3519 1488 3572 δεῖνα
1523 3521 1629 3574 ἀπ-

11 3604 260 3671 έτυχεν,
287 3601 366 3662 είς
388 3601 515 3662 τοὺς
543 3601 793 3670 πρώτους
822 3599 931 3652 τῶν
957 3601 1310 3672 κληρονόμων
1351 3605 1630 3674 ἐγγραφή-

12 3685 239 3738 σεσθαι
273 3682 680 3754 προσδοκήσας;
731 3684 825 3736 καὶ
875 3683 1044 3738 πολλὰ
1070 3686 1230 3756 ἕτερα
1256 3688 1494 3740 τοιαῦτα.
1533 3689 1624 3759 Μὴ

8 3773 91 3840 δὴ
147 3769 223 3820 τὰ
268 3767 490 3821 τοιαῦτα
520 3767 919 3839 διαλεγώμεθα,
958 3769 1089 3839 μηδέ
1129 3770 1328 3840 ἐτέρων
1353 3771 1624 3840 διαλεγόν-

9 3873 150 3908 των
193 3852 547 3922 ἀνεχώμεθαο
582 3852 718 3905 ἀλλά
751 3853 1043 3923 σκοπῶμεν
1086 3854 1139 3906 τί
1172 3855 1477 3920 ποιοῦντας,
1505 3856 1537 3928 ῆ
1571 3857 1624 3910 τί

11 3941 308 4007 λέγοντας
344 3937 487 3990 ἔστιν
520 3937 718 4009 ἀρέσαι
746 3937 883 4008 Θεῷ.
912 3937 1078 3991 Πάλιν
1123 3937 1236 3992 ἔστι
1279 3941 1498 4011 σιγῆσαι
1538 3941 1623 3996 διὰ

10 4024 127 4076 τὸν
159 4021 318 4077 Θεὸν,
347 4017 718 4092 ὑϐριζόμενος,
747 4019 1169 4092 λοιδορούμενος,
1204 4022 1374 4092 μυρία
1403 4023 1623 4094 πάσχων

10 4105 218 4166 κακὰ,
256 4103 320 4155 ἂν
355 4103 524 4174 φέρῃς
555 4102 838 4172 γενναίως,
868 4104 962 4156 καὶ
998 4103 1162 4173 μηδὲν
1197 4105 1347 4176 ῥῆμα
1380 4104 1622 4177 βλάσφη-

16 4207 144 4260 μον
182 4186 470 4259 ἐξενέγκῃς
494 4189 572 4245 είς
593 4185 681 4238 τὸν
699 4186 870 4238 ταῦτα
895 4186 1168 4241 ποιοῦντα.
1203 4188 1315 4240 Οὐκ
1344 4189 1622 4242 ἐπαινέσαι

9 4275 84 4326 δὲ
129 4273 238 4325 καὶ
268 4270 424 4340 ψέξαι
457 4271 636 4341 μόνον,
669 4271 789 4324 οὐδέ
833 4269 978 4324 ἔνδον
1015 4273 1195 4340 μεῖναι
1232 4273 1327 4325 καὶ
1364 4271 1619 4336 ἐξελθεῖν,

10 4358 169 4412 οὐδὲ
204 4354 539 4424 φθέγξασθαι
572 4357 664 4409 καὶ
689 4357 933 4425 σιγῆσαι,
961 4355 1093 4408 ἀλλά
1129 4357 1224 4409 καὶ
1255 4356 1486 4410 κλαῦσαι
1527 4360 1622 4412 καὶ

10 4439 377 4509 λυπηθῆναι,
407 4439 498 4491 xa‘:
539 4437 769 4510 ἡσθῆναι
812 4440 904 4491 καὶ
950 4439 1317 4510 εὐφρανθῆναι
1364 4441 1510 4493 ἐστιν
1543 4443 1622 4506 είς

5 4526 201 4589 δόξαν
233 4522 562 4576 Θεοῦ.’”οταν
603 4524 712 4594 γάρ
753 4523 867 4595 ἴδῃς
905 4523 1188 4594 ῆάδελφὸν
1216 4526 1619 4596 ἁμαρτάνοντα,

6 4612 49 4681 ἢ
94 4606 310 4662 σαυτὸν
343 4605 744 4677 παραπτώματι
778 4607 1163 4678 περιπεσόντα,
1205 4601 1324 4659 εἶτα
1364 4607 1622 4682 στενάξῃς

6 4697 130 4750 καὶ
188 4691 458 4763 λυπηθῇς,
484 4691 778 4762 ἐκέρδανας
823 4689 929 4744 ἀπὸ
969 4690 1063 4760 τῆς
1121 4690 1296 4760 λύπης
1349 4694 1620 4763 σωτηρίαν

3 4775 478 4850 ἀμεταμέλητον,
529 4774 779 4844 καθάπερ
825 4774 853 4825 6
897 4772 1105 4836 Παῦλός
1150 4790 1345 4844 φησιν·
1399 4775 1461 4828 'H
1508 4777 1619 4844 γὰρ

3 4859 196 4918 κατὰ
233 4858 380 4912 Θεὸν
404 4860 566 4924 λύπη
601 4856 901 4923 σωτηρίαν
927 4856 1372 4926 ἀμεταμέλητον
1408 4875 1617 4925 κατερ-

5 4945 401 5020 γάζεταιῘΑν
440 4942 555 5013 ίδῃς
577 4941 603 4980 δ
633 4941 1020 5011 εὐδοκιμοῦντα
1047 4941 1256 5011 ἕτερον,
1285 4937 1404 4995 εἶτα
1433 4943 1504 5015 μὴ
1529 4945 1620 5014 βα-

7 5032 276 5100 σκήνῃς,
309 5025 421 5078 ἀλλ’
454 5025 528 5088 ὼς
571 5025 662 5077 ἐπὶ
707 5024 926 5087 οἰκείοις
967 5023 1188 5092 ἀγαθοῖς
1221 5025 1617 5098 εὐχαριστήσῃς

0 5116 100 5185 τῷ
149 5108 301 5179 Θεῷ.
329 5108 408 5178 τῷ
434 5109 717 5179 ποιήσαντι
743 5107 991 5177 λαμπρόν
1019 5123 1112 5159 σου
1141 5107 1232 5161 τὸν
1262 5109 1615 5178 ἀδελφὸν,καὶ

0 5202 128 5270 τῆς
165 5194 344 5270 χαρᾶς
365 5191 568 5262 ταύτης
609 5189 774 5244 πολὺν
799 5189 991 5254 ἔλαϐες
1011 5190 1103 5244 τὸν
1133 5191 1344 5262 μισθόν.

74 5523 97 5545 ⁸
135 5519 229 5584 Sic
269 5515 380 5584 Sav,
414 5519 568 5580 magis
598 5519 802 5584 proptig
820 5532 978 5584 quan;
1010 5519 1197 5584 Μοηιίὶ,
1221 5509 1461 5584 qui-legit
1496 5523 1610 5584 βάλ-

0 5583 267 5636 ›ε·ν,ὶισεο
297 5583 472 5628 notans
502 5599 514 5627 :
551 5594 570 5626 ι
612 5582 692 5628 καὶ
730 5581 914 5643 βάλλειν
946 5581 1090 5631 deest
1125 5581 1175 5629 in
1210 5581 1414 5631 duobus'
1441 5581 1552 5632 mss.
1588 5601 1605 5632 ι

70 5708 106 5747 b
135 5704 280 5768 Ante
300 5704 403 5768 ἴδῃς
427 5703 597 5760 Morel.
617 5703 764 5757 habet
785 5706 950 5761 οὕτως.
966 5705 1074 5756 Mox
1096 5703 1290 5768 quidam
1315 5645 1516 5764 "155.03;-
1536 5709 1609 5757 ἐπὶ

0 5767 205 5823 κοινοῖς
233 5767 438 5826 ἀγαθοῖς.

1436 305 1501 360 ΙΝ
1538 302 1918 360 ΚᾹῐιΕΝῐὶλς.

3215 299 3320 355 960

1821 411 1950 464 ε⁹.Τί
1978 410 2171 479 γένοιτ’
2195 413 2260 466 ἀν
2283 410 2396 475 οῦν,
2427 414 2546 466 είπέ
2576 431 2686 484 μοι,
2710 413 2817 467 τῶν
2844 412 3127 484 βασκάνων
3158 413 3324 466 ἐλεει-

1742 495 1978 566 νότερον,
1995 496 2122 548 ὅταν
2150 495 2268 560 ἐξὸν
2299 498 2394 551 καὶ
2422 499 2628 567 χαίρειν
2661 497 2756 550 καὶ⁴
2787 495 3088 566 κερδαίνειν
3115 495 3204 548 διὰ
3225 500 3323 566 τὴν

1743 581 1940 650 χαρὰν,
1969 579 2126 632 αὐτοὶ
2151 581 2244 633 καὶ
2273 581 2557 634 λυπεῖσθαι
2578 582 2838 652 αἱρῶνται
2869 583 3067 654 μᾶλλον
3090 582 3184 634 ἐπὶ
3204 585 3324 646 ταῖς

1740 664 1848 716 τῶν
1880 664 2080 737 ἐτέρων
2121 664 2528 735 εὐδοκιμήσεσι,
2556 667 2651 719 καὶ
2704 667 2840 737 μετὰ
2884 669 2982 738 τῆς
3024 667 3200 737 λύπης
3243 666 3322 719 ἔτι

1741 748 1834 799 καὶ
1884 746 2103 802 κόλασιν
2154 749 2488 802 ἐπισπᾶσθαι
2534 749 2687 820 παρά
2720 749 2812 803 τοῦ
2845 750 3000 816 Θεοῦ,
3029 752 3124 804 καί
3153 768 3324 820 τιμω-

1742 830 1865 902 ρίαν
1895 832 2196 903 ἀφόρητον;
2232 833 2342 886 Καὶ
2370 834 2422 886 τί
2450 830 2761 904 χρὴ’λέγειν
2795 835 3065 900 ἐπαίνους,
3099 835 3192 888 καὶ
3225 834 3321 903 ψό-

1741 929 1893 980 γους,
1927 915 2023 968 καὶ
2067 915 2264 980 λύπας,
2297 916 2391 970 καὶ
2436 915 2626 988 χαρὰς,
2656 917 2788 970 ὃπου
2831 935 2894 985 γε
2938 920 3032 970 καὶ
3084 918 3190 971 ἀπὸ
3216 918 3321 971 τῶν

1743 999 2084 1068 μικροτάτων
2109 1001 2286 1052 αὐτῶν
2327 1001 2421 1053 καὶ
2461 999 2856 1053 εὐτελεστάτων
2893 1003 3229 1072 πραγμάτων
3255 1002 3322 1054 τά

1743 1081 1954 1152 μέγιστ’
1993 1082 2108 1134 ἐστι
2160 1082 2578 1154 καρπώσασθαι,
2625 1083 2690 1136 ἂν
2728 1083 2816 1136 διὰ
2871 1083 2960 1137 τὸν
3007 1085 3138 1137 Θεὸν
3185 1085 3322 1136 αὐτά

1740 1167 2022 1237 ποιῶμενς
2059 1169 2124 1220 Τί
2153 1169 2261 1240 γὰρ
2289 1168 2384 1221 τοῦ
2416 1168 2705 1239 κείρασθαι
2735 1168 3146 1238 εὐτελέστερον;
3183 1169 3322 1221 Ἀλλ’

1740 1249 1856 1303 ἐστι
1904 1252 2000 1304 καὶ⁸
2042 1251 2202 1306 τοῦτο
2235 1253 2460 1321 ποιῆσαι
2489 1252 2575 1305 διὰ
2608 1253 2699 1306 τὸν
2740 1253 3073 1306 Θεόν.⁹’οταν
3106 1253 3215 1324 γὰρ
3246 1255 3320 1324 μὴ

1737 1336 1837 1406 τὴν
1879 1336 2054 1407 κόμην
2083 1337 2290 1409 διαθῇς,
2324 1337 2456 1408 μηδέ
2489 1338 2840 1410 καλλωπίσῃς
2867 1337 2964 1409 τὴν
3004 1338 3148 1406 ὄψιν,
3185 1337 3320 1408 μηδὲ

1739 1419 1877 1490 πρὸς
1902 1420 2096 1492 δέλεαρ
2128 1422 2218 1474 καὶ
2257 1422 2474 1492 ἀπάτην
2509 1421 2617 1475 τῶν
2651 1421 2900 1492 ὁρώντων
2933 1422 3125 1475 σαυτὸν
3153 1439 3322 1475 κατα-

1737 1504 2055 1576 κοσμήσῃς,
2090 1505 2202 1558 ἀλλ’
2236 1503 2420 1567 ἁπλῶς
2467 1505 2561 1558 καὶ
2603 1505 2678 1568 ὼς
2713 1504 2918 1579 ¹ἔτυχεν
2961 1505 3054 1559 καὶ
3106 1506 3229 1558 ὅσον
3287 1507 3318 1576 ή

1737 1588 1896 1657 χρεία
1946 1589 2168 1643 ἀπαιτεῖ
2209 1589 2392 1660 μόνον,
2425 1588 2514 1641 διὰ
2543 1588 2634 1641 τὸν
2667 1589 2798 1642 Θεὸν
2837 1589 2995 1640 τοῦτο
3033 1589 3316 1659 ἐποίησας,

1737 1670 1832 1722 καὶ
1858 1672 2074 1734 πάντως
2108 1672 2250 1736 ἕξεις
2290 1673 2382 1728 τὸν
2419 1671 2630 1742 μισθὸν,
2665 1672 2746 1724 ὅτι
2795 1672 3089 1741 ἐπιθυμίαν
3131 1673 3320 1725 ἐκόλα-

1738 1768 1834 1816 σας
1879 1756 2141 1824 πονηρὰν,
2185 1757 2278 1808 καὶ⁸
2321 1755 2630 1825 φιλοτιμίαν
2675 1754 2903 1826 ἄκαιρον
2936 1755 3218 1824 ἐνέκοψας.
3256 1757 3319 1808 Et

1735 1836 1840 1906 γὰρ
1884 1839 1912 1889 ό
1958 1838 2215 1909 ποτήριον
2267 1838 2425 1908 μόνον
2470 1839 2678 1909 ψυχροῦ
2722 1840 2845 1902 δοὺς
2897 1839 2985 1892 διὰ
3031 1840 3123 1892 τὸν
3163 1839 3315 1901 Θεὸν,

1737 1919 2014 1990 βασιλείαν
2062 1921 2309 1993 οὐρανῶν
2358 1923 2778 1994 κληρονομήσει,
2835 1925 2863 1976 ὁ
2914 1923 3089 1976 πάντα
3147 1922 3318 1976 ποιῶν

1733 2002 1818 2056 διὰ
1845 2004 1935 2057 τὸν
1962 2004 2096 2057 Θεὸν
2117 2007 2368 2076 ἐννόησον
2401 2007 2573 2077 πόσης
2608 2005 2974 2059 ἀπολαύσεται
3018 2007 3119 2077 τῆς
3160 2009 3316 2076 ἀμοι-

1733 2088 2019 2157 6ῆς.Ἔστι
2069 2089 2163 2142 καὶ
2214 2090 2448 2159 βαδίζειν
2491 2089 2577 2143 διὰ
2625 2090 2716 2142 τὸν
2769 2090 2920 2154 Θεὸν,
2959 2092 3054 2144 καὶ
3101 2091 3315 2159 βλέπειν

1731 2173 1817 2226 διὰ
1857 2173 1948 2226 τὸν
1994 2173 2147 2227 Θεόν.
2177 2174 2300 2238 Πῶς
2351 2174 2466 2227 ἐστι
2519 2174 2736 2244 βλέπειν
2778 2173 2867 2227 διὰ
2914 2174 3008 2227 τὸν
3035 2175 3190 2238 Θεὸν,
3221 2176 3315 2228 καὶ

1735 2255 2003 2326 βαδίζειν;
2049 2256 2216 2309 ’Ὅταν
2270 2257 2344 2329 μὴ
2397 2257 2532 2327 πρὸς
2587 2257 2853 2329 πονηρίαν
2909 2258 3131 2328 τρέχῃς,
3185 2258 3315 2310 ὃταν

1739 2338 1814 2410 μὴ
1871 2339 2209 2414 περιεργάζῃ
2262 2341 2332 2394 τὰ
2389 2341 2644 2408 ἀλλότρια
2718 2340 2886 2413 κάλλη
2922 2380 2936 2401 ,
3000 2341 3126 2394 ὅταν
3191 2339 3315 2394 ίδὼν

1731 2424 1958 2490 γυναῖκα
1994 2424 2340 2489 ἀπαντῶσαν,
2366 2423 2669 2496 χαλινώσῃς
2707 2425 2798 2477 τὸν
2825 2423 3122 2493 ὀφθαλμὸν,
3147 2423 3314 2492 τειχί-

1733 2521 1831 2575 σῃς
1854 2505 1951 2576 τὴν
1974 2505 2096 2574 ὄψιν
2120 2507 2197 2577 τῷ
2220 2505 2314 2560 τοῦ
2355 2507 2490 2560 Θεοῦ
2533 2507 2704 2578 φόϐῳ,
2737 2506 2826 2560 διὰ
2861 2507 2951 2559 τὸν
2995 2507 3127 2560 Θεὸν
3165 2507 3312 2558 τοῦτ’

1730 2589 1994 2659 ἐποίησας
2015 2608 2026 2618 ·
2056 2591 2184 2643 ὅταν
2207 2589 2276 2642 τά
2311 2589 2386 2660 μὴ
2439 2589 2729 2657 πολυτελῆ,
2761 2591 2854 2642 καὶ
2891 2590 3312 2660 μαλακωτέρους

1731 2674 1878 2743 ἡμᾶς
1923 2672 2214 2738 ποιοῦντα,
2269 2673 2404 2727 ἀλλά
2439 2673 2507 2726 τὰ
2551 2674 2826 2744 δυνάμενα
2870 2675 3014 2744 ἡμᾶς
3065 2674 3309 2737 σκέπειν,

1730 2756 1900 2809 ταῦτα
1940 2757 2393 2828 περιϐαλλώμεθα
2432 2757 2610 2826 μόνον.
2653 2759 2806 2810 Ἐστι
2835 2759 2928 2810 καὶ
2960 2757 3153 2827 μέχρις
3179 2758 3311 2811 ὑπο-

1742 2839 1807 2909 δη
1816 2840 2000 2909 μάτων
2015 2840 2203 2893 τοῦτον
2231 2840 2517 2909 ἐξαγαγεῖν
2533 2841 2622 2893 τὸν
2647 2841 2828 2912 νόμον.
2861 2842 2971 2893 Καὶ
2991 2842 3099 2912 γὰρ
3122 2839 3308 2893 πολλοὶ

1730 2927 1865 2998 πρὸς
1895 2927 2054 2980 τοῦτο
2084 2927 2343 2997 βλακείας
2372 2928 2466 2981 καὶ
2496 2928 2732 2991 ἀσωτίας
2767 2927 3075 2994 ἐξώλισθον,
3109 2927 3184 2990 ὼς
3214 2927 3308 2979 καὶ

1729 3011 1796 3062 τὰ
1820 3010 2140 3082 ὑποδήματα
2171 3010 2551 3075 καλλωπίζειν,
2602 3012 2695 3064 καὶ
2720 3011 2982 3065 πάντοθεν
3025 3010 3164 3063 αὐτά
3189 3028 3309 3063 ποι-

1729 3091 1953 3155 κίλλειν,
1988 3093 2086 3163 οὐχ
2117 3087 2281 3165 ἦττον
2322 3093 2354 3164 ἢ
2389 3094 2487 3157 τὰς
2518 3095 2669 3164 ὄψεις
2701 3094 2880 3166 ἐτεροι
2903 3111 2918 3125 ·
2953 3095 3090 3164 ὅπερ
3127 3093 3306 3165 ψυχῆς

1728 3179 1876 3230 ἐστιν
1897 3176 2210 3249 ἀκαθάρτου
2233 3179 2329 3230 καὶ
2356 3178 2778 3250 διεφθαρμένης.
2813 3179 2876 3231 Εἰ
2898 3179 3005 3250 γὰρ
3035 3180 3128 3232 καὶ
3175 3180 3306 3231 αὐτὸ

1731 3260 1926 3331 μικρὸν
1953 3256 2092 3314 εἶναι
2127 3261 2310 3326 δοκεῖ,
2359 3262 2495 3316 ἀλλά
2533 3261 2774 3333 μεγάλης
2808 3262 3064 3326 ἐξωλείας
3107 3263 3305 3332 δεῖγμα

1727 3345 1822 3397 καὶ
1838 3344 2061 3414 ἔλεγχος
2078 3343 2144 3398 ἂν
2169 3345 2253 3416 εἴη
2271 3344 2450 3409 τοῦτο,
2471 3347 2562 3398 καὶ
2584 3347 2672 3398 ἐπ’
2695 3345 3013 3413 ἀνδρῶνκαὶ
3037 3347 3129 3398 ἐπὶ
3152 3346 3302 3416 [705]

1727 3427 2018 3494 γυναικῶν.
2059 3426 2274 3492 Ἔξεστι
2295 3429 2473 3481 τοίνυν
2501 3430 2595 3482 και)⁸
2618 3429 2928 3500 ὑποδήμασι
2961 3429 3194 3501 χρῆσθαι
3215 3429 3306 3482 διὰ

1726 3511 1818 3564 τὸν
1842 3510 1994 3574 Θεὸν,
2021 3511 2146 3563 ὅταν
2176 3512 2450 3582 πανταχοῦ
2479 3512 2576 3583 τὴν
2604 3513 2792 3584 χρείαν
2821 3514 3187 3584 ἐπιζητῶμεν,
3208 3514 3304 3566 καὶ

1726 3593 1883 3648 τοῦτο
1924 3594 2120 3664 μέτρον
2145 3595 2246 3664 τῆς
2275 3595 2629 3660 ἀπολαύσεως
2657 3596 2957 3666 ποιώμεθα.
2979 3598 3087 3650 Καὶ
3106 3599 3187 3651 ὅτι
3209 3598 3302 3651 καὶ

1726 3677 1814 3732 διὰ
1859 3678 2118 3748 βαδίσεως
2147 3679 2239 3731 καὶ
2262 3678 2350 3732 διὰ
2391 3680 2580 3750 στολῆς
2621 3680 2712 3733 ἐστ
2763 3680 2853 3734 τὸν
2880 3681 3011 3733 Θεὸν
3056 3681 3298 3745 δοξάσαι,

1727 3762 1958 3815 ἄκουσον
1977 3762 2031 3814 τί
2063 3779 2196 3832 φησι
2223 3763 2383 3832 σοφός
2414 3781 2498 3826 τις
2520 3765 2681 3835 ἀνήρ’
2699 3765 3033 3834 Στολισμὸς
3058 3765 3297 3833 ἀνδρὸς,

1727 3845 1825 3899 καί
1859 3844 2049 3914 γέλως
2081 3845 2364 3910 ὀδόντων,
2396 3847 2493 3900 καὶ
2529 3846 2700 3916 βῆμα
2725 3847 2911 3914 ποδὸς
2942 3849 3299 3918 ἀναγγέλλει

1725 3929 1798 3982 τὰ
1841 3931 1974 3997 περὶ
2035 3931 2244 3984 αὐτοῦ.
2290 3931 2460 3985 Ὅταν
2522 3932 2628 4002 γάρ
2681 3933 3105 4004 κατεσταλμένοι
3163 3933 3297 4005 [καὶ

1727 4011 1960 4084 σεμνοὶ],
1988 4015 2081 4067 καὶ
2110 4014 2438 4085 σεμνότητος
2476 4016 2758 4087 γέμοντες,
2791 4018 2884 4072 καὶ
2915 4017 3113 4089 πολλὴν
3162 4037 3312 4071 παν-λ

1724 4097 1950 4168 ταχόθεν
1973 4099 2408 4170 ἐπιδεικνύμενοι
2437 4101 2536 4170 τὴν
2561 4101 2913 4172 σωφροσύνην
2941 4102 3260 4173 φαινώμεθα
3277 4122 3293 4137 ·

1725 4183 1820 4234 καί⁵
1859 4181 1966 4234 ἀπὸ
2003 4181 2164 4253 ψιλῆς
2213 4184 2313 4252 τῆς
2356 4184 2644 4254 συντυχίας
2679 4187 2772 4239 καὶ
2804 4189 2832 4239 6
2863 4187 3112 4250 ἄπιστος,
3145 4188 3238 4240 καὶ
3268 4191 3296 4242 6

1725 4265 2041 4330 ἀκόλαστος,
2069 4267 2163 4320 καὶ
2193 4267 2221 4318 ὁ
2249 4266 2559 4339 Θορυϐώδης
2586 4268 2679 4321 τὸν
2710 4269 2950 4323 τοιοῦτον
3000 4270 3123 4325 ἰδὼν
3170 4271 3297 4325 θαυ-

1727 4349 1978 4420 μάσεται,
2006 4349 2108 4403 κᾶν
2124 4350 2375 4404 ἁπάντων
2398 4351 2850 4424 ἀναισθητότερος
2931 4354 3049 4407 Κᾶν
3065 4359 3298 4422 γυναῖκα

1724 4433 2007 4504 ἀγώμεθα,
2043 4433 2129 4486 διὰ
2161 4433 2252 4486 τὸν
2287 4434 2420 4487 Θεὸν
2447 4434 2602 4488 τοῦτο
2649 4435 2910 4506 ποιῶμεν,
2943 4437 3030 4490 ἵνα
3079 4455 3293 4508 σωφρο-

1725 4517 1920 4588 νῶμεν,
1950 4517 2049 4586 οὐχ
2079 4516 2164 4568 ἵνα
2189 4517 2287 4586 τὴν
2303 4517 2488 4570 οὐσίαν
2508 4519 2890 4589 εὐπορωτέραν
2911 4520 3292 4592 ἐργαζώμεθα,

1724 4600 1810 4652 ἵνα
1843 4599 2021 4670 ψυχῆς
2054 4599 2333 4666 εὐγένειαν
2362 4600 2730 4672 ἐπιζητῶμεν,
2763 4602 2838 4673 μὴ
2867 4604 3160 4673 χρημάτων
3193 4623 3290 4657 πε-

1724 4684 1988 4754 ριουσίαν,
2044 4683 2181 4752 μηδὲ
2204 4684 2484 4754 προγόνων
2508 4687 2885 4756 περιφάνειαν,
2915 4687 3047 4741 ἀλλά
3075 4690 3290 4759 τρόπων

1721 4766 1918 4838 ἀρετὴν
1942 4767 2035 4819 καὶ
2063 4766 2392 4821 ἐπιείκειαν·
2429 4770 2768 4841 συνέμπορον
2805 4770 2898 4824 τοῦ
2930 4770 3043 4840 βίου
3082 4772 3290 4842 λαμϐά-

1721 4867 1920 4920 νωμεν,
1951 4849 2071 4918 οὐχὶ
2107 4851 2408 4923 καπηλείας
2448 4853 2723 4906 κοινωνόν.
2754 4854 2862 4906 Ka‘:
2891 4855 2941 4906 τί
2987 4855 3067 4908 δεῖ
3113 4859 3291 4911 πάντα

1720 4933 2081 5001 καταλέγειν;
2126 4934 2342 4998 Ἔξεστι
2376 4935 2483 5006 γάρ
2534 4936 2720 4990 λοιπὸν
2775 4939 2905 5008 ἡμῖν
2957 4941 3021 4992 ἐκ
3075 4941 3180 4993 τῶν
3213 4945 3288 4994 el-

1723 5017 1970 5089 ρημὲνων
1996 5016 2226 5071 ἕκαστον
2252 5019 2522 5088 ἐφοδεύειν
2550 5021 2660 5074 τῶν
2685 5022 2981 5091 γινομένων
3005 5025 3098 5077 καὶ
3123 5043 3288 5095 πρατι

1716 5099 1979 5170 τομένων,
2005 5101 2096 5152 καὶ
2115 5101 2290 5155 πάντα
2321 5101 2409 5155 διὰ
2429 5103 2519 5155 τὸν
2545 5104 2675 5157 Θεὸν
2692 5108 2881 5159 ποιεῖν.
2905 5108 3014 5159 Καὶ
3040 5108 3285 5180 καθάπερ

1717 5185 1767 5238 οἱ
1797 5183 2027 5254 ἔμποροι
2054 5185 2439 5256 περιπλέοντες
2474 5187 2534 5240 τὸ
2565 5188 2818 5256 πέλαγος,
2865 5193 2958 5244 καὶ
2985 5193 3064 5254 εἰς
3105 5193 3284 5257 πόλεις

1715 5267 2051 5338 ὁρμίζοντες,
2099 5269 2159 5321 οὐ
2189 5269 2454 5341 πρότερον
2504 5272 2852 5327 ἀποϐαίνουσι
2903 5275 2994 5328 τοῦ
3046 5276 3280 5346 λιμένος,

1715 5351 1836 5404 οὐδέ
1865 5353 1944 5412 είς
1969 5352 2067 5422 τὴν
2094 5352 2300 5423 ἀγορὰν
2320 5355 2721 5419 ἀναϐαίνουσιν,
2752 5357 2856 5420 ἓως
2883 5358 2948 5410 ἂν
2983 5360 3280 5426 πύθωνται,

1714 5434 1795 5488 ὅτι
1826 5434 2014 5502 κέρδος
2034 5434 2146 5505 ἔχει
2174 5454 2226 5490 τι
2254 5437 2362 5490 τῶν
2388 5440 2504 5492 ἐκεῖ
2527 5441 2957 5512 ἀποτεθειμένων
2981 5461 2994 5472 ·
3021 5444 3161 5497 οὑτω
3188 5449 3282 5500 καὶ

1716 5520 1780 5603 σύ
1804 5518 2133 5603 μηδέν-μήτε
2162 5521 2394 5595 πράξῃς,
2413 5526 2535 5594 μήτ’
2561 5526 2740 5596 εῖπῃς,
2771 5527 2836 5580 ἂν
2863 5527 2936 5597 μὴ
2967 5528 3153 5601 κέρδος
3183 5532 3278 5603 ἔχῃ

1713 5601 1774 5653 τὸ
1797 5601 1935 5654 κατὰ
1961 5601 2116 5654 Θεόν.
2135 5604 2244 5656 Καὶ
2268 5608 2341 5676 μή
2371 5612 2458 5675 μοι
2487 5608 2609 5676 λέγε
2637 5611 2718 5662 ὅτι
2748 5611 2806 5662 οὐ
2839 5611 3059 5664 δυνατὸν
3080 5613 3168 5666 διὰ
3193 5601 3280 5666 τὸν

1714 5684 1845 5736 Θεὸν
1889 5685 2068 5740 πάντα
2095 5691 2286 5742 ποιεῖν.
2316 5689 2481 5745 Ὅταν
2507 5693 2614 5766 γάρ
2647 5696 2915 5760 ὑπόδεσις,
2951 5698 3042 5750 καὶ
3075 5697 3241 5766 κουρὰ
3260 5737 3275 5761 ,

1721 5767 1814 5821 καὶ
1837 5770 2064 5838 ἱματίων
2088 5772 2264 5844 στολὴ,
2294 5777 2384 5830 καὶ
2402 5776 2625 5846 βάδισις,
2656 5781 2746 5835 καὶ
2763 5781 2902 5852 ὄψις,
2932 5783 3021 5835 καὶ
3036 5783 3274 5853 ῥήματα,
