3906 6284
500 273 600 332 961

499 403 595 447 και
635 390 905 461 συνέδρια,
942 390 1035 444 καὶ
1064 390 1257 444 εἴσοδοι
1292 391 1386 444 καὶ
1414 390 1601 457 ἔξοδοι.
1637 393 1734 445 καὶ
1761 392 2071 462 σκώμματα

500 475 594 528 καὶ
624 475 856 535 ἔπαινοι,
884 475 977 527 καὶ
1012 473 1168 542 ψόγοι
1199 475 1293 526 καὶ
1323 473 1595 544 ἐγκώμια,
1629 475 1724 527 καὶ
1766 476 1939 542 φιλίαι
1980 478 2074 528 καὶ

501 558 690 628 ἔχθραι
713 559 974 611 δύνωνται
1001 556 1088 610 διὰ
1110 557 1200 608 τὸν
1229 555 1361 608 Θεὸν
1384 557 1649 625 γίνεσθαι,
1672 558 1723 610 τί
1745 559 1856 611 ἔστι
1887 558 2072 612 λοιπὸν

501 642 530 693 ὃ
555 642 628 712 μὴ
647 641 869 694 δυνατὸν
897 640 1148 710 γενέσθαι
1172 640 1260 692 διά
1297 641 1386 692 τὸν
1418 641 1571 702 Θεὸν,
1601 642 1666 695 ἂν
1701 642 1971 712 θέλωμεν;
2007 643 2070 693 Τί

422 752 432 764 ι
501 725 908 795 δεσμοφύλακος
934 728 1140 796 χεῖρον;
1177 727 1237 778 οὐ
1271 728 1486 780 πάντων
1518 727 1628 796 βίος
1656 729 1683 779 ό
1711 727 2072 797 πονηρότατος

502 804 642 862 εἶναι
680 811 852 870 δοκεῖς
919 810 1058 863 Ἀλλ’
1096 809 1273 876 ἔξεστι
1322 810 1400 881 τῷ
1455 810 1762 880 βουλομένῳ
1821 810 2072 862 κάκεῖθεν

504 893 782 964 κερδᾶναι.
811 894 941 946 ὅταν
965 892 1072 946 τῶν
1099 893 1396 964 δεδεμένων
1427 895 1675 963 φείδηται
1699 934 1714 958 ,
1770 895 1895 946 ὅταν
1947 895 2073 956 τοὺς

502 976 705 1039 ἀδίκως
737 976 1180 1047 ἐμϐεϐλημένους
1208 977 1504 1049 θεραπεύῃ,
1537 979 1666 1030 ὅταν
1702 977 1776 1048 μὴ
1808 994 2073 1048 πραγμα-

502 1060 726 1128 τεύηται
751 1061 845 1112 ἀπ’
871 1059 1157 1131 ἀλλοτρίας
1185 1064 1470 1130 συμφορᾶς
1495 1073 1543 1123 ι,
1570 1061 1698 1113 ὅταν
1735 1061 1911 1122 κοινὸς
1941 1075 2074 1129 προ·-

503 1145 695 1214 κέηται
739 1143 904 1213 λιμὴν
933 1146 1046 1204 τοῖς
1077 1143 1348 1212 δεομένοις
1383 1143 1572 1196 ἅπασι.
1604 1144 1790 1206 υῦτως
1829 1146 1856 1196 ὁ
1881 1143 2074 1212 δεσμο-

504 1227 678 1297 φύλαξ
707 1229 912 1288 ἐκεῖνος
951 1226 1126 1294 ἐσώθη
1159 1229 1186 1280 ὁ
1227 1227 1320 1278 ἐπὶ
1368 1227 1578 1280 Παύλου
1599 1243 1611 1255 ·
1645 1226 1767 1280 ὅθεν
1809 1226 1964 1296 δῆλον
1991 1227 2074 1278 ὅτι

505 1311 788 1374 πάντοθεν,
812 1311 877 1363 ἀν
906 1309 1166 1380 θέλωμεν,
1202 1311 1476 1380 δυνάμεθα
1506 1310 2008 1382 πραγματεύεσθαι.

577 1401 649 1458 ς’.
666 1395 730 1445 Τί
763 1394 921 1462 φόνου
953 1392 1352 1464 χαλεπώτερον,
1374 1394 1495 1446 εἰπέ
1520 1411 1644 1464 μοι;
1679 1394 1816 1446 Ἀλλ’
1835 1391 2072 1463 ἠδυνήθη

505 1479 636 1530 ποτὲ
658 1475 1000 1547 δικαιοσύνην
1030 1479 1207 1529 τεκεῖν
1233 1477 1309 1548 τῷ
1337 1479 1620 1548 ποιήσαντι
1637 1477 1794 1530 τοῦτο
1808 1477 1865 1528 τὸ
1881 1476 2078 1546 τόλμη-

510 1580 585 1632 μα
601 1579 614 1594 ·
649 1559 898 1614 τοσοῦτόν
928 1561 1044 1613 ἐστι
1067 1561 1128 1612 τὸ
1159 1559 1248 1613 διὰ
1275 1561 1366 1614 τὸν
1386 1561 1518 1614 Θεόν
1541 1580 1592 1614 τι
1617 1564 1811 1615 ποιεῖν.
1829 1561 1936 1614 Ka‘:
1957 1559 2074 1624 πῶς

501 1644 739 1714 ⁴ήδυνήθη
774 1643 1120 1713 δικαιοσύνην
1155 1645 1488 1714 ἐργάσασθαι
1525 1646 1713 1713 φόνος;
1761 1646 1824 1698 Oi
1865 1643 2075 1714 Μαδιηι-

504 1731 644 1782 ναῖοι
685 1729 812 1780 ποτέ
844 1727 1152 1798 βουλόμενοι
1205 1728 1294 1780 τὸν
1346 1729 1477 1782 Θεὸν
1529 1728 1911 1800 ἐκπολεμῶσαι
1962 1731 2074 1791 τοῖς

517 1811 812 1874 Ἰουδαίοις,
839 1810 1128 1882 καὶταύτῃ
1171 1812 1574 1883 προσδοκῶντες
1607 1812 1787 1867 αύτῶν
1826 1811 2076 1884 περιέσεο

508 1894 654 1957 σθαι,
675 1896 723 1946 εί
739 1894 838 1964 τῆς
854 1894 1064 1958 εὐνοίας
1089 1895 1284 1958 αὐτοὺς
1311 1897 1744 1968 ἀποστερήσαιεν
1759 1896 1853 1949 τοῦ
1879 1895 2078 1949 Δεσπό-

502 1995 620 2038 του,
657 1978 824 2048 κόρας
869 1977 1344 2042 καλλωπίσαντες,
1411 1981 1504 2032 καὶ
1558 1980 1652 2033 τοῦ
1710 1979 2074 2052 στρατοπέδου

505 2063 946 2132 προστήσαντες,
993 2061 1279 2116 ἐδελέασαν
1316 2063 1533 2128 αὐτοὺς,
1586 2062 1681 2115 καὶ
1710 2064 1788 2126 είς
1817 2061 2076 2131 πορνείαν

507 2147 734 2216 ἦγαγον,
766 2141 884 2198 εἶτα
900 2145 1108 2200 ἐκεῖθεν
1132 2148 1212 2207 εἰς
1233 2145 1508 2200 ἀσέϐειαν.
1529 2145 1702 2199 Τοῦτο
1729 2145 1850 2200 ίδὼν
1872 2147 2074 2210 Φινεὲς,

512 2229 1028 2301 μεταχειρισάμενος
1053 2229 1223 2297 ξίφος,
1261 2229 1358 2282 καὶ
1391 2230 1754 2301 πορνεύοντας
1783 2229 1877 2283 δύο
1917 2249 2080 2285 κατα-

507 2314 708 2376 λαϐὼν,
739 2316 796 2366 ἐν
820 2315 956 2384 αὐτῇ
979 2316 1042 2383 τῇ
1077 2313 1319 2384 ἁμαρτίᾳ
1365 2314 1708 2387 ἀμφοτέρους
1737 2314 2073 2386 ἐξεκέντησε.

510 2400 603 2453 καὶ
627 2398 821 2467 ἔστησε
845 2395 939 2450 τοῦ
969 2396 1103 2449 Θεοῦ
1126 2396 1223 2467 τὴν
1243 2397 1411 2469 ὀργὴν
1443 2398 1549 2452 ἀπὸ
1573 2398 1673 2468 τῆς
1692 2399 1934 2469 γνώμης.
1968 2401 2078 2453 Kal.

510 2482 572 2536 τὸ
596 2480 695 2551 μέν
714 2479 1005 2550 γενόμενον
1023 2478 1172 2551 [706]
1198 2480 1356 2549 φόνος
1378 2477 1469 2552 ἦν,
1489 2481 1550 2535 τὸ
1570 2483 1625 2536 δὲ
1648 2483 2079 2553 κατορθούμενον

510 2564 571 2629 ἐξ
597 2563 803 2617 ἐκείνου
835 2563 1074 2635 σωτηρία
1098 2563 1206 2616 τῶν
1236 2565 1626 2637 ἀπολλυμένων
1657 2567 1930 2631 ἁπάντων,
1957 2568 2078 2620 ὅθεν

511 2648 606 2702 καὶ
626 2647 971 2718 δικαιοσύνην
997 2650 1194 2720 ἤνεγκε
1229 2649 1306 2720 τῷ
1340 2651 1649 2721 ποιήσαντι.
1679 2651 1790 2703 Καὶ
1825 2653 1886 2704 ού
1920 2652 2078 2722 μόνον

509 2732 610 2784 οὐκ
630 2731 822 2802 ἐμίανε
847 2730 945 2794 τὰς
973 2734 1183 2802 χεῖρας,
1211 2732 1345 2785 ἀλλά
1372 2735 1466 2786 καὶ
1481 2733 1872 2806 καθαρωτέρας
1895 2734 2078 2804 εἰργά-

513 2831 643 2870 σατο
665 2818 694 2870 ὁ
727 2816 886 2885 φόνος
915 2817 1142 2880 ἐκεῖνος,
1170 2818 1263 2869 καὶ
1293 2817 1437 2886 μάλα
1452 2818 1707 2881 εἰκότως·
1737 2820 1799 2871 ού
1827 2819 1936 2889 γὰρ
1953 2821 2080 2883 τοὺς

511 2901 894 2972 ἀναιρεθέντας
916 2900 946 2940 b
973 2899 1166 2970 μισῶν,
1208 2899 1344 2952 ἀλλά
1375 2900 1484 2952 τῶν
1516 2901 1717 2953 λοιπῶν
1769 2903 2081 2972 φειδόμενος

511 2983 658 3038 τοῦτ’
695 2984 1013 3054 εἰργάσατο·
1037 2983 1329 3036 ἀπέκτεινε
1347 2983 1459 3044 δύο,
1487 2984 1580 3037 καὶ
1613 2985 1784 3037 ἔσωσε
1815 2986 2083 3057 μυριάδας

512 3066 793 3137 ἀπείρους.
821 3066 1083 3137 Καθάπερ
1105 3067 1213 3138 γάρ
1237 3069 1411 3137 ἰατροὶ
1439 3068 1650 3121 ποιοῦσι
1691 3069 1760 3122 τά
1808 3072 2084 3139 σεσηπότα

511 3151 621 3202 τῶν
650 3150 826 3220 μελῶν
857 3149 1238 3219 ἐκτέμνοντες,
1275 3150 1566 3221 ὁλόκληρον
1590 3149 1816 3216 σώζουσι
1843 3153 1903 3205 τὸ
1926 3153 2084 3222 σῶμα

515 3233 632 3303 [καὶ
665 3232 863 3303 ὑγιές]’
891 3231 1031 3285 οὕτω
1069 3233 1320 3295 κάκεῖνος
1346 3233 1588 3304 ἐποίησε.
1616 3235 1715 3286 Διά
1740 3234 1898 3286 τοῦτό
1919 3253 2085 3306 φησιν

516 3319 543 3367 ό
588 3315 875 3385 ψαλμῳδός
894 3333 906 3345 ο
945 3317 1135 3382 Ἔστη
1177 3316 1383 3382 Φινεὲς
1433 3318 1532 3370 καὶ
1591 3317 1935 3380 ἑξιλάσατο,
1984 3321 2083 3374 καὶ

515 3398 822 3451 ἐκόπασεν
850 3399 886 3466 ἡ
914 3397 1185 3465 θραῦσις,
1236 3399 1335 3453 καὶ
1372 3401 1657 3470 ἐλογίσθη
1702 3401 1861 3467 αὐτῷ
1883 3406 1970 3470 εὶς
1994 3403 2084 3457 δι-

435 3543 437 3545 _
517 3482 850 3549 καιοσύνην
877 3483 964 3544 εἰς
983 3481 1194 3551 γενεὰν
1208 3483 1307 3536 καὶ
1334 3484 1565 3553 γενεὰν,
1583 3484 1693 3551 ἕως
1715 3484 1820 3538 τοῦ
1849 3486 2083 3554 αἰῶνος.

529 3563 818 3627 Ἀθάνατος
848 3564 978 3632 γοῦν
1008 3566 1039 3635 ἡ
1075 3566 1261 3637 μνήμη
1295 3567 1388 3619 τοῦ
1437 3567 1864 3639 κατορθώματος
1913 3570 2083 3640 μένει.

518 3648 688 3702 Πάλιν
727 3649 912 3720 ἔτερος
955 3647 1191 3718 ηὔξατο,
1243 3651 1336 3703 καὶ
1383 3651 1755 3721 προσέκρουσε
1801 3653 1881 3724 τῷ
1923 3654 2042 3725 Θεῷ
2070 3672 2087 3687 ο

517 3731 767 3785 τοσοῦτόν
791 3735 906 3786 ἐστι
948 3733 1006 3786 τὸ
1041 3732 1114 3803 μὴ
1147 3735 1318 3786 ποιεῖν
1347 3751 1400 3786 τι
1424 3733 1510 3786 διὰ
1535 3735 1623 3788 τὸν
1659 3737 1789 3789 Θεόν
1811 3756 1823 3770 ο
1854 3739 1882 3790 ό
1923 3739 2089 3810 Φαρι-

520 3819 670 3878 σαῖος
721 3815 880 3883 λέγω.
927 3815 1065 3868 Ἀλλ’
1099 3815 1288 3888 ῶσπερ
1320 3819 1504 3882 Φινεὲς
1546 3820 1705 3889 φόνον
1734 3823 1968 3892 ποιήσας
1996 3823 2089 3876 εύ-

583 3959 748 4034 "Tres
781 3975 893 4011 mss.
906 3963 1377 4034 πραγματεύηταιτᾲς
1396 3965 1638 4034 ἀλλοτρίας
1659 3969 1914 4032 συμφοράς.
1937 3969 2089 4021 Paulo

520 4025 728 4088 posialii
756 4025 1152 4087 πανταχόθεν,31ἱὶ
1175 4027 1413 4075 πάντοθεν.

584 4084 612 4122 δ
630 4084 720 4153 Sic
737 4084 1040 4153 omnes'mss.
1069 4088 1239 4153 Morel.
1264 4101 1379 4153 vero
1400 4089 1772 4153 ἀναιρουμένους.
1794 4091 1868 4140 Ad
1892 4104 2088 4143 eorum-

524 4147 802 4213 demfidem
828 4147 950 4197 infra
971 4150 1190 4213 ἀπείρους
1223 4162 1308 4212 pro
1336 4147 1520 4213 ἑτέρουά
1549 4147 1816 4212 posuimus.
1842 4161 1894 4202 et
1918 4169 2087 4205 vocem

523 4209 794 4279 ὁλοκλήρως
815 4217 923 4270 post
947 4209 1102 4279 μελῷή
1131 4209 1425 4279 sequentem
1446 4209 1790 4275 expunximus.
1807 4215 1959 4264 Paulo
1983 4227 2092 4279 post

522 4270 719 4331 quidam
738 4283 853 4318 mss.
879 4270 1012 4334 μησὶν
1031 4274 1058 4319 ό
1079 4270 1280 4335 ψαλμὸς,
1315 4274 1446 4331 ἔστη.

1173 263 1233 316 S.
1269 258 1555 316 JOANNIS
1590 259 2076 318 CHRYSOSTOMI
2118 265 2436 322 ARCIIIEP.
2480 267 3027 324 CONSTANTINOP.

3641 261 3738 314 952

2173 390 2484 460 δοκίμησεν,
2518 387 2660 440 οὕτω
2684 385 2777 440 καὶ
2808 378 2962 448 οὗτος
2984 383 3046 436 ού
3073 380 3225 452 παρά
3253 379 3354 448 τὴν
3384 376 3572 446 εὐχὴν,
3614 378 3741 429 ἀλλά

2173 474 2324 544 παρά
2343 473 2440 543 τὴν
2469 471 2713 542 γνώμην,
2757 469 2874 539 μεθ’
2912 465 2982 539 ἧς
3027 465 3246 536 ηὔξατο.
3279 461 3550 514 κατέπεσε
3579 478 3744 526 προσ-

2172 557 2433 627 κρούσας.
2483 555 2669 617 Οὕτως
2695 555 2823 606 ὅταν
2862 552 2937 622 μὴ
2979 550 3068 602 διά
3104 548 3195 601 τὸν
3227 546 3358 598 Θεὸν
3419 544 3644 627 γίνηταί
3675 561 3742 603 τι,

2173 626 2277 694 κάν
2312 639 2678 711 πνευματικὸν
2792 637 2854 688 τὸ
2885 637 3190 704 γινόμενον,
3236 631 3305 684 τά
3343 630 3578 699 μέγιστα
3626 626 3744 695 βλά-

2171 726 2349 793 ψειεν·
2394 726 2583 793 ὥσπερ
2619 719 2713 775 οὖν
2753 723 2881 774 ὅταν
2922 720 3010 771 διὰ
3048 720 3140 770 τὸν
3181 716 3311 768 Θεὸν
3351 714 3606 781 γίνηται,
3649 711 3743 761 xiv

2176 809 2425 878 βιωτικὸν
2450 805 2564 880 ᾗτὸ
2588 804 2988 875 γινόμενον,“τά
3012 803 3242 872 μέγιστα
3263 799 3461 867 ὠφελεῖ
3489 795 3584 847 τὸν
3617 795 3745 880 μετζι

2176 892 2422 962 φιλοθέου
2451 878 2674 961 γνώμης
2707 889 2984 942 ποιοῦντα.
3017 887 3084 940 Τί
3114 886 3224 955 γάρ
3254 884 3417 952 φόνου
3443 882 3634 949 χεῖρον
3662 878 3742 962 καὶ

2175 959 2596 1046 χαλεπώτερονξ
2630 959 2768 1026 ἀλλ’
2829 973 2978 1043 ὅμως
3031 969 3241 1023 δίκαιον
3302 965 3607 1036 είργάσατο
3662 959 3744 1046 τοι

2174 1042 2540 1129 τολμήσαντα.
2593 1057 2756 1110 Ποίαν
2802 1052 2895 1110 οὖν
2929 1055 3123 1124 ἕξομεν
3172 1049 3468 1116 ἀπολογίαν
3514 1046 3678 1116 ἡμεῖς
3706 1042 3748 1094 oi

2173 1143 2444 1210 λέγοντες,
2481 1143 2562 1194 ὅτι
2609 1141 2671 1192 οὐ
2726 1140 2948 1193 δυνατὸν
2981 1137 3242 1190 πάντοθεν
3289 1130 3628 1203 κερδαίνειν,
3666 1129 3752 1180 καὶ

2176 1227 2355 1280 πάντα
2378 1226 2464 1278 διὰ
2493 1224 2582 1277 τὸν
2623 1224 2754 1276 Θεὸν
2783 1223 3110 1294 ἐργάζεσθαι
3137 1232 3184 1282 ε,
3230 1219 3357 1273 ὅταν
3407 1213 3615 1284 εὑρεθῇ
3674 1229 3750 1271 τις

2176 1311 2271 1363 καὶ
2301 1309 2409 1362 ἀπὸ
2454 1309 2615 1377 φόνου
2650 1308 2947 1378 κερδάνας;
2983 1309 3080 1358 Ἂν
3115 1304 3386 1372 ἐθέλωμεν
3437 1297 3749 1369 προσέχειν.

2175 1393 2264 1447 διὰ
2288 1393 2488 1456 παντὸς
2511 1392 2604 1444 τοῦ
2638 1391 2751 1462 βίον
2779 1391 2877 1462 τὴν
2919 1387 3296 1460 πνευματικὴν
3333 1384 3546 1452 ταύτην
3581 1382 3750 1450 ἐμποο

2181 1477 2482 1549 ρευσόμεθα
2519 1475 2924 1548 πραγματείαν,
2956 1474 3059 1528 κᾶν
3093 1470 3352 1544 πρίασθαί
3375 1487 3454 1527 τι.
3483 1467 3594 1520 κάν
3621 1467 3751 1516 ἀπο·

2176 1560 2360 1613 δόσθαι
2389 1559 2516 1630 δέῃ·
2554 1555 2665 1612 οἷον
2699 1561 2826 1612 ὅταν
2876 1558 2950 1628 μὴ
3002 1556 3163 1610 πλέον
3209 1555 3310 1625 τῆς
3357 1549 3752 1620 νενομισμένης

2181 1642 2501 1713 ἀπαιτῶμεν
2533 1643 2730 1714 τιμῆς,
2768 1643 2896 1696 ὅταν
2935 1641 3006 1712 μὴ
3037 1642 3164 1702 τοὺς
3202 1637 3426 1707 καιροὺς
3452 1633 3558 1702 τῆς
3591 1647 3755 1682 στενθ·

2182 1728 2388 1797 χωρίοις
2420 1727 2844 1799 παρατηρῶμεν,
2877 1728 2974 1779 καὶ
3002 1726 3122 1778 τότε
3147 1725 3262 1785 τοῖς
3284 1719 3566 1789 δεομένοις
3595 1731 3752 1784 μετα-

2181 1809 2430 1881 διδῶμεν·
2462 1811 2523 1863 Ὀ
2539 1811 2649 1880 γὰρ
2669 1809 3030 1880 τιμιουλκῶν
3058 1808 3232 1860 σῖτον
3245 1799 3759 1872 δημοκατάρητες.

2185 1895 2335 1966 φησί.
2372 1895 2478 1948 Καὶ
2507 1895 2560 1948 τί
2595 1894 2699 1966 χρὴ
2731 1894 2851 1947 καθ’
2873 1893 3104 1946 ἕκαστον
3132 1891 3342 1959 λέγειν,
3391 1887 3516 1940 δέον
3545 1883 3613 1936 δι’
3648 1882 3758 1941 ἐνὸς

2183 1978 2577 2050 ὑποδείγματος
2621 1980 2684 2032 τὸ
2735 1979 2844 2031 πᾶν
2891 1976 3204 2039 συλλαϐεῖν;
3238 1973 3508 2041 Καθάπερ
3559 1968 3671 2037 γὰρ
3715 1966 3760 2016 οἱ

2181 2063 2474 2133 οἰκοδόμοι,
2507 2062 2729 2116 ἐπειδὰν
2757 2061 3177 2131 μέλλωσιτοῖχον
3205 2057 3463 2127 ἐγείρειν,
3493 2051 3760 2122 σπαρτίον

2182 2147 2454 2211 τείναντες
2491 2147 2598 2200 ἀπὸ
2637 2147 2839 2216 γωνίας
2878 2147 2955 2207 εἰς
2989 2144 3214 2213 γωνίαν,
3257 2140 3432 2203 οὕτως
3471 2137 3761 2207 equum.

2183 2231 2280 2302 τὴν
2326 2231 2634 2301 οἰκοδομὴν,
2675 2231 2814 2284 ὥστε
2848 2230 2921 2300 μὴ
2971 2228 3257 2298 ἀνώμαλον
3292 2226 3466 2295 αὐτῆς
3503 2218 3762 2290 γενέσθαι

2183 2314 2281 2386 τὴν
2309 2316 2629 2382 ἐπιφάνειαν
2649 2331 2663 2345 ·
2694 2315 2835 2368 οὓτω
2865 2315 2930 2384 δὴ
2957 2314 3050 2367 καὶ
3075 2314 3234 2383 ἡμεῖς
3266 2311 3384 2364 ἀντὶ
3409 2306 3683 2378 σπαρτίου
3706 2305 3761 2353 τὸ

2185 2400 2334 2469 ῥῆμα
2361 2398 2518 2451 τοῦτο
2544 2399 2816 2460 τείναντες
2845 2398 2906 2450 τὸ
2949 2397 3131 2465 λέγον·
3167 2397 3302 2450 Εἴτε
3335 2395 3578 2447 ἐσθίετε
3599 2433 3614 2452 .
3649 2389 3762 2443 εἴτε

2184 2483 2406 2544 πίνετε,
2437 2483 2556 2536 εἴτε
2597 2499 2648 2534 τι
2695 2482 2901 2549 ἕτερον·
2927 2481 3165 2542 ποιεῖτε,
3211 2477 3408 2531 πάντα
3450 2478 3544 2540 εἰς
3577 2475 3763 2535 δόξαν·

2187 2567 2335 2621 Θεοῦ
2359 2567 2597 2620 ποιεῖτε.
2645 2568 2742 2620 "Av
2769 2585 2827 2620 τε
2855 2565 3161 2637 εὐχώμεθα.
3191 2565 3255 2618 ἄν
3294 2580 3354 2615 τε
3382 2560 3761 2632 νηστεύωμεν,

2184 2653 2248 2706 ἀν
2300 2669 2357 2704 τε
2413 2651 2759 2721 ἐγκαλῶμεν,
2810 2651 2875 2704 ἄν
2931 2666 2988 2702 τε
3035 2645 3521 2717 συγγινώσκωμεν,
3593 2644 3661 2697 ἄν
3708 2659 3763 2693 τε

2185 2735 2520 2806 ἐπαινῶμεν,
2571 2737 2636 2790 ἄν
2675 2753 2733 2787 τε
2772 2736 3050 2803 ψέγωμεν,
3077 2732 3141 2786 ἄν
3171 2749 3232 2785 τε
3270 2731 3554 2799 εἰσίωμεν,
3603 2729 3668 2782 ἂν
3706 2742 3764 2778 τε

2186 2819 2439 2887 ἐξίωμεν,
2470 2819 2534 2872 ἄν
2572 2835 2629 2870 τε
2671 2817 2959 2887 πωλῶμεν,
2995 2817 3060 2870 ἄν
3089 2832 3146 2867 τε
3183 2813 3574 2884 ἀγοράζωμεν,
3605 2811 3672 2863 ἀν
3705 2826 3761 2860 τε

2190 2901 2452 2970 σιγῶμεν,
2482 2901 2546 2954 ἄν
2574 2918 2631 2953 τε
2647 2899 3045 2969 διαλεγώμεθα,
3075 2899 3138 2952 ἄν
3157 2915 3214 2949 τε
3237 2897 3362 2952 ἄλλο
3384 2893 3566 2948 ὁτιοῦν
3593 2893 3763 2962 πράτ-

2187 3002 2390 3055 τωμεν,
2422 2986 2502 3048 εἰς
2525 2985 2680 3048 δόξαν
2705 2983 2839 3037 Θεοῦ
2867 2985 3040 3038 πάντα
3075 2983 3336 3051 ποιῶμεν,
3362 2981 3466 3034 κᾶν
3498 2982 3574 3050 μή
3608 2997 3662 3031 τι
3688 2980 3766 3039 εἰς

2187 3069 2345 3133 δόξαν
2401 3068 2536 3120 Θεοῦ
2571 3068 2809 3137 γίνηται,
2861 3068 2993 3137 μηδέ
3028 3065 3280 3134 γινέσθω,
3335 3065 3469 3134 μηδέ
3519 3061 3764 3130 λεγέσθω

2190 3154 2318 3223 παρ’
2348 3151 2526 3224 ἡμῶν
2547 3151 2661 3206 ἀλλ’
2687 3152 2808 3206 ἀντὶ
2839 3151 3137 3221 βακτηρίας
3173 3148 3432 3220 μεγάλης.
3462 3147 3583 3201 ἀνθ’
3601 3144 3765 3198 ὅπλου

2189 3237 2286 3290 καὶ
2315 3235 2640 3306 ἀσφαλείας,
2685 3235 2805 3290 ἀντὶ
2830 3233 3119 3304 θησαυρῶν
3145 3233 3388 3301 ἀφάτων,
3421 3232 3674 3300 ὅπουπερ
3704 3229 3768 3283 ἀν

2191 3315 2373 3393 ὦμεν.
2428 3321 2490 3374 τὸ
2542 3321 2690 3391 ῥῆμα
2732 3317 2891 3372 τοῦτο
2932 3317 3050 3388 μεθ’
3083 3316 3293 3371 ἑαυτῶν
3335 3317 3764 3388 περιφέρωμεν,

2192 3405 2564 3476 ἐγγράψαντες
2593 3405 2659 3473 τῇ
2693 3401 2921 3472 διανοίᾳ,
2967 3403 3054 3454 ἴνα
3103 3401 3279 3454 πάντα
3306 3403 3386 3463 εἰς
3416 3401 3580 3466 δόξαν
3630 3399 3767 3452 Θεοῦ

2192 3491 2286 3544 καὶ
2319 3490 2645 3556 ποιήσαντες
2666 3486 2758 3540 καὶ
2777 3487 3019 3545 εἰπόντες
3050 3485 3143 3539 καὶ
3174 3483 3766 3555 πραγματευσάμενοι,

2191 3572 2290 3643 τῆς
2324 3572 2454 3642 παρ’
2483 3570 2646 3624 αὑτοῦ
2670 3561 2926 3641 ῗιύχωμεν
2957 3568 3114 3639 δόξης
3137 3568 3230 3622 καὶ
3251 3567 3488 3622 ἐνταῦθα
3510 3569 3610 3621 καὶ
3633 3568 3774 3638 μετά

2192 3657 2292 3727 τὴν
2321 3654 2567 3709 ἐντεῦθεν
2601 3653 2928 3725 ἀποδημίαν.
2956 3653 3102 3718 Τοὺς
3125 3652 3232 3724 γάρ
3270 3650 3634 3717 δοξάζοντάς
3666 3670 3766 3721 με,

2195 3741 2328 3810 φησὶ
2353 3738 2522 3810 [707],
2556 3736 2815 3801 δοξάσω.
2865 3735 2956 3806 Μὴ
3001 3737 3179 3790 τοίνυν
3208 3737 3467 3806 ῥήμασιν,
3501 3735 3641 3790 ἀλλά
3673 3738 3768 3790 καὶ

2194 3823 2281 3877 διά
2313 3823 2422 3876 τῶν
2453 3823 2795 3892 πραγμάτων
2841 3819 3004 3874 αὑτὸν
3032 3819 3342 3888 δοξάζωμεν
3382 3819 3629 3889 συνεχῶς
3669 3823 3766 3874 σὺν

2194 3905 2414 3977 Χριστῷ
2456 3904 2536 3976 τῷ
2571 3901 2688 3973 Θεῷ
2718 3903 2898 3974 ήμῶν,
2933 3903 3014 3956 ὅτι
3039 3902 3187 3972 αὐτῷ
3212 3903 3408 3973 πρέπει
3432 3904 3583 3955 πᾶσα
3615 3903 3762 3966 δόξα,

2194 4008 2244 4043 τι
2252 3991 2326 4061 μὴ
2347 3991 2442 4043 καὶ
2461 3987 2847 4061 προσκύνησις,
2865 3987 2957 4042 νῦν
2979 3988 3071 4040 καὶ
3100 3987 3187 4040 ἀεὶ
3211 3986 3306 4040 καὶ
3325 3986 3404 4050 εἰς
3415 3987 3764 4051 τοὺςαίῶνας

2193 4075 2302 4127 τῶν
2335 4072 2564 4126 αἰώνων.
2613 4073 2804 4143 Ἀμήν.

2259 4218 2283 4248 ⁸
2313 4215 2394 4264 Sic
2413 4217 2509 4263 duo
2532 4228 2643 4263 mss.
2669 4221 2721 4262 et
2751 4215 2863 4264 Ssv.
2892 4223 3039 4276 atque
3063 4215 3275 4278 itaqlegit
3297 4216 3560 4278 interpres.
3586 4214 3762 4266 Ποῖ-ει.

2195 4291 2313 4328 vero
2337 4279 2391 4326 οὐ
2412 4278 2603 4326 δυνατὸν
2621 4278 2773 4325 πάντα
2793 4278 2856 4334 είς
2878 4278 3012 4332 δόξαν
3032 4276 3156 4325 Θεοῦ
3177 4276 3341 4326 ποιεῖν.

525 4475 3760 4510 W

1649 4602 1758 4663 AD
1794 4600 2184 4663 HOMILIAS
2232 4602 2336 4663 DE
2385 4601 2699 4662 LAZARO

617 4785 733 4855 Qua
763 4786 889 4842 anni
932 4796 1250 4857 tempestate
1278 4797 1334 4844 et
1365 4803 1469 4859 qua
1509 4787 1597 4843 die
1633 4788 1864 4858 primam
1900 4788 1965 4842 de
2001 4785 2105 4840 La-

543 4898 672 4937 zaro
706 4881 982 4935 homiliam
1014 4880 1266 4935 habuerit
1306 4880 1750 4951 Chrysostomus,
1806 4896 1929 4934 cum
1989 4881 2103 4950 ipse

544 4971 732 5024 titulus
764 4970 1022 5036 declarat,
1053 4971 1189 5042 μετὰ
1217 4971 1316 5034 τὰς
1345 4971 1610 5035 καλάνδας
1634 4975 1699 5044 τῇ
1739 4971 1863 5043 ἑξῆς
1892 4973 1950 5026 ἐν
1996 4972 2104 5025 ’Λν-

541 5061 746 5132 τιοχείᾳ
796 5061 1024 5131 λεχθείς,
1067 5059 1328 5117 Postridie
1359 5059 1628 5116 Kalendas
1671 5063 1967 5118 Antiochia!
2006 5064 2102 5116 Ita-

542 5153 680 5205 bitus
719 5168 930 5216 sermo;
965 5160 1076 5206 tum
1117 5154 1280 5208 etiam
1321 5157 1422 5209 hoc
1472 5154 1753 5209 conciouis
1816 5155 2094 5208 exordium

544 5241 857 5298 Hesternum
889 5245 1048 5306 diem,
1086 5261 1204 5299 cum
1235 5255 1366 5300 esset
1408 5247 1596 5314 festum
1625 5246 1862 5310 Satanw,
1903 5246 2102 5316 fecistis

541 5335 733 5402 festum
769 5335 1019 5406 Spiritus,
1051 5338 1174 5407 quia
1202 5339 1366 5392 multo
1407 5356 1525 5392 cum
1550 5341 1715 5394 animi
1758 5339 1931 5392 studio
1963 5355 2102 5392 rece-

542 5429 691 5495 pistis
728 5446 790 5483 ea
817 5447 935 5500 qum
970 5448 1001 5484 a
1031 5431 1178 5485 nobis
1200 5432 1531 5496 dicebantur,
1561 5443 1665 5488 etc.
1716 5432 1868 5488 Unde
1898 5431 2098 5488 inferas

545 5519 772 5586 primam
828 5521 974 5574 illam
1017 5521 1082 5576 de
1120 5520 1329 5578 Lazaro
1367 5523 1643 5578 homiliam
1694 5524 1890 5578 dictam
1929 5524 2097 5579 fuisse

549 5615 787 5664 secundo
815 5608 1061 5667 Januarii
1110 5613 1219 5680 die,
1281 5623 1404 5686 post
1441 5615 1641 5671 festum
1700 5613 2092 5683 Saturualium,

551 5701 686 5766 mod
713 5717 836 5759 vere
869 5701 1066 5760 festum
1100 5703 1313 5762 Satana:
1332 5715 1467 5773 erat,
1500 5707 1590 5762 ubi
1621 5707 1972 5773 temulentim,
2001 5707 2096 5761 tri-

2205 4789 2408 4860 pudiis,
2443 4791 2848 4856 saltationibus,
2889 4789 3397 4858 comessationibus,
3439 4789 3678 4860 aliisque
3697 4805 3765 4846 ex

2209 4881 2475 4936 Bacchico
2508 4883 2598 4937 illo
2629 4881 2812 4938 furore
2838 4883 3316 4954 consequentibus,
3352 4898 3566 4954 Operam
3603 4883 3763 4938 dabat

2203 4989 2329 5044 pars
2384 4975 2619 5029 maxima
2675 4975 2930 5030 civitatis.
2993 4975 3322 5045 Videturque
3366 4975 3556 5032 eodem
3618 4992 3760 5030 anno

2161 5105 2166 5110 .
2206 5065 2385 5120 habita
2424 5081 2534 5136 quo
2574 5067 2794 5121 liomilia
2831 5067 2880 5120 iu
2917 5064 3204 5133 Kalendas,
3235 5066 3451 5138 quando
3492 5077 3552 5120 ut
3582 5066 3761 5123 disso-

2205 5159 2350 5213 lutos
2379 5173 2557 5212 mores
2583 5157 2634 5212 vi
2676 5167 3063 5228 compesceret,
3093 5168 3310 5214 strenue
3336 5167 3527 5214 contra
3556 5162 3753 5212 sataui-

2205 5268 2320 5305 cam
2348 5252 2487 5306 hunc
2524 5253 2972 5307 consuetudinem
2999 5251 3350 5306 concionatus
3414 5259 3497 5305 est
3540 5263 3756 5306 sanctus

2205 5345 2431 5407 doctor;
2463 5343 2696 5412 idipsum
2731 5343 2874 5396 enim
2907 5343 3145 5397 declarat
3175 5343 3227 5398 in
3261 5343 3484 5398 exordio
3525 5344 3757 5399 homili:e

2206 5434 2368 5502 hujus
2400 5433 2588 5502 prima:
2614 5433 2680 5487 de
2710 5431 2931 5486 Lazaro.
2970 5433 3041 5486 De
3077 5449 3218 5488 anno
3244 5443 3423 5487 autem
3455 5448 3524 5488 ne
3563 5435 3751 5502 proba-

2205 5524 2298 5579 bili
2331 5523 2544 5594 quidem
2587 5522 2895 5591 conjectura
2941 5525 3219 5594 quidpiam
3267 5533 3501 5580 statuere
3561 5541 3755 5594 possu—

2203 5632 2342 5672 mus.
2398 5615 2534 5670 Nam
2597 5632 2717 5687 qua:
2771 5615 3118 5672 Hei-manlius
3172 5629 3332 5688 atquc
3380 5616 3752 5673 Tillemontius

2201 5709 2412 5775 dicunt,
2451 5718 2508 5764 ut
2536 5712 2632 5764 has
2668 5709 2916 5765 lionnilias
2972 5711 3023 5766 in
3062 5725 3260 5765 annum
3297 5709 3417 5785 581
3452 5709 3746 5786 coniciant,
