3790 6262
3 285 118 340 961
1051 296 1361 353 HOMlLl/E
1405 300 1489 354 DE
1531 301 1824 357 LAZARO.
1855 334 1922 344 --
1954 303 2296 362 MONITUM.

3 426 134 472 sus,
174 417 451 478 aspectus,
482 407 638 462 verba
665 447 679 471 ,
707 421 989 462 consessus
1008 449 1022 471 ,
1047 409 1316 476 ingressus
1344 450 1358 470 ,
1395 411 1568 465 exitus
1594 452 1613 478 ,

3 500 244 555 facetia:
275 541 292 561 .
322 498 682 564 laudationes,
717 498 1157 568 vituperationes,
1205 501 1620 555 connuendatio-

3 610 142 657 nes,
177 591 456 656 amicitiae,
487 589 773 643 inimicitia:
792 601 1012 660 possunt
1037 601 1255 660 propter
1280 593 1444 645 Deum
1471 594 1618 649 ﬁeri:

3 683 149 752 quid
183 690 377 747 restat,
405 682 447 735 si
467 681 805 744 voluerimus,
827 681 965 750 quod
995 697 1098 735 non
1124 683 1387 750 possimus
1407 696 1623 753 propter

3 777 203 832 Deum
237 774 452 830 facere?
477 773 611 840 Quid
640 776 872 828 carceris
895 773 1203 828 custodibus
1228 775 1463 829 deterius
1503 790 1623 831 esse

3 869 252 938 potest?
302 866 487 922 Nonne
513 867 625 920 lucc
649 867 754 919 vita
780 867 1016 919 omnium
1039 865 1361 935 nequissima
1397 882 1517 921 esse
1539 867 1621 921 vi-

6 962 229 1017 detur?
273 961 420 1016 Licet
448 969 624 1013 tamen
653 959 700 1012 ei
731 959 820 1028 qui
861 959 987 1012 velit
1037 959 1160 1014 inde
1189 959 1395 1014 lucrum
1440 976 1623 1030 repor-

5 1066 64 1106 ta
75 1069 164 1116 re,
184 1050 407 1122 quando
426 1050 616 1103 vinctis
630 1050 816 1118 parcit,
839 1048 1050 1117 quando
1064 1049 1259 1118 injuste
1281 1051 1332 1103 in
1349 1066 1620 1107 carcerem

4 1144 312 1214 conjectos
331 1149 503 1206 curat,
525 1149 580 1195 et
608 1141 659 1194 in
689 1139 876 1194 alienis
897 1140 1287 1195 colamitatibus
1311 1158 1417 1195 non
1458 1158 1622 1212 nego-

4 1238 196 1291 tiatur
236 1253 254 1288 :
285 1234 498 1304 quando
536 1232 834 1286 communis
877 1233 1186 1300 proponitur
1213 1233 1460 1286 onmibus
1486 1233 1624 1286 al‘lli-

4 1334 130 1384 ctis
167 1338 384 1400 portus.
425 1326 500 1379 Ita
540 1333 721 1395 custos
745 1324 974 1379 carceris
1006 1324 1152 1378 Pauli
1184 1325 1408 1379 salutem
1434 1335 1621 1381 nactus

7 1433 111 1476 est
140 1422 168 1493 (
195 1423 312 1473 Act.
343 1419 429 1474 16.
451 1420 540 1473 ‘27.
571 1435 680 1491 sqq.
719 1420 772 1487 ):
808 1417 946 1471 unde
973 1418 1136 1487 liquet
1163 1433 1259 1471 nos
1282 1433 1348 1472 ex
1378 1420 1622 1474 omnibus

9 1514 220 1576 rebus,
259 1511 306 1565 si
328 1512 675 1576 voluerimus,
706 1509 907 1564 lucrum
939 1510 1113 1563 facere
1136 1524 1314 1578 posse.

100 1604 158 1658 6.
189 1603 359 1672 Quid,
387 1616 596 1672 quaeso,
624 1601 771 1656 cmde
795 1601 1060 1671 indignius
1081 1615 1200 1656 esse
1228 1600 1440 1670 potest?
1464 1605 1621 1656 Atta-

11 1713 156 1750 men
185 1694 447 1765 justitiam
477 1692 667 1747 afferre
697 1693 865 1762 potuit
887 1693 1046 1747 etiam
1077 1693 1176 1747 hoc
1203 1693 1425 1760 facinus,
1455 1693 1503 1748 ei
1533 1693 1622 1763 qui

13 1788 331 1842 admiserat
360 1803 372 1838 :
401 1785 531 1839 tanti
557 1793 639 1838 est
668 1793 883 1853 propter
913 1783 1076 1837 Deum
1106 1783 1393 1854 quidquam
1423 1783 1618 1839 facere.

15 1883 103 1933 At
130 1877 404 1948 quomodo
429 1873 1056 1945 potuitczedesjustitiam
1075 1874 1302 1928 afferre?
1329 1875 1624 1928 Madianita:

15 1975 162 2026 ulim
195 1972 444 2026 volebant
470 1969 733 2023 infensum
765 1969 925 2023 Deum
955 1967 1155 2023 Judazis
1185 1971 1359 2022 facere
1378 2010 1393 2032 ,
1423 1968 1521 2022 hac
1541 1970 1621 2020 via

17 2063 284 2118 arbitrati
311 2077 370 2116 se
398 2061 515 2116 illos
541 2073 791 2130 superare
821 2073 976 2129 posse
1001 2101 1016 2126 ,
1054 2058 1099 2113 si
1128 2059 1497 2114 benevolentia
1529 2060 1622 2113 Dei

19 2157 161 2210 illos
199 2155 507 2224 privarent;
554 2151 758 2222 puellas
795 2160 1149 2215 exornantes,
1178 2160 1234 2206 et
1270 2151 1325 2205 in
1353 2152 1620 2205 exercitus

19 2256 336 2318 conspectu
355 2245 700 2307 collocantes,
732 2243 1166 2298 lenocinabuntur
1195 2258 1308 2309 eos,
1341 2253 1395 2298 et
1419 2243 1484 2297 ad
1515 2252 1626 2298 stu-

21 2357 198 2410 prum
220 2343 412 2412 primo,
435 2338 628 2392 deinde
651 2337 812 2392 etiam
832 2337 897 2392 ad
921 2337 1241 2407 impietatem
1271 2336 1622 2392 adducebant.

22 2435 153 2491 Hoc
179 2449 304 2490 cum
326 2432 546 2487 vidisset
571 2431 799 2487 Phinees
824 2471 838 2497 ,
875 2431 1008 2485 duos
1045 2432 1097 2484 in
1138 2431 1251 2500 ipsa
1277 2429 1626 2486 fornicatione

23 2526 484 2597 deprehendens,
527 2524 768 2580 districto
807 2522 980 2594 gladio
1025 2533 1278 2593 utrosque
1309 2523 1622 2584 transfodit.

3201 320 3304 373 9'79.

1722 424 1842 479 set,
1872 419 2134 485 gratiosus
2161 423 2300 489 apud
2345 424 2506 479 Deum
2555 427 2688 483 fuit:
2720 429 2796 484 sic
2823 439 2877 485 et
2921 431 3020 487 iste
3063 448 3167 487 non
3208 449 3302 503 per

1728 509 2084 576 precationem
2106 512 2343 580 offendit,
2371 517 2464 571 sed
2491 533 2586 586 per
2610 521 2770 575 animi
2795 521 3143 586 affectionem,
3170 541 3303 593 qua-

1727 611 1847 651 cum
1876 601 2210 668 precabatur,
2239 606 2516 676 prolapsus
2540 619 2640 663 est.
2671 612 2742 664 lta
2768 612 2925 666 etiam
2955 615 2998 667 si
3029 613 3303 683 spiritualo

1727 687 1921 757 aliquid
1949 690 2138 759 fuerit,
2171 695 2215 747 si
2248 705 2421 750 tamen
2451 710 2668 768 propter
2698 702 2860 756 Deum
2892 719 2995 758 non
3027 705 3150 769 liat,
3179 721 3303 760 cum

1728 781 1915 847 primis
1941 783 2087 837 illum
2117 785 2289 852 laedit,
2320 789 2410 857 qui
2451 791 2593 845 facit.
2627 793 3081 858 Quemadmodum
3117 799 3160 850 si
3199 799 3301 851 ali-

1728 871 1852 940 quid
1891 875 2145 931 smculare
2185 879 2400 948 propter
2439 881 2600 935 Deum
2638 885 2746 948 ﬁat,
2775 886 3056 940 admodum
3091 888 3304 956 adjuvat

1727 975 1871 1028 eum,
1899 964 1986 1032 qui
2029 981 2147 1021 cum
2189 969 2430 1040 religiosa
2478 973 2528 1025 id
2574 974 2697 1028 facit
2743 987 2937 1028 mente.
2984 978 3116 1043 Quid
3160 981 3300 1033 enim

1726 1056 1872 1110 caede
1899 1061 2108 1127 gravius
2135 1071 2226 1116 aut
2260 1064 2569 1120 horribilius
2597 1082 2715 1120 esse
2745 1070 2956 1135 potest?
2983 1071 3188 1124 Justum
3222 1084 3300 1124 ta-

1727 1161 1848 1201 nten
1878 1148 2053 1204 cﬂ‘ecit
2077 1168 2197 1206 eum
2227 1155 2316 1224 qui
2360 1155 2411 1209 id
2440 1171 2598 1210 ausus
2623 1168 2723 1211 est.
2747 1159 2965 1224 Qualem
2991 1176 3116 1229 ergo
3143 1178 3300 1214 excu-

1725 1239 1982 1296 sationem
2009 1243 2322 1300 habebimus
2345 1264 2440 1303 nos
2460 1290 2474 1312 ,
2498 1250 2587 1319 qui
2603 1251 2828 1305 dicimus
2852 1267 2913 1305 ex
2941 1253 3186 1306 omnibus
3215 1269 3300 1308 re-

1726 1329 1826 1384 bus
1847 1331 2156 1389 lucrifacere
2177 1345 2231 1390 et
2251 1338 2427 1391 omnia
2456 1350 2671 1409 propter
2693 1341 2858 1394 Deum
2886 1357 2982 1395 nos
3003 1343 3174 1396 facere
3196 1359 3301 1399 non

1728 1433 1884 1488 posse
1903 1463 1917 1486 ,
1946 1437 2066 1478 cum
2107 1425 2437 1482 inveniamus
2465 1431 2622 1483 etiam
2651 1431 2738 1500 qui
2761 1447 2790 1484 e
2821 1432 2966 1486 crede
2995 1433 3196 1487 lucrum
3229 1435 3303 1487 fc-

1727 1514 1951 1567 ce'runt?
1979 1515 2033 1569 Si
2056 1516 2287 1571 animum
2311 1520 2586 1574 advertere
2618 1522 2956 1586 Volueritnus,
2979 1524 3090 1577 sive
3115 1538 3302 1578 emen-

1726 1605 1886 1670 dum,
1915 1609 2028 1661 sive
2071 1609 2404 1664 vendendum
2447 1612 2551 1675 sit,
2603 1613 2654 1666 in
2695 1619 2801 1666 tota
2837 1615 2940 1667 vita
2973 1615 3300 1685 spiritualem

1729 1695 1866 1751 hanc
1891 1710 2240 1754 mercaturam
2267 1702 2524 1758 faciemus
2554 1722 2568 1757 :
2602 1714 2659 1759 ut
2686 1705 2730 1758 si
2760 1706 2993 1775 legitimo
3022 1707 3189 1775 pretio
3221 1709 3302 1760 ni-

1729 1785 1802 1838 hil
1830 1789 2055 1857 amplius
2083 1793 2434 1861 requiramus,
2461 1793 2824 1849 difficultatem
2852 1812 3077 1850 annona:
3104 1814 3301 1867 nequa-

1728 1894 1884 1948 quam
1902 1882 2265 1950 observemus,
2288 1895 2342 1938 et
2365 1895 2471 1938 tum
2491 1887 2768 1956 egentibus
2788 1887 3154 1942 divendamus.
3184 1888 3300 1942 Ma.—

1731 1971 1937 2024 ledictus
1963 1975 2093 2025 enim
2114 2015 2125 2036 ,
2153 1975 2340 2044 inquit,
2373 1978 2476 2041 ille,
2503 1979 2590 2046 qui
2616 1978 2853 2048 frumenti
2879 1981 3132 2031 caritatem
3157 1989 3306 2049 auget

1731 2065 1748 2131 (
1781 2062 1930 2118 Prov.
1959 2066 2044 2120 ll.
2067 2065 2193 2137 9.6).
2221 2067 2325 2122 Sed
2351 2067 2474 2136 quid
2499 2078 2708 2136 oportet
2733 2071 2936 2139 singula
2964 2087 3300 2138 percensere.

1733 2156 1848 2212 Uno
1876 2160 2120 2228 exemplo
2155 2161 2330 2213 omnia
2362 2161 2656 2231 colligenda
2694 2162 2920 2217 fuerant.
2956 2165 3305 2231 Quemadmo-

1729 2252 1854 2306 dum
1883 2254 2022 2306 enim
2049 2253 2400 2308 :edilicatores
2427 2271 2546 2307 cum
2579 2271 2786 2308 murum
2810 2257 3129 2309 exstructuri
3159 2267 3304 2318 sunt,

1729 2345 1979 2397 amussim
2008 2345 2075 2398 ab
2096 2347 2287 2415 angulo
2307 2346 2371 2400 ad
2399 2347 2646 2416 angulum
2669 2347 2885 2407 ducunt,
2915 2358 3072 2417 atque
3100 2348 3168 2401 ita
3196 2365 3306 2401 mu-

1732 2452 1847 2490 rum
1875 2446 2206 2500 construunt,
2234 2447 2290 2491 ut
2317 2438 2533 2492 minime
2560 2439 2836 2508 inatqualis
2863 2439 2976 2507 cjtts
3003 2441 3307 2507 superﬁcies

1731 2531 1951 2582 exsistat
1984 2547 1995 2582 :
2019 2531 2096 2582 sic
2123 2537 2175 2582 et
2204 2544 2299 2582 nos
2326 2545 2422 2598 pro
2446 2530 2643 2582 amussi
2669 2531 2887 2584 verbum
2923 2530 3022 2582 hoc
3051 2529 3304 2582 adhibita-

26 2621 244 2689 Deique
275 2619 406 2672 iram
436 2632 465 2670 a
497 2617 758 2672 destinata
783 2617 1044 2671 sententia
1066 2614 1281 2669 deduxit
1299 2613 1488 2685 (Nam.
1508 2615 1624 2684 25).

28 2718 120 2767 Ac
147 2713 352 2766 facinus
377 2710 590 2782 quidem
621 2709 791 2780 ipsum
819 2708 993 2764 caedes
1027 2707 1124 2762 fuit
1156 2726 1170 2763 :
1204 2707 1406 2762 fructus
1445 2719 1621 2762 autem

28 2807 206 2870 illius,
234 2805 466 2858 omnium
492 2801 879 2872 perdendorum
907 2800 1051 2854 salus
1078 2817 1092 2852 :
1125 2801 1262 2853 unde
1291 2808 1345 2853 et
1365 2799 1622 2868 justitiam

29 2897 224 2951 attulit
242 2897 312 2962 ci,
343 2895 432 2964 qui
459 2893 559 2947 hoc
586 2893 730 2947 fecit.
764 2891 832 2946 Et
857 2906 960 2945 non
990 2891 1146 2944 modo
1172 2905 1275 2943 non
1307 2905 1492 2944 manus
1515 2888 1629 2944 hmc

31 2987 224 3041 eazdes
263 2985 556 3055 inquinavit
586 3023 600 3045 ,
643 2984 738 3037 sed
780 2981 948 3036 multo
991 2981 1148 3034 etiam
1195 2978 1436 3049 puriorcs
1478 2977 1624 3032 fecit.

33 3086 224 3152 Atque
251 3079 299 3133 id
321 3078 442 3148 jure
465 3077 675 3146 quidem
702 3092 715 3128 :
744 3089 849 3128 non
877 3073 1018 3128 enim
1044 3088 1110 3127 ex
1133 3087 1318 3126 eorum
1343 3071 1467 3126 odio
1495 3086 1629 3141 quos

35 3169 338 3236 interfecit,
363 3183 413 3224 et
441 3169 654 3233 invidia,
685 3166 781 3222 sed
812 3176 867 3220 ut
891 3181 1097 3228 eorum,
1119 3165 1211 3235 qui
1234 3163 1626 3233 superfuerant,

36 3264 208 3320 saluti
247 3263 581 3327 consuleret,
615 3261 714 3314 hoc
742 3258 996 3329 suscepit.
1048 3257 1190 3311 Duos
1233 3253 1496 3309 interfecit
1521 3295 1536 3320 ,
1577 3262 1633 3307 et

37 3358 311 3413 inlinitam
363 3355 632 3410 hominum
677 3352 1063 3408 multitudinem
1111 3351 1359 3404 servavit.
1404 3347 1632 3402 Perinde

38 3461 232 3504 autem
264 3447 387 3502 fecit
412 3462 475 3501 ac
499 3444 693 3500 medici
721 3445 916 3510 solent,
942 3443 1029 3513 qui
1063 3452 1238 3511 partes
1260 3438 1499 3509 corporis
1533 3454 1630 3508 pn-

42 3549 348 3596 trescentes
367 3536 704 3608 amputando,
731 3536 990 3606 integrum
1012 3542 1064 3588 et
1084 3547 1270 3587 sanum
1292 3544 1483 3600 corpus
1504 3545 1632 3584 con-

43 3641 273 3690 servant
302 3651 316 3686 :
348 3631 426 3685 sic
453 3639 506 3684 et
547 3629 635 3683 ille
673 3626 816 3682 fecit.
864 3626 1150 3696 Propterea
1196 3623 1472 3678 Psalmista
1511 3622 1584 3674 ait
1616 3638 1630 3674 :

46 3727 208 3781 Stetit
239 3723 453 3777 Phinees
471 3763 488 3788 ,
520 3731 565 3775 et
597 3720 844 3791 placavit,
873 3729 917 3772 et
945 3718 1150 3772 cessavit
1175 3717 1450 3786 quassatio,
1473 3724 1518 3766 et
1546 3729 1629 3766 re-

47 3830 372 3890 putatamest
397 3818 471 3870 illi
497 3816 564 3868 ad
577 3816 850 3882 justitiam,
879 3829 908 3865 a
938 3811 1254 3882 generatione
1275 3809 1341 3861 ad
1366 3809 1638 3879 generatio-

50 3929 174 3964 nem
196 3952 210 3973 ,
242 3925 392 3978 usque
434 3908 484 3960 in
521 3906 874 3973 sempiternum
900 3905 920 3975 (
953 3903 1093 3956 Paul.
1125 3901 1246 3955 105.
1277 3899 1344 3954 50
1370 3899 1388 3969 )
1415 3916 1427 3950 :
1463 3899 1638 3967 itaque

49 3999 372 4056 immortalis
390 3998 544 4066 hujus
561 4007 704 4051 recte
721 3996 837 4050 facti
857 3994 1107 4048 memoria
1126 4001 1414 4062 prrtttattcl.
1437 3990 1637 4043 Rursus

51 4093 196 4145 alius
231 4090 397 4143 oravit
422 4097 475 4142 ct
500 4087 764 4143 lacessivit
799 4086 960 4140 Deum
991 4102 1005 4138 :
1033 4084 1164 4138 adeo
1191 4093 1273 4137 est
1300 4080 1496 4150 aliquid
1533 4096 1637 4133 non

53 4195 280 4258 propter
309 4185 474 4239 Deum
519 4181 694 4237 facere
727 4200 741 4237 :
772 4181 1097 4235 Pharisamm
1137 4179 1257 4233 dico
1305 4176 1472 4250 (Luc.
1506 4174 1571 4229 18
1593 4175 1635 4243 ).

55 4278 171 4335 Sed
196 4274 634 4346 quemadmodum
663 4273 890 4328 Phiuees
918 4271 1076 4326 etiam
1100 4285 1220 4324 cum
1249 4267 1446 4323 credent
1475 4266 1634 4319 fecis—

84 4531 271 4542 ___——
304 4533 311 4539 .

85 4529 2352 4555 Ψ

1731 2637 1850 2675 mus
1874 2621 2010 2690 quod
2039 2622 2175 2686 apud
2191 2618 2498 2688 Apostolum
2529 2626 2609 2674 est
2634 2637 2647 2673 :
2671 2621 2788 2676 Sive
2812 2621 2978 2686 editis,
3001 2621 3100 2673 sive
3123 2621 3303 2683 bibitis,

1730 2715 1831 2768 sive
1872 2714 1992 2784 quid
2028 2715 2168 2768 aliud
2211 2715 2376 2786 tacitis
2405 2755 2419 2778 ,
2464 2715 2632 2768 omnia
2665 2716 2730 2768 ad
2767 2715 2981 2784 gloriam
3027 2713 3116 2765 Dei
3162 2715 3310 2783 facile

1733 2805 1754 2877 (
1781 2807 1826 2858 l.
1856 2805 1972 2859 Cor.
1997 2804 2078 2860 l0.
2102 2803 2212 2875 51).
2239 2805 2360 2860 Sive
2377 2820 2502 2875 ergo
2526 2820 2820 2874 precemur,
2849 2803 2960 2858 sive
2985 2803 3308 2871 jt-jnncmus,

1732 2900 1844 2954 sive
1868 2913 2196 2962 accusemus,
2218 2896 2328 2950 sive
2348 2897 2730 2962 condonemus,
2768 2896 2878 2950 sive
2899 2895 3172 2949 laudemus
3202 2894 3312 2948 sive

1734 2992 2133 3059 vitttpcremus,
2176 2989 2288 3043 sive
2333 2988 2690 3058 iugrediamur
2730 2989 2842 3041 sive
2869 2991 3155 3048 exeatnus,
3201 2985 3312 3038 sive

1735 3083 2028 3135 vendamus
2064 3083 2176 3135 sive
2216 3095 2472 3146 emamus,
2509 3079 2621 3133 sive
2649 3087 2916 3133 taceamus
2941 3077 3052 3130 sive
3077 3075 3313 3145 disputeo

1736 3190 1874 3238 inus,
1906 3175 2016 3228 sive
2036 3172 2173 3227 aliud
2201 3172 2324 3242 quid
2351 3171 2606 3225 faciamus
2629 3187 2641 3222 :
2671 3169 2846 3223 omnia
2871 3169 2934 3220 ad
2962 3169 3183 3237 gloriam
3215 3166 3312 3219 Dei

1739 3266 2024 3329 faciamus,
2058 3274 2110 3319 et
2138 3266 2180 3318 si
2226 3264 2348 3334 quid
2379 3265 2443 3317 ad
2473 3263 2694 3332 gloriam
2736 3262 2826 3314 Dei
2871 3276 2976 3314 non
3015 3259 3308 3330 pertineat,

1739 3359 1864 3412 illud
1897 3374 2063 3426 neque
2093 3357 2265 3423 facto,
2297 3372 2462 3424 neque
2483 3355 2624 3408 dicto
2649 3369 2677 3406 a
2705 3353 2856 3406 nobis
2882 3361 3192 3420 nsurpclur;
3221 3348 3315 3404 scd

1742 3469 1836 3521 pro
1867 3453 2050 3505 baculo
2081 3465 2289 3518 magno,
2322 3448 2630 3518 pro'armis,
2661 3461 2755 3514 pro
2787 3445 3049 3514 praesidio,
3077 3460 3171 3514 pro
3201 3443 3315 3496 the-

1739 3543 1910 3597 sauris
1933 3541 2223 3604 immensis,
2243 3539 2560 3608 ubicumque
2586 3538 2769 3600 simus,
2798 3535 2898 3588 hoc
2921 3535 3116 3588 dit-tum
3139 3533 3316 3585 animo

1743 3635 2090 3692 inscribentes
2112 3674 2125 3697 ,
2161 3632 2432 3686 nobiscum
2460 3628 2894 3683 circumferamus
2915 3669 2929 3691 ,
2961 3635 3017 3679 ut
3044 3625 3217 3677 omnia
3248 3622 3316 3676 ad

1740 3727 1957 3798 gloriam
1995 3724 2084 3777 Dei
2125 3722 2403 3784 facientes,
2436 3721 2711 3789 loquentes
2735 3759 2749 3781 ,
2785 3719 3131 3786 suscipientes
3153 3758 3166 3780 ,
3204 3724 3315 3767 tum

1745 3821 1848 3879 hic.
1881 3830 1989 3872 tum
2019 3828 2134 3886 post
2162 3815 2314 3884 hujus
2346 3815 2481 3875 vita;
2497 3812 2973 3882 peregrinationem
3004 3809 3223 3878 gloriam
3250 3809 3316 3861 ab

1743 3929 1808 3966 eo
1835 3923 2241 3976 consequamur.
2275 3907 2360 3959 Ait
2384 3906 2524 3959 enim
2557 3922 2569 3958 :
2604 3902 2778 3958 Gloria
2799 3902 3062 3972 allicientes
3089 3917 3184 3964 me,
3215 3901 3317 3970 glo-

1743 4003 1820 4056 ria
1841 4002 2054 4072 aﬁiciam
2080 4000 2150 4071 (1.
2179 3998 2304 4068 Reg.
2326 3998 2380 4050 2.
2412 3998 2523 4068 50).
2548 3994 2663 4049 Νοιι
2690 3994 2843 4047 dictis
2869 4008 3016 4063 ergo,
3041 3992 3135 4046 scd
3167 3991 3317 4044 factis

1746 4095 1873 4164 ipsis
1894 4093 2038 4147 illum
2063 4090 2271 4144 assidue
2294 4089 2458 4158 gloria
2482 4087 2773 4140 afficiamus
2811 4099 2929 4138 cum
2952 4083 3161 4138 Christo
3211 4083 3322 4136 Deo

1749 4201 1928 4243 nostro
1960 4202 1974 4238 :
2007 4186 2125 4256 quia
2159 4184 2304 4239 illum
2328 4182 2482 4237 decet
2505 4181 2682 4235 omnis
2707 4179 2893 4249 gloria.
2928 4177 3098 4231 honor
3120 4175 3321 4230 ctado—

1749 4283 1902 4342 ratio,
1928 4292 2066 4333 mmc
2083 4285 2139 4332 et
2154 4290 2366 4345 semper
2393 4281 2448 4328 et
2472 4273 2525 4327 in
2549 4272 2743 4326 saecula
2763 4269 3096 4325 smculorum.
3125 4268 3314 4322 Amen.

1793 4513 2426 4523 —.-——.—————_———__---
2443 4514 2473 4519 α-
2571 4514 2648 4519 -._..
2668 4515 2704 4520 -,.
2726 4513 2984 4522 ,-,.,.,-,-,,ν-
3013 4512 3040 4516 ,-
3063 4512 3070 4514 .

2935 4526 3054 4532 _,___._
3067 4523 3294 4530 “~_.—..

1491 4663 1880 4727 MONITUM.

66 4878 313 4937 «prorsus
350 4860 495 4914 nulla
541 4872 661 4913 esse
707 4855 1054 4927 probavimus
1099 4870 1152 4907 in
1196 4851 1398 4907 Monito
1447 4864 1648 4920 praece-

87 4955 240 5009 denti
270 4953 333 5006 ad
371 4950 650 5004 homiliam
679 4949 731 5000 in
765 4940 1052 5007 Kalendas,
1083 4944 1172 4998 ubi
1205 4943 1326 4996 vide
1365 4941 1462 4995 sis.

169 5041 337 5096 Hasce
362 5053 492 5091 vero
530 5037 822 5091 conciones
855 5041 1248 5101 consequenter
1285 5030 1490 5094 habuit,
1518 5045 1650 5099 pau-

70 5137 282 5202 cisque
333 5130 668 5200 interpositis
713 5129 851 5182 inter
895 5124 1136 5194 singulas
1188 5123 1398 5176 diebus.
1449 5121 1648 5175 Earum

95 5240 262 5297 porro
298 5238 516 5278 cursum
573 5223 906 5290 intercepere
939 5218 1073 5272 festa
1120 5215 1293 5271 sancti
1324 5214 1554 5286 Babylze,
1599 5222 1654 5268 et

93 5327 408 5376 sanctorum
438 5313 712 5370 Juventini
739 5323 794 5368 et
822 5311 1101 5366 Maximini
1143 5319 1463 5380 martyrum,
1510 5323 1648 5378 quo-

91 5428 216 5468 rum
245 5413 488 5466 encomia
513 5418 572 5463 ut
595 5409 893 5464 celebraret
918 5405 1362 5476 Chrysostomus,
1395 5410 1644 5471 quartam

89 5509 166 5558 «fe
189 5503 390 5556 Lazaro
415 5501 696 5556 homiliam
723 5500 931 5569 aliquot
963 5498 1154 5552 diebus
1193 5495 1400 5550 tardius
1438 5495 1645 5561 habuit,

94 5605 160 5650 ut
189 5596 297 5664 ipse
343 5601 526 5650 monet
560 5591 716 5647 initio
763 5601 991 5662 quartaz.
1056 5587 1200 5642 Cave
1260 5595 1437 5641 autem
1496 5596 1647 5655 putes

91 5691 268 5750 ibant,
294 5701 452 5756 quam
477 5685 675 5742 ibidem
708 5692 992 5748 memorat,
1029 5682 1084 5738 iu
1112 5689 1358 5738 sanctum
1396 5677 1644 5749 Bahylatn

1741 4848 2083 4912 concionem,
2119 4862 2239 4903 esse
2266 4847 2461 4902 librum
2486 4846 2635 4900 illum
2667 4847 2931 4915 prolixum
2975 4845 3025 4901 in
3053 4855 3300 4901 sanctum

1745 4943 2003 5015 Babylam
2051 4951 2106 4998 et
2149 4951 2340 4996 contra
2377 4940 2624 5008 gentiles,
2658 4947 2718 4991 ut
2764 4937 3092 4990 existimavit
3138 4944 3187 4988 et
3249 4939 3302 4990 in

1747 5035 1992 5106 margine
2014 5034 2224 5088 notavit
2260 5030 2461 5085 Fronto
2509 5029 2753 5082 Dircaeus.
2813 5025 2946 5080 Nam
2993 5033 3051 5078 ut
3101 5027 3153 5079 in
3189 5027 3303 5080 llo—

1748 5127 1862 5180 nito
1888 5125 1953 5179 ad
1989 5123 2266 5178 homiliam
2294 5121 2347 5174 in
2375 5120 2625 5189 Babylam
2648 5128 2701 5172 et
2721 5118 2784 5170 atl
2809 5131 3078 5170 annexum
3107 5115 3304 5169 librum

1748 5219 2015 5283 dicemus,
2042 5216 2132 5271 hic
2178 5215 2292 5284 ipse
2321 5213 2455 5266 liber
2485 5227 2759 5277 ttunqnatn
2790 5207 2890 5263 fuit
2935 5209 2987 5261 in
3016 5216 3161 5263 coetu
3207 5207 3310 5263 Ec-

1752 5311 1936 5366 clesia:
1985 5305 2407 5379 pronuntiatus;
2445 5319 2543 5357 nec
2585 5303 2654 5356 ob
2692 5289 3054 5394 prol'ix'itatem
3092 5301 3309 5370 potuit:

1751 5402 1844 5457 sed
1876 5401 2053 5471 agitur
2086 5397 2194 5452 illic
2224 5399 2290 5451 de
2324 5394 2547 5450 homilia
2593 5394 2646 5447 in
2688 5391 2964 5464 Babyloni,
3013 5400 3079 5446 ut
3111 5393 3310 5464 cuique

1749 5509 1863 5548 rem
1902 5488 2208 5561 inspieienti
2240 5488 2414 5558 palam
2455 5487 2578 5539 erit.

1826 5584 2069 5651 Quatuor
2095 5582 2330 5651 priorum
2385 5577 2697 5641 delLazaro
2745 5576 3094 5631 ltomiliarum
3140 5579 3311 5632 inter-

1753 5675 1982 5745 pretatio
2021 5683 2101 5728 est
2140 5670 2370 5737 Erasmi,
2405 5669 2611 5740 aliquot
2646 5669 2699 5724 iu
2739 5669 2873 5726 locis
2895 5669 3200 5725 emendata.
