3906 6286
1273 336 1328 395 S.
1368 340 1643 398 JOANNlS
1676 341 2139 398 CHRYSOSTOMI
2180 343 2492 400 ARClllEP.
2539 345 3076 402 CONSTANTINOP.
3682 349 3772 401 9(ἱὶ

505 1049 773 1117 ΗΟΜΠᾸΔ
814 1048 1148 1092 POSTBIDIE
1189 1050 1516 1094 KALENDAS
1557 1051 1918 1095 ANTIOCHI/8
1978 1053 2214 1096 ΗΔΒῙΤΔ
2269 1055 2352 1095 DE
2394 1055 2500 1108 IIS,
2546 1055 2654 1108 QUI
2723 1056 3192 1110 INEBRIANTUR,
3240 1059 3451 1113 DEQUE
3495 1061 3580 1106 IIS
3646 1064 3746 1117 QUI

585 1114 932 1170 COMMEANT
961 1129 1044 1172 an
1086 1124 1401 1172 cauponas
1427 1157 1443 1184 ,
1492 1129 1726 1182 QUIQUE
1781 1131 2027 1174 cnonm

2143 1133 2363 1175 tUCUNT
2404 1135 2523 1175 PER
2567 1135 2911 1179 CIVITATEM
2957 1140 2972 1178 ε
3023 1138 3367 1182 ΡΒΕΤΕΒΕΔ
3409 1141 3585 1192 QUOD
3631 1114 3745 1184 εὼς

584 1207 910 1248 ΟΡΟΙῙΤΕΔΤ
951 1207 1419 1250 PBECEPTOREM
1463 1209 1826 1252 DESPERARE
1870 1212 1950 1252 DE
1996 1211 2362 1267 DISCIPULIS,
2394 1215 2650 1257 ETIAMSI
2695 1215 2758 1257 IN
2786 1215 3072 1261 PRESENS
3107 1217 3234 1260 NON
3256 1218 3745 1264 OBTEMPEREST:

588 1285 914 1328 POSTREMO
956 1287 1036 1327 DE
1079 1287 1317 1329 LAZARO
1359 1287 1650 1331 MENDICO.
1709 1291 1784 1332 AC
1827 1290 1909 1330 DE
1953 1289 2190 1332 DIVITE.

1015 1617 1200 1656 como
1238 1618 1392 1657 ratus
1425 1612 1471 1675 (α
1486 1607 1526 1667 ).

549 1694 600 1747 1.
642 1693 956 1748 Hesternum
984 1695 1145 1762 diem,
1172 1710 1291 1750 cum
1321 1705 1464 1750 esset
1491 1697 1680 1749 festum
1709 1696 1936 1760 Satanae,
1969 1694 2045 1750 fe-

477 1788 622 1842 cistis
652 1788 842 1843 festum
875 1789 1101 1858 Spiritus
1125 1831 1141 1854 ,
1177 1789 1296 1858 quia
1329 1789 1495 1842 multo
1521 1804 1640 1842 cum
1681 1788 1840 1842 animi
1870 1787 2044 1842 studio

476 1878 749 1946 recepistis
791 1893 874 1945 ea,
917 1895 1034 1948 qua:
1063 1895 1093 1932 a
1119 1881 1271 1934 nobis
1296 1880 1624 1947 dicebantur,
1657 1880 2044 1949 maximamque

475 1970 580 2024 diei
607 1981 807 2040 partem
837 1972 886 2024 in
909 1987 972 2026 eo
998 1972 1417 2042 consumpsistis,
1437 1973 1565 2026 ebrii
1586 1972 1891 2027 temulentia
1912 1987 2045 2041 qua-

476 2061 599 2114 dam
640 2061 942 2116 sobrietatis
971 2063 1123 2132 plena
1147 2103 1162 2128 ,
1193 2077 1416 2132 cumque
1449 2062 1609 2116 Paulo
1634 2062 1889 2116 ducentes
1915 2063 2044 2117 cho-

473 2165 611 2204 reas.
640 2151 751 2217 Qua
777 2151 987 2220 quidem
1017 2168 1082 2207 ex
1118 2168 1176 2207 re
1203 2153 1350 2208 vobis
1384 2154 1650 2222 geminum
1690 2155 1916 2209 accrevit
1958 2156 2043 2210 lu-

473 2255 644 2306 erunt,
673 2241 898 2310 primum
927 2243 1064 2311 quod
1092 2243 1158 2296 ab
1185 2243 1429 2299 indeeora
1455 2244 1859 2300 temulentorum
1885 2247 2044 2300 salta-

474 2333 618 2388 tione
649 2333 975 2388 abstinuistis
998 2376 1012 2398 ,
1060 2334 1251 2390 deinde
1284 2336 1422 2406 quod
1463 2337 1784 2406 spiritalibus
1810 2338 2042 2402 saltastis

472 2424 736 2492 tripudiis,
759 2425 946 2495 quibus
966 2425 1247 2495 plurimum
1265 2428 1414 2482 adest
1433 2428 1642 2484 decoris
1657 2445 1719 2484 ac
1744 2431 2038 2485 modestiae.

474 2517 553 2571 Ad
586 2516 699 2572 htec
724 2518 864 2586 quod
893 2519 1112 2574 crateris
1139 2520 1420 2590 participes
1457 2520 1631 2576 fuistis
1655 2562 1669 2584 .
1709 2538 1813 2576 non
1853 2537 2000 2578 mero
2021 2564 2038 2588 ,

475 2607 570 2667 sed
611 2609 830 2677 spiritali
874 2609 1114 2665 doctrina
1159 2611 1540 2678 redundantis;
1585 2623 1742 2684 atque
1781 2616 1879 2684 ipsi
1913 2615 2042 2670 tibia

473 2699 779 2769 citharaque
823 2699 995 2756 fuistis
1040 2702 1254 2772 Spiritui
1298 2715 1484 2758 sancto
1533 2722 1547 2758 :
1587 2720 1811 2774 cumque
1859 2707 2040 2761 carteri

473 2790 666 2846 choros
701 2791 952 2847 ducerent
993 2793 1206 2848 diabolo
1231 2836 1246 2859 ,
1291 2810 1387 2849 vos
1424 2811 1488 2849 eo
1513 2796 1653 2864 quod
1694 2795 1794 2851 hoc
1827 2795 1878 2850 in
1922 2797 2040 2852 loco

470 2883 840 2949 versahamini,
865 2883 1159 2954 przebuistis
1178 2901 1271 2940 vos
1298 2886 1438 2955 ipsos
1457 2902 1652 2956 organa
1679 2903 1908 2956 vasaque
1934 2887 2041 2961 spi-

470 2976 664 3042 ritalia,
694 2976 1108 3046 exltibuistisque
1138 2979 1340 3033 animas
1369 2989 1571 3033 vestras
1601 2995 1697 3035 ceu
1726 2981 1926 3035 musica
1957 2982 2038 3034 in-

469 3080 782 3135 Strumenta,
814 3085 933 3139 qua:
955 3068 1181 3140 Spiritus
1205 3081 1416 3125 sanctus
1443 3072 1694 3141 pulsaret,
1720 3083 1774 3128 et
1800 3075 1850 3127 in
1877 3073 2036 3129 corda

470 3170 643 3214 vestra
688 3162 908 3230 gratiam
953 3177 1102 3216 suam
1157 3163 1458 3233 inspiraret.
1513 3164 1662 3219 Unde
1712 3165 2036 3220 modulatum

467 3259 779 3304 concentum
801 3251 1120 3316 reddidistis,
1148 3269 1255 3308 non
1281 3254 1448 3308 solum
1475 3253 1715 3310 homines
1735 3255 2038 3310 demulcen-

470 3351 598 3406 tem,
628 3359 810 3397 verum
836 3344 992 3398 etiam
1023 3361 1278 3414 supernas
1305 3347 1524 3400 virtutes
1559 3346 1927 3402 delectantetu.

543 3431 673 3486 Maii
701 3450 799 3488 non
824 3435 1126 3504 infamandi,
1155 3435 1242 3490 sed
1257 3436 1754 3507 eorrigendi.-—Age
1777 3440 1952 3508 itaque
1978 3448 2034 3494 et

473 3523 629 3580 hodie
679 3525 937 3580 adversus
988 3525 1297 3582 ebrietatem
1349 3543 1618 3583 armemus
1647 3528 1911 3598 linguam,
1957 3531 2032 3586 is-

470 3627 682 3685 tamque
705 3617 863 3671 vitam
886 3617 1147 3672 madidam
1177 3633 1240 3674 ac
1269 3617 1574 3674 dissolutam
1600 3630 2030 3689 prosternamus:

470 3710 830 3777 vituperemus
869 3711 999 3764 istos
1023 3713 1111 3780 qui
1140 3713 1192 3766 in
1236 3727 1299 3766 ea
1331 3712 1454 3766 totis
1479 3711 1667 3767 diebus
1718 3723 2027 3781 versantur,

469 3815 575 3852 non
605 3808 660 3852 ιιι
685 3800 803 3854 illos
831 3800 1228 3870 pudefaciamus
1248 3845 1263 3870 ,
1291 3803 1382 3857 sed
1413 3813 1468 3858 ut
1509 3819 1603 3858 eos
1649 3803 1716 3857 ab
1745 3805 2030 3875 ignominia

463 3892 781 3947 liberemus:
815 3910 918 3948 non
949 3903 1005 3948 ut
1033 3895 1149 3949 illos
1171 3896 1374 3963 probris
1399 3895 1709 3963 afﬁciamus,
1743 3898 1836 3952 sed
1864 3908 1919 3952 ut
1939 3913 2032 3953 eos

464 3984 791 4052 corrigamus
824 4001 839 4040 :
866 4001 971 4040 non
1003 3997 1060 4040 ut
1083 3987 1202 4041 illos
1233 3988 1602 4055 traducamus,
1635 3990 1726 4043 sed
1771 4000 1828 4044 ut
1854 3992 1920 4045 ab
1946 3993 2028 4046 in-

461 4073 588 4130 fami
621 4076 951 4133 traductione
975 4119 992 4144 ,
1041 4087 1096 4134 et
1134 4095 1164 4133 a
1190 4080 1384 4136 diaboli
1433 4083 1677 4136 manibus
1719 4085 2025 4153 eripiamus.

460 4167 711 4236 Quisquis
735 4171 874 4222 enim
904 4168 956 4222 in
989 4170 1292 4225 temulentia
1324 4181 1463 4226 totos
1493 4173 1602 4242 agit
1626 4174 1769 4240 dies,
1791 4176 2028 4244 quisquis

459 4257 513 4311 in
544 4257 746 4313 deliciis
773 4267 827 4312 et
852 4259 1260 4330 ingurgitatione
1281 4303 1296 4328 ,
1325 4262 1424 4317 sub
1448 4263 1642 4319 diaboli
1692 4267 2025 4337 tyrannidem

463 4348 709 4402 redactus
752 4360 854 4404 est.
887 4353 1059 4419 Atque
1087 4353 1287 4410 utinam
1311 4355 1481 4408 oratio
1532 4367 1711 4410 nostra
1760 4358 2026 4426 profectus

457 4441 652 4512 aliquid
677 4441 882 4496 afferat.
912 4443 1063 4510 Quod
1091 4445 1134 4498 si
1162 4454 1278 4514 post
1319 4455 1554 4501 nostram
1594 4449 1752 4503 etiam
1787 4451 2026 4506 admoni-

458 4535 655 4588 tionem
677 4533 730 4587 in
755 4534 939 4589 iisdem
962 4536 1100 4591 vitiis
1121 4541 1592 4607 perseveraverint,
1621 4556 1689 4596 ne
1703 4536 1790 4596 'sic
1810 4543 2020 4613 quidem

457 4639 555 4678 nos
601 4623 922 4680 desistemus
969 4626 1076 4681 illis
1119 4619 1259 4697 quod
1327 4639 1527 4684 rectum
1581 4643 1662 4686 est
1707 4636 2018 4702 consulere;

455 4714 879 4784 quandoquidem
902 4728 956 4770 et
979 4731 1234 4786 aquarum
1264 4735 1444 4788 vena,
1476 4723 1680 4777 etiamsi
1726 4725 1900 4780 nullus
1927 4743 2020 4782 ve-

456 4805 567 4857 niat
592 4815 838 4875 aquatum
864 4849 879 4873 ,
926 4819 1142 4864 manant
1191 4819 1366 4865 tamen
1399 4829 1411 4864 :
1444 4823 1496 4867 et
1532 4813 1735 4881 fontes,
1781 4820 2021 4887 quamvis

457 4895 668 4950 hauriat
690 4912 845 4951 nemo
867 4939 882 4963 ,
913 4907 1089 4954 tamen
1119 4901 1385 4956 scatebras
1412 4904 1658 4958 emittunt
1684 4923 1696 4960 :
1727 4915 1780 4960 et
1799 4923 2016 4977 amnes,

451 4987 656 5042 etiamsi
675 5002 834 5042 nemo
849 4989 1012 5057 bibat,
1035 4989 1196 5045 nihilo
1223 4992 1394 5047 secius
1417 4994 1601 5048 fluunt:
1628 4996 1704 5050 sic
1733 5007 1934 5065 oportet
1964 5010 2019 5054 et

450 5076 596 5130 illttm
622 5077 709 5147 qui
728 5080 1099 5148 coneionatur,
1126 5085 1362 5151 quamvis
1391 5085 1568 5140 nullus
1603 5087 1900 5156 auscultet,
1934 5101 2016 5144 ta-

453 5186 572 5222 men
598 5181 851 5238 praestare
877 5174 1129 5244 quidquid
1156 5175 1206 5229 in
1237 5175 1352 5244 ipso
1378 5178 1534 5231 situm
1561 5187 1659 5232 est.

528 5258 674 5314 Verbi
692 5263 913 5318 minister
926 5282 1194 5335 numquam
1212 5283 1406 5321 cessare
1423 5271 1562 5340 debet
1579 5272 1640 5323 ab
1651 5271 1826 5340 ofﬁcio.
1853 5301 1920 5313 —-
1932 5273 2014 5328 Si-

447 5355 658 5424 quidem
703 5354 824 5411 ‘haec
851 5358 939 5413 lex
977 5359 1128 5414 nobis
1151 5399 1168 5426 ,
1197 5359 1287 5429 qui
1314 5337 1470 5415 sacri.
1495 5364 1754 5417 sermonis
1791 5364 2014 5421 admini-

446 5448 758 5503 strationem
789 5452 1135 5520 suscepimus,
1160 5467 1188 5504 a
1209 5453 1435 5524 benigno
1457 5456 1758 5525 prmscripta
1777 5467 1857 5511 est
1879 5458 2005 5524 Deo,

444 5554 516 5591 ne
543 5554 788 5607 umquam
818 5541 958 5611 quod
987 5542 1197 5612 quidem
1224 5543 1277 5599 in
1307 5545 1458 5600 nobis
1487 5545 1642 5601 fuerit
1665 5547 1835 5625 lacere
1860 5549 2009 5604 defa-

445 5631 832 5698 tigemurznec
877 5635 986 5689 ullo
1041 5644 1279 5705 tempore
1329 5637 1616 5707 sileamus,
1662 5640 1773 5696 sive
1799 5641 1867 5695 sit
1916 5643 2002 5711 qui

506 5751 581 5823 ςρ)
602 5751 776 5823 collata
797 5767 906 5823 eum
927 5759 1204 5823 tllsthegiis
1221 5759 1358 5823 1819.
1385 5760 1519 5823 1832,
1546 5761 1683 5823 1932,
1711 5763 1845 5823 1960,
1870 5763 2006 5823 1965,

444 5815 580 5877 1967,
609 5815 888 5868 uotbertinis
913 5832 1027 5869 vero
1050 5815 1138 5878 49:
1152 5821 1262 5879 561,
1288 5822 1426 5872 1050.

2156 1606 2458 1661 auscultet.
2488 1597 2602 1656 sive
2635 1598 2708 1655 sit
2738 1601 2830 1672 qui
2869 1614 3240 1676 prtetercurrat
3284 1607 3560 1675 negligens
3591 1611 3718 1674 quod

2154 1695 2366 1748 dicitur.
2395 1693 2525 1747 Nam
2557 1703 2611 1748 et
2641 1680 2933 1760 J‘eremias,
2967 1712 3084 1749 cum
3129 1694 3326 1750 ,ΙιιιΙιιιίδ
3357 1697 3521 1749 multa
3572 1699 3718 1749 Inim-

2154 1799 2270 1842 tans
2292 1828 2307 1854 ,
2337 1789 2577 1858 malaque
2621 1789 2946 1842 imminentia
2973 1789 3264 1857 prazdicens
3287 1831 3301 1853 ,
3347 1790 3415 1843 ab
3459 1791 3724 1844 audienti-

2154 1879 2251 1934 bus
2274 1879 2692 1934 suhsannarctur
2713 1921 2730 1944 ,
2777 1891 2990 1948 totoque
3019 1881 3103 1934 die
3129 1880 3391 1935 rideretur
3412 1924 3428 1947 ,
3462 1884 3729 1951 cogitabat

2153 1974 2219 2026 ab
2250 1973 2337 2026 illa
2369 1973 2644 2041 prophetia
2691 1973 2947 2027 desistere
2967 2013 2983 2038 ,
3030 1973 3279 2026 nimirum
3310 1974 3545 2026 humano
3595 1992 3726 2045 quu-

2152 2061 2272 2117 datn
2299 2065 2487 2117 atTectu
2521 2064 2690 2118 victus
2715 2105 2728 2128 ,
2783 2078 2974 2116 sannas
3004 2063 3119 2117 illas
3163 2073 3216 2117 et
3263 2065 3497 2118 convicia
3527 2070 3728 2134 perpeti

2153 2168 2257 2207 non
2286 2154 2464 2208 valens
2488 2197 2503 2216 ,
2529 2156 2703 2223 aitque
2735 2173 2748 2207 :
2782 2153 2969 2206 Factus
2999 2171 3110 2207 sum
3148 2155 3393 2207 ridiculus
3439 2165 3543 2208 toto
3601 2158 3681 2208 die
3700 2199 3716 2224 ,

2153 2244 2260 2298 dixi
2293 2259 2312 2298 :
2333 2262 2432 2297 non
2457 2245 2632 2314 loquar
2657 2286 2670 2309 ,
2701 2261 2855 2313 neque
2885 2244 3148 2298 nominabo
3191 2262 3370 2298 nomen
3407 2243 3652 2310 Domini,
3687 2259 3729 2300 et

2155 2337 2321 2407 {actus
2341 2347 2411 2390 est
2452 2338 2506 2390 in
2549 2354 2628 2391 nte
2651 2337 2783 2390 velut
2829 2337 2958 2407 ignis
2987 2336 3169 2390 ardens
3192 2377 3206 2400 ,
3255 2347 3402 2406 atque
3426 2349 3651 2390 a’sluans
3682 2343 3728 2391 in

2154 2427 2346 2481 ossibus
2390 2428 2512 2481 meis
2558 2443 2576 2481 :
2627 2426 2871 2480 dissolvor
2920 2428 3139 2496 undique
3190 2444 3279 2481 nec
3336 2445 3545 2497 possum
3606 2430 3730 2498 ferre

2151 2518 2283 2590 (λεν.
2310 2518 2468 2574 20.7.
2493 2518 2565 2587 9).
2587 2518 2736 2586 Quod
2761 2527 2936 2573 autem
2959 2519 3105 2582 dicit,
3126 2519 3267 2573 hunc
3285 2520 3444 2574 habet
3472 2537 3691 2574 sensum
3716 2542 3727 2573 :

2151 2612 2418 2673 volebam,
2458 2609 2660 2680 inquit,
2706 2610 3110 2679 aprmdictione
3154 2610 3428 2675 desistere,
3483 2625 3726 2682 promer-

2150 2716 2211 2756 ea
2228 2701 2366 2771 quod
2385 2715 2485 2755 non
2513 2701 2874 2755 auseultabant
2889 2701 3054 2756 .ludzni
3073 2720 3086 2753 :
3102 2710 3154 2755 et
3177 2702 3330 2756 simul
3345 2711 3506 2771 atque
3522 2703 3628 2757 hoc
3642 2720 3729 2757 Cn-

2148 2794 2397 2863 gitassem
2422 2833 2437 2856 ,
2472 2793 2623 2846 irruit
2652 2793 2702 2847 in
2733 2794 2963 2846 animam
2992 2808 3163 2848 meam
3187 2795 3404 2863 spiritus
3431 2796 3514 2849 vis
3539 2838 3556 2858 ,
3586 2796 3728 2848 velut

2150 2885 2286 2954 ignis
2312 2925 2328 2951 ,
2357 2886 2635 2955 omniaque
2684 2885 2863 2939 intima
2893 2900 3009 2940 mea
3055 2885 3358 2950 succendit,
3405 2901 3728 2940 consumens

2149 2976 2362 3046 insuper
2382 3017 2396 3039 ,
2430 2985 2484 3030 et
2511 2976 2746 3030 exedens
2766 2989 2885 3029 ossa
2917 2991 3055 3042 mea,
3079 2975 3210 3030 adeo
3239 2986 3296 3030 ut
3325 2978 3632 3031 incendium
3665 2979 3726 3031 ii-

2150 3066 2235 3119 lnd
2266 3069 2401 3120 terre
2422 3082 2526 3120 non
2555 3081 2784 3135 possem.
2809 3066 2960 3134 Quod
3000 3066 3044 3120 si
3074 3066 3328 3136 propheta
3358 3069 3446 3137 qui
3487 3071 3728 3138 quotidie

2149 3157 2376 3212 ludibrio
2405 3158 2720 3223 habebatur,
2762 3158 2996 3228 quotidie
3035 3158 3288 3214 conviciis
3319 3161 3724 3227 incessebatur,

2149 3250 2225 3303 sic
2271 3249 2618 3303 discruciatus
2659 3259 2772 3314 est,
2818 3265 2884 3304 eo
2912 3249 3050 3320 quod
3087 3259 3339 3305 statuerat
3385 3253 3544 3306 silere
3578 3270 3594 3306 :
3624 3270 3722 3323 qua

2145 3339 2355 3394 tandem
2384 3355 2481 3396 nos
2502 3341 2650 3396 venia
2671 3341 2810 3411 digni
2832 3341 3180 3405 censebimur,
3199 3327 3350 3410 siqui
3375 3344 3612 3398 nonduin
3646 3355 3722 3398 ta-

2146 3430 2197 3486 le
2221 3431 2502 3501 quidquam
2544 3434 2778 3502 perpessi
2807 3450 2989 3488 suxnus
3016 3475 3029 3497 ,
3070 3443 3244 3488 tamen
3273 3435 3341 3488 ob
3368 3438 3719 3503 quorumdam

2145 3522 2516 3594 negligentiam
2554 3523 2865 3592 dejiciamus
2906 3525 3138 3587 atiimum
3163 3565 3178 3589 ,
3217 3535 3271 3577 et
3312 3525 3380 3577 ah
3419 3527 3718 3581 exhibenda

2145 3613 2252 3668 illis
2281 3613 2523 3668 doctrina
2547 3628 2819 3668 cessemus
2836 3656 2852 3682 ,
2879 3615 3105 3670 maxime
3130 3631 3256 3670 vero
3276 3631 3396 3670 cum
3425 3627 3532 3670 tam
3563 3621 3719 3672 multi

2143 3706 2249 3760 sint
2277 3749 2291 3773 ,
2324 3706 2416 3776 qui
2444 3721 2503 3761 se
2532 3706 2768 3776 prazbent
2795 3707 3071 3761 attentos?

2209 3797 2264 3851 2.
2294 3797 2408 3853 Non
2437 3797 2550 3852 haec
2596 3797 2782 3868 loquor
2832 3798 2935 3853 ntei
2969 3798 3272 3852 consolandi
3320 3797 3716 3870 deliniendique

2138 3891 2324 3961 gratia.
2352 3891 2484 3946 Nam
2512 3906 2630 3944 meo
2658 3891 2868 3960 quidem
2901 3893 3063 3961 ipsius
3099 3893 3275 3945 animo
3304 3894 3578 3962 persuasi,
3610 3911 3715 3964 quo

2138 3982 2515 4052 adspiravero,
2551 3991 2607 4051 et
2644 3981 2816 4037 donec
2855 3983 3079 4038 Domino
3120 3986 3285 4038 visum
3324 3983 3484 4039 fuerit
3512 4002 3614 4040 nos
3660 3988 3710 4040 iu

2139 4073 2388 4142 prtesenti
2440 4075 2543 4128 vita
2575 4073 2808 4139 versari,
2838 4073 2937 4127 hoc
2979 4074 3198 4143 implere
3229 4069 3580 4130 ministerium
3610 4118 3624 4135 .
3657 4087 3712 4131 et

2135 4165 2248 4218 sive
2272 4165 2389 4234 quis
2415 4165 2684 4232 attendat,
2727 4165 2838 4219 sive
2861 4181 2961 4218 non
2998 4166 3267 4232 attendat,
3298 4166 3471 4221 facere
3500 4184 3559 4220 ea
3590 4185 3708 4236 qua:

2135 4258 2530 4328 prmeipiuntur.
2578 4257 2773 4312 Verum
2815 4258 3064 4327 quoniam
3112 4267 3234 4312 sunt
3285 4260 3555 4324 nonnulli,
3613 4263 3703 4327 qui

2133 4351 2420 4404 multorum
2468 4365 2656 4404 manus
2700 4350 3029 4417 dissolvunt,
3070 4367 3240 4421 neque
3283 4353 3515 4406 contenti
3559 4355 3702 4422 quod

2133 4441 2230 4510 ipsi
2264 4440 2392 4494 nihil
2433 4442 2674 4495 utilitatis
2703 4441 2930 4496 afferunt
2956 4442 3078 4495 vita:
3107 4453 3337 4504 nostrai.
3379 4444 3534 4498 etiam
3570 4446 3706 4499 alio-

2130 4549 2248 4588 rum
2278 4533 2509 4587 studium
2541 4549 2603 4589 ac
2629 4533 2891 4589 fervorem
2914 4535 3220 4605 refrigerant
3241 4537 3426 4590 sannis
3451 4552 3512 4590 ac
3530 4538 3704 4592 dicte-

2130 4626 2222 4679 riis
2247 4666 2262 4690 ,
2293 4625 2418 4680 dum
2444 4625 2590 4680 aiunt
2615 4643 2628 4678 :
2652 4625 2834 4680 desine
2858 4627 2992 4681 bene
3019 4627 3295 4682 consulere
3314 4669 3329 4692 ,
3351 4627 3546 4682 desiste
3577 4645 3700 4682 mo-

2129 4731 2289 4782 nere,
2323 4717 2507 4770 nolunt
2553 4717 2646 4772 tibi
2689 4719 3022 4782 auscultare;
3072 4735 3139 4773 ne
3167 4719 3289 4789 quid
3337 4720 3405 4773 sit
3447 4721 3536 4773 tibi
3576 4737 3701 4774 eum

2127 4808 2236 4863 illis
2261 4810 2601 4864 commercii:
2643 4811 2889 4880 quoniam
2918 4825 3044 4881 ergo
3072 4821 3194 4864 sunt
3236 4812 3446 4882 quidam
3493 4816 3594 4866 ista
3627 4816 3703 4867 lo-

2130 4910 2354 4969 quentes
2378 4940 2392 4962 ,
2419 4899 2760 4954 inhumanam
2805 4900 2941 4955 hanc
2987 4901 3340 4967 sententiam,
3375 4902 3700 4971 insidiasque

2124 4990 2410 5044 diabolicas
2440 5000 2689 5045 excutere
2735 4991 2920 5045 volens
2945 5007 2975 5046 e
3006 4991 3286 5046 multorum
3320 4995 3540 5058 animis,
3577 4996 3697 5062 plu-

2123 5083 2267 5137 ribus
2294 5081 2393 5136 hac
2420 5082 2486 5137 de
2513 5098 2570 5138 re
2598 5083 2821 5138 dissero.
2849 5085 3117 5154 Siquidem
3141 5096 3192 5139 et
3213 5084 3322 5139 heri
3351 5088 3470 5140 novi
3500 5089 3697 5143 multos

2123 5173 2208 5242 qui
2263 5173 2384 5226 talia
2430 5174 2589 5228 verba
2640 5175 2984 5242 protulerint,
3035 5176 3278 5245 quicum
3320 5179 3696 5247 conspicerent

2122 5267 2325 5335 aliquos
2351 5267 2402 5320 in
2433 5281 2669 5336 caupona
2696 5267 3234 5338 detrivisse-tempus,
3280 5284 3400 5322 eum
3429 5272 3536 5324 risu
3573 5289 3692 5325 san-

2121 5358 2307 5428 nisque
2326 5359 2572 5414 dicebant
2600 5376 2614 5413 :
2647 5361 2852 5416 scilicet
2877 5363 3095 5416 omnino
3137 5363 3371 5430 persuasi
3403 5375 3565 5428 sunt;
3605 5383 3694 5418 ne-

2119 5468 2207 5507 mo
2223 5468 2440 5524 prorsus
2463 5469 2754 5526 cauponam
2771 5457 3035 5527 ingressus
3053 5467 3152 5522 est;
3176 5473 3361 5512 omnes
3380 5461 3542 5513 sobrii
3571 5473 3692 5513 sunt

2117 5545 2333 5601 redditi.

2197 5636 2411 5690 Verbum
2438 5653 2632 5708 semper
2673 5639 2728 5692 in
2770 5639 2943 5711 aliqua
2991 5640 3530 5711 {rutilium—Quid
3571 5642 3687 5704 ais,

2118 5725 2322 5781 homo?
2355 5728 2610 5784 Videlicet
2658 5731 2792 5784 istuc
2818 5732 3036 5799 polliciti
3080 5747 3262 5785 sumus
3289 5773 3305 5796 ,
3337 5747 3439 5788 nos
3467 5745 3572 5785 uno
3610 5732 3691 5785 die

2116 5834 2302 5875 omnes
2329 5821 2442 5875 illos
2469 5822 2566 5876 reti
2594 5825 2876 5893 capturos?
2917 5823 3049 5880 Nam
3072 5825 3114 5879 si
3142 5822 3324 5880 decem
3372 5834 3532 5880 modo
3573 5837 3676 5894 per-
