  <div class='ocr_page' id='page_1' title='image "/cluster/home/n/w/nwhite01/storage/ocr_20150623/48/hvd.32044014784250/446.png"; bbox 0 0 3906 6242; ppageno 0'>
   <div class='ocr_carea' id='block_1_1' title="bbox 97 353 213 408">
    <p class='ocr_par' dir='ltr' id='par_1_1' title="bbox 97 353 213 408">
     <span class='ocr_line' id='line_1_1' title="bbox 97 353 213 408; baseline 0 0"><span class='ocrx_word' id='word_1_1' title='bbox 97 353 213 408; x_wconf 65' lang='grc'>963</span> 
     </span>
    </p>
   </div>
   <div class='ocr_carea' id='block_1_2' title="bbox 1326 363 2089 428">
    <p class='ocr_par' dir='ltr' id='par_1_2' title="bbox 1326 363 2089 428">
     <span class='ocr_line' id='line_1_2' title="bbox 1326 363 2089 428; baseline 0.009 -8"><span class='ocrx_word' id='word_1_2' title='bbox 1326 367 1414 423; x_wconf 80' lang='lat' dir='ltr'>DE</span> <span class='ocrx_word' id='word_1_3' title='bbox 1453 363 1726 420; x_wconf 73' lang='lat' dir='ltr'>LAZARO</span> <span class='ocrx_word' id='word_1_4' title='bbox 1764 364 2016 424; x_wconf 75' lang='lat' dir='ltr'>CONCIO</span> <span class='ocrx_word' id='word_1_5' title='bbox 2050 369 2089 428; x_wconf 88' lang='grc' dir='ltr'>Ι.</span> 
     </span>
    </p>
   </div>
   <div class='ocr_carea' id='block_1_3' title="bbox 96 1038 3339 1129">
    <p class='ocr_par' dir='ltr' id='par_1_3' title="bbox 96 1038 3339 1129">
     <span class='ocr_line' id='line_1_3' title="bbox 96 1038 3339 1129; baseline 0.007 -37"><span class='ocrx_word' id='word_1_6' title='bbox 96 1039 273 1094; x_wconf 71' lang='grc' dir='ltr'><em>Μετὰ</em></span> <span class='ocrx_word' id='word_1_7' title='bbox 305 1038 412 1106; x_wconf 85' lang='grc' dir='ltr'>τὰς</span> <span class='ocrx_word' id='word_1_8' title='bbox 441 1039 756 1107; x_wconf 69' lang='grc' dir='ltr'>Καλάνδας</span> <span class='ocrx_word' id='word_1_9' title='bbox 787 1043 856 1111; x_wconf 73' lang='grc' dir='ltr'>τῇ</span> <span class='ocrx_word' id='word_1_10' title='bbox 881 1042 1027 1112; x_wconf 82' lang='grc' dir='ltr'>ἑξῆς</span> <span class='ocrx_word' id='word_1_11' title='bbox 1060 1043 1128 1097; x_wconf 78' lang='grc' dir='ltr'>ἐν</span> <span class='ocrx_word' id='word_1_12' title='bbox 1170 1047 1495 1115; x_wconf 76' lang='grc' dir='ltr'>Ἀντιοχείᾳ</span> <span class='ocrx_word' id='word_1_13' title='bbox 1531 1053 1769 1120; x_wconf 70' lang='grc' dir='ltr'>λεχθεὶς</span> <span class='ocrx_word' id='word_1_14' title='bbox 1807 1056 1956 1109; x_wconf 80' lang='grc' dir='ltr'>κατὰ</span> <span class='ocrx_word' id='word_1_15' title='bbox 1993 1059 2368 1126; x_wconf 80' lang='grc' dir='ltr'>μεθυόντων,</span> <span class='ocrx_word' id='word_1_16' title='bbox 2420 1059 2520 1112; x_wconf 80' lang='grc' dir='ltr'>καὶ</span> <span class='ocrx_word' id='word_1_17' title='bbox 2567 1060 2700 1129; x_wconf 74' lang='grc' dir='ltr'>περὶ</span> <span class='ocrx_word' id='word_1_18' title='bbox 2750 1058 2869 1113; x_wconf 87' lang='grc' dir='ltr'><em>τῶν</em></span> <span class='ocrx_word' id='word_1_19' title='bbox 2917 1063 3004 1126; x_wconf 74' lang='grc' dir='ltr'>εἰς</span> <span class='ocrx_word' id='word_1_20' title='bbox 3047 1063 3339 1128; x_wconf 72' lang='grc' dir='ltr'>καπηλεῖα</span> 
     </span>
    </p>
   </div>
   <div class='ocr_carea' id='block_1_4' title="bbox 171 1133 3340 1222">
    <p class='ocr_par' dir='ltr' id='par_1_4' title="bbox 171 1133 3340 1222">
     <span class='ocr_line' id='line_1_4' title="bbox 171 1133 3340 1222; baseline 0.006 -38"><span class='ocrx_word' id='word_1_21' title='bbox 171 1133 492 1186; x_wconf 75' lang='grc' dir='ltr'><em>εἰσιόντων</em></span> <span class='ocrx_word' id='word_1_22' title='bbox 513 1134 609 1188; x_wconf 78' lang='grc' dir='ltr'>καὶ</span> <span class='ocrx_word' id='word_1_23' title='bbox 636 1137 720 1200; x_wconf 82' lang='grc' dir='ltr'>εις</span> <span class='ocrx_word' id='word_1_24' title='bbox 757 1137 870 1204; x_wconf 77' lang='grc' dir='ltr'><em>τὴν</em></span> <span class='ocrx_word' id='word_1_25' title='bbox 895 1139 1076 1191; x_wconf 78' lang='grc' dir='ltr'>πό.1ιν</span> <span class='ocrx_word' id='word_1_26' title='bbox 1106 1140 1343 1208; x_wconf 82' lang='grc' dir='ltr'>χορείας</span> <span class='ocrx_word' id='word_1_27' title='bbox 1384 1143 1741 1210; x_wconf 78' lang='grc' dir='ltr'><em>τελούντων,</em></span> <span class='ocrx_word' id='word_1_28' title='bbox 1781 1149 1881 1202; x_wconf 79' lang='grc' dir='ltr'>καὶ</span> <span class='ocrx_word' id='word_1_29' title='bbox 1933 1149 2022 1202; x_wconf 83' lang='grc' dir='ltr'>ὅτι</span> <span class='ocrx_word' id='word_1_30' title='bbox 2060 1148 2168 1203; x_wconf 83' lang='grc' dir='ltr'>τὸν</span> <span class='ocrx_word' id='word_1_31' title='bbox 2219 1148 2593 1204; x_wconf 68' lang='grc' dir='ltr'>διδάσκαλον</span> <span class='ocrx_word' id='word_1_32' title='bbox 2635 1153 2706 1204; x_wconf 87' lang='grc' dir='ltr'>οὐ</span> <span class='ocrx_word' id='word_1_33' title='bbox 2749 1150 2865 1220; x_wconf 78' lang='grc' dir='ltr'>χρὴ</span> <span class='ocrx_word' id='word_1_34' title='bbox 2907 1151 3340 1222; x_wconf 78' lang='grc' dir='ltr'>ἀπογινώσκειν</span> 
     </span>
    </p>
   </div>
   <div class='ocr_carea' id='block_1_5' title="bbox 169 1225 3343 1312">
    <p class='ocr_par' dir='ltr' id='par_1_5' title="bbox 169 1225 3343 1312">
     <span class='ocr_line' id='line_1_5' title="bbox 169 1225 3343 1312; baseline 0.007 -36"><span class='ocrx_word' id='word_1_35' title='bbox 169 1225 300 1279; x_wconf 77' lang='grc' dir='ltr'><em>τῶν</em></span> <span class='ocrx_word' id='word_1_36' title='bbox 359 1225 672 1294; x_wconf 79' lang='grc' dir='ltr'>μαθητῶν,</span> <span class='ocrx_word' id='word_1_37' title='bbox 720 1227 832 1280; x_wconf 83' lang='grc' dir='ltr'>κᾶν</span> <span class='ocrx_word' id='word_1_38' title='bbox 897 1231 1046 1298; x_wconf 78' lang='grc' dir='ltr'>πρὸς</span> <span class='ocrx_word' id='word_1_39' title='bbox 1103 1229 1169 1283; x_wconf 88' lang='grc' dir='ltr'>τὸ</span> <span class='ocrx_word' id='word_1_40' title='bbox 1222 1232 1414 1300; x_wconf 74' lang='grc' dir='ltr'>παρόν</span> <span class='ocrx_word' id='word_1_41' title='bbox 1470 1234 1557 1302; x_wconf 79' lang='grc' dir='ltr'>μὴ</span> <span class='ocrx_word' id='word_1_42' title='bbox 1616 1239 1961 1305; x_wconf 78' lang='grc' dir='ltr'>πείθωνται,</span> <span class='ocrx_word' id='word_1_43' title='bbox 2025 1239 2122 1293; x_wconf 74' lang='grc' dir='ltr'>καὶ</span> <span class='ocrx_word' id='word_1_44' title='bbox 2186 1242 2273 1305; x_wconf 82' lang='grc' dir='ltr'>εις</span> <span class='ocrx_word' id='word_1_45' title='bbox 2319 1241 2424 1294; x_wconf 85' lang='grc' dir='ltr'><em>τὸν</em></span> <span class='ocrx_word' id='word_1_46' title='bbox 2481 1241 2720 1310; x_wconf 74' lang='grc' dir='ltr'>πτωχὸν</span> <span class='ocrx_word' id='word_1_47' title='bbox 2761 1239 3026 1312; x_wconf 72' lang='grc' dir='ltr'>Λάζαρον</span> <span class='ocrx_word' id='word_1_48' title='bbox 3085 1242 3183 1296; x_wconf 76' lang='grc' dir='ltr'>καὶ</span> <span class='ocrx_word' id='word_1_49' title='bbox 3238 1245 3343 1297; x_wconf 69' lang='grc' dir='ltr'><em>τὸν</em></span> 
     </span>
    </p>
   </div>
   <div class='ocr_carea' id='block_1_6' title="bbox 171 1320 500 1376">
    <p class='ocr_par' dir='ltr' id='par_1_6' title="bbox 171 1320 500 1376">
     <span class='ocr_line' id='line_1_6' title="bbox 171 1320 500 1376; baseline 0.012 -4"><span class='ocrx_word' id='word_1_50' title='bbox 171 1320 500 1376; x_wconf 73' lang='grc' dir='ltr'>πλούσιον.</span> 
     </span>
    </p>
   </div>
   <div class='ocr_carea' id='block_1_7' title="bbox 663 1829 1132 1900">
    <p class='ocr_par' dir='ltr' id='par_1_7' title="bbox 663 1829 1132 1900">
     <span class='ocr_line' id='line_1_7' title="bbox 663 1829 1132 1900; baseline 0.004 -16"><span class='ocrx_word' id='word_1_51' title='bbox 663 1830 853 1900; x_wconf 79' lang='grc' dir='ltr'>Λόγος</span> <span class='ocrx_word' id='word_1_52' title='bbox 885 1829 1132 1898; x_wconf 80' lang='grc' dir='ltr'>πρῶτος.</span> 
     </span>
    </p>
   </div>
   <div class='ocr_carea' id='block_1_8' title="bbox 172 1910 1668 1985">
    <p class='ocr_par' dir='ltr' id='par_1_8' title="bbox 172 1910 1668 1985">
     <span class='ocr_line' id='line_1_8' title="bbox 172 1910 1668 1985; baseline 0.001 -19"><span class='ocrx_word' id='word_1_53' title='bbox 172 1914 241 1966; x_wconf 84' lang='grc' dir='ltr'>α’.</span> <span class='ocrx_word' id='word_1_54' title='bbox 277 1911 389 1982; x_wconf 82' lang='grc' dir='ltr'>Τὴν</span> <span class='ocrx_word' id='word_1_55' title='bbox 427 1910 552 1981; x_wconf 86' lang='grc' dir='ltr'>χθὲς</span> <span class='ocrx_word' id='word_1_56' title='bbox 587 1913 802 1983; x_wconf 79' lang='grc' dir='ltr'>ἡμέραν</span> <span class='ocrx_word' id='word_1_57' title='bbox 823 1951 837 1974; x_wconf 90' lang='grc'>,</span> <span class='ocrx_word' id='word_1_58' title='bbox 870 1913 1060 1984; x_wconf 78' lang='grc' dir='ltr'>ἑορτὴν</span> <span class='ocrx_word' id='word_1_59' title='bbox 1099 1910 1263 1967; x_wconf 77' lang='grc' dir='ltr'>οὖσαν</span> <span class='ocrx_word' id='word_1_60' title='bbox 1295 1915 1588 1985; x_wconf 82' lang='grc' dir='ltr'>σατανικὴν</span> <span class='ocrx_word' id='word_1_61' title='bbox 1626 1925 1668 1980; x_wconf 83' lang='grc'>⁸,</span> 
     </span>
    </p>
   </div>
   <div class='ocr_carea' id='block_1_9' title="bbox 96 1997 1670 2068">
    <p class='ocr_par' dir='ltr' id='par_1_9' title="bbox 96 1997 1670 2068">
     <span class='ocr_line' id='line_1_9' title="bbox 96 1997 1670 2068; baseline 0 -18"><span class='ocrx_word' id='word_1_62' title='bbox 96 1999 400 2068; x_wconf 69' lang='grc' dir='ltr'>ἐποιήσατε</span> <span class='ocrx_word' id='word_1_63' title='bbox 437 1997 593 2066; x_wconf 86' lang='grc' dir='ltr'>ὑμεῖς</span> <span class='ocrx_word' id='word_1_64' title='bbox 623 1997 814 2067; x_wconf 82' lang='grc' dir='ltr'>ἐορτὴν</span> <span class='ocrx_word' id='word_1_65' title='bbox 847 1997 1220 2068; x_wconf 84' lang='grc' dir='ltr'>πνευματικὴν</span> <span class='ocrx_word' id='word_1_66' title='bbox 1241 2038 1255 2058; x_wconf 96' lang='grc'>,</span> <span class='ocrx_word' id='word_1_67' title='bbox 1297 1999 1435 2068; x_wconf 87' lang='grc' dir='ltr'>μετά</span> <span class='ocrx_word' id='word_1_68' title='bbox 1466 1999 1670 2065; x_wconf 76' lang='grc' dir='ltr'>πολλῆς</span> 
     </span>
    </p>
   </div>
   <div class='ocr_carea' id='block_1_10' title="bbox 95 2079 1670 2150">
    <p class='ocr_par' dir='ltr' id='par_1_10' title="bbox 95 2079 1670 2150">
     <span class='ocr_line' id='line_1_10' title="bbox 95 2079 1670 2150; baseline 0.001 -18"><span class='ocrx_word' id='word_1_69' title='bbox 95 2084 202 2150; x_wconf 81' lang='grc' dir='ltr'>τῆς</span> <span class='ocrx_word' id='word_1_70' title='bbox 233 2079 448 2140; x_wconf 78' lang='grc' dir='ltr'>εὐνοίας</span> <span class='ocrx_word' id='word_1_71' title='bbox 470 2079 594 2141; x_wconf 85' lang='grc' dir='ltr'>τοὺς</span> <span class='ocrx_word' id='word_1_72' title='bbox 617 2079 744 2143; x_wconf 81' lang='grc' dir='ltr'>παρ’</span> <span class='ocrx_word' id='word_1_73' title='bbox 774 2079 928 2149; x_wconf 78' lang='grc' dir='ltr'>ἡμῶν</span> <span class='ocrx_word' id='word_1_74' title='bbox 941 2079 1224 2150; x_wconf 83' lang='grc' dir='ltr'>δεξάμενοι</span> <span class='ocrx_word' id='word_1_75' title='bbox 1250 2079 1463 2148; x_wconf 82' lang='grc' dir='ltr'>λόγους,</span> <span class='ocrx_word' id='word_1_76' title='bbox 1497 2083 1590 2134; x_wconf 73' lang='grc' dir='ltr'>καὶ</span> <span class='ocrx_word' id='word_1_77' title='bbox 1612 2082 1670 2133; x_wconf 77' lang='grc' dir='ltr'>τὸ</span> 
     </span>
    </p>
   </div>
   <div class='ocr_carea' id='block_1_11' title="bbox 97 2162 1670 2235">
    <p class='ocr_par' dir='ltr' id='par_1_11' title="bbox 97 2162 1670 2235">
     <span class='ocr_line' id='line_1_11' title="bbox 97 2162 1670 2235; baseline -0.001 -17"><span class='ocrx_word' id='word_1_78' title='bbox 97 2165 267 2218; x_wconf 81' lang='grc' dir='ltr'><em>πλέον</em></span> <span class='ocrx_word' id='word_1_79' title='bbox 287 2162 520 2216; x_wconf 85' lang='grc' dir='ltr'>ἐνταῦθα</span> <span class='ocrx_word' id='word_1_80' title='bbox 561 2163 660 2233; x_wconf 84' lang='grc' dir='ltr'>τῆς</span> <span class='ocrx_word' id='word_1_81' title='bbox 696 2163 910 2232; x_wconf 81' lang='grc' dir='ltr'>ἡμέρας</span> <span class='ocrx_word' id='word_1_82' title='bbox 946 2163 1342 2234; x_wconf 78' lang='grc' dir='ltr'>διατρίψαντες,</span> <span class='ocrx_word' id='word_1_83' title='bbox 1376 2164 1470 2218; x_wconf 72' lang='grc' dir='ltr'>καὶ</span> <span class='ocrx_word' id='word_1_84' title='bbox 1502 2165 1670 2235; x_wconf 81' lang='grc' dir='ltr'>μέθην</span> 
     </span>
    </p>
   </div>
   <div class='ocr_carea' id='block_1_12' title="bbox 97 2244 1668 2318">
    <p class='ocr_par' dir='ltr' id='par_1_12' title="bbox 97 2244 1668 2318">
     <span class='ocr_line' id='line_1_12' title="bbox 97 2244 1668 2318; baseline 0 -18"><span class='ocrx_word' id='word_1_85' title='bbox 97 2247 467 2317; x_wconf 71' lang='grc' dir='ltr'>μεθυσθέντες</span> <span class='ocrx_word' id='word_1_86' title='bbox 510 2244 863 2316; x_wconf 80' lang='grc' dir='ltr'>σωφροσύνης</span> <span class='ocrx_word' id='word_1_87' title='bbox 904 2245 1180 2316; x_wconf 81' lang='grc' dir='ltr'>γέμουσαν</span> <span class='ocrx_word' id='word_1_88' title='bbox 1205 2287 1219 2308; x_wconf 97' lang='grc'>,</span> <span class='ocrx_word' id='word_1_89' title='bbox 1265 2248 1358 2302; x_wconf 76' lang='grc' dir='ltr'>καὶ</span> <span class='ocrx_word' id='word_1_90' title='bbox 1409 2248 1546 2318; x_wconf 88' lang='grc' dir='ltr'>μετά</span> <span class='ocrx_word' id='word_1_91' title='bbox 1576 2247 1668 2300; x_wconf 83' lang='grc' dir='ltr'>τοῦ</span> 
     </span>
    </p>
   </div>
   <div class='ocr_carea' id='block_1_13' title="bbox 97 2329 1672 2402">
    <p class='ocr_par' dir='ltr' id='par_1_13' title="bbox 97 2329 1672 2402">
     <span class='ocr_line' id='line_1_13' title="bbox 97 2329 1672 2402; baseline 0.006 -20"><span class='ocrx_word' id='word_1_92' title='bbox 97 2333 318 2387; x_wconf 83' lang='grc' dir='ltr'>Παύλου</span> <span class='ocrx_word' id='word_1_93' title='bbox 350 2329 722 2402; x_wconf 86' lang='grc' dir='ltr'>χορεύσαντες.</span> <span class='ocrx_word' id='word_1_94' title='bbox 759 2329 990 2382; x_wconf 84' lang='grc' dir='ltr'>Διπλοῦν</span> <span class='ocrx_word' id='word_1_95' title='bbox 1017 2329 1196 2383; x_wconf 87' lang='grc' dir='ltr'><em>τοίνυν</em></span> <span class='ocrx_word' id='word_1_96' title='bbox 1226 2329 1367 2383; x_wconf 82' lang='grc' dir='ltr'>οὑτω</span> <span class='ocrx_word' id='word_1_97' title='bbox 1392 2331 1452 2383; x_wconf 78' lang='grc' dir='ltr'>τὸ</span> <span class='ocrx_word' id='word_1_98' title='bbox 1484 2331 1672 2401; x_wconf 76' lang='grc' dir='ltr'>κέρδος</span> 
     </span>
    </p>
   </div>
   <div class='ocr_carea' id='block_1_14' title="bbox 100 2413 1672 2488">
    <p class='ocr_par' dir='ltr' id='par_1_14' title="bbox 100 2413 1672 2488">
     <span class='ocr_line' id='line_1_14' title="bbox 100 2413 1672 2488; baseline -0.001 -18"><span class='ocrx_word' id='word_1_99' title='bbox 100 2420 235 2488; x_wconf 82' lang='grc' dir='ltr'>ὑμῖν</span> <span class='ocrx_word' id='word_1_100' title='bbox 273 2417 530 2485; x_wconf 84' lang='grc' dir='ltr'>γέγονεν,</span> <span class='ocrx_word' id='word_1_101' title='bbox 571 2414 652 2466; x_wconf 79' lang='grc' dir='ltr'>ὅτι</span> <span class='ocrx_word' id='word_1_102' title='bbox 682 2413 775 2465; x_wconf 75' lang='grc' dir='ltr'>καὶ</span> <span class='ocrx_word' id='word_1_103' title='bbox 812 2413 910 2484; x_wconf 84' lang='grc' dir='ltr'>τῆς</span> <span class='ocrx_word' id='word_1_104' title='bbox 949 2414 1186 2467; x_wconf 79' lang='grc' dir='ltr'><em>ἀτάκτου</em></span> <span class='ocrx_word' id='word_1_105' title='bbox 1223 2413 1331 2466; x_wconf 90' lang='grc' dir='ltr'>τῶν</span> <span class='ocrx_word' id='word_1_106' title='bbox 1369 2413 1672 2485; x_wconf 83' lang='grc' dir='ltr'>μεθυόντων</span> 
     </span>
    </p>
   </div>
   <div class='ocr_carea' id='block_1_15' title="bbox 94 2496 1670 2573">
    <p class='ocr_par' dir='ltr' id='par_1_15' title="bbox 94 2496 1670 2573">
     <span class='ocr_line' id='line_1_15' title="bbox 94 2496 1670 2573; baseline -0.003 -19"><span class='ocrx_word' id='word_1_107' title='bbox 94 2501 460 2573; x_wconf 74' lang='grc' dir='ltr'>ἀπηλλάγητε</span> <span class='ocrx_word' id='word_1_108' title='bbox 492 2498 729 2570; x_wconf 88' lang='grc' dir='ltr'>χορείας,</span> <span class='ocrx_word' id='word_1_109' title='bbox 747 2498 840 2550; x_wconf 69' lang='grc' dir='ltr'>καὶ</span> <span class='ocrx_word' id='word_1_110' title='bbox 874 2499 1218 2568; x_wconf 80' lang='grc' dir='ltr'>σκιρτήματα</span> <span class='ocrx_word' id='word_1_111' title='bbox 1242 2496 1394 2570; x_wconf 73' lang='lat'>{708]</span> <span class='ocrx_word' id='word_1_112' title='bbox 1416 2499 1670 2569; x_wconf 83' lang='grc' dir='ltr'>ἐσκιρτή-</span> 
     </span>
    </p>
   </div>
   <div class='ocr_carea' id='block_1_16' title="bbox 101 2578 1671 2652">
    <p class='ocr_par' dir='ltr' id='par_1_16' title="bbox 101 2578 1671 2652">
     <span class='ocr_line' id='line_1_16' title="bbox 101 2578 1671 2652; baseline -0.004 -12"><span class='ocrx_word' id='word_1_113' title='bbox 101 2603 230 2640; x_wconf 83' lang='grc' dir='ltr'>σατε</span> <span class='ocrx_word' id='word_1_114' title='bbox 266 2579 836 2652; x_wconf 74' lang='grc' dir='ltr'>πνευματικὰ,πολλὴν</span> <span class='ocrx_word' id='word_1_115' title='bbox 869 2578 1120 2644; x_wconf 81' lang='grc' dir='ltr'>εὐταξίαν</span> <span class='ocrx_word' id='word_1_116' title='bbox 1154 2580 1376 2650; x_wconf 75' lang='grc' dir='ltr'>ἔχοντα·</span> <span class='ocrx_word' id='word_1_117' title='bbox 1407 2581 1502 2633; x_wconf 72' lang='grc' dir='ltr'>καὶ</span> <span class='ocrx_word' id='word_1_118' title='bbox 1539 2597 1671 2650; x_wconf 86' lang='grc' dir='ltr'>μετ-</span> 
     </span>
    </p>
   </div>
   <div class='ocr_carea' id='block_1_17' title="bbox 97 2661 1672 2738">
    <p class='ocr_par' dir='ltr' id='par_1_17' title="bbox 97 2661 1672 2738">
     <span class='ocr_line' id='line_1_17' title="bbox 97 2661 1672 2738; baseline -0.004 -16"><span class='ocrx_word' id='word_1_119' title='bbox 97 2673 293 2738; x_wconf 67' lang='grc' dir='ltr'>έσχετε</span> <span class='ocrx_word' id='word_1_120' title='bbox 338 2665 644 2735; x_wconf 73' lang='grc' dir='ltr'><em>κρατῆρος,</em></span> <span class='ocrx_word' id='word_1_121' title='bbox 699 2663 799 2716; x_wconf 86' lang='grc' dir='ltr'>οὑκ</span> <span class='ocrx_word' id='word_1_122' title='bbox 874 2661 1113 2732; x_wconf 74' lang='grc' dir='ltr'>ἄκρατον</span> <span class='ocrx_word' id='word_1_123' title='bbox 1168 2664 1484 2734; x_wconf 77' lang='grc' dir='ltr'><em>ἐκχέοντος,</em></span> <span class='ocrx_word' id='word_1_124' title='bbox 1537 2662 1672 2715; x_wconf 73' lang='grc' dir='ltr'>ἀλλὰ</span> 
     </span>
    </p>
   </div>
   <div class='ocr_carea' id='block_1_18' title="bbox 96 2745 1672 2817">
    <p class='ocr_par' dir='ltr' id='par_1_18' title="bbox 96 2745 1672 2817">
     <span class='ocr_line' id='line_1_18' title="bbox 96 2745 1672 2817; baseline -0.005 -12"><span class='ocrx_word' id='word_1_125' title='bbox 96 2749 449 2810; x_wconf 80' lang='grc' dir='ltr'>διδασκαλίας</span> <span class='ocrx_word' id='word_1_126' title='bbox 482 2745 908 2817; x_wconf 87' lang='grc' dir='ltr'>πεπληρωμένου</span> <span class='ocrx_word' id='word_1_127' title='bbox 935 2746 1340 2816; x_wconf 76' lang='grc' dir='ltr'>πνευματικῆς·</span> <span class='ocrx_word' id='word_1_128' title='bbox 1382 2746 1477 2798; x_wconf 79' lang='grc' dir='ltr'>καὶ</span> <span class='ocrx_word' id='word_1_129' title='bbox 1510 2745 1672 2810; x_wconf 84' lang='grc' dir='ltr'>αὑλὸς</span> 
     </span>
    </p>
   </div>
   <div class='ocr_carea' id='block_1_19' title="bbox 99 2826 1672 2903">
    <p class='ocr_par' dir='ltr' id='par_1_19' title="bbox 99 2826 1672 2903">
     <span class='ocr_line' id='line_1_19' title="bbox 99 2826 1672 2903; baseline -0.006 -14"><span class='ocrx_word' id='word_1_130' title='bbox 99 2832 358 2903; x_wconf 81' lang='grc' dir='ltr'>ἐγένεσθε</span> <span class='ocrx_word' id='word_1_131' title='bbox 381 2830 474 2884; x_wconf 75' lang='grc' dir='ltr'>καὶ</span> <span class='ocrx_word' id='word_1_132' title='bbox 498 2828 697 2899; x_wconf 83' lang='grc' dir='ltr'>κιθάρα</span> <span class='ocrx_word' id='word_1_133' title='bbox 721 2829 798 2899; x_wconf 81' lang='grc' dir='ltr'>τῷ</span> <span class='ocrx_word' id='word_1_134' title='bbox 826 2827 1104 2898; x_wconf 88' lang='grc' dir='ltr'>Πνεύματι</span> <span class='ocrx_word' id='word_1_135' title='bbox 1123 2826 1203 2897; x_wconf 84' lang='grc' dir='ltr'>τῷ</span> <span class='ocrx_word' id='word_1_136' title='bbox 1237 2828 1375 2899; x_wconf 83' lang='grc' dir='ltr'>ἁγίῳ</span> <span class='ocrx_word' id='word_1_137' title='bbox 1398 2843 1413 2858; x_wconf 76' lang='grc' dir='ltr'><strong>ο</strong></span> <span class='ocrx_word' id='word_1_138' title='bbox 1448 2827 1541 2881; x_wconf 71' lang='grc' dir='ltr'>καὶ</span> <span class='ocrx_word' id='word_1_139' title='bbox 1563 2828 1672 2880; x_wconf 82' lang='grc' dir='ltr'>τῶν</span> 
     </span>
    </p>
   </div>
   <div class='ocr_carea' id='block_1_20' title="bbox 98 2910 1672 2986">
    <p class='ocr_par' dir='ltr' id='par_1_20' title="bbox 98 2910 1672 2986">
     <span class='ocr_line' id='line_1_20' title="bbox 98 2910 1672 2986; baseline -0.007 -12"><span class='ocrx_word' id='word_1_140' title='bbox 98 2921 281 2976; x_wconf 78' lang='grc' dir='ltr'>ἄλλων</span> <span class='ocrx_word' id='word_1_141' title='bbox 331 2916 410 2986; x_wconf 82' lang='grc' dir='ltr'>τῷ</span> <span class='ocrx_word' id='word_1_142' title='bbox 441 2914 671 2984; x_wconf 88' lang='grc' dir='ltr'>διαϐόλῳ</span> <span class='ocrx_word' id='word_1_143' title='bbox 709 2913 1062 2983; x_wconf 81' lang='grc' dir='ltr'>χορευόντων,</span> <span class='ocrx_word' id='word_1_144' title='bbox 1116 2911 1273 2981; x_wconf 83' lang='grc' dir='ltr'>ὑμεῖς</span> <span class='ocrx_word' id='word_1_145' title='bbox 1322 2910 1528 2981; x_wconf 76' lang='grc' dir='ltr'>ὄργανα</span> <span class='ocrx_word' id='word_1_146' title='bbox 1579 2912 1672 2963; x_wconf 73' lang='grc' dir='ltr'>καὶ</span> 
     </span>
    </p>
   </div>
   <div class='ocr_carea' id='block_1_21' title="bbox 104 2993 1672 3070">
    <p class='ocr_par' dir='ltr' id='par_1_21' title="bbox 104 2993 1672 3070">
     <span class='ocr_line' id='line_1_21' title="bbox 104 2993 1672 3070; baseline -0.007 -14"><span class='ocrx_word' id='word_1_147' title='bbox 104 3002 278 3070; x_wconf 87' lang='grc' dir='ltr'>σκεύη</span> <span class='ocrx_word' id='word_1_148' title='bbox 314 2995 656 3068; x_wconf 83' lang='grc' dir='ltr'>πνευματικὰ</span> <span class='ocrx_word' id='word_1_149' title='bbox 712 2995 1218 3056; x_wconf 82' lang='grc' dir='ltr'>κατασκευάσαντες</span> <span class='ocrx_word' id='word_1_150' title='bbox 1269 2994 1527 3056; x_wconf 78' lang='grc' dir='ltr'>ἐαυτοὺς,</span> <span class='ocrx_word' id='word_1_151' title='bbox 1584 2993 1672 3046; x_wconf 77' lang='grc' dir='ltr'>διὰ</span> 
     </span>
    </p>
   </div>
   <div class='ocr_carea' id='block_1_22' title="bbox 97 3075 1670 3155">
    <p class='ocr_par' dir='ltr' id='par_1_22' title="bbox 97 3075 1670 3155">
     <span class='ocr_line' id='line_1_22' title="bbox 97 3075 1670 3155; baseline -0.007 -16"><span class='ocrx_word' id='word_1_152' title='bbox 97 3087 203 3155; x_wconf 77' lang='grc' dir='ltr'>τῆς</span> <span class='ocrx_word' id='word_1_153' title='bbox 220 3081 454 3138; x_wconf 86' lang='grc' dir='ltr'>ἐνταῦθα</span> <span class='ocrx_word' id='word_1_154' title='bbox 478 3078 781 3150; x_wconf 85' lang='grc' dir='ltr'>διατριϐῆς,</span> <span class='ocrx_word' id='word_1_155' title='bbox 804 3077 1039 3132; x_wconf 84' lang='grc' dir='ltr'>ἐδώκατε</span> <span class='ocrx_word' id='word_1_156' title='bbox 1053 3077 1131 3147; x_wconf 80' lang='grc' dir='ltr'>τῷ</span> <span class='ocrx_word' id='word_1_157' title='bbox 1151 3075 1426 3146; x_wconf 85' lang='grc' dir='ltr'>Πνεύματι</span> <span class='ocrx_word' id='word_1_158' title='bbox 1443 3075 1670 3148; x_wconf 84' lang='grc' dir='ltr'>κροῦσαι</span> 
     </span>
    </p>
   </div>
   <div class='ocr_carea' id='block_1_23' title="bbox 99 3159 1670 3235">
    <p class='ocr_par' dir='ltr' id='par_1_23' title="bbox 99 3159 1670 3235">
     <span class='ocr_line' id='line_1_23' title="bbox 99 3159 1670 3235; baseline -0.006 -15"><span class='ocrx_word' id='word_1_159' title='bbox 99 3169 202 3232; x_wconf 77' lang='grc' dir='ltr'>τὰς</span> <span class='ocrx_word' id='word_1_160' title='bbox 254 3165 526 3235; x_wconf 75' lang='grc' dir='ltr'>ὑμετέρας</span> <span class='ocrx_word' id='word_1_161' title='bbox 577 3163 775 3232; x_wconf 82' lang='grc' dir='ltr'>ψυχὰς,</span> <span class='ocrx_word' id='word_1_162' title='bbox 825 3161 919 3214; x_wconf 80' lang='grc' dir='ltr'>καὶ</span> <span class='ocrx_word' id='word_1_163' title='bbox 950 3160 1046 3231; x_wconf 83' lang='grc' dir='ltr'>τὴν</span> <span class='ocrx_word' id='word_1_164' title='bbox 1095 3161 1224 3230; x_wconf 87' lang='grc' dir='ltr'>παρ’</span> <span class='ocrx_word' id='word_1_165' title='bbox 1270 3159 1462 3212; x_wconf 86' lang='grc' dir='ltr'>ἐαυτοῦ</span> <span class='ocrx_word' id='word_1_166' title='bbox 1509 3159 1670 3233; x_wconf 82' lang='grc' dir='ltr'>χάριν</span> 
     </span>
    </p>
   </div>
   <div class='ocr_carea' id='block_1_24' title="bbox 98 3244 1668 3322">
    <p class='ocr_par' dir='ltr' id='par_1_24' title="bbox 98 3244 1668 3322">
     <span class='ocr_line' id='line_1_24' title="bbox 98 3244 1668 3322; baseline -0.006 -17"><span class='ocrx_word' id='word_1_167' title='bbox 98 3249 408 3322; x_wconf 56' lang='grc' dir='ltr'>ἐμπνεῦσαι</span> <span class='ocrx_word' id='word_1_168' title='bbox 439 3250 556 3310; x_wconf 83' lang='grc' dir='ltr'>ταῖς</span> <span class='ocrx_word' id='word_1_169' title='bbox 588 3247 882 3317; x_wconf 77' lang='grc' dir='ltr'>ὑμετέραις</span> <span class='ocrx_word' id='word_1_170' title='bbox 907 3245 1221 3317; x_wconf 75' lang='grc' dir='ltr'>καρδίαιςὶι·</span> <span class='ocrx_word' id='word_1_171' title='bbox 1261 3244 1384 3297; x_wconf 85' lang='grc' dir='ltr'>ὅθεν</span> <span class='ocrx_word' id='word_1_172' title='bbox 1409 3245 1504 3297; x_wconf 74' lang='grc' dir='ltr'>καὶ</span> <span class='ocrx_word' id='word_1_173' title='bbox 1531 3262 1668 3296; x_wconf 78' lang='grc' dir='ltr'>παν-</span> 
     </span>
    </p>
   </div>
   <div class='ocr_carea' id='block_1_25' title="bbox 100 3326 1669 3408">
    <p class='ocr_par' dir='ltr' id='par_1_25' title="bbox 100 3326 1669 3408">
     <span class='ocr_line' id='line_1_25' title="bbox 100 3326 1669 3408; baseline -0.006 -18"><span class='ocrx_word' id='word_1_174' title='bbox 100 3336 364 3408; x_wconf 87' lang='grc' dir='ltr'>αρμόνιον</span> <span class='ocrx_word' id='word_1_175' title='bbox 409 3331 648 3400; x_wconf 75' lang='grc' dir='ltr'>ἡχήσατε</span> <span class='ocrx_word' id='word_1_176' title='bbox 674 3329 854 3399; x_wconf 81' lang='grc' dir='ltr'><em>μέλος,</em></span> <span class='ocrx_word' id='word_1_177' title='bbox 873 3329 972 3381; x_wconf 88' lang='grc' dir='ltr'>οὑκ</span> <span class='ocrx_word' id='word_1_178' title='bbox 987 3327 1305 3408; x_wconf 81' lang='grc' dir='ltr'>ἀνθρώπους</span> <span class='ocrx_word' id='word_1_179' title='bbox 1339 3327 1518 3398; x_wconf 90' lang='grc' dir='ltr'>μόνον,</span> <span class='ocrx_word' id='word_1_180' title='bbox 1535 3326 1669 3380; x_wconf 79' lang='grc' dir='ltr'>ἀλλὰ</span> 
     </span>
    </p>
   </div>
   <div class='ocr_carea' id='block_1_26' title="bbox 98 3412 1065 3484">
    <p class='ocr_par' dir='ltr' id='par_1_26' title="bbox 98 3412 1065 3484">
     <span class='ocr_line' id='line_1_26' title="bbox 98 3412 1065 3484; baseline -0.011 -8"><span class='ocrx_word' id='word_1_181' title='bbox 98 3423 196 3475; x_wconf 84' lang='grc' dir='ltr'><strong>καί</strong></span> <span class='ocrx_word' id='word_1_182' title='bbox 225 3420 324 3481; x_wconf 81' lang='grc' dir='ltr'>τὰς</span> <span class='ocrx_word' id='word_1_183' title='bbox 347 3416 457 3469; x_wconf 80' lang='grc' dir='ltr'>ἄνω</span> <span class='ocrx_word' id='word_1_184' title='bbox 479 3415 736 3484; x_wconf 84' lang='grc' dir='ltr'>δυνάμεις</span> <span class='ocrx_word' id='word_1_185' title='bbox 759 3412 1065 3484; x_wconf 74' lang='grc' dir='ltr'>εὐφραῖνον.</span> 
     </span>
    </p>
   </div>
   <div class='ocr_carea' id='block_1_27' title="bbox 173 3493 1670 3573">
    <p class='ocr_par' dir='ltr' id='par_1_27' title="bbox 173 3493 1670 3573">
     <span class='ocr_line' id='line_1_27' title="bbox 173 3493 1670 3573; baseline -0.006 -17"><span class='ocrx_word' id='word_1_186' title='bbox 173 3503 312 3573; x_wconf 81' lang='grc' dir='ltr'><em>Φέρε</em></span> <span class='ocrx_word' id='word_1_187' title='bbox 339 3495 432 3552; x_wconf 80' lang='grc' dir='ltr'>οὖν</span> <span class='ocrx_word' id='word_1_188' title='bbox 460 3498 553 3552; x_wconf 73' lang='grc' dir='ltr'>καὶ</span> <span class='ocrx_word' id='word_1_189' title='bbox 579 3498 816 3567; x_wconf 86' lang='grc' dir='ltr'>σήμερον</span> <span class='ocrx_word' id='word_1_190' title='bbox 854 3495 996 3547; x_wconf 77' lang='grc' dir='ltr'>κατὰ</span> <span class='ocrx_word' id='word_1_191' title='bbox 1027 3493 1197 3564; x_wconf 84' lang='grc' dir='ltr'><em>μέθης</em></span> <span class='ocrx_word' id='word_1_192' title='bbox 1229 3493 1540 3564; x_wconf 87' lang='grc' dir='ltr'>όπλίσωμεν</span> <span class='ocrx_word' id='word_1_193' title='bbox 1571 3494 1670 3564; x_wconf 83' lang='grc' dir='ltr'>τὴν</span> 
     </span>
    </p>
   </div>
   <div class='ocr_carea' id='block_1_28' title="bbox 98 3576 1669 3656">
    <p class='ocr_par' dir='ltr' id='par_1_28' title="bbox 98 3576 1669 3656">
     <span class='ocr_line' id='line_1_28' title="bbox 98 3576 1669 3656; baseline -0.006 -16"><span class='ocrx_word' id='word_1_194' title='bbox 98 3587 379 3656; x_wconf 81' lang='grc' dir='ltr'>γλῶσσαν,</span> <span class='ocrx_word' id='word_1_195' title='bbox 410 3580 610 3634; x_wconf 74' lang='grc' dir='ltr'>καὶτὸν</span> <span class='ocrx_word' id='word_1_196' title='bbox 635 3577 800 3649; x_wconf 83' lang='grc' dir='ltr'>ὑγρὸν</span> <span class='ocrx_word' id='word_1_197' title='bbox 826 3579 920 3630; x_wconf 76' lang='grc' dir='ltr'>καὶ</span> <span class='ocrx_word' id='word_1_198' title='bbox 943 3576 1260 3648; x_wconf 78' lang='grc' dir='ltr'>διαῤῥέοντα</span> <span class='ocrx_word' id='word_1_199' title='bbox 1276 3577 1669 3648; x_wconf 89' lang='grc' dir='ltr'>καταϐάλωμεν</span> 
     </span>
    </p>
   </div>
   <div class='ocr_carea' id='block_1_29' title="bbox 100 3660 1665 3740">
    <p class='ocr_par' dir='ltr' id='par_1_29' title="bbox 100 3660 1665 3740">
     <span class='ocr_line' id='line_1_29' title="bbox 100 3660 1665 3740; baseline -0.004 -20"><span class='ocrx_word' id='word_1_200' title='bbox 100 3673 248 3740; x_wconf 79' lang='grc' dir='ltr'>βίον·</span> <span class='ocrx_word' id='word_1_201' title='bbox 303 3664 766 3736; x_wconf 83' lang='grc' dir='ltr'>κατηγορήσωμεν</span> <span class='ocrx_word' id='word_1_202' title='bbox 813 3661 920 3714; x_wconf 88' lang='grc' dir='ltr'>τῶν</span> <span class='ocrx_word' id='word_1_203' title='bbox 957 3663 1012 3714; x_wconf 87' lang='grc' dir='ltr'>ἐν</span> <span class='ocrx_word' id='word_1_204' title='bbox 1039 3661 1173 3731; x_wconf 82' lang='grc' dir='ltr'>αὐτῇ</span> <span class='ocrx_word' id='word_1_205' title='bbox 1217 3660 1665 3732; x_wconf 81' lang='grc' dir='ltr'>διημερευόντων,</span> 
     </span>
    </p>
   </div>
   <div class='ocr_carea' id='block_1_30' title="bbox 95 3743 1669 3824">
    <p class='ocr_par' dir='ltr' id='par_1_30' title="bbox 95 3743 1669 3824">
     <span class='ocr_line' id='line_1_30' title="bbox 95 3743 1669 3824; baseline 0.002 -30"><span class='ocrx_word' id='word_1_206' title='bbox 95 3757 202 3824; x_wconf 57' lang='grc' dir='ltr'>οὐχ</span> <span class='ocrx_word' id='word_1_207' title='bbox 259 3752 346 3803; x_wconf 83' lang='grc' dir='ltr'>ἵνα</span> <span class='ocrx_word' id='word_1_208' title='bbox 396 3745 594 3808; x_wconf 82' lang='grc' dir='ltr'>αὑτοὺς</span> <span class='ocrx_word' id='word_1_209' title='bbox 647 3743 1117 3813; x_wconf 85' lang='grc' dir='ltr'>καταισχύνωμεν,</span> <span class='ocrx_word' id='word_1_210' title='bbox 1171 3743 1284 3796; x_wconf 80' lang='grc' dir='ltr'>ἀλλ’</span> <span class='ocrx_word' id='word_1_211' title='bbox 1329 3744 1415 3796; x_wconf 81' lang='grc' dir='ltr'>ἵνα</span> <span class='ocrx_word' id='word_1_212' title='bbox 1471 3744 1669 3807; x_wconf 77' lang='grc' dir='ltr'>αὑτοὺς</span> 
     </span>
    </p>
   </div>
   <div class='ocr_carea' id='block_1_31' title="bbox 101 3825 1664 3905">
    <p class='ocr_par' dir='ltr' id='par_1_31' title="bbox 101 3825 1664 3905">
     <span class='ocr_line' id='line_1_31' title="bbox 101 3825 1664 3905; baseline -0.008 -16"><span class='ocrx_word' id='word_1_213' title='bbox 101 3833 365 3905; x_wconf 76' lang='grc' dir='ltr'>αἰσχύνης</span> <span class='ocrx_word' id='word_1_214' title='bbox 391 3828 784 3898; x_wconf 81' lang='grc' dir='ltr'>ἀπαλλάξωμεν</span> <span class='ocrx_word' id='word_1_215' title='bbox 803 3846 817 3860; x_wconf 90' lang='grc'>·</span> <span class='ocrx_word' id='word_1_216' title='bbox 843 3828 942 3897; x_wconf 90' lang='grc' dir='ltr'>οὑχ</span> <span class='ocrx_word' id='word_1_217' title='bbox 961 3826 1048 3878; x_wconf 81' lang='grc' dir='ltr'>ἵνα</span> <span class='ocrx_word' id='word_1_218' title='bbox 1073 3826 1268 3889; x_wconf 76' lang='grc' dir='ltr'>αὐτοὺς</span> <span class='ocrx_word' id='word_1_219' title='bbox 1291 3825 1664 3896; x_wconf 82' lang='grc' dir='ltr'>όνειδίσωμεν,</span> 
     </span>
    </p>
   </div>
   <div class='ocr_carea' id='block_1_32' title="bbox 97 3908 1665 3982">
    <p class='ocr_par' dir='ltr' id='par_1_32' title="bbox 97 3908 1665 3982">
     <span class='ocr_line' id='line_1_32' title="bbox 97 3908 1665 3982; baseline -0.017 -9"><span class='ocrx_word' id='word_1_220' title='bbox 97 3919 217 3974; x_wconf 79' lang='grc' dir='ltr'>ἀλλ’</span> <span class='ocrx_word' id='word_1_221' title='bbox 254 3918 341 3969; x_wconf 82' lang='grc' dir='ltr'>ἵνα</span> <span class='ocrx_word' id='word_1_222' title='bbox 385 3915 582 3976; x_wconf 75' lang='grc' dir='ltr'>αὑτοὺς</span> <span class='ocrx_word' id='word_1_223' title='bbox 606 3909 1026 3982; x_wconf 83' lang='grc' dir='ltr'>διορθωσώμεθα</span> <span class='ocrx_word' id='word_1_224' title='bbox 1049 3925 1061 3937; x_wconf 87' lang='grc'>·</span> <span class='ocrx_word' id='word_1_225' title='bbox 1090 3909 1188 3977; x_wconf 85' lang='grc' dir='ltr'>οὑχ</span> <span class='ocrx_word' id='word_1_226' title='bbox 1231 3908 1318 3961; x_wconf 82' lang='grc' dir='ltr'>ἵνα</span> <span class='ocrx_word' id='word_1_227' title='bbox 1355 3909 1551 3971; x_wconf 77' lang='grc' dir='ltr'>αὑτοὺς</span> <span class='ocrx_word' id='word_1_228' title='bbox 1574 3909 1665 3959; x_wconf 81' lang='grc' dir='ltr'>ὲκ-</span> 
     </span>
    </p>
   </div>
   <div class='ocr_carea' id='block_1_33' title="bbox 101 3989 1668 4072">
    <p class='ocr_par' dir='ltr' id='par_1_33' title="bbox 101 3989 1668 4072">
     <span class='ocr_line' id='line_1_33' title="bbox 101 3989 1668 4072; baseline -0.01 -16"><span class='ocrx_word' id='word_1_229' title='bbox 101 3999 534 4072; x_wconf 78' lang='grc' dir='ltr'>πομπεύσωμεν,</span> <span class='ocrx_word' id='word_1_230' title='bbox 565 3995 678 4048; x_wconf 87' lang='grc' dir='ltr'>ἀλλ’</span> <span class='ocrx_word' id='word_1_231' title='bbox 721 3995 806 4046; x_wconf 81' lang='grc' dir='ltr'>ἵνα</span> <span class='ocrx_word' id='word_1_232' title='bbox 845 3992 1066 4062; x_wconf 82' lang='grc' dir='ltr'>πομπῆς</span> <span class='ocrx_word' id='word_1_233' title='bbox 1115 3991 1421 4060; x_wconf 81' lang='grc' dir='ltr'>ἀσχήμονος</span> <span class='ocrx_word' id='word_1_234' title='bbox 1451 3989 1668 4058; x_wconf 87' lang='grc' dir='ltr'>ἀπαγά-</span> 
     </span>
    </p>
   </div>
   <div class='ocr_carea' id='block_1_34' title="bbox 97 4073 1665 4154">
    <p class='ocr_par' dir='ltr' id='par_1_34' title="bbox 97 4073 1665 4154">
     <span class='ocr_line' id='line_1_34' title="bbox 97 4073 1665 4154; baseline -0.008 -18"><span class='ocrx_word' id='word_1_235' title='bbox 97 4101 311 4154; x_wconf 76' lang='grc' dir='ltr'>γωμεν,</span> <span class='ocrx_word' id='word_1_236' title='bbox 346 4081 439 4134; x_wconf 77' lang='grc' dir='ltr'>καὶ</span> <span class='ocrx_word' id='word_1_237' title='bbox 465 4077 574 4130; x_wconf 88' lang='grc' dir='ltr'>τῶν</span> <span class='ocrx_word' id='word_1_238' title='bbox 598 4077 691 4130; x_wconf 90' lang='grc' dir='ltr'>τοῦ</span> <span class='ocrx_word' id='word_1_239' title='bbox 723 4076 966 4129; x_wconf 88' lang='grc' dir='ltr'>διαϐόλου</span> <span class='ocrx_word' id='word_1_240' title='bbox 1004 4074 1200 4144; x_wconf 89' lang='grc' dir='ltr'>χειρῶν</span> <span class='ocrx_word' id='word_1_241' title='bbox 1233 4073 1630 4144; x_wconf 80' lang='grc' dir='ltr'>ἐξαρπάσωμεν</span> <span class='ocrx_word' id='word_1_242' title='bbox 1650 4090 1665 4104; x_wconf 89' lang='grc'>·</span> 
     </span>
    </p>
   </div>
   <div class='ocr_carea' id='block_1_35' title="bbox 96 4155 1664 4237">
    <p class='ocr_par' dir='ltr' id='par_1_35' title="bbox 96 4155 1664 4237">
     <span class='ocr_line' id='line_1_35' title="bbox 96 4155 1664 4237; baseline -0.01 -16"><span class='ocrx_word' id='word_1_243' title='bbox 96 4175 127 4224; x_wconf 83' lang='grc' dir='ltr'>ὁ</span> <span class='ocrx_word' id='word_1_244' title='bbox 161 4169 268 4237; x_wconf 80' lang='grc' dir='ltr'>γὰρ</span> <span class='ocrx_word' id='word_1_245' title='bbox 295 4167 354 4218; x_wconf 88' lang='grc' dir='ltr'>ἐν</span> <span class='ocrx_word' id='word_1_246' title='bbox 390 4163 526 4235; x_wconf 77' lang='grc' dir='ltr'><em>μέθῃ</em></span> <span class='ocrx_word' id='word_1_247' title='bbox 549 4159 885 4231; x_wconf 76' lang='grc' dir='ltr'>διημερεύων</span> <span class='ocrx_word' id='word_1_248' title='bbox 914 4159 1006 4211; x_wconf 75' lang='grc' dir='ltr'>καὶ</span> <span class='ocrx_word' id='word_1_249' title='bbox 1037 4157 1214 4228; x_wconf 78' lang='grc' dir='ltr'>τρυφῇ</span> <span class='ocrx_word' id='word_1_250' title='bbox 1242 4157 1334 4208; x_wconf 81' lang='grc' dir='ltr'>καὶ</span> <span class='ocrx_word' id='word_1_251' title='bbox 1367 4155 1664 4225; x_wconf 75' lang='grc' dir='ltr'>ἀδηφαγία,</span> 
     </span>
    </p>
   </div>
   <div class='ocr_carea' id='block_1_36' title="bbox 95 4239 1667 4318">
    <p class='ocr_par' dir='ltr' id='par_1_36' title="bbox 95 4239 1667 4318">
     <span class='ocr_line' id='line_1_36' title="bbox 95 4239 1667 4318; baseline -0.012 -13"><span class='ocrx_word' id='word_1_252' title='bbox 95 4254 194 4307; x_wconf 78' lang='grc' dir='ltr'>ὑπ’</span> <span class='ocrx_word' id='word_1_253' title='bbox 216 4249 386 4318; x_wconf 76' lang='grc' dir='ltr'>αὑτὴν</span> <span class='ocrx_word' id='word_1_254' title='bbox 408 4246 501 4298; x_wconf 89' lang='grc' dir='ltr'>τοῦ</span> <span class='ocrx_word' id='word_1_255' title='bbox 523 4243 766 4297; x_wconf 87' lang='grc' dir='ltr'>διαϐόλου</span> <span class='ocrx_word' id='word_1_256' title='bbox 783 4242 881 4312; x_wconf 82' lang='grc' dir='ltr'>τὴν</span> <span class='ocrx_word' id='word_1_257' title='bbox 904 4239 1192 4312; x_wconf 84' lang='grc' dir='ltr'>τυραννίδα</span> <span class='ocrx_word' id='word_1_258' title='bbox 1222 4239 1532 4308; x_wconf 88' lang='grc' dir='ltr'>γεγένηται.</span> <span class='ocrx_word' id='word_1_259' title='bbox 1559 4239 1667 4291; x_wconf 75' lang='grc' dir='ltr'>Καὶ</span> 
     </span>
    </p>
   </div>
   <div class='ocr_carea' id='block_1_37' title="bbox 96 4321 1666 4403">
    <p class='ocr_par' dir='ltr' id='par_1_37' title="bbox 96 4321 1666 4403">
     <span class='ocr_line' id='line_1_37' title="bbox 96 4321 1666 4403; baseline -0.01 -16"><span class='ocrx_word' id='word_1_260' title='bbox 96 4335 315 4403; x_wconf 80' lang='grc' dir='ltr'>γένοιτο</span> <span class='ocrx_word' id='word_1_261' title='bbox 359 4329 456 4400; x_wconf 84' lang='grc' dir='ltr'>μέν</span> <span class='ocrx_word' id='word_1_262' title='bbox 501 4345 552 4380; x_wconf 88' lang='grc' dir='ltr'>τι</span> <span class='ocrx_word' id='word_1_263' title='bbox 599 4325 758 4379; x_wconf 87' lang='grc' dir='ltr'><em>πλέον</em></span> <span class='ocrx_word' id='word_1_264' title='bbox 808 4325 1061 4394; x_wconf 86' lang='grc' dir='ltr'>γενέσθαι</span> <span class='ocrx_word' id='word_1_265' title='bbox 1113 4323 1176 4375; x_wconf 86' lang='grc' dir='ltr'>ἐκ</span> <span class='ocrx_word' id='word_1_266' title='bbox 1226 4321 1334 4374; x_wconf 89' lang='grc' dir='ltr'>τῶν</span> <span class='ocrx_word' id='word_1_267' title='bbox 1385 4321 1666 4392; x_wconf 84' lang='grc' dir='ltr'>ἡμετέρων</span> 
     </span>
    </p>
   </div>
   <div class='ocr_carea' id='block_1_38' title="bbox 98 4405 1666 4491">
    <p class='ocr_par' dir='ltr' id='par_1_38' title="bbox 98 4405 1666 4491">
     <span class='ocr_line' id='line_1_38' title="bbox 98 4405 1666 4491; baseline -0.009 -21"><span class='ocrx_word' id='word_1_268' title='bbox 98 4417 398 4491; x_wconf 75' lang='grc' dir='ltr'>ῥημάτων·</span> <span class='ocrx_word' id='word_1_269' title='bbox 427 4411 491 4465; x_wconf 84' lang='grc' dir='ltr'>ἂν</span> <span class='ocrx_word' id='word_1_270' title='bbox 517 4411 561 4462; x_wconf 82' lang='grc' dir='ltr'>δ’</span> <span class='ocrx_word' id='word_1_271' title='bbox 584 4409 691 4478; x_wconf 78' lang='grc' dir='ltr'>ἄρα</span> <span class='ocrx_word' id='word_1_272' title='bbox 725 4410 836 4491; x_wconf 83' lang='grc' dir='ltr'>τοῖς</span> <span class='ocrx_word' id='word_1_273' title='bbox 867 4407 1048 4469; x_wconf 88' lang='grc' dir='ltr'>αὑτοῖς</span> <span class='ocrx_word' id='word_1_274' title='bbox 1071 4407 1370 4475; x_wconf 78' lang='grc' dir='ltr'>ἐπιμένωσι</span> <span class='ocrx_word' id='word_1_275' title='bbox 1390 4405 1498 4491; x_wconf 56' lang='grc' dir='ltr'>καὶ1</span> <span class='ocrx_word' id='word_1_276' title='bbox 1529 4405 1666 4491; x_wconf 79' lang='grc' dir='ltr'>μετὰ</span> 
     </span>
    </p>
   </div>
   <div class='ocr_carea' id='block_1_39' title="bbox 96 4487 1667 4573">
    <p class='ocr_par' dir='ltr' id='par_1_39' title="bbox 96 4487 1667 4573">
     <span class='ocr_line' id='line_1_39' title="bbox 96 4487 1667 4573; baseline -0.011 -17"><span class='ocrx_word' id='word_1_277' title='bbox 96 4487 200 4573; x_wconf 62' lang='grc' dir='ltr'>τῆν</span> <span class='ocrx_word' id='word_1_278' title='bbox 230 4497 570 4569; x_wconf 82' lang='grc' dir='ltr'>παραίνεσιν,</span> <span class='ocrx_word' id='word_1_279' title='bbox 605 4492 724 4545; x_wconf 86' lang='grc' dir='ltr'>οὑδέ</span> <span class='ocrx_word' id='word_1_280' title='bbox 745 4490 918 4554; x_wconf 78' lang='grc' dir='ltr'>οὕτως</span> <span class='ocrx_word' id='word_1_281' title='bbox 939 4492 1097 4560; x_wconf 83' lang='grc' dir='ltr'>ἡμεῖς</span> <span class='ocrx_word' id='word_1_282' title='bbox 1124 4487 1549 4573; x_wconf 87' lang='grc' dir='ltr'>ἀποστησόμεθα</span> <span class='ocrx_word' id='word_1_283' title='bbox 1569 4488 1667 4573; x_wconf 72' lang='grc' dir='ltr'>τῆς</span> 
     </span>
    </p>
   </div>
   <div class='ocr_carea' id='block_1_40' title="bbox 96 4571 1665 4656">
    <p class='ocr_par' dir='ltr' id='par_1_40' title="bbox 96 4571 1665 4656">
     <span class='ocr_line' id='line_1_40' title="bbox 96 4571 1665 4656; baseline -0.005 -24"><span class='ocrx_word' id='word_1_284' title='bbox 96 4571 240 4656; x_wconf 76' lang='grc' dir='ltr'>πρὸς</span> <span class='ocrx_word' id='word_1_285' title='bbox 275 4579 470 4640; x_wconf 80' lang='grc' dir='ltr'>αὑτοὺς</span> <span class='ocrx_word' id='word_1_286' title='bbox 516 4574 861 4646; x_wconf 78' lang='grc' dir='ltr'>συμϐουλῆς·</span> <span class='ocrx_word' id='word_1_287' title='bbox 912 4573 1004 4626; x_wconf 78' lang='grc' dir='ltr'>καὶ</span> <span class='ocrx_word' id='word_1_288' title='bbox 1041 4573 1151 4644; x_wconf 80' lang='grc' dir='ltr'>γάρ</span> <span class='ocrx_word' id='word_1_289' title='bbox 1198 4574 1252 4626; x_wconf 84' lang='grc' dir='ltr'>αἱ</span> <span class='ocrx_word' id='word_1_290' title='bbox 1297 4572 1517 4644; x_wconf 80' lang='grc' dir='ltr'>κρῆναι,</span> <span class='ocrx_word' id='word_1_291' title='bbox 1563 4571 1665 4624; x_wconf 80' lang='grc' dir='ltr'>κᾶν</span> 
     </span>
    </p>
   </div>
   <div class='ocr_carea' id='block_1_41' title="bbox 97 4656 1668 4738">
    <p class='ocr_par' dir='ltr' id='par_1_41' title="bbox 97 4656 1668 4738">
     <span class='ocr_line' id='line_1_41' title="bbox 97 4656 1668 4738; baseline -0.006 -20"><span class='ocrx_word' id='word_1_292' title='bbox 97 4668 297 4738; x_wconf 73' lang='grc' dir='ltr'>μηδεὶς</span> <span class='ocrx_word' id='word_1_293' title='bbox 336 4660 651 4733; x_wconf 80' lang='grc' dir='ltr'>ὑδρεύηται,</span> <span class='ocrx_word' id='word_1_294' title='bbox 690 4659 890 4731; x_wconf 79' lang='grc' dir='ltr'>ῥέουσι.</span> <span class='ocrx_word' id='word_1_295' title='bbox 917 4657 1012 4710; x_wconf 79' lang='grc' dir='ltr'>καὶ</span> <span class='ocrx_word' id='word_1_296' title='bbox 1033 4658 1088 4709; x_wconf 85' lang='grc' dir='ltr'>αἱ</span> <span class='ocrx_word' id='word_1_297' title='bbox 1117 4658 1310 4727; x_wconf 78' lang='grc' dir='ltr'>πηγαὶ,</span> <span class='ocrx_word' id='word_1_298' title='bbox 1340 4656 1443 4709; x_wconf 76' lang='grc' dir='ltr'>κᾶν</span> <span class='ocrx_word' id='word_1_299' title='bbox 1482 4656 1668 4727; x_wconf 81' lang='grc' dir='ltr'>μηδεὶς</span> 
     </span>
    </p>
   </div>
   <div class='ocr_carea' id='block_1_42' title="bbox 93 4738 1666 4820">
    <p class='ocr_par' dir='ltr' id='par_1_42' title="bbox 93 4738 1666 4820">
     <span class='ocr_line' id='line_1_42' title="bbox 93 4738 1666 4820; baseline -0.009 -15"><span class='ocrx_word' id='word_1_300' title='bbox 93 4750 359 4820; x_wconf 84' lang='grc' dir='ltr'>ἀρύηται,</span> <span class='ocrx_word' id='word_1_301' title='bbox 392 4742 771 4807; x_wconf 75' lang='grc' dir='ltr'>ἀναϐλύζουσι,</span> <span class='ocrx_word' id='word_1_302' title='bbox 818 4742 914 4794; x_wconf 79' lang='grc' dir='ltr'>καὶ</span> <span class='ocrx_word' id='word_1_303' title='bbox 957 4742 1006 4794; x_wconf 76' lang='grc' dir='ltr'>οἱ</span> <span class='ocrx_word' id='word_1_304' title='bbox 1037 4740 1288 4810; x_wconf 78' lang='grc' dir='ltr'>ποταμοὶ,</span> <span class='ocrx_word' id='word_1_305' title='bbox 1329 4738 1432 4792; x_wconf 80' lang='grc' dir='ltr'>κᾶν</span> <span class='ocrx_word' id='word_1_306' title='bbox 1480 4739 1666 4810; x_wconf 73' lang='grc' dir='ltr'>μηδεὶς</span> 
     </span>
    </p>
   </div>
   <div class='ocr_carea' id='block_1_43' title="bbox 95 4821 1666 4904">
    <p class='ocr_par' dir='ltr' id='par_1_43' title="bbox 95 4821 1666 4904">
     <span class='ocr_line' id='line_1_43' title="bbox 95 4821 1666 4904; baseline -0.008 -17"><span class='ocrx_word' id='word_1_307' title='bbox 95 4834 256 4904; x_wconf 72' lang='grc' dir='ltr'>πίνῃ,</span> <span class='ocrx_word' id='word_1_308' title='bbox 270 4831 542 4901; x_wconf 84' lang='grc' dir='ltr'>τρέχουσι.</span> <span class='ocrx_word' id='word_1_309' title='bbox 572 4828 663 4878; x_wconf 87' lang='grc' dir='ltr'>Δεῖ</span> <span class='ocrx_word' id='word_1_310' title='bbox 676 4825 852 4877; x_wconf 90' lang='grc' dir='ltr'>τοίνυν</span> <span class='ocrx_word' id='word_1_311' title='bbox 874 4824 969 4876; x_wconf 74' lang='grc' dir='ltr'>καὶ</span> <span class='ocrx_word' id='word_1_312' title='bbox 990 4824 1078 4876; x_wconf 83' lang='grc' dir='ltr'>τὸν</span> <span class='ocrx_word' id='word_1_313' title='bbox 1093 4823 1339 4891; x_wconf 88' lang='grc' dir='ltr'>λέγοντα,</span> <span class='ocrx_word' id='word_1_314' title='bbox 1357 4821 1460 4876; x_wconf 79' lang='grc' dir='ltr'>κᾶν</span> <span class='ocrx_word' id='word_1_315' title='bbox 1480 4823 1666 4894; x_wconf 76' lang='grc' dir='ltr'>μηδεὶς</span> 
     </span>
    </p>
   </div>
   <div class='ocr_carea' id='block_1_44' title="bbox 95 4904 1354 4988">
    <p class='ocr_par' dir='ltr' id='par_1_44' title="bbox 95 4904 1354 4988">
     <span class='ocr_line' id='line_1_44' title="bbox 95 4904 1354 4988; baseline -0.011 -16"><span class='ocrx_word' id='word_1_316' title='bbox 95 4915 366 4988; x_wconf 77' lang='grc' dir='ltr'>προσέχῃ,</span> <span class='ocrx_word' id='word_1_317' title='bbox 399 4912 469 4966; x_wconf 79' lang='grc' dir='ltr'>τά</span> <span class='ocrx_word' id='word_1_318' title='bbox 501 4911 632 4982; x_wconf 76' lang='grc' dir='ltr'>παρ’</span> <span class='ocrx_word' id='word_1_319' title='bbox 664 4908 855 4962; x_wconf 87' lang='grc' dir='ltr'>ἐαυτοῦ</span> <span class='ocrx_word' id='word_1_320' title='bbox 885 4907 1059 4960; x_wconf 87' lang='grc' dir='ltr'>πάντα</span> <span class='ocrx_word' id='word_1_321' title='bbox 1095 4904 1354 4977; x_wconf 85' lang='grc' dir='ltr'>πληροῦν.</span> 
     </span>
    </p>
   </div>
   <div class='ocr_carea' id='block_1_45' title="bbox 174 5000 1664 5079">
    <p class='ocr_par' dir='ltr' id='par_1_45' title="bbox 174 5000 1664 5079">
     <span class='ocr_line' id='line_1_45' title="bbox 174 5000 1664 5079; baseline -0.011 -11"><span class='ocrx_word' id='word_1_322' title='bbox 174 5011 285 5068; x_wconf 75' lang='grc' dir='ltr'>Καὶ</span> <span class='ocrx_word' id='word_1_323' title='bbox 313 5009 423 5079; x_wconf 76' lang='grc' dir='ltr'>γὰρ</span> <span class='ocrx_word' id='word_1_324' title='bbox 450 5010 613 5078; x_wconf 82' lang='grc' dir='ltr'>νόμος</span> <span class='ocrx_word' id='word_1_325' title='bbox 644 5007 774 5078; x_wconf 74' lang='grc' dir='ltr'>ἡμῖν</span> <span class='ocrx_word' id='word_1_326' title='bbox 803 5007 918 5066; x_wconf 88' lang='grc' dir='ltr'>τοῖς</span> <span class='ocrx_word' id='word_1_327' title='bbox 943 5002 1038 5073; x_wconf 82' lang='grc' dir='ltr'>τὴν</span> <span class='ocrx_word' id='word_1_328' title='bbox 1070 5001 1160 5055; x_wconf 88' lang='grc' dir='ltr'>τοῦ</span> <span class='ocrx_word' id='word_1_329' title='bbox 1187 5002 1344 5070; x_wconf 84' lang='grc' dir='ltr'>λόγου</span> <span class='ocrx_word' id='word_1_330' title='bbox 1390 5000 1664 5055; x_wconf 88' lang='grc' dir='ltr'>διακονίαν</span> 
     </span>
    </p>
   </div>
   <div class='ocr_carea' id='block_1_46' title="bbox 91 5083 1661 5167">
    <p class='ocr_par' dir='ltr' id='par_1_46' title="bbox 91 5083 1661 5167">
     <span class='ocr_line' id='line_1_46' title="bbox 91 5083 1661 5167; baseline -0.01 -17"><span class='ocrx_word' id='word_1_331' title='bbox 91 5092 598 5167; x_wconf 69' lang='grc' dir='ltr'>λγκεχειρισμένοις</span> <span class='ocrx_word' id='word_1_332' title='bbox 621 5088 772 5159; x_wconf 84' lang='grc' dir='ltr'>παρὰ</span> <span class='ocrx_word' id='word_1_333' title='bbox 790 5086 883 5140; x_wconf 89' lang='grc' dir='ltr'>τοῦ</span> <span class='ocrx_word' id='word_1_334' title='bbox 903 5084 1283 5156; x_wconf 85' lang='grc' dir='ltr'>φιλανθρώπου</span> <span class='ocrx_word' id='word_1_335' title='bbox 1307 5087 1480 5137; x_wconf 87' lang='grc' dir='ltr'>κεῖται</span> <span class='ocrx_word' id='word_1_336' title='bbox 1506 5083 1661 5146; x_wconf 89' lang='grc' dir='ltr'>Θεοῦ,</span> 
     </span>
    </p>
   </div>
   <div class='ocr_carea' id='block_1_47' title="bbox 98 5168 1662 5253">
    <p class='ocr_par' dir='ltr' id='par_1_47' title="bbox 98 5168 1662 5253">
     <span class='ocr_line' id='line_1_47' title="bbox 98 5168 1662 5253; baseline -0.01 -20"><span class='ocrx_word' id='word_1_337' title='bbox 98 5179 374 5253; x_wconf 74' lang='grc' dir='ltr'>μηδέποτε</span> <span class='ocrx_word' id='word_1_338' title='bbox 403 5174 472 5228; x_wconf 84' lang='grc' dir='ltr'>τὰ</span> <span class='ocrx_word' id='word_1_339' title='bbox 511 5173 638 5244; x_wconf 80' lang='grc' dir='ltr'>παρ’</span> <span class='ocrx_word' id='word_1_340' title='bbox 659 5171 868 5225; x_wconf 79' lang='grc' dir='ltr'>ἑαυτῶν</span> <span class='ocrx_word' id='word_1_341' title='bbox 901 5169 1270 5241; x_wconf 82' lang='grc' dir='ltr'>ἐλλιμπάνειν,</span> <span class='ocrx_word' id='word_1_342' title='bbox 1315 5168 1447 5238; x_wconf 87' lang='grc' dir='ltr'>μηδέ</span> <span class='ocrx_word' id='word_1_343' title='bbox 1483 5169 1662 5253; x_wconf 81' lang='grc' dir='ltr'>σιγᾷν,</span> 
     </span>
    </p>
   </div>
   <div class='ocr_carea' id='block_1_48' title="bbox 99 5250 1662 5330">
    <p class='ocr_par' dir='ltr' id='par_1_48' title="bbox 99 5250 1662 5330">
     <span class='ocr_line' id='line_1_48' title="bbox 99 5250 1662 5330; baseline -0.012 -12"><span class='ocrx_word' id='word_1_344' title='bbox 99 5250 205 5318; x_wconf 67' lang='grc' dir='ltr'>κᾶν</span> <span class='ocrx_word' id='word_1_345' title='bbox 228 5259 401 5330; x_wconf 80' lang='grc' dir='ltr'>ἀκούῃ</span> <span class='ocrx_word' id='word_1_346' title='bbox 436 5275 538 5320; x_wconf 89' lang='grc' dir='ltr'>τις,</span> <span class='ocrx_word' id='word_1_347' title='bbox 569 5256 671 5310; x_wconf 82' lang='grc' dir='ltr'>κᾶν</span> <span class='ocrx_word' id='word_1_348' title='bbox 709 5253 1048 5326; x_wconf 84' lang='grc' dir='ltr'>παρατρέχῃ.</span> <span class='ocrx_word' id='word_1_349' title='bbox 1101 5253 1156 5306; x_wconf 92' lang='grc' dir='ltr'><strong>Ὀ</strong></span> <span class='ocrx_word' id='word_1_350' title='bbox 1200 5251 1329 5320; x_wconf 72' lang='grc' dir='ltr'>γοῦν</span> <span class='ocrx_word' id='word_1_351' title='bbox 1376 5250 1662 5321; x_wconf 88' lang='grc' dir='ltr'>Ἱερεμίας,</span> 
     </span>
    </p>
   </div>
   <div class='ocr_carea' id='block_1_49' title="bbox 93 5332 1666 5414">
    <p class='ocr_par' dir='ltr' id='par_1_49' title="bbox 93 5332 1666 5414">
     <span class='ocr_line' id='line_1_49' title="bbox 93 5332 1666 5414; baseline -0.01 -15"><span class='ocrx_word' id='word_1_352' title='bbox 93 5343 294 5414; x_wconf 81' lang='grc' dir='ltr'>ἐπειδὴ</span> <span class='ocrx_word' id='word_1_353' title='bbox 322 5340 492 5394; x_wconf 84' lang='grc' dir='ltr'>πολλὰ</span> <span class='ocrx_word' id='word_1_354' title='bbox 523 5342 638 5402; x_wconf 89' lang='grc' dir='ltr'>τοῖς</span> <span class='ocrx_word' id='word_1_355' title='bbox 686 5336 960 5399; x_wconf 81' lang='grc' dir='ltr'>Ἰουδαίοις</span> <span class='ocrx_word' id='word_1_356' title='bbox 1010 5335 1268 5396; x_wconf 83' lang='grc' dir='ltr'>ἀπειλῶν,</span> <span class='ocrx_word' id='word_1_357' title='bbox 1313 5335 1407 5387; x_wconf 72' lang='grc' dir='ltr'>καὶ</span> <span class='ocrx_word' id='word_1_358' title='bbox 1443 5332 1509 5386; x_wconf 78' lang='grc' dir='ltr'>τὰ</span> <span class='ocrx_word' id='word_1_359' title='bbox 1542 5332 1666 5403; x_wconf 81' lang='grc' dir='ltr'>μέλ-</span> 
     </span>
    </p>
   </div>
   <div class='ocr_carea' id='block_1_50' title="bbox 92 5417 1665 5496">
    <p class='ocr_par' dir='ltr' id='par_1_50' title="bbox 92 5417 1665 5496">
     <span class='ocr_line' id='line_1_50' title="bbox 92 5417 1665 5496; baseline -0.008 -15"><span class='ocrx_word' id='word_1_360' title='bbox 92 5429 261 5481; x_wconf 85' lang='grc' dir='ltr'>λοντα</span> <span class='ocrx_word' id='word_1_361' title='bbox 313 5420 717 5496; x_wconf 75' lang='grc' dir='ltr'>προαναφωνῶν</span> <span class='ocrx_word' id='word_1_362' title='bbox 759 5419 943 5486; x_wconf 76' lang='grc' dir='ltr'>δεινὰ,</span> <span class='ocrx_word' id='word_1_363' title='bbox 998 5419 1147 5489; x_wconf 83' lang='grc' dir='ltr'>παρὰ</span> <span class='ocrx_word' id='word_1_364' title='bbox 1202 5418 1309 5471; x_wconf 90' lang='grc' dir='ltr'>τῶν</span> <span class='ocrx_word' id='word_1_365' title='bbox 1364 5417 1665 5471; x_wconf 85' lang='grc' dir='ltr'>ἀκουόντων</span> 
     </span>
    </p>
   </div>
   <div class='ocr_carea' id='block_1_51' title="bbox 91 5500 1667 5580">
    <p class='ocr_par' dir='ltr' id='par_1_51' title="bbox 91 5500 1667 5580">
     <span class='ocr_line' id='line_1_51' title="bbox 91 5500 1667 5580; baseline -0.008 -15"><span class='ocrx_word' id='word_1_366' title='bbox 91 5509 466 5580; x_wconf 75' lang='grc' dir='ltr'>ἐκωμῳδεῖτο,</span> <span class='ocrx_word' id='word_1_367' title='bbox 509 5507 601 5559; x_wconf 77' lang='grc' dir='ltr'>καὶ</span> <span class='ocrx_word' id='word_1_368' title='bbox 625 5505 690 5558; x_wconf 85' lang='grc' dir='ltr'>δι’</span> <span class='ocrx_word' id='word_1_369' title='bbox 716 5504 843 5576; x_wconf 81' lang='grc' dir='ltr'>ὅλης</span> <span class='ocrx_word' id='word_1_370' title='bbox 877 5503 1099 5572; x_wconf 82' lang='grc' dir='ltr'>ἐγελᾶτο</span> <span class='ocrx_word' id='word_1_371' title='bbox 1135 5503 1232 5575; x_wconf 81' lang='grc' dir='ltr'>τῆς</span> <span class='ocrx_word' id='word_1_372' title='bbox 1256 5501 1488 5573; x_wconf 83' lang='grc' dir='ltr'>ἡμέρας,</span> <span class='ocrx_word' id='word_1_373' title='bbox 1512 5500 1667 5555; x_wconf 83' lang='grc' dir='ltr'>ἐϐου-</span> 
     </span>
    </p>
   </div>
   <div class='ocr_carea' id='block_1_52' title="bbox 89 5584 1664 5660">
    <p class='ocr_par' dir='ltr' id='par_1_52' title="bbox 89 5584 1664 5660">
     <span class='ocr_line' id='line_1_52' title="bbox 89 5584 1664 5660; baseline -0.006 -12"><span class='ocrx_word' id='word_1_374' title='bbox 89 5591 331 5648; x_wconf 82' lang='grc' dir='ltr'>λεύσατό</span> <span class='ocrx_word' id='word_1_375' title='bbox 378 5607 510 5644; x_wconf 82' lang='grc' dir='ltr'>ποτε</span> <span class='ocrx_word' id='word_1_376' title='bbox 539 5589 640 5660; x_wconf 79' lang='grc' dir='ltr'>τῆς</span> <span class='ocrx_word' id='word_1_377' title='bbox 689 5589 1025 5660; x_wconf 75' lang='grc' dir='ltr'>προφητείας</span> <span class='ocrx_word' id='word_1_378' title='bbox 1073 5585 1374 5656; x_wconf 82' lang='grc' dir='ltr'>ἀποστῆναι</span> <span class='ocrx_word' id='word_1_379' title='bbox 1428 5584 1664 5656; x_wconf 85' lang='grc' dir='ltr'>ἐκείνης,</span> 
     </span>
    </p>
   </div>
   <div class='ocr_carea' id='block_1_53' title="bbox 158 5715 1181 5772">
    <p class='ocr_par' dir='ltr' id='par_1_53' title="bbox 158 5715 1181 5772">
     <span class='ocr_line' id='line_1_53' title="bbox 158 5715 1181 5772; baseline -0.008 -3"><span class='ocrx_word' id='word_1_380' title='bbox 158 5720 177 5742; x_wconf 89' lang='grc'><strong>⁸</strong></span> <span class='ocrx_word' id='word_1_381' title='bbox 203 5719 356 5769; x_wconf 76' lang='lat' dir='ltr'>Savil.</span> <span class='ocrx_word' id='word_1_382' title='bbox 387 5723 439 5766; x_wconf 81' lang='lat' dir='ltr'><strong>et</strong></span> <span class='ocrx_word' id='word_1_383' title='bbox 472 5731 598 5767; x_wconf 82' lang='lat' dir='ltr'>unus</span> <span class='ocrx_word' id='word_1_384' title='bbox 623 5730 710 5764; x_wconf 90' lang='lat' dir='ltr'>ms.</span> <span class='ocrx_word' id='word_1_385' title='bbox 732 5715 877 5764; x_wconf 78' lang='grc' dir='ltr'>οὖσαν</span> <span class='ocrx_word' id='word_1_386' title='bbox 896 5715 1181 5772; x_wconf 82' lang='grc' dir='ltr'>διαϐολικῆν.</span> 
     </span>
    </p>
   </div>
   <div class='ocr_carea' id='block_1_54' title="bbox 155 5775 1337 5840">
    <p class='ocr_par' dir='ltr' id='par_1_54' title="bbox 155 5775 1337 5840">
     <span class='ocr_line' id='line_1_54' title="bbox 155 5775 1337 5840; baseline -0.003 -11"><span class='ocrx_word' id='word_1_387' title='bbox 155 5783 182 5823; x_wconf 74' lang='lat' dir='ltr'><strong>b</strong></span> <span class='ocrx_word' id='word_1_388' title='bbox 210 5783 362 5831; x_wconf 61' lang='lat' dir='ltr'>Sam.</span> <span class='ocrx_word' id='word_1_389' title='bbox 389 5787 442 5827; x_wconf 71' lang='lat' dir='ltr'>et</span> <span class='ocrx_word' id='word_1_390' title='bbox 473 5787 680 5840; x_wconf 76' lang='lat' dir='ltr'>quatuor</span> <span class='ocrx_word' id='word_1_391' title='bbox 699 5791 814 5826; x_wconf 86' lang='lat' dir='ltr'>mss.</span> <span class='ocrx_word' id='word_1_392' title='bbox 837 5779 1082 5837; x_wconf 75' lang='grc' dir='ltr'>ὑμετέραις</span> <span class='ocrx_word' id='word_1_393' title='bbox 1097 5775 1337 5826; x_wconf 71' lang='grc' dir='ltr'>διανοίτην.</span> 
     </span>
    </p>
   </div>
   <div class='ocr_carea' id='block_1_55' title="bbox 413 5868 1162 5930">
    <p class='ocr_par' dir='ltr' id='par_1_55' title="bbox 413 5868 1162 5930">
     <span class='ocr_line' id='line_1_55' title="bbox 413 5868 1162 5930; baseline -0.001 0"><span class='ocrx_word' id='word_1_394' title='bbox 413 5871 680 5930; x_wconf 66' lang='lat' dir='ltr'>hrum.</span> <span class='ocrx_word' id='word_1_395' title='bbox 727 5868 841 5926; x_wconf 79' lang='lat' dir='ltr'>Gn.</span> <span class='ocrx_word' id='word_1_396' title='bbox 882 5872 939 5930; x_wconf 85' lang='grc' dir='ltr'>Χ</span> <span class='ocrx_word' id='word_1_397' title='bbox 955 5869 1162 5929; x_wconf 74' lang='lat' dir='ltr'>LVIII.</span> 
     </span>
    </p>
   </div>
   <div class='ocr_carea' id='block_1_56' title="bbox 1773 1831 3340 1907">
    <p class='ocr_par' dir='ltr' id='par_1_56' title="bbox 1773 1831 3340 1907">
     <span class='ocr_line' id='line_1_56' title="bbox 1773 1831 3340 1907; baseline 0.003 -19"><span class='ocrx_word' id='word_1_398' title='bbox 1773 1832 2108 1904; x_wconf 81' lang='grc' dir='ltr'>ἀνθρώπινόν</span> <span class='ocrx_word' id='word_1_399' title='bbox 2159 1849 2212 1884; x_wconf 87' lang='grc' dir='ltr'>τι</span> <span class='ocrx_word' id='word_1_400' title='bbox 2263 1831 2474 1897; x_wconf 86' lang='grc' dir='ltr'>παθὼν,</span> <span class='ocrx_word' id='word_1_401' title='bbox 2525 1836 2619 1888; x_wconf 73' lang='grc' dir='ltr'>καὶ</span> <span class='ocrx_word' id='word_1_402' title='bbox 2661 1835 2728 1888; x_wconf 81' lang='grc' dir='ltr'>τὰ</span> <span class='ocrx_word' id='word_1_403' title='bbox 2763 1837 3071 1907; x_wconf 81' lang='grc' dir='ltr'>σκώμματα</span> <span class='ocrx_word' id='word_1_404' title='bbox 3109 1838 3204 1891; x_wconf 79' lang='grc' dir='ltr'>καὶ</span> <span class='ocrx_word' id='word_1_405' title='bbox 3241 1838 3340 1902; x_wconf 79' lang='grc' dir='ltr'>τὰς</span> 
     </span>
    </p>
   </div>
   <div class='ocr_carea' id='block_1_57' title="bbox 1772 1915 3340 1993">
    <p class='ocr_par' dir='ltr' id='par_1_57' title="bbox 1772 1915 3340 1993">
     <span class='ocr_line' id='line_1_57' title="bbox 1772 1915 3340 1993; baseline 0.004 -24"><span class='ocrx_word' id='word_1_406' title='bbox 1772 1916 2039 1987; x_wconf 88' lang='grc' dir='ltr'>λοιδορίας</span> <span class='ocrx_word' id='word_1_407' title='bbox 2073 1916 2172 1969; x_wconf 90' lang='grc' dir='ltr'>οὑκ</span> <span class='ocrx_word' id='word_1_408' title='bbox 2224 1915 2481 1984; x_wconf 84' lang='grc' dir='ltr'>ἐνεγκὼν.</span> <span class='ocrx_word' id='word_1_409' title='bbox 2513 1918 2622 1970; x_wconf 78' lang='grc' dir='ltr'>Καὶ</span> <span class='ocrx_word' id='word_1_410' title='bbox 2650 1917 2815 1972; x_wconf 79' lang='grc' dir='ltr'>ἄκουε</span> <span class='ocrx_word' id='word_1_411' title='bbox 2845 1918 3010 1971; x_wconf 88' lang='grc' dir='ltr'>αὑτοῦ</span> <span class='ocrx_word' id='word_1_412' title='bbox 3039 1918 3199 1974; x_wconf 89' lang='grc' dir='ltr'>τοῦτο</span> <span class='ocrx_word' id='word_1_413' title='bbox 3245 1921 3340 1993; x_wconf 84' lang='grc' dir='ltr'>δη-</span> 
     </span>
    </p>
   </div>
   <div class='ocr_carea' id='block_1_58' title="bbox 1771 1993 3342 2073">
    <p class='ocr_par' dir='ltr' id='par_1_58' title="bbox 1771 1993 3342 2073">
     <span class='ocr_line' id='line_1_58' title="bbox 1771 1993 3342 2073; baseline 0.004 -21"><span class='ocrx_word' id='word_1_414' title='bbox 1771 1999 1988 2064; x_wconf 85' lang='grc' dir='ltr'>λοῦντος</span> <span class='ocrx_word' id='word_1_415' title='bbox 2001 2001 2066 2053; x_wconf 81' lang='grc' dir='ltr'>δι’</span> <span class='ocrx_word' id='word_1_416' title='bbox 2079 1993 2155 2053; x_wconf 82' lang='grc' dir='ltr'>ὧν</span> <span class='ocrx_word' id='word_1_417' title='bbox 2175 2016 2359 2068; x_wconf 83' lang='grc' dir='ltr'>φησιν·</span> <span class='ocrx_word' id='word_1_418' title='bbox 2379 2000 2695 2070; x_wconf 75' lang='grc' dir='ltr'>Ἐ’γενόμην</span> <span class='ocrx_word' id='word_1_419' title='bbox 2717 2004 2801 2069; x_wconf 84' lang='grc' dir='ltr'>είς</span> <span class='ocrx_word' id='word_1_420' title='bbox 2821 2003 3046 2073; x_wconf 76' lang='grc' dir='ltr'>γέλωτα</span> <span class='ocrx_word' id='word_1_421' title='bbox 3061 2003 3214 2070; x_wconf 79' lang='grc' dir='ltr'><em>ὅλην</em></span> <span class='ocrx_word' id='word_1_422' title='bbox 3227 2006 3342 2071; x_wconf 78' lang='grc' dir='ltr'><em>τὴν</em></span> 
     </span>
    </p>
   </div>
   <div class='ocr_carea' id='block_1_59' title="bbox 1771 2078 3340 2157">
    <p class='ocr_par' dir='ltr' id='par_1_59' title="bbox 1771 2078 3340 2157">
     <span class='ocr_line' id='line_1_59' title="bbox 1771 2078 3340 2157; baseline 0.004 -22"><span class='ocrx_word' id='word_1_423' title='bbox 1771 2083 2000 2152; x_wconf 76' lang='grc' dir='ltr'>ἡμέραν</span> <span class='ocrx_word' id='word_1_424' title='bbox 2017 2099 2032 2114; x_wconf 87' lang='grc'>·</span> <span class='ocrx_word' id='word_1_425' title='bbox 2060 2078 2232 2136; x_wconf 75' lang='grc' dir='ltr'>εἷπον·</span> <span class='ocrx_word' id='word_1_426' title='bbox 2264 2085 2336 2136; x_wconf 90' lang='grc' dir='ltr'>οὐ</span> <span class='ocrx_word' id='word_1_427' title='bbox 2365 2082 2452 2151; x_wconf 80' lang='grc' dir='ltr'>μὴ</span> <span class='ocrx_word' id='word_1_428' title='bbox 2487 2083 2762 2150; x_wconf 69' lang='grc' dir='ltr'>λαλήσω,</span> <span class='ocrx_word' id='word_1_429' title='bbox 2784 2085 2928 2140; x_wconf 82' lang='grc' dir='ltr'>οὐδὲ</span> <span class='ocrx_word' id='word_1_430' title='bbox 2949 2087 3036 2155; x_wconf 80' lang='grc' dir='ltr'>μὴ</span> <span class='ocrx_word' id='word_1_431' title='bbox 3061 2087 3340 2157; x_wconf 81' lang='grc' dir='ltr'>ὀνομάσω</span> 
     </span>
    </p>
   </div>
   <div class='ocr_carea' id='block_1_60' title="bbox 1772 2165 3340 2237">
    <p class='ocr_par' dir='ltr' id='par_1_60' title="bbox 1772 2165 3340 2237">
     <span class='ocr_line' id='line_1_60' title="bbox 1772 2165 3340 2237; baseline 0.003 -19"><span class='ocrx_word' id='word_1_432' title='bbox 1772 2166 1837 2218; x_wconf 85' lang='grc' dir='ltr'>τὸ</span> <span class='ocrx_word' id='word_1_433' title='bbox 1886 2165 2074 2235; x_wconf 77' lang='grc' dir='ltr'>ὄνομα</span> <span class='ocrx_word' id='word_1_434' title='bbox 2124 2165 2367 2234; x_wconf 84' lang='grc' dir='ltr'>Κυρίου.</span> <span class='ocrx_word' id='word_1_435' title='bbox 2421 2167 2531 2218; x_wconf 81' lang='grc' dir='ltr'>Καὶ</span> <span class='ocrx_word' id='word_1_436' title='bbox 2573 2166 2810 2236; x_wconf 77' lang='grc' dir='ltr'>ἐγένετο</span> <span class='ocrx_word' id='word_1_437' title='bbox 2837 2168 2907 2220; x_wconf 74' lang='grc' dir='ltr'><em>ἐν</em></span> <span class='ocrx_word' id='word_1_438' title='bbox 2927 2168 3058 2237; x_wconf 83' lang='grc' dir='ltr'>ἐμοὶ</span> <span class='ocrx_word' id='word_1_439' title='bbox 3092 2169 3172 2235; x_wconf 83' lang='grc' dir='ltr'>ὡς</span> <span class='ocrx_word' id='word_1_440' title='bbox 3219 2171 3340 2237; x_wconf 66' lang='grc' dir='ltr'>πῐιρ</span> 
     </span>
    </p>
   </div>
   <div class='ocr_carea' id='block_1_61' title="bbox 1773 2247 3338 2322">
    <p class='ocr_par' dir='ltr' id='par_1_61' title="bbox 1773 2247 3338 2322">
     <span class='ocr_line' id='line_1_61' title="bbox 1773 2247 3338 2322; baseline 0.004 -21"><span class='ocrx_word' id='word_1_441' title='bbox 1773 2249 2086 2317; x_wconf 82' lang='grc' dir='ltr'>καιόμενον</span> <span class='ocrx_word' id='word_1_442' title='bbox 2119 2249 2218 2302; x_wconf 75' lang='grc' dir='ltr'>καὶ</span> <span class='ocrx_word' id='word_1_443' title='bbox 2245 2248 2648 2317; x_wconf 70' lang='grc' dir='ltr'>φλεγμαῖνον-ε</span> <span class='ocrx_word' id='word_1_444' title='bbox 2681 2247 2751 2302; x_wconf 72' lang='grc' dir='ltr'><em>ἐν</em></span> <span class='ocrx_word' id='word_1_445' title='bbox 2783 2250 2905 2316; x_wconf 82' lang='grc' dir='ltr'>τοῖς</span> <span class='ocrx_word' id='word_1_446' title='bbox 2931 2252 3163 2319; x_wconf 86' lang='grc' dir='ltr'>ὀστέοις</span> <span class='ocrx_word' id='word_1_447' title='bbox 3186 2271 3304 2322; x_wconf 88' lang='grc' dir='ltr'>μου</span> <span class='ocrx_word' id='word_1_448' title='bbox 3325 2271 3338 2286; x_wconf 87' lang='grc'>·</span> 
     </span>
    </p>
   </div>
   <div class='ocr_carea' id='block_1_62' title="bbox 1772 2328 3342 2403">
    <p class='ocr_par' dir='ltr' id='par_1_62' title="bbox 1772 2328 3342 2403">
     <span class='ocr_line' id='line_1_62' title="bbox 1772 2328 3342 2403; baseline 0.006 -22"><span class='ocrx_word' id='word_1_449' title='bbox 1772 2329 2050 2399; x_wconf 81' lang='grc' dir='ltr'>παρεῖμαι</span> <span class='ocrx_word' id='word_1_450' title='bbox 2079 2328 2392 2394; x_wconf 78' lang='grc' dir='ltr'><em>πάντοθεν,</em></span> <span class='ocrx_word' id='word_1_451' title='bbox 2428 2331 2522 2386; x_wconf 77' lang='grc' dir='ltr'>καὶ</span> <span class='ocrx_word' id='word_1_452' title='bbox 2565 2332 2637 2384; x_wconf 88' lang='grc' dir='ltr'>οὐ</span> <span class='ocrx_word' id='word_1_453' title='bbox 2660 2331 2914 2401; x_wconf 81' lang='grc' dir='ltr'>δύναμαι</span> <span class='ocrx_word' id='word_1_454' title='bbox 2942 2333 3163 2403; x_wconf 71' lang='grc' dir='ltr'>φέρειν.</span> <span class='ocrx_word' id='word_1_455' title='bbox 3201 2337 3266 2390; x_wconf 92' lang='grc' dir='ltr'><strong>Ὃ</strong></span> <span class='ocrx_word' id='word_1_456' title='bbox 3285 2337 3342 2389; x_wconf 63' lang='grc' dir='ltr'>δὲ</span> 
     </span>
    </p>
   </div>
   <div class='ocr_carea' id='block_1_63' title="bbox 1772 2412 3344 2487">
    <p class='ocr_par' dir='ltr' id='par_1_63' title="bbox 1772 2412 3344 2487">
     <span class='ocr_line' id='line_1_63' title="bbox 1772 2412 3344 2487; baseline 0.004 -23"><span class='ocrx_word' id='word_1_457' title='bbox 1772 2412 1940 2481; x_wconf 87' lang='grc' dir='ltr'>λέγει,</span> <span class='ocrx_word' id='word_1_458' title='bbox 1973 2413 2214 2466; x_wconf 90' lang='grc' dir='ltr'>τοιοῦτόν</span> <span class='ocrx_word' id='word_1_459' title='bbox 2245 2414 2392 2466; x_wconf 90' lang='grc' dir='ltr'>ἐστιν</span> <span class='ocrx_word' id='word_1_460' title='bbox 2412 2431 2428 2445; x_wconf 90' lang='grc'>·</span> <span class='ocrx_word' id='word_1_461' title='bbox 2459 2413 2871 2485; x_wconf 88' lang='grc' dir='ltr'>ἐϐουλευσάμην</span> <span class='ocrx_word' id='word_1_462' title='bbox 2914 2417 3218 2487; x_wconf 83' lang='grc' dir='ltr'>ἀποστῆναι</span> <span class='ocrx_word' id='word_1_463' title='bbox 3243 2419 3344 2482; x_wconf 81' lang='grc' dir='ltr'>τῆς</span> 
     </span>
    </p>
   </div>
   <div class='ocr_carea' id='block_1_64' title="bbox 1773 2495 3339 2567">
    <p class='ocr_par' dir='ltr' id='par_1_64' title="bbox 1773 2495 3339 2567">
     <span class='ocr_line' id='line_1_64' title="bbox 1773 2495 3339 2567; baseline 0.005 -21"><span class='ocrx_word' id='word_1_464' title='bbox 1773 2495 2125 2565; x_wconf 85' lang='grc' dir='ltr'>προφητείας,</span> <span class='ocrx_word' id='word_1_465' title='bbox 2156 2496 2344 2565; x_wconf 77' lang='grc' dir='ltr'>φησὶν,</span> <span class='ocrx_word' id='word_1_466' title='bbox 2377 2496 2566 2566; x_wconf 80' lang='grc' dir='ltr'>ἐπειδὴ</span> <span class='ocrx_word' id='word_1_467' title='bbox 2595 2498 2696 2550; x_wconf 91' lang='grc' dir='ltr'>οὑκ</span> <span class='ocrx_word' id='word_1_468' title='bbox 2744 2498 2941 2567; x_wconf 71' lang='grc' dir='ltr'>ἤκουον</span> <span class='ocrx_word' id='word_1_469' title='bbox 2987 2501 3039 2553; x_wconf 78' lang='grc' dir='ltr'>οἱ</span> <span class='ocrx_word' id='word_1_470' title='bbox 3073 2500 3339 2554; x_wconf 64' lang='grc' dir='ltr'>Ἰουδαῖοι·</span> 
     </span>
    </p>
   </div>
   <div class='ocr_carea' id='block_1_65' title="bbox 1773 2576 3343 2655">
    <p class='ocr_par' dir='ltr' id='par_1_65' title="bbox 1773 2576 3343 2655">
     <span class='ocr_line' id='line_1_65' title="bbox 1773 2576 3343 2655; baseline 0.004 -25"><span class='ocrx_word' id='word_1_471' title='bbox 1773 2577 1866 2630; x_wconf 77' lang='grc' dir='ltr'>καὶ</span> <span class='ocrx_word' id='word_1_472' title='bbox 1899 2578 2015 2648; x_wconf 76' lang='grc' dir='ltr'>ἅμα</span> <span class='ocrx_word' id='word_1_473' title='bbox 2044 2576 2203 2630; x_wconf 86' lang='grc' dir='ltr'>τοῦτο</span> <span class='ocrx_word' id='word_1_474' title='bbox 2234 2577 2658 2650; x_wconf 85' lang='grc' dir='ltr'>ἐϐουλευσάμην,</span> <span class='ocrx_word' id='word_1_475' title='bbox 2679 2578 2707 2618; x_wconf 71' lang='grc' dir='ltr'><strong><em>ἀ</em></strong></span> <span class='ocrx_word' id='word_1_476' title='bbox 2731 2581 2980 2655; x_wconf 87' lang='grc' dir='ltr'>καθάπερ</span> <span class='ocrx_word' id='word_1_477' title='bbox 3007 2581 3120 2653; x_wconf 86' lang='grc' dir='ltr'>πῦρ</span> <span class='ocrx_word' id='word_1_478' title='bbox 3147 2586 3227 2646; x_wconf 83' lang='grc' dir='ltr'>είς</span> <span class='ocrx_word' id='word_1_479' title='bbox 3243 2584 3343 2654; x_wconf 79' lang='grc' dir='ltr'>τὴν</span> 
     </span>
    </p>
   </div>
   <div class='ocr_carea' id='block_1_66' title="bbox 1771 2659 3341 2736">
    <p class='ocr_par' dir='ltr' id='par_1_66' title="bbox 1771 2659 3341 2736">
     <span class='ocr_line' id='line_1_66' title="bbox 1771 2659 3341 2736; baseline 0.004 -25"><span class='ocrx_word' id='word_1_480' title='bbox 1771 2659 1947 2732; x_wconf 83' lang='grc' dir='ltr'>ψυχὴν</span> <span class='ocrx_word' id='word_1_481' title='bbox 1975 2660 2198 2713; x_wconf 87' lang='grc' dir='ltr'>ἐνέπεσε</span> <span class='ocrx_word' id='word_1_482' title='bbox 2224 2660 2323 2729; x_wconf 81' lang='grc' dir='ltr'>τὴν</span> <span class='ocrx_word' id='word_1_483' title='bbox 2359 2661 2500 2730; x_wconf 80' lang='grc' dir='ltr'>ἐμὴν</span> <span class='ocrx_word' id='word_1_484' title='bbox 2530 2663 2562 2732; x_wconf 82' lang='grc' dir='ltr'>ἡ</span> <span class='ocrx_word' id='word_1_485' title='bbox 2601 2660 2694 2714; x_wconf 88' lang='grc' dir='ltr'>τοῦ</span> <span class='ocrx_word' id='word_1_486' title='bbox 2729 2663 3040 2736; x_wconf 82' lang='grc' dir='ltr'>πνεύματος</span> <span class='ocrx_word' id='word_1_487' title='bbox 3067 2665 3341 2735; x_wconf 86' lang='grc' dir='ltr'>ἐνέργεια,</span> 
     </span>
    </p>
   </div>
   <div class='ocr_carea' id='block_1_67' title="bbox 1773 2741 3342 2818">
    <p class='ocr_par' dir='ltr' id='par_1_67' title="bbox 1773 2741 3342 2818">
     <span class='ocr_line' id='line_1_67' title="bbox 1773 2741 3342 2818; baseline 0.004 -24"><span class='ocrx_word' id='word_1_488' title='bbox 1773 2743 1867 2794; x_wconf 78' lang='grc' dir='ltr'>καὶ</span> <span class='ocrx_word' id='word_1_489' title='bbox 1891 2743 2068 2796; x_wconf 89' lang='grc' dir='ltr'>πάντα</span> <span class='ocrx_word' id='word_1_490' title='bbox 2103 2743 2172 2796; x_wconf 81' lang='grc' dir='ltr'>τὰ</span> <span class='ocrx_word' id='word_1_491' title='bbox 2219 2741 2368 2794; x_wconf 76' lang='grc' dir='ltr'>ἔνδον</span> <span class='ocrx_word' id='word_1_492' title='bbox 2418 2743 2775 2812; x_wconf 82' lang='grc' dir='ltr'>κατέφλεγεν,</span> <span class='ocrx_word' id='word_1_493' title='bbox 2804 2747 3199 2801; x_wconf 89' lang='grc' dir='ltr'>ἐπιδαπανῶσά</span> <span class='ocrx_word' id='word_1_494' title='bbox 3240 2765 3342 2818; x_wconf 90' lang='grc' dir='ltr'>μου</span> 
     </span>
    </p>
   </div>
   <div class='ocr_carea' id='block_1_68' title="bbox 1771 2824 3344 2901">
    <p class='ocr_par' dir='ltr' id='par_1_68' title="bbox 1771 2824 3344 2901">
     <span class='ocr_line' id='line_1_68' title="bbox 1771 2824 3344 2901; baseline 0.004 -24"><span class='ocrx_word' id='word_1_495' title='bbox 1771 2825 1839 2878; x_wconf 86' lang='grc' dir='ltr'>τὰ</span> <span class='ocrx_word' id='word_1_496' title='bbox 1862 2825 2018 2888; x_wconf 81' lang='grc' dir='ltr'>όστᾶ,</span> <span class='ocrx_word' id='word_1_497' title='bbox 2053 2827 2148 2879; x_wconf 76' lang='grc' dir='ltr'>καὶ</span> <span class='ocrx_word' id='word_1_498' title='bbox 2168 2824 2530 2879; x_wconf 89' lang='grc' dir='ltr'>κατεσθίουσα</span> <span class='ocrx_word' id='word_1_499' title='bbox 2561 2825 2758 2892; x_wconf 77' lang='grc' dir='ltr'>οὕτως,</span> <span class='ocrx_word' id='word_1_500' title='bbox 2795 2828 2871 2891; x_wconf 86' lang='grc' dir='ltr'>ὡς</span> <span class='ocrx_word' id='word_1_501' title='bbox 2896 2828 2971 2900; x_wconf 86' lang='grc' dir='ltr'>μὴ</span> <span class='ocrx_word' id='word_1_502' title='bbox 2994 2829 3252 2884; x_wconf 88' lang='grc' dir='ltr'>δύνασθαί</span> <span class='ocrx_word' id='word_1_503' title='bbox 3276 2849 3344 2901; x_wconf 89' lang='grc' dir='ltr'><em>με</em></span> 
     </span>
    </p>
   </div>
   <div class='ocr_carea' id='block_1_69' title="bbox 1773 2908 3343 2984">
    <p class='ocr_par' dir='ltr' id='par_1_69' title="bbox 1773 2908 3343 2984">
     <span class='ocr_line' id='line_1_69' title="bbox 1773 2908 3343 2984; baseline 0.004 -24"><span class='ocrx_word' id='word_1_504' title='bbox 1773 2910 2014 2976; x_wconf 77' lang='grc' dir='ltr'>ἐνεγκεῖν</span> <span class='ocrx_word' id='word_1_505' title='bbox 2042 2908 2132 2961; x_wconf 80' lang='grc' dir='ltr'>τὸν</span> <span class='ocrx_word' id='word_1_506' title='bbox 2159 2909 2486 2979; x_wconf 74' lang='grc' dir='ltr'>ἐμπρησμὸν</span> <span class='ocrx_word' id='word_1_507' title='bbox 2516 2911 2743 2964; x_wconf 84' lang='grc' dir='ltr'>ἐκεῖνον.</span> <span class='ocrx_word' id='word_1_508' title='bbox 2791 2911 2853 2964; x_wconf 68' lang='lat' dir='ltr'>Et</span> <span class='ocrx_word' id='word_1_509' title='bbox 2883 2911 2940 2964; x_wconf 90' lang='grc' dir='ltr'>δέ</span> <span class='ocrx_word' id='word_1_510' title='bbox 2968 2913 2996 2964; x_wconf 89' lang='grc' dir='ltr'>ὁ</span> <span class='ocrx_word' id='word_1_511' title='bbox 3029 2913 3343 2984; x_wconf 86' lang='grc' dir='ltr'>γελώμενος</span> 
     </span>
    </p>
   </div>
   <div class='ocr_carea' id='block_1_70' title="bbox 1773 2990 3345 3068">
    <p class='ocr_par' dir='ltr' id='par_1_70' title="bbox 1773 2990 3345 3068">
     <span class='ocr_line' id='line_1_70' title="bbox 1773 2990 3345 3068; baseline 0.004 -26"><span class='ocrx_word' id='word_1_512' title='bbox 1773 2993 1866 3045; x_wconf 71' lang='grc' dir='ltr'>καὶ</span> <span class='ocrx_word' id='word_1_513' title='bbox 1891 2990 2285 3062; x_wconf 75' lang='grc' dir='ltr'>χλευαζόμενος</span> <span class='ocrx_word' id='word_1_514' title='bbox 2309 2992 2518 3055; x_wconf 89' lang='grc' dir='ltr'>ἐκεῖνος</span> <span class='ocrx_word' id='word_1_515' title='bbox 2541 2992 2636 3045; x_wconf 77' lang='grc' dir='ltr'>καὶ</span> <span class='ocrx_word' id='word_1_516' title='bbox 2665 2993 2788 3047; x_wconf 88' lang='grc' dir='ltr'>καθ’</span> <span class='ocrx_word' id='word_1_517' title='bbox 2805 2995 3046 3064; x_wconf 88' lang='grc' dir='ltr'>ἐκάστην</span> <span class='ocrx_word' id='word_1_518' title='bbox 3072 2995 3345 3068; x_wconf 85' lang='grc' dir='ltr'>λοιδορού-</span> 
     </span>
    </p>
   </div>
   <div class='ocr_carea' id='block_1_71' title="bbox 1777 3074 3342 3150">
    <p class='ocr_par' dir='ltr' id='par_1_71' title="bbox 1777 3074 3342 3150">
     <span class='ocr_line' id='line_1_71' title="bbox 1777 3074 3342 3150; baseline 0.004 -23"><span class='ocrx_word' id='word_1_519' title='bbox 1777 3093 1934 3145; x_wconf 83' lang='grc' dir='ltr'>μενος</span> <span class='ocrx_word' id='word_1_520' title='bbox 1965 3076 2065 3146; x_wconf 83' lang='grc' dir='ltr'>τὴν</span> <span class='ocrx_word' id='word_1_521' title='bbox 2093 3075 2328 3146; x_wconf 78' lang='grc' dir='ltr'><em>ἡμέραν,</em></span> <span class='ocrx_word' id='word_1_522' title='bbox 2361 3074 2550 3147; x_wconf 83' lang='grc' dir='ltr'>ἐπειδὴ</span> <span class='ocrx_word' id='word_1_523' title='bbox 2575 3075 2931 3132; x_wconf 89' lang='grc' dir='ltr'>ἐϐουλεύσατο</span> <span class='ocrx_word' id='word_1_524' title='bbox 2971 3078 3214 3150; x_wconf 83' lang='grc' dir='ltr'>σιγῆσαι,</span> <span class='ocrx_word' id='word_1_525' title='bbox 3250 3099 3342 3134; x_wconf 89' lang='grc' dir='ltr'>το-</span> 
     </span>
    </p>
   </div>
   <div class='ocr_carea' id='block_1_72' title="bbox 1774 3157 3346 3237">
    <p class='ocr_par' dir='ltr' id='par_1_72' title="bbox 1774 3157 3346 3237">
     <span class='ocr_line' id='line_1_72' title="bbox 1774 3157 3346 3237; baseline 0.004 -27"><span class='ocrx_word' id='word_1_526' title='bbox 1774 3158 1976 3229; x_wconf 79' lang='grc' dir='ltr'>σαύτην</span> <span class='ocrx_word' id='word_1_527' title='bbox 2010 3158 2217 3228; x_wconf 83' lang='grc' dir='ltr'>ὑπέστη</span> <span class='ocrx_word' id='word_1_528' title='bbox 2247 3157 2539 3229; x_wconf 88' lang='grc' dir='ltr'>τιμωρίαν,</span> <span class='ocrx_word' id='word_1_529' title='bbox 2562 3159 2706 3222; x_wconf 88' lang='grc' dir='ltr'>τίνος</span> <span class='ocrx_word' id='word_1_530' title='bbox 2734 3159 2800 3214; x_wconf 84' lang='grc' dir='ltr'>ἂν</span> <span class='ocrx_word' id='word_1_531' title='bbox 2821 3161 3010 3230; x_wconf 71' lang='grc' dir='ltr'>εἴημεν</span> <span class='ocrx_word' id='word_1_532' title='bbox 3032 3165 3192 3233; x_wconf 73' lang='grc' dir='ltr'>ἡμεῖς</span> <span class='ocrx_word' id='word_1_533' title='bbox 3217 3181 3346 3237; x_wconf 54' lang='grc' dir='ltr'>συγέ</span> 
     </span>
    </p>
   </div>
   <div class='ocr_carea' id='block_1_73' title="bbox 1770 3241 3343 3316">
    <p class='ocr_par' dir='ltr' id='par_1_73' title="bbox 1770 3241 3343 3316">
     <span class='ocr_line' id='line_1_73' title="bbox 1770 3241 3343 3316; baseline 0.004 -22"><span class='ocrx_word' id='word_1_534' title='bbox 1770 3242 1996 3314; x_wconf 84' lang='grc' dir='ltr'>γνώμης</span> <span class='ocrx_word' id='word_1_535' title='bbox 2028 3242 2190 3308; x_wconf 79' lang='grc' dir='ltr'>ἄξιοι,</span> <span class='ocrx_word' id='word_1_536' title='bbox 2217 3241 2459 3294; x_wconf 87' lang='grc' dir='ltr'>τοιοῦτον</span> <span class='ocrx_word' id='word_1_537' title='bbox 2497 3242 2596 3313; x_wconf 86' lang='grc' dir='ltr'>μὲν</span> <span class='ocrx_word' id='word_1_538' title='bbox 2633 3241 2843 3297; x_wconf 82' lang='grc' dir='ltr'>οὐδέπω</span> <span class='ocrx_word' id='word_1_539' title='bbox 2875 3243 3140 3308; x_wconf 87' lang='grc' dir='ltr'>παθόντες</span> <span class='ocrx_word' id='word_1_540' title='bbox 3169 3247 3343 3316; x_wconf 82' lang='grc' dir='ltr'>οὐδὲν,</span> 
     </span>
    </p>
   </div>
   <div class='ocr_carea' id='block_1_74' title="bbox 1769 3325 3345 3400">
    <p class='ocr_par' dir='ltr' id='par_1_74' title="bbox 1769 3325 3345 3400">
     <span class='ocr_line' id='line_1_74' title="bbox 1769 3325 3345 3400; baseline 0.004 -23"><span class='ocrx_word' id='word_1_541' title='bbox 1769 3325 1856 3379; x_wconf 84' lang='grc' dir='ltr'>διὰ</span> <span class='ocrx_word' id='word_1_542' title='bbox 1890 3325 1948 3379; x_wconf 88' lang='grc' dir='ltr'>δὲ</span> <span class='ocrx_word' id='word_1_543' title='bbox 1979 3326 2078 3397; x_wconf 79' lang='grc' dir='ltr'>τὴν</span> <span class='ocrx_word' id='word_1_544' title='bbox 2130 3325 2401 3396; x_wconf 82' lang='grc' dir='ltr'>ρᾳθυμίαν</span> <span class='ocrx_word' id='word_1_545' title='bbox 2452 3325 2616 3379; x_wconf 90' lang='grc' dir='ltr'>τινῶν</span> <span class='ocrx_word' id='word_1_546' title='bbox 2669 3328 3197 3400; x_wconf 75' lang='grc' dir='ltr'>μικροψυχήσαντες,</span> <span class='ocrx_word' id='word_1_547' title='bbox 3251 3336 3345 3386; x_wconf 78' lang='grc' dir='ltr'>καὶ</span> 
     </span>
    </p>
   </div>
   <div class='ocr_carea' id='block_1_75' title="bbox 1768 3409 3346 3483">
    <p class='ocr_par' dir='ltr' id='par_1_75' title="bbox 1768 3409 3346 3483">
     <span class='ocr_line' id='line_1_75' title="bbox 1768 3409 3346 3483; baseline 0.005 -22"><span class='ocrx_word' id='word_1_548' title='bbox 1768 3410 1866 3479; x_wconf 78' lang='grc' dir='ltr'>τῆς</span> <span class='ocrx_word' id='word_1_549' title='bbox 1910 3409 2258 3473; x_wconf 86' lang='grc' dir='ltr'>διδασκαλίας</span> <span class='ocrx_word' id='word_1_550' title='bbox 2293 3409 2626 3472; x_wconf 84' lang='grc' dir='ltr'>ἀποστάντες</span> <span class='ocrx_word' id='word_1_551' title='bbox 2652 3410 2750 3479; x_wconf 83' lang='grc' dir='ltr'>τῆς</span> <span class='ocrx_word' id='word_1_552' title='bbox 2795 3411 2931 3483; x_wconf 81' lang='grc' dir='ltr'>πρὸς</span> <span class='ocrx_word' id='word_1_553' title='bbox 2958 3413 3219 3479; x_wconf 79' lang='grc' dir='ltr'>ἐκείνους,</span> <span class='ocrx_word' id='word_1_554' title='bbox 3253 3415 3346 3469; x_wconf 75' lang='grc' dir='ltr'>καὶ</span> 
     </span>
    </p>
   </div>
   <div class='ocr_carea' id='block_1_76' title="bbox 1772 3490 3092 3565">
    <p class='ocr_par' dir='ltr' id='par_1_76' title="bbox 1772 3490 3092 3565">
     <span class='ocr_line' id='line_1_76' title="bbox 1772 3490 3092 3565; baseline 0.002 -18"><span class='ocrx_word' id='word_1_555' title='bbox 1772 3494 2026 3563; x_wconf 86' lang='grc' dir='ltr'>μάλιστα.</span> <span class='ocrx_word' id='word_1_556' title='bbox 2061 3494 2189 3546; x_wconf 81' lang='grc' dir='ltr'>ὅταν</span> <span class='ocrx_word' id='word_1_557' title='bbox 2221 3492 2464 3546; x_wconf 86' lang='grc' dir='ltr'>τοσοῦτοι</span> <span class='ocrx_word' id='word_1_558' title='bbox 2493 3493 2544 3544; x_wconf 82' lang='grc' dir='ltr'>οἱ</span> <span class='ocrx_word' id='word_1_559' title='bbox 2577 3494 2934 3565; x_wconf 85' lang='grc' dir='ltr'>προσέχοντες</span> <span class='ocrx_word' id='word_1_560' title='bbox 2956 3490 3092 3564; x_wconf 63' lang='lat' dir='ltr'>(Im;</span> 
     </span>
    </p>
   </div>
   <div class='ocr_carea' id='block_1_77' title="bbox 1845 3572 3341 3650">
    <p class='ocr_par' dir='ltr' id='par_1_77' title="bbox 1845 3572 3341 3650">
     <span class='ocr_line' id='line_1_77' title="bbox 1845 3572 3341 3650; baseline -0.004 -22"><span class='ocrx_word' id='word_1_561' title='bbox 1845 3573 1993 3646; x_wconf 80' lang='lat'>[709]</span> <span class='ocrx_word' id='word_1_562' title='bbox 2026 3573 2090 3643; x_wconf 86' lang='grc' dir='ltr'>β’.</span> <span class='ocrx_word' id='word_1_563' title='bbox 2107 3573 2294 3628; x_wconf 87' lang='grc' dir='ltr'>Ταῦτα</span> <span class='ocrx_word' id='word_1_564' title='bbox 2318 3574 2376 3627; x_wconf 87' lang='grc' dir='ltr'>δὲ</span> <span class='ocrx_word' id='word_1_565' title='bbox 2403 3572 2568 3642; x_wconf 89' lang='grc' dir='ltr'>λέγω,</span> <span class='ocrx_word' id='word_1_566' title='bbox 2587 3575 2687 3627; x_wconf 89' lang='grc' dir='ltr'>οὑκ</span> <span class='ocrx_word' id='word_1_567' title='bbox 2721 3575 2959 3645; x_wconf 83' lang='grc' dir='ltr'>ἐμαυτὸν</span> <span class='ocrx_word' id='word_1_568' title='bbox 2989 3579 3341 3650; x_wconf 71' lang='grc' dir='ltr'>παραμυθοῦ-</span> 
     </span>
    </p>
   </div>
   <div class='ocr_carea' id='block_1_78' title="bbox 1773 3657 3340 3734">
    <p class='ocr_par' dir='ltr' id='par_1_78' title="bbox 1773 3657 3340 3734">
     <span class='ocr_line' id='line_1_78' title="bbox 1773 3657 3340 3734; baseline 0.004 -22"><span class='ocrx_word' id='word_1_569' title='bbox 1773 3675 1950 3730; x_wconf 89' lang='grc' dir='ltr'>μενος,</span> <span class='ocrx_word' id='word_1_570' title='bbox 1967 3659 2090 3712; x_wconf 84' lang='grc' dir='ltr'>οὑδέ</span> <span class='ocrx_word' id='word_1_571' title='bbox 2115 3657 2469 3729; x_wconf 85' lang='grc' dir='ltr'>παρακαλῶν·</span> <span class='ocrx_word' id='word_1_572' title='bbox 2487 3658 2581 3711; x_wconf 80' lang='grc' dir='ltr'>καὶ</span> <span class='ocrx_word' id='word_1_573' title='bbox 2599 3659 2707 3730; x_wconf 84' lang='grc' dir='ltr'>γὰρ</span> <span class='ocrx_word' id='word_1_574' title='bbox 2731 3657 2969 3712; x_wconf 87' lang='grc' dir='ltr'>πέπεικα</span> <span class='ocrx_word' id='word_1_575' title='bbox 2985 3662 3084 3732; x_wconf 81' lang='grc' dir='ltr'>τὴν</span> <span class='ocrx_word' id='word_1_576' title='bbox 3103 3665 3340 3734; x_wconf 76' lang='grc' dir='ltr'>ἐμαυτοῦ</span> 
     </span>
    </p>
   </div>
   <div class='ocr_carea' id='block_1_79' title="bbox 1769 3741 3343 3814">
    <p class='ocr_par' dir='ltr' id='par_1_79' title="bbox 1769 3741 3343 3814">
     <span class='ocr_line' id='line_1_79' title="bbox 1769 3741 3343 3814; baseline 0.004 -20"><span class='ocrx_word' id='word_1_577' title='bbox 1769 3743 1967 3813; x_wconf 78' lang='grc' dir='ltr'>ψυχὴν,</span> <span class='ocrx_word' id='word_1_578' title='bbox 1995 3742 2102 3805; x_wconf 84' lang='grc' dir='ltr'>ἐως</span> <span class='ocrx_word' id='word_1_579' title='bbox 2147 3741 2214 3795; x_wconf 84' lang='grc' dir='ltr'>ἂν</span> <span class='ocrx_word' id='word_1_580' title='bbox 2247 3741 2496 3812; x_wconf 84' lang='grc' dir='ltr'>ἐμπνέω,</span> <span class='ocrx_word' id='word_1_581' title='bbox 2532 3742 2628 3795; x_wconf 81' lang='grc' dir='ltr'>καὶ</span> <span class='ocrx_word' id='word_1_582' title='bbox 2657 3741 2786 3813; x_wconf 77' lang='grc' dir='ltr'>δοκῇ</span> <span class='ocrx_word' id='word_1_583' title='bbox 2822 3743 2901 3813; x_wconf 84' lang='grc' dir='ltr'>τῷ</span> <span class='ocrx_word' id='word_1_584' title='bbox 2927 3742 3046 3814; x_wconf 82' lang='grc' dir='ltr'>Θεῷ</span> <span class='ocrx_word' id='word_1_585' title='bbox 3087 3745 3230 3799; x_wconf 83' lang='grc' dir='ltr'>κατά</span> <span class='ocrx_word' id='word_1_586' title='bbox 3250 3747 3343 3800; x_wconf 72' lang='grc' dir='ltr'>τὸν</span> 
     </span>
    </p>
   </div>
   <div class='ocr_carea' id='block_1_80' title="bbox 1769 3821 3342 3899">
    <p class='ocr_par' dir='ltr' id='par_1_80' title="bbox 1769 3821 3342 3899">
     <span class='ocr_line' id='line_1_80' title="bbox 1769 3821 3342 3899; baseline 0.004 -21"><span class='ocrx_word' id='word_1_587' title='bbox 1769 3826 2013 3897; x_wconf 86' lang='grc' dir='ltr'>παρόντα</span> <span class='ocrx_word' id='word_1_588' title='bbox 2044 3825 2154 3895; x_wconf 86' lang='grc' dir='ltr'>βίον</span> <span class='ocrx_word' id='word_1_589' title='bbox 2181 3828 2330 3896; x_wconf 82' lang='grc' dir='ltr'>ἡμᾶς</span> <span class='ocrx_word' id='word_1_590' title='bbox 2357 3821 2516 3889; x_wconf 75' lang='grc' dir='ltr'>εἶναι,</span> <span class='ocrx_word' id='word_1_591' title='bbox 2541 3825 2746 3895; x_wconf 87' lang='grc' dir='ltr'>ταύτην</span> <span class='ocrx_word' id='word_1_592' title='bbox 2777 3825 3018 3899; x_wconf 84' lang='grc' dir='ltr'>πληροῦν</span> <span class='ocrx_word' id='word_1_593' title='bbox 3040 3828 3139 3899; x_wconf 82' lang='grc' dir='ltr'>τὴν</span> <span class='ocrx_word' id='word_1_594' title='bbox 3163 3829 3342 3884; x_wconf 88' lang='grc' dir='ltr'>διακο-</span> 
     </span>
    </p>
   </div>
   <div class='ocr_carea' id='block_1_81' title="bbox 1768 3907 3342 3986">
    <p class='ocr_par' dir='ltr' id='par_1_81' title="bbox 1768 3907 3342 3986">
     <span class='ocr_line' id='line_1_81' title="bbox 1768 3907 3342 3986; baseline 0.003 -22"><span class='ocrx_word' id='word_1_595' title='bbox 1768 3907 1906 3976; x_wconf 86' lang='grc' dir='ltr'>νίαν,</span> <span class='ocrx_word' id='word_1_596' title='bbox 1949 3911 2046 3964; x_wconf 76' lang='grc' dir='ltr'>καὶ</span> <span class='ocrx_word' id='word_1_597' title='bbox 2075 3911 2141 3964; x_wconf 87' lang='grc' dir='ltr'>άν</span> <span class='ocrx_word' id='word_1_598' title='bbox 2174 3927 2233 3962; x_wconf 88' lang='grc' dir='ltr'>τε</span> <span class='ocrx_word' id='word_1_599' title='bbox 2268 3909 2516 3982; x_wconf 87' lang='grc' dir='ltr'>προσέχῃ</span> <span class='ocrx_word' id='word_1_600' title='bbox 2540 3928 2644 3975; x_wconf 89' lang='grc' dir='ltr'>τις,</span> <span class='ocrx_word' id='word_1_601' title='bbox 2681 3911 2748 3965; x_wconf 76' lang='grc' dir='ltr'>ἄν</span> <span class='ocrx_word' id='word_1_602' title='bbox 2785 3928 2844 3964; x_wconf 82' lang='grc' dir='ltr'>τε</span> <span class='ocrx_word' id='word_1_603' title='bbox 2885 3911 2960 3982; x_wconf 79' lang='grc' dir='ltr'>μὴ</span> <span class='ocrx_word' id='word_1_604' title='bbox 2995 3914 3256 3986; x_wconf 81' lang='grc' dir='ltr'>προσέχῃ,</span> <span class='ocrx_word' id='word_1_605' title='bbox 3282 3917 3342 3969; x_wconf 83' lang='grc' dir='ltr'>τὸ</span> 
     </span>
    </p>
   </div>
   <div class='ocr_carea' id='block_1_82' title="bbox 1768 3996 3341 4067">
    <p class='ocr_par' dir='ltr' id='par_1_82' title="bbox 1768 3996 3341 4067">
     <span class='ocr_line' id='line_1_82' title="bbox 1768 3996 3341 4067; baseline 0.003 -19"><span class='ocrx_word' id='word_1_606' title='bbox 1768 3996 2057 4067; x_wconf 83' lang='grc' dir='ltr'>ἐπιταχθὲν</span> <span class='ocrx_word' id='word_1_607' title='bbox 2088 3998 2289 4048; x_wconf 87' lang='grc' dir='ltr'>ποιεῖν·</span> <span class='ocrx_word' id='word_1_608' title='bbox 2327 3996 2440 4048; x_wconf 89' lang='grc' dir='ltr'>ἀλλ’</span> <span class='ocrx_word' id='word_1_609' title='bbox 2471 3996 2659 4066; x_wconf 74' lang='grc' dir='ltr'>ἐπειδή</span> <span class='ocrx_word' id='word_1_610' title='bbox 2691 3996 2836 4059; x_wconf 88' lang='grc' dir='ltr'>τινές</span> <span class='ocrx_word' id='word_1_611' title='bbox 2860 3997 3000 4050; x_wconf 80' lang='grc' dir='ltr'>εἰσιν</span> <span class='ocrx_word' id='word_1_612' title='bbox 3031 3999 3078 4050; x_wconf 87' lang='grc' dir='ltr'>οί</span> <span class='ocrx_word' id='word_1_613' title='bbox 3110 3998 3208 4062; x_wconf 84' lang='grc' dir='ltr'>τὰς</span> <span class='ocrx_word' id='word_1_614' title='bbox 3233 4001 3341 4053; x_wconf 89' lang='grc' dir='ltr'>τῶν</span> 
     </span>
    </p>
   </div>
   <div class='ocr_carea' id='block_1_83' title="bbox 1769 4079 3342 4153">
    <p class='ocr_par' dir='ltr' id='par_1_83' title="bbox 1769 4079 3342 4153">
     <span class='ocr_line' id='line_1_83' title="bbox 1769 4079 3342 4153; baseline 0.003 -19"><span class='ocrx_word' id='word_1_615' title='bbox 1769 4080 1977 4134; x_wconf 83' lang='grc' dir='ltr'>πολλῶν</span> <span class='ocrx_word' id='word_1_616' title='bbox 2011 4079 2292 4144; x_wconf 88' lang='grc' dir='ltr'>ἐκλύοντες</span> <span class='ocrx_word' id='word_1_617' title='bbox 2316 4083 2524 4151; x_wconf 89' lang='grc' dir='ltr'>χεῖρας,</span> <span class='ocrx_word' id='word_1_618' title='bbox 2546 4081 2642 4133; x_wconf 76' lang='grc' dir='ltr'>καὶ</span> <span class='ocrx_word' id='word_1_619' title='bbox 2665 4080 2802 4150; x_wconf 82' lang='grc' dir='ltr'>πρὸς</span> <span class='ocrx_word' id='word_1_620' title='bbox 2840 4080 2919 4152; x_wconf 84' lang='grc' dir='ltr'>τῷ</span> <span class='ocrx_word' id='word_1_621' title='bbox 2946 4081 3112 4153; x_wconf 86' lang='grc' dir='ltr'>μηδὲν</span> <span class='ocrx_word' id='word_1_622' title='bbox 3145 4084 3342 4148; x_wconf 76' lang='grc' dir='ltr'>αὐτοὺς</span> 
     </span>
    </p>
   </div>
   <div class='ocr_carea' id='block_1_84' title="bbox 1769 4163 3340 4240">
    <p class='ocr_par' dir='ltr' id='par_1_84' title="bbox 1769 4163 3340 4240">
     <span class='ocr_line' id='line_1_84' title="bbox 1769 4163 3340 4240; baseline 0 -20"><span class='ocrx_word' id='word_1_623' title='bbox 1769 4169 2036 4236; x_wconf 80' lang='grc' dir='ltr'>χρήσιμον</span> <span class='ocrx_word' id='word_1_624' title='bbox 2067 4166 2148 4229; x_wconf 83' lang='grc' dir='ltr'>εἰς</span> <span class='ocrx_word' id='word_1_625' title='bbox 2177 4165 2267 4218; x_wconf 84' lang='grc' dir='ltr'>τὸν</span> <span class='ocrx_word' id='word_1_626' title='bbox 2309 4163 2421 4234; x_wconf 85' lang='grc' dir='ltr'>βίον</span> <span class='ocrx_word' id='word_1_627' title='bbox 2469 4165 2741 4236; x_wconf 80' lang='grc' dir='ltr'>εἰσφέρειν</span> <span class='ocrx_word' id='word_1_628' title='bbox 2771 4165 2863 4218; x_wconf 81' lang='grc' dir='ltr'>τὸν</span> <span class='ocrx_word' id='word_1_629' title='bbox 2908 4167 3200 4240; x_wconf 72' lang='grc' dir='ltr'>ἡμέτερον,</span> <span class='ocrx_word' id='word_1_630' title='bbox 3245 4173 3340 4224; x_wconf 71' lang='grc' dir='ltr'>καὶ</span> 
     </span>
    </p>
   </div>
   <div class='ocr_carea' id='block_1_85' title="bbox 1768 4246 3424 4320">
    <p class='ocr_par' dir='ltr' id='par_1_85' title="bbox 1768 4246 3424 4320">
     <span class='ocr_line' id='line_1_85' title="bbox 1768 4246 3424 4320; baseline 0.006 -22"><span class='ocrx_word' id='word_1_631' title='bbox 1768 4248 1866 4319; x_wconf 82' lang='grc' dir='ltr'>τὴν</span> <span class='ocrx_word' id='word_1_632' title='bbox 1901 4246 2100 4316; x_wconf 85' lang='grc' dir='ltr'>ἐτέρων</span> <span class='ocrx_word' id='word_1_633' title='bbox 2143 4248 2515 4319; x_wconf 87' lang='grc' dir='ltr'>παραλύοντες</span> <span class='ocrx_word' id='word_1_634' title='bbox 2573 4249 2834 4320; x_wconf 81' lang='grc' dir='ltr'>σπουδὴν,</span> <span class='ocrx_word' id='word_1_635' title='bbox 2863 4250 3218 4320; x_wconf 80' lang='grc' dir='ltr'>χλευάζοντες</span> <span class='ocrx_word' id='word_1_636' title='bbox 3251 4255 3343 4307; x_wconf 77' lang='grc' dir='ltr'>καὶ</span> <span class='ocrx_word' id='word_1_637' title='bbox 3419 4279 3424 4290; x_wconf 79' lang='grc' dir='ltr'>ι</span> 
     </span>
    </p>
   </div>
   <div class='ocr_carea' id='block_1_86' title="bbox 1769 4329 3340 4409">
    <p class='ocr_par' dir='ltr' id='par_1_86' title="bbox 1769 4329 3340 4409">
     <span class='ocr_line' id='line_1_86' title="bbox 1769 4329 3340 4409; baseline 0.004 -27"><span class='ocrx_word' id='word_1_638' title='bbox 1769 4329 2268 4402; x_wconf 85' lang='grc' dir='ltr'>διακωμῳδοῦντες,</span> <span class='ocrx_word' id='word_1_639' title='bbox 2310 4331 2405 4386; x_wconf 77' lang='grc' dir='ltr'>καὶ</span> <span class='ocrx_word' id='word_1_640' title='bbox 2449 4331 2732 4402; x_wconf 87' lang='grc' dir='ltr'>λέγοντες·</span> <span class='ocrx_word' id='word_1_641' title='bbox 2779 4335 3048 4405; x_wconf 84' lang='grc' dir='ltr'>ἀπόστηθι</span> <span class='ocrx_word' id='word_1_642' title='bbox 3102 4338 3340 4409; x_wconf 76' lang='grc' dir='ltr'>συμϐου-</span> 
     </span>
    </p>
   </div>
   <div class='ocr_carea' id='block_1_87' title="bbox 1767 4413 3345 4496">
    <p class='ocr_par' dir='ltr' id='par_1_87' title="bbox 1767 4413 3345 4496">
     <span class='ocr_line' id='line_1_87' title="bbox 1767 4413 3345 4496; baseline 0.007 -29"><span class='ocrx_word' id='word_1_643' title='bbox 1767 4413 1959 4480; x_wconf 88' lang='grc' dir='ltr'>λεύων,</span> <span class='ocrx_word' id='word_1_644' title='bbox 2001 4415 2205 4469; x_wconf 88' lang='grc' dir='ltr'>παῦσαι</span> <span class='ocrx_word' id='word_1_645' title='bbox 2249 4416 2560 4488; x_wconf 79' lang='grc' dir='ltr'>παραινῶν·</span> <span class='ocrx_word' id='word_1_646' title='bbox 2588 4419 2648 4471; x_wconf 90' lang='grc' dir='ltr'>οὑ</span> <span class='ocrx_word' id='word_1_647' title='bbox 2688 4418 2964 4489; x_wconf 83' lang='grc' dir='ltr'>βούλονταί</span> <span class='ocrx_word' id='word_1_648' title='bbox 2994 4433 3018 4460; x_wconf 75' lang='grc' dir='ltr'>ε</span> <span class='ocrx_word' id='word_1_649' title='bbox 3050 4439 3131 4476; x_wconf 91' lang='grc' dir='ltr'>σοι</span> <span class='ocrx_word' id='word_1_650' title='bbox 3176 4441 3345 4496; x_wconf 72' lang='grc' dir='ltr'>προσο</span> 
     </span>
    </p>
   </div>
   <div class='ocr_carea' id='block_1_88' title="bbox 1769 4499 3345 4578">
    <p class='ocr_par' dir='ltr' id='par_1_88' title="bbox 1769 4499 3345 4578">
     <span class='ocr_line' id='line_1_88' title="bbox 1769 4499 3345 4578; baseline 0.006 -27"><span class='ocrx_word' id='word_1_651' title='bbox 1769 4499 1933 4569; x_wconf 89' lang='grc' dir='ltr'>έχειν,</span> <span class='ocrx_word' id='word_1_652' title='bbox 1978 4499 2142 4569; x_wconf 85' lang='grc' dir='ltr'>μηδὲν</span> <span class='ocrx_word' id='word_1_653' title='bbox 2174 4501 2350 4554; x_wconf 82' lang='grc' dir='ltr'>κοινὸν</span> <span class='ocrx_word' id='word_1_654' title='bbox 2384 4500 2472 4572; x_wconf 83' lang='grc' dir='ltr'>ἐχε</span> <span class='ocrx_word' id='word_1_655' title='bbox 2508 4501 2644 4572; x_wconf 82' lang='grc' dir='ltr'>πρὸς</span> <span class='ocrx_word' id='word_1_656' title='bbox 2693 4504 2927 4569; x_wconf 82' lang='grc' dir='ltr'>αὐτούς·</span> <span class='ocrx_word' id='word_1_657' title='bbox 2983 4507 3166 4578; x_wconf 78' lang='grc' dir='ltr'>ἐπειδὴ</span> <span class='ocrx_word' id='word_1_658' title='bbox 3200 4510 3345 4574; x_wconf 87' lang='grc' dir='ltr'>τινές</span> 
     </span>
    </p>
   </div>
   <div class='ocr_carea' id='block_1_89' title="bbox 1768 4582 3344 4662">
    <p class='ocr_par' dir='ltr' id='par_1_89' title="bbox 1768 4582 3344 4662">
     <span class='ocr_line' id='line_1_89' title="bbox 1768 4582 3344 4662; baseline 0.009 -29"><span class='ocrx_word' id='word_1_659' title='bbox 1768 4584 1871 4634; x_wconf 81' lang='grc' dir='ltr'>είσι</span> <span class='ocrx_word' id='word_1_660' title='bbox 1901 4582 2073 4636; x_wconf 89' lang='grc' dir='ltr'>ταῦτα</span> <span class='ocrx_word' id='word_1_661' title='bbox 2117 4583 2386 4651; x_wconf 87' lang='grc' dir='ltr'>λέγοντες,</span> <span class='ocrx_word' id='word_1_662' title='bbox 2423 4583 2521 4655; x_wconf 83' lang='grc' dir='ltr'>τὴν</span> <span class='ocrx_word' id='word_1_663' title='bbox 2551 4587 2794 4659; x_wconf 84' lang='grc' dir='ltr'>πονηρὰν</span> <span class='ocrx_word' id='word_1_664' title='bbox 2837 4590 2932 4642; x_wconf 81' lang='grc' dir='ltr'>καὶ</span> <span class='ocrx_word' id='word_1_665' title='bbox 2974 4590 3344 4662; x_wconf 82' lang='grc' dir='ltr'>ἀπάνθρωπον</span> 
     </span>
    </p>
   </div>
   <div class='ocr_carea' id='block_1_90' title="bbox 1765 4665 3346 4748">
    <p class='ocr_par' dir='ltr' id='par_1_90' title="bbox 1765 4665 3346 4748">
     <span class='ocr_line' id='line_1_90' title="bbox 1765 4665 3346 4748; baseline 0.009 -31"><span class='ocrx_word' id='word_1_666' title='bbox 1765 4666 1968 4735; x_wconf 87' lang='grc' dir='ltr'>ταύτην</span> <span class='ocrx_word' id='word_1_667' title='bbox 1996 4665 2219 4738; x_wconf 84' lang='grc' dir='ltr'>γνώμην</span> <span class='ocrx_word' id='word_1_668' title='bbox 2256 4667 2348 4720; x_wconf 75' lang='grc' dir='ltr'>καὶ</span> <span class='ocrx_word' id='word_1_669' title='bbox 2376 4667 2686 4741; x_wconf 80' lang='grc' dir='ltr'>διαϐολικὴν</span> <span class='ocrx_word' id='word_1_670' title='bbox 2716 4672 3008 4742; x_wconf 84' lang='grc' dir='ltr'>ἐπιϐουλὴν</span> <span class='ocrx_word' id='word_1_671' title='bbox 3044 4675 3146 4746; x_wconf 76' lang='grc' dir='ltr'>τῆς</span> <span class='ocrx_word' id='word_1_672' title='bbox 3167 4677 3346 4748; x_wconf 74' lang='grc' dir='ltr'>ψυχῆς</span> 
     </span>
    </p>
   </div>
   <div class='ocr_carea' id='block_1_91' title="bbox 1767 4749 3344 4830">
    <p class='ocr_par' dir='ltr' id='par_1_91' title="bbox 1767 4749 3344 4830">
     <span class='ocr_line' id='line_1_91' title="bbox 1767 4749 3344 4830; baseline 0.007 -28"><span class='ocrx_word' id='word_1_673' title='bbox 1767 4750 1873 4803; x_wconf 87' lang='grc' dir='ltr'>τῶν</span> <span class='ocrx_word' id='word_1_674' title='bbox 1911 4749 2118 4802; x_wconf 84' lang='grc' dir='ltr'>πολλῶν</span> <span class='ocrx_word' id='word_1_675' title='bbox 2144 4751 2374 4820; x_wconf 76' lang='grc' dir='ltr'>ἐκκόψαι</span> <span class='ocrx_word' id='word_1_676' title='bbox 2402 4751 2739 4824; x_wconf 87' lang='grc' dir='ltr'>βουλόμενος,</span> <span class='ocrx_word' id='word_1_677' title='bbox 2771 4757 3108 4830; x_wconf 80' lang='grc' dir='ltr'>μακρότερον</span> <span class='ocrx_word' id='word_1_678' title='bbox 3157 4759 3344 4813; x_wconf 90' lang='grc' dir='ltr'>τοῦτον</span> 
     </span>
    </p>
   </div>
   <div class='ocr_carea' id='block_1_92' title="bbox 1767 4833 3342 4918">
    <p class='ocr_par' dir='ltr' id='par_1_92' title="bbox 1767 4833 3342 4918">
     <span class='ocr_line' id='line_1_92' title="bbox 1767 4833 3342 4918; baseline 0.004 -30"><span class='ocrx_word' id='word_1_679' title='bbox 1767 4833 1906 4888; x_wconf 87' lang='grc' dir='ltr'>ποιῶ</span> <span class='ocrx_word' id='word_1_680' title='bbox 1925 4833 2016 4888; x_wconf 88' lang='grc' dir='ltr'>τόν</span> <span class='ocrx_word' id='word_1_681' title='bbox 2047 4835 2221 4903; x_wconf 86' lang='grc' dir='ltr'>λόγον.</span> <span class='ocrx_word' id='word_1_682' title='bbox 2251 4836 2362 4889; x_wconf 77' lang='grc' dir='ltr'>Καὶ</span> <span class='ocrx_word' id='word_1_683' title='bbox 2387 4837 2496 4910; x_wconf 80' lang='grc' dir='ltr'>γὰρ</span> <span class='ocrx_word' id='word_1_684' title='bbox 2521 4839 2616 4918; x_wconf 73' lang='grc' dir='ltr'>καὶ</span> <span class='ocrx_word' id='word_1_685' title='bbox 2642 4839 2768 4909; x_wconf 87' lang='grc' dir='ltr'>χθὲς</span> <span class='ocrx_word' id='word_1_686' title='bbox 2796 4837 2914 4895; x_wconf 83' lang='grc' dir='ltr'>οἶδα</span> <span class='ocrx_word' id='word_1_687' title='bbox 2939 4843 3166 4906; x_wconf 85' lang='grc' dir='ltr'>πολλοὺς</span> <span class='ocrx_word' id='word_1_688' title='bbox 3188 4847 3342 4914; x_wconf 87' lang='grc' dir='ltr'>εἰρη-</span> 
     </span>
    </p>
   </div>
   <div class='ocr_carea' id='block_1_93' title="bbox 1767 4919 3342 4992">
    <p class='ocr_par' dir='ltr' id='par_1_93' title="bbox 1767 4919 3342 4992">
     <span class='ocr_line' id='line_1_93' title="bbox 1767 4919 3342 4992; baseline 0.004 -20"><span class='ocrx_word' id='word_1_689' title='bbox 1767 4919 1930 4983; x_wconf 88' lang='grc' dir='ltr'>κότας</span> <span class='ocrx_word' id='word_1_690' title='bbox 1959 4919 2131 4974; x_wconf 86' lang='grc' dir='ltr'>ταῦτα</span> <span class='ocrx_word' id='word_1_691' title='bbox 2169 4920 2236 4974; x_wconf 85' lang='grc' dir='ltr'>τά</span> <span class='ocrx_word' id='word_1_692' title='bbox 2272 4921 2512 4992; x_wconf 78' lang='grc' dir='ltr'>ῥήματα,</span> <span class='ocrx_word' id='word_1_693' title='bbox 2539 4923 2610 4986; x_wconf 83' lang='grc' dir='ltr'>οἳ,</span> <span class='ocrx_word' id='word_1_694' title='bbox 2641 4923 2859 4978; x_wconf 87' lang='grc' dir='ltr'>ἐπειδάν</span> <span class='ocrx_word' id='word_1_695' title='bbox 2908 4942 3060 4989; x_wconf 85' lang='grc' dir='ltr'>τινας</span> <span class='ocrx_word' id='word_1_696' title='bbox 3110 4922 3247 4978; x_wconf 78' lang='grc' dir='ltr'>εἶδον</span> <span class='ocrx_word' id='word_1_697' title='bbox 3285 4930 3342 4979; x_wconf 90' lang='grc' dir='ltr'>ἐν</span> 
     </span>
    </p>
   </div>
   <div class='ocr_carea' id='block_1_94' title="bbox 1766 5003 3342 5080">
    <p class='ocr_par' dir='ltr' id='par_1_94' title="bbox 1766 5003 3342 5080">
     <span class='ocr_line' id='line_1_94' title="bbox 1766 5003 3342 5080; baseline 0.005 -24"><span class='ocrx_word' id='word_1_698' title='bbox 1766 5003 2047 5074; x_wconf 83' lang='grc' dir='ltr'>καπηλείῳ</span> <span class='ocrx_word' id='word_1_699' title='bbox 2079 5005 2478 5076; x_wconf 80' lang='grc' dir='ltr'>διατρίψαντας,</span> <span class='ocrx_word' id='word_1_700' title='bbox 2516 5007 2780 5074; x_wconf 88' lang='grc' dir='ltr'>γελῶντες</span> <span class='ocrx_word' id='word_1_701' title='bbox 2853 5009 2945 5062; x_wconf 82' lang='grc' dir='ltr'>καὶ</span> <span class='ocrx_word' id='word_1_702' title='bbox 2993 5011 3342 5080; x_wconf 74' lang='grc' dir='ltr'>χλευάζοντες</span> 
     </span>
    </p>
   </div>
   <div class='ocr_carea' id='block_1_95' title="bbox 1766 5087 3339 5161">
    <p class='ocr_par' dir='ltr' id='par_1_95' title="bbox 1766 5087 3339 5161">
     <span class='ocr_line' id='line_1_95' title="bbox 1766 5087 3339 5161; baseline 0.004 -19"><span class='ocrx_word' id='word_1_703' title='bbox 1766 5087 1983 5157; x_wconf 70' lang='grc' dir='ltr'>ελεγον·</span> <span class='ocrx_word' id='word_1_704' title='bbox 2015 5089 2223 5158; x_wconf 88' lang='grc' dir='ltr'>πάνυγε</span> <span class='ocrx_word' id='word_1_705' title='bbox 2277 5090 2384 5161; x_wconf 82' lang='grc' dir='ltr'>γὰρ</span> <span class='ocrx_word' id='word_1_706' title='bbox 2452 5091 2812 5161; x_wconf 85' lang='grc' dir='ltr'>ἐπείσθησαν·</span> <span class='ocrx_word' id='word_1_707' title='bbox 2857 5093 2994 5155; x_wconf 83' lang='grc' dir='ltr'>ὅλως</span> <span class='ocrx_word' id='word_1_708' title='bbox 3033 5094 3206 5158; x_wconf 76' lang='grc' dir='ltr'>οὐδεὶς</span> <span class='ocrx_word' id='word_1_709' title='bbox 3262 5099 3339 5159; x_wconf 82' lang='grc' dir='ltr'>εἰς</span> 
     </span>
    </p>
   </div>
   <div class='ocr_carea' id='block_1_96' title="bbox 1766 5172 3084 5248">
    <p class='ocr_par' dir='ltr' id='par_1_96' title="bbox 1766 5172 3084 5248">
     <span class='ocr_line' id='line_1_96' title="bbox 1766 5172 3084 5248; baseline 0.006 -24"><span class='ocrx_word' id='word_1_710' title='bbox 1766 5173 2063 5242; x_wconf 85' lang='grc' dir='ltr'>καπηλεῖον</span> <span class='ocrx_word' id='word_1_711' title='bbox 2087 5172 2302 5244; x_wconf 75' lang='grc' dir='ltr'>εἰσῆλθε</span> <span class='ocrx_word' id='word_1_712' title='bbox 2320 5191 2332 5204; x_wconf 92' lang='grc'>·</span> <span class='ocrx_word' id='word_1_713' title='bbox 2367 5173 2603 5238; x_wconf 74' lang='grc' dir='ltr'>ἅπαντες</span> <span class='ocrx_word' id='word_1_714' title='bbox 2635 5177 3019 5248; x_wconf 82' lang='grc' dir='ltr'>ἐσωφρόνησαν</span> <span class='ocrx_word' id='word_1_715' title='bbox 3042 5179 3084 5233; x_wconf 73' lang='grc' dir='ltr'>ί.</span> 
     </span>
    </p>
   </div>
   <div class='ocr_carea' id='block_1_97' title="bbox 1837 5256 3340 5332">
    <p class='ocr_par' dir='ltr' id='par_1_97' title="bbox 1837 5256 3340 5332">
     <span class='ocr_line' id='line_1_97' title="bbox 1837 5256 3340 5332; baseline 0.005 -24"><span class='ocrx_word' id='word_1_716' title='bbox 1837 5257 1901 5308; x_wconf 84' lang='grc' dir='ltr'>Τί</span> <span class='ocrx_word' id='word_1_717' title='bbox 1926 5256 2124 5325; x_wconf 85' lang='grc' dir='ltr'>λέγεις,</span> <span class='ocrx_word' id='word_1_718' title='bbox 2176 5256 2458 5327; x_wconf 84' lang='grc' dir='ltr'>ἀνθρωπε;</span> <span class='ocrx_word' id='word_1_719' title='bbox 2493 5257 2651 5311; x_wconf 87' lang='grc' dir='ltr'>τοῦτο</span> <span class='ocrx_word' id='word_1_720' title='bbox 2689 5259 2798 5330; x_wconf 81' lang='grc' dir='ltr'>γὰρ</span> <span class='ocrx_word' id='word_1_721' title='bbox 2824 5260 3176 5332; x_wconf 87' lang='grc' dir='ltr'>ὑπεσχόμεθα</span> <span class='ocrx_word' id='word_1_722' title='bbox 3204 5265 3340 5316; x_wconf 83' lang='grc' dir='ltr'>πάν-</span> 
     </span>
    </p>
   </div>
   <div class='ocr_carea' id='block_1_98' title="bbox 1766 5339 3342 5417">
    <p class='ocr_par' dir='ltr' id='par_1_98' title="bbox 1766 5339 3342 5417">
     <span class='ocr_line' id='line_1_98' title="bbox 1766 5339 3342 5417; baseline 0.006 -24"><span class='ocrx_word' id='word_1_723' title='bbox 1766 5357 1865 5403; x_wconf 86' lang='grc' dir='ltr'>τας</span> <span class='ocrx_word' id='word_1_724' title='bbox 1911 5342 1970 5394; x_wconf 87' lang='grc' dir='ltr'>ἐν</span> <span class='ocrx_word' id='word_1_725' title='bbox 2003 5343 2102 5412; x_wconf 81' lang='grc' dir='ltr'>μιᾷ</span> <span class='ocrx_word' id='word_1_726' title='bbox 2149 5339 2470 5410; x_wconf 85' lang='grc' dir='ltr'>σαγηνεύειν</span> <span class='ocrx_word' id='word_1_727' title='bbox 2517 5343 2733 5414; x_wconf 81' lang='grc' dir='ltr'>ήμέρᾳ;</span> <span class='ocrx_word' id='word_1_728' title='bbox 2774 5345 2837 5396; x_wconf 79' lang='grc' dir='ltr'>Εἰ</span> <span class='ocrx_word' id='word_1_729' title='bbox 2882 5344 2990 5416; x_wconf 80' lang='grc' dir='ltr'>γάρ</span> <span class='ocrx_word' id='word_1_730' title='bbox 3018 5346 3150 5400; x_wconf 87' lang='grc' dir='ltr'>δέκα</span> <span class='ocrx_word' id='word_1_731' title='bbox 3179 5348 3342 5417; x_wconf 81' lang='grc' dir='ltr'>μόνον</span> 
     </span>
    </p>
   </div>
   <div class='ocr_carea' id='block_1_99' title="bbox 1768 5424 3339 5503">
    <p class='ocr_par' dir='ltr' id='par_1_99' title="bbox 1768 5424 3339 5503">
     <span class='ocr_line' id='line_1_99' title="bbox 1768 5424 3339 5503; baseline 0.008 -26"><span class='ocrx_word' id='word_1_732' title='bbox 1768 5424 2118 5494; x_wconf 85' lang='grc' dir='ltr'>ἐπείσθησαν,</span> <span class='ocrx_word' id='word_1_733' title='bbox 2146 5426 2194 5477; x_wconf 76' lang='grc' dir='ltr'>εἰ</span> <span class='ocrx_word' id='word_1_734' title='bbox 2224 5424 2331 5496; x_wconf 88' lang='grc' dir='ltr'>γὰρ</span> <span class='ocrx_word' id='word_1_735' title='bbox 2355 5425 2514 5480; x_wconf 80' lang='grc' dir='ltr'>πέντε</span> <span class='ocrx_word' id='word_1_736' title='bbox 2544 5427 2728 5497; x_wconf 89' lang='grc' dir='ltr'>μόνον,</span> <span class='ocrx_word' id='word_1_737' title='bbox 2759 5431 2806 5481; x_wconf 81' lang='grc' dir='ltr'>εἰ</span> <span class='ocrx_word' id='word_1_738' title='bbox 2830 5430 2938 5500; x_wconf 80' lang='grc' dir='ltr'>γάρ</span> <span class='ocrx_word' id='word_1_739' title='bbox 2959 5428 3058 5497; x_wconf 81' lang='grc' dir='ltr'>εἷς,</span> <span class='ocrx_word' id='word_1_740' title='bbox 3088 5433 3184 5503; x_wconf 85' lang='grc' dir='ltr'>οὑχ</span> <span class='ocrx_word' id='word_1_741' title='bbox 3217 5437 3339 5489; x_wconf 78' lang='grc' dir='ltr'>ικα-</span> 
     </span>
    </p>
   </div>
   <div class='ocr_carea' id='block_1_100' title="bbox 1830 5529 2295 5592">
    <p class='ocr_par' dir='ltr' id='par_1_100' title="bbox 1830 5529 2295 5592">
     <span class='ocr_line' id='line_1_100' title="bbox 1830 5529 2295 5592; baseline -0.004 -16"><span class='ocrx_word' id='word_1_742' title='bbox 1830 5532 1853 5592; x_wconf 68' lang='grc' dir='ltr'>ς</span> <span class='ocrx_word' id='word_1_743' title='bbox 1880 5530 1975 5592; x_wconf 58' lang='lat' dir='ltr'>Alii</span> <span class='ocrx_word' id='word_1_744' title='bbox 1998 5529 2295 5592; x_wconf 73' lang='grc' dir='ltr'>φλεγόμενον.</span> 
     </span>
    </p>
   </div>
   <div class='ocr_carea' id='block_1_101' title="bbox 1827 5588 2353 5653">
    <p class='ocr_par' dir='ltr' id='par_1_101' title="bbox 1827 5588 2353 5653">
     <span class='ocr_line' id='line_1_101' title="bbox 1827 5588 2353 5653; baseline 0 -16"><span class='ocrx_word' id='word_1_745' title='bbox 1827 5588 1856 5629; x_wconf 77' lang='lat' dir='ltr'><strong>d</strong></span> <span class='ocrx_word' id='word_1_746' title='bbox 1882 5588 2067 5653; x_wconf 68' lang='grc' dir='ltr'>ευρβιε</span> <span class='ocrx_word' id='word_1_747' title='bbox 2093 5588 2190 5638; x_wconf 72' lang='grc' dir='ltr'>καί.</span> <span class='ocrx_word' id='word_1_748' title='bbox 2222 5591 2353 5640; x_wconf 74' lang='lat' dir='ltr'>Eon.</span> 
     </span>
    </p>
   </div>
   <div class='ocr_carea' id='block_1_102' title="bbox 1827 5653 3338 5725">
    <p class='ocr_par' dir='ltr' id='par_1_102' title="bbox 1827 5653 3338 5725">
     <span class='ocr_line' id='line_1_102' title="bbox 1827 5653 3338 5725; baseline 0.009 -26"><span class='ocrx_word' id='word_1_749' title='bbox 1827 5653 1847 5675; x_wconf 83' lang='lat'><strong>&#39;</strong></span> <span class='ocrx_word' id='word_1_750' title='bbox 1869 5653 2090 5725; x_wconf 56' lang='lat' dir='ltr'>§g\‘i|._in</span> <span class='ocrx_word' id='word_1_751' title='bbox 2110 5659 2256 5725; x_wconf 48' lang='grc' dir='ltr'>ἰοξιυ</span> <span class='ocrx_word' id='word_1_752' title='bbox 2284 5653 2337 5725; x_wconf 66' lang='grc' dir='ltr'>9ςῦ</span> <span class='ocrx_word' id='word_1_753' title='bbox 2363 5654 2632 5725; x_wconf 55' lang='grc' dir='ltr'>βούλονται,</span> <span class='ocrx_word' id='word_1_754' title='bbox 2650 5659 2707 5725; x_wconf 52' lang='lat' dir='ltr'><strong>ig</strong></span> <span class='ocrx_word' id='word_1_755' title='bbox 2723 5671 2876 5720; x_wconf 78' lang='lat' dir='ltr'>marg.</span> <span class='ocrx_word' id='word_1_756' title='bbox 2903 5661 2958 5708; x_wconf 70' lang='grc' dir='ltr'>οὐ</span> <span class='ocrx_word' id='word_1_757' title='bbox 2981 5661 3218 5725; x_wconf 69' lang='grc' dir='ltr'>βούλεται,</span> <span class='ocrx_word' id='word_1_758' title='bbox 3241 5663 3338 5712; x_wconf 70' lang='lat' dir='ltr'>sio-</span> 
     </span>
    </p>
   </div>
   <div class='ocr_carea' id='block_1_103' title="bbox 1767 5712 2843 5782">
    <p class='ocr_par' dir='ltr' id='par_1_103' title="bbox 1767 5712 2843 5782">
     <span class='ocr_line' id='line_1_103' title="bbox 1767 5712 2843 5782; baseline 0.013 -25"><span class='ocrx_word' id='word_1_759' title='bbox 1767 5723 1864 5782; x_wconf 66' lang='grc' dir='ltr'>φὶς</span> <span class='ocrx_word' id='word_1_760' title='bbox 1882 5712 2051 5782; x_wconf 61' lang='lat' dir='ltr'>Morel.</span> <span class='ocrx_word' id='word_1_761' title='bbox 2077 5719 2129 5760; x_wconf 74' lang='lat' dir='ltr'><strong>et</strong></span> <span class='ocrx_word' id='word_1_762' title='bbox 2148 5712 2250 5782; x_wconf 46' lang='lat' dir='ltr'>alii.</span> <span class='ocrx_word' id='word_1_763' title='bbox 2284 5712 2587 5782; x_wconf 37' lang='grc' dir='ltr'>υνυς-οὐδεὶς</span> <span class='ocrx_word' id='word_1_764' title='bbox 2611 5712 2843 5782; x_wconf 62' lang='grc' dir='ltr'>βούλιταιξ</span> 
     </span>
    </p>
   </div>
   <div class='ocr_carea' id='block_1_104' title="bbox 1836 5771 2586 5838">
    <p class='ocr_par' dir='ltr' id='par_1_104' title="bbox 1836 5771 2586 5838">
     <span class='ocr_line' id='line_1_104' title="bbox 1836 5771 2586 5838; baseline 0.003 -16"><span class='ocrx_word' id='word_1_765' title='bbox 1836 5771 1854 5812; x_wconf 70' lang='grc' dir='ltr'>ί</span> <span class='ocrx_word' id='word_1_766' title='bbox 1882 5773 2014 5823; x_wconf 76' lang='lat' dir='ltr'>Unus</span> <span class='ocrx_word' id='word_1_767' title='bbox 2035 5788 2124 5822; x_wconf 82' lang='lat' dir='ltr'>ms.</span> <span class='ocrx_word' id='word_1_768' title='bbox 2155 5771 2586 5838; x_wconf 66' lang='grc' dir='ltr'>ἐσωρρονίσθησαν.</span> 
     </span>
    </p>
   </div>
   <div class='ocr_carea' id='block_1_105' title="bbox 2928 5859 3008 5917">
    <p class='ocr_par' dir='ltr' id='par_1_105' title="bbox 2928 5859 3008 5917">
     <span class='ocr_line' id='line_1_105' title="bbox 2928 5859 3008 5917; baseline 0.013 -1"><span class='ocrx_word' id='word_1_769' title='bbox 2928 5859 3008 5917; x_wconf 76' lang='grc'>28</span> 
     </span>
    </p>
   </div>
  </div>
