3906 6240
581 323 690 382 965

577 441 669 496 νδν
697 443 831 516 η’μῖν
881 446 961 512 εἰς
997 448 1383 520 παραμυθίαν;
1429 453 1570 522 Ἐγὼ
1613 454 1670 508 δέ
1710 458 1802 508 καὶ
1844 452 2147 526 ὑπερϐολὴν

576 530 771 601 ἑτέραν
829 534 1106 604 ποιοῦμαι.
1171 538 1388 592 Κείσθω
1450 541 1656 612 μηδένα
1709 541 2000 596 πεπεῖσθαι
2035 543 2148 605 τοῖς

577 619 866 691 ἡμετέροις
880 622 1080 692 λόγοις,
1101 626 1238 698 ὅπερ
1268 627 1531 682 ἀδύνατον
1565 631 1646 694 εἰς
1677 629 1947 694 τοσαύτας
1976 629 2148 694 ἀκοάς

577 709 934 782 σπειρόμενον
979 712 1136 782 λόγον
1191 717 1440 786 ἄκαρπον
1496 719 1749 787 γενέσθαι
1804 719 1974 773 ποτέ·
2007 719 2146 792 πλὴν

573 798 712 851 ἀλλά
758 797 962 854 κείσθω
988 804 1148 858 τοῦτο
1202 807 1362 861 αὑτό’
1392 807 1511 860 οὑδέ
1541 806 1715 872 οὑτως
1745 807 1980 881 ἀκερδὴς
2013 810 2148 880 ἡμῖν

571 888 601 939 6
635 887 812 958 λόγος.

639 976 703 1028 Εἰ
744 977 854 1048 γὰρ
885 981 976 1032 καὶ
1008 980 1262 1052 εἰσῆλθον,
1286 984 1364 1047 εἰς
1397 984 1714 1056 καπηλεῖον,
1767 985 1880 1040 ἀλλ’
1910 985 1972 1040 οὐ
2006 985 2146 1056 μετά

569 1064 670 1133 τῆς
703 1066 874 1137 αὑτῆς
904 1069 1285 1140 ἀναισχυντίας
1313 1073 1579 1144 εἰσῆλθον,
1611 1075 1746 1128 ἀλλά
1782 1076 1876 1129 καὶ
1915 1075 2007 1129 ἐπὶ
2042 1075 2144 1143 τῆς

569 1155 850 1225 τραπέζης
889 1158 1148 1223 πολλάκις
1175 1160 1294 1236 ’τῶν
1336 1163 1621 1234 ἡμετέρων
1652 1163 2005 1236 ἐμνήσθησαν
2053 1164 2143 1218 λό-

569 1257 702 1308 γων,
751 1243 852 1314 τῆς
897 1232 1288 1319 ἐπιτιμήσὲως,
1329 1232 1430 1321 τῆς
1467 1232 1830 1323 ἐπιπλήξεως,
1872 1232 1967 1306 καὶ
2010 1270 2144 1324 μνη-

572 1331 789 1396 σθέντες
817 1335 1185 1408 ᾐσχύνθησαν,
1227 1339 1568 1411 ἠρυθρίασαν
1597 1342 1738 1396 κατά
1784 1343 2047 1397 διάνοιαν·
2079 1344 2142 1397 οὐ

573 1422 710 1490 μετά
759 1425 1028 1498 τοσαύτης
1086 1429 1410 1502 ἰταμότητος
1435 1444 1462 1473 ει
1491 1432 1560 1486 τὰ
1602 1433 1829 1487 εἰωθότα
1876 1433 2139 1505 ἔπραξαν.

570 1509 738 1564 Ἰὀῦτο
769 1511 843 1596 δὲ.
863 1514 1005 1586 ἁρχὴ
1035 1517 1308 1589 σωτηρίας
1337 1520 1432 1573 καὶ
1461 1521 1765 1593 μεταϐολῆς
1795 1525 2046 1596 ἀρίστης,
2080 1525 2141 1579 τὸ

567 1599 702 1664 ὅλως
734 1591 1112 1674 αἰσχυνθῆναι,
1149 1606 1209 1658 τὸ
1241 1608 1376 1671 ὅλως
1421 1609 1760 1679 καταγνῶναι
1789 1613 1898 1666 τῶν
1931 1615 2144 1685 γινομέ-

567 1707 691 1744 νων.
725 1691 868 1763 Πρὸς
902 1693 1109 1757 τούτοις
1145 1695 1200 1749 δέ
1246 1698 1344 1751 οὑκ
1381 1698 1598 1753 ἔλαττον
1642 1701 1735 1754 καὶ
1778 1701 1962 1774 ἕτερον
2005 1705 2141 1775 ἡμῖν

567 1780 632 1830 ἐκ
663 1778 849 1834 τούτου
877 1783 1165 1854 γεγένηται
1198 1786 1404 1856 κέρδος.
1430 1790 1586 1844 Ποῖον
1618 1790 1682 1856 δὴ
1710 1792 1899 1860 τοῦτο;
1940 1793 2014 1847 Τὸ
2046 1793 2156 1848 καί

563 1868 691 1933 τοὺς
720 1873 1128 1943 σωφρονοῦντας
1160 1878 1514 1950 σεμνοτέρους
1545 1881 1788 1952 ποιῆσαι,
1823 1884 1918 1938 καί⁵
1955 1886 2139 1939 πεῖσαι

563 1956 651 2011 διὰ
682 1957 791 2011 τῶν
831 1961 1136 2033 εἰρημένων
1177 1965 1258 2018 ὅτι
1303 1969 1499 2039 ἄριστα
1548 1971 1765 2026 πάντων
1811 1973 1918 2026 εἰσὶ
1953 1973 2140 2044 βεϐου-

565 2045 850 2117 λευμένοι,
906 2050 982 2122 μὴ
1054 2057 1492 2127 συναπαγόμενοι
1557 2061 1671 2124 τοῖς
1739 2061 1974 2126 πολλοῖς.
2025 2065 2139 2118 Οὐκ

564 2136 839 2206 ἀνέστησα
871 2142 997 2204 τοὺς
1038 2143 1357 2209 νοσοῦντας;
1402 2147 1537 2203 ἀλλά
1578 2150 1704 2214 τοὺς
1754 2151 1925 2219 ὑγιεῖς
1965 2152 2140 2220 ἀσφα-

564 2225 848 2298 λεστέρους
877 2230 1136 2302 ἐποίησα·
1169 2234 1269 2288 οὑκ
1321 2236 1576 2307 ἀπήγαγέ
1621 2257 1773 2303 τινας
1803 2240 1902 2311 τῆς
1943 2243 2140 2309 κακίας

563 2316 593 2368 6
628 2314 815 2385 λόγος;
855 2317 989 2372 ἀλλά
1036 2321 1162 2384 τοὺς
1208 2323 1266 2376 ἐν
1315 2325 1484 2395 ἀρετῇ
1549 2325 1757 2392 ζῶντας
1817 2331 2139 2401 ἀκριϐεστέ-

569 2421 697 2474 ρους
725 2404 1037 2475 εἰργάσατο.
1088 2411 1240 2465 Εἰπω
1284 2431 1337 2467 τι
1370 2415 1464 2467 καί¹
1500 2417 1638 2488 πρὸς
1674 2418 1885 2484 τούτοις
1933 2423 2136 2492 τρίτον.

567 2494 678 2547 Οὑκ
733 2494 929 2551 ἔπεισα
974 2500 1242 2570 σήμερον;
1283 2503 1399 2556 ἀλλ’
1443 2503 1630 2578 αὑριον
1671 2507 1802 2572 ἴσως
1839 2511 2138 2583 δυνήσομαι

566 2585 770 2636 πεῖσαι.
813 2584 954 2638 Ἀλλ’
997 2587 1116 2640 οὑδέ
1164 2588 1383 2661 αῦριονς
1423 2594 1557 2649 ἀλλά
1601 2597 1742 2667 μετά
1776 2597 1874 2668 τὴν
1927 2599 2136 2673 αὔριον,

519 2683 522 2692 ·
565 2671 598 2739 ἢ
644 2671 736 2724 καὶ
766 2673 884 2742 μετ’
923 2675 1137 2748 ἐκείνην
1181 2677 1331 2742 ἴσως.
1375 2681 1433 2733 '0
1463 2684 1702 2756 σήμερον
1753 2671 2011 2753 ἀκούσας
2045 2693 2140 2746 καὶ

563 2757 1046 2831 διακρουσάμενος,
1094 2764 1282 2838 αῦριον
1335 2770 1466 2833 ἴσως
1515 2773 1806 2828 ἀκούσεται
1841 2778 1935 2830 καί
1969 2795 2140 2833 κατα-

564 2845 805 2912 δέξεταιο
837 2852 865 2904 6
911 2852 968 2906 δὲ
1025 2855 1263 2927 σήμερον
1310 2859 1403 2912 καὶ
1452 2859 1640 2932 αῦριον
1688 2866 2137 2936 καταφρονήσας,

570 2937 709 3006 μετά
746 2938 966 3004 πλείους
1019 2943 1148 3007 ἴσως
1193 2945 1408 3018 ἡμέρας
1446 2949 1698 3020 προσέξει
1750 2955 1864 3017 τοῖς
1907 2954 2138 3026 λεγομέ-

565 3043 698 3088 νοις.
729 3027 839 3081 Καὶ
867 3027 975 3099 γάρ
1005 3030 1096 3083 καὶ
1123 3032 1306 3097 ἁλιεὺς
1332 3035 1592 3102 πολλάκις
1619 3038 1686 3092 δι’
1714 3040 1843 3112 ὅλης
1872 3042 1971 3114 τῆς
2003 3043 2140 3116 ἡμέ-

568 3129 669 3183 ρας
703 3115 857 3170 κενὸν
898 3117 1219 3183 ἀνασπάσας
1247 3121 1309 3175 τὸ
1343 3123 1578 3188 δίκτυον,
1621 3126 1678 3178 ἐν
1707 3127 1915 3200 ἑσπέρᾳ
1945 3131 2141 3186 πολλά-

566 3201 838 3290 κις[710]
865 3205 1168 3277 ἀναχωρεῖν
1207 3209 1438 3280 μέλλων,
1470 3213 1560 3266 τὸν
1587 3213 1653 3267 δι’
1680 3216 1808 3286 ὅλης
1840 3219 2003 3272 αὑτὸν
2040 3221 2140 3290 τῆς

567 3289 779 3360 ἡμέρας
821 3292 1145 3362 διαφυγόντα
1191 3297 1343 3369 ἰχθὺν
1385 3300 1639 3366 ἀλιεύσας
1693 3298 1957 3376 ἀπῆλθεν.
1989 3310 2053 3362 Εἰ
2085 3309 2141 3362 δέ

572 3378 857 3451 μέλλοιμεν
890 3381 978 3436 διὰ
1004 3383 1102 3448 τὰς
1135 3386 1222 3438 ἀεὶ
1249 3389 1537 3459 γινομένας
1560 3392 1859 3472 ἀποτυχίας
1885 3396 1944 3449 ἐν
1973 3399 2141 3472 ἀργίᾳ

568 3466 743 3536 εἶναι,
799 3471 891 3526 καὶ
946 3474 1057 3528 τῶν
1112 3479 1452 3547 πραγμάτων
1515 3471 1847 3550 ἀφίστασθαι
1898 3466 2136 3551 πάντων,

569 3560 715 3623 ἄπας
754 3561 885 3631 ἡμῖν
916 3563 946 3614 6
986 3561 1099 3632 βίος
1141 3565 1420 3620 ἀπολεῖται
1438 3571 1457 3597 ·⁴
1487 3568 1582 3621 καὶ
1627 3571 1746 3640 οὑχὶ
1775 3570 1846 3626 τά
1897 3590 2142 3643 πνευμα-

567 3649 695 3701 τικά
727 3648 905 3718 μόνον,
933 3649 1071 3704 ἀλλά
1099 3653 1192 3706 καὶ
1233 3653 1302 3707 τά
1348 3654 1576 3724 βιωτικά
1627 3659 1906 3729 οἰχήσεται
1939 3661 2136 3716 πάντα.

568 3737 680 3791 Καὶ
719 3738 827 3809 γὰρ
851 3739 879 3790 6
907 3741 1171 3812 γεωργδς,
1200 3745 1247 3796 εἰ
1280 3745 1462 3814 μέλλοι
1496 3746 1586 3801 διὰ
1617 3747 1715 3812 τὰς
1744 3748 1891 3815 ἅπαξ
1931 3753 2025 3805 καὶ
2057 3753 2142 3812 δὶς

568 3825 666 3879 καὶ
741 3826 1000 3891 πολλάκις
1068 3832 1357 3902 γινομένας
1416 3834 1524 3888 τῶν
1585 3836 1766 3909 ἀέρων
1822 3839 2139 3910 ἀνωμαλίας

565 3915 668 3982 τῆς
733 3917 1006 3989 γεωργίας
1061 3920 1379 3992 ἀποπηδᾷν,
1431 3923 1573 3996 λιμῷ
1640 3925 1851 3997 ταχέως
1911 3927 2140 3984 ἀπολού-

571 4003 713 4072 μεθα
735 4003 763 4043 ι’
792 4005 1011 4070 πάντες.
1041 4008 1151 4061 Καὶ⁹
1186 4009 1528 4085 κυϐερνήτης
1559 4013 1636 4080 δὲ,
1675 4017 1723 4068 εἰ
1751 4015 1840 4071 διὰ
1869 4017 1962 4071 τὸν
1991 4017 2140 4084 ἅπαξ

569 4092 665 4144 καὶ
700 4091 782 4155 δὶς
824 4095 919 4148 καὶ
957 4096 1216 4160 πολλάκις
1248 4100 1528 4169 συμϐάντα
1563 4103 1808 4174 χειμῶνα
1847 4106 2006 4176 φύγοι
2040 4108 2140 4180 τὴν

570 4178 859 4244 θάλατταν,
911 4182 1157 4236 ἄπλωτον
1211 4187 1344 4256 ἡμῖν
1398 4189 1549 4243 ἔσται
1608 4190 1670 4244 τὸ
1722 4192 1988 4262 πέλαγος,
2049 4178 2141 4250 καὶ

568 4269 840 4339 ἄχρηστος
863 4269 959 4324 καὶ
982 4271 1228 4327 ἐντεῦθεν
1254 4277 1384 4344 ἡμῖν
1418 4279 1446 4330 6
1489 4278 1602 4348 βίος
1637 4281 1798 4334 πάλιν
1828 4285 2137 4354 γενήσεται.

548 4355 706 4433 ,Καθ’
730 4355 967 4429 ἑκάστην
997 4359 1053 4413 δὲ
1082 4362 1278 4433 τέχνην
1315 4364 1502 4432 ἐπιὼν,
1533 4369 1581 4421 εἰ
1613 4367 1786 4423 ταῦτα
1819 4375 2140 4444 παραινοίης

569 4445 663 4499 καὶ
701 4447 1112 4519 συμϐουλεύοις,
1154 4453 1330 4510 πάντα
1358 4456 1527 4528 ἄρδην
1567 4458 1862 4524 ἀπολεῖται,
1894 4465 1990 4518 καὶ
2028 4465 2142 4518 ἀοί-

569 4553 736 4604 κητος
773 4537 926 4591 ἔσται
957 4540 990 4609 ή
1036 4540 1129 4611 γῆ.
1155 4541 1334 4616 Ἀπερ
1379 4539 1472 4598 οῦν
1501 4545 1738 4613 ἅπαντες
1784 4551 2003 4618 εἰδότες,
2040 4555 2141 4608 κᾶν

571 4623 739 4690 ἅπαξ,
780 4625 882 4679 κᾶν
910 4625 1011 4691 δὶς,
1045 4627 1148 4682 κᾶν
1191 4631 1449 4698 πολλάκις
1489 4635 1799 4707 ἀποτύχωσι
1831 4639 1924 4693 τοῦ
1957 4640 2142 4707 τέλους

570 4711 677 4765 τῶν
711 4714 1070 4787 πραγμάτων,
1113 4719 1171 4770 ἐν
1203 4717 1284 4784 οἷς
1317 4723 1424 4775 εἰσι
1453 4725 1548 4778 καὶ
1589 4725 1949 4799 διατρίϐουσι,
1980 4730 2142 4785 πάλιν

570 4801 749 4855 αὑτῶν
814 4803 1275 4875 ἐπιλαμϐάνονται
1337 4811 1474 4880 μετά
1541 4813 1640 4886 τῆς
1708 4815 1876 4887 αὐτῆς
1933 4818 2143 4890 προθυ-

573 4891 723 4962 μίας.

635 5009 706 5070 γ’.
729 5003 908 5076 "Amp
936 5004 1153 5062 ἅπαντα
1178 5007 1242 5079 δὴ
1273 5007 1367 5062 καὶ
1395 5010 1556 5081 ἡμεῖς
1587 5013 1815 5081 εἰδότες,
1846 5015 2137 5089 ἀγαπητοὶ,

575 5091 684 5162 μὴ,
723 5094 1048 5164 παρακαλῶ,
1083 5091 1157 5168 μὴ
1206 5095 1378 5152 ταῦτα
1427 5098 1820 5173 φθεγγώμεθα,
1875 5107 2008 5178 μηδὲ
2055 5107 2141 5161 λέ-

570 5196 756 5250 γωμεν
777 5201 789 5214 ·
821 5183 872 5236 τί
902 5185 984 5238 δεῖ
1011 5184 1184 5253 λόγων
1217 5187 1347 5257 ἡμῖν
1382 5190 1680 5258 τοσούτωνς
1728 5194 1881 5246 οὐδὲν
1928 5198 1992 5249 ἐκ
2033 5197 2141 5249 τῶν

569 5266 742 5337 λόγων
777 5271 981 5325 τούτων
1028 5274 1218 5341 ὄφελος
1265 5276 1494 5344 γίνεται.
1543 5280 1652 5333 Καὶ
1698 5281 1807 5352 γὰρ
1847 5283 1875 5335 ὁ
1907 5285 2142 5354 γηπόνος

573 5353 719 5420 ἀπαξ
743 5356 839 5410 καὶ
868 5357 949 5420 δὶς
980 5360 1074 5412 καὶ
1106 5360 1363 5427 πολλάκις
1393 5365 1492 5437 τὴν
1525 5367 1692 5439 αὑτὴν
1724 5353 2141 5443 σπείραςάρου-

636 5604 662 5676 ξ
684 5603 1038 5676 ριιδήι-υοςμηιςει.
1068 5613 1184 5674 μετὰ
1205 5618 1286 5672 τῆς
1307 5614 1449 5672 αὐτῆς
1472 5615 1765 5676 ἰταμότητος.

631 5663 662 5740 ξ
687 5667 859 5740 Salvi!“
885 5663 1134 5721 Morel.'et
1155 5663 1294 5740 mul'fi
1317 5663 1428 5740 msg'.
1459 5663 1776 5740 ἀπολούμεθα,
1797 5692 1923 5729 unus
1947 5680 2142 5729 ἀπολοί-

575 5730 710 5800 μιθαἱ
731 5729 878 5800 ᾓσνίι.
907 5745 957 5800 ιιι
980 5747 1131 5800 rparg.
1159 5735 1358 5800 etHaIius
1384 5729 1701 5800 ἀποὶλύμεθα.

633 5793 660 5824 ⁸
685 5793 827 5842 Alius
847 5792 934 5841 τοῦ
955 5792 1132 5856 τέλους,
1155 5797 1312 5848 πάλιν.

1289 337 1347 392 So
1385 337 1668 394 JOANNIS
1705 338 2188 397 CHRYSUSTOMI
2227 346 2543 401 ARCHIEP.
2587 342 3124 404 CONSTANTINOP.

2260 469 2378 523 ραν,
2417 455 2513 508 καὶ
2541 457 2829 530 ἀποτυχὼν
2852 460 2947 515 τοῦ
2974 461 3218 534 κέρδους,
3262 462 3425 516 πάλιν
3445 473 3470 504 ε
3507 463 3688 535 αὑτὴν
3718 467 3828 536 εἰρ-

2255 542 2488 609 γάσατο,
2523 546 2617 599 καὶ
2657 548 2714 601 ἐν
2763 547 2845 601 ἐνὶ
2907 549 3165 614 πολλάκις
3207 551 3439 622 ἐνιαυτῷ
3481 552 3580 605 τοῦ
3618 553 3828 616 παντὸς

2253 631 2445 702 χρόνου
2468 633 2565 705 τὴν
2593 634 2794 707 ζημίαν
2817 637 3078 694 ἀνέσωσε.
3103 623 3213 695 Καὶ
3240 640 3482 712 ἔμπορος
3503 643 3563 696 δὲ
3589 643 3828 710 ναυάγια

2251 720 2422 774 πολλά
2452 723 2710 788 πολλάκις
2737 726 3056 797 ὑπομείνας,
3087 729 3186 783 οὑκ
3215 729 3423 801 ἀπέστη
3451 728 3549 783 τοῦ
3582 729 3825 801 λιμένος,

2251 807 2385 863 ἀλλὰ
2414 811 2508 863 καί⁵
2536 811 2718 866 πλοῖον
2744 815 3089 882 καθείλκυσε,
3111 818 3206 871 καὶ
3229 818 3428 882 ναύτας
3449 819 3825 889 ἐμισθώσατο,

2251 897 2345 950 καὶ
2373 899 2629 970 χρήματα
2672 901 3056 974 δανεισάμενος
3087 903 3196 958 τῶν
3224 905 3402 960 αὑτῶν
3447 906 3635 976 ἥψατο
3686 923 3827 973 πρα-

2249 986 2496 1057 γμάτων,
2533 990 2708 1044 καίτοι
2736 992 2832 1045 τοῦ
2863 993 3149 1064 μέλλοντος
3184 994 3383 1066 ὁμοίως
3414 996 3574 1060 ὄντος
3603 996 3824 1066 ἀδήλου.

2249 1074 2359 1126 Καὶ
2397 1075 2625 1142 ἕκαστος
2654 1079 2710 1132 δὲ
2750 1081 2860 1135 τῶν
2907 1081 3085 1135 ὁτιοῦν
3139 1085 3429 1155 μετιόντων
3466 1085 3619 1138 οὕτω
3655 1087 3826 1137 ποιεῖν

2250 1161 2522 1232 εἰώθασιν,
2563 1166 2752 1239 ὥσπερ
2787 1170 2816 1223 6
2861 1169 3104 1244 γεωργὸς
3156 1172 3249 1226 καὶ
3294 1173 3324 1225 6
3367 1173 3636 1245 ἔμπορος.
3699 1171 3827 1226 Εἶτα

2249 1253 2447 1306 ἐκεῖνοι
2506 1254 2605 1325 μὲν
2651 1257 2884 1331 τοσαύτῃ
2934 1259 3166 1332 χρῶνται
3203 1259 3233 1300 ἀ
3278 1260 3412 1332 πρὸς
3462 1261 3539 1315 τὰ
3597 1261 3827 1331 βιωτικὰ

2250 1343 2478 1414 σπουδῇ,
2524 1344 2699 1398 καίτοι
2726 1347 2819 1400 τοῦ
2857 1347 3041 1412 τέλους
3083 1349 3236 1413 ὄντος
3282 1350 3498 1420 ἀδήλου,
3535 1353 3709 1422 ἡμεῖς
3753 1353 3824 1418 δὲ,

2253 1429 2320 1483 ἂν
2349 1431 2593 1495 εἰπόντες
2628 1433 2703 1506 μὴ
2731 1435 3105 1507 ἀκουσθῶμεν,
3127 1435 3330 1502 εὐθέως
3355 1440 3824 1511 ἀποστησάμεθας

2248 1519 2342 1572 καὶ
2373 1519 2533 1574 ποίαν
2581 1521 2776 1594 ἕξομεν
2821 1523 3172 1596 συγγνώμηνς
3221 1525 3343 1580 τίνα
3377 1526 3436 1580 δέ
3481 1527 3823 1596 ἀπολογίαν;

2246 1610 2440 1664 Καίτοι
2469 1610 2697 1677 ἐκείνοις
2731 1614 2829 1684 μὲν
2867 1617 2925 1668 ἐν
2954 1617 3074 1678 ταῖς
3105 1615 3426 1686 ἀποτυχίαις
3463 1617 3650 1683 οὐδείς
3683 1621 3825 1674 ἐστιν

2246 1701 2274 1752 δ
2301 1700 2398 1772 τὴν
2429 1697 2633 1771 ζημίαν
2683 1705 3231 1778 παραμυθησόμενος.
3269 1703 3381 1765 οῖον
3409 1711 3508 1765 ἐάν
3555 1709 3824 1779 ἑπικλὺσῃ

2245 1791 2306 1844 τὸ
2341 1792 2524 1846 πλοῖον
2564 1795 2598 1865 ἠ
2645 1793 2910 1860 θάλασσα,
2949 1797 3123 1862 οὐδεὶς
3149 1799 3248 1869 τὴν
3279 1801 3472 1856 πενίαν
3510 1800 3617 1855 τοῦ
3666 1819 3824 1854 ναυα-

2244 1878 2469 1948 γοῦντος
2525 1882 2906 1953 διορθώσεται·
2960 1885 3026 1939 ἂν
3080 1887 3370 1962 καταχώσῃ
3428 1890 3534 1960 τὴν
3591 1890 3822 1961 ἀρωραν

2245 1965 2518 2039 ἐπομϐρία
2562 1981 2608 2033 ο,
2652 1971 2744 2023 καὶ
2799 1972 3071 2048 ἀποπνίξῃ
3123 1973 3192 2028 τὰ
3243 1976 3561 2047 σπέρματα,
3615 1978 3820 2046 ἀνάγκη

2246 2059 2431 2120 κεναῖς
2454 2056 2545 2112 τὸν
2579 2060 2823 2130 γεωργὸν
2851 2061 3033 2116 οἴκαδε
3064 2063 3416 2135 ἀναχωρῆσαι
3456 2064 3680 2135 χερσίν.
3714 2067 3821 2134 Ἐφ’

2244 2144 2403 2215 ἡμῶν
2446 2146 2503 2199 δὲ
2546 2148 2655 2202 τῶν
2693 2148 2956 2218 λεγόντων
3002 2151 3096 2204 καὶ
3143 2153 3558 2225 παραινούντων
3591 2155 3697 2226 οὐχ
3737 2155 3821 2208 οῦς

2245 2251 2372 2296 τως.

2327 2345 2485 2400 Ἀλλά
2513 2349 2618 2402 κᾶν
2652 2349 2962 2424 καταϐάλῃς
2990 2351 3056 2406 τά
3087 2354 3393 2425 σπέρματα.
3423 2356 3522 2409 καὶ
3558 2356 3592 2408 6
3631 2357 3821 2424 ἀκροα-

2245 2435 2342 2506 τὴς
2378 2437 2451 2508 μὴ
2493 2436 2742 2508 δέξηται,
2794 2439 2928 2510 μηδὲ
2961 2441 3154 2513 ἐνέγκῃ
3188 2443 3276 2496 τὸν
3321 2445 3538 2514 καρπὸν
3572 2445 3677 2515 τῆς
3725 2447 3822 2498 ὑπ·

2246 2522 2438 2594 ακοῆς,
2477 2524 2541 2578 σὺ
2570 2525 2662 2579 τὸν
2698 2526 2887 2597 μισθὸν
2927 2527 3069 2599 ἔχεις
3105 2530 3510 2602 ἀπηρτισμένον
3541 2533 3705 2604 παρά
3735 2535 3820 2586 τοῦ

2245 2611 2379 2665 Θεοῦ
2426 2614 2527 2685 τῆς
2574 2614 2902 2686 συμϐουλῆς,
2952 2619 3044 2672 καὶ
3097 2619 3361 2692 τοσαύτην
3407 2622 3679 2696 ἀπολήψῃ
3736 2627 3822 2694 τὴν

2245 2700 2501 2774 ἀμοιϐὴν,
2541 2703 2634 2757 καὶ
2686 2705 3134 2777 παρακούσαντος
3179 2708 3410 2773 ἐκείνου,
3455 2711 3596 2781 ὅσην
3637 2713 3822 2776 ἔλαϐες

2248 2789 2333 2850 ἂν,
2382 2791 2430 2844 εἰ
2483 2791 2791 2862 ὑπήκουσε·
2833 2795 2894 2847 τὸ
2929 2795 3036 2867 γάρ
3078 2796 3275 2850 σαυτοῦ
3315 2800 3421 2851 πᾶν
3465 2798 3820 2870 ἐπλήρωςας.

2246 2877 2351 2931 Τοῦ
2383 2879 2458 2950 μὴ
2490 2883 2676 2934 πεῖσαι
2704 2884 2831 2946 τοὺς
2857 2883 3154 2950 ἀκούοντας
3179 2885 3279 2940 οὑκ
3305 2886 3471 2957 ἐσμὲν
3503 2888 3820 2952 ὑπεύθυνα,

2246 2966 2382 3020 ἀλλά
2427 2966 2520 3020 τοῦ
2557 2969 2956 3041 συμϐουλεῦσαι
3009 2972 3201 3044 μόνον·
3236 2974 3296 3027 τὸ
3332 2975 3430 3045 μὲν
3459 2967 3578 3048 γὰρ
3629 2994 3824 3049 παραι-

2246 3056 2398 3110 νέσαι
2425 3058 2710 3130 ἡμέτερον,
2733 3061 2796 3114 τὸ
2827 3061 2884 3115 δὲ
2915 3063 3196 3134 πεισθῆναι
3223 3065 3467 3119 ἐκείνων.
3490 3067 3612 3120 Καὶ
3656 3070 3823 3122 καθά-

2247 3162 2354 3217 περ
2385 3145 2451 3199 ἃν
2485 3148 2640 3217 ἡμῶν
2672 3147 2746 3219 μὴ
2792 3152 3234 3222 παραινεσάντων
3285 3151 3432 3224 [7H]
3473 3155 3655 3225 μυρία
3694 3174 3823 3209 κατε

2247 3233 2558 3303 ορθώσωσιν
2622 3236 2852 3296 ἐκεῖνοι,
2902 3238 3082 3307 μόνοις
3129 3240 3308 3303 αὑτοῖς
3369 3239 3516 3304 ἅπας
3561 3245 3593 3295 6
3635 3244 3822 3312 μισθὸς

2248 3321 2509 3383 κείσεται.
2545 3324 2677 3394 ἡμῖν
2706 3323 2762 3377 δὲ
2794 3325 2943 3379 οὐδὲν
2973 3327 3124 3380 ἔσται
3152 3327 3214 3382 τὸ
3244 3327 3452 3398 κέρδος,
3496 3331 3700 3402 ἐπειδὴ
3755 3338 3821 3400 μη

2250 3409 2773 3483 συνεϐουλεύσαμεν·
2822 3413 2996 3479 οὕτως
3038 3415 3103 3470 ἂν
3160 3417 3320 3488 ήμῶν
3368 3421 3822 3490 παραινεσάντιεη

2249 3497 2441 3548 ἐκεῖνοι
2497 3497 2570 3569 μὴ
2614 3500 2973 3572 προσέχωσιν,
3023 3502 3207 3557 ἅπασα
3258 3505 3516 3578 αὑτοὺςή
3577 3509 3823 3578 τιμωρία

2247 3586 2639 3657 καταλήψεται,
2685 3590 2814 3660 ἡμῖν
2856 3591 2914 3643 δὲ
2954 3590 3104 3646 οὐδὲν
3143 3592 3294 3646 ἔσται
3345 3593 3642 3664 ἔγκλημα,
3694 3597 3825 3650 ἀλλὰ

2247 3675 2341 3726 καὶ
2376 3675 2540 3738 πολὺς
2583 3677 2612 3728 6
2650 3677 2838 3746 μισθὸς
2885 3679 3259 3749 ἀπαντήσεται
3309 3682 3458 3755 παρά
3502 3684 3607 3737 τοῦ
3655 3684 3820 3737 Θεοῦ·

2247 3762 2306 3814 τὸ
2331 3763 2440 3833 γὰρ
2471 3763 2628 3835 ἡμῶν
2659 3766 2803 3819 ἅπαν
2830 3767 3250 3840 ἐπληρώσαμεν.
3283 3770 3637 3826 Καταϐαλεῖν
3666 3773 3821 3843 μόνσδ

2247 3848 2580 3920 κελευόμεθα
2616 3851 2685 3904 τά
2719 3853 2958 3925 ἀργύρια
2983 3857 3073 3909 ἐπὶ.
3101 3859 3226 3919 τοὺς
3254 3857 3616 3930 τραπεζίτας,
3653 3867 3822 3917 εἰπεῖν

2247 3937 2340 3989 καί¹
2391 3938 2805 4010 συμϐουλεῦσαι.
2849 3943 2984 3995 Εἰπέ
3016 3944 3210 4009 τοίνυν,
3254 3946 3347 3999 καὶ
3377 3949 3721 4020 παραίνεσον
3753 3953 3823 4022 τῷ

2248 4025 2480 4097 ἀδελφῷ.
2524 4027 2662 4081 Ἀλλ’
2710 4029 2812 4082 οὑκ
2863 4031 3121 4102 ήκουσενς
3167 4033 3326 4086 Ἀλλά
3373 4036 3435 4088 σὺ
3488 4036 3586 4089 τὸν
3635 4040 3824 4108 μισθὸν

2249 4113 2390 4184 ἔχεις
2418 4116 2846 4187 άπηρτισμένον,
2881 4118 3039 4188 μόνον
3071 4120 3136 4173 ἂν
3181 4120 3269 4175 ἀεὶ
3308 4121 3465 4175 τοῦτο
3509 4128 3713 4195 ποιῇς,
3765 4127 3823 4179 ἂν

2250 4202 2518 4272 μηδέποτε
2551 4205 2816 4276 ἀποστῇς,
2842 4207 2946 4271 ἕως
2976 4206 3043 4260 ἂν
3071 4208 3284 4281 πείσῃς,
3315 4209 3416 4272 ἕως
3448 4211 3514 4263 ἂν
3551 4213 3822 4285 ἐμπνέες.

2248 4290 2428 4360 Πέρας
2459 4290 2600 4344 ἔστω
2635 4293 2735 4361 τῆς
2771 4294 3082 4367 συμϐουλῆς
3110 4298 3141 4366 ή
3171 4297 3384 4368 ὑπακοὴ
3411 4299 3508 4351 τοῦ
3538 4302 3650 4372 τὴν
3688 4319 3824 4373 παρ-

2247 4379 2452 4432 αίνεσιν
2505 4381 2918 4453 ὑποδεχομένου.
2955 4385 3014 4439 '0
3047 4384 3290 4448 διάϐολος
3328 4385 3470 4440 κατά
3495 4388 3602 4458 τῆς
3651 4407 3830 4459 σωτη-

2250 4469 2372 4540 ρίας
2413 4471 2504 4524 ἀεὶ
2529 4470 2713 4542 τρέχει
2740 4472 2841 4542 τῆς
2870 4473 3164 4545 ἡμετέρας,
3212 4475 3363 4529 οὐδὲν
3410 4475 3580 4540 αὑτὸς
3611 4481 3826 4550 κερδαί-

2249 4574 2375 4626 νων,
2423 4558 2558 4613 ἀλλά
2596 4560 2691 4612 καὶ
2740 4561 2809 4614 τά
2867 4561 3100 4632 μέγιστα
3149 4561 3516 4634 βλαπτόμενος
3565 4567 3686 4620 ἀπὺ
3732 4571 3826 4636 τῆς

2249 4647 2513 4718 σπουδῆςο
2545 4648 2658 4702 ἀλλ’
2687 4649 2835 4719 ὅμως
2884 4649 3154 4721 τοσαύτην
3187 4650 3297 4721 ἔχει
3339 4653 3562 4722 μανίαν,
3618 4656 3697 4720 ὡς
3731 4659 3824 4709 καὶ

2248 4736 2506 4799 πολλάκις
2549 4734 2832 4800 ἀδυνάτοις
2878 4738 3174 4809 ἐπιχειρεῖν
3208 4739 3513 4810 πράγμασι,
3555 4743 3660 4797 καὶ
3699 4747 3824 4796 ἐπι-

2250 4824 2435 4879 θέσθαι
2491 4825 2565 4895 μὴ
2608 4826 2765 4896 μόνον
2817 4825 3080 4890 ἐκείνοις,
3124 4826 3215 4890 οὓς
3266 4827 3539 4901 προσδοκᾷ
3606 4833 3824 4896 πάντως

2247 4913 2620 4980 ὑποσκελίζειν
2673 4916 2765 4968 καί⁸
2819 4917 3189 4988 περιτρέπειν,
3230 4918 3363 4972 ἀ“λά
3399 4919 3495 4972 καὶ
3537 4919 3640 4985 οὓς
3679 4924 3822 4986 εξκὶῖς

2249 5001 2594 5073 περιέσεσθαι
2659 5003 2766 5056 τῶν
2835 5007 3238 5076 μηχανημάτων
3289 5005 3476 5061 αὑτοῦ.
3526 5007 3638 5060 Τὸν
3695 5010 3819 5078 γοῦν

2261 5097 2378 5152 Ἰὼϐ
2409 5097 2620 5151 ἀκούων
2650 5095 3036 5166 ἐπαινούμενον
3065 5096 3081 5133 ί
3118 5094 3271 5166 παρὰ,
3294 5094 3388 5150 τοῦ
3419 5097 3490 5162 τὰ
3528 5098 3813 5171 ἀπόρρητα

2248 5188 2424 5241 πάντα
2481 5186 2681 5249 εἰδότος
2728 5183 2886 5248 Θεοῦ,
2931 5183 3294 5254 προσεδόκησε
3352 5182 3686 5254 δυνήσεσθαι
3730 5189 3814 5240 καὶ

2250 5276 2632 5348 περιτρέπειν·
2697 5274 2793 5327 καὶ
2852 5273 2952 5327 οὑκ
3009 5273 3218 5344 ἀπέστη
3280 5272 3457 5326 πάντα
3507 5275 3680 5329 κινῶν
3728 5276 3814 5327 καὶ

2253 5363 2642 5436 μηχανώμενος
2667 5363 2694 5414 6
2723 5361 2892 5425 δόλιος
2920 5363 2966 5426 ⁸,
3013 5361 3152 5413 ὣστε
3199 5360 3550 5415 ὑποσκελίσαι
3587 5362 3680 5416 τὸν
3725 5365 3812 5418 ἀν-

2311 5615 2339 5655 d
2362 5616 2499 5663 Unus
2537 5628 2629 5663 ms.
2656 5612 3119 5678 ἐχρήσαντο,8ιιν.ἱη
3146 5625 3295 5675 marg.
3323 5617 3371 5661 el
3393 5610 3522 5661 alius
3542 5613 3811 5675 [pip-nm

2309 5680 2328 5700 '
2352 5679 2475 5727 Tres
2495 5691 2612 5726 mss.
2637 5676 2731 5724 τῶν
2752 5676 3091 5737 ναυαγούντων.

2318 5739 2338 5777 ἲ
2364 5742 2468 5806 Alii
2484 5747 2590 5806 post
2612 5737 3143 5806 ἐπαινούμενον-σωροὶ
3161 5737 3240 5783 καὶ
3265 5738 3639 5806 θαυμαζόμενον.

2316 5805 2340 5844 ε
2367 5802 2426 5851 ‘0
2451 5797 2606 5857 δόλιος
2618 5801 2757 5850 dcesl
2785 5797 2832 5848 in
2854 5797 3138 5862 quibusdam
3168 5812 3280 5847 mss.
