  <div class='ocr_page' id='page_1' title='image "/cluster/home/n/w/nwhite01/storage/ocr_20150623/48/hvd.32044014784250/448.png"; bbox 0 0 3790 6242; ppageno 0'>
   <div class='ocr_carea' id='block_1_1' title="bbox 1160 354 1917 418">
    <p class='ocr_par' dir='ltr' id='par_1_1' title="bbox 1160 354 1917 418">
     <span class='ocr_line' id='line_1_1' title="bbox 1160 354 1917 418; baseline 0.015 -11"><span class='ocrx_word' id='word_1_1' title='bbox 1160 354 1246 409; x_wconf 80' lang='lat' dir='ltr'><strong>DE</strong></span> <span class='ocrx_word' id='word_1_2' title='bbox 1288 354 1561 413; x_wconf 67' lang='lat' dir='ltr'><strong>LAZARO</strong></span> <span class='ocrx_word' id='word_1_3' title='bbox 1593 355 1845 418; x_wconf 83' lang='lat' dir='ltr'><strong>CONClO</strong></span> <span class='ocrx_word' id='word_1_4' title='bbox 1875 364 1917 418; x_wconf 88' lang='lat' dir='ltr'><strong>l.</strong></span> 
     </span>
    </p>
   </div>
   <div class='ocr_carea' id='block_1_2' title="bbox 15 451 1506 531">
    <p class='ocr_par' dir='ltr' id='par_1_2' title="bbox 15 451 1506 531">
     <span class='ocr_line' id='line_1_2' title="bbox 15 451 1506 531; baseline 0.014 -28"><span class='ocrx_word' id='word_1_5' title='bbox 15 451 44 501; x_wconf 70' lang='lat' dir='ltr'><strong>ii</strong></span> <span class='ocrx_word' id='word_1_6' title='bbox 117 452 349 515; x_wconf 86' lang='lat' dir='ltr'><strong>fuerint,</strong></span> <span class='ocrx_word' id='word_1_7' title='bbox 382 454 426 509; x_wconf 89' lang='lat' dir='ltr'><strong>si</strong></span> <span class='ocrx_word' id='word_1_8' title='bbox 474 464 707 527; x_wconf 74' lang='lat' dir='ltr'><strong>quinque</strong></span> <span class='ocrx_word' id='word_1_9' title='bbox 749 470 984 527; x_wconf 89' lang='lat' dir='ltr'><strong>tantum,</strong></span> <span class='ocrx_word' id='word_1_10' title='bbox 1024 463 1067 517; x_wconf 90' lang='lat' dir='ltr'><strong>si</strong></span> <span class='ocrx_word' id='word_1_11' title='bbox 1117 481 1253 521; x_wconf 90' lang='lat' dir='ltr'><strong>unus</strong></span> <span class='ocrx_word' id='word_1_12' title='bbox 1282 458 1297 531; x_wconf 67' lang='grc' dir='ltr'>ξ</span> <span class='ocrx_word' id='word_1_13' title='bbox 1328 484 1506 524; x_wconf 84' lang='lat' dir='ltr'><strong>nonne</strong></span> 
     </span>
    </p>
   </div>
   <div class='ocr_carea' id='block_1_3' title="bbox 15 543 1503 625">
    <p class='ocr_par' dir='ltr' id='par_1_3' title="bbox 15 543 1503 625">
     <span class='ocr_line' id='line_1_3' title="bbox 15 543 1503 625; baseline 0.013 -30"><span class='ocrx_word' id='word_1_14' title='bbox 15 543 63 595; x_wconf 85' lang='lat' dir='ltr'><strong>is</strong></span> <span class='ocrx_word' id='word_1_15' title='bbox 104 543 216 598; x_wconf 90' lang='lat' dir='ltr'><strong>hoc</strong></span> <span class='ocrx_word' id='word_1_16' title='bbox 245 545 442 599; x_wconf 85' lang='lat' dir='ltr'><strong>suflicit</strong></span> <span class='ocrx_word' id='word_1_17' title='bbox 468 547 532 599; x_wconf 86' lang='lat' dir='ltr'><strong>ad</strong></span> <span class='ocrx_word' id='word_1_18' title='bbox 561 551 1022 607; x_wconf 75' lang='lat' dir='ltr'><strong>consolationem?</strong></span> <span class='ocrx_word' id='word_1_19' title='bbox 1044 555 1157 625; x_wconf 87' lang='lat' dir='ltr'><strong>Ego</strong></span> <span class='ocrx_word' id='word_1_20' title='bbox 1186 573 1310 611; x_wconf 89' lang='lat' dir='ltr'><strong>vero</strong></span> <span class='ocrx_word' id='word_1_21' title='bbox 1331 559 1503 613; x_wconf 88' lang='lat' dir='ltr'><strong>dicam</strong></span> 
     </span>
    </p>
   </div>
   <div class='ocr_carea' id='block_1_4' title="bbox 15 634 1499 704">
    <p class='ocr_par' dir='ltr' id='par_1_4' title="bbox 15 634 1499 704">
     <span class='ocr_line' id='line_1_4' title="bbox 15 634 1499 704; baseline 0.013 -20"><span class='ocrx_word' id='word_1_22' title='bbox 15 634 176 688; x_wconf 88' lang='lat' dir='ltr'><strong>Idam</strong></span> <span class='ocrx_word' id='word_1_23' title='bbox 206 637 307 690; x_wconf 88' lang='lat' dir='ltr'><strong>hoc</strong></span> <span class='ocrx_word' id='word_1_24' title='bbox 332 639 489 691; x_wconf 87' lang='lat' dir='ltr'><strong>etiam</strong></span> <span class='ocrx_word' id='word_1_25' title='bbox 519 639 907 696; x_wconf 74' lang='lat' dir='ltr'><strong>vehementius.</strong></span> <span class='ocrx_word' id='word_1_26' title='bbox 938 644 1082 700; x_wconf 86' lang='lat' dir='ltr'><strong>Pone</strong></span> <span class='ocrx_word' id='word_1_27' title='bbox 1110 649 1374 702; x_wconf 89' lang='lat' dir='ltr'><strong>neminem</strong></span> <span class='ocrx_word' id='word_1_28' title='bbox 1402 666 1499 704; x_wconf 80' lang='lat' dir='ltr'><strong>no-</strong></span> 
     </span>
    </p>
   </div>
   <div class='ocr_carea' id='block_1_5' title="bbox 15 723 1501 803">
    <p class='ocr_par' dir='ltr' id='par_1_5' title="bbox 15 723 1501 803">
     <span class='ocr_line' id='line_1_5' title="bbox 15 723 1501 803; baseline 0.014 -30"><span class='ocrx_word' id='word_1_29' title='bbox 15 723 217 777; x_wconf 69' lang='lat' dir='ltr'><strong>idiCll&#39;S</strong></span> <span class='ocrx_word' id='word_1_30' title='bbox 238 724 398 779; x_wconf 80' lang='lat' dir='ltr'><strong>fuisse</strong></span> <span class='ocrx_word' id='word_1_31' title='bbox 428 741 765 796; x_wconf 78' lang='lat' dir='ltr'><strong>persuasum;</strong></span> <span class='ocrx_word' id='word_1_32' title='bbox 784 747 1098 803; x_wconf 89' lang='lat' dir='ltr'><strong>quamquam</strong></span> <span class='ocrx_word' id='word_1_33' title='bbox 1128 736 1178 790; x_wconf 90' lang='lat' dir='ltr'><strong>id</strong></span> <span class='ocrx_word' id='word_1_34' title='bbox 1204 737 1315 793; x_wconf 85' lang='lat' dir='ltr'><strong>ﬁeri</strong></span> <span class='ocrx_word' id='word_1_35' title='bbox 1344 756 1501 794; x_wconf 88' lang='lat' dir='ltr'><strong>mun-</strong></span> 
     </span>
    </p>
   </div>
   <div class='ocr_carea' id='block_1_6' title="bbox 16 817 1505 887">
    <p class='ocr_par' dir='ltr' id='par_1_6' title="bbox 16 817 1505 887">
     <span class='ocr_line' id='line_1_6' title="bbox 16 817 1505 887; baseline 0.012 -22"><span class='ocrx_word' id='word_1_36' title='bbox 16 828 65 865; x_wconf 72' lang='grc' dir='ltr'><strong>[η</strong></span> <span class='ocrx_word' id='word_1_37' title='bbox 93 823 300 883; x_wconf 84' lang='lat' dir='ltr'><strong>potest,</strong></span> <span class='ocrx_word' id='word_1_38' title='bbox 319 817 560 870; x_wconf 85' lang='lat' dir='ltr'><strong>nimirum</strong></span> <span class='ocrx_word' id='word_1_39' title='bbox 578 828 634 872; x_wconf 93' lang='lat' dir='ltr'><strong>ut</strong></span> <span class='ocrx_word' id='word_1_40' title='bbox 649 822 889 876; x_wconf 90' lang='lat' dir='ltr'><strong>sermoin</strong></span> <span class='ocrx_word' id='word_1_41' title='bbox 906 831 1009 877; x_wconf 88' lang='lat' dir='ltr'><strong>tam</strong></span> <span class='ocrx_word' id='word_1_42' title='bbox 1029 825 1220 882; x_wconf 91' lang='lat' dir='ltr'><strong>multas</strong></span> <span class='ocrx_word' id='word_1_43' title='bbox 1235 842 1391 883; x_wconf 90' lang='lat' dir='ltr'><strong>aures</strong></span> <span class='ocrx_word' id='word_1_44' title='bbox 1402 829 1505 887; x_wconf 87' lang='lat' dir='ltr'><strong>dis-</strong></span> 
     </span>
    </p>
   </div>
   <div class='ocr_carea' id='block_1_7' title="bbox 16 902 1501 987">
    <p class='ocr_par' dir='ltr' id='par_1_7' title="bbox 16 902 1501 987">
     <span class='ocr_line' id='line_1_7' title="bbox 16 902 1501 987; baseline 0.013 -31"><span class='ocrx_word' id='word_1_45' title='bbox 16 902 211 959; x_wconf 86' lang='lat' dir='ltr'><strong>inatns</strong></span> <span class='ocrx_word' id='word_1_46' title='bbox 236 916 385 961; x_wconf 86' lang='lat' dir='ltr'><strong>vacet</strong></span> <span class='ocrx_word' id='word_1_47' title='bbox 405 910 547 962; x_wconf 90' lang='lat' dir='ltr'><strong>omni</strong></span> <span class='ocrx_word' id='word_1_48' title='bbox 572 910 739 966; x_wconf 90' lang='lat' dir='ltr'><strong>fructu</strong></span> <span class='ocrx_word' id='word_1_49' title='bbox 765 929 778 965; x_wconf 88' lang='lat'><strong>:</strong></span> <span class='ocrx_word' id='word_1_50' title='bbox 809 925 1169 970; x_wconf 84' lang='lat' dir='ltr'><strong>verumtamen</strong></span> <span class='ocrx_word' id='word_1_51' title='bbox 1203 934 1341 987; x_wconf 86' lang='lat' dir='ltr'><strong>pone</strong></span> <span class='ocrx_word' id='word_1_52' title='bbox 1367 921 1501 975; x_wconf 88' lang='lat' dir='ltr'><strong>istuc</strong></span> 
     </span>
    </p>
   </div>
   <div class='ocr_carea' id='block_1_8' title="bbox 44 998 1501 1073">
    <p class='ocr_par' dir='ltr' id='par_1_8' title="bbox 44 998 1501 1073">
     <span class='ocr_line' id='line_1_8' title="bbox 44 998 1501 1073; baseline 0.012 -26"><span class='ocrx_word' id='word_1_53' title='bbox 44 1033 62 1056; x_wconf 92' lang='lat'><strong>,</strong></span> <span class='ocrx_word' id='word_1_54' title='bbox 96 1011 175 1050; x_wconf 90' lang='lat' dir='ltr'><strong>ne</strong></span> <span class='ocrx_word' id='word_1_55' title='bbox 196 998 278 1050; x_wconf 85' lang='lat' dir='ltr'><strong>sic</strong></span> <span class='ocrx_word' id='word_1_56' title='bbox 318 998 531 1065; x_wconf 82' lang='lat' dir='ltr'><strong>quidem</strong></span> <span class='ocrx_word' id='word_1_57' title='bbox 560 1001 713 1073; x_wconf 88' lang='lat' dir='ltr'><strong>nobis</strong></span> <span class='ocrx_word' id='word_1_58' title='bbox 757 1002 887 1057; x_wconf 80' lang='lat' dir='ltr'><strong>nihil</strong></span> <span class='ocrx_word' id='word_1_59' title='bbox 923 1004 1126 1059; x_wconf 89' lang='lat' dir='ltr'><strong>adferet</strong></span> <span class='ocrx_word' id='word_1_60' title='bbox 1151 1007 1283 1062; x_wconf 89' lang='lat' dir='ltr'><strong>lucri</strong></span> <span class='ocrx_word' id='word_1_61' title='bbox 1323 1024 1501 1065; x_wconf 86' lang='lat' dir='ltr'><strong>sermo</strong></span> 
     </span>
    </p>
   </div>
   <div class='ocr_carea' id='block_1_9' title="bbox 15 1099 118 1139">
    <p class='ocr_par' dir='ltr' id='par_1_9' title="bbox 15 1099 118 1139">
     <span class='ocr_line' id='line_1_9' title="bbox 15 1099 118 1139; baseline 0.019 -2"><span class='ocrx_word' id='word_1_62' title='bbox 15 1099 118 1139; x_wconf 64' lang='lat' dir='ltr'><strong>Ltil‘.</strong></span> 
     </span>
    </p>
   </div>
   <div class='ocr_carea' id='block_1_10' title="bbox 24 1176 1501 1258">
    <p class='ocr_par' dir='ltr' id='par_1_10' title="bbox 24 1176 1501 1258">
     <span class='ocr_line' id='line_1_10' title="bbox 24 1176 1501 1258; baseline 0.012 -32"><span class='ocrx_word' id='word_1_63' title='bbox 24 1176 196 1230; x_wconf 83' lang='lat' dir='ltr'><strong>radus</strong></span> <span class='ocrx_word' id='word_1_64' title='bbox 220 1177 291 1230; x_wconf 85' lang='lat' dir='ltr'><strong>ad</strong></span> <span class='ocrx_word' id='word_1_65' title='bbox 318 1179 548 1233; x_wconf 83' lang='lat' dir='ltr'><strong>virtutem</strong></span> <span class='ocrx_word' id='word_1_66' title='bbox 573 1190 644 1235; x_wconf 82' lang='lat' dir='ltr'><strong>est</strong></span> <span class='ocrx_word' id='word_1_67' title='bbox 662 1182 826 1236; x_wconf 85' lang='lat' dir='ltr'><strong>minus</strong></span> <span class='ocrx_word' id='word_1_68' title='bbox 850 1185 1165 1256; x_wconf 81' lang='lat' dir='ltr'><strong>impudenter</strong></span> <span class='ocrx_word' id='word_1_69' title='bbox 1187 1204 1412 1258; x_wconf 84' lang='lat' dir='ltr'><strong>peccare.</strong></span> <span class='ocrx_word' id='word_1_70' title='bbox 1428 1217 1501 1233; x_wconf 76' lang='grc' dir='ltr'><strong>-ο</strong></span> 
     </span>
    </p>
   </div>
   <div class='ocr_carea' id='block_1_11' title="bbox 16 1266 1494 1345">
    <p class='ocr_par' dir='ltr' id='par_1_11' title="bbox 16 1266 1494 1345">
     <span class='ocr_line' id='line_1_11' title="bbox 16 1266 1494 1345; baseline 0.011 -26"><span class='ocrx_word' id='word_1_71' title='bbox 16 1284 33 1319; x_wconf 86' lang='grc' dir='ltr'>ι</span> <span class='ocrx_word' id='word_1_72' title='bbox 66 1266 294 1321; x_wconf 88' lang='lat' dir='ltr'><strong>etiamsi</strong></span> <span class='ocrx_word' id='word_1_73' title='bbox 326 1271 565 1324; x_wconf 88' lang='lat' dir='ltr'><strong>nonnulli</strong></span> <span class='ocrx_word' id='word_1_74' title='bbox 616 1272 837 1343; x_wconf 80' lang='lat' dir='ltr'><strong>ingressi</strong></span> <span class='ocrx_word' id='word_1_75' title='bbox 868 1286 991 1330; x_wconf 92' lang='lat' dir='ltr'><strong>sunt</strong></span> <span class='ocrx_word' id='word_1_76' title='bbox 1029 1292 1358 1345; x_wconf 78' lang='lat' dir='ltr'><strong>cauponam,</strong></span> <span class='ocrx_word' id='word_1_77' title='bbox 1390 1296 1494 1335; x_wconf 89' lang='lat' dir='ltr'><strong>non</strong></span> 
     </span>
    </p>
   </div>
   <div class='ocr_carea' id='block_1_12' title="bbox 15 1361 1492 1441">
    <p class='ocr_par' dir='ltr' id='par_1_12' title="bbox 15 1361 1492 1441">
     <span class='ocr_line' id='line_1_12' title="bbox 15 1361 1492 1441; baseline 0.009 -29"><span class='ocrx_word' id='word_1_78' title='bbox 15 1374 81 1412; x_wconf 88' lang='lat' dir='ltr'><strong>eu</strong></span> <span class='ocrx_word' id='word_1_79' title='bbox 117 1374 248 1413; x_wconf 90' lang='lat' dir='ltr'><strong>cum</strong></span> <span class='ocrx_word' id='word_1_80' title='bbox 276 1361 389 1430; x_wconf 88' lang='lat' dir='ltr'><strong>pari</strong></span> <span class='ocrx_word' id='word_1_81' title='bbox 417 1378 517 1431; x_wconf 90' lang='lat' dir='ltr'><strong>qua</strong></span> <span class='ocrx_word' id='word_1_82' title='bbox 542 1365 717 1419; x_wconf 89' lang='lat' dir='ltr'><strong>solent</strong></span> <span class='ocrx_word' id='word_1_83' title='bbox 743 1367 1070 1436; x_wconf 88' lang='lat' dir='ltr'><strong>impudentia</strong></span> <span class='ocrx_word' id='word_1_84' title='bbox 1096 1381 1220 1424; x_wconf 90' lang='lat' dir='ltr'><strong>sunt</strong></span> <span class='ocrx_word' id='word_1_85' title='bbox 1251 1373 1492 1441; x_wconf 86' lang='lat' dir='ltr'><strong>ingressi,</strong></span> 
     </span>
    </p>
   </div>
   <div class='ocr_carea' id='block_1_13' title="bbox 16 1447 1497 1518">
    <p class='ocr_par' dir='ltr' id='par_1_13' title="bbox 16 1447 1497 1518">
     <span class='ocr_line' id='line_1_13' title="bbox 16 1447 1497 1518; baseline 0.014 -19"><span class='ocrx_word' id='word_1_86' title='bbox 16 1447 89 1500; x_wconf 89' lang='lat' dir='ltr'><strong>ad</strong></span> <span class='ocrx_word' id='word_1_87' title='bbox 142 1449 319 1518; x_wconf 89' lang='lat' dir='ltr'><strong>ipsam</strong></span> <span class='ocrx_word' id='word_1_88' title='bbox 361 1453 522 1508; x_wconf 87' lang='lat' dir='ltr'><strong>etiam</strong></span> <span class='ocrx_word' id='word_1_89' title='bbox 553 1470 789 1511; x_wconf 85' lang='lat' dir='ltr'><strong>mensam</strong></span> <span class='ocrx_word' id='word_1_90' title='bbox 819 1458 1008 1514; x_wconf 86' lang='lat' dir='ltr'><strong>crebro</strong></span> <span class='ocrx_word' id='word_1_91' title='bbox 1048 1473 1349 1517; x_wconf 87' lang='lat' dir='ltr'><strong>nostrorum</strong></span> <span class='ocrx_word' id='word_1_92' title='bbox 1379 1480 1497 1518; x_wconf 87' lang='lat' dir='ltr'><strong>ver-</strong></span> 
     </span>
    </p>
   </div>
   <div class='ocr_carea' id='block_1_14' title="bbox 16 1543 1489 1623">
    <p class='ocr_par' dir='ltr' id='par_1_14' title="bbox 16 1543 1489 1623">
     <span class='ocr_line' id='line_1_14' title="bbox 16 1543 1489 1623; baseline 0.01 -29"><span class='ocrx_word' id='word_1_93' title='bbox 16 1557 95 1594; x_wconf 80' lang='lat' dir='ltr'><strong>tm</strong></span> <span class='ocrx_word' id='word_1_94' title='bbox 122 1543 395 1598; x_wconf 82' lang='lat' dir='ltr'><strong>recordati</strong></span> <span class='ocrx_word' id='word_1_95' title='bbox 423 1555 566 1613; x_wconf 91' lang='lat' dir='ltr'><strong>sunt,</strong></span> <span class='ocrx_word' id='word_1_96' title='bbox 599 1549 759 1602; x_wconf 86' lang='lat' dir='ltr'><strong>subiit</strong></span> <span class='ocrx_word' id='word_1_97' title='bbox 784 1550 885 1604; x_wconf 87' lang='lat' dir='ltr'><strong>illis</strong></span> <span class='ocrx_word' id='word_1_98' title='bbox 916 1561 1094 1606; x_wconf 89' lang='lat' dir='ltr'><strong>nostra</strong></span> <span class='ocrx_word' id='word_1_99' title='bbox 1123 1552 1489 1623; x_wconf 84' lang='lat' dir='ltr'><strong>reprehensio,</strong></span> 
     </span>
    </p>
   </div>
   <div class='ocr_carea' id='block_1_15' title="bbox 17 1632 1494 1711">
    <p class='ocr_par' dir='ltr' id='par_1_15' title="bbox 17 1632 1494 1711">
     <span class='ocr_line' id='line_1_15' title="bbox 17 1632 1494 1711; baseline 0.012 -27"><span class='ocrx_word' id='word_1_100' title='bbox 17 1634 55 1686; x_wconf 87' lang='lat' dir='ltr'><strong>it</strong></span> <span class='ocrx_word' id='word_1_101' title='bbox 84 1632 143 1687; x_wconf 89' lang='lat' dir='ltr'><strong>in</strong></span> <span class='ocrx_word' id='word_1_102' title='bbox 180 1635 491 1689; x_wconf 85' lang='lat' dir='ltr'><strong>memoriam</strong></span> <span class='ocrx_word' id='word_1_103' title='bbox 516 1646 694 1692; x_wconf 91' lang='lat' dir='ltr'><strong>nostra</strong></span> <span class='ocrx_word' id='word_1_104' title='bbox 716 1639 1012 1711; x_wconf 78' lang='lat' dir='ltr'><strong>objurgatio</strong></span> <span class='ocrx_word' id='word_1_105' title='bbox 1028 1682 1042 1706; x_wconf 90' lang='lat'><strong>,</strong></span> <span class='ocrx_word' id='word_1_106' title='bbox 1067 1658 1129 1697; x_wconf 89' lang='lat' dir='ltr'><strong>ac</strong></span> <span class='ocrx_word' id='word_1_107' title='bbox 1153 1646 1494 1702; x_wconf 85' lang='lat' dir='ltr'><strong>recordantes</strong></span> 
     </span>
    </p>
   </div>
   <div class='ocr_carea' id='block_1_16' title="bbox 16 1724 1489 1807">
    <p class='ocr_par' dir='ltr' id='par_1_16' title="bbox 16 1724 1489 1807">
     <span class='ocr_line' id='line_1_16' title="bbox 16 1724 1489 1807; baseline 0.013 -31"><span class='ocrx_word' id='word_1_108' title='bbox 16 1740 102 1779; x_wconf 77' lang='lat' dir='ltr'><strong>)re</strong></span> <span class='ocrx_word' id='word_1_109' title='bbox 131 1724 325 1779; x_wconf 78' lang='lat' dir='ltr'><strong>suffusi</strong></span> <span class='ocrx_word' id='word_1_110' title='bbox 352 1738 510 1795; x_wconf 87' lang='lat' dir='ltr'><strong>sunt,</strong></span> <span class='ocrx_word' id='word_1_111' title='bbox 555 1730 883 1787; x_wconf 90' lang='lat' dir='ltr'><strong>erubuerunt</strong></span> <span class='ocrx_word' id='word_1_112' title='bbox 928 1736 1085 1789; x_wconf 89' lang='lat' dir='ltr'><strong>tacita</strong></span> <span class='ocrx_word' id='word_1_113' title='bbox 1131 1739 1489 1807; x_wconf 82' lang='lat' dir='ltr'><strong>cogitatione,</strong></span> 
     </span>
    </p>
   </div>
   <div class='ocr_carea' id='block_1_17' title="bbox 21 1816 1492 1897">
    <p class='ocr_par' dir='ltr' id='par_1_17' title="bbox 21 1816 1492 1897">
     <span class='ocr_line' id='line_1_17' title="bbox 21 1816 1492 1897; baseline 0.013 -28"><span class='ocrx_word' id='word_1_114' title='bbox 21 1816 200 1871; x_wconf 88' lang='lat' dir='ltr'><strong>simili</strong></span> <span class='ocrx_word' id='word_1_115' title='bbox 227 1819 549 1888; x_wconf 89' lang='lat' dir='ltr'><strong>impudentia</strong></span> <span class='ocrx_word' id='word_1_116' title='bbox 575 1820 814 1878; x_wconf 85' lang='lat' dir='ltr'><strong>fecerunt</strong></span> <span class='ocrx_word' id='word_1_117' title='bbox 841 1840 902 1878; x_wconf 89' lang='lat' dir='ltr'><strong>ea</strong></span> <span class='ocrx_word' id='word_1_118' title='bbox 933 1843 1050 1897; x_wconf 82' lang='lat' dir='ltr'><strong>quae</strong></span> <span class='ocrx_word' id='word_1_119' title='bbox 1089 1829 1351 1885; x_wconf 87' lang='lat' dir='ltr'><strong>solebant.</strong></span> <span class='ocrx_word' id='word_1_120' title='bbox 1377 1832 1492 1888; x_wconf 86' lang='lat' dir='ltr'><strong>Hoc</strong></span> 
     </span>
    </p>
   </div>
   <div class='ocr_carea' id='block_1_18' title="bbox 16 1911 1488 1990">
    <p class='ocr_par' dir='ltr' id='par_1_18' title="bbox 16 1911 1488 1990">
     <span class='ocr_line' id='line_1_18' title="bbox 16 1911 1488 1990; baseline 0.012 -28"><span class='ocrx_word' id='word_1_121' title='bbox 16 1926 86 1963; x_wconf 67' lang='lat' dir='ltr'><strong>rm</strong></span> <span class='ocrx_word' id='word_1_122' title='bbox 130 1911 346 1965; x_wconf 90' lang='lat' dir='ltr'><strong>initium</strong></span> <span class='ocrx_word' id='word_1_123' title='bbox 394 1922 477 1968; x_wconf 88' lang='lat' dir='ltr'><strong>est</strong></span> <span class='ocrx_word' id='word_1_124' title='bbox 502 1915 687 1969; x_wconf 80' lang='lat' dir='ltr'><strong>salutis</strong></span> <span class='ocrx_word' id='word_1_125' title='bbox 715 1916 1034 1990; x_wconf 68' lang='lat' dir='ltr'><strong>optimaeque</strong></span> <span class='ocrx_word' id='word_1_126' title='bbox 1056 1922 1396 1990; x_wconf 86' lang='lat' dir='ltr'><strong>mutationis,</strong></span> <span class='ocrx_word' id='word_1_127' title='bbox 1443 1926 1488 1979; x_wconf 90' lang='lat' dir='ltr'><strong>si</strong></span> 
     </span>
    </p>
   </div>
   <div class='ocr_carea' id='block_1_19' title="bbox 15 2002 1490 2081">
    <p class='ocr_par' dir='ltr' id='par_1_19' title="bbox 15 2002 1490 2081">
     <span class='ocr_line' id='line_1_19' title="bbox 15 2002 1490 2081; baseline 0.013 -28"><span class='ocrx_word' id='word_1_128' title='bbox 15 2015 62 2053; x_wconf 82' lang='lat' dir='ltr'><strong>tn</strong></span> <span class='ocrx_word' id='word_1_129' title='bbox 95 2002 316 2070; x_wconf 88' lang='lat' dir='ltr'><strong>penitus</strong></span> <span class='ocrx_word' id='word_1_130' title='bbox 345 2004 428 2058; x_wconf 90' lang='lat' dir='ltr'><strong>sui</strong></span> <span class='ocrx_word' id='word_1_131' title='bbox 467 2005 697 2075; x_wconf 90' lang='lat' dir='ltr'><strong>pudeat,</strong></span> <span class='ocrx_word' id='word_1_132' title='bbox 744 2009 788 2062; x_wconf 93' lang='lat' dir='ltr'><strong>si</strong></span> <span class='ocrx_word' id='word_1_133' title='bbox 817 2010 935 2079; x_wconf 89' lang='lat' dir='ltr'><strong>quis</strong></span> <span class='ocrx_word' id='word_1_134' title='bbox 960 2026 1181 2081; x_wconf 89' lang='lat' dir='ltr'><strong>prorsus</strong></span> <span class='ocrx_word' id='word_1_135' title='bbox 1220 2013 1357 2069; x_wconf 87' lang='lat' dir='ltr'><strong>facta</strong></span> <span class='ocrx_word' id='word_1_136' title='bbox 1395 2032 1490 2073; x_wconf 89' lang='lat' dir='ltr'><strong>sua</strong></span> 
     </span>
    </p>
   </div>
   <div class='ocr_carea' id='block_1_20' title="bbox 15 2092 1489 2169">
    <p class='ocr_par' dir='ltr' id='par_1_20' title="bbox 15 2092 1489 2169">
     <span class='ocr_line' id='line_1_20' title="bbox 15 2092 1489 2169; baseline 0.014 -26"><span class='ocrx_word' id='word_1_137' title='bbox 15 2102 148 2147; x_wconf 58' lang='lat' dir='ltr'><strong>inet.</strong></span> <span class='ocrx_word' id='word_1_138' title='bbox 199 2092 336 2161; x_wconf 87' lang='lat' dir='ltr'><strong>Quin</strong></span> <span class='ocrx_word' id='word_1_139' title='bbox 366 2109 432 2150; x_wconf 81' lang='lat' dir='ltr'><strong>ex</strong></span> <span class='ocrx_word' id='word_1_140' title='bbox 465 2096 566 2152; x_wconf 85' lang='lat' dir='ltr'><strong>hoc</strong></span> <span class='ocrx_word' id='word_1_141' title='bbox 594 2097 810 2169; x_wconf 84' lang='lat' dir='ltr'><strong>insuper</strong></span> <span class='ocrx_word' id='word_1_142' title='bbox 833 2109 887 2157; x_wconf 90' lang='lat' dir='ltr'><strong>et</strong></span> <span class='ocrx_word' id='word_1_143' title='bbox 928 2104 1073 2158; x_wconf 84' lang='lat' dir='ltr'><strong>aliud</strong></span> <span class='ocrx_word' id='word_1_144' title='bbox 1103 2104 1257 2161; x_wconf 90' lang='lat' dir='ltr'><strong>nobis</strong></span> <span class='ocrx_word' id='word_1_145' title='bbox 1281 2106 1489 2164; x_wconf 90' lang='lat' dir='ltr'><strong>lucrum</strong></span> 
     </span>
    </p>
   </div>
   <div class='ocr_carea' id='block_1_21' title="bbox 46 2186 1489 2256">
    <p class='ocr_par' dir='ltr' id='par_1_21' title="bbox 46 2186 1489 2256">
     <span class='ocr_line' id='line_1_21' title="bbox 46 2186 1489 2256; baseline 0.012 -20"><span class='ocrx_word' id='word_1_146' title='bbox 46 2186 236 2239; x_wconf 89' lang='lat' dir='ltr'><strong>minus</strong></span> <span class='ocrx_word' id='word_1_147' title='bbox 262 2188 517 2242; x_wconf 90' lang='lat' dir='ltr'><strong>nascitur.</strong></span> <span class='ocrx_word' id='word_1_148' title='bbox 549 2188 828 2256; x_wconf 85' lang='lat' dir='ltr'><strong>Quodnam</strong></span> <span class='ocrx_word' id='word_1_149' title='bbox 870 2192 1013 2248; x_wconf 84' lang='lat' dir='ltr'><strong>hoc?</strong></span> <span class='ocrx_word' id='word_1_150' title='bbox 1054 2193 1316 2251; x_wconf 80' lang='lat' dir='ltr'><strong>Nimirum</strong></span> <span class='ocrx_word' id='word_1_151' title='bbox 1359 2198 1489 2253; x_wconf 91' lang='lat' dir='ltr'><strong>illud</strong></span> 
     </span>
    </p>
   </div>
   <div class='ocr_carea' id='block_1_22' title="bbox 17 2274 1490 2353">
    <p class='ocr_par' dir='ltr' id='par_1_22' title="bbox 17 2274 1490 2353">
     <span class='ocr_line' id='line_1_22' title="bbox 17 2274 1490 2353; baseline 0.012 -26"><span class='ocrx_word' id='word_1_152' title='bbox 17 2274 50 2327; x_wconf 91' lang='lat' dir='ltr'><strong>d</strong></span> <span class='ocrx_word' id='word_1_153' title='bbox 103 2288 208 2331; x_wconf 89' lang='lat' dir='ltr'><strong>eos</strong></span> <span class='ocrx_word' id='word_1_154' title='bbox 254 2276 345 2346; x_wconf 88' lang='lat' dir='ltr'><strong>qui</strong></span> <span class='ocrx_word' id='word_1_155' title='bbox 375 2277 719 2335; x_wconf 87' lang='lat' dir='ltr'><strong>sobrietatem</strong></span> <span class='ocrx_word' id='word_1_156' title='bbox 746 2282 1175 2353; x_wconf 89' lang='lat' dir='ltr'><strong>amplectuntur,</strong></span> <span class='ocrx_word' id='word_1_157' title='bbox 1217 2286 1490 2343; x_wconf 88' lang='lat' dir='ltr'><strong>reddimus</strong></span> 
     </span>
    </p>
   </div>
   <div class='ocr_carea' id='block_1_23' title="bbox 16 2366 1490 2445">
    <p class='ocr_par' dir='ltr' id='par_1_23' title="bbox 16 2366 1490 2445">
     <span class='ocr_line' id='line_1_23' title="bbox 16 2366 1490 2445; baseline 0.014 -27"><span class='ocrx_word' id='word_1_158' title='bbox 16 2366 273 2423; x_wconf 90' lang='lat' dir='ltr'><strong>lcstiores</strong></span> <span class='ocrx_word' id='word_1_159' title='bbox 297 2370 569 2442; x_wconf 84' lang='lat' dir='ltr'><strong>magisque</strong></span> <span class='ocrx_word' id='word_1_160' title='bbox 604 2375 928 2444; x_wconf 90' lang='lat' dir='ltr'><strong>compositos</strong></span> <span class='ocrx_word' id='word_1_161' title='bbox 952 2418 968 2445; x_wconf 94' lang='lat'><strong>,</strong></span> <span class='ocrx_word' id='word_1_162' title='bbox 1007 2378 1131 2433; x_wconf 94' lang='lat' dir='ltr'><strong>dum</strong></span> <span class='ocrx_word' id='word_1_163' title='bbox 1159 2395 1226 2436; x_wconf 84' lang='lat' dir='ltr'><strong>ex</strong></span> <span class='ocrx_word' id='word_1_164' title='bbox 1249 2382 1490 2439; x_wconf 91' lang='lat' dir='ltr'><strong>oratione</strong></span> 
     </span>
    </p>
   </div>
   <div class='ocr_carea' id='block_1_24' title="bbox 16 2461 1484 2542">
    <p class='ocr_par' dir='ltr' id='par_1_24' title="bbox 16 2461 1484 2542">
     <span class='ocr_line' id='line_1_24' title="bbox 16 2461 1484 2542; baseline 0.013 -31"><span class='ocrx_word' id='word_1_165' title='bbox 16 2475 85 2513; x_wconf 83' lang='lat' dir='ltr'><strong>.ra</strong></span> <span class='ocrx_word' id='word_1_166' title='bbox 116 2461 458 2530; x_wconf 87' lang='lat' dir='ltr'><strong>declaratur,</strong></span> <span class='ocrx_word' id='word_1_167' title='bbox 499 2464 639 2535; x_wconf 91' lang='lat' dir='ltr'><strong>quod</strong></span> <span class='ocrx_word' id='word_1_168' title='bbox 672 2466 886 2536; x_wconf 88' lang='lat' dir='ltr'><strong>optimis</strong></span> <span class='ocrx_word' id='word_1_169' title='bbox 923 2469 1186 2528; x_wconf 89' lang='lat' dir='ltr'><strong>ducantur</strong></span> <span class='ocrx_word' id='word_1_170' title='bbox 1220 2474 1484 2542; x_wconf 79' lang='lat' dir='ltr'><strong>consiliis,</strong></span> 
     </span>
    </p>
   </div>
   <div class='ocr_carea' id='block_1_25' title="bbox 30 2554 1486 2629">
    <p class='ocr_par' dir='ltr' id='par_1_25' title="bbox 30 2554 1486 2629">
     <span class='ocr_line' id='line_1_25' title="bbox 30 2554 1486 2629; baseline 0.012 -24"><span class='ocrx_word' id='word_1_171' title='bbox 30 2567 137 2607; x_wconf 90' lang='lat' dir='ltr'><strong>non</strong></span> <span class='ocrx_word' id='word_1_172' title='bbox 164 2554 497 2611; x_wconf 87' lang='lat' dir='ltr'><strong>abducantur</strong></span> <span class='ocrx_word' id='word_1_173' title='bbox 521 2560 764 2629; x_wconf 81' lang='lat' dir='ltr'><strong>exemplo</strong></span> <span class='ocrx_word' id='word_1_174' title='bbox 787 2560 1161 2618; x_wconf 87' lang='lat' dir='ltr'><strong>multitudinis.</strong></span> <span class='ocrx_word' id='word_1_175' title='bbox 1191 2564 1308 2622; x_wconf 83' lang='lat' dir='ltr'><strong>Non</strong></span> <span class='ocrx_word' id='word_1_176' title='bbox 1339 2569 1486 2623; x_wconf 81' lang='lat' dir='ltr'><strong>erexi</strong></span> 
     </span>
    </p>
   </div>
   <div class='ocr_carea' id='block_1_26' title="bbox 15 2644 1487 2725">
    <p class='ocr_par' dir='ltr' id='par_1_26' title="bbox 15 2644 1487 2725">
     <span class='ocr_line' id='line_1_26' title="bbox 15 2644 1487 2725; baseline 0.012 -28"><span class='ocrx_word' id='word_1_177' title='bbox 15 2644 120 2698; x_wconf 83' lang='lat' dir='ltr'><strong>lem</strong></span> <span class='ocrx_word' id='word_1_178' title='bbox 148 2654 473 2717; x_wconf 58' lang='lat' dir='ltr'><strong>aegrotantes</strong></span> <span class='ocrx_word' id='word_1_179' title='bbox 496 2689 513 2715; x_wconf 90' lang='lat'><strong>,</strong></span> <span class='ocrx_word' id='word_1_180' title='bbox 536 2658 770 2706; x_wconf 85' lang='lat' dir='ltr'><strong>attamen</strong></span> <span class='ocrx_word' id='word_1_181' title='bbox 794 2667 888 2707; x_wconf 91' lang='lat' dir='ltr'><strong>eos</strong></span> <span class='ocrx_word' id='word_1_182' title='bbox 916 2654 1005 2725; x_wconf 88' lang='lat' dir='ltr'><strong>qui</strong></span> <span class='ocrx_word' id='word_1_183' title='bbox 1032 2656 1211 2712; x_wconf 88' lang='lat' dir='ltr'><strong>valent</strong></span> <span class='ocrx_word' id='word_1_184' title='bbox 1232 2697 1249 2725; x_wconf 92' lang='lat'><strong>,</strong></span> <span class='ocrx_word' id='word_1_185' title='bbox 1278 2658 1487 2715; x_wconf 88' lang='lat' dir='ltr'><strong>reddidi</strong></span> 
     </span>
    </p>
   </div>
   <div class='ocr_carea' id='block_1_27' title="bbox 16 2736 1488 2813">
    <p class='ocr_par' dir='ltr' id='par_1_27' title="bbox 16 2736 1488 2813">
     <span class='ocr_line' id='line_1_27' title="bbox 16 2736 1488 2813; baseline 0.012 -24"><span class='ocrx_word' id='word_1_186' title='bbox 16 2736 174 2791; x_wconf 61' lang='lat' dir='ltr'><strong>tiores</strong></span> <span class='ocrx_word' id='word_1_187' title='bbox 200 2752 215 2803; x_wconf 91' lang='lat'><strong>;</strong></span> <span class='ocrx_word' id='word_1_188' title='bbox 244 2752 351 2793; x_wconf 89' lang='lat' dir='ltr'><strong>non</strong></span> <span class='ocrx_word' id='word_1_189' title='bbox 393 2738 615 2795; x_wconf 74' lang='lat' dir='ltr'><strong>abduxit</strong></span> <span class='ocrx_word' id='word_1_190' title='bbox 652 2742 910 2813; x_wconf 88' lang='lat' dir='ltr'><strong>quosdam</strong></span> <span class='ocrx_word' id='word_1_191' title='bbox 953 2761 983 2798; x_wconf 89' lang='lat' dir='ltr'><strong>a</strong></span> <span class='ocrx_word' id='word_1_192' title='bbox 1012 2746 1141 2801; x_wconf 91' lang='lat' dir='ltr'><strong>vitio</strong></span> <span class='ocrx_word' id='word_1_193' title='bbox 1174 2762 1353 2805; x_wconf 88' lang='lat' dir='ltr'><strong>sermo</strong></span> <span class='ocrx_word' id='word_1_194' title='bbox 1390 2764 1488 2805; x_wconf 90' lang='lat' dir='ltr'><strong>no-</strong></span> 
     </span>
    </p>
   </div>
   <div class='ocr_carea' id='block_1_28' title="bbox 38 2827 1484 2910">
    <p class='ocr_par' dir='ltr' id='par_1_28' title="bbox 38 2827 1484 2910">
     <span class='ocr_line' id='line_1_28' title="bbox 38 2827 1484 2910; baseline 0.011 -30"><span class='ocrx_word' id='word_1_195' title='bbox 38 2867 51 2891; x_wconf 90' lang='lat'><strong>,</strong></span> <span class='ocrx_word' id='word_1_196' title='bbox 94 2827 197 2882; x_wconf 91' lang='lat' dir='ltr'><strong>sed</strong></span> <span class='ocrx_word' id='word_1_197' title='bbox 228 2838 403 2885; x_wconf 88' lang='lat' dir='ltr'><strong>tamen</strong></span> <span class='ocrx_word' id='word_1_198' title='bbox 448 2845 543 2888; x_wconf 89' lang='lat' dir='ltr'><strong>eos</strong></span> <span class='ocrx_word' id='word_1_199' title='bbox 566 2833 658 2903; x_wconf 87' lang='lat' dir='ltr'><strong>qui</strong></span> <span class='ocrx_word' id='word_1_200' title='bbox 704 2847 827 2889; x_wconf 91' lang='lat' dir='ltr'><strong>cum</strong></span> <span class='ocrx_word' id='word_1_201' title='bbox 857 2836 1052 2891; x_wconf 88' lang='lat' dir='ltr'><strong>virtute</strong></span> <span class='ocrx_word' id='word_1_202' title='bbox 1084 2837 1245 2893; x_wconf 89' lang='lat' dir='ltr'><strong>vitam</strong></span> <span class='ocrx_word' id='word_1_203' title='bbox 1285 2847 1447 2910; x_wconf 88' lang='lat' dir='ltr'><strong>agunt</strong></span> <span class='ocrx_word' id='word_1_204' title='bbox 1468 2881 1484 2905; x_wconf 91' lang='lat'><strong>,</strong></span> 
     </span>
    </p>
   </div>
   <div class='ocr_carea' id='block_1_29' title="bbox 16 2918 1484 2998">
    <p class='ocr_par' dir='ltr' id='par_1_29' title="bbox 16 2918 1484 2998">
     <span class='ocr_line' id='line_1_29' title="bbox 16 2918 1484 2998; baseline 0.012 -27"><span class='ocrx_word' id='word_1_205' title='bbox 16 2918 136 2973; x_wconf 84' lang='lat' dir='ltr'><strong>lidit</strong></span> <span class='ocrx_word' id='word_1_206' title='bbox 156 2922 490 2979; x_wconf 84' lang='lat' dir='ltr'><strong>attentiores.</strong></span> <span class='ocrx_word' id='word_1_207' title='bbox 516 2925 595 2979; x_wconf 83' lang='lat' dir='ltr'><strong>Ad</strong></span> <span class='ocrx_word' id='word_1_208' title='bbox 618 2925 735 2983; x_wconf 66' lang='lat' dir='ltr'><strong>hasc</strong></span> <span class='ocrx_word' id='word_1_209' title='bbox 753 2928 1002 2998; x_wconf 87' lang='lat' dir='ltr'><strong>quiddam</strong></span> <span class='ocrx_word' id='word_1_210' title='bbox 1020 2930 1212 2987; x_wconf 87' lang='lat' dir='ltr'><strong>addam</strong></span> <span class='ocrx_word' id='word_1_211' title='bbox 1236 2933 1448 2989; x_wconf 81' lang='lat' dir='ltr'><strong>tertium</strong></span> <span class='ocrx_word' id='word_1_212' title='bbox 1468 2951 1484 2989; x_wconf 89' lang='lat'><strong>:</strong></span> 
     </span>
    </p>
   </div>
   <div class='ocr_carea' id='block_1_30' title="bbox 19 3011 1481 3094">
    <p class='ocr_par' dir='ltr' id='par_1_30' title="bbox 19 3011 1481 3094">
     <span class='ocr_line' id='line_1_30' title="bbox 19 3011 1481 3094; baseline 0.01 -31"><span class='ocrx_word' id='word_1_213' title='bbox 19 3011 66 3064; x_wconf 88' lang='lat' dir='ltr'><strong>ie</strong></span> <span class='ocrx_word' id='word_1_214' title='bbox 95 3026 208 3066; x_wconf 90' lang='lat' dir='ltr'><strong>non</strong></span> <span class='ocrx_word' id='word_1_215' title='bbox 241 3014 515 3083; x_wconf 88' lang='lat' dir='ltr'><strong>persuasi,</strong></span> <span class='ocrx_word' id='word_1_216' title='bbox 539 3018 633 3072; x_wconf 91' lang='lat' dir='ltr'><strong>sed</strong></span> <span class='ocrx_word' id='word_1_217' title='bbox 659 3032 778 3074; x_wconf 88' lang='lat' dir='ltr'><strong>cras</strong></span> <span class='ocrx_word' id='word_1_218' title='bbox 802 3020 1028 3076; x_wconf 79' lang='lat' dir='ltr'><strong>fortasse</strong></span> <span class='ocrx_word' id='word_1_219' title='bbox 1044 3024 1363 3092; x_wconf 89' lang='lat' dir='ltr'><strong>persuadere</strong></span> <span class='ocrx_word' id='word_1_220' title='bbox 1384 3039 1481 3094; x_wconf 89' lang='lat' dir='ltr'><strong>po-</strong></span> 
     </span>
    </p>
   </div>
   <div class='ocr_carea' id='block_1_31' title="bbox 15 3102 1487 3185">
    <p class='ocr_par' dir='ltr' id='par_1_31' title="bbox 15 3102 1487 3185">
     <span class='ocr_line' id='line_1_31' title="bbox 15 3102 1487 3185; baseline 0.011 -31"><span class='ocrx_word' id='word_1_221' title='bbox 15 3121 41 3154; x_wconf 67' lang='grc' dir='ltr'><strong>υ.</strong></span> <span class='ocrx_word' id='word_1_222' title='bbox 88 3102 245 3170; x_wconf 89' lang='lat' dir='ltr'><strong>Quod</strong></span> <span class='ocrx_word' id='word_1_223' title='bbox 288 3104 333 3158; x_wconf 93' lang='lat' dir='ltr'><strong>si</strong></span> <span class='ocrx_word' id='word_1_224' title='bbox 364 3105 541 3161; x_wconf 90' lang='lat' dir='ltr'><strong>minus</strong></span> <span class='ocrx_word' id='word_1_225' title='bbox 587 3122 740 3175; x_wconf 90' lang='lat' dir='ltr'><strong>cras,</strong></span> <span class='ocrx_word' id='word_1_226' title='bbox 788 3118 1023 3168; x_wconf 84' lang='lat' dir='ltr'><strong>attamen</strong></span> <span class='ocrx_word' id='word_1_227' title='bbox 1056 3115 1348 3185; x_wconf 89' lang='lat' dir='ltr'><strong>perendie,</strong></span> <span class='ocrx_word' id='word_1_228' title='bbox 1394 3124 1487 3170; x_wconf 88' lang='lat' dir='ltr'><strong>aut</strong></span> 
     </span>
    </p>
   </div>
   <div class='ocr_carea' id='block_1_32' title="bbox 16 3195 1486 3273">
    <p class='ocr_par' dir='ltr' id='par_1_32' title="bbox 16 3195 1486 3273">
     <span class='ocr_line' id='line_1_32' title="bbox 16 3195 1486 3273; baseline 0.011 -26"><span class='ocrx_word' id='word_1_229' title='bbox 16 3204 95 3248; x_wconf 90' lang='lat' dir='ltr'><strong>rto</strong></span> <span class='ocrx_word' id='word_1_230' title='bbox 140 3195 214 3249; x_wconf 88' lang='lat' dir='ltr'><strong>ab</strong></span> <span class='ocrx_word' id='word_1_231' title='bbox 255 3195 380 3251; x_wconf 91' lang='lat' dir='ltr'><strong>hinc</strong></span> <span class='ocrx_word' id='word_1_232' title='bbox 404 3196 492 3252; x_wconf 90' lang='lat' dir='ltr'><strong>die</strong></span> <span class='ocrx_word' id='word_1_233' title='bbox 535 3197 776 3255; x_wconf 87' lang='lat' dir='ltr'><strong>fortassis</strong></span> <span class='ocrx_word' id='word_1_234' title='bbox 814 3216 1156 3271; x_wconf 81' lang='lat' dir='ltr'><strong>persuasero.</strong></span> <span class='ocrx_word' id='word_1_235' title='bbox 1184 3207 1287 3273; x_wconf 87' lang='lat' dir='ltr'><strong>Qut</strong></span> <span class='ocrx_word' id='word_1_236' title='bbox 1326 3204 1486 3263; x_wconf 85' lang='lat' dir='ltr'><strong>hodie</strong></span> 
     </span>
    </p>
   </div>
   <div class='ocr_carea' id='block_1_33' title="bbox 16 3284 1483 3366">
    <p class='ocr_par' dir='ltr' id='par_1_33' title="bbox 16 3284 1483 3366">
     <span class='ocr_line' id='line_1_33' title="bbox 16 3284 1483 3366; baseline 0.01 -29"><span class='ocrx_word' id='word_1_237' title='bbox 16 3284 45 3337; x_wconf 93' lang='lat' dir='ltr'><strong>d</strong></span> <span class='ocrx_word' id='word_1_238' title='bbox 68 3284 273 3339; x_wconf 86' lang='lat' dir='ltr'><strong>audivit</strong></span> <span class='ocrx_word' id='word_1_239' title='bbox 297 3287 520 3355; x_wconf 87' lang='lat' dir='ltr'><strong>repulit,</strong></span> <span class='ocrx_word' id='word_1_240' title='bbox 546 3303 665 3342; x_wconf 89' lang='lat' dir='ltr'><strong>cras</strong></span> <span class='ocrx_word' id='word_1_241' title='bbox 686 3289 925 3346; x_wconf 81' lang='lat' dir='ltr'><strong>fortassis</strong></span> <span class='ocrx_word' id='word_1_242' title='bbox 944 3293 1123 3348; x_wconf 90' lang='lat' dir='ltr'><strong>audiet</strong></span> <span class='ocrx_word' id='word_1_243' title='bbox 1144 3308 1208 3350; x_wconf 86' lang='lat' dir='ltr'><strong>ac</strong></span> <span class='ocrx_word' id='word_1_244' title='bbox 1231 3294 1483 3366; x_wconf 84' lang='lat' dir='ltr'><strong>recipiet:</strong></span> 
     </span>
    </p>
   </div>
   <div class='ocr_carea' id='block_1_34' title="bbox 46 3374 1487 3454">
    <p class='ocr_par' dir='ltr' id='par_1_34' title="bbox 46 3374 1487 3454">
     <span class='ocr_line' id='line_1_34' title="bbox 46 3374 1487 3454; baseline 0.011 -27"><span class='ocrx_word' id='word_1_245' title='bbox 46 3376 134 3443; x_wconf 89' lang='lat' dir='ltr'><strong>qui</strong></span> <span class='ocrx_word' id='word_1_246' title='bbox 161 3374 877 3450; x_wconf 88' lang='lat' dir='ltr'><strong>hodiernocrastinoquedie</strong></span> <span class='ocrx_word' id='word_1_247' title='bbox 919 3386 1334 3454; x_wconf 88' lang='lat' dir='ltr'><strong>contempserit,</strong></span> <span class='ocrx_word' id='word_1_248' title='bbox 1378 3386 1487 3443; x_wconf 92' lang='lat' dir='ltr'><strong>for-</strong></span> 
     </span>
    </p>
   </div>
   <div class='ocr_carea' id='block_1_35' title="bbox 16 3466 1484 3550">
    <p class='ocr_par' dir='ltr' id='par_1_35' title="bbox 16 3466 1484 3550">
     <span class='ocr_line' id='line_1_35' title="bbox 16 3466 1484 3550; baseline 0.012 -34"><span class='ocrx_word' id='word_1_249' title='bbox 16 3466 63 3518; x_wconf 81' lang='lat' dir='ltr'><strong>.is</strong></span> <span class='ocrx_word' id='word_1_250' title='bbox 92 3473 215 3535; x_wconf 91' lang='lat' dir='ltr'><strong>post</strong></span> <span class='ocrx_word' id='word_1_251' title='bbox 238 3466 352 3521; x_wconf 87' lang='lat' dir='ltr'><strong>dies</strong></span> <span class='ocrx_word' id='word_1_252' title='bbox 395 3470 697 3540; x_wconf 88' lang='lat' dir='ltr'><strong>complures</strong></span> <span class='ocrx_word' id='word_1_253' title='bbox 727 3472 983 3542; x_wconf 72' lang='lat' dir='ltr'><strong>praebebit</strong></span> <span class='ocrx_word' id='word_1_254' title='bbox 1008 3475 1242 3530; x_wconf 89' lang='lat' dir='ltr'><strong>animum</strong></span> <span class='ocrx_word' id='word_1_255' title='bbox 1273 3477 1339 3534; x_wconf 89' lang='lat' dir='ltr'><strong>iis</strong></span> <span class='ocrx_word' id='word_1_256' title='bbox 1364 3493 1484 3550; x_wconf 71' lang='lat' dir='ltr'><strong>qua:</strong></span> 
     </span>
    </p>
   </div>
   <div class='ocr_carea' id='block_1_36' title="bbox 15 3557 1482 3641">
    <p class='ocr_par' dir='ltr' id='par_1_36' title="bbox 15 3557 1482 3641">
     <span class='ocr_line' id='line_1_36' title="bbox 15 3557 1482 3641; baseline 0.012 -32"><span class='ocrx_word' id='word_1_257' title='bbox 15 3568 175 3612; x_wconf 88' lang='lat' dir='ltr'><strong>mtur.</strong></span> <span class='ocrx_word' id='word_1_258' title='bbox 209 3557 645 3631; x_wconf 85' lang='lat' dir='ltr'><strong>Quandoquidem</strong></span> <span class='ocrx_word' id='word_1_259' title='bbox 684 3578 827 3635; x_wconf 75' lang='lat' dir='ltr'><strong>saepe</strong></span> <span class='ocrx_word' id='word_1_260' title='bbox 866 3565 1133 3635; x_wconf 88' lang='lat' dir='ltr'><strong>piscator,</strong></span> <span class='ocrx_word' id='word_1_261' title='bbox 1160 3570 1249 3639; x_wconf 89' lang='lat' dir='ltr'><strong>qui</strong></span> <span class='ocrx_word' id='word_1_262' title='bbox 1277 3586 1373 3641; x_wconf 91' lang='lat' dir='ltr'><strong>per</strong></span> <span class='ocrx_word' id='word_1_263' title='bbox 1402 3581 1482 3627; x_wconf 84' lang='lat' dir='ltr'><strong>to-</strong></span> 
     </span>
    </p>
   </div>
   <div class='ocr_carea' id='block_1_37' title="bbox 15 3650 1483 3731">
    <p class='ocr_par' dir='ltr' id='par_1_37' title="bbox 15 3650 1483 3731">
     <span class='ocr_line' id='line_1_37' title="bbox 15 3650 1483 3731; baseline 0.016 -34"><span class='ocrx_word' id='word_1_264' title='bbox 15 3650 177 3704; x_wconf 52' lang='lat' dir='ltr'><strong>tdiem</strong></span> <span class='ocrx_word' id='word_1_265' title='bbox 199 3658 418 3705; x_wconf 81' lang='lat' dir='ltr'><strong>vacuum</strong></span> <span class='ocrx_word' id='word_1_266' title='bbox 435 3654 651 3708; x_wconf 78' lang='lat' dir='ltr'><strong>attraxit</strong></span> <span class='ocrx_word' id='word_1_267' title='bbox 674 3663 787 3711; x_wconf 90' lang='lat' dir='ltr'><strong>rete</strong></span> <span class='ocrx_word' id='word_1_268' title='bbox 806 3697 823 3722; x_wconf 95' lang='lat'><strong>,</strong></span> <span class='ocrx_word' id='word_1_269' title='bbox 847 3656 947 3711; x_wconf 90' lang='lat' dir='ltr'><strong>sub</strong></span> <span class='ocrx_word' id='word_1_270' title='bbox 970 3670 1181 3715; x_wconf 89' lang='lat' dir='ltr'><strong>noctem</strong></span> <span class='ocrx_word' id='word_1_271' title='bbox 1199 3661 1311 3731; x_wconf 87' lang='lat' dir='ltr'><strong>jam</strong></span> <span class='ocrx_word' id='word_1_272' title='bbox 1336 3663 1483 3720; x_wconf 92' lang='lat' dir='ltr'><strong>abire</strong></span> 
     </span>
    </p>
   </div>
   <div class='ocr_carea' id='block_1_38' title="bbox 16 3743 1477 3823">
    <p class='ocr_par' dir='ltr' id='par_1_38' title="bbox 16 3743 1477 3823">
     <span class='ocr_line' id='line_1_38' title="bbox 16 3743 1477 3823; baseline 0.011 -30"><span class='ocrx_word' id='word_1_273' title='bbox 16 3754 95 3794; x_wconf 89' lang='lat' dir='ltr'><strong>ms</strong></span> <span class='ocrx_word' id='word_1_274' title='bbox 114 3782 128 3807; x_wconf 95' lang='lat'><strong>,</strong></span> <span class='ocrx_word' id='word_1_275' title='bbox 160 3750 355 3810; x_wconf 90' lang='lat' dir='ltr'><strong>capto,</strong></span> <span class='ocrx_word' id='word_1_276' title='bbox 379 3743 468 3812; x_wconf 87' lang='lat' dir='ltr'><strong>qui</strong></span> <span class='ocrx_word' id='word_1_277' title='bbox 499 3744 665 3813; x_wconf 90' lang='lat' dir='ltr'><strong>ipsum</strong></span> <span class='ocrx_word' id='word_1_278' title='bbox 699 3761 791 3815; x_wconf 85' lang='lat' dir='ltr'><strong>per</strong></span> <span class='ocrx_word' id='word_1_279' title='bbox 820 3755 985 3803; x_wconf 89' lang='lat' dir='ltr'><strong>totum</strong></span> <span class='ocrx_word' id='word_1_280' title='bbox 1017 3749 1279 3808; x_wconf 78' lang='lat' dir='ltr'><strong>fefellerat</strong></span> <span class='ocrx_word' id='word_1_281' title='bbox 1307 3755 1477 3823; x_wconf 91' lang='lat' dir='ltr'><strong>diem,</strong></span> 
     </span>
    </p>
   </div>
   <div class='ocr_carea' id='block_1_39' title="bbox 16 3831 1479 3911">
    <p class='ocr_par' dir='ltr' id='par_1_39' title="bbox 16 3831 1479 3911">
     <span class='ocr_line' id='line_1_39' title="bbox 16 3831 1479 3911; baseline 0.01 -26"><span class='ocrx_word' id='word_1_282' title='bbox 16 3847 87 3897; x_wconf 91' lang='lat' dir='ltr'><strong>:e,</strong></span> <span class='ocrx_word' id='word_1_283' title='bbox 116 3831 369 3887; x_wconf 88' lang='lat' dir='ltr'><strong>discedit.</strong></span> <span class='ocrx_word' id='word_1_284' title='bbox 396 3833 546 3901; x_wconf 89' lang='lat' dir='ltr'><strong>Quod</strong></span> <span class='ocrx_word' id='word_1_285' title='bbox 574 3836 620 3890; x_wconf 91' lang='lat' dir='ltr'><strong>si</strong></span> <span class='ocrx_word' id='word_1_286' title='bbox 656 3836 779 3892; x_wconf 90' lang='lat' dir='ltr'><strong>ideo</strong></span> <span class='ocrx_word' id='word_1_287' title='bbox 814 3838 1010 3895; x_wconf 84' lang='lat' dir='ltr'><strong>victuri</strong></span> <span class='ocrx_word' id='word_1_288' title='bbox 1029 3854 1219 3895; x_wconf 90' lang='lat' dir='ltr'><strong>sumus</strong></span> <span class='ocrx_word' id='word_1_289' title='bbox 1254 3842 1307 3897; x_wconf 90' lang='lat' dir='ltr'><strong>in</strong></span> <span class='ocrx_word' id='word_1_290' title='bbox 1334 3844 1479 3911; x_wconf 88' lang='lat' dir='ltr'><strong>otio,</strong></span> 
     </span>
    </p>
   </div>
   <div class='ocr_carea' id='block_1_40' title="bbox 21 3922 1482 4002">
    <p class='ocr_par' dir='ltr' id='par_1_40' title="bbox 21 3922 1482 4002">
     <span class='ocr_line' id='line_1_40' title="bbox 21 3922 1482 4002; baseline 0.01 -26"><span class='ocrx_word' id='word_1_291' title='bbox 21 3922 53 3976; x_wconf 92' lang='lat' dir='ltr'><strong>b</strong></span> <span class='ocrx_word' id='word_1_292' title='bbox 75 3923 326 3978; x_wconf 90' lang='lat' dir='ltr'><strong>omnibus</strong></span> <span class='ocrx_word' id='word_1_293' title='bbox 357 3924 654 3981; x_wconf 89' lang='lat' dir='ltr'><strong>actionibus</strong></span> <span class='ocrx_word' id='word_1_294' title='bbox 678 3927 942 3985; x_wconf 81' lang='lat' dir='ltr'><strong>videbitur</strong></span> <span class='ocrx_word' id='word_1_295' title='bbox 963 3930 1332 3989; x_wconf 89' lang='lat' dir='ltr'><strong>abstinendum</strong></span> <span class='ocrx_word' id='word_1_296' title='bbox 1356 3975 1374 4002; x_wconf 93' lang='lat'><strong>,</strong></span> <span class='ocrx_word' id='word_1_297' title='bbox 1414 3950 1482 3991; x_wconf 91' lang='lat' dir='ltr'><strong>eo</strong></span> 
     </span>
    </p>
   </div>
   <div class='ocr_carea' id='block_1_41' title="bbox 16 4014 1477 4098">
    <p class='ocr_par' dir='ltr' id='par_1_41' title="bbox 16 4014 1477 4098">
     <span class='ocr_line' id='line_1_41' title="bbox 16 4014 1477 4098; baseline 0.01 -29"><span class='ocrx_word' id='word_1_298' title='bbox 16 4014 47 4069; x_wconf 88' lang='lat' dir='ltr'><strong>d</strong></span> <span class='ocrx_word' id='word_1_299' title='bbox 71 4029 287 4085; x_wconf 86' lang='lat' dir='ltr'><strong>semper</strong></span> <span class='ocrx_word' id='word_1_300' title='bbox 323 4018 534 4085; x_wconf 88' lang='lat' dir='ltr'><strong>evenit,</strong></span> <span class='ocrx_word' id='word_1_301' title='bbox 568 4027 625 4074; x_wconf 91' lang='lat' dir='ltr'><strong>ut</strong></span> <span class='ocrx_word' id='word_1_302' title='bbox 668 4019 861 4077; x_wconf 88' lang='lat' dir='ltr'><strong>alicubi</strong></span> <span class='ocrx_word' id='word_1_303' title='bbox 898 4021 1217 4080; x_wconf 90' lang='lat' dir='ltr'><strong>frustremur</strong></span> <span class='ocrx_word' id='word_1_304' title='bbox 1252 4028 1477 4098; x_wconf 82' lang='lat' dir='ltr'><strong>Optatis,</strong></span> 
     </span>
    </p>
   </div>
   <div class='ocr_carea' id='block_1_42' title="bbox 15 4109 1478 4190">
    <p class='ocr_par' dir='ltr' id='par_1_42' title="bbox 15 4109 1478 4190">
     <span class='ocr_line' id='line_1_42' title="bbox 15 4109 1478 4190; baseline 0.012 -31"><span class='ocrx_word' id='word_1_305' title='bbox 15 4123 149 4162; x_wconf 75' lang='lat' dir='ltr'><strong>tersa</strong></span> <span class='ocrx_word' id='word_1_306' title='bbox 202 4109 359 4164; x_wconf 83' lang='lat' dir='ltr'><strong>nobis</strong></span> <span class='ocrx_word' id='word_1_307' title='bbox 398 4111 614 4181; x_wconf 89' lang='lat' dir='ltr'><strong>perierit</strong></span> <span class='ocrx_word' id='word_1_308' title='bbox 644 4114 748 4169; x_wconf 85' lang='lat' dir='ltr'><strong>vita</strong></span> <span class='ocrx_word' id='word_1_309' title='bbox 780 4131 797 4168; x_wconf 84' lang='lat'><strong>:</strong></span> <span class='ocrx_word' id='word_1_310' title='bbox 826 4130 926 4171; x_wconf 91' lang='lat' dir='ltr'><strong>nec</strong></span> <span class='ocrx_word' id='word_1_311' title='bbox 956 4115 1248 4188; x_wconf 88' lang='lat' dir='ltr'><strong>spiritualia</strong></span> <span class='ocrx_word' id='word_1_312' title='bbox 1284 4120 1478 4190; x_wconf 91' lang='lat' dir='ltr'><strong>modo,</strong></span> 
     </span>
    </p>
   </div>
   <div class='ocr_carea' id='block_1_43' title="bbox 16 4200 1484 4279">
    <p class='ocr_par' dir='ltr' id='par_1_43' title="bbox 16 4200 1484 4279">
     <span class='ocr_line' id='line_1_43' title="bbox 16 4200 1484 4279; baseline 0.01 -28"><span class='ocrx_word' id='word_1_313' title='bbox 16 4214 89 4253; x_wconf 77' lang='lat' dir='ltr'><strong>um</strong></span> <span class='ocrx_word' id='word_1_314' title='bbox 115 4200 279 4254; x_wconf 89' lang='lat' dir='ltr'><strong>etiam</strong></span> <span class='ocrx_word' id='word_1_315' title='bbox 306 4200 392 4254; x_wconf 90' lang='lat' dir='ltr'><strong>illa</strong></span> <span class='ocrx_word' id='word_1_316' title='bbox 420 4216 539 4271; x_wconf 74' lang='lat' dir='ltr'><strong>qua:</strong></span> <span class='ocrx_word' id='word_1_317' title='bbox 579 4202 647 4257; x_wconf 90' lang='lat' dir='ltr'><strong>ad</strong></span> <span class='ocrx_word' id='word_1_318' title='bbox 678 4203 798 4259; x_wconf 66' lang='lat' dir='ltr'><strong>vitxe</strong></span> <span class='ocrx_word' id='word_1_319' title='bbox 825 4207 1104 4275; x_wconf 64' lang='lat' dir='ltr'><strong>praesentis</strong></span> <span class='ocrx_word' id='word_1_320' title='bbox 1143 4223 1294 4263; x_wconf 90' lang='lat' dir='ltr'><strong>usum</strong></span> <span class='ocrx_word' id='word_1_321' title='bbox 1321 4212 1484 4279; x_wconf 85' lang='lat' dir='ltr'><strong>perti-</strong></span> 
     </span>
    </p>
   </div>
   <div class='ocr_carea' id='block_1_44' title="bbox 20 4292 1480 4373">
    <p class='ocr_par' dir='ltr' id='par_1_44' title="bbox 20 4292 1480 4373">
     <span class='ocr_line' id='line_1_44' title="bbox 20 4292 1480 4373; baseline 0.01 -29"><span class='ocrx_word' id='word_1_322' title='bbox 20 4298 72 4356; x_wconf 90' lang='lat' dir='ltr'><strong>t,</strong></span> <span class='ocrx_word' id='word_1_323' title='bbox 123 4292 289 4345; x_wconf 88' lang='lat' dir='ltr'><strong>simul</strong></span> <span class='ocrx_word' id='word_1_324' title='bbox 330 4293 629 4349; x_wconf 89' lang='lat' dir='ltr'><strong>interierint</strong></span> <span class='ocrx_word' id='word_1_325' title='bbox 667 4298 867 4352; x_wconf 88' lang='lat' dir='ltr'><strong>omnia.</strong></span> <span class='ocrx_word' id='word_1_326' title='bbox 908 4298 1118 4356; x_wconf 88' lang='lat' dir='ltr'><strong>Etenim</strong></span> <span class='ocrx_word' id='word_1_327' title='bbox 1162 4302 1209 4357; x_wconf 93' lang='lat' dir='ltr'><strong>si</strong></span> <span class='ocrx_word' id='word_1_328' title='bbox 1251 4303 1480 4373; x_wconf 80' lang='lat' dir='ltr'><strong>agricola</strong></span> 
     </span>
    </p>
   </div>
   <div class='ocr_carea' id='block_1_45' title="bbox 15 4383 1482 4465">
    <p class='ocr_par' dir='ltr' id='par_1_45' title="bbox 15 4383 1482 4465">
     <span class='ocr_line' id='line_1_45' title="bbox 15 4383 1482 4465; baseline 0.01 -30"><span class='ocrx_word' id='word_1_329' title='bbox 15 4383 145 4437; x_wconf 89' lang='lat' dir='ltr'><strong>tinus</strong></span> <span class='ocrx_word' id='word_1_330' title='bbox 185 4383 256 4436; x_wconf 89' lang='lat' dir='ltr'><strong>ab</strong></span> <span class='ocrx_word' id='word_1_331' title='bbox 305 4385 623 4455; x_wconf 81' lang='lat' dir='ltr'><strong>agricultura</strong></span> <span class='ocrx_word' id='word_1_332' title='bbox 661 4389 903 4458; x_wconf 87' lang='lat' dir='ltr'><strong>resiliat,</strong></span> <span class='ocrx_word' id='word_1_333' title='bbox 946 4390 1089 4461; x_wconf 91' lang='lat' dir='ltr'><strong>quod</strong></span> <span class='ocrx_word' id='word_1_334' title='bbox 1114 4392 1279 4448; x_wconf 89' lang='lat' dir='ltr'><strong>semel</strong></span> <span class='ocrx_word' id='word_1_335' title='bbox 1322 4402 1482 4465; x_wconf 88' lang='lat' dir='ltr'><strong>atque</strong></span> 
     </span>
    </p>
   </div>
   <div class='ocr_carea' id='block_1_46' title="bbox 17 4477 1479 4554">
    <p class='ocr_par' dir='ltr' id='par_1_46' title="bbox 17 4477 1479 4554">
     <span class='ocr_line' id='line_1_46' title="bbox 17 4477 1479 4554; baseline 0.01 -27"><span class='ocrx_word' id='word_1_336' title='bbox 17 4490 97 4528; x_wconf 91' lang='lat' dir='ltr'><strong>um</strong></span> <span class='ocrx_word' id='word_1_337' title='bbox 128 4484 225 4529; x_wconf 90' lang='lat' dir='ltr'><strong>aut</strong></span> <span class='ocrx_word' id='word_1_338' title='bbox 248 4478 443 4547; x_wconf 64' lang='lat' dir='ltr'><strong>saepius</strong></span> <span class='ocrx_word' id='word_1_339' title='bbox 468 4477 724 4535; x_wconf 89' lang='lat' dir='ltr'><strong>acciderit</strong></span> <span class='ocrx_word' id='word_1_340' title='bbox 761 4482 901 4537; x_wconf 90' lang='lat' dir='ltr'><strong>aeris</strong></span> <span class='ocrx_word' id='word_1_341' title='bbox 928 4483 1291 4554; x_wconf 66' lang='lat' dir='ltr'><strong>inaequalitas,</strong></span> <span class='ocrx_word' id='word_1_342' title='bbox 1332 4486 1479 4542; x_wconf 88' lang='lat' dir='ltr'><strong>brevi</strong></span> 
     </span>
    </p>
   </div>
   <div class='ocr_carea' id='block_1_47' title="bbox 15 4567 1477 4635">
    <p class='ocr_par' dir='ltr' id='par_1_47' title="bbox 15 4567 1477 4635">
     <span class='ocr_line' id='line_1_47' title="bbox 15 4567 1477 4635; baseline 0.01 -17"><span class='ocrx_word' id='word_1_343' title='bbox 15 4580 54 4620; x_wconf 68' lang='lat' dir='ltr'><strong>te</strong></span> <span class='ocrx_word' id='word_1_344' title='bbox 81 4567 376 4635; x_wconf 87' lang='lat' dir='ltr'><strong>peribimus</strong></span> <span class='ocrx_word' id='word_1_345' title='bbox 402 4582 612 4626; x_wconf 89' lang='lat' dir='ltr'><strong>omnes.</strong></span> <span class='ocrx_word' id='word_1_346' title='bbox 659 4570 790 4627; x_wconf 90' lang='lat' dir='ltr'><strong>ltem</strong></span> <span class='ocrx_word' id='word_1_347' title='bbox 829 4572 877 4627; x_wconf 91' lang='lat' dir='ltr'><strong>si</strong></span> <span class='ocrx_word' id='word_1_348' title='bbox 901 4574 1185 4631; x_wconf 88' lang='lat' dir='ltr'><strong>nauclerus</strong></span> <span class='ocrx_word' id='word_1_349' title='bbox 1210 4575 1280 4630; x_wconf 92' lang='lat' dir='ltr'><strong>ob</strong></span> <span class='ocrx_word' id='word_1_350' title='bbox 1313 4579 1477 4633; x_wconf 91' lang='lat' dir='ltr'><strong>semel</strong></span> 
     </span>
    </p>
   </div>
   <div class='ocr_carea' id='block_1_48' title="bbox 16 4658 1479 4736">
    <p class='ocr_par' dir='ltr' id='par_1_48' title="bbox 16 4658 1479 4736">
     <span class='ocr_line' id='line_1_48' title="bbox 16 4658 1479 4736; baseline 0.011 -27"><span class='ocrx_word' id='word_1_351' title='bbox 16 4672 65 4712; x_wconf 75' lang='lat' dir='ltr'><strong>te</strong></span> <span class='ocrx_word' id='word_1_352' title='bbox 101 4658 297 4714; x_wconf 89' lang='lat' dir='ltr'><strong>iterum</strong></span> <span class='ocrx_word' id='word_1_353' title='bbox 322 4701 339 4725; x_wconf 90' lang='lat'><strong>,</strong></span> <span class='ocrx_word' id='word_1_354' title='bbox 371 4671 462 4715; x_wconf 90' lang='lat' dir='ltr'><strong>aut</strong></span> <span class='ocrx_word' id='word_1_355' title='bbox 498 4663 693 4732; x_wconf 67' lang='lat' dir='ltr'><strong>saepius</strong></span> <span class='ocrx_word' id='word_1_356' title='bbox 717 4664 959 4719; x_wconf 88' lang='lat' dir='ltr'><strong>obortam</strong></span> <span class='ocrx_word' id='word_1_357' title='bbox 997 4674 1363 4736; x_wconf 87' lang='lat' dir='ltr'><strong>tempestatem</strong></span> <span class='ocrx_word' id='word_1_358' title='bbox 1393 4669 1479 4725; x_wconf 91' lang='lat' dir='ltr'><strong>fu-</strong></span> 
     </span>
    </p>
   </div>
   <div class='ocr_carea' id='block_1_49' title="bbox 16 4749 1476 4833">
    <p class='ocr_par' dir='ltr' id='par_1_49' title="bbox 16 4749 1476 4833">
     <span class='ocr_line' id='line_1_49' title="bbox 16 4749 1476 4833; baseline 0.012 -32"><span class='ocrx_word' id='word_1_359' title='bbox 16 4788 17 4795; x_wconf 56' lang='grc' dir='ltr'><strong>η</strong></span> <span class='ocrx_word' id='word_1_360' title='bbox 59 4765 247 4817; x_wconf 88' lang='lat' dir='ltr'><strong>mare,</strong></span> <span class='ocrx_word' id='word_1_361' title='bbox 290 4749 521 4807; x_wconf 91' lang='lat' dir='ltr'><strong>futurum</strong></span> <span class='ocrx_word' id='word_1_362' title='bbox 561 4763 671 4819; x_wconf 88' lang='lat' dir='ltr'><strong>est,</strong></span> <span class='ocrx_word' id='word_1_363' title='bbox 702 4764 763 4810; x_wconf 89' lang='lat' dir='ltr'><strong>ut</strong></span> <span class='ocrx_word' id='word_1_364' title='bbox 803 4771 963 4812; x_wconf 91' lang='lat' dir='ltr'><strong>nemo</strong></span> <span class='ocrx_word' id='word_1_365' title='bbox 988 4759 1214 4814; x_wconf 88' lang='lat' dir='ltr'><strong>vehatur</strong></span> <span class='ocrx_word' id='word_1_366' title='bbox 1255 4762 1476 4833; x_wconf 77' lang='lat' dir='ltr'><strong>pelago,</strong></span> 
     </span>
    </p>
   </div>
   <div class='ocr_carea' id='block_1_50' title="bbox 16 4840 1478 4915">
    <p class='ocr_par' dir='ltr' id='par_1_50' title="bbox 16 4840 1478 4915">
     <span class='ocr_line' id='line_1_50' title="bbox 16 4840 1478 4915; baseline 0.012 -21"><span class='ocrx_word' id='word_1_367' title='bbox 16 4855 62 4895; x_wconf 80' lang='lat' dir='ltr'><strong>te</strong></span> <span class='ocrx_word' id='word_1_368' title='bbox 82 4840 205 4897; x_wconf 91' lang='lat' dir='ltr'><strong>hinc</strong></span> <span class='ocrx_word' id='word_1_369' title='bbox 244 4858 454 4898; x_wconf 85' lang='lat' dir='ltr'><strong>rursum</strong></span> <span class='ocrx_word' id='word_1_370' title='bbox 501 4846 751 4915; x_wconf 86' lang='lat' dir='ltr'><strong>peribunt</strong></span> <span class='ocrx_word' id='word_1_371' title='bbox 794 4849 949 4906; x_wconf 90' lang='lat' dir='ltr'><strong>nobis</strong></span> <span class='ocrx_word' id='word_1_372' title='bbox 972 4853 1150 4908; x_wconf 91' lang='lat' dir='ltr'><strong>omnia</strong></span> <span class='ocrx_word' id='word_1_373' title='bbox 1179 4855 1304 4910; x_wconf 72' lang='lat' dir='ltr'><strong>vitae</strong></span> <span class='ocrx_word' id='word_1_374' title='bbox 1330 4871 1478 4911; x_wconf 90' lang='lat' dir='ltr'><strong>com-</strong></span> 
     </span>
    </p>
   </div>
   <div class='ocr_carea' id='block_1_51' title="bbox 16 4930 1480 5015">
    <p class='ocr_par' dir='ltr' id='par_1_51' title="bbox 16 4930 1480 5015">
     <span class='ocr_line' id='line_1_51' title="bbox 16 4930 1480 5015; baseline 0.015 -31"><span class='ocrx_word' id='word_1_375' title='bbox 16 4930 83 4985; x_wconf 87' lang='lat' dir='ltr'><strong>la.</strong></span> <span class='ocrx_word' id='word_1_376' title='bbox 130 4934 290 5003; x_wconf 85' lang='lat' dir='ltr'><strong>Quod</strong></span> <span class='ocrx_word' id='word_1_377' title='bbox 328 4935 373 4991; x_wconf 89' lang='lat' dir='ltr'><strong>si</strong></span> <span class='ocrx_word' id='word_1_378' title='bbox 408 4951 503 5006; x_wconf 89' lang='lat' dir='ltr'><strong>per</strong></span> <span class='ocrx_word' id='word_1_379' title='bbox 528 4938 761 5010; x_wconf 88' lang='lat' dir='ltr'><strong>singulas</strong></span> <span class='ocrx_word' id='word_1_380' title='bbox 799 4952 942 5000; x_wconf 87' lang='lat' dir='ltr'><strong>artes</strong></span> <span class='ocrx_word' id='word_1_381' title='bbox 987 4961 1333 5015; x_wconf 87' lang='lat' dir='ltr'><strong>percurrens,</strong></span> <span class='ocrx_word' id='word_1_382' title='bbox 1380 4948 1480 5006; x_wconf 88' lang='lat' dir='ltr'><strong>ista</strong></span> 
     </span>
    </p>
   </div>
   <div class='ocr_carea' id='block_1_52' title="bbox 16 5026 1479 5110">
    <p class='ocr_par' dir='ltr' id='par_1_52' title="bbox 16 5026 1479 5110">
     <span class='ocr_line' id='line_1_52' title="bbox 16 5026 1479 5110; baseline 0.013 -32"><span class='ocrx_word' id='word_1_383' title='bbox 16 5038 29 5077; x_wconf 69' lang='grc' dir='ltr'><strong>ε</strong></span> <span class='ocrx_word' id='word_1_384' title='bbox 70 5042 164 5082; x_wconf 90' lang='lat' dir='ltr'><strong>nos</strong></span> <span class='ocrx_word' id='word_1_385' title='bbox 206 5026 385 5085; x_wconf 89' lang='lat' dir='ltr'><strong>facere</strong></span> <span class='ocrx_word' id='word_1_386' title='bbox 428 5029 545 5098; x_wconf 87' lang='lat' dir='ltr'><strong>vis,</strong></span> <span class='ocrx_word' id='word_1_387' title='bbox 587 5034 846 5098; x_wconf 88' lang='lat' dir='ltr'><strong>suadeas,</strong></span> <span class='ocrx_word' id='word_1_388' title='bbox 891 5051 1251 5110; x_wconf 88' lang='lat' dir='ltr'><strong>moneasque,</strong></span> <span class='ocrx_word' id='word_1_389' title='bbox 1290 5050 1479 5098; x_wconf 85' lang='lat' dir='ltr'><strong>cuncta</strong></span> 
     </span>
    </p>
   </div>
   <div class='ocr_carea' id='block_1_53' title="bbox 16 5114 1480 5202">
    <p class='ocr_par' dir='ltr' id='par_1_53' title="bbox 16 5114 1480 5202">
     <span class='ocr_line' id='line_1_53' title="bbox 16 5114 1480 5202; baseline 0.014 -36"><span class='ocrx_word' id='word_1_390' title='bbox 16 5114 138 5170; x_wconf 75' lang='lat' dir='ltr'><strong>litus</strong></span> <span class='ocrx_word' id='word_1_391' title='bbox 175 5118 503 5186; x_wconf 88' lang='lat' dir='ltr'><strong>interibunt,</strong></span> <span class='ocrx_word' id='word_1_392' title='bbox 551 5130 795 5195; x_wconf 90' lang='lat' dir='ltr'><strong>terraque</strong></span> <span class='ocrx_word' id='word_1_393' title='bbox 819 5128 1020 5182; x_wconf 87' lang='lat' dir='ltr'><strong>carebit</strong></span> <span class='ocrx_word' id='word_1_394' title='bbox 1061 5129 1268 5186; x_wconf 91' lang='lat' dir='ltr'><strong>incolis.</strong></span> <span class='ocrx_word' id='word_1_395' title='bbox 1300 5131 1480 5202; x_wconf 88' lang='lat' dir='ltr'><strong>Itaque</strong></span> 
     </span>
    </p>
   </div>
   <div class='ocr_carea' id='block_1_54' title="bbox 16 5204 1478 5289">
    <p class='ocr_par' dir='ltr' id='par_1_54' title="bbox 16 5204 1478 5289">
     <span class='ocr_line' id='line_1_54' title="bbox 16 5204 1478 5289; baseline 0.015 -34"><span class='ocrx_word' id='word_1_396' title='bbox 16 5219 33 5255; x_wconf 71' lang='grc' dir='ltr'>ω</span> <span class='ocrx_word' id='word_1_397' title='bbox 60 5204 173 5261; x_wconf 76' lang='lat' dir='ltr'><strong>haec</strong></span> <span class='ocrx_word' id='word_1_398' title='bbox 200 5222 393 5263; x_wconf 90' lang='lat' dir='ltr'><strong>omnes</strong></span> <span class='ocrx_word' id='word_1_399' title='bbox 437 5210 643 5279; x_wconf 88' lang='lat' dir='ltr'><strong>sciant,</strong></span> <span class='ocrx_word' id='word_1_400' title='bbox 673 5214 881 5269; x_wconf 90' lang='lat' dir='ltr'><strong>etiamsi</strong></span> <span class='ocrx_word' id='word_1_401' title='bbox 908 5219 1073 5273; x_wconf 90' lang='lat' dir='ltr'><strong>semel</strong></span> <span class='ocrx_word' id='word_1_402' title='bbox 1100 5227 1261 5289; x_wconf 86' lang='lat' dir='ltr'><strong>atque</strong></span> <span class='ocrx_word' id='word_1_403' title='bbox 1290 5221 1478 5277; x_wconf 89' lang='lat' dir='ltr'><strong>iterum</strong></span> 
     </span>
    </p>
   </div>
   <div class='ocr_carea' id='block_1_55' title="bbox 48 5299 1478 5383">
    <p class='ocr_par' dir='ltr' id='par_1_55' title="bbox 48 5299 1478 5383">
     <span class='ocr_line' id='line_1_55' title="bbox 48 5299 1478 5383; baseline 0.015 -34"><span class='ocrx_word' id='word_1_404' title='bbox 48 5299 239 5367; x_wconf 65' lang='lat' dir='ltr'><strong>saepius</strong></span> <span class='ocrx_word' id='word_1_405' title='bbox 293 5300 529 5357; x_wconf 89' lang='lat' dir='ltr'><strong>frustrati</strong></span> <span class='ocrx_word' id='word_1_406' title='bbox 574 5304 771 5361; x_wconf 80' lang='lat' dir='ltr'><strong>fuerint</strong></span> <span class='ocrx_word' id='word_1_407' title='bbox 816 5318 997 5379; x_wconf 93' lang='lat' dir='ltr'><strong>optato</strong></span> <span class='ocrx_word' id='word_1_408' title='bbox 1040 5314 1373 5383; x_wconf 78' lang='lat' dir='ltr'><strong>negotiorum</strong></span> <span class='ocrx_word' id='word_1_409' title='bbox 1425 5316 1478 5370; x_wconf 92' lang='lat' dir='ltr'><strong>in</strong></span> 
     </span>
    </p>
   </div>
   <div class='ocr_carea' id='block_1_56' title="bbox 15 5386 1480 5473">
    <p class='ocr_par' dir='ltr' id='par_1_56' title="bbox 15 5386 1480 5473">
     <span class='ocr_line' id='line_1_56' title="bbox 15 5386 1480 5473; baseline 0.016 -34"><span class='ocrx_word' id='word_1_410' title='bbox 15 5386 100 5441; x_wconf 91' lang='lat' dir='ltr'><strong>bus</strong></span> <span class='ocrx_word' id='word_1_411' title='bbox 146 5402 432 5447; x_wconf 84' lang='lat' dir='ltr'><strong>versantur</strong></span> <span class='ocrx_word' id='word_1_412' title='bbox 468 5396 616 5451; x_wconf 79' lang='lat' dir='ltr'><strong>exitu</strong></span> <span class='ocrx_word' id='word_1_413' title='bbox 646 5414 661 5453; x_wconf 91' lang='lat'>:</span> <span class='ocrx_word' id='word_1_414' title='bbox 694 5398 871 5456; x_wconf 90' lang='lat' dir='ltr'><strong>denuo</strong></span> <span class='ocrx_word' id='word_1_415' title='bbox 898 5402 1014 5473; x_wconf 89' lang='lat' dir='ltr'><strong>pari</strong></span> <span class='ocrx_word' id='word_1_416' title='bbox 1052 5420 1172 5459; x_wconf 90' lang='lat' dir='ltr'><strong>cum</strong></span> <span class='ocrx_word' id='word_1_417' title='bbox 1207 5406 1480 5464; x_wconf 89' lang='lat' dir='ltr'><strong>alacritate</strong></span> 
     </span>
    </p>
   </div>
   <div class='ocr_carea' id='block_1_57' title="bbox 15 5481 449 5539">
    <p class='ocr_par' dir='ltr' id='par_1_57' title="bbox 15 5481 449 5539">
     <span class='ocr_line' id='line_1_57' title="bbox 15 5481 449 5539; baseline 0.016 -9"><span class='ocrx_word' id='word_1_418' title='bbox 15 5489 128 5533; x_wconf 84' lang='lat' dir='ltr'><strong>eunt</strong></span> <span class='ocrx_word' id='word_1_419' title='bbox 150 5481 215 5537; x_wconf 91' lang='lat' dir='ltr'><strong>ad</strong></span> <span class='ocrx_word' id='word_1_420' title='bbox 239 5483 449 5539; x_wconf 89' lang='lat' dir='ltr'><strong>eadem.</strong></span> 
     </span>
    </p>
   </div>
   <div class='ocr_carea' id='block_1_58' title="bbox 15 5568 1481 5651">
    <p class='ocr_par' dir='ltr' id='par_1_58' title="bbox 15 5568 1481 5651">
     <span class='ocr_line' id='line_1_58' title="bbox 15 5568 1481 5651; baseline 0.014 -31"><span class='ocrx_word' id='word_1_421' title='bbox 15 5568 47 5620; x_wconf 76' lang='grc'><strong>5.</strong></span> <span class='ocrx_word' id='word_1_422' title='bbox 71 5568 199 5638; x_wconf 79' lang='lat' dir='ltr'><strong>Quae</strong></span> <span class='ocrx_word' id='word_1_423' title='bbox 220 5587 341 5627; x_wconf 90' lang='lat' dir='ltr'><strong>cum</strong></span> <span class='ocrx_word' id='word_1_424' title='bbox 371 5576 523 5631; x_wconf 92' lang='lat' dir='ltr'><strong>nobis</strong></span> <span class='ocrx_word' id='word_1_425' title='bbox 542 5579 701 5634; x_wconf 90' lang='lat' dir='ltr'><strong>etiam</strong></span> <span class='ocrx_word' id='word_1_426' title='bbox 732 5590 857 5637; x_wconf 89' lang='lat' dir='ltr'><strong>nota</strong></span> <span class='ocrx_word' id='word_1_427' title='bbox 883 5583 990 5638; x_wconf 84' lang='lat' dir='ltr'><strong>sint</strong></span> <span class='ocrx_word' id='word_1_428' title='bbox 1012 5585 1218 5651; x_wconf 90' lang='lat' dir='ltr'><strong>omnia,</strong></span> <span class='ocrx_word' id='word_1_429' title='bbox 1248 5586 1481 5643; x_wconf 83' lang='lat' dir='ltr'><strong>dilectis-</strong></span> 
     </span>
    </p>
   </div>
   <div class='ocr_carea' id='block_1_59' title="bbox 20 5657 1475 5745">
    <p class='ocr_par' dir='ltr' id='par_1_59' title="bbox 20 5657 1475 5745">
     <span class='ocr_line' id='line_1_59' title="bbox 20 5657 1475 5745; baseline 0.009 -24"><span class='ocrx_word' id='word_1_430' title='bbox 20 5657 60 5721; x_wconf 72' lang='grc' dir='ltr'><strong>ί,</strong></span> <span class='ocrx_word' id='word_1_431' title='bbox 111 5677 177 5716; x_wconf 90' lang='lat' dir='ltr'><strong>ne</strong></span> <span class='ocrx_word' id='word_1_432' title='bbox 214 5680 396 5733; x_wconf 68' lang='lat' dir='ltr'><strong>quaeso</strong></span> <span class='ocrx_word' id='word_1_433' title='bbox 447 5668 780 5738; x_wconf 86' lang='lat' dir='ltr'><strong>proferamus</strong></span> <span class='ocrx_word' id='word_1_434' title='bbox 828 5673 966 5739; x_wconf 89' lang='lat' dir='ltr'><strong>ista,</strong></span> <span class='ocrx_word' id='word_1_435' title='bbox 1017 5692 1151 5731; x_wconf 84' lang='lat' dir='ltr'><strong>neve</strong></span> <span class='ocrx_word' id='word_1_436' title='bbox 1197 5678 1475 5745; x_wconf 85' lang='lat' dir='ltr'><strong>dicamus,</strong></span> 
     </span>
    </p>
   </div>
   <div class='ocr_carea' id='block_1_60' title="bbox 15 5746 1474 5832">
    <p class='ocr_par' dir='ltr' id='par_1_60' title="bbox 15 5746 1474 5832">
     <span class='ocr_line' id='line_1_60' title="bbox 15 5746 1474 5832; baseline 0.018 -33"><span class='ocrx_word' id='word_1_437' title='bbox 15 5746 40 5799; x_wconf 87' lang='lat' dir='ltr'><strong>d</strong></span> <span class='ocrx_word' id='word_1_438' title='bbox 70 5754 216 5810; x_wconf 91' lang='lat' dir='ltr'><strong>nobis</strong></span> <span class='ocrx_word' id='word_1_439' title='bbox 245 5764 328 5812; x_wconf 88' lang='lat' dir='ltr'><strong>est</strong></span> <span class='ocrx_word' id='word_1_440' title='bbox 354 5767 429 5814; x_wconf 90' lang='lat' dir='ltr'><strong>tot</strong></span> <span class='ocrx_word' id='word_1_441' title='bbox 457 5762 631 5817; x_wconf 87' lang='lat' dir='ltr'><strong>verbis</strong></span> <span class='ocrx_word' id='word_1_442' title='bbox 657 5764 825 5832; x_wconf 82' lang='lat' dir='ltr'><strong>opus?</strong></span> <span class='ocrx_word' id='word_1_443' title='bbox 852 5764 1003 5820; x_wconf 76' lang='lat' dir='ltr'><strong>Nulla</strong></span> <span class='ocrx_word' id='word_1_444' title='bbox 1047 5781 1111 5821; x_wconf 83' lang='lat' dir='ltr'><strong>ex</strong></span> <span class='ocrx_word' id='word_1_445' title='bbox 1138 5765 1239 5824; x_wconf 89' lang='lat' dir='ltr'><strong>hoc</strong></span> <span class='ocrx_word' id='word_1_446' title='bbox 1268 5783 1474 5824; x_wconf 83' lang='lat' dir='ltr'><strong>sermo-</strong></span> 
     </span>
    </p>
   </div>
   <div class='ocr_carea' id='block_1_61' title="bbox 3090 380 3194 436">
    <p class='ocr_par' dir='ltr' id='par_1_61' title="bbox 3090 380 3194 436">
     <span class='ocr_line' id='line_1_61' title="bbox 3090 380 3194 436; baseline 0.029 -3"><span class='ocrx_word' id='word_1_447' title='bbox 3090 380 3194 436; x_wconf 75' lang='lat'><strong><em>986</em></strong></span> 
     </span>
    </p>
   </div>
   <div class='ocr_carea' id='block_1_62' title="bbox 1613 483 3197 554">
    <p class='ocr_par' dir='ltr' id='par_1_62' title="bbox 1613 483 3197 554">
     <span class='ocr_line' id='line_1_62' title="bbox 1613 483 3197 554; baseline 0.015 -29"><span class='ocrx_word' id='word_1_448' title='bbox 1613 488 1681 525; x_wconf 91' lang='lat' dir='ltr'><strong>ne</strong></span> <span class='ocrx_word' id='word_1_449' title='bbox 1709 483 1986 542; x_wconf 90' lang='lat' dir='ltr'><strong>promanat</strong></span> <span class='ocrx_word' id='word_1_450' title='bbox 2017 486 2235 531; x_wconf 86' lang='lat' dir='ltr'><strong>utttltas.</strong></span> <span class='ocrx_word' id='word_1_451' title='bbox 2258 483 2390 533; x_wconf 75' lang='lat' dir='ltr'><strong>Nam</strong></span> <span class='ocrx_word' id='word_1_452' title='bbox 2422 490 2475 536; x_wconf 88' lang='lat' dir='ltr'><strong>et</strong></span> <span class='ocrx_word' id='word_1_453' title='bbox 2499 485 2749 554; x_wconf 76' lang='lat' dir='ltr'><strong>agricola,</strong></span> <span class='ocrx_word' id='word_1_454' title='bbox 2782 488 2867 542; x_wconf 91' lang='lat' dir='ltr'><strong>ubi</strong></span> <span class='ocrx_word' id='word_1_455' title='bbox 2912 495 3078 548; x_wconf 71' lang='lat' dir='ltr'><strong>semel</strong></span> <span class='ocrx_word' id='word_1_456' title='bbox 3108 507 3197 548; x_wconf 83' lang='lat' dir='ltr'><strong>at-</strong></span> 
     </span>
    </p>
   </div>
   <div class='ocr_carea' id='block_1_63' title="bbox 1610 564 3188 646">
    <p class='ocr_par' dir='ltr' id='par_1_63' title="bbox 1610 564 3188 646">
     <span class='ocr_line' id='line_1_63' title="bbox 1610 564 3188 646; baseline 0.016 -31"><span class='ocrx_word' id='word_1_457' title='bbox 1610 577 1715 631; x_wconf 88' lang='lat' dir='ltr'><strong>que</strong></span> <span class='ocrx_word' id='word_1_458' title='bbox 1746 564 1934 618; x_wconf 90' lang='lat' dir='ltr'><strong>iterum</strong></span> <span class='ocrx_word' id='word_1_459' title='bbox 1981 583 2045 621; x_wconf 89' lang='lat' dir='ltr'><strong>ac</strong></span> <span class='ocrx_word' id='word_1_460' title='bbox 2094 569 2287 637; x_wconf 62' lang='lat' dir='ltr'><strong>surpius</strong></span> <span class='ocrx_word' id='word_1_461' title='bbox 2332 586 2515 627; x_wconf 89' lang='lat' dir='ltr'><strong>semen</strong></span> <span class='ocrx_word' id='word_1_462' title='bbox 2568 589 2696 631; x_wconf 88' lang='lat' dir='ltr'><strong>arvo</strong></span> <span class='ocrx_word' id='word_1_463' title='bbox 2744 581 3046 646; x_wconf 87' lang='lat' dir='ltr'><strong>commisit,</strong></span> <span class='ocrx_word' id='word_1_464' title='bbox 3083 600 3188 641; x_wconf 91' lang='lat' dir='ltr'><strong>nec</strong></span> 
     </span>
    </p>
   </div>
   <div class='ocr_carea' id='block_1_64' title="bbox 1611 654 3190 729">
    <p class='ocr_par' dir='ltr' id='par_1_64' title="bbox 1611 654 3190 729">
     <span class='ocr_line' id='line_1_64' title="bbox 1611 654 3190 729; baseline 0.013 -25"><span class='ocrx_word' id='word_1_465' title='bbox 1611 654 1748 707; x_wconf 87' lang='lat' dir='ltr'><strong>votis</strong></span> <span class='ocrx_word' id='word_1_466' title='bbox 1785 655 2061 725; x_wconf 81' lang='lat' dir='ltr'><strong>respondit</strong></span> <span class='ocrx_word' id='word_1_467' title='bbox 2094 669 2419 729; x_wconf 83' lang='lat' dir='ltr'><strong>praventus,</strong></span> <span class='ocrx_word' id='word_1_468' title='bbox 2465 679 2649 719; x_wconf 82' lang='lat' dir='ltr'><strong>rursus</strong></span> <span class='ocrx_word' id='word_1_469' title='bbox 2690 668 2932 722; x_wconf 90' lang='lat' dir='ltr'><strong>eamdem</strong></span> <span class='ocrx_word' id='word_1_470' title='bbox 2974 684 3190 725; x_wconf 83' lang='lat' dir='ltr'><strong>exercet</strong></span> 
     </span>
    </p>
   </div>
   <div class='ocr_carea' id='block_1_65' title="bbox 1609 748 3188 828">
    <p class='ocr_par' dir='ltr' id='par_1_65' title="bbox 1609 748 3188 828">
     <span class='ocr_line' id='line_1_65' title="bbox 1609 748 3188 828; baseline 0.011 -31"><span class='ocrx_word' id='word_1_471' title='bbox 1609 754 1842 813; x_wconf 77' lang='lat' dir='ltr'><strong>segetem</strong></span> <span class='ocrx_word' id='word_1_472' title='bbox 1871 761 2043 816; x_wconf 90' lang='lat' dir='ltr'><strong>neque</strong></span> <span class='ocrx_word' id='word_1_473' title='bbox 2084 763 2209 804; x_wconf 83' lang='lat' dir='ltr'><strong>raro</strong></span> <span class='ocrx_word' id='word_1_474' title='bbox 2235 748 2319 817; x_wconf 86' lang='lat' dir='ltr'><strong>fit,</strong></span> <span class='ocrx_word' id='word_1_475' title='bbox 2351 762 2407 804; x_wconf 94' lang='lat' dir='ltr'><strong>ut</strong></span> <span class='ocrx_word' id='word_1_476' title='bbox 2436 754 2600 808; x_wconf 88' lang='lat' dir='ltr'><strong>tutius</strong></span> <span class='ocrx_word' id='word_1_477' title='bbox 2645 758 2899 826; x_wconf 68' lang='lat' dir='ltr'><strong>temporis</strong></span> <span class='ocrx_word' id='word_1_478' title='bbox 2924 759 3188 828; x_wconf 87' lang='lat' dir='ltr'><strong>jacturatn</strong></span> 
     </span>
    </p>
   </div>
   <div class='ocr_carea' id='block_1_66' title="bbox 1608 838 3188 919">
    <p class='ocr_par' dir='ltr' id='par_1_66' title="bbox 1608 838 3188 919">
     <span class='ocr_line' id='line_1_66' title="bbox 1608 838 3188 919; baseline 0.011 -30"><span class='ocrx_word' id='word_1_479' title='bbox 1608 851 1715 890; x_wconf 91' lang='lat' dir='ltr'><strong>uno</strong></span> <span class='ocrx_word' id='word_1_480' title='bbox 1739 838 1933 892; x_wconf 88' lang='lat' dir='ltr'><strong>sarciat</strong></span> <span class='ocrx_word' id='word_1_481' title='bbox 1974 854 2135 894; x_wconf 91' lang='lat' dir='ltr'><strong>anno.</strong></span> <span class='ocrx_word' id='word_1_482' title='bbox 2167 840 2255 895; x_wconf 91' lang='lat' dir='ltr'><strong>Sic</strong></span> <span class='ocrx_word' id='word_1_483' title='bbox 2285 851 2338 896; x_wconf 90' lang='lat' dir='ltr'><strong>et</strong></span> <span class='ocrx_word' id='word_1_484' title='bbox 2368 846 2666 913; x_wconf 79' lang='lat' dir='ltr'><strong>negotiator</strong></span> <span class='ocrx_word' id='word_1_485' title='bbox 2701 862 3022 919; x_wconf 87' lang='lat' dir='ltr'><strong>quamquam</strong></span> <span class='ocrx_word' id='word_1_486' title='bbox 3067 866 3188 908; x_wconf 88' lang='lat' dir='ltr'><strong>ere-</strong></span> 
     </span>
    </p>
   </div>
   <div class='ocr_carea' id='block_1_67' title="bbox 1608 926 3184 1011">
    <p class='ocr_par' dir='ltr' id='par_1_67' title="bbox 1608 926 3184 1011">
     <span class='ocr_line' id='line_1_67' title="bbox 1608 926 3184 1011; baseline 0.011 -32"><span class='ocrx_word' id='word_1_487' title='bbox 1608 926 1706 980; x_wconf 89' lang='lat' dir='ltr'><strong>hro</strong></span> <span class='ocrx_word' id='word_1_488' title='bbox 1734 927 1860 983; x_wconf 87' lang='lat' dir='ltr'><strong>fecit</strong></span> <span class='ocrx_word' id='word_1_489' title='bbox 1886 929 2225 1000; x_wconf 87' lang='lat' dir='ltr'><strong>naufragium</strong></span> <span class='ocrx_word' id='word_1_490' title='bbox 2248 973 2263 999; x_wconf 90' lang='lat'><strong>,</strong></span> <span class='ocrx_word' id='word_1_491' title='bbox 2294 949 2400 988; x_wconf 91' lang='lat' dir='ltr'><strong>non</strong></span> <span class='ocrx_word' id='word_1_492' title='bbox 2443 944 2621 991; x_wconf 88' lang='lat' dir='ltr'><strong>tamen</strong></span> <span class='ocrx_word' id='word_1_493' title='bbox 2666 938 2897 994; x_wconf 89' lang='lat' dir='ltr'><strong>abstinet</strong></span> <span class='ocrx_word' id='word_1_494' title='bbox 2922 956 2951 994; x_wconf 90' lang='lat' dir='ltr'><strong>a</strong></span> <span class='ocrx_word' id='word_1_495' title='bbox 2982 952 3138 1011; x_wconf 90' lang='lat' dir='ltr'><strong>portu</strong></span> <span class='ocrx_word' id='word_1_496' title='bbox 3165 986 3184 1011; x_wconf 89' lang='lat'><strong>,</strong></span> 
     </span>
    </p>
   </div>
   <div class='ocr_carea' id='block_1_68' title="bbox 1605 1017 3186 1095">
    <p class='ocr_par' dir='ltr' id='par_1_68' title="bbox 1605 1017 3186 1095">
     <span class='ocr_line' id='line_1_68' title="bbox 1605 1017 3186 1095; baseline 0.01 -24"><span class='ocrx_word' id='word_1_497' title='bbox 1605 1017 1697 1072; x_wconf 86' lang='lat' dir='ltr'><strong>sed</strong></span> <span class='ocrx_word' id='word_1_498' title='bbox 1726 1026 1779 1073; x_wconf 91' lang='lat' dir='ltr'><strong>et</strong></span> <span class='ocrx_word' id='word_1_499' title='bbox 1821 1029 2167 1092; x_wconf 86' lang='lat' dir='ltr'><strong>posteaquam</strong></span> <span class='ocrx_word' id='word_1_500' title='bbox 2213 1026 2387 1079; x_wconf 82' lang='lat' dir='ltr'><strong>navim</strong></span> <span class='ocrx_word' id='word_1_501' title='bbox 2419 1026 2688 1095; x_wconf 81' lang='lat' dir='ltr'><strong>detraxit,</strong></span> <span class='ocrx_word' id='word_1_502' title='bbox 2738 1039 2793 1083; x_wconf 91' lang='lat' dir='ltr'><strong>et</strong></span> <span class='ocrx_word' id='word_1_503' title='bbox 2841 1041 3028 1086; x_wconf 90' lang='lat' dir='ltr'><strong>nautas</strong></span> <span class='ocrx_word' id='word_1_504' title='bbox 3052 1047 3186 1087; x_wconf 79' lang='lat' dir='ltr'><strong>cnn-</strong></span> 
     </span>
    </p>
   </div>
   <div class='ocr_carea' id='block_1_69' title="bbox 1603 1108 3187 1192">
    <p class='ocr_par' dir='ltr' id='par_1_69' title="bbox 1603 1108 3187 1192">
     <span class='ocr_line' id='line_1_69' title="bbox 1603 1108 3187 1192; baseline 0.009 -30"><span class='ocrx_word' id='word_1_505' title='bbox 1603 1108 1792 1175; x_wconf 80' lang='lat' dir='ltr'><strong>duxit,</strong></span> <span class='ocrx_word' id='word_1_506' title='bbox 1848 1114 2086 1181; x_wconf 86' lang='lat' dir='ltr'><strong>pecuniis</strong></span> <span class='ocrx_word' id='word_1_507' title='bbox 2132 1122 2317 1170; x_wconf 90' lang='lat' dir='ltr'><strong>mutuo</strong></span> <span class='ocrx_word' id='word_1_508' title='bbox 2347 1117 2611 1187; x_wconf 90' lang='lat' dir='ltr'><strong>acceptis,</strong></span> <span class='ocrx_word' id='word_1_509' title='bbox 2640 1118 2827 1174; x_wconf 92' lang='lat' dir='ltr'><strong>eadem</strong></span> <span class='ocrx_word' id='word_1_510' title='bbox 2878 1122 3187 1192; x_wconf 86' lang='lat' dir='ltr'><strong>aggreditur</strong></span> 
     </span>
    </p>
   </div>
   <div class='ocr_carea' id='block_1_70' title="bbox 1601 1200 3189 1283">
    <p class='ocr_par' dir='ltr' id='par_1_70' title="bbox 1601 1200 3189 1283">
     <span class='ocr_line' id='line_1_70' title="bbox 1601 1200 3189 1283; baseline 0.009 -30"><span class='ocrx_word' id='word_1_511' title='bbox 1601 1200 1844 1269; x_wconf 88' lang='lat' dir='ltr'><strong>negotia,</strong></span> <span class='ocrx_word' id='word_1_512' title='bbox 1877 1201 2032 1272; x_wconf 90' lang='lat' dir='ltr'><strong>idque</strong></span> <span class='ocrx_word' id='word_1_513' title='bbox 2057 1220 2177 1258; x_wconf 91' lang='lat' dir='ltr'><strong>cum</strong></span> <span class='ocrx_word' id='word_1_514' title='bbox 2206 1206 2373 1261; x_wconf 83' lang='lat' dir='ltr'><strong>nihilo</strong></span> <span class='ocrx_word' id='word_1_515' title='bbox 2413 1211 2580 1279; x_wconf 89' lang='lat' dir='ltr'><strong>magis</strong></span> <span class='ocrx_word' id='word_1_516' title='bbox 2612 1218 2738 1266; x_wconf 89' lang='lat' dir='ltr'><strong>tunc</strong></span> <span class='ocrx_word' id='word_1_517' title='bbox 2760 1212 2892 1268; x_wconf 85' lang='lat' dir='ltr'><strong>sciat</strong></span> <span class='ocrx_word' id='word_1_518' title='bbox 2917 1214 3189 1283; x_wconf 88' lang='lat' dir='ltr'><strong>quomodo</strong></span> 
     </span>
    </p>
   </div>
   <div class='ocr_carea' id='block_1_71' title="bbox 1601 1294 3185 1376">
    <p class='ocr_par' dir='ltr' id='par_1_71' title="bbox 1601 1294 3185 1376">
     <span class='ocr_line' id='line_1_71' title="bbox 1601 1294 3185 1376; baseline 0.012 -33"><span class='ocrx_word' id='word_1_519' title='bbox 1601 1304 1876 1346; x_wconf 90' lang='lat' dir='ltr'><strong>cessurum</strong></span> <span class='ocrx_word' id='word_1_520' title='bbox 1902 1294 1999 1360; x_wconf 88' lang='lat' dir='ltr'><strong>sit,</strong></span> <span class='ocrx_word' id='word_1_521' title='bbox 2034 1312 2190 1364; x_wconf 90' lang='lat' dir='ltr'><strong>quam</strong></span> <span class='ocrx_word' id='word_1_522' title='bbox 2229 1298 2423 1353; x_wconf 86' lang='lat' dir='ltr'><strong>scierat</strong></span> <span class='ocrx_word' id='word_1_523' title='bbox 2449 1308 2625 1356; x_wconf 89' lang='lat' dir='ltr'><strong>antea.</strong></span> <span class='ocrx_word' id='word_1_524' title='bbox 2668 1303 2905 1374; x_wconf 91' lang='lat' dir='ltr'><strong>Denique</strong></span> <span class='ocrx_word' id='word_1_525' title='bbox 2943 1308 3185 1376; x_wconf 88' lang='lat' dir='ltr'><strong>quicum-</strong></span> 
     </span>
    </p>
   </div>
   <div class='ocr_carea' id='block_1_72' title="bbox 1600 1383 3181 1464">
    <p class='ocr_par' dir='ltr' id='par_1_72' title="bbox 1600 1383 3181 1464">
     <span class='ocr_line' id='line_1_72' title="bbox 1600 1383 3181 1464; baseline 0.011 -29"><span class='ocrx_word' id='word_1_526' title='bbox 1600 1398 1703 1452; x_wconf 89' lang='lat' dir='ltr'><strong>que</strong></span> <span class='ocrx_word' id='word_1_527' title='bbox 1730 1383 1907 1438; x_wconf 88' lang='lat' dir='ltr'><strong>solent</strong></span> <span class='ocrx_word' id='word_1_528' title='bbox 1943 1388 2155 1455; x_wconf 80' lang='lat' dir='ltr'><strong>aggredi</strong></span> <span class='ocrx_word' id='word_1_529' title='bbox 2183 1404 2294 1443; x_wconf 92' lang='lat' dir='ltr'><strong>rem</strong></span> <span class='ocrx_word' id='word_1_530' title='bbox 2321 1406 2709 1464; x_wconf 91' lang='lat' dir='ltr'><strong>quamcumque</strong></span> <span class='ocrx_word' id='word_1_531' title='bbox 2728 1435 2742 1459; x_wconf 92' lang='lat'><strong>,</strong></span> <span class='ocrx_word' id='word_1_532' title='bbox 2770 1396 2841 1450; x_wconf 88' lang='lat' dir='ltr'><strong>ita</strong></span> <span class='ocrx_word' id='word_1_533' title='bbox 2864 1395 3038 1453; x_wconf 88' lang='lat' dir='ltr'><strong>facere</strong></span> <span class='ocrx_word' id='word_1_534' title='bbox 3062 1412 3181 1452; x_wconf 84' lang='lat' dir='ltr'><strong>con-</strong></span> 
     </span>
    </p>
   </div>
   <div class='ocr_carea' id='block_1_73' title="bbox 1600 1479 3180 1560">
    <p class='ocr_par' dir='ltr' id='par_1_73' title="bbox 1600 1479 3180 1560">
     <span class='ocr_line' id='line_1_73' title="bbox 1600 1479 3180 1560; baseline 0.009 -33"><span class='ocrx_word' id='word_1_535' title='bbox 1600 1484 1884 1529; x_wconf 88' lang='lat' dir='ltr'><strong>sueverunt</strong></span> <span class='ocrx_word' id='word_1_536' title='bbox 1908 1519 1923 1541; x_wconf 85' lang='lat'><strong>,</strong></span> <span class='ocrx_word' id='word_1_537' title='bbox 1952 1479 2397 1548; x_wconf 86' lang='lat' dir='ltr'><strong>quemadmodum</strong></span> <span class='ocrx_word' id='word_1_538' title='bbox 2446 1481 2645 1539; x_wconf 90' lang='lat' dir='ltr'><strong>faciunt</strong></span> <span class='ocrx_word' id='word_1_539' title='bbox 2670 1487 2900 1557; x_wconf 88' lang='lat' dir='ltr'><strong>agricola</strong></span> <span class='ocrx_word' id='word_1_540' title='bbox 2929 1504 3180 1560; x_wconf 34' lang='lat' dir='ltr'><strong>ac‘nego-</strong></span> 
     </span>
    </p>
   </div>
   <div class='ocr_carea' id='block_1_74' title="bbox 1600 1567 3178 1638">
    <p class='ocr_par' dir='ltr' id='par_1_74' title="bbox 1600 1567 3178 1638">
     <span class='ocr_line' id='line_1_74' title="bbox 1600 1567 3178 1638; baseline 0.009 -19"><span class='ocrx_word' id='word_1_541' title='bbox 1600 1567 1776 1621; x_wconf 87' lang='lat' dir='ltr'><strong>tiator.</strong></span> <span class='ocrx_word' id='word_1_542' title='bbox 1801 1567 1870 1622; x_wconf 88' lang='lat' dir='ltr'><strong>Et</strong></span> <span class='ocrx_word' id='word_1_543' title='bbox 1903 1581 2021 1638; x_wconf 90' lang='lat' dir='ltr'><strong>post</strong></span> <span class='ocrx_word' id='word_1_544' title='bbox 2049 1569 2165 1626; x_wconf 50' lang='lat' dir='ltr'><strong>hate</strong></span> <span class='ocrx_word' id='word_1_545' title='bbox 2190 1587 2308 1626; x_wconf 92' lang='lat' dir='ltr'><strong>cum</strong></span> <span class='ocrx_word' id='word_1_546' title='bbox 2341 1575 2413 1629; x_wconf 92' lang='lat' dir='ltr'><strong>illi</strong></span> <span class='ocrx_word' id='word_1_547' title='bbox 2452 1584 2647 1631; x_wconf 88' lang='lat' dir='ltr'><strong>tantam</strong></span> <span class='ocrx_word' id='word_1_548' title='bbox 2679 1578 2965 1635; x_wconf 84' lang='lat' dir='ltr'><strong>adhibeant</strong></span> <span class='ocrx_word' id='word_1_549' title='bbox 2996 1595 3178 1635; x_wconf 89' lang='lat' dir='ltr'><strong>curam</strong></span> 
     </span>
    </p>
   </div>
   <div class='ocr_carea' id='block_1_75' title="bbox 1599 1658 3181 1743">
    <p class='ocr_par' dir='ltr' id='par_1_75' title="bbox 1599 1658 3181 1743">
     <span class='ocr_line' id='line_1_75' title="bbox 1599 1658 3181 1743; baseline 0.01 -32"><span class='ocrx_word' id='word_1_550' title='bbox 1599 1658 1943 1728; x_wconf 90' lang='lat' dir='ltr'><strong>studiumque</strong></span> <span class='ocrx_word' id='word_1_551' title='bbox 1973 1662 2112 1716; x_wconf 89' lang='lat' dir='ltr'><strong>circa</strong></span> <span class='ocrx_word' id='word_1_552' title='bbox 2140 1679 2229 1718; x_wconf 92' lang='lat' dir='ltr'><strong>res</strong></span> <span class='ocrx_word' id='word_1_553' title='bbox 2269 1664 2334 1718; x_wconf 90' lang='lat' dir='ltr'><strong>ad</strong></span> <span class='ocrx_word' id='word_1_554' title='bbox 2372 1668 2644 1735; x_wconf 67' lang='lat' dir='ltr'><strong>prmsentis</strong></span> <span class='ocrx_word' id='word_1_555' title='bbox 2672 1683 2826 1723; x_wconf 89' lang='lat' dir='ltr'><strong>usum</strong></span> <span class='ocrx_word' id='word_1_556' title='bbox 2857 1671 2977 1726; x_wconf 75' lang='lat' dir='ltr'><strong>vitae</strong></span> <span class='ocrx_word' id='word_1_557' title='bbox 3020 1674 3181 1743; x_wconf 83' lang='lat' dir='ltr'><strong>perli-</strong></span> 
     </span>
    </p>
   </div>
   <div class='ocr_carea' id='block_1_76' title="bbox 1597 1750 3177 1831">
    <p class='ocr_par' dir='ltr' id='par_1_76' title="bbox 1597 1750 3177 1831">
     <span class='ocr_line' id='line_1_76' title="bbox 1597 1750 3177 1831; baseline 0.01 -30"><span class='ocrx_word' id='word_1_558' title='bbox 1597 1757 1783 1804; x_wconf 91' lang='lat' dir='ltr'><strong>nentes</strong></span> <span class='ocrx_word' id='word_1_559' title='bbox 1802 1790 1818 1815; x_wconf 90' lang='lat'><strong>,</strong></span> <span class='ocrx_word' id='word_1_560' title='bbox 1847 1750 1971 1806; x_wconf 90' lang='lat' dir='ltr'><strong>licet</strong></span> <span class='ocrx_word' id='word_1_561' title='bbox 1993 1752 2164 1806; x_wconf 79' lang='lat' dir='ltr'><strong>exitus</strong></span> <span class='ocrx_word' id='word_1_562' title='bbox 2185 1753 2253 1807; x_wconf 90' lang='lat' dir='ltr'><strong>sit</strong></span> <span class='ocrx_word' id='word_1_563' title='bbox 2282 1755 2513 1811; x_wconf 90' lang='lat' dir='ltr'><strong>incertus</strong></span> <span class='ocrx_word' id='word_1_564' title='bbox 2544 1773 2559 1811; x_wconf 87' lang='lat'><strong>:</strong></span> <span class='ocrx_word' id='word_1_565' title='bbox 2587 1772 2686 1812; x_wconf 90' lang='lat' dir='ltr'><strong>nos</strong></span> <span class='ocrx_word' id='word_1_566' title='bbox 2705 1758 2750 1813; x_wconf 90' lang='lat' dir='ltr'><strong>si</strong></span> <span class='ocrx_word' id='word_1_567' title='bbox 2776 1759 3051 1831; x_wconf 85' lang='lat' dir='ltr'><strong>loquentes</strong></span> <span class='ocrx_word' id='word_1_568' title='bbox 3071 1778 3177 1817; x_wconf 89' lang='lat' dir='ltr'><strong>non</strong></span> 
     </span>
    </p>
   </div>
   <div class='ocr_carea' id='block_1_77' title="bbox 1596 1838 3179 1921">
    <p class='ocr_par' dir='ltr' id='par_1_77' title="bbox 1596 1838 3179 1921">
     <span class='ocr_line' id='line_1_77' title="bbox 1596 1838 3179 1921; baseline 0.012 -31"><span class='ocrx_word' id='word_1_569' title='bbox 1596 1839 1759 1894; x_wconf 91' lang='lat' dir='ltr'><strong>auditi</strong></span> <span class='ocrx_word' id='word_1_570' title='bbox 1781 1838 2034 1895; x_wconf 90' lang='lat' dir='ltr'><strong>fuerimus</strong></span> <span class='ocrx_word' id='word_1_571' title='bbox 2054 1884 2070 1907; x_wconf 93' lang='lat'><strong>,</strong></span> <span class='ocrx_word' id='word_1_572' title='bbox 2098 1843 2237 1897; x_wconf 89' lang='lat' dir='ltr'><strong>illico</strong></span> <span class='ocrx_word' id='word_1_573' title='bbox 2266 1844 2606 1902; x_wconf 80' lang='lat' dir='ltr'><strong>desinemus?</strong></span> <span class='ocrx_word' id='word_1_574' title='bbox 2632 1848 2703 1904; x_wconf 81' lang='lat' dir='ltr'><strong>Et</strong></span> <span class='ocrx_word' id='word_1_575' title='bbox 2728 1866 2885 1921; x_wconf 88' lang='lat' dir='ltr'><strong>quam</strong></span> <span class='ocrx_word' id='word_1_576' title='bbox 2918 1852 3179 1909; x_wconf 90' lang='lat' dir='ltr'><strong>obtinebi-</strong></span> 
     </span>
    </p>
   </div>
   <div class='ocr_carea' id='block_1_78' title="bbox 1598 1931 3175 2000">
    <p class='ocr_par' dir='ltr' id='par_1_78' title="bbox 1598 1931 3175 2000">
     <span class='ocr_line' id='line_1_78' title="bbox 1598 1931 3175 2000; baseline 0.009 -17"><span class='ocrx_word' id='word_1_577' title='bbox 1598 1945 1717 1983; x_wconf 85' lang='lat' dir='ltr'><strong>mus</strong></span> <span class='ocrx_word' id='word_1_578' title='bbox 1744 1931 1995 1985; x_wconf 86' lang='lat' dir='ltr'><strong>veniam?</strong></span> <span class='ocrx_word' id='word_1_579' title='bbox 2019 1932 2153 2000; x_wconf 92' lang='lat' dir='ltr'><strong>Quid</strong></span> <span class='ocrx_word' id='word_1_580' title='bbox 2176 1936 2528 1990; x_wconf 86' lang='lat' dir='ltr'><strong>excusationis</strong></span> <span class='ocrx_word' id='word_1_581' title='bbox 2553 1938 2876 1996; x_wconf 81' lang='lat' dir='ltr'><strong>atl&#39;eremus?</strong></span> <span class='ocrx_word' id='word_1_582' title='bbox 2902 1942 2969 1997; x_wconf 87' lang='lat' dir='ltr'><strong>Et</strong></span> <span class='ocrx_word' id='word_1_583' title='bbox 2999 1953 3175 1999; x_wconf 89' lang='lat' dir='ltr'><strong>tamen</strong></span> 
     </span>
    </p>
   </div>
   <div class='ocr_carea' id='block_1_79' title="bbox 1596 2019 3175 2099">
    <p class='ocr_par' dir='ltr' id='par_1_79' title="bbox 1596 2019 3175 2099">
     <span class='ocr_line' id='line_1_79' title="bbox 1596 2019 3175 2099; baseline 0.009 -26"><span class='ocrx_word' id='word_1_584' title='bbox 1596 2019 1701 2074; x_wconf 89' lang='lat' dir='ltr'><strong>illis</strong></span> <span class='ocrx_word' id='word_1_585' title='bbox 1724 2060 1740 2086; x_wconf 93' lang='lat'><strong>,</strong></span> <span class='ocrx_word' id='word_1_586' title='bbox 1773 2020 1816 2074; x_wconf 91' lang='lat' dir='ltr'><strong>si</strong></span> <span class='ocrx_word' id='word_1_587' title='bbox 1848 2036 1952 2075; x_wconf 88' lang='lat' dir='ltr'><strong>non</strong></span> <span class='ocrx_word' id='word_1_588' title='bbox 1984 2026 2331 2091; x_wconf 85' lang='lat' dir='ltr'><strong>successerit,</strong></span> <span class='ocrx_word' id='word_1_589' title='bbox 2362 2026 2535 2081; x_wconf 90' lang='lat' dir='ltr'><strong>nullus</strong></span> <span class='ocrx_word' id='word_1_590' title='bbox 2562 2038 2645 2083; x_wconf 88' lang='lat' dir='ltr'><strong>est</strong></span> <span class='ocrx_word' id='word_1_591' title='bbox 2687 2030 2775 2099; x_wconf 92' lang='lat' dir='ltr'><strong>qui</strong></span> <span class='ocrx_word' id='word_1_592' title='bbox 2804 2030 3055 2086; x_wconf 89' lang='lat' dir='ltr'><strong>damnum</strong></span> <span class='ocrx_word' id='word_1_593' title='bbox 3081 2048 3175 2089; x_wconf 90' lang='lat' dir='ltr'><strong>ac-</strong></span> 
     </span>
    </p>
   </div>
   <div class='ocr_carea' id='block_1_80' title="bbox 1595 2112 3173 2181">
    <p class='ocr_par' dir='ltr' id='par_1_80' title="bbox 1595 2112 3173 2181">
     <span class='ocr_line' id='line_1_80' title="bbox 1595 2112 3173 2181; baseline 0.009 -15"><span class='ocrx_word' id='word_1_594' title='bbox 1595 2120 1806 2181; x_wconf 84' lang='lat' dir='ltr'><strong>ceptum</strong></span> <span class='ocrx_word' id='word_1_595' title='bbox 1840 2112 2004 2171; x_wconf 89' lang='lat' dir='ltr'><strong>leniat</strong></span> <span class='ocrx_word' id='word_1_596' title='bbox 2038 2132 2054 2169; x_wconf 89' lang='lat'><strong>:</strong></span> <span class='ocrx_word' id='word_1_597' title='bbox 2087 2115 2246 2170; x_wconf 90' lang='lat' dir='ltr'><strong>veluti</strong></span> <span class='ocrx_word' id='word_1_598' title='bbox 2285 2118 2329 2170; x_wconf 91' lang='lat' dir='ltr'><strong>si</strong></span> <span class='ocrx_word' id='word_1_599' title='bbox 2362 2133 2505 2172; x_wconf 83' lang='lat' dir='ltr'><strong>mare</strong></span> <span class='ocrx_word' id='word_1_600' title='bbox 2531 2121 2707 2174; x_wconf 87' lang='lat' dir='ltr'><strong>navim</strong></span> <span class='ocrx_word' id='word_1_601' title='bbox 2736 2120 2982 2179; x_wconf 84' lang='lat' dir='ltr'><strong>fluctibus</strong></span> <span class='ocrx_word' id='word_1_602' title='bbox 3011 2125 3173 2179; x_wconf 82' lang='lat' dir='ltr'><strong>obru—</strong></span> 
     </span>
    </p>
   </div>
   <div class='ocr_carea' id='block_1_81' title="bbox 1593 2203 3174 2281">
    <p class='ocr_par' dir='ltr' id='par_1_81' title="bbox 1593 2203 3174 2281">
     <span class='ocr_line' id='line_1_81' title="bbox 1593 2203 3174 2281; baseline 0.008 -26"><span class='ocrx_word' id='word_1_603' title='bbox 1593 2203 1729 2270; x_wconf 88' lang='lat' dir='ltr'><strong>erit,</strong></span> <span class='ocrx_word' id='word_1_604' title='bbox 1762 2218 1920 2258; x_wconf 92' lang='lat' dir='ltr'><strong>nemo</strong></span> <span class='ocrx_word' id='word_1_605' title='bbox 1966 2204 2261 2260; x_wconf 90' lang='lat' dir='ltr'><strong>medebitur</strong></span> <span class='ocrx_word' id='word_1_606' title='bbox 2307 2207 2497 2277; x_wconf 72' lang='lat' dir='ltr'><strong>inopia:</strong></span> <span class='ocrx_word' id='word_1_607' title='bbox 2540 2210 2780 2281; x_wconf 82' lang='lat' dir='ltr'><strong>naufragi</strong></span> <span class='ocrx_word' id='word_1_608' title='bbox 2811 2227 2826 2265; x_wconf 93' lang='lat'><strong>:</strong></span> <span class='ocrx_word' id='word_1_609' title='bbox 2857 2213 2902 2267; x_wconf 90' lang='lat' dir='ltr'><strong>si</strong></span> <span class='ocrx_word' id='word_1_610' title='bbox 2941 2214 3023 2267; x_wconf 89' lang='lat' dir='ltr'><strong>vis</strong></span> <span class='ocrx_word' id='word_1_611' title='bbox 3067 2216 3174 2269; x_wconf 84' lang='lat' dir='ltr'><strong>im-</strong></span> 
     </span>
    </p>
   </div>
   <div class='ocr_carea' id='block_1_82' title="bbox 1594 2295 3167 2374">
    <p class='ocr_par' dir='ltr' id='par_1_82' title="bbox 1594 2295 3167 2374">
     <span class='ocr_line' id='line_1_82' title="bbox 1594 2295 3167 2374; baseline 0.008 -26"><span class='ocrx_word' id='word_1_612' title='bbox 1594 2295 1765 2349; x_wconf 91' lang='lat' dir='ltr'><strong>brium</strong></span> <span class='ocrx_word' id='word_1_613' title='bbox 1797 2295 1960 2351; x_wconf 85' lang='lat' dir='ltr'><strong>effusa</strong></span> <span class='ocrx_word' id='word_1_614' title='bbox 1986 2296 2038 2351; x_wconf 92' lang='lat' dir='ltr'><strong>in</strong></span> <span class='ocrx_word' id='word_1_615' title='bbox 2065 2312 2249 2352; x_wconf 89' lang='lat' dir='ltr'><strong>arvum</strong></span> <span class='ocrx_word' id='word_1_616' title='bbox 2277 2298 2573 2367; x_wconf 68' lang='lat' dir='ltr'><strong>prmfoc’arit</strong></span> <span class='ocrx_word' id='word_1_617' title='bbox 2599 2311 2889 2358; x_wconf 89' lang='lat' dir='ltr'><strong>sementem</strong></span> <span class='ocrx_word' id='word_1_618' title='bbox 2915 2346 2930 2366; x_wconf 88' lang='lat'><strong>,</strong></span> <span class='ocrx_word' id='word_1_619' title='bbox 2960 2305 3167 2374; x_wconf 73' lang='lat' dir='ltr'><strong>ccgitnr</strong></span> 
     </span>
    </p>
   </div>
   <div class='ocr_carea' id='block_1_83' title="bbox 1593 2387 3163 2465">
    <p class='ocr_par' dir='ltr' id='par_1_83' title="bbox 1593 2387 3163 2465">
     <span class='ocr_line' id='line_1_83' title="bbox 1593 2387 3163 2465; baseline 0.006 -26"><span class='ocrx_word' id='word_1_620' title='bbox 1593 2387 1823 2456; x_wconf 87' lang='lat' dir='ltr'><strong>agricola</strong></span> <span class='ocrx_word' id='word_1_621' title='bbox 1849 2389 2027 2443; x_wconf 87' lang='lat' dir='ltr'><strong>vacuis</strong></span> <span class='ocrx_word' id='word_1_622' title='bbox 2055 2389 2299 2446; x_wconf 90' lang='lat' dir='ltr'><strong>manibus</strong></span> <span class='ocrx_word' id='word_1_623' title='bbox 2343 2391 2490 2447; x_wconf 90' lang='lat' dir='ltr'><strong>abire</strong></span> <span class='ocrx_word' id='word_1_624' title='bbox 2514 2392 2750 2448; x_wconf 90' lang='lat' dir='ltr'><strong>domum.</strong></span> <span class='ocrx_word' id='word_1_625' title='bbox 2777 2393 2968 2449; x_wconf 85' lang='lat' dir='ltr'><strong>Nostra</strong></span> <span class='ocrx_word' id='word_1_626' title='bbox 3000 2412 3126 2451; x_wconf 85' lang='lat' dir='ltr'><strong>vero</strong></span> <span class='ocrx_word' id='word_1_627' title='bbox 3146 2439 3163 2465; x_wconf 89' lang='lat'><strong>,</strong></span> 
     </span>
    </p>
   </div>
   <div class='ocr_carea' id='block_1_84' title="bbox 1592 2479 3165 2550">
    <p class='ocr_par' dir='ltr' id='par_1_84' title="bbox 1592 2479 3165 2550">
     <span class='ocr_line' id='line_1_84' title="bbox 1592 2479 3165 2550; baseline 0.006 -16"><span class='ocrx_word' id='word_1_628' title='bbox 1592 2494 1712 2534; x_wconf 89' lang='lat' dir='ltr'><strong>cum</strong></span> <span class='ocrx_word' id='word_1_629' title='bbox 1725 2479 2090 2550; x_wconf 87' lang='lat' dir='ltr'><strong>loquimuraut</strong></span> <span class='ocrx_word' id='word_1_630' title='bbox 2105 2481 2465 2549; x_wconf 79' lang='lat' dir='ltr'><strong>exhortamur,</strong></span> <span class='ocrx_word' id='word_1_631' title='bbox 2486 2496 2682 2541; x_wconf 89' lang='lat' dir='ltr'><strong>nonest</strong></span> <span class='ocrx_word' id='word_1_632' title='bbox 2699 2484 2885 2541; x_wconf 90' lang='lat' dir='ltr'><strong>eadem</strong></span> <span class='ocrx_word' id='word_1_633' title='bbox 2909 2487 3165 2543; x_wconf 89' lang='lat' dir='ltr'><strong>conditio.</strong></span> 
     </span>
    </p>
   </div>
   <div class='ocr_carea' id='block_1_85' title="bbox 1665 2570 3166 2645">
    <p class='ocr_par' dir='ltr' id='par_1_85' title="bbox 1665 2570 3166 2645">
     <span class='ocr_line' id='line_1_85' title="bbox 1665 2570 3166 2645; baseline 0.005 -22"><span class='ocrx_word' id='word_1_634' title='bbox 1665 2570 1900 2625; x_wconf 79' lang='lat' dir='ltr'><strong>Ministro</strong></span> <span class='ocrx_word' id='word_1_635' title='bbox 1957 2570 2123 2635; x_wconf 78' lang='lat' dir='ltr'><strong>verbi,</strong></span> <span class='ocrx_word' id='word_1_636' title='bbox 2154 2573 2301 2626; x_wconf 84' lang='lat' dir='ltr'><strong>etiam</strong></span> <span class='ocrx_word' id='word_1_637' title='bbox 2338 2574 2384 2626; x_wconf 82' lang='lat' dir='ltr'><strong>si</strong></span> <span class='ocrx_word' id='word_1_638' title='bbox 2425 2582 2593 2642; x_wconf 86' lang='lat' dir='ltr'><strong>pereat</strong></span> <span class='ocrx_word' id='word_1_639' title='bbox 2633 2591 2815 2645; x_wconf 82' lang='lat' dir='ltr'><strong>opera,</strong></span> <span class='ocrx_word' id='word_1_640' title='bbox 2853 2592 2954 2630; x_wconf 85' lang='lat' dir='ltr'><strong>non</strong></span> <span class='ocrx_word' id='word_1_641' title='bbox 3000 2585 3166 2631; x_wconf 79' lang='lat' dir='ltr'><strong>tamen</strong></span> 
     </span>
    </p>
   </div>
   <div class='ocr_carea' id='block_1_86' title="bbox 1593 2661 3172 2737">
    <p class='ocr_par' dir='ltr' id='par_1_86' title="bbox 1593 2661 3172 2737">
     <span class='ocr_line' id='line_1_86' title="bbox 1593 2661 3172 2737; baseline 0.007 -22"><span class='ocrx_word' id='word_1_642' title='bbox 1593 2661 1742 2731; x_wconf 83' lang='lat' dir='ltr'><strong>periit</strong></span> <span class='ocrx_word' id='word_1_643' title='bbox 1769 2678 1975 2718; x_wconf 78' lang='lat' dir='ltr'><strong>merces.</strong></span> <span class='ocrx_word' id='word_1_644' title='bbox 2000 2692 2073 2703; x_wconf 93' lang='lat'><strong>—</strong></span> <span class='ocrx_word' id='word_1_645' title='bbox 2098 2663 2209 2719; x_wconf 94' lang='lat' dir='ltr'><strong>lmo</strong></span> <span class='ocrx_word' id='word_1_646' title='bbox 2237 2664 2281 2718; x_wconf 90' lang='lat' dir='ltr'><strong>si</strong></span> <span class='ocrx_word' id='word_1_647' title='bbox 2319 2679 2501 2719; x_wconf 89' lang='lat' dir='ltr'><strong>semen</strong></span> <span class='ocrx_word' id='word_1_648' title='bbox 2535 2682 2631 2737; x_wconf 91' lang='lat' dir='ltr'><strong>per</strong></span> <span class='ocrx_word' id='word_1_649' title='bbox 2660 2676 2711 2722; x_wconf 91' lang='lat' dir='ltr'><strong>te</strong></span> <span class='ocrx_word' id='word_1_650' title='bbox 2735 2667 2933 2737; x_wconf 90' lang='lat' dir='ltr'><strong>jactum</strong></span> <span class='ocrx_word' id='word_1_651' title='bbox 2963 2670 3172 2726; x_wconf 89' lang='lat' dir='ltr'><strong>auditor</strong></span> 
     </span>
    </p>
   </div>
   <div class='ocr_carea' id='block_1_87' title="bbox 1590 2752 3167 2821">
    <p class='ocr_par' dir='ltr' id='par_1_87' title="bbox 1590 2752 3167 2821">
     <span class='ocr_line' id='line_1_87' title="bbox 1590 2752 3167 2821; baseline 0.008 -15"><span class='ocrx_word' id='word_1_652' title='bbox 1590 2766 1699 2806; x_wconf 88' lang='lat' dir='ltr'><strong>non</strong></span> <span class='ocrx_word' id='word_1_653' title='bbox 1739 2752 2031 2821; x_wconf 90' lang='lat' dir='ltr'><strong>receperit,</strong></span> <span class='ocrx_word' id='word_1_654' title='bbox 2062 2767 2161 2807; x_wconf 91' lang='lat' dir='ltr'><strong>nec</strong></span> <span class='ocrx_word' id='word_1_655' title='bbox 2189 2753 2504 2809; x_wconf 74' lang='lat' dir='ltr'><strong>obedientia:</strong></span> <span class='ocrx_word' id='word_1_656' title='bbox 2532 2755 2758 2811; x_wconf 89' lang='lat' dir='ltr'><strong>fructum</strong></span> <span class='ocrx_word' id='word_1_657' title='bbox 2789 2759 3070 2820; x_wconf 90' lang='lat' dir='ltr'><strong>retulerit.</strong></span> <span class='ocrx_word' id='word_1_658' title='bbox 3104 2773 3167 2821; x_wconf 81' lang='lat' dir='ltr'><strong>tu</strong></span> 
     </span>
    </p>
   </div>
   <div class='ocr_carea' id='block_1_88' title="bbox 1591 2842 3163 2909">
    <p class='ocr_par' dir='ltr' id='par_1_88' title="bbox 1591 2842 3163 2909">
     <span class='ocr_line' id='line_1_88' title="bbox 1591 2842 3163 2909; baseline 0.005 -14"><span class='ocrx_word' id='word_1_659' title='bbox 1591 2847 1769 2897; x_wconf 86' lang='lat' dir='ltr'><strong>tamen</strong></span> <span class='ocrx_word' id='word_1_660' title='bbox 1810 2842 2184 2896; x_wconf 89' lang='lat' dir='ltr'><strong>communicati</strong></span> <span class='ocrx_word' id='word_1_661' title='bbox 2224 2844 2427 2897; x_wconf 88' lang='lat' dir='ltr'><strong>consilii</strong></span> <span class='ocrx_word' id='word_1_662' title='bbox 2463 2845 2760 2900; x_wconf 87' lang='lat' dir='ltr'><strong>mercedem</strong></span> <span class='ocrx_word' id='word_1_663' title='bbox 2799 2845 2906 2902; x_wconf 90' lang='lat' dir='ltr'><strong>fers</strong></span> <span class='ocrx_word' id='word_1_664' title='bbox 2947 2862 2977 2901; x_wconf 90' lang='lat' dir='ltr'><strong>a</strong></span> <span class='ocrx_word' id='word_1_665' title='bbox 3016 2848 3163 2909; x_wconf 84' lang='lat' dir='ltr'><strong>Deo,</strong></span> 
     </span>
    </p>
   </div>
   <div class='ocr_carea' id='block_1_89' title="bbox 1592 2931 3157 3008">
    <p class='ocr_par' dir='ltr' id='par_1_89' title="bbox 1592 2931 3157 3008">
     <span class='ocr_line' id='line_1_89' title="bbox 1592 2931 3157 3008; baseline 0.006 -24"><span class='ocrx_word' id='word_1_666' title='bbox 1592 2946 1692 2985; x_wconf 91' lang='lat' dir='ltr'><strong>nec</strong></span> <span class='ocrx_word' id='word_1_667' title='bbox 1719 2931 1893 2986; x_wconf 90' lang='lat' dir='ltr'><strong>minus</strong></span> <span class='ocrx_word' id='word_1_668' title='bbox 1928 2932 2158 3001; x_wconf 89' lang='lat' dir='ltr'><strong>accipies</strong></span> <span class='ocrx_word' id='word_1_669' title='bbox 2186 2933 2387 3003; x_wconf 63' lang='lat' dir='ltr'><strong>prtemii</strong></span> <span class='ocrx_word' id='word_1_670' title='bbox 2419 2949 2525 2989; x_wconf 93' lang='lat' dir='ltr'><strong>non</strong></span> <span class='ocrx_word' id='word_1_671' title='bbox 2563 2936 2791 3003; x_wconf 90' lang='lat' dir='ltr'><strong>auditus,</strong></span> <span class='ocrx_word' id='word_1_672' title='bbox 2822 2953 2981 3008; x_wconf 90' lang='lat' dir='ltr'><strong>quam</strong></span> <span class='ocrx_word' id='word_1_673' title='bbox 3009 2952 3157 2995; x_wconf 68' lang='lat' dir='ltr'><strong>acceo</strong></span> 
     </span>
    </p>
   </div>
   <div class='ocr_carea' id='block_1_90' title="bbox 1591 3022 3161 3096">
    <p class='ocr_par' dir='ltr' id='par_1_90' title="bbox 1591 3022 3161 3096">
     <span class='ocr_line' id='line_1_90' title="bbox 1591 3022 3161 3096; baseline 0.008 -23"><span class='ocrx_word' id='word_1_674' title='bbox 1591 3030 1778 3089; x_wconf 82' lang='lat' dir='ltr'><strong>ptnrus</strong></span> <span class='ocrx_word' id='word_1_675' title='bbox 1806 3034 1927 3075; x_wconf 88' lang='lat' dir='ltr'><strong>eras</strong></span> <span class='ocrx_word' id='word_1_676' title='bbox 1951 3061 1967 3087; x_wconf 92' lang='lat'><strong>,</strong></span> <span class='ocrx_word' id='word_1_677' title='bbox 2002 3022 2048 3075; x_wconf 90' lang='lat' dir='ltr'><strong>si</strong></span> <span class='ocrx_word' id='word_1_678' title='bbox 2077 3022 2168 3076; x_wconf 91' lang='lat' dir='ltr'><strong>ille</strong></span> <span class='ocrx_word' id='word_1_679' title='bbox 2204 3022 2639 3093; x_wconf 88' lang='lat' dir='ltr'><strong>obtemperasset.</strong></span> <span class='ocrx_word' id='word_1_680' title='bbox 2667 3026 2817 3094; x_wconf 88' lang='lat' dir='ltr'><strong>Quod</strong></span> <span class='ocrx_word' id='word_1_681' title='bbox 2849 3040 2962 3084; x_wconf 90' lang='lat' dir='ltr'><strong>erat</strong></span> <span class='ocrx_word' id='word_1_682' title='bbox 2990 3030 3041 3084; x_wconf 92' lang='lat' dir='ltr'><strong>in</strong></span> <span class='ocrx_word' id='word_1_683' title='bbox 3073 3040 3125 3086; x_wconf 87' lang='lat' dir='ltr'><strong>te</strong></span> <span class='ocrx_word' id='word_1_684' title='bbox 3143 3069 3161 3096; x_wconf 86' lang='lat'><strong><em>.</em></strong></span> 
     </span>
    </p>
   </div>
   <div class='ocr_carea' id='block_1_91' title="bbox 1589 3111 3165 3185">
    <p class='ocr_par' dir='ltr' id='par_1_91' title="bbox 1589 3111 3165 3185">
     <span class='ocr_line' id='line_1_91' title="bbox 1589 3111 3165 3185; baseline 0.01 -22"><span class='ocrx_word' id='word_1_685' title='bbox 1589 3111 1881 3181; x_wconf 58' lang='lat' dir='ltr'><strong>praestitisti</strong></span> <span class='ocrx_word' id='word_1_686' title='bbox 1911 3128 1925 3164; x_wconf 90' lang='lat'><strong>:</strong></span> <span class='ocrx_word' id='word_1_687' title='bbox 1952 3121 2201 3167; x_wconf 65' lang='lat' dir='ltr'><strong>caaterum</strong></span> <span class='ocrx_word' id='word_1_688' title='bbox 2228 3113 2293 3167; x_wconf 89' lang='lat' dir='ltr'><strong>ad</strong></span> <span class='ocrx_word' id='word_1_689' title='bbox 2321 3114 2371 3169; x_wconf 91' lang='lat' dir='ltr'><strong>id</strong></span> <span class='ocrx_word' id='word_1_690' title='bbox 2390 3155 2406 3182; x_wconf 93' lang='lat'><strong>,</strong></span> <span class='ocrx_word' id='word_1_691' title='bbox 2435 3125 2492 3169; x_wconf 93' lang='lat' dir='ltr'><strong>ut</strong></span> <span class='ocrx_word' id='word_1_692' title='bbox 2520 3119 2931 3185; x_wconf 84' lang='lat' dir='ltr'><strong>persuadeamus</strong></span> <span class='ocrx_word' id='word_1_693' title='bbox 2953 3123 3165 3178; x_wconf 80' lang='lat' dir='ltr'><strong>audito-</strong></span> 
     </span>
    </p>
   </div>
   <div class='ocr_carea' id='block_1_92' title="bbox 1588 3201 3160 3270">
    <p class='ocr_par' dir='ltr' id='par_1_92' title="bbox 1588 3201 3160 3270">
     <span class='ocr_line' id='line_1_92' title="bbox 1588 3201 3160 3270; baseline 0.008 -13"><span class='ocrx_word' id='word_1_694' title='bbox 1588 3201 1769 3267; x_wconf 87' lang='lat' dir='ltr'><strong>ribus,</strong></span> <span class='ocrx_word' id='word_1_695' title='bbox 1796 3217 1901 3257; x_wconf 90' lang='lat' dir='ltr'><strong>non</strong></span> <span class='ocrx_word' id='word_1_696' title='bbox 1929 3216 2114 3257; x_wconf 91' lang='lat' dir='ltr'><strong>sumus</strong></span> <span class='ocrx_word' id='word_1_697' title='bbox 2138 3203 2407 3270; x_wconf 89' lang='lat' dir='ltr'><strong>obstricti,</strong></span> <span class='ocrx_word' id='word_1_698' title='bbox 2434 3206 2526 3261; x_wconf 90' lang='lat' dir='ltr'><strong>sed</strong></span> <span class='ocrx_word' id='word_1_699' title='bbox 2555 3216 2757 3263; x_wconf 88' lang='lat' dir='ltr'><strong>tantum</strong></span> <span class='ocrx_word' id='word_1_700' title='bbox 2787 3218 2843 3265; x_wconf 92' lang='lat' dir='ltr'><strong>ut</strong></span> <span class='ocrx_word' id='word_1_701' title='bbox 2870 3211 3160 3269; x_wconf 75' lang='lat' dir='ltr'><strong>admonea-</strong></span> 
     </span>
    </p>
   </div>
   <div class='ocr_carea' id='block_1_93' title="bbox 1587 3293 3159 3370">
    <p class='ocr_par' dir='ltr' id='par_1_93' title="bbox 1587 3293 3159 3370">
     <span class='ocr_line' id='line_1_93' title="bbox 1587 3293 3159 3370; baseline 0.009 -23"><span class='ocrx_word' id='word_1_702' title='bbox 1587 3309 1725 3349; x_wconf 87' lang='lat' dir='ltr'><strong>mus.</strong></span> <span class='ocrx_word' id='word_1_703' title='bbox 1759 3293 1968 3351; x_wconf 67' lang='lat' dir='ltr'><strong>Nostraa</strong></span> <span class='ocrx_word' id='word_1_704' title='bbox 1991 3295 2205 3367; x_wconf 86' lang='lat' dir='ltr'><strong>quidem</strong></span> <span class='ocrx_word' id='word_1_705' title='bbox 2241 3307 2420 3366; x_wconf 90' lang='lat' dir='ltr'><strong>partes</strong></span> <span class='ocrx_word' id='word_1_706' title='bbox 2444 3308 2566 3353; x_wconf 89' lang='lat' dir='ltr'><strong>sunt</strong></span> <span class='ocrx_word' id='word_1_707' title='bbox 2589 3300 2875 3359; x_wconf 86' lang='lat' dir='ltr'><strong>admonere</strong></span> <span class='ocrx_word' id='word_1_708' title='bbox 2897 3344 2914 3370; x_wconf 89' lang='lat'><strong>,</strong></span> <span class='ocrx_word' id='word_1_709' title='bbox 2947 3304 3159 3360; x_wconf 89' lang='lat' dir='ltr'><strong>illorum</strong></span> 
     </span>
    </p>
   </div>
   <div class='ocr_carea' id='block_1_94' title="bbox 1587 3386 3163 3459">
    <p class='ocr_par' dir='ltr' id='par_1_94' title="bbox 1587 3386 3163 3459">
     <span class='ocr_line' id='line_1_94' title="bbox 1587 3386 3163 3459; baseline 0.007 -20"><span class='ocrx_word' id='word_1_710' title='bbox 1587 3402 1717 3443; x_wconf 88' lang='lat' dir='ltr'><strong>vero</strong></span> <span class='ocrx_word' id='word_1_711' title='bbox 1757 3386 2145 3458; x_wconf 90' lang='lat' dir='ltr'><strong>obtemperare.</strong></span> <span class='ocrx_word' id='word_1_712' title='bbox 2178 3387 2247 3442; x_wconf 84' lang='lat' dir='ltr'><strong>Et</strong></span> <span class='ocrx_word' id='word_1_713' title='bbox 2284 3389 2726 3459; x_wconf 88' lang='lat' dir='ltr'><strong>quemadmodum</strong></span> <span class='ocrx_word' id='word_1_714' title='bbox 2768 3394 2813 3448; x_wconf 93' lang='lat' dir='ltr'><strong>si</strong></span> <span class='ocrx_word' id='word_1_715' title='bbox 2849 3409 2947 3449; x_wconf 90' lang='lat' dir='ltr'><strong>nos</strong></span> <span class='ocrx_word' id='word_1_716' title='bbox 2974 3395 3163 3450; x_wconf 91' lang='lat' dir='ltr'><strong>admo-</strong></span> 
     </span>
    </p>
   </div>
   <div class='ocr_carea' id='block_1_95' title="bbox 1589 3478 3161 3548">
    <p class='ocr_par' dir='ltr' id='par_1_95' title="bbox 1589 3478 3161 3548">
     <span class='ocr_line' id='line_1_95' title="bbox 1589 3478 3161 3548; baseline 0.006 -15"><span class='ocrx_word' id='word_1_717' title='bbox 1589 3480 1747 3534; x_wconf 91' lang='lat' dir='ltr'><strong>nendi</strong></span> <span class='ocrx_word' id='word_1_718' title='bbox 1791 3478 1969 3534; x_wconf 85' lang='lat' dir='ltr'><strong>officio</strong></span> <span class='ocrx_word' id='word_1_719' title='bbox 2012 3479 2178 3534; x_wconf 89' lang='lat' dir='ltr'><strong>functi</strong></span> <span class='ocrx_word' id='word_1_720' title='bbox 2217 3495 2322 3536; x_wconf 90' lang='lat' dir='ltr'><strong>non</strong></span> <span class='ocrx_word' id='word_1_721' title='bbox 2353 3480 2609 3537; x_wconf 90' lang='lat' dir='ltr'><strong>fuerimus</strong></span> <span class='ocrx_word' id='word_1_722' title='bbox 2631 3522 2648 3548; x_wconf 93' lang='lat'><strong>,</strong></span> <span class='ocrx_word' id='word_1_723' title='bbox 2675 3484 2881 3540; x_wconf 91' lang='lat' dir='ltr'><strong>etiamsi</strong></span> <span class='ocrx_word' id='word_1_724' title='bbox 2909 3495 3161 3543; x_wconf 76' lang='lat' dir='ltr'><strong>sexcenta</strong></span> 
     </span>
    </p>
   </div>
   <div class='ocr_carea' id='block_1_96' title="bbox 1587 3569 3164 3647">
    <p class='ocr_par' dir='ltr' id='par_1_96' title="bbox 1587 3569 3164 3647">
     <span class='ocr_line' id='line_1_96' title="bbox 1587 3569 3164 3647; baseline 0.004 -22"><span class='ocrx_word' id='word_1_725' title='bbox 1587 3570 1665 3626; x_wconf 90' lang='lat' dir='ltr'><strong>illi</strong></span> <span class='ocrx_word' id='word_1_726' title='bbox 1700 3569 1840 3628; x_wconf 84' lang='lat' dir='ltr'><strong>bOna</strong></span> <span class='ocrx_word' id='word_1_727' title='bbox 1879 3586 2042 3641; x_wconf 88' lang='lat' dir='ltr'><strong>opera</strong></span> <span class='ocrx_word' id='word_1_728' title='bbox 2081 3572 2375 3641; x_wconf 90' lang='lat' dir='ltr'><strong>ediderint,</strong></span> <span class='ocrx_word' id='word_1_729' title='bbox 2417 3573 2545 3642; x_wconf 90' lang='lat' dir='ltr'><strong>ipsis</strong></span> <span class='ocrx_word' id='word_1_730' title='bbox 2586 3574 2715 3630; x_wconf 88' lang='lat' dir='ltr'><strong>solis</strong></span> <span class='ocrx_word' id='word_1_731' title='bbox 2748 3577 3041 3647; x_wconf 90' lang='lat' dir='ltr'><strong>repositum</strong></span> <span class='ocrx_word' id='word_1_732' title='bbox 3079 3588 3164 3632; x_wconf 86' lang='lat' dir='ltr'><strong>est</strong></span> 
     </span>
    </p>
   </div>
   <div class='ocr_carea' id='block_1_97' title="bbox 1586 3661 3159 3738">
    <p class='ocr_par' dir='ltr' id='par_1_97' title="bbox 1586 3661 3159 3738">
     <span class='ocr_line' id='line_1_97' title="bbox 1586 3661 3159 3738; baseline 0.004 -20"><span class='ocrx_word' id='word_1_733' title='bbox 1586 3661 1863 3733; x_wconf 66' lang='lat' dir='ltr'><strong>praemium</strong></span> <span class='ocrx_word' id='word_1_734' title='bbox 1888 3704 1903 3728; x_wconf 92' lang='lat'><strong>,</strong></span> <span class='ocrx_word' id='word_1_735' title='bbox 1932 3662 2000 3719; x_wconf 91' lang='lat' dir='ltr'><strong>ad</strong></span> <span class='ocrx_word' id='word_1_736' title='bbox 2030 3677 2127 3717; x_wconf 90' lang='lat' dir='ltr'><strong>nos</strong></span> <span class='ocrx_word' id='word_1_737' title='bbox 2154 3664 2282 3718; x_wconf 90' lang='lat' dir='ltr'><strong>nihil</strong></span> <span class='ocrx_word' id='word_1_738' title='bbox 2310 3663 2503 3720; x_wconf 89' lang='lat' dir='ltr'><strong>redibit</strong></span> <span class='ocrx_word' id='word_1_739' title='bbox 2538 3665 2703 3732; x_wconf 88' lang='lat' dir='ltr'><strong>lucri,</strong></span> <span class='ocrx_word' id='word_1_740' title='bbox 2736 3666 3159 3738; x_wconf 89' lang='lat' dir='ltr'><strong>quandoquidem</strong></span> 
     </span>
    </p>
   </div>
   <div class='ocr_carea' id='block_1_98' title="bbox 1585 3753 3161 3813">
    <p class='ocr_par' dir='ltr' id='par_1_98' title="bbox 1585 3753 3161 3813">
     <span class='ocr_line' id='line_1_98' title="bbox 1585 3753 3161 3813; baseline 0.004 -5"><span class='ocrx_word' id='word_1_741' title='bbox 1585 3768 1694 3808; x_wconf 89' lang='lat' dir='ltr'><strong>non</strong></span> <span class='ocrx_word' id='word_1_742' title='bbox 1730 3753 1974 3809; x_wconf 88' lang='lat' dir='ltr'><strong>dedimus</strong></span> <span class='ocrx_word' id='word_1_743' title='bbox 2006 3753 2284 3810; x_wconf 89' lang='lat' dir='ltr'><strong>consilium</strong></span> <span class='ocrx_word' id='word_1_744' title='bbox 2317 3772 2331 3807; x_wconf 91' lang='lat'><strong>:</strong></span> <span class='ocrx_word' id='word_1_745' title='bbox 2359 3756 2431 3809; x_wconf 89' lang='lat' dir='ltr'><strong>ita</strong></span> <span class='ocrx_word' id='word_1_746' title='bbox 2470 3755 2516 3809; x_wconf 90' lang='lat' dir='ltr'><strong>si</strong></span> <span class='ocrx_word' id='word_1_747' title='bbox 2561 3755 2713 3810; x_wconf 89' lang='lat' dir='ltr'><strong>nobis</strong></span> <span class='ocrx_word' id='word_1_748' title='bbox 2753 3756 3161 3813; x_wconf 88' lang='lat' dir='ltr'><strong>admonentibus</strong></span> 
     </span>
    </p>
   </div>
   <div class='ocr_carea' id='block_1_99' title="bbox 1585 3845 3160 3916">
    <p class='ocr_par' dir='ltr' id='par_1_99' title="bbox 1585 3845 3160 3916">
     <span class='ocr_line' id='line_1_99' title="bbox 1585 3845 3160 3916; baseline 0.003 -17"><span class='ocrx_word' id='word_1_749' title='bbox 1585 3845 1663 3900; x_wconf 90' lang='lat' dir='ltr'><strong>illi</strong></span> <span class='ocrx_word' id='word_1_750' title='bbox 1707 3858 1814 3900; x_wconf 90' lang='lat' dir='ltr'><strong>non</strong></span> <span class='ocrx_word' id='word_1_751' title='bbox 1857 3845 2226 3914; x_wconf 88' lang='lat' dir='ltr'><strong>auscultarint,</strong></span> <span class='ocrx_word' id='word_1_752' title='bbox 2269 3845 2337 3901; x_wconf 90' lang='lat' dir='ltr'><strong>ad</strong></span> <span class='ocrx_word' id='word_1_753' title='bbox 2378 3847 2523 3916; x_wconf 90' lang='lat' dir='ltr'><strong>ipsos</strong></span> <span class='ocrx_word' id='word_1_754' title='bbox 2562 3848 2705 3902; x_wconf 90' lang='lat' dir='ltr'><strong>solos</strong></span> <span class='ocrx_word' id='word_1_755' title='bbox 2745 3848 2941 3904; x_wconf 87' lang='lat' dir='ltr'><strong>redibit</strong></span> <span class='ocrx_word' id='word_1_756' title='bbox 2983 3850 3160 3905; x_wconf 86' lang='lat' dir='ltr'><strong>omnis</strong></span> 
     </span>
    </p>
   </div>
   <div class='ocr_carea' id='block_1_100' title="bbox 1586 3936 3161 4012">
    <p class='ocr_par' dir='ltr' id='par_1_100' title="bbox 1586 3936 3161 4012">
     <span class='ocr_line' id='line_1_100' title="bbox 1586 3936 3161 4012; baseline 0.003 -21"><span class='ocrx_word' id='word_1_757' title='bbox 1586 3937 1755 4003; x_wconf 91' lang='lat' dir='ltr'><strong>ultio,</strong></span> <span class='ocrx_word' id='word_1_758' title='bbox 1799 3936 1954 3992; x_wconf 91' lang='lat' dir='ltr'><strong>nobis</strong></span> <span class='ocrx_word' id='word_1_759' title='bbox 1996 3946 2170 3993; x_wconf 88' lang='lat' dir='ltr'><strong>autem</strong></span> <span class='ocrx_word' id='word_1_760' title='bbox 2215 3936 2347 3992; x_wconf 91' lang='lat' dir='ltr'><strong>nihil</strong></span> <span class='ocrx_word' id='word_1_761' title='bbox 2391 3938 2774 4008; x_wconf 90' lang='lat' dir='ltr'><strong>imputabitur,</strong></span> <span class='ocrx_word' id='word_1_762' title='bbox 2818 3941 2944 4012; x_wconf 90' lang='lat' dir='ltr'><strong>quin</strong></span> <span class='ocrx_word' id='word_1_763' title='bbox 2985 3941 3161 4011; x_wconf 90' lang='lat' dir='ltr'><strong>potius</strong></span> 
     </span>
    </p>
   </div>
   <div class='ocr_carea' id='block_1_101' title="bbox 1583 4026 3158 4101">
    <p class='ocr_par' dir='ltr' id='par_1_101' title="bbox 1583 4026 3158 4101">
     <span class='ocr_line' id='line_1_101' title="bbox 1583 4026 3158 4101; baseline 0.002 -19"><span class='ocrx_word' id='word_1_764' title='bbox 1583 4026 1798 4096; x_wconf 85' lang='lat' dir='ltr'><strong>cepiosa</strong></span> <span class='ocrx_word' id='word_1_765' title='bbox 1829 4040 2036 4081; x_wconf 90' lang='lat' dir='ltr'><strong>merces</strong></span> <span class='ocrx_word' id='word_1_766' title='bbox 2060 4026 2213 4082; x_wconf 89' lang='lat' dir='ltr'><strong>nobis</strong></span> <span class='ocrx_word' id='word_1_767' title='bbox 2240 4028 2421 4083; x_wconf 84' lang='lat' dir='ltr'><strong>veniet</strong></span> <span class='ocrx_word' id='word_1_768' title='bbox 2455 4044 2486 4082; x_wconf 91' lang='lat' dir='ltr'><strong>a</strong></span> <span class='ocrx_word' id='word_1_769' title='bbox 2518 4030 2645 4083; x_wconf 91' lang='lat' dir='ltr'><strong>Deo.</strong></span> <span class='ocrx_word' id='word_1_770' title='bbox 2693 4029 2963 4099; x_wconf 88' lang='lat' dir='ltr'><strong>Siquidem</strong></span> <span class='ocrx_word' id='word_1_771' title='bbox 3002 4030 3158 4101; x_wconf 87' lang='lat' dir='ltr'><strong>quid-</strong></span> 
     </span>
    </p>
   </div>
   <div class='ocr_carea' id='block_1_102' title="bbox 1583 4116 3159 4190">
    <p class='ocr_par' dir='ltr' id='par_1_102' title="bbox 1583 4116 3159 4190">
     <span class='ocr_line' id='line_1_102' title="bbox 1583 4116 3159 4190; baseline 0.005 -21"><span class='ocrx_word' id='word_1_772' title='bbox 1583 4116 1707 4187; x_wconf 90' lang='lat' dir='ltr'><strong>quid</strong></span> <span class='ocrx_word' id='word_1_773' title='bbox 1751 4116 1804 4171; x_wconf 91' lang='lat' dir='ltr'><strong>in</strong></span> <span class='ocrx_word' id='word_1_774' title='bbox 1852 4116 2007 4173; x_wconf 87' lang='lat' dir='ltr'><strong>nobis</strong></span> <span class='ocrx_word' id='word_1_775' title='bbox 2044 4126 2160 4173; x_wconf 87' lang='lat' dir='ltr'><strong>erat</strong></span> <span class='ocrx_word' id='word_1_776' title='bbox 2193 4118 2387 4184; x_wconf 89' lang='lat' dir='ltr'><strong>situm,</strong></span> <span class='ocrx_word' id='word_1_777' title='bbox 2432 4120 2791 4190; x_wconf 64' lang='lat' dir='ltr'><strong>praestitimus.</strong></span> <span class='ocrx_word' id='word_1_778' title='bbox 2833 4120 2975 4175; x_wconf 87' lang='lat' dir='ltr'><strong>Nihil</strong></span> <span class='ocrx_word' id='word_1_779' title='bbox 3016 4121 3159 4177; x_wconf 90' lang='lat' dir='ltr'><strong>aliud</strong></span> 
     </span>
    </p>
   </div>
   <div class='ocr_carea' id='block_1_103' title="bbox 1579 4209 3157 4283">
    <p class='ocr_par' dir='ltr' id='par_1_103' title="bbox 1579 4209 3157 4283">
     <span class='ocr_line' id='line_1_103' title="bbox 1579 4209 3157 4283; baseline 0.004 -21"><span class='ocrx_word' id='word_1_780' title='bbox 1579 4209 1861 4278; x_wconf 88' lang='lat' dir='ltr'><strong>jubemur,</strong></span> <span class='ocrx_word' id='word_1_781' title='bbox 1888 4224 2048 4279; x_wconf 90' lang='lat' dir='ltr'><strong>quam</strong></span> <span class='ocrx_word' id='word_1_782' title='bbox 2081 4210 2221 4279; x_wconf 86' lang='lat' dir='ltr'><strong>apud</strong></span> <span class='ocrx_word' id='word_1_783' title='bbox 2257 4212 2552 4267; x_wconf 88' lang='lat' dir='ltr'><strong>mensarios</strong></span> <span class='ocrx_word' id='word_1_784' title='bbox 2589 4211 2855 4280; x_wconf 89' lang='lat' dir='ltr'><strong>deponere</strong></span> <span class='ocrx_word' id='word_1_785' title='bbox 2880 4212 3157 4283; x_wconf 87' lang='lat' dir='ltr'><strong>pecuniam</strong></span> 
     </span>
    </p>
   </div>
   <div class='ocr_carea' id='block_1_104' title="bbox 1584 4297 3159 4375">
    <p class='ocr_par' dir='ltr' id='par_1_104' title="bbox 1584 4297 3159 4375">
     <span class='ocr_line' id='line_1_104' title="bbox 1584 4297 3159 4375; baseline 0.005 -24"><span class='ocrx_word' id='word_1_786' title='bbox 1584 4298 1795 4370; x_wconf 76' lang='lat' dir='ltr'><strong>(Matth.</strong></span> <span class='ocrx_word' id='word_1_787' title='bbox 1819 4297 1912 4354; x_wconf 77' lang='lat'><strong>25.</strong></span> <span class='ocrx_word' id='word_1_788' title='bbox 1936 4299 2051 4371; x_wconf 64' lang='lat' dir='ltr'><strong>Q7),</strong></span> <span class='ocrx_word' id='word_1_789' title='bbox 2078 4301 2221 4370; x_wconf 92' lang='lat' dir='ltr'><strong>loqui</strong></span> <span class='ocrx_word' id='word_1_790' title='bbox 2246 4310 2301 4357; x_wconf 93' lang='lat' dir='ltr'><strong>et</strong></span> <span class='ocrx_word' id='word_1_791' title='bbox 2324 4302 2624 4357; x_wconf 84' lang='lat' dir='ltr'><strong>consulere.</strong></span> <span class='ocrx_word' id='word_1_792' title='bbox 2656 4303 2900 4374; x_wconf 88' lang='lat' dir='ltr'><strong>Loquere</strong></span> <span class='ocrx_word' id='word_1_793' title='bbox 2924 4304 3083 4375; x_wconf 88' lang='lat' dir='ltr'><strong>igitur</strong></span> <span class='ocrx_word' id='word_1_794' title='bbox 3104 4314 3159 4360; x_wconf 88' lang='lat' dir='ltr'><strong>et</strong></span> 
     </span>
    </p>
   </div>
   <div class='ocr_carea' id='block_1_105' title="bbox 1583 4388 3160 4452">
    <p class='ocr_par' dir='ltr' id='par_1_105' title="bbox 1583 4388 3160 4452">
     <span class='ocr_line' id='line_1_105' title="bbox 1583 4388 3160 4452; baseline 0.006 -10"><span class='ocrx_word' id='word_1_795' title='bbox 1583 4388 1812 4445; x_wconf 90' lang='lat' dir='ltr'><strong>admone</strong></span> <span class='ocrx_word' id='word_1_796' title='bbox 1840 4388 2079 4446; x_wconf 89' lang='lat' dir='ltr'><strong>fratrem.</strong></span> <span class='ocrx_word' id='word_1_797' title='bbox 2104 4391 2301 4447; x_wconf 75' lang='lat' dir='ltr'><strong>Verum</strong></span> <span class='ocrx_word' id='word_1_798' title='bbox 2326 4407 2430 4447; x_wconf 90' lang='lat' dir='ltr'><strong>non</strong></span> <span class='ocrx_word' id='word_1_799' title='bbox 2456 4393 2675 4448; x_wconf 83' lang='lat' dir='ltr'><strong>audivit.</strong></span> <span class='ocrx_word' id='word_1_800' title='bbox 2697 4393 2776 4448; x_wconf 87' lang='lat' dir='ltr'><strong>Tu</strong></span> <span class='ocrx_word' id='word_1_801' title='bbox 2800 4394 2965 4450; x_wconf 92' lang='lat' dir='ltr'><strong>nihilo</strong></span> <span class='ocrx_word' id='word_1_802' title='bbox 2988 4395 3160 4452; x_wconf 79' lang='lat' dir='ltr'><strong>secius</strong></span> 
     </span>
    </p>
   </div>
   <div class='ocr_carea' id='block_1_106' title="bbox 1586 4479 3159 4558">
    <p class='ocr_par' dir='ltr' id='par_1_106' title="bbox 1586 4479 3159 4558">
     <span class='ocr_line' id='line_1_106' title="bbox 1586 4479 3159 4558; baseline 0.006 -23"><span class='ocrx_word' id='word_1_803' title='bbox 1586 4479 1752 4537; x_wconf 90' lang='lat' dir='ltr'><strong>babes</strong></span> <span class='ocrx_word' id='word_1_804' title='bbox 1789 4492 2026 4552; x_wconf 87' lang='lat' dir='ltr'><strong>paratam</strong></span> <span class='ocrx_word' id='word_1_805' title='bbox 2060 4485 2391 4551; x_wconf 81' lang='lat' dir='ltr'><strong>mercedem,</strong></span> <span class='ocrx_word' id='word_1_806' title='bbox 2431 4486 2477 4540; x_wconf 88' lang='lat' dir='ltr'><strong>si</strong></span> <span class='ocrx_word' id='word_1_807' title='bbox 2515 4501 2621 4541; x_wconf 87' lang='lat' dir='ltr'><strong>non</strong></span> <span class='ocrx_word' id='word_1_808' title='bbox 2655 4487 2943 4555; x_wconf 87' lang='lat' dir='ltr'><strong>destiteris,</strong></span> <span class='ocrx_word' id='word_1_809' title='bbox 2986 4489 3159 4558; x_wconf 86' lang='lat' dir='ltr'><strong>prius-</strong></span> 
     </span>
    </p>
   </div>
   <div class='ocr_carea' id='block_1_107' title="bbox 1582 4572 3160 4647">
    <p class='ocr_par' dir='ltr' id='par_1_107' title="bbox 1582 4572 3160 4647">
     <span class='ocr_line' id='line_1_107' title="bbox 1582 4572 3160 4647; baseline 0.006 -24"><span class='ocrx_word' id='word_1_810' title='bbox 1582 4585 1740 4640; x_wconf 90' lang='lat' dir='ltr'><strong>quam</strong></span> <span class='ocrx_word' id='word_1_811' title='bbox 1761 4572 2105 4643; x_wconf 87' lang='lat' dir='ltr'><strong>persuadeas,</strong></span> <span class='ocrx_word' id='word_1_812' title='bbox 2124 4573 2294 4629; x_wconf 88' lang='lat' dir='ltr'><strong>donec</strong></span> <span class='ocrx_word' id='word_1_813' title='bbox 2314 4576 2553 4647; x_wconf 90' lang='lat' dir='ltr'><strong>spiritum</strong></span> <span class='ocrx_word' id='word_1_814' title='bbox 2578 4576 2859 4633; x_wconf 84' lang='lat' dir='ltr'><strong>efﬂaveris.</strong></span> <span class='ocrx_word' id='word_1_815' title='bbox 2882 4578 3160 4635; x_wconf 82' lang='lat' dir='ltr'><strong>Terminus</strong></span> 
     </span>
    </p>
   </div>
   <div class='ocr_carea' id='block_1_108' title="bbox 1583 4662 3156 4739">
    <p class='ocr_par' dir='ltr' id='par_1_108' title="bbox 1583 4662 3156 4739">
     <span class='ocr_line' id='line_1_108' title="bbox 1583 4662 3156 4739; baseline 0.005 -24"><span class='ocrx_word' id='word_1_816' title='bbox 1583 4662 1834 4717; x_wconf 91' lang='lat' dir='ltr'><strong>monendi</strong></span> <span class='ocrx_word' id='word_1_817' title='bbox 1869 4663 1938 4717; x_wconf 90' lang='lat' dir='ltr'><strong>sit</strong></span> <span class='ocrx_word' id='word_1_818' title='bbox 1963 4662 2265 4719; x_wconf 90' lang='lat' dir='ltr'><strong>obedientia</strong></span> <span class='ocrx_word' id='word_1_819' title='bbox 2290 4667 2635 4723; x_wconf 90' lang='lat' dir='ltr'><strong>monitionem</strong></span> <span class='ocrx_word' id='word_1_820' title='bbox 2665 4678 2806 4723; x_wconf 85' lang='lat' dir='ltr'><strong>tuam</strong></span> <span class='ocrx_word' id='word_1_821' title='bbox 2832 4669 3156 4739; x_wconf 84' lang='lat' dir='ltr'><strong>recipientis.</strong></span> 
     </span>
    </p>
   </div>
   <div class='ocr_carea' id='block_1_109' title="bbox 1583 4754 3160 4832">
    <p class='ocr_par' dir='ltr' id='par_1_109' title="bbox 1583 4754 3160 4832">
     <span class='ocr_line' id='line_1_109' title="bbox 1583 4754 3160 4832; baseline 0.006 -23"><span class='ocrx_word' id='word_1_822' title='bbox 1583 4754 1835 4809; x_wconf 84' lang='lat' dir='ltr'><strong>Diabolus</strong></span> <span class='ocrx_word' id='word_1_823' title='bbox 1858 4756 2239 4813; x_wconf 88' lang='lat' dir='ltr'><strong>circumcursat</strong></span> <span class='ocrx_word' id='word_1_824' title='bbox 2266 4758 2525 4816; x_wconf 90' lang='lat' dir='ltr'><strong>obsistere</strong></span> <span class='ocrx_word' id='word_1_825' title='bbox 2549 4761 2767 4832; x_wconf 89' lang='lat' dir='ltr'><strong>cupiens</strong></span> <span class='ocrx_word' id='word_1_826' title='bbox 2794 4772 2995 4818; x_wconf 80' lang='lat' dir='ltr'><strong>nostrae</strong></span> <span class='ocrx_word' id='word_1_827' title='bbox 3018 4763 3160 4819; x_wconf 84' lang='lat' dir='ltr'><strong>salu-</strong></span> 
     </span>
    </p>
   </div>
   <div class='ocr_carea' id='block_1_110' title="bbox 1587 4843 3157 4920">
    <p class='ocr_par' dir='ltr' id='par_1_110' title="bbox 1587 4843 3157 4920">
     <span class='ocr_line' id='line_1_110' title="bbox 1587 4843 3157 4920; baseline 0.008 -24"><span class='ocrx_word' id='word_1_828' title='bbox 1587 4844 1661 4908; x_wconf 89' lang='lat' dir='ltr'><strong>ti,</strong></span> <span class='ocrx_word' id='word_1_829' title='bbox 1694 4858 1795 4898; x_wconf 87' lang='lat' dir='ltr'><strong>nOn</strong></span> <span class='ocrx_word' id='word_1_830' title='bbox 1821 4843 1993 4900; x_wconf 76' lang='lat' dir='ltr'><strong>solum</strong></span> <span class='ocrx_word' id='word_1_831' title='bbox 2021 4846 2134 4915; x_wconf 91' lang='lat' dir='ltr'><strong>ipse</strong></span> <span class='ocrx_word' id='word_1_832' title='bbox 2158 4848 2288 4903; x_wconf 89' lang='lat' dir='ltr'><strong>nihil</strong></span> <span class='ocrx_word' id='word_1_833' title='bbox 2317 4848 2441 4904; x_wconf 90' lang='lat' dir='ltr'><strong>hinc</strong></span> <span class='ocrx_word' id='word_1_834' title='bbox 2464 4849 2597 4905; x_wconf 90' lang='lat' dir='ltr'><strong>lucri</strong></span> <span class='ocrx_word' id='word_1_835' title='bbox 2624 4860 2902 4920; x_wconf 88' lang='lat' dir='ltr'><strong>reportans</strong></span> <span class='ocrx_word' id='word_1_836' title='bbox 2924 4894 2939 4916; x_wconf 88' lang='lat'><strong>,</strong></span> <span class='ocrx_word' id='word_1_837' title='bbox 2972 4868 3157 4908; x_wconf 87' lang='lat' dir='ltr'><strong>verum</strong></span> 
     </span>
    </p>
   </div>
   <div class='ocr_carea' id='block_1_111' title="bbox 1583 4935 3156 5008">
    <p class='ocr_par' dir='ltr' id='par_1_111' title="bbox 1583 4935 3156 5008">
     <span class='ocr_line' id='line_1_111' title="bbox 1583 4935 3156 5008; baseline 0.006 -19"><span class='ocrx_word' id='word_1_838' title='bbox 1583 4935 1740 4989; x_wconf 90' lang='lat' dir='ltr'><strong>etiam</strong></span> <span class='ocrx_word' id='word_1_839' title='bbox 1766 4950 1861 4989; x_wconf 89' lang='lat' dir='ltr'><strong>suo</strong></span> <span class='ocrx_word' id='word_1_840' title='bbox 1878 4935 2053 4992; x_wconf 89' lang='lat' dir='ltr'><strong>studio</strong></span> <span class='ocrx_word' id='word_1_841' title='bbox 2071 4940 2379 5008; x_wconf 89' lang='lat' dir='ltr'><strong>gravissima</strong></span> <span class='ocrx_word' id='word_1_842' title='bbox 2394 4939 2705 4996; x_wconf 87' lang='lat' dir='ltr'><strong>detrimenta</strong></span> <span class='ocrx_word' id='word_1_843' title='bbox 2728 4942 2827 4997; x_wconf 90' lang='lat' dir='ltr'><strong>sibi</strong></span> <span class='ocrx_word' id='word_1_844' title='bbox 2847 4943 3156 4999; x_wconf 85' lang='lat' dir='ltr'><strong>concilians.</strong></span> 
     </span>
    </p>
   </div>
   <div class='ocr_carea' id='block_1_112' title="bbox 1582 5023 3155 5102">
    <p class='ocr_par' dir='ltr' id='par_1_112' title="bbox 1582 5023 3155 5102">
     <span class='ocr_line' id='line_1_112' title="bbox 1582 5023 3155 5102; baseline 0.008 -24"><span class='ocrx_word' id='word_1_845' title='bbox 1582 5023 1634 5079; x_wconf 80' lang='lat' dir='ltr'><strong>ls</strong></span> <span class='ocrx_word' id='word_1_846' title='bbox 1660 5033 1836 5082; x_wconf 83' lang='lat' dir='ltr'><strong>tamen</strong></span> <span class='ocrx_word' id='word_1_847' title='bbox 1860 5042 2027 5099; x_wconf 91' lang='lat' dir='ltr'><strong>usque</strong></span> <span class='ocrx_word' id='word_1_848' title='bbox 2050 5029 2185 5086; x_wconf 85' lang='lat' dir='ltr'><strong>adeo</strong></span> <span class='ocrx_word' id='word_1_849' title='bbox 2210 5045 2436 5086; x_wconf 84' lang='lat' dir='ltr'><strong>vesanus</strong></span> <span class='ocrx_word' id='word_1_850' title='bbox 2460 5040 2561 5100; x_wconf 87' lang='lat' dir='ltr'><strong>est,</strong></span> <span class='ocrx_word' id='word_1_851' title='bbox 2584 5042 2640 5086; x_wconf 92' lang='lat' dir='ltr'><strong>ut</strong></span> <span class='ocrx_word' id='word_1_852' title='bbox 2668 5032 2971 5102; x_wconf 88' lang='lat' dir='ltr'><strong>frequenter</strong></span> <span class='ocrx_word' id='word_1_853' title='bbox 2992 5044 3046 5090; x_wconf 88' lang='lat' dir='ltr'><strong>et</strong></span> <span class='ocrx_word' id='word_1_854' title='bbox 3068 5036 3155 5090; x_wconf 82' lang='lat' dir='ltr'><strong>illa</strong></span> 
     </span>
    </p>
   </div>
   <div class='ocr_carea' id='block_1_113' title="bbox 1583 5120 3155 5191">
    <p class='ocr_par' dir='ltr' id='par_1_113' title="bbox 1583 5120 3155 5191">
     <span class='ocr_line' id='line_1_113' title="bbox 1583 5120 3155 5191; baseline 0.006 -21"><span class='ocrx_word' id='word_1_855' title='bbox 1583 5126 1788 5187; x_wconf 88' lang='lat' dir='ltr'><strong>tentet,</strong></span> <span class='ocrx_word' id='word_1_856' title='bbox 1818 5135 1937 5189; x_wconf 75' lang='lat' dir='ltr'><strong>quae</strong></span> <span class='ocrx_word' id='word_1_857' title='bbox 1963 5120 2078 5177; x_wconf 83' lang='lat' dir='ltr'><strong>ﬁeri</strong></span> <span class='ocrx_word' id='word_1_858' title='bbox 2115 5137 2220 5176; x_wconf 91' lang='lat' dir='ltr'><strong>non</strong></span> <span class='ocrx_word' id='word_1_859' title='bbox 2250 5131 2470 5191; x_wconf 89' lang='lat' dir='ltr'><strong>possunt</strong></span> <span class='ocrx_word' id='word_1_860' title='bbox 2496 5140 2509 5175; x_wconf 90' lang='lat'><strong>:</strong></span> <span class='ocrx_word' id='word_1_861' title='bbox 2536 5138 2636 5177; x_wconf 90' lang='lat' dir='ltr'><strong>nec</strong></span> <span class='ocrx_word' id='word_1_862' title='bbox 2674 5123 2792 5178; x_wconf 87' lang='lat' dir='ltr'><strong>illos</strong></span> <span class='ocrx_word' id='word_1_863' title='bbox 2819 5123 2992 5178; x_wconf 91' lang='lat' dir='ltr'><strong>solum</strong></span> <span class='ocrx_word' id='word_1_864' title='bbox 3021 5125 3155 5181; x_wconf 86' lang='lat' dir='ltr'><strong>ado-</strong></span> 
     </span>
    </p>
   </div>
   <div class='ocr_carea' id='block_1_114' title="bbox 1583 5210 3157 5283">
    <p class='ocr_par' dir='ltr' id='par_1_114' title="bbox 1583 5210 3157 5283">
     <span class='ocr_line' id='line_1_114' title="bbox 1583 5210 3157 5283; baseline 0.005 -21"><span class='ocrx_word' id='word_1_865' title='bbox 1583 5210 1771 5276; x_wconf 89' lang='lat' dir='ltr'><strong>riatur,</strong></span> <span class='ocrx_word' id='word_1_866' title='bbox 1801 5225 1938 5279; x_wconf 90' lang='lat' dir='ltr'><strong>quos</strong></span> <span class='ocrx_word' id='word_1_867' title='bbox 1960 5212 2178 5267; x_wconf 90' lang='lat' dir='ltr'><strong>omnino</strong></span> <span class='ocrx_word' id='word_1_868' title='bbox 2203 5212 2421 5266; x_wconf 78' lang='lat' dir='ltr'><strong>conlidit</strong></span> <span class='ocrx_word' id='word_1_869' title='bbox 2445 5228 2503 5266; x_wconf 92' lang='lat' dir='ltr'><strong>se</strong></span> <span class='ocrx_word' id='word_1_870' title='bbox 2532 5212 2982 5282; x_wconf 89' lang='lat' dir='ltr'><strong>supplantaturum</strong></span> <span class='ocrx_word' id='word_1_871' title='bbox 3006 5214 3157 5283; x_wconf 80' lang='lat' dir='ltr'><strong>deje-</strong></span> 
     </span>
    </p>
   </div>
   <div class='ocr_carea' id='block_1_115' title="bbox 1581 5304 3155 5374">
    <p class='ocr_par' dir='ltr' id='par_1_115' title="bbox 1581 5304 3155 5374">
     <span class='ocr_line' id='line_1_115' title="bbox 1581 5304 3155 5374; baseline 0.005 -21"><span class='ocrx_word' id='word_1_872' title='bbox 1581 5309 1912 5371; x_wconf 89' lang='lat' dir='ltr'><strong>cturumque,</strong></span> <span class='ocrx_word' id='word_1_873' title='bbox 1939 5317 2124 5357; x_wconf 86' lang='lat' dir='ltr'><strong>verum</strong></span> <span class='ocrx_word' id='word_1_874' title='bbox 2149 5305 2309 5358; x_wconf 90' lang='lat' dir='ltr'><strong>etiam</strong></span> <span class='ocrx_word' id='word_1_875' title='bbox 2330 5318 2445 5370; x_wconf 91' lang='lat' dir='ltr'><strong>eos,</strong></span> <span class='ocrx_word' id='word_1_876' title='bbox 2468 5319 2601 5373; x_wconf 88' lang='lat' dir='ltr'><strong>quos</strong></span> <span class='ocrx_word' id='word_1_877' title='bbox 2626 5304 2895 5374; x_wconf 89' lang='lat' dir='ltr'><strong>probabile</strong></span> <span class='ocrx_word' id='word_1_878' title='bbox 2916 5315 3001 5361; x_wconf 91' lang='lat' dir='ltr'><strong>est</strong></span> <span class='ocrx_word' id='word_1_879' title='bbox 3024 5307 3155 5361; x_wconf 87' lang='lat' dir='ltr'><strong>arti-</strong></span> 
     </span>
    </p>
   </div>
   <div class='ocr_carea' id='block_1_116' title="bbox 1581 5391 3151 5465">
    <p class='ocr_par' dir='ltr' id='par_1_116' title="bbox 1581 5391 3151 5465">
     <span class='ocr_line' id='line_1_116' title="bbox 1581 5391 3151 5465; baseline 0.005 -19"><span class='ocrx_word' id='word_1_880' title='bbox 1581 5391 1681 5446; x_wconf 91' lang='lat' dir='ltr'><strong>bus</strong></span> <span class='ocrx_word' id='word_1_881' title='bbox 1699 5392 1866 5462; x_wconf 91' lang='lat' dir='ltr'><strong>ipsius</strong></span> <span class='ocrx_word' id='word_1_882' title='bbox 1888 5392 2000 5448; x_wconf 91' lang='lat' dir='ltr'><strong>fore</strong></span> <span class='ocrx_word' id='word_1_883' title='bbox 2017 5394 2335 5463; x_wconf 88' lang='lat' dir='ltr'><strong>superiores.</strong></span> <span class='ocrx_word' id='word_1_884' title='bbox 2356 5395 2541 5465; x_wconf 87' lang='lat' dir='ltr'><strong>itaque</strong></span> <span class='ocrx_word' id='word_1_885' title='bbox 2556 5410 2674 5449; x_wconf 92' lang='lat' dir='ltr'><strong>cum</strong></span> <span class='ocrx_word' id='word_1_886' title='bbox 2693 5397 2899 5452; x_wconf 88' lang='lat' dir='ltr'><strong>audiret</strong></span> <span class='ocrx_word' id='word_1_887' title='bbox 2919 5397 3122 5454; x_wconf 87' lang='lat' dir='ltr'><strong>laudari</strong></span> <span class='ocrx_word' id='word_1_888' title='bbox 3134 5399 3151 5432; x_wconf 86' lang='lat'>&#39;</span> 
     </span>
    </p>
   </div>
   <div class='ocr_carea' id='block_1_117' title="bbox 1579 5482 3144 5555">
    <p class='ocr_par' dir='ltr' id='par_1_117' title="bbox 1579 5482 3144 5555">
     <span class='ocr_line' id='line_1_117' title="bbox 1579 5482 3144 5555; baseline 0.003 -15"><span class='ocrx_word' id='word_1_889' title='bbox 1579 5482 1679 5541; x_wconf 78' lang='lat' dir='ltr'><strong>Job</strong></span> <span class='ocrx_word' id='word_1_890' title='bbox 1712 5486 1777 5541; x_wconf 89' lang='lat' dir='ltr'><strong>ab</strong></span> <span class='ocrx_word' id='word_1_891' title='bbox 1800 5501 1868 5541; x_wconf 90' lang='lat' dir='ltr'><strong>eo</strong></span> <span class='ocrx_word' id='word_1_892' title='bbox 1890 5526 1905 5549; x_wconf 90' lang='lat'><strong>,</strong></span> <span class='ocrx_word' id='word_1_893' title='bbox 1933 5485 2023 5555; x_wconf 89' lang='lat' dir='ltr'><strong>qui</strong></span> <span class='ocrx_word' id='word_1_894' title='bbox 2060 5485 2206 5540; x_wconf 90' lang='lat' dir='ltr'><strong>novit</strong></span> <span class='ocrx_word' id='word_1_895' title='bbox 2244 5500 2434 5541; x_wconf 89' lang='lat' dir='ltr'><strong>arcana</strong></span> <span class='ocrx_word' id='word_1_896' title='bbox 2463 5486 2639 5541; x_wconf 89' lang='lat' dir='ltr'><strong>omnia</strong></span> <span class='ocrx_word' id='word_1_897' title='bbox 2662 5528 2678 5555; x_wconf 93' lang='lat'><strong>,</strong></span> <span class='ocrx_word' id='word_1_898' title='bbox 2707 5484 2951 5542; x_wconf 85' lang='lat' dir='ltr'><strong>nimtrum</strong></span> <span class='ocrx_word' id='word_1_899' title='bbox 2993 5488 3105 5544; x_wconf 85' lang='lat' dir='ltr'><strong>Deo</strong></span> <span class='ocrx_word' id='word_1_900' title='bbox 3126 5530 3144 5555; x_wconf 89' lang='lat'><strong>,</strong></span> 
     </span>
    </p>
   </div>
   <div class='ocr_carea' id='block_1_118' title="bbox 1581 5576 3153 5648">
    <p class='ocr_par' dir='ltr' id='par_1_118' title="bbox 1581 5576 3153 5648">
     <span class='ocr_line' id='line_1_118' title="bbox 1581 5576 3153 5648; baseline 0.003 -18"><span class='ocrx_word' id='word_1_901' title='bbox 1581 5576 1824 5648; x_wconf 90' lang='lat' dir='ltr'><strong>sperabat</strong></span> <span class='ocrx_word' id='word_1_902' title='bbox 1852 5576 1984 5640; x_wconf 90' lang='lat' dir='ltr'><strong>fore,</strong></span> <span class='ocrx_word' id='word_1_903' title='bbox 2014 5584 2071 5631; x_wconf 91' lang='lat' dir='ltr'><strong>ut</strong></span> <span class='ocrx_word' id='word_1_904' title='bbox 2096 5591 2214 5631; x_wconf 90' lang='lat' dir='ltr'><strong>eum</strong></span> <span class='ocrx_word' id='word_1_905' title='bbox 2240 5576 2551 5632; x_wconf 79' lang='lat' dir='ltr'><strong>subvertere</strong></span> <span class='ocrx_word' id='word_1_906' title='bbox 2577 5586 2755 5646; x_wconf 87' lang='lat' dir='ltr'><strong>posset</strong></span> <span class='ocrx_word' id='word_1_907' title='bbox 2782 5595 2797 5633; x_wconf 89' lang='lat'><strong>:</strong></span> <span class='ocrx_word' id='word_1_908' title='bbox 2824 5592 2920 5633; x_wconf 91' lang='lat' dir='ltr'><strong>nec</strong></span> <span class='ocrx_word' id='word_1_909' title='bbox 2946 5578 3153 5635; x_wconf 84' lang='lat' dir='ltr'><strong>destitit</strong></span> 
     </span>
    </p>
   </div>
   <div class='ocr_carea' id='block_1_119' title="bbox 1581 5668 3148 5739">
    <p class='ocr_par' dir='ltr' id='par_1_119' title="bbox 1581 5668 3148 5739">
     <span class='ocr_line' id='line_1_119' title="bbox 1581 5668 3148 5739; baseline 0.001 -16"><span class='ocrx_word' id='word_1_910' title='bbox 1581 5668 1759 5723; x_wconf 89' lang='lat' dir='ltr'><strong>omnia</strong></span> <span class='ocrx_word' id='word_1_911' title='bbox 1785 5682 1999 5723; x_wconf 88' lang='lat' dir='ltr'><strong>movere</strong></span> <span class='ocrx_word' id='word_1_912' title='bbox 2021 5668 2319 5738; x_wconf 85' lang='lat' dir='ltr'><strong>molirique,</strong></span> <span class='ocrx_word' id='word_1_913' title='bbox 2347 5683 2452 5739; x_wconf 89' lang='lat' dir='ltr'><strong>quo</strong></span> <span class='ocrx_word' id='word_1_914' title='bbox 2477 5670 2835 5739; x_wconf 88' lang='lat' dir='ltr'><strong>supplantaret</strong></span> <span class='ocrx_word' id='word_1_915' title='bbox 2857 5669 3148 5738; x_wconf 86' lang='lat' dir='ltr'><strong>hominem,</strong></span> 
     </span>
    </p>
   </div>
   <div class='ocr_carea' id='block_1_120' title="bbox 1647 5778 3131 5846">
    <p class='ocr_par' dir='ltr' id='par_1_120' title="bbox 1647 5778 3131 5846">
     <span class='ocr_line' id='line_1_120' title="bbox 1647 5778 3131 5846; baseline 0.001 -15"><span class='ocrx_word' id='word_1_916' title='bbox 1647 5784 1663 5812; x_wconf 89' lang='grc'>¹</span> <span class='ocrx_word' id='word_1_917' title='bbox 1700 5781 1785 5831; x_wconf 78' lang='lat' dir='ltr'><strong>Alii</strong></span> <span class='ocrx_word' id='word_1_918' title='bbox 1808 5789 1934 5843; x_wconf 90' lang='lat' dir='ltr'><strong>post,</strong></span> <span class='ocrx_word' id='word_1_919' title='bbox 1958 5779 2182 5841; x_wconf 79' lang='lat' dir='ltr'><strong>laudari,</strong></span> <span class='ocrx_word' id='word_1_920' title='bbox 2208 5780 2403 5841; x_wconf 87' lang='lat' dir='ltr'><strong>addunt,</strong></span> <span class='ocrx_word' id='word_1_921' title='bbox 2430 5781 2884 5846; x_wconf 79' lang='lat' dir='ltr'><strong>admirationemque</strong></span> <span class='ocrx_word' id='word_1_922' title='bbox 2906 5778 3131 5833; x_wconf 82' lang='lat' dir='ltr'><strong>obtinere.</strong></span> 
     </span>
    </p>
   </div>
  </div>
