3790 6242
580 377 687 434 967
754 380 758 384 ’

583 511 684 550 nec
724 495 1030 564 desperavit
1069 495 1309 566 impurus
1351 494 1438 549 ille
1476 510 1540 548 ac
1576 492 2022 549 sceleratissimus
2061 492 2170 544 dac-

583 600 711 640 tuon
745 605 760 640 :
791 586 947 658 idque
977 602 1096 642 cunt
1131 587 1271 642 Deus
1309 588 1453 656 justo
1481 585 1555 639 illi
1597 594 1801 639 tantum
1841 583 2048 637 virtutis
2077 597 2176 636 suo

580 676 835 747 Suﬂ'ragio
867 677 1159 734 tribuisset.
1207 679 1273 733 Et
1313 685 1432 748 post
1469 677 1585 732 hzec
1628 692 1733 730 non
1777 674 2172 738 erubescimus,

588 784 761 838 neque
791 769 994 840 pudore
1024 770 1400 836 suffundimur,
1429 769 1515 825 die
1543 768 1692 833 mihi,
1719 768 1761 823 si
1788 782 1909 822 cum
1937 765 2177 821 diabolus

548 895 563 901 -
586 877 872 933 numquam
899 863 1148 933 desiveret
1172 872 1406 918 nostram
1430 863 1740 932 perniciem,
1763 860 1857 915 sed
1882 859 2178 914 indesinen-

583 961 665 1007 ter
685 969 803 1008 eam
826 965 1118 1024 exspectet,
1145 971 1241 1010 nos
1258 954 1478 1009 fratrum
1497 954 1723 1008 salutem
1745 951 2180 1022 desperahimus?

581 1044 648 1098 Et
681 1053 856 1098 tamen
900 1047 1046 1101 illum
1083 1047 1339 1110 decebat,
1383 1045 1544 1101 etiam
1589 1046 1894 1115 priusquam
1930 1055 2180 1112 expertus

587 1145 752 1203 esset,
782 1153 812 1192 e
840 1138 979 1192 lucta
1008 1138 1277 1199 abstinere
1306 1157 1321 1194 :
1351 1154 1473 1193 nam
1508 1139 1644 1192 Deus
1672 1146 1785 1192 erat
1813 1137 1900 1206 qui
1931 1136 2176 1190 testimo-

581 1228 727 1284 nium
773 1227 974 1282 ferebat
1002 1229 1068 1283 de
1103 1229 1232 1299 justi
1271 1230 1486 1284 virtute.
1532 1228 1642 1283 Nec
1677 1238 1850 1282 tamen
1883 1228 2173 1292 abstinuit,

595 1319 690 1374 sed
714 1336 823 1389 prae
844 1321 1009 1374 nimio
1031 1321 1231 1387 furore,
1259 1338 1364 1392 quo
1388 1323 1556 1377 fertur
1575 1321 1856 1376 adversum
1881 1337 1997 1387 nos,
2021 1321 2180 1375 etiam

594 1422 715 1482 post
744 1414 831 1468 Dei
865 1414 1223 1469 testimonium
1251 1415 1499 1484 sperabat
1529 1415 1785 1482 futurum,
1811 1422 1867 1468 ut
1893 1415 2033 1468 illius
2057 1424 2186 1467 acta-

594 1505 666 1557 tis
704 1507 1145 1574 prmstantissimo
1184 1506 1299 1560 viro
1325 1507 1569 1575 superior
1607 1506 1876 1560 evaderet.
1921 1503 2184 1560 Caeterum

593 1597 726 1650 nihil
758 1605 841 1651 est
869 1599 973 1651 tale
999 1639 1013 1661 ,
1049 1596 1188 1667 quod
1220 1613 1316 1652 nos
1346 1597 1398 1652 in
1430 1597 1859 1666 desperationem
1891 1596 2104 1666 adigat,
2134 1603 2188 1650 et

589 1697 770 1742 tamen
799 1687 1124 1743 desistimus.
1153 1691 1229 1742 Ac
1258 1688 1500 1742 diabolus
1529 1687 1741 1758 quidem
1783 1696 1996 1740 vetante
2030 1687 2138 1740 Deo
2169 1726 2184 1751 ,

590 1794 697 1832 non
725 1778 949 1834 discedit
982 1795 1011 1833 a
1042 1794 1216 1849 pugna
1246 1778 1528 1832 adversum
1557 1793 1654 1832 nos
1678 1784 1923 1846 suscepta
1960 1793 1973 1828 :
2007 1783 2062 1829 tu
2095 1791 2186 1828 ve-

551 1869 558 1872 ’
588 1885 646 1922 ro
671 1885 790 1923 cum
821 1869 959 1924 Deus
985 1871 1203 1924 mandet
1233 1870 1646 1938 exstimuletque
1666 1867 1733 1922 ad
1760 1866 2189 1923 subveniendum

588 1964 750 2032 lapsis
772 2005 788 2026 ,
820 1963 996 2018 resilis
1032 1961 1356 2033 refugisque.
1389 1962 1646 2016 Audierat
1673 1961 1917 2016 diabolus
1949 1962 2174 2031 loquen-

591 2064 696 2109 tem
719 2055 904 2120 Deum,
929 2054 1096 2108 Homo
1110 2044 1305 2127 justus,
1326 2071 1499 2119 verax,
1525 2057 1701 2108 timens
1725 2053 1906 2117 Deum,
1927 2052 2182 2106 abstinens

591 2149 652 2207 ab
679 2148 814 2202 omni
841 2164 989 2217 opere
1015 2150 1149 2203 malo
1180 2148 1320 2217 (Job.
1352 2149 1402 2202 1.
1435 2149 1494 2217 8)
1520 2189 1535 2214 ,
1563 2148 1812 2219 quodque
1844 2148 2018 2202 nullus
2041 2159 2183 2203 esset

593 2240 667 2293 illi
696 2238 887 2293 similis
907 2255 970 2293 ex
997 2239 1080 2305 iis,
1104 2240 1193 2309 qui
1218 2247 1342 2294 sunt
1361 2255 1522 2310 super
1545 2248 1768 2302 terram,
1791 2247 1846 2293 et
1867 2248 2041 2293 tamen
2071 2247 2189 2308 post

599 2341 746 2385 tanta
793 2331 1023 2402 taliaque
1066 2332 1265 2402 judicia
1307 2333 1670 2403 perseveravit
1710 2330 1938 2388 dicere:
1971 2330 2099 2401 quid
2147 2331 2195 2386 si

600 2421 816 2489 quando
839 2423 1188 2492 perpetuitate
1216 2422 1682 2493 magnitudineque
1703 2421 1963 2476 malorum
1989 2421 2197 2475 irruen-

605 2514 736 2566 tium
780 2513 982 2566 valeam
1013 2513 1162 2567 illum
1188 2528 1443 2583 superare
1467 2554 1482 2579 ,
1512 2524 1564 2567 et
1594 2512 1732 2567 hanc
1759 2511 2028 2567 excelsam
2056 2510 2192 2580 deji-

603 2620 725 2658 cere
757 2605 943 2658 turritn
961 2607 984 2656 ’ἐ

675 2695 728 2749 4.
761 2694 892 2763 Quis
919 2694 1080 2765 igitur
1104 2694 1206 2749 erit
1230 2695 1384 2750 nobis
1413 2695 1584 2750 venite
1615 2695 1761 2749 locus
1781 2736 1796 2762 ,
1828 2693 2192 2762 dilectissimi,

596 2796 688 2842 aut
719 2786 846 2858 quid
874 2789 1267 2856 excusabimus,
1295 2789 1338 2844 si
1367 2804 1486 2842 cum
1518 2799 1658 2841 tanta
1689 2787 1752 2842 sit
1786 2786 1910 2841 mali
1937 2787 2198 2842 daimonis

597 2884 650 2937 in
687 2891 926 2937 nostrum
949 2881 1260 2936 insanientis
1301 2881 1518 2936 exitium
1544 2880 1813 2951 vigilantia
1837 2920 1852 2944 ,
1876 2894 1976 2934 nos
1999 2895 2067 2934 ne
2088 2887 2194 2934 tan.

599 2974 766 3030 tnlum
791 2975 1007 3045 quidem
1029 2974 1219 3030 similis
1264 2973 1550 3044 diligentiae
1567 2972 1853 3028 efferamus
1872 2971 1940 3026 ad
1963 2971 2190 3027 salutem

606 3066 831 3122 fratrum
863 3077 1165 3122 nostrorum
1187 3107 1204 3132 ,
1233 3066 1526 3135 praesertim
1553 3080 1672 3118 cum
1711 3065 1876 3119 Deum
1907 3062 2197 3119 habeamus

607 3157 1012 3214 auxiliatorem?
1033 3157 1212 3228 Itaque
1228 3174 1348 3212 cum
1368 3156 1564 3211 videris
1581 3155 1797 3210 fratrem
1817 3165 1964 3210 tuum
1984 3155 2195 3224 durum,

603 3250 851 3320 rigidum,
879 3249 1200 3319 minimeque
1229 3258 1512 3316 attentum,
1544 3248 1631 3303 die
1655 3247 1791 3317 apud
1825 3248 2159 3318 temetipsum
2183 3267 2197 3302 :

607 3341 733 3410 quid
763 3342 808 3394 si
839 3330 1122 3412 progressu
1154 3340 1412 3411 temporis
1442 3340 1724 3409 aliquando
1755 3338 2025 3394 valeamus
2055 3340 2199 3394 illum

605 3430 860 3486 ﬂectere?
892 3431 1001 3486 lloc
1043 3432 1308 3512 nimirum,
1334 3440 1389 3487 et
1429 3431 1624 3486 Paulus
1663 3431 1916 3500 prmcepit
1943 3448 1956 3482 :
1987 3430 2204 3485 Servum

609 3521 820 3576 Domini
867 3540 964 3576 non
1007 3533 1199 3592 oportet
1246 3526 1473 3595 litigare,
1518 3523 1607 3578 sed
1647 3524 1904 3593 placidum
1943 3539 2049 3577 esse
2083 3540 2204 3595 erga

608 3625 832 3678 cunctos,
867 3615 1175 3668 audientem
1207 3630 1289 3669 eos
1314 3615 1401 3684 qui
1427 3615 1662 3668 resistunt
1690 3614 1906 3679 veritati,
1936 3615 1982 3667 si
2002 3616 2204 3682 quando

615 3705 697 3757 det
735 3704 836 3758 illis
872 3701 1012 3758 Deus
1053 3705 1394 3775 paenitentiam
1431 3706 1485 3758 in
1524 3705 1832 3773 agnitionem
1871 3705 2092 3759 veritatis
2125 3705 2202 3774 (2.

611 3795 739 3848 Tim.
763 3795 818 3849 2.
844 3796 934 3849 2t.
962 3795 1074 3865 25).
1099 3797 1290 3851 Annon
1322 3797 1468 3851 vides
1494 3805 1762 3866 parentes,
1783 3796 2053 3867 quomodo
2077 3796 2201 3852 filiis

610 3890 739 3950 mis,
760 3888 884 3942 licet
909 3887 1217 3957 frequenter
1231 3889 1546 3958 desperatis,
1567 3889 1802 3943 assident
1817 3889 2200 3961 lacrymantes,

613 3979 987 4038 lamentantes,
1013 3979 1402 4044 exosculantes,
1425 3979 1606 4034 omnia
1627 3995 1746 4050 qua:
1774 3989 1995 4050 possunt
2017 3979 2202 4034 admo-

621 4081 808 4122 ventes
837 4070 903 4122 ad
942 4083 1248 4138 supremum
1278 4086 1445 4142 usque
1473 4071 1737 4126 halitum?
1768 4073 1878 4127 Hoc
1909 4081 1964 4127 tu
1996 4089 2208 4143 quoque

617 4159 778 4214 facito
812 4175 907 4228 pro
939 4160 1212 4216 fratribus.
1243 4163 1308 4216 Et
1342 4172 1517 4218 tamen
1548 4163 1620 4217 illi
1647 4179 1752 4218 non
1783 4176 2007 4234 possunt
2032 4166 2205 4236 lacry-

615 4249 717 4303 mis
739 4263 801 4302 ac
827 4249 1071 4305 lamentis
1094 4268 1267 4322 neque
1295 4253 1536 4308 morbum
1557 4254 1844 4326 depellere,
1868 4271 2043 4326 neque
2064 4273 2208 4311 mor-

616 4347 721 4394 tem
749 4338 1113 4397 imminentem
1144 4343 1379 4413 abigere.
1410 4345 1492 4401 Tu
1521 4361 1649 4401 vero
1676 4345 1984 4417 frequenter
2010 4350 2208 4418 poteris

614 4431 843 4484 animam
860 4430 1187 4500 deploratam
1206 4435 1512 4491 assiduitate
1528 4437 1880 4507 instantiaque
1897 4453 1992 4508 per
2008 4439 2200 4494 lamen-

602 4527 667 4591 in
707 4537 960 4578 revocare
985 4539 1048 4580 ae
1066 4527 1347 4582 suscitare.
1380 4528 1579 4583 Dedisti
1605 4531 1888 4585 consilium
1909 4573 1924 4595 ,
1953 4547 2053 4588 nec
2079 4549 2201 4602 pcr-

622 4612 857 4676 snasisti,
888 4614 1178 4685 illacryma,
1211 4633 1383 4685 punge
1410 4619 1734 4689 frequenter,
1757 4637 1820 4676 ac
1845 4623 2054 4693 suspira
2080 4639 2211 4693 pau-

619 4696 782 4754 iulum
809 4744 823 4766 ,
865 4714 922 4757 ut
959 4714 1046 4759 tua
1079 4707 1378 4764 sollicitudo
1413 4710 1634 4767 incutiat
1674 4713 1747 4767 illi
1787 4715 2160 4769 verecundiam
2189 4755 2206 4780 ,

625 4790 800 4860 itaque
831 4809 889 4850 se
915 4807 1192 4853 convertat
1217 4799 1286 4854 ad
1315 4801 1567 4858 salutent.
1594 4803 1730 4871 Quid
1761 4819 1889 4876 ergo
1911 4807 2061 4862 solus
2091 4822 2212 4876 pos-

623 4900 736 4938 sem
776 4886 1028 4944 efficere?
1067 4888 1248 4959 Neque
1289 4893 1434 4948 enim
1480 4896 1718 4964 quotidie
1764 4897 1916 4951 vocis
1963 4898 2213 4971 omnibus

621 4977 769 5030 solus
793 4978 980 5034 adesse
1010 4983 1160 5036 valeo
1185 5025 1200 5048 ,
1234 4999 1404 5054 neque
1433 4989 1665 5057 suppetit
1696 4987 1827 5044 mihi
1853 4988 2078 5046 facultas
2101 5031 2117 5059 ,
2151 5003 2207 5045 ut

621 5067 768 5123 solus
801 5086 924 5125 cum
955 5069 1099 5128 tanta
1129 5074 1392 5145 disputem
1423 5079 1783 5135 multitudine.

692 5157 878 5214 Frater
902 5161 1114 5231 fratrem
1142 5166 1308 5220 trahat
1332 5169 1401 5222 ad
1419 5170 1652 5225 salutem.
1671 5201 1743 5211 —
1756 5171 2018 5228 Caaterum
2048 5175 2092 5230 si
2119 5192 2214 5229 vos

622 5249 796 5304 velitis
823 5253 962 5308 inter
986 5271 1081 5311 vos
1107 5257 1225 5313 aliis
1250 5259 1474 5316 aliorum
1499 5263 1682 5331 partiri
1708 5277 1891 5318 curam
1916 5265 2125 5332 salutis,
2151 5283 2213 5337 anc

623 5350 856 5396 vestrum
874 5346 1099 5416 quisque
1119 5363 1283 5404 unum
1302 5353 1573 5422 suscipere
1589 5354 1807 5409 fratrum
1826 5357 2209 5428 neglectorum,

623 5430 771 5487 illico
795 5436 952 5490 nobis
971 5449 1242 5496 cresceret
1267 5441 1568 5498 aediﬁcatio.
1593 5447 1660 5500 Et
1681 5445 1805 5516 quid
1828 5449 2018 5503 attinet
2036 5449 2214 5504 dicere

625 5521 692 5577 de
728 5525 827 5590 iis,
859 5530 948 5597 qui
991 5540 1110 5598 post
1147 5533 1366 5589 multam
1405 5546 1460 5591 et
1495 5537 1756 5594 diutinam
1797 5539 2213 5598 admonitionem

627 5616 831 5685 seipsos
850 5619 916 5672 ad
939 5623 1216 5678 meliorem
1242 5625 1444 5698 frugem
1469 5630 1764 5700 recipiunt?
1782 5631 1963 5703 Neque
1983 5635 2124 5690 enim
2147 5636 2215 5690 ab

628 5705 734 5760 illis
753 5749 768 5773 ,
797 5709 956 5763 etiam
984 5714 1027 5766 si
1061 5725 1368 5772 tenerentur
1397 5720 1767 5777 inunedicabili
1797 5725 1983 5779 morbo
2002 5767 2018 5791 ,
2049 5741 2213 5795 opor-

629 5811 765 5857 teret
789 5802 1047 5862 desistere
1068 5849 1084 5874 ,
1123 5825 1296 5879 neque
1323 5827 1504 5868 curam
1531 5815 1763 5886 abjicere
1785 5859 1799 5886 ,
1833 5819 2040 5874 etiamsi
2067 5831 2214 5876 certo

1297 381 1351 436 S.
1394 378 1673 435 JOANNIS
1711 372 2188 434 CHRYSOSTOMI
2232 371 2550 428 ARCHIEP.
2592 369 3130 427 CONSTANTINOP.
3710 376 3753 428 ﬁt"?!

2286 492 2656 560 prazseiremus
2680 483 2939 554 futurum,
2968 499 3025 544 ut
3051 499 3167 558 post
3191 489 3412 544 multam
3440 489 3753 560 sollicitudine,

2283 582 2611 651 multamque
2639 581 2926 636 adhibitam
2953 581 3395 644 admonitionem,
3431 583 3588 636 nihilo
3614 591 3750 654 plus

2284 666 2592 738 profecturi.
2625 665 2774 735 Quod
2814 667 2859 721 si
2889 668 3005 722 hare
3034 667 3204 721 oratio
3235 666 3386 721 vobis
3416 667 3610 724 videtur
3633 673 3742 725 intra:

2286 758 2408 813 bilis
2434 799 2450 824 ,
2483 773 2579 828 age
2603 799 2618 825 ,
2647 772 2712 812 ex
2745 756 2897 812 factis
2927 757 3190 828 dictisque
3219 756 3415 813 Clu-isti
3449 757 3685 814 reddemus
3702 781 3740 816 te:

2285 851 2617 907 credibilem.
2643 851 2775 905 Nam
2802 866 2900 907 nos
2922 851 3134 922 quidem
3158 851 3328 922 ignari
3349 866 3535 904 sumus
3555 850 3743 905 fututor-ca

2288 943 2430 998 unde
2473 959 2574 998 nec
2619 943 2908 1013 dijudieare
2951 958 3234 1014 possumus
3272 942 3340 998 de
3382 943 3450 996 iis
3488 945 3570 1012 qui
3606 947 3737 1000 audies:

2287 1046 2462 1089 utrum
2501 1034 2916 1104 obtemperaturi
2963 1035 3070 1090 sint
3109 1034 3264 1089 dictis
3304 1036 3546 1099 nostris,
3574 1051 3626 1087 an
3652 1053 3732 1090 ses

2287 1126 2534 1181 Christus
2562 1134 2738 1180 autem
2771 1142 2892 1180 cum
2921 1125 3037 1181 haec
3067 1133 3293 1195 utraque
3322 1127 3493 1195 probe
3522 1139 3688 1192 nosset,
3708 1150 3728 1180 ιο

2286 1222 2517 1276 cessavit
2540 1219 2605 1274 ad
2634 1230 2931 1275 extremum
2960 1235 3126 1290 usque
3149 1221 3426 1290 corrigere
3454 1219 3618 1283 illum,
3642 1223 3718 1289 qui:

2290 1330 2396 1368 non
2428 1322 2572 1368 esset
2598 1314 3009 1368 auscultaturus.

2361 1404 2550 1459 Christi
2574 1422 2694 1476 erga
2719 1404 2749 1457 J
2759 1403 2910 1457 udam
2940 1403 3139 1458 lenitas.
3160 1401 3438 1474 —Itaque
3459 1418 3572 1458 cum
3595 1405 3702 1458 sciret
3713 1405 3738 1456 li

2291 1495 2414 1552 dam
2438 1513 2545 1550 non
2577 1505 2883 1550 revocatum
2918 1496 2980 1550 iri
3005 1510 3035 1549 a
3068 1495 3395 1566 proditione,
3429 1510 3532 1549 non
3561 1505 3748 1550 tamet-ie»

2296 1588 2434 1642 Savit
2481 1589 2706 1642 assiduis
2748 1589 3014 1651 consiliis,
3059 1588 3312 1653 monitis,
3361 1587 3632 1651 beneficiis,
3667 1593 3753 1646 me.

2291 1679 2506 1733 demtun
2534 1679 2676 1733 omni
2703 1679 2962 1734 doctrina:
2990 1678 3172 1749 specie
3196 1693 3226 1733 a
3251 1678 3551 1748 proditione
3577 1680 3747 1733 retrahas.

2293 1787 2392 1826 nec
2422 1772 2625 1827 destitit
2664 1772 2812 1826 illum
2840 1773 2993 1827 dictis
3021 1787 3119 1828 ceu
3164 1771 3319 1827 freno
3348 1773 3608 1826 cohibere.
3633 1773 3742 1826 ﬂata

2295 1873 2401 1917 tem
2435 1863 2564 1918 fecit
2590 1877 2689 1918 nos
2713 1864 3017 1926 instituens,
3051 1873 3109 1918 ut
3134 1864 3348 1920 etiamsi
3381 1863 3753 1933 pratsciamttsfse

2298 1972 2434 2022 rum,
2462 1967 2518 2012 ut
2556 1956 2749 2012 fratres
2779 1973 2884 2011 non
2911 1958 3305 2027 obtemperent,
3343 1967 3522 2011 tamen
3547 1958 3720 2024 quidqud
3741 1977 3753 2008 ιι

2297 2059 2478 2103 nostra
2510 2048 2669 2102 fuerit
2698 2047 2948 2104 facultate
2994 2059 3334 2117 prmstemus,
3391 2058 3637 2118 tamquam
3667 2063 3753 2117 iam

2298 2140 2454 2194 nobis
2511 2136 2892 2194 admonitionis
2941 2149 3138 2195 nostra:
3187 2138 3464 2195 mercede.
3531 2139 3638 2194 Vide
3669 2155 3753 2192 sua:

2296 2242 2491 2303 quanta
2531 2232 2863 2299 assiduitate,
2895 2243 3200 2304 quantaque
3246 2233 3511 2302 sapientia
3549 2233 3661 2286 illum
3686 2237 3753 2285 tsi.

2297 2327 2492 2382 buerit.
2526 2325 2670 2382 Unus
2685 2335 2902 2382 vestrum
2926 2343 3005 2381 me
3023 2327 3321 2397 proditurus
3338 2337 3412 2380 est
3433 2325 3731 2396 (Hatth.26.i:

2301 2421 2377 2474 Ac
2404 2435 2650 2473 rursum:
2688 2415 2811 2472 Non
2836 2414 2900 2472 de
2935 2417 3166 2472 omnibus
3203 2419 3344 2472 vobis
3385 2419 3577 2487 loquor,
3611 2417 3753 2486 κενῆς..

2302 2509 2426 2580 elegi
2447 2509 2630 2578 (Joan.
2676 2511 2765 2566 15.
2819 2509 2928 2582 18).
2972 2507 3082 2564 Et:
3133 2509 3279 2565 Unus
3307 2526 3372 2564 ea:
3399 2511 3536 2564 vobis
3561 2510 3715 2562 diaboli:
3751 2523 3753 2534 ί

2304 2597 2483 2670 (Joan.
2511 2598 2566 2657 6.
2597 2601 2710 2670 7i).
2741 2601 3004 2658 Sustinuit
3027 2615 3216 2655 omnes
3243 2601 3296 2655 in
3325 2616 3574 2672 angorem
3602 2601 3740 2654 indetr-

2301 2710 2368 2748 ne
2406 2693 2647 2768 vulgaret
2687 2693 3039 2764 proditorem,
3084 2708 3148 2747 ac
3193 2692 3476 2748 manifesta

2301 2783 2550 2840 redderet
2567 2785 2727 2840 etiam
2757 2785 3224 2855 impudentiorem.
3248 2783 3384 2839 Nam
3404 2795 3459 2838 ut
3479 2785 3684 2853 intelligas
3695 2799 3728 2849 eg.-
3749 2783 3753 2834 l

2300 2877 2418 2932 aliis
2445 2879 2604 2932 etiam
2630 2892 2885 2948 angorem
2909 2886 2962 2932 et
2986 2885 3184 2931 metum
3209 2876 3492 2946 i‘njeeerint
3511 2875 3666 2930 Chrisd
3682 2876 3753 2934 die

2301 2968 2427 3023 licet
2455 2969 2553 3024 sibi
2578 2968 2774 3022 nullius
2797 2968 2922 3023 mali
2949 2969 3199 3035 consciis,
3224 2967 3350 3022 audi
3377 2966 3622 3039 quomodo
3637 2966 3753 3034 quisq:

2301 3061 2493 3115 anxius
2519 3061 2654 3116 dixit
2682 3079 2694 3114 :
2726 3059 2991 3131 Numquid
3015 3077 3105 3132 ego
3133 3078 3267 3125 sum,
3309 3059 3528 3114 Domine
3553 3059 3754 3130 (unus.

2300 3153 2437 3224 22)?
2464 3147 2648 3225 Neque
2673 3169 2800 3210 vero
2829 3154 2985 3210 dictis
3011 3163 3238 3219 tantum,
3266 3169 3456 3210 verum
3488 3164 3538 3208 et
3564 3152 3677 3206 lactis
3691 3153 3753 3203 ἕξει

2304 3245 2580 3316 corripuit.
2620 3246 2753 3300 Cum
2798 3246 2939 3301 enim
2987 3245 3373 3315 benignitatem
3411 3261 3556 3299 suam
3580 3243 3754 3312 frequen

2304 3352 2367 3392 ac
2407 3337 2584 3392 modis
2627 3337 2879 3392 omnibus
2921 3335 3263 3400 declarasset,
3301 3333 3544 3406 leprosos
3571 3333 3753 3390 ementis

2306 3427 2578 3483 daemones
2606 3428 2846 3498 abigens,
2873 3436 3103 3497 aegrotos
3127 3442 3344 3490 sanans,
3375 3435 3600 3481 mortuos
3616 3426 3754 3482 enim

2309 3517 2627 3590 paralyticos
2655 3519 2976 3583 restituens;
3004 3517 3238 3572 breviter
3257 3532 3380 3572 cum
3403 3519 3628 3572 omnibus
3655 3517 3754 3567 bene»

2308 3610 2492 3677 cisset,
2525 3611 2790 3664 neminem
2826 3619 3002 3664 tamen
3029 3609 3216 3678 puniit,
3241 3625 3457 3678 semper
3477 3608 3648 3663 habens
3667 3607 3754 3666 ine,

2311 3699 2435 3754 Non
2463 3701 2576 3754 veni
2603 3709 2657 3754 ut
2673 3700 2899 3770 judicem
2942 3699 3209 3763 mundum,
3241 3698 3332 3752 sed
3359 3708 3416 3752 ut
3441 3715 3613 3752 serum
3633 3705 3754 3748 me:

2312 3791 2489 3861 (Joan.
2516 3790 2602 3846 i2.
2633 3789 2743 3860 47).
2771 3789 2846 3846 Ne
2869 3801 3078 3860 putaret
3103 3790 3288 3857 Judas,
3317 3792 3461 3862 quod
3487 3800 3658 3845 tantum
3676 3789 3754 3840 nevi

2312 3883 2647 3947 benefacere,
2680 3883 2868 3952 punire
2900 3896 3024 3938 vero
3052 3897 3410 3953 nequaquam,
3445 3893 3499 3938 et
3523 3882 3636 3935 hanc
3657 3892 3753 3949 quam

2311 3983 2515 4044 partem
2547 3975 2718 4044 ipsum
2763 3971 2966 4041 docuit,
3009 3973 3262 4028 videlicet
3290 3974 3434 4044 quod
3469 3976 3634 4044 punire
3665 3988 3753 4040 μεμε-ι

2311 4066 2676 4137 supplicioque
2699 4065 2914 4122 afﬁcere
2944 4074 3247 4136 peccantes.

2385 4159 2438 4214 5.
2484 4157 2653 4226 Quare
2675 4156 2906 4213 Christus
2930 4174 3044 4211 cum
3060 4158 3291 4212 omnibus
3316 4157 3613 4227 benefeeerit,
3631 4155 3754 4208 nam

2313 4248 2531 4320 punierit
2559 4248 2613 4302 in
2641 4247 2804 4302 terris.
2824 4247 2988 4302 —-Ae
3028 4246 3153 4302 vide
3188 4262 3347 4318 quam
3393 4248 3753 4316 sapienterurm

2314 4341 2566 4410 gruenter
2594 4339 2699 4394 hoc
2746 4338 2908 4394 etiam
2957 4336 3230 4393 docuerit:
3260 4353 3360 4394 nec
3407 4349 3576 4393 tamen
3615 4335 3754 4388 humeri

2313 4433 2615 4502 quempiam
2647 4431 2896 4502 punierit,
2941 4431 3307 4502 supplicioque
3348 4429 3600 4486 ati‘eeerit.
3626 4430 3692 4495 Qui
3714 4411 3754 4474 sl

2317 4524 2389 4580 Ut
2410 4524 2698 4597 discipulus
2727 4525 2977 4596 puniendi
3015 4523 3321 4580 facultatem
3365 4525 3418 4579 in
3445 4541 3509 4580 eo
3532 4533 3754 4594 εοςηξιεθιτγ

2321 4619 2528 4674 Etenim
2552 4620 2594 4674 si
2615 4635 2772 4689 quem
2796 4618 3056 4688 punisset,
3071 4632 3252 4673 secum
3275 4633 3510 4688 pugnare
3530 4612 3754 4696 risose-ssi

2317 4711 2404 4781 qui
2431 4710 2670 4765 dixerat:
2699 4705 2822 4764 Non
2852 4711 2961 4764 veni
2989 4720 3043 4763 ut
3058 4709 3288 4779 judicem
3315 4709 3572 4773 mundum,
3597 4709 3660 4760 sed
3677 4717 3705 4754 ω
3721 4715 3753 4774 r1

2316 4820 2424 4858 item
2445 4802 2688 4856 mundum
2719 4799 2897 4875 (Joan.
2927 4801 3014 4858 η.
3040 4800 3153 4872 47).
3183 4801 3414 4856 Rursum
3437 4801 3480 4855 si
3506 4800 3706 4854 nemina
3723 4804 3754 4875 i‘l

2319 4845 2424 4858 νυ...
2447 4845 2688 4856 ..............
2720 4845 2764 4875 κ-
2779 4845 2897 4856 --.η
2931 4845 3014 4858 .-.
3041 4845 3153 4872 -.1.
3185 4845 3414 4856 ,....-..,,.
3437 4845 3480 4855 -.
3506 4845 3692 4854 ..-__--
3723 4847 3728 4852 .

2318 4892 2503 4959 uisset,
2534 4891 2817 4947 mansisset
2833 4891 3205 4962 incorrigibilis
3220 4891 3530 4961 discipulus,
3551 4889 3633 4943 nisi
3650 4897 3682 4938 et
3695 4845 3754 4931 hil

2318 4949 2590 5041 didicisset
2603 4983 2675 5039 illi
2687 4999 2805 5040 esse
2819 4949 3066 5054 puniendi
3090 4949 3417 5039 facultatem.
3439 4949 3665 5050 Quorsum
3673 4978 3736 5043 ista
3751 4949 3754 5016 Ὗ

2389 5075 2542 5130 Ficui
2567 5092 2723 5146 quare
2746 5075 3082 5130 maledixerit.
3105 5105 3176 5116 —
3202 5073 3271 5132 Ut
3295 5076 3457 5131 simul
3485 5085 3536 5130 et

2321 5169 2606 5241 scipulum,
2631 5183 2698 5224 ne
2724 5184 2821 5238 per
2841 5177 3205 5238 contemptum
3232 5165 3387 5222 ﬁeret
3411 5167 3638 5228 deterior,
3663 5153 3754 5240 sui“

2320 5263 2404 5317 lus
2431 5273 2608 5316 tamen
2639 5260 2913 5315 hominum
2944 5258 3306 5325 afﬂictionem,
3329 5274 3559 5328 pcenam,
3582 5263 3750 5310 satis?

2319 5354 2462 5412 cium
2489 5363 2777 5425 pateretur,
2806 5353 2858 5407 in
2880 5351 3037 5408 ficum
3059 5353 3304 5408 arborem
3325 5349 3563 5406 Christus
3583 5349 3678 5401 hanc
3692 5349 3750 5393 ς’

2321 5456 2638 5520 potestatem
2667 5446 2925 5510 exercuit,
2955 5444 3173 5502 dicens:
3205 5443 3290 5498 Ne
3318 5445 3525 5511 posthac
3547 5437 3748 5502 auls?

2320 5549 2562 5594 nascatur
2591 5537 2804 5611 (Matth.
2829 5536 2922 5592 2t.
2956 5535 3067 5609 l9),
3090 5551 3316 5606 eamque
3342 5550 3462 5589 mox
3483 5531 3670 5601 simplici
3685 5529 3748 5572 ia?

2322 5632 2561 5689 arefecit.
2594 5632 2708 5686 Hoc
2734 5639 2891 5700 pacto
2919 5629 3110 5684 factum
3153 5637 3236 5683 est
3263 5628 3478 5698 pariter,
3507 5635 3560 5679 ut
3585 5618 3675 5676 nihil
3693 5619 3748 5658 ’ττι

2323 5727 2524 5782 rediret
2546 5724 2612 5801 ad
2644 5726 2806 5780 ullum
2847 5723 3139 5790 hominem,
3185 5733 3242 5779 et
3282 5725 3395 5793 ipse
3432 5736 3575 5775 suam
3599 5713 3748 5786 potri"

2327 5818 2643 5885 declararet,
2678 5818 2911 5874 vindicta
2955 5819 3009 5873 in
3051 5818 3296 5874 arborem
3326 5818 3564 5886 impacta.
3593 5810 3753 5886 Discrsi'l
