3906 6242
78 346 168 398 9H7
1286 355 1370 408 DE
1412 357 1607 414 LAZAI

1723 358 1975 416 CONCIO
2015 363 2052 417 Ι.

74 460 306 527 (ιρι-,πονο
351 463 442 514 καὶ
481 463 581 516 οὐκ
624 466 997 536 ἀπεγίνωσκεν
1037 473 1066 525 6
1116 476 1308 543 μιαρὸς
1351 479 1446 526 καὶ
1479 489 1628 543 παμο

74 544 292 610 πόνηρος
323 543 529 614 δαίμων
559 550 795 614 ἐκεῖνος,
839 554 1015 606 καίτοι
1046 555 1141 607 τοῦ
1178 554 1314 608 Θεοῦ
1359 555 1626 625 τοσαύτην

71 625 139 694 τῷ
184 626 373 696 δικαίῳ
403 629 782 702 ψηφισαμένου
812 637 912 708 τὴν
968 641 1189 709 ἀρετήν.
1237 637 1368 694 Εἶτα
1413 642 1514 694 οὐκ
1542 643 1625 694 αἱ·

73 710 379 795 εἶλξδνάμεθαν
405 713 523 766 οὐδὲ
552 718 966 792 ἐρυθριάζομεν,
992 725 1111 778 εἰπέ
1146 742 1256 795 μοι,
1278 726 1348 790 εἰ,
1377 726 1469 779 τοῦ
1511 726 1625 779 δια-

69 793 503 880 Δμηδέποτε
531 799 998 874 ἀπογινώσκοντος
1025 807 1126 877 τῆς
1148 793 1421 873 ἀπωλείας
1443 809 1620 880 ἡμῶν,

71 875 173 968 ἀλλ’
330 881 736 949 προσδοκῶντος
787 887 974 960 αὐτὴν,
1012 875 1168 944 αὐτοὶ
1197 891 1296 961 τῆς
1327 892 1435 944 τῶν
1464 875 1624 945 *ἀδελ-

70 959 172 1044 φῶν
205 959 634 1044 ἀπογνωσόμεθα
680 959 981 1042 σωτηρίας;
1018 974 1209 1028 Καίτοι
1256 959 1468 1028 ἐκεῖνον
1523 975 1622 1044 μὲν

72 1043 152 1129 καὶ
325 1046 420 1129 τῆς
467 1049 664 1129 πείρας
715 1054 1016 1127 ἀποστῆναι
1060 1057 1168 1110 τῶν
1223 1043 1619 1129 παλαισμάτων

201 1126 334 1212 Θεὸς
354 1128 464 1200 γάρ
485 1126 550 1201 ἦν
581 1135 608 1185 6
637 1123 931 1208 μαρτυρῶν
957 1138 1034 1210 τῷ
1056 1139 1250 1212 δικαίῳ
1271 1142 1370 1212 τὴν
1394 1123 1617 1212 ἀρετήν·

195 1211 342 1279 ὅμως
366 1215 465 1267 οὐκ
490 1217 722 1290 ἀπέστη,
757 1220 872 1273 ἀλλ’
908 1208 1014 1276 ὑπὸ
1044 1208 1246 1295 πολλῆς
1288 1208 1481 1294 μανίας
1517 1208 1620 1294 τῆς

68 1291 175 1342 καθ’
203 1295 232 1362 ἡ
243 1295 359 1362 μῶν
381 1299 476 1349 καὶ
507 1300 646 1367 μετά
669 1301 768 1373 τὴν
793 1301 888 1356 τοῦ
926 1304 1061 1357 Θεοῦ
1093 1291 1398 1377 μαρτυρίαν
1422 1291 1618 1377 ἤλπισε

65 1377 398 1460 περιέσεσθαι
435 1380 529 1434 τοῦ
577 1386 825 1452 γενναίου
862 1388 983 1440 τότε
1035 1389 1266 1443 ἐκείνου.
1333 1391 1509 1460 Ἦμᾶς
1560 1392 1617 1442 δὲ

64 1459 201 1510 οὐδέν
220 1461 334 1513 ἐστι
349 1463 588 1517 τοιοῦτον
601 1465 664 1519 τὸ
683 1467 958 1534 ποιοῦνείς
975 1472 1280 1541 ἀπόγνωσιν
1301 1459 1615 1542 ἐμπίπτειν.

66 1542 145 1592 καὶ
183 1544 332 1612 ὅμως
363 1546 736 1618 ἀφιστάμεθα.
774 1553 884 1607 Καὶ
921 1555 950 1606 6
983 1555 1080 1625 μὲν
1125 1554 1403 1618 διάϐολος,
1437 1557 1616 1609 καίτοι

64 1625 143 1677 τοῦ
171 1625 306 1680 Θεοῦ
343 1628 662 1696 κωλύοντος,
706 1637 807 1688 οὐκ
841 1639 1116 1708 ἀναχωρεῖ
1159 1639 1261 1708 τῆς
1302 1638 1424 1692 καθ’
1456 1639 1616 1709 ἡμῶν

67 1709 247 1779 μάχης·
285 1713 352 1766 σὺ
386 1713 464 1777 δὲ,
489 1715 582 1769 τοῦ
611 1717 746 1771 Θεοῦ
777 1721 1178 1792 προτρέποντός
1210 1740 1270 1776 σε
1302 1724 1395 1776 καὶ
1422 1723 1617 1792 διεγεί-

65 1810 232 1880 gouvtoc
247 1797 328 1858 εἰς
351 1797 447 1866 τὴν
462 1800 743 1872 ἀντίληψιν
765 1802 873 1856 τῶν
891 1807 1276 1871 πεπτωκότων,
1293 1808 1578 1880 ἀποπηδᾷς
1596 1826 1612 1873 ;

68 1877 318 1959 ίίίκουσεν
342 1882 370 1933 6
397 1880 642 1948 διάϐολος
665 1885 759 1938 τοῦ
783 1887 919 1940 Θεοῦ
959 1886 1230 1956 λέγοντος·
1270 1877 1615 1959 Ἀνθρωπος

62 1957 304 2026 δίκαιος,
356 1963 672 2032 ἀληθινὸς,
719 1964 1040 2036 θεοσεϐὴς,
1084 1957 1454 2040 ἀπεχόμενος·
1493 1973 1612 2027 ἀπὸ

62 2044 267 2109 παντὸς
315 2047 586 2115 πονηροῦ
636 2049 1011 2119 πράγματος,
1053 2055 1148 2108 καὶ
1177 2055 1259 2108 ὃτι
1294 2056 1469 2120 οὐδείς
1495 2059 1612 2110 ἐστι

61 2124 280 2207 τοιοῦτος
321 2128 429 2179 τῶν
466 2129 558 2182 ἐπὶ
589 2130 689 2202 τῆς
722 2134 826 2204 γῆς
848 2150 861 2163 ⁸
898 2137 990 2188 καλ⁵
1034 2136 1175 2207 μετά
1219 2137 1487 2201 τοσαύτας
1518 2139 1612 2192 καὶ

59 2205 294 2270 τοιαύτας
327 2209 541 2279 ψήφους
576 2214 848 2284 ἐνέμεινεν
885 2205 1260 2288 ὅμωςήλέγων·
1303 2221 1509 2290 μήποτε
1542 2224 1608 2292 τῇ

61 2292 292 2375 σόνεχείᾳ
329 2294 422 2346 καὶ
452 2296 533 2366 τῷ
562 2297 781 2367 μεγέθει
807 2299 916 2354 τῶν
948 2303 1306 2374 ἐπαγομένων
1336 2305 1483 2375 αὐτῷ
1509 2323 1611 2359 κα-

58 2373 155 2458 κῶν
172 2375 383 2447 δυνηθῶ
405 2379 570 2434 αὐτοῦ
587 2381 982 2454 περιγίνεσθαι,
1000 2389 1094 2440 καὶ¹
1115 2373 1206 2441 τὸν
1224 2387 1398 2458 μέγαν
1423 2373 1610 2444 τοῦτον

57 2457 287 2512 καθελεῖν
310 2459 552 2533 πύργονς

114 2587 172 2640 δ’.
197 2589 292 2654 Τίς
324 2586 416 2644 οὖν
443 2593 577 2662 ἡμῖν
599 2591 753 2649 ἐσται
781 2597 1102 2670 συγγνώμη.
1125 2599 1418 2672 ἀγαπητοὶ,
1446 2601 1530 2666 τίς
1551 2601 1610 2656 δέ

55 2672 322 2741 ἀπολογία,
343 2676 389 2727 εί
411 2677 647 2750 τοσαύτῃ
661 2678 754 2732 τοῦ
777 2680 1014 2752 πονηροῦ
1039 2683 1290 2755 δαίμονος
1317 2684 1437 2738 καθ“
1453 2686 1484 2755 ή
1494 2685 1608 2755 μῶν

56 2759 383 2838 κεχρημένου
435 2759 636 2838 μανίᾳ,
672 2763 836 2832 ἡμεῖς
875 2763 1012 2835 μηδὲ
1065 2765 1128 2818 τὸ
1182 2766 1470 2821 πολλοστὸν
1509 2769 1609 2837 τῆς

54 2837 302 2912 τοσαύτης
333 2837 568 2911 σπουδῆς
597 2844 677 2908 είς
719 2843 818 2916 τὴν
858 2847 1131 2918 σωτηρίαν
1172 2849 1280 2902 τῶν
1325 2851 1608 2920 ἡμετέρων

51 2921 279 3005 ἀδελφῶν
319 2925 746 2998 είσενέγκοιμεν,
780 2930 873 2982 καὶ
901 2929 1073 2984 ταῦτα
1098 2932 1188 2986 τὸν
1225 2931 1357 2986 Θεὸν
1391 2933 1608 3005 σύμμα-

51 3022 133 3089 χρν
153 3003 364 3089 ἔχοντες
382 3023 396 3071 ;
417 3008 584 3066 Ὅταν
604 3009 734 3078 γοῦν
755 3011 870 3083 ῐδῃς
887 3012 1121 3084 σκληρὸν
1141 3015 1236 3069 καὶ
1258 3016 1440 3088 ἀπηνῆ
1459 3003 1606 3089 [⁵112]

51 3087 130 3139 τὸν
155 3087 400 3171 ἀδελφὸν,
435 3092 530 3144 καὶ
556 3092 631 3163 μὴ
659 3094 994 3165 προσέχοντά
1023 3113 1126 3161 σοι,
1142 3097 1265 3167 λέγε
1289 3087 1437 3171 πρὸς
1449 3087 1607 3153 σεαυξ

49 3171 146 3222 τόν·
161 3170 389 3242 Μήποτε
418 3174 498 3244 τῷ
526 3175 707 3247 χρόνῳ
732 3177 1052 3250 δυνηθῶμεν
1083 3185 1301 3248 πεῖσαι;
1329 3170 1484 3237 οὕτω
1510 3187 1606 3238 καὶ

52 3253 242 3318 Παῦλος
269 3256 523 3310 ἐκέλευσε
557 3261 753 3311 ποιεῖν·
787 3261 1018 3316 Δοῦλον
1043 3263 1116 3317 δὲ
1145 3267 1367 3335 Κυρίου
1404 3270 1478 3322 οὐ
1517 3267 1611 3322 δεῖ

44 3339 326 3406 μάχεσθαι
349 3380 364 3403 ,
409 3342 546 3395 ἀλλ’
589 3341 772 3410 ἤπιον
821 3340 975 3399 εῖναι
1027 3347 1176 3415 πρὸς
1231 3350 1495 3418 πάντας,
1536 3354 1606 3407 ἐν

48 3425 317 3490 πραότητι
343 3423 702 3478 παιδεύοντα
725 3426 865 3493 τοὺς
889 3428 1483 3500 ἀντιδιατιθεμένους.
1497 3435 1605 3504 μή·

47 3522 177 3560 ποτε
203 3505 324 3576 δώῃ
352 3507 558 3572 αὐτοῖς
597 3512 630 3563 ὀ
658 3509 802 3576 Θεὸς
825 3511 1148 3580 μετάνοιαν
1172 3517 1260 3581 είς
1279 3517 1605 3586 ἐπίγνωσιν

45 3591 335 3656 ἀληθείας.
355 3591 466 3660 Οὐχ
484 3593 617 3662 δρᾷς
643 3595 768 3656 τοὺς
799 3594 1061 3666 πατέρας,
1075 3596 1192 3660 πῶς
1212 3598 1472 3662 πολλάκις
1495 3601 1603 3654 τῶν

45 3672 163 3722 υὲὠν
189 3675 374 3736 αὐτοῖς
409 3675 867 3744 ἀπεγνωσμένων,
903 3678 1322 3750 παρακάθηνται
1351 3683 1605 3754 δακρύον·

42 3772 154 3821 τες,
199 3755 565 3826 θρηνοῦντες,
610 3757 1066 3828 καταφιλοῦντες,
1109 3761 1179 3815 τὰ
1225 3765 1356 3836 παρ’
1392 3766 1602 3818 ἑαυτῶν

43 3839 380 3910 εἰσφέροντες
422 3838 638 3894 ἅπαντα
675 3839 782 3905 ἓως
815 3842 1051 3914 ἐσχάτης
1086 3844 1398 3916 άναπνοῆς;
1431 3848 1601 3915 Τοῦτο

43 3924 124 3972 καὶ
150 3924 210 3973 σὺ
244 3924 375 3990 περὶ
407 3922 498 3976 τὸν
526 3921 749 3991 ἀδελφὸν
776 3925 1020 3995 ποίησον.
1055 3927 1248 3980 Καίτοι
1276 3931 1472 3984 ἐκεῖνοι
1502 3931 1602 4000 μέν

41 4007 139 4058 ἀπὸ
158 4005 264 4056 τῶν
288 4005 502 4075 θρήνων
525 4007 618 4058 καὶ
633 4006 740 4060 τῶν
763 4007 1013 4080 δακρύων
1033 4009 1156 4064 οὐτε
1172 4012 1268 4083 τὴν
1290 4014 1601 4085 ἀρρωστίαν

40 4089 321 4152 ἀπελάσαι,
339 4087 462 4140 οὐτε
487 4089 578 4141 τὸν
597 4088 824 4143 θάνατον
841 4091 1135 4146 ἐπελθόντα
1157 4094 1600 4166 ἀποκρούσασθαι

38 4174 300 4226 δύνανται·
336 4174 402 4225 σὺ
430 4171 487 4223 δέ
523 4172 700 4243 ψυχὴν
740 4175 1187 4242 ἀπο-γνωσθεῖσαν
1227 4182 1296 4251 τῇ
1335 4185 1600 4255 καρτερίᾳ

38 4259 123 4309 καὶ
155 4261 219 4329 τῇ
259 4255 563 4327 προσεδρίᾳ
599 4256 802 4328 δυνήσῃ
847 4259 1106 4325 πολλάκις
1133 4261 1222 4316 διὰ
1249 4265 1356 4318 τῶν
1384 4266 1599 4338 θρήνων

38 4342 246 4394 καὶτῶν
271 4337 524 4410 δακρύων
553 4340 959 4396 ἐπισπάσασθαι
985 4344 1082 4398 καὶ
1123 4337 1444 4419 ἀναστῆσαι.
1463 4337 1598 4406 Συν-

37 4426 368 4487 εΰούλευσας,
395 4424 489 4510 καὶ
510 4423 609 4477 οὐκ
634 4423 856 4510 ἔπεισας
878 4443 893 4494 ;
937 4427 1226 4500 δάκρυσον,
1261 4435 1354 4487 καὶ
1378 4435 1596 4510 καθάψῃ

37 4510 301 4572 πολλάκις·
356 4507 610 4575 στέναξον
653 4509 881 4580 πικρὸν,
923 4510 1008 4566 ἵνα
1047 4513 1314 4579 αἰδεσθείς
1355 4534 1449 4571 σου
1499 4507 1598 4592 τὴν

37 4593 368 4664 κηδεμονίαν,
399 4591 705 4664 ἐπιστρέψῃ
727 4593 864 4663 πρὸς
899 4595 999 4666 τὴν
1033 4599 1326 4669 σωτηρίαν.
1348 4602 1412 4654 Τί
1433 4591 1596 4677 δυνη-

37 4695 185 4747 σομαι
217 4677 332 4746 ἐγὼ
368 4678 528 4747 μόνος
557 4680 760 4740 ποιεῖν;
797 4679 858 4732 οὐ
892 4679 1004 4751 γὰρ
1033 4681 1096 4752 δὴ
1127 4685 1294 4737 πᾶσιν
1323 4687 1451 4757 ὑμῖν
1473 4691 1595 4744 καθ’

37 4763 257 4831 ἑκάστην
293 4760 644 4844 συγγίνεσθαι
677 4761 908 4844 δύναμαι
940 4776 966 4804 α
1000 4765 1160 4834 μόνος
1205 4768 1304 4839 τὴν
1350 4772 1591 4844 ἡμέραν,

37 4844 136 4897 εὐδὲ
163 4844 324 4916 ἀρκῶ
353 4843 545 4915 πλήθει
573 4843 811 4916 τοσούτῳ
839 4845 1180 4916 διαλέγεσθαι
1219 4851 1398 4921 μόνος.

101 4969 287 5040 Ὑμεῖς
316 4969 392 5056 δὲ,
434 4969 483 5024 ει
529 4967 1010 5056 βουληθείητετὴν
1045 4974 1290 5048 ἀλλήλων
1312 4981 1593 5056 διανείμα-

37 5053 155 5142 τθαι-
173 5053 471 5142 σωτηρία-ν,
496 5052 591 5142 καὶ
618 5053 846 5142 ἕκαστος
875 5055 972 5142 ἐνα
997 5057 1288 5116 ἀπολαϐεῖν
1317 5067 1424 5119 τῶν
1453 5052 1593 5142 τιμε-

37 5137 269 5226 ιηὲιέέιῳν
317 5135 594 5226 ἀδελφῶν,
633 5137 852 5226 ταχέως,
880 5141 1014 5226 μῖν
1055 5143 1124 5196 τά
1164 5145 1262 5216 τῆς
1303 5135 1594 5226 οἰκοδομῆς

37 5220 405 5311 ιύξηθήσεται,
441 5221 553 5273 Καὶ
593 5221 664 5311 τίΔ
691 5222 1019 5311 χρὴᾼλέγειν
1051 5227 1160 5282 τῶν
1205 5233 1342 5300 μετὰ
1389 5220 1591 5311 πολλήν

37 5305 340 5388 παραίνεσιν
373 5303 777 5388 ἀνακτωμένων
803 5308 1028 5375 ἑαυτούς
1047 5328 1061 5377 ;
1083 5314 1215 5369 Οὐδέ
1237 5317 1348 5388 γὰρ
1368 5303 1590 5379 ἐκείνων

37 5387 119 5474 τῶν
147 5385 672 5474 ἀνίατανοσούντων
709 5389 1038 5474 ἀφίστασθαι
1071 5396 1177 5468 χρὴ
1214 5385 1589 5474 καὶ-ἀμελεῖν·

38 5470 114 5520 ιᾶν
151 5469 459 5541 προειδότες
486 5466 636 5542 ὦμεν
667 5473 874 5544 σαφῶς,
909 5475 991 5530 ὅτι
1019 5466 1220 5550 πολλῆς
1250 5466 1590 5546 ἀπολαύσαν-

37 5570 102 5616 τες
131 5555 231 5624 τῆς
253 5555 491 5626 σπουδῆς
519 5556 732 5626 καὶτῆς
753 5559 1081 5634 συμϐουλῆς,
1099 5565 1250 5621 οὐδὲν
1271 5572 1588 5642 κερδανοῦσι

74 5779 91 5802 ⁸
115 5784 213 5832 Alii
239 5785 513 5838 δυνήσομαι.

3184 369 3288 418 ςείικ

1733 475 1914 534 πλέον.
1952 482 2012 534 ΕΞ
2041 481 2098 533 δὲ
2131 481 2431 550 παράδοξος
2459 482 2588 552 ὐμῖν
2633 484 2660 535 6
2684 482 2839 551 λόγος
2869 474 3022 546 οὗτος
3046 480 3183 535 εἶναι
3215 484 3301 535 δοο

1732 565 1839 624 κεῖ,
1881 565 2035 635 φέρε,
2074 566 2166 633 ἀφ’
2199 558 2275 617 ὧν
2319 568 2346 618 6
2380 565 2612 635 Χριστὸς
2646 566 2869 637 ἐποίησέ
2899 583 2960 619 τε
2999 566 3094 619 καὶ
3123 555 3296 623 εἶπεν,

1729 645 1837 698 ἀπὸ
1860 647 2066 701 τούτων
2105 649 2266 702 αὐτὸν
2307 647 2710 718 πιστωσόμεθα.
2745 649 2936 719 Ἡμεῖς
2976 650 3073 717 μέν
3109 649 3218 716 γὰρ
3251 651 3298 700 οί

1729 727 2004 799 ἅνθρωποι
2029 731 2091 784 τὸ
2120 732 2310 802 μέλλον
2333 730 2654 801 ἀγνοοῦμεν,
2682 732 2802 784 ὅθεν
2829 731 2950 785 οὐδέ
2973 731 3298 801 διισχυρίζε-

1731 809 1854 862 σθαι
1885 812 2160 883 δυνάμεθα
2185 816 2313 886 περὶ
2335 813 2442 866 τῶν
2464 813 2788 874 ἀκουόντων.
2830 813 2939 866 εἴτε
2973 813 3294 884 πεισθήσον-

1729 910 1838 957 ται,
1866 896 1977 949 είτε
2013 899 2366 971 ἀπειθήσουσι
2401 900 2513 962 τοῖς
2545 899 2673 968 παρ’
2713 896 2871 967 ἡμῶν
2908 895 3238 965 λεγομένοις·
3270 897 3298 947 6

1727 977 1783 1030 δὲ
1815 981 2050 1050 Χριστὸς
2073 983 2247 1036 ταῦτα
2267 981 2556 1052 ἀμφότερα
2582 979 2737 1042 εἰδὼς
2768 979 2972 1048 σαφῶς,
3006 980 3067 1032 οὐ
3093 978 3297 1032 διέλιπε

1727 1061 1817 1115 τὸν
1850 1063 1950 1117 οὐκ
1978 1065 2341 1137 ἀκουσόμενον
2381 1064 2546 1119 αὐτοῦ
2592 1062 2969 1134 διορθούμενος
3007 1064 3169 1135 μέχρι
3208 1062 3296 1115 τέ-

1729 1144 1872 1209 λους.

1789 1274 1902 1326 Τὸν
1937 1273 2068 1340 γοῦν
2123 1273 2323 1327 Ἰούδαν
2379 1273 2532 1336 εἰδὼς
2569 1273 2668 1326 οὐκ
2718 1271 3162 1341 ἀποστησόμενον
3200 1271 3300 1342 τῆς

1728 1357 2039 1428 προδοσίας,
2088 1359 2149 1412 οὐ
2194 1359 2401 1412 διέλιπε
2451 1357 2815 1428 συμϐουλαῖς,
2867 1354 3296 1426 παραινέσεσιν,

1725 1441 2096 1512 εὐεργεσίαις,
2151 1443 2436 1507 ἀπειλαῖς,
2499 1442 2662 1495 παντὶ
2715 1440 2900 1510 τρόπῳ
2951 1438 3299 1502 διδασκαλίας

1724 1524 2063 1578 ἀναστέλλων
2110 1525 2271 1580 αὐτὸν
2321 1527 2387 1578 ἐκ
2417 1525 2516 1595 τῆς
2557 1523 2880 1596 προδοσίας.
2921 1521 3016 1574 καὶ
3060 1521 3297 1589 συνεχῶς

1724 1607 2177 1678 ἀνακρουόμενος,
2209 1607 2396 1680 ὥσπερ
2426 1607 2532 1662 τινὶ
2571 1605 2790 1677 χαλινῷ,
2826 1604 2903 1674 τῷ
2931 1604 3092 1674 λόγῳ.
3127 1604 3298 1657 Τοῦτο

1722 1689 1778 1741 δὲ
1809 1693 1970 1754 ποιεῖν
2007 1691 2270 1744 παιδεύων
2298 1692 2476 1761 ἡμᾶς,
2523 1689 2626 1743 κᾶν
2666 1687 2976 1760 προειδότες
3007 1683 3177 1755 ὦμεν,
3217 1688 3296 1739 ὅτι

1722 1772 1782 1824 οὐ
1807 1773 2194 1845 πεισθήσονται
2222 1775 2271 1826 οί
2301 1773 2540 1843 ἀδελφοὶ,
2571 1772 2638 1826 τὰ
2677 1771 2806 1843 παρ’
2845 1771 3051 1823 ἑαυτῶν
3082 1774 3296 1823 ἅπαντα

1722 1857 2094 1928 ἀποπληροῦν,
2125 1857 2200 1920 ὡς
2240 1857 2654 1929 ἀπηρτισμένου
2693 1857 2792 1926 τῆς
2824 1854 3135 1925 συμϐουλῆς
3165 1856 3296 1924 ἡμῖν

1719 1940 1813 1992 τοῦ
1844 1941 2054 2010 μισθοῦ.
2093 1942 2202 1994 Καὶ
2229 1942 2330 2012 ὅρα
2357 1941 2473 2004 πῶς
2504 1940 2746 2011 συνεχῶς
2784 1939 2946 1994 αὐτὸν
2994 1939 3087 1992 καὶ
3117 1940 3296 2007 σοφῶς

1721 2023 2004 2077 ἀνέστελλε
2034 2023 2100 2076 δι’
2138 2017 2213 2078 ὧν
2244 2024 2448 2092 ἐλεγεν·
2496 2020 2602 2087 Εἷς
2629 2023 2698 2087 ἐξ
2744 2021 2910 2092 ὑμῶν
2954 2021 3291 2090 παραδώσει

1715 2123 1811 2175 με.
1840 2108 1949 2160 Καὶ
1977 2107 2158 2160 πάλιν·
2184 2108 2267 2160 Οὐ
2292 2106 2426 2173 περὶ
2467 2105 2708 2162 πάντων
2749 2104 2916 2174 ὑμῶν
2945 2105 3099 2172 λέγω
3118 2121 3129 2133 ·
3161 2100 3292 2157 οἶδα

1718 2189 1827 2254 οὓς
1847 2189 2236 2259 ἐξελεξάμην.
2259 2188 2369 2244 Καὶ
2398 2188 2584 2242 πάλιν·
2604 2183 2710 2254 Εἷς
2728 2189 2796 2251 ἐξ
2823 2187 2988 2256 ὑμῶν
3016 2186 3294 2251 διάϐολός

1717 2272 1869 2326 ἑστι.
1896 2273 2007 2325 Καὶ
2027 2274 2270 2342 ἠνείχετο
2297 2272 2501 2334 πάντας
2529 2274 2586 2324 ἐν
2616 2271 2824 2341 ἀγωνίᾳ
2849 2269 3132 2341 καθιστᾷν,
3153 2268 3292 2322 ὥστε

1721 2357 1796 2427 μὴ
1825 2355 2208 2426 ἐκπομπεῦσαι
2234 2356 2323 2410 τὸν
2352 2356 2639 2427 προδότην,
2688 2355 2781 2408 καὶ
2815 2354 3294 2425 ἀναισχυντότερον

1717 2441 1942 2508 ποιῆσαι
1968 2442 2034 2510 τῇ
2059 2438 2168 2491 τῶν
2212 2439 2452 2508 ἐλέγχων
2497 2438 2841 2510 περιφανείᾳ.
2889 2438 3010 2489 Ὅτι
3050 2437 3159 2506 γὰρ
3199 2437 3293 2488 καὶ

1713 2523 1828 2583 τοῖς
1853 2521 2034 2585 ἄλλοις
2072 2521 2309 2589 ἀγωνίαν
2347 2521 2440 2574 καὶ
2466 2521 2628 2590 φόϐον
2657 2521 2876 2574 ἐνέϐαλε
2904 2521 2972 2573 τά
3002 2519 3288 2588 λεγόμενα,

1717 2605 1893 2657 καίτοι
1921 2605 2086 2676 μηδὲν
2111 2607 2325 2669 ἐαυτοῖς
2353 2604 2616 2658 συνειδόσι
2643 2604 2897 2674 πονηρὸν,
2922 2605 3148 2658 ἄκουσον
3175 2603 3290 2666 πῶς

1713 2687 1944 2752 ἕκαστος
1969 2690 2216 2758 ἀγωνιῶν
2244 2689 2396 2758 ἔλεγε
2423 2689 2472 2727 δ’
2496 2689 2649 2757 Μήτι
2679 2688 2792 2756 ἐγώ
2814 2691 2951 2756 ειμι.
2972 2689 3182 2756 Κύριε;
3213 2688 3286 2740 Οὐ

1714 2770 1804 2823 διὰ
1831 2770 2092 2842 ῥημάτων
2125 2771 2183 2824 δέ
2212 2773 2391 2842 μόνον,
2426 2772 2561 2825 ἀλλά
2592 2771 2687 2825 καὶ
2723 2771 2811 2824 διά
2841 2759 2991 2843 [715]
3027 2771 3287 2840 πραγμά-

1713 2870 1822 2906 των
1854 2855 2015 2907 αὐτὸν
2046 2855 2345 2908 ἐπαίδευεν.
2373 2854 2589 2927 Ἐπειδὴ
2612 2855 2720 2924 γάρ
2747 2854 2845 2925 τὴν
2879 2853 3072 2907 ἐαυτοῦ
3102 2853 3288 2922 φιλαν-

1715 2936 1960 3009 θρωπίαν
1987 2936 2298 3004 ἐπεδείξατο
2317 2939 2574 3004 πολλάκις
2593 2941 2686 2993 καὶ
2700 2940 2786 2994 διὰ
2803 2939 3038 3002 πάντων,
3054 2939 3287 3008 λεπροὺς

1714 3019 2016 3092 καθαίρων,
2044 3021 2302 3092 δαίμονας
2335 3023 2676 3085 ἀπελαύνων,
2707 3022 2996 3084 νοσοῦντας
3033 3021 3282 3090 ίώμενος,

1712 3104 1942 3174 νεκροὺς
1995 3106 2262 3178 ἐγείρων,
2321 3106 2798 3178 παραλελυμένους
2854 3105 3130 3175 σφίγγων,
3191 3103 3285 3154 καὶ

1713 3187 1922 3250 πάντας
1963 3189 2060 3259 μὲν
2113 3189 2508 3260 εὐηργέτησεν,
2549 3189 2777 3242 ἐκόλασε
2825 3188 2882 3242 δὲ
2929 3187 3142 3250 οὐδένα,
3191 3186 3284 3239 καὶ

1714 3269 1951 3341 συνεχῶς
1984 3271 2186 3340 ἔλεγεν,
2208 3274 2329 3324 Οὐκ
2353 3269 2543 3342 ἦλθον
2565 3273 2664 3326 ἵνα
2696 3273 2877 3340 κρίνω
2903 3270 3009 3324 τὸν
3029 3272 3282 3339 κόσμον,

1711 3354 1848 3408 ἀλλ’
1871 3355 1971 3407 ἵνα
2003 3353 2181 3408 σώσω
2211 3353 2320 3409 τὸν
2350 3359 2602 3425 κόσμον·
2627 3357 2712 3410 ἵνα
2747 3357 2821 3428 μὴ
2857 3355 3051 3428 νομίσῃ
3085 3357 3113 3407 6
3152 3353 3281 3407 Ἰού-

1709 3437 1826 3501 δας,
1848 3438 1928 3491 ὄτι
1956 3439 2266 3510 εὐεργετεῖν
2306 3439 2406 3511 μὲν
2434 3441 2593 3511 μόνον
2615 3435 2754 3493 οἶδεν
2782 3444 2811 3493 6
2842 3441 3095 3510 Χριστὸς,
3127 3440 3286 3492 κολά-

1712 3519 1824 3584 ζειν
1849 3520 1905 3574 δέ
1939 3522 2144 3584 οὐκέτι,
2182 3523 2277 3575 καὶ
2318 3522 2475 3576 τοῦτο
2524 3521 2684 3575 αὐτὸν
2718 3523 2959 3576 διδάσκει
2993 3522 3052 3574 τὸ
3094 3521 3278 3592 μέρος,

1709 3598 1820 3656 οἷον
1851 3604 1933 3656 ὅτι
1963 3605 2055 3656 καὶ
2081 3604 2330 3670 κολάζειν
2376 3605 2597 3661 δύναται
2629 3607 2722 3660 καὶ
2765 3605 3123 3677 τιμωρεῖσθαι
3156 3607 3280 3668 τοὺς

1710 3687 2139 3760 ἁμαρτάνοντας.

1776 3823 1838 3868 ε’.
1871 3814 1983 3868 Καὶ
2012 3814 2114 3886 ὅρα
2142 3814 2258 3878 πῶς
2287 3815 2464 3884 σοφῶς
2491 3816 2585 3870 καὶ
2622 3815 3006 3887 προσηκόντως
3037 3815 3131 3868 καὶ
3157 3813 3278 3866 τοῦ-

1705 3914 1796 3951 τον
1817 3907 1840 3937 ο
1868 3897 1966 3968 μὲν
1998 3897 2308 3961 ἐπαίδευσε,
2357 3897 2451 3952 καὶ
2481 3897 2785 3969 ἀνθρώπων
2819 3897 3010 3950 οὐδένα
3054 3897 3278 3950 κολάσαι

1706 3982 1827 4035 οὐδὲ
1854 3981 2270 4052 τιμωρήσασθαι
2296 3981 2571 4052 ἠνέσχετο.
2597 3981 2720 4044 Πῶς
2747 3977 2979 4046 οὗνςἽνα
3010 3980 3156 4052 μάθῃ
3181 3980 3278 4050 τὴν

1706 4063 2079 4135 τιμωρητικὴν
2113 4064 2276 4117 αὐτοῦ
2307 4064 2535 4135 δύναμιν
2563 4067 2592 4118 6
2633 4064 2899 4134 μαθητής.
2937 4064 2999 4116 Εἰ
3044 4065 3142 4134 μὲν
3170 4065 3278 4134 γὰρ

1707 4147 1934 4202 ἐκόλασέ
1963 4165 2106 4211 τινα,
2137 4145 2313 4212 ἔδοξεν
2340 4147 2406 4200 ἂν
2433 4147 2804 4203 ἐναντιοῦσθαι
2835 4147 3011 4218 ἐαυτῷ
3039 4147 3273 4216 λέγοντι·

1709 4236 1830 4287 Οὐκ
1857 4229 2047 4303 ἦλθον
2091 4234 2190 4288 ἵνα
2219 4233 2398 4300 κρίνω
2422 4232 2526 4286 τὸν
2548 4233 2798 4301 κόσμον,
2815 4233 2952 4286 ἀλλ’
2969 4234 3070 4285 ἵνα
3100 4239 3277 4286 σώσω

1705 4316 1812 4370 τὸν
1837 4317 2088 4385 κόσμον.
2118 4315 2306 4382 Πάλιν,
2333 4317 2381 4368 εἰ
2417 4314 2619 4385 μηδένα
2652 4315 2931 4379 ἐκόλασεν,
2949 4315 3275 4386 ἀδιόρθωτος

1706 4400 1898 4471 ἔμενεν
1925 4401 1954 4453 ὁ
1984 4399 2254 4470 μαθητὴς,
2286 4401 2348 4452 οὐ
2390 4399 2678 4470 μανθάνων
2700 4399 2788 4453 διὰ
2823 4400 2932 4453 τῶν
2975 4400 3151 4470 ἔργων
3179 4399 3275 4468 τὴν

1704 4484 2035 4554 κολαστικὴν
2059 4483 2222 4537 αὐτοῦ
2251 4483 2498 4555 δύναμιν.
2526 4484 2590 4537 Τί
2628 4479 2720 4538 οὖν
2750 4484 2838 4538 ἶνα
2864 4484 3118 4555 γένηται;

1778 4623 1941 4674 Ὥστε
1969 4621 2064 4674 καὶ
2100 4621 2190 4673 τὸν
2229 4620 2475 4693 μαθητὴν
2497 4623 2803 4694 φοϐηθῆναι
2844 4624 2939 4676 καὶ
2983 4622 3058 4694 μὴ
3107 4638 3273 4676 κατα-

1705 4711 2050 4778 φρονήσαντα
2084 4704 2337 4771 γενέσθαι
2370 4706 2560 4775 χείρω,
2595 4707 2689 4761 καὶ
2731 4706 3035 4778 ἀνθρώπων
3069 4706 3272 4776 μηδένα

1703 4790 1998 4866 πληγῆναι,
2026 4788 2161 4859 μηδὲ
2194 4787 2412 4842 κόλασιν
2438 4790 2726 4861 ὑπομεῖναι
2749 4792 2842 4844 καὶ
2877 4791 3166 4862 τιμωρίαν,
3193 4791 3274 4852 εἰς

1651 4919 1665 4930 .
1701 4876 1799 4947 τὴν
1825 4871 1998 4943 συκῆν
2033 4871 2130 4944 τὴν
2171 4870 2401 4944 δύναμιν
2444 4873 2651 4944 ταύτην
2689 4873 3058 4926 ἐπιδείκνυται
3087 4875 3115 4925 6
3140 4874 3272 4941 Χρι-

1702 4958 1848 5023 στὸς,
1884 4954 2073 5014 είπὼν,
2116 4955 2339 5024 Μηκέτι
2368 4957 2435 5009 ἐκ
2465 4955 2582 5009 σοῦ
2626 4956 2852 5024 καρπὸς
2885 4957 3144 5024 γένηται,
3178 4956 3269 5007 καὶ

1703 5045 1907 5116 ῥήματι
1931 5039 2072 5110 ψιλῷ
2089 5037 2115 5074 ί¹
2147 5039 2382 5108 ξηράνας
2402 5038 2568 5110 αὐτὴν
2595 5039 2954 5109 παραχρῆμα.
2979 5037 3133 5090 Οῦτω
3161 5039 3269 5108 γάρ

1700 5127 1828 5180 οἵτε
1859 5123 2136 5194 ἄνθρωποι
2157 5123 2355 5185 πάντες
2383 5121 2574 5192 έμενον
2596 5123 2867 5184 ἀϐλαϐεῖς,
2899 5121 3060 5185 αὐτός
3090 5138 3148 5173 τε
3171 5122 3268 5191 τὴν

1700 5209 1892 5265 ἐαυτοῦ
1917 5208 2144 5278 δύναμιν
2165 5207 2528 5265 ἐπεδείκνυτο,
2549 5206 2642 5259 τοῦ
2670 5208 2836 5275 φυτοῦ
2859 5206 3150 5277 δεξαμένου
3172 5209 3267 5276 τὴν

1699 5293 1987 5365 τιμωρίαν.
2047 5291 2156 5345 Καὶ
2197 5294 2226 5344 6
2265 5291 2592 5362 μαθητὴςδέ
2627 5294 2674 5344 εἰ
2704 5294 2991 5361 προσεῖχε,
3025 5294 3267 5361 μεγάλην

1699 5380 1766 5434 ἂν
1795 5377 1903 5434 ἀπὸ
1939 5377 2037 5446 τῆς
2062 5375 2338 5432 κολάσεως
2370 5376 2573 5445 ταύτης
2617 5375 2978 5446 ἐκαρπώσατο
3003 5374 3103 5446 τὴν
3125 5376 3268 5445 ὠφέ-

1765 5617 1789 5653 ιι
1819 5617 1953 5664 ῐίιιιε
1974 5632 2060 5664 ms.
2090 5618 2286 5670 ἕκαστος
2311 5618 2508 5664 συνιδὼν
2534 5619 2678 5677 ἔλεγε.

1763 5685 1784 5709 τ
1816 5681 1948 5727 Unus
1973 5692 2057 5726 ms.
2103 5683 2180 5725 καὶ
2215 5677 2374 5732 τοῦτο,
2413 5677 2584 5726 melius
2627 5690 2769 5738 quam
2802 5677 2884 5726 alii
2922 5677 3082 5729 τοῦτο,
3109 5679 3269 5739 inquit

1700 5740 1891 5792 Mmny
1913 5744 1995 5802 cui,
2015 5756 2100 5787 nm:
2126 5745 2474 5786 «Ιιξικριιὶιριιιθς
2495 5740 2662 5787 τοῦτον
2687 5739 2977 5802 recepimus.
3007 5741 3148 5793 Ευιτ,

1777 5805 1958 5850 «Sam.
1985 5801 2032 5850 in
2059 5817 2208 5864 marg.
2230 5805 2304 5851 καὶ
2329 5806 2453 5865 ῥῆμα
2478 5803 2630 5864 ψιλόν.
