3906 6244
92 448 273 492 autem
300 436 343 492 si
382 438 499 494 haec
524 439 1004 508 animadvertisset,
1050 447 1314 515 ingentem
1356 463 1420 504 ex
1452 449 1551 505 hac
1577 451 1659 506 ul-

92 528 241 581 tione
267 529 500 597 cepisset
523 530 819 584 utilitatem.
862 530 965 587 Sed
1016 540 1189 587 tamen
1238 551 1304 591 ne
1347 538 1424 592 sic
1452 539 1660 608 quidem

92 628 373 674 correctus
401 628 503 676 est.
530 618 771 677 Christus
790 631 965 678 autem
996 626 1243 693 praescius
1258 627 1426 685 ethoc
1444 642 1664 685 eventu-

94 723 239 775 rum,
272 725 378 764 non
406 712 508 765 hoc
548 720 771 776 tantum,
803 730 987 770 verum
1017 716 1175 770 etiam
1200 718 1342 774 aliud
1369 719 1468 775 hoc
1497 724 1666 777 multo

96 799 274 868 majus
302 799 498 856 eﬂecit.
528 802 656 857 Cutn
685 802 872 872 gladiis
910 814 963 858 et
1004 803 1229 860 fustibus
1266 810 1451 863 armati
1482 824 1669 864 manus

96 891 149 944 in
181 891 358 961 ipsum
400 900 650 961 pararent
692 894 910 961 injicere
946 894 1134 962 Judari,
1166 905 1275 952 tum
1321 899 1441 955 illos
1484 914 1675 956 omnes

96 982 409 1035 excmcavit.
443 982 497 1036 ld
526 983 668 1037 enim
717 983 1021 1053 declaravit,
1065 1001 1185 1042 cum
1227 988 1426 1044 diceret
1461 1004 1475 1045 :
1511 990 1669 1056 Quem

95 1072 325 1136 queritis
368 1070 546 1144 (Joan.
596 1073 686 1153 με.
715 1072 811 1144 4)?
851 1075 980 1130 Cum
1009 1078 1151 1132 enim
1178 1078 1342 1134 Iudas
1370 1081 1671 1151 frequenter

94 1163 356 1219 dixisset:
391 1162 527 1229 Quid
564 1166 710 1221 vultis
751 1168 875 1222 mihi
912 1169 1053 1235 dare,
1094 1179 1142 1225 et
1179 1188 1273 1243 ego
1312 1172 1447 1228 vobis
1473 1175 1670 1229 tradam

97 1270 210 1307 eum
240 1253 454 1327 (Matth.
484 1255 575 1311 26.
604 1257 730 1327 ιδῃ
768 1258 855 1314 ille
887 1260 1071 1316 volens
1096 1261 1292 1318 Iudaeis
1330 1266 1667 1333 persuadere,

96 1344 524 1415 discipulumque
542 1346 759 1413 docere,
782 1363 842 1404 se
868 1350 1130 1406 volentem
1148 1352 1213 1407 ad
1241 1364 1461 1409 mortem
1491 1356 1588 1421 ire,
1618 1366 1673 1411 et

97 1435 284 1490 omnia
314 1436 478 1507 ipsius
501 1452 644 1504 esse,
673 1455 772 1495 nec
798 1440 947 1495 Juda:
974 1443 1170 1497 malitia
1196 1445 1389 1500 victum
1411 1446 1516 1501 huc
1533 1447 1670 1517 adigi

98 1529 361 1597 potuisse,
404 1532 522 1601 ipso
566 1532 833 1601 proditore
872 1550 991 1589 cum
1039 1537 1247 1592 caeteris
1287 1540 1534 1595 omnibus
1574 1541 1672 1594 ad-

97 1629 297 1685 stante,
320 1620 499 1688 Quem,
524 1622 709 1693 inquit,
730 1626 987 1694 queritis?
1001 1626 1146 1683 Itane
1163 1644 1267 1683 non
1282 1638 1503 1684 noverat
1517 1646 1673 1701 quem

100 1723 218 1768 erat
248 1714 590 1783 proditurus?
618 1717 725 1773 Sed
775 1719 1027 1776 Dominus
1069 1721 1362 1778 obcascarat
1387 1724 1524 1780 illius
1548 1740 1675 1781 ocn-

101 1803 203 1869 los,
234 1818 337 1859 nec
358 1805 409 1859 id
435 1806 628 1871 solum,
650 1823 831 1862 verum
855 1810 1011 1865 etiam
1036 1825 1220 1868 omnes
1248 1813 1347 1869 hac
1369 1830 1500 1870 voce
1526 1831 1677 1870 resu-

103 1893 320 1963 pinatus
343 1895 538 1964 dejecit
578 1898 630 1952 in
661 1907 877 1954 terram.
923 1900 1023 1957 Ubi
1066 1918 1195 1958 vero
1222 1919 1319 1959 nec
1346 1920 1408 1959 ea
1444 1921 1528 1961 res
1557 1906 1674 1961 illos

107 1986 345 2042 reddidit
387 1988 745 2053 humaniores,
780 2007 951 2062 neque
977 1995 1291 2050 sceleratum
1321 1996 1466 2050 illum
1489 2012 1517 2050 a
1549 2013 1675 2067 pro-

105 2076 313 2134 ditione
340 2081 622 2147 revocavit,
642 2081 735 2137 sed
764 2084 1132 2151 perseverabat
1156 2087 1480 2153 insanabilis,
1514 2104 1578 2142 ne
1600 2089 1677 2143 sic

106 2170 324 2239 quidem
349 2170 611 2227 alienatus
634 2182 717 2228 est
743 2175 1010 2241 Dominus,
1045 2191 1150 2247 quo
1186 2178 1361 2233 minus
1389 2194 1575 2234 rursus
1600 2180 1675 2233 illi

105 2271 219 2316 tum
246 2262 696 2329 benevolentiam,
730 2275 837 2319 tum
863 2281 1043 2322 curam
1073 2269 1422 2338 impenderet.
1445 2270 1549 2326 Sed
1580 2286 1678 2341 age

104 2354 413 2423 considera,
444 2370 602 2425 quam
638 2368 932 2426 opportune
973 2360 1333 2430 impudentem
1361 2370 1539 2432 tangat
1560 2365 1677 2416 ani-

106 2440 276 2509 mum,
305 2454 359 2501 et
386 2461 448 2501 ea
475 2447 732 2517 loquatur,
761 2465 878 2518 qua:
901 2451 981 2505 vel
1007 2466 1219 2507 saxeam
1238 2462 1464 2509 mentem
1484 2461 1681 2523 queant

107 2540 378 2594 emollire.
430 2539 640 2595 Etenim
683 2542 837 2595 simul
884 2551 1042 2613 atque
1080 2543 1242 2599 ludas
1271 2546 1587 2600 accessisset
1612 2545 1678 2599 ad

107 2648 231 2689 cum
261 2632 617 2696 osculaturus,
643 2634 768 2704 quid
796 2635 904 2689 ait?
924 2635 1084 2705 Juda,
1112 2636 1285 2691 osculo
1299 2637 1489 2692 Filium
1512 2638 1679 2692 homi-

107 2725 189 2778 nis
218 2722 395 2793 prodis
420 2722 568 2794 (Luc.
588 2724 679 2778 22.
706 2725 836 2797 48)?
865 2725 972 2782 Nec
998 2728 1107 2796 ipsa
1135 2728 1449 2798 proditionis
1478 2731 1679 2799 species

107 2813 371 2884 pudorem
393 2815 614 2869 incutit?
638 2815 761 2870 Hazc
785 2826 962 2871 autem
990 2817 1199 2873 dicebat
1236 2826 1423 2875 taxans
1454 2834 1516 2875 ac
1544 2836 1678 2889 pun-

108 2920 242 2974 gens
268 2904 438 2970 illum,
479 2906 817 2977 pristiuazque
843 2908 1321 2966 commonefaciens
1344 2911 1681 2966 consuetudi-

110 2996 214 3050 nis.
242 2998 494 3051 Attameu
525 3011 645 3050 cum
686 2997 926 3053 Christus
954 3007 1083 3053 tam
1104 3001 1269 3056 multa
1308 3010 1417 3057 tum
1447 3003 1678 3071 fecisset,

111 3097 224 3143 tum
253 3086 498 3153 dixisset,
530 3088 619 3143 ille
647 3097 820 3144 tamen
849 3089 1013 3144 nihilo
1033 3090 1202 3147 factus
1229 3102 1311 3147 est
1336 3094 1542 3161 melior,
1575 3110 1680 3149 non

110 3180 256 3249 quod
286 3195 471 3251 parum
501 3191 644 3236 esset
669 3190 858 3254 potens
876 3185 964 3255 qui
990 3186 1258 3253 monebat,
1293 3188 1387 3242 sed
1426 3188 1566 3259 quod
1595 3190 1683 3244 ille

111 3287 326 3328 vecors.
375 3273 619 3330 Christus
660 3286 835 3331 autem
881 3292 999 3332 cum
1031 3279 1144 3334 haec
1169 3282 1345 3335 omnia
1392 3283 1679 3351 praesciret,

110 3380 220 3420 non
246 3364 407 3419 desiit
433 3374 605 3420 tamen
632 3366 699 3422 ab
727 3367 876 3423 initio
904 3385 1068 3439 usque
1092 3371 1156 3426 ad
1180 3373 1337 3427 tinem
1364 3387 1512 3428 suam
1539 3374 1687 3429 exhi-

111 3456 244 3512 bere
268 3456 671 3528 benignitatem.
700 3458 766 3512 Et
789 3474 885 3515 nos
913 3461 1070 3532 igitur
1092 3477 1209 3517 cum
1228 3462 1341 3519 haec
1361 3460 1683 3531 noverimus,

110 3549 482 3616 dilectissimi,
531 3549 783 3606 debemus
823 3552 1229 3624 infatigabiliter,
1286 3571 1347 3611 ac
1394 3571 1489 3627 per
1531 3572 1688 3613 omne

115 3652 330 3712 tempus
350 3641 539 3698 fratres
558 3653 769 3699 nostros
789 3646 1052 3717 neglectos
1078 3648 1337 3703 instruere
1361 3663 1424 3703 ac
1448 3666 1685 3717 monere,

112 3733 328 3789 etiamsi
370 3733 501 3788 nihil
543 3749 610 3790 ex
637 3735 997 3793 admonitione
1036 3738 1237 3794 fructus
1277 3741 1347 3795 sit
1372 3741 1685 3795 rediturum.

116 3826 333 3881 Etenim
363 3826 408 3881 si
434 3826 687 3883 Dominus
714 3830 803 3898 qui
835 3840 1170 3899 praenoverat
1215 3832 1515 3903 hujusmodi
1541 3832 1685 3887 futu-

115 3933 235 3972 rum
264 3927 537 3985 eventum,
564 3917 665 3974 hac
692 3936 817 3975 usus
859 3930 941 3976 est
978 3922 1334 3979 sollicitudine
1374 3939 1499 3994 erga
1544 3940 1687 3990 eum,

116 4012 208 4082 qui
258 4010 393 4066 nihil
435 4010 636 4067 fructus
664 4012 864 4068 laturus
890 4024 1004 4069 erat
1051 4030 1115 4069 ex
1161 4015 1559 4072 admonitione:
1588 4034 1688 4088 qua

116 4104 339 4159 tandem
366 4104 520 4158 venia
550 4104 693 4175 digni
724 4105 976 4161 fuerimus
1002 4122 1115 4173 nos,
1141 4106 1207 4173 si,
1229 4123 1351 4162 cum
1373 4109 1603 4164 incertus
1623 4111 1692 4164 sit

118 4194 279 4249 nobis
308 4208 489 4248 rerum
530 4202 770 4258 eventus,
814 4195 947 4250 adeo
991 4197 1241 4251 socordes
1269 4196 1524 4253 fuerimus
1549 4198 1691 4253 circa

119 4286 353 4357 proximi
397 4285 642 4351 salutem,
670 4295 788 4355 post
812 4302 969 4341 unam
1000 4296 1157 4357 atque
1199 4289 1418 4343 alteram
1448 4289 1688 4345 admoni-

118 4382 325 4435 tionem
355 4393 450 4434 eos
476 4377 814 4434 deserentes?
856 4379 1090 4450 Denique
1132 4388 1328 4450 przeter
1377 4380 1490 4436 haec
1517 4383 1691 4437 omnia

118 4486 241 4542 quae
264 4470 406 4527 dicta
436 4482 581 4537 sunt,
608 4473 765 4527 etiam
797 4472 921 4542 quid
952 4474 1004 4526 in
1033 4473 1183 4529 nobis
1204 4473 1332 4544 ipsis
1346 4475 1696 4530 accidatcon-

120 4563 445 4628 sideremus,
477 4570 781 4632 reputantes
800 4564 939 4633 quod
959 4578 1076 4618 cum
1102 4565 1263 4619 Deum
1287 4567 1439 4621 nobis
1459 4568 1695 4637 quotidie

123 4652 444 4723 loquentem
466 4667 561 4723 per
579 4654 882 4724 prophetas,
903 4670 996 4723 per
1015 4657 1281 4724 apostolos
1302 4658 1590 4714 oscitanter
1604 4675 1698 4715 au-

120 4744 359 4812 diamus,
387 4744 527 4799 haud
554 4754 730 4801 tamen
757 4746 951 4801 desinit
974 4748 1055 4802 vel
1082 4748 1370 4818 appellare,
1399 4750 1482 4805 vel
1504 4750 1698 4805 docere

122 4838 360 4894 rebelles
380 4853 677 4909 parumque
716 4848 966 4893 attentos.
998 4839 1136 4908 Quin
1166 4850 1221 4896 et
1249 4840 1441 4895 Paulus
1482 4842 1695 4907 clamat,

120 4930 313 4985 dicens
339 4947 353 4984 :
378 4927 484 4983 Pro
507 4928 703 4984 Christo
729 4929 973 4999 legatione
1001 4930 1277 5001 fungimur,
1310 4942 1561 5001 tamquam
1591 4930 1700 4985 Deo

122 5037 215 5092 per
236 5036 329 5073 nos
351 5019 656 5085 obsecrante,
683 5036 919 5090 rogamus
942 5037 1032 5091 pro
1057 5020 1269 5087 Christo,
1312 5022 1700 5076 reconciliamini

122 5110 237 5165 Deo
263 5110 345 5180 (2.
373 5110 491 5164 Cor.
518 5110 572 5165 5.
600 5109 714 5183 20).
738 5110 890 5177 Quod
913 5112 956 5166 si
983 5111 1262 5167 dicendum
1285 5113 1478 5181 aliquid
1502 5128 1698 5167 novum

122 5211 179 5258 et
197 5200 590 5267 admirandum,
604 5201 745 5256 haud
768 5204 1089 5257 tantumdem
1107 5203 1276 5258 laudis
1297 5215 1527 5259 meretur
1551 5206 1596 5259 is
1613 5204 1701 5273 qui

125 5295 346 5367 przescit
370 5293 624 5363 futurum,
654 5306 711 5351 ut
750 5297 795 5351 is
822 5297 911 5367 qui
940 5297 1219 5352 consilium
1265 5297 1455 5366 accipit
1492 5298 1700 5353 obtem-

126 5395 302 5459 peret,
333 5396 492 5457 atque
516 5386 587 5440 ita
614 5386 666 5440 in
695 5387 1021 5442 consulendo
1043 5397 1364 5457 perseverat,
1388 5397 1638 5457 quantum
1658 5389 1703 5442 is

124 5480 219 5550 qui
247 5480 555 5548 frequenter
595 5479 865 5549 loquutus,
908 5478 1211 5550 frequenter
1255 5481 1486 5536 adhibita
1528 5483 1702 5536 moni-

130 5570 301 5634 tione,
333 5568 616 5624 frustratus
642 5578 745 5636 est,
777 5586 876 5626 nec
902 5572 979 5626 sic
999 5580 1175 5627 tamen
1202 5572 1424 5628 destitit.

113 5649 130 5657 ’
206 5658 337 5714 Plus
354 5671 568 5714 meretur
591 5662 674 5731 qui
699 5672 844 5715 curat
869 5663 1213 5717 insanabilem.
1231 5694 1301 5703 —-
1321 5664 1450 5719 Nam
1474 5666 1703 5734 priorem

129 5744 285 5802 illum
314 5762 440 5819 spes
464 5751 649 5808 futura:
673 5753 926 5808 auditoris
952 5754 1331 5826 obsequentia,
1372 5756 1579 5813 etiamsi
1614 5774 1701 5813 se-

1307 336 1392 392 DE
1415 338 1687 393 LAZARO
1721 337 1961 394 CONCIO
2001 339 2041 395 Ι.

3222 352 3325 408 970

1767 458 2052 524 gnissimus
2085 460 2258 523 fuerit,
2280 460 2474 520 excitat
2502 460 2568 515 ad
2594 461 2820 517 ofﬁcium
2839 464 3185 520 admonendi:
3205 482 3326 520 con,

1768 560 1848 603 tra
1878 549 1962 603 hic
1988 565 2106 603 cum
2137 551 2347 605 assidue
2375 563 2606 613 moneat.
2637 568 2734 608 nec
2760 554 3024 623 audiatur,
3051 572 3150 611 nec
3175 572 3240 612 eo
3258 566 3334 612 ta-

1769 658 1889 697 men
1917 642 2155 707 desistat,
2196 642 2565 697 fervidissimze
2611 644 2884 715 cujusdam
2934 662 2999 703 ac
3043 649 3333 705 verissimae

1769 735 2005 790 caritatis
2051 743 2419 802 argumentum
2451 734 2665 803 przebet,
2701 736 2789 805 qui
2832 751 2952 792 cum
2982 740 3124 791 nulla
3173 738 3332 793 simili

1770 840 1864 895 spe
1892 826 2079 887 alatur,
2112 833 2285 879 tamen
2316 824 2385 879 ob
2422 824 2530 878 vim
2567 825 2763 879 amoris
2804 841 2925 895 erga
2974 826 3189 881 fratrem
3230 842 3335 881 non

1771 916 1964 972 desinit
1991 916 2130 971 illius
2159 931 2313 985 agere
2340 929 2543 970 curam.
2571 915 2767 970 Verum
2811 931 2915 970 non
2956 928 3201 985 oportere
3238 932 3338 972 nos

1775 1022 2022 1078 umquam
2049 1006 2306 1062 desistere
2333 1021 2363 1060 a
2391 1020 2517 1060 cura
2541 1006 2831 1075 lapsorum,
2859 1006 3077 1061 etiamsi.
3097 1008 3341 1077 prazscia-

1774 1115 1891 1153 mus
1921 1099 2041 1161 illos
2064 1098 2216 1152 nobis
2245 1112 2349 1152 non
2375 1098 2855 1167 obtemperaturos,
2887 1097 3095 1153 abunde
3114 1097 3340 1152 demon-

1774 1200 1995 1245 stratum
2022 1199 2124 1245 est.
2151 1189 2406 1258 Superest
2431 1196 2489 1242 ut
2530 1188 2595 1242 ad
2640 1202 2825 1243 eorum
2867 1187 3341 1257 reprehensionem

1773 1290 2124 1345 transeamus,
2151 1280 2239 1349 qui
2266 1278 2470 1334 deliciis
2499 1277 2787 1348 indulgent.
2816 1277 2994 1332 Donec
3016 1278 3157 1333 enim
3185 1277 3341 1332 dura-

1774 1372 1841 1425 rit
1884 1371 1983 1425 hoc
2031 1370 2243 1434 festum,
2286 1368 2459 1423 donec
2494 1362 2773 1424 ebrietatis
2816 1368 3035 1422 vulnera
3081 1369 3344 1423 mentibus

1774 1462 2103 1516 ebriosorum
2138 1461 2386 1515 inﬂixerit
2414 1460 2673 1527 diabolus,
2701 1469 2913 1531 oportet
2945 1470 3000 1515 et
3028 1476 3124 1515 nos
3149 1460 3339 1515 admo-

1774 1571 1899 1609 vere
1926 1555 2177 1609 remedia.

1846 1646 1900 1700 6.
1942 1645 2065 1699 Heri
2087 1645 2295 1714 quidem
2321 1645 2537 1698 Paulum
2559 1644 2664 1699 illis
2685 1644 3029 1714 opposuimus
3055 1644 3341 1700 dicentem:

1779 1735 1897 1790 Sive
1923 1736 2090 1801 editis,
2120 1736 2221 1788 sive
2245 1734 2430 1801 bibitis,
2461 1735 2562 1789 sive
2587 1734 2727 1787 aliud
2755 1734 2938 1806 facitis,
2962 1736 3130 1788 omnia
3150 1735 3203 1787 in
3231 1736 3344 1804 glo-,

1776 1828 1906 1881 riam
1935 1826 2025 1880 Dei
2064 1827 2213 1897 facite
2242 1828 2316 1897 (l.
2361 1826 2478 1881 Cor.
2516 1827 2604 1882 10.
2647 1827 2762 1896 Si).
2810 1826 2978 1881 llodie
3005 1839 3132 1881 vero
3174 1826 3345 1895 ipsum

1779 1920 1926 1975 Pauli
1960 1920 2237 1974 Dominum
2266 1920 2369 1975 illis
2398 1919 2746 1989 proferemus,
2796 1934 2903 1974 non
2951 1918 3110 1972 modo
3156 1932 3347 1972 consuo

1780 2014 1973 2068 lentem
2022 2023 2113 2066 ant
2158 2022 2460 2068 monentem
2501 2027 2532 2065 a
2576 2012 2777 2066 deliciis
2823 2010 3111 2075 abstinere,
3160 2025 3347 2064 verum

1780 2105 1936 2160 etiam
1969 2105 2307 2159 insultantem
2334 2118 2396 2158 ac
2436 2104 2738 2172 punientem
2767 2117 2909 2167 eum,
2946 2101 3034 2171 qui
3062 2102 3114 2155 in
3145 2099 3348 2155 deliciis

1781 2200 2006 2253 vixerat.
2033 2197 2163 2252 Nam
2192 2196 2410 2251 historia
2440 2196 2508 2251 de
2537 2195 2701 2250 divite
2727 2210 2789 2249 ac
2827 2194 3045 2257 Lazaro,
3087 2193 3259 2263 deque
3287 2192 3350 2248 iis

1781 2306 1899 2360 qua:
1927 2289 2134 2358 utrique
2159 2288 2485 2350 acciderunt,
2515 2286 2647 2340 nihil
2674 2284 2815 2340 aliud
2844 2300 3001 2355 quam
3034 2283 3135 2338 hoc
3164 2282 3349 2338 decla-

1783 2390 1883 2435 rat.
1912 2381 2046 2447 Quin
2088 2381 2280 2449 potius,
2323 2393 2390 2434 ne
2430 2378 2623 2433 leviter
2664 2376 2766 2432 hoc
2793 2384 2884 2429 aut
2911 2375 3084 2429 obiter
3109 2387 3349 2444 agamus,

1782 2475 1969 2530 ordine
2010 2474 2161 2527 vobis
2208 2473 2373 2540 ipsam
2418 2470 2721 2540 parabolam
2769 2469 3145 2523 recitabimus:
3184 2465 3352 2519 Homo

1782 2566 1985 2633 quidam
2031 2573 2137 2617 erat
2181 2563 2337 2626 dives,
2367 2570 2412 2615 et
2438 2561 2735 2615 induebatur
2759 2574 2986 2629 purpura
3022 2573 3081 2609 ae
3108 2557 3274 2625 bysso,
3304 2564 3349 2608 et

1783 2659 2079 2730 epulabatur
2125 2656 2343 2728 quotidie
2381 2653 2661 2724 splendide.
2706 2651 2833 2705 Erat
2876 2660 3042 2703 autem
3096 2648 3352 2701 mendicus

1782 2750 1988 2821 quidam
2028 2749 2229 2802 nomine
2254 2746 2496 2809 Lazarus,
2529 2744 2615 2814 qui
2630 2741 2834 2813 jaeebat
2874 2742 2927 2794 in
2954 2739 3191 2794 vestibulo
3215 2739 3352 2792 illius

1782 2844 2055 2908 ulcerosus,
2082 2839 2381 2910 cupiensque
2413 2835 2635 2890 saturari
2665 2834 2726 2887 de
2749 2822 3031 2901 micis'qum
3061 2829 3352 2883 decidebant

1785 2951 1811 2989 e
1836 2948 2008 2988 mensa
2035 2931 2220 2984 divitis.
2251 2927 2355 2984 Sed
2378 2936 2427 2982 et
2456 2940 2603 2980 canes
2630 2924 2884 2988 adeuntes,
2913 2920 3353 2990 circumlingebant

1786 3024 1955 3081 ulcera
1991 3041 2100 3094 ejus
2138 3020 2289 3092 (Luc.
2320 3020 2405 3075 16.
2440 3016 2551 3092 19).
2579 3015 2740 3087 Cujus
2765 3014 2929 3085 gratia
2975 3012 3229 3067 Dominus
3259 3025 3354 3080 per

1786 3117 2061 3189 parabolas
2105 3116 2350 3185 loquutus
2376 3112 2465 3179 sit,
2511 3119 2566 3165 et
2599 3124 2758 3180 quam
2785 3106 3013 3162 tamdem
3045 3104 3114 3159 ob
3140 3117 3352 3160 causam

1786 3226 1856 3265 ex
1884 3207 2145 3280 parabolis
2162 3206 2293 3259 alias
2312 3202 2521 3274 quidem
2540 3198 2902 3269 explicaverit,
2925 3196 3056 3249 alias
3076 3208 3183 3248 non
3206 3194 3353 3247 item:

1788 3309 1841 3356 et
1872 3300 2120 3370 quidnam
2155 3297 2222 3351 sit
2251 3294 2514 3365 parabola,
2542 3302 2596 3347 et
2624 3291 2668 3345 si
2696 3305 2794 3360 qua
2820 3297 2944 3344 sunt
2967 3286 3122 3356 hujus
3148 3284 3356 3355 generis

1789 3394 1911 3459 alia,
1945 3393 1997 3446 in
2027 3388 2165 3444 aliud
2199 3400 2405 3456 tempus
2433 3382 2843 3446 reservabimus,
2866 3394 2930 3432 ne
2950 3378 3357 3446 ab‘argumento

1790 3498 1931 3540 nunc
1953 3490 2169 3553 urgente
2190 3476 2562 3548 digrediamur.
2585 3472 2846 3528 Craterum
2873 3469 3000 3523 illud
3027 3468 3185 3523 modo
3209 3466 3358 3521 vobis

1790 3576 2027 3631 dicemus
2064 3573 2116 3627 in
2146 3568 2447 3641 praesentia,
2479 3566 2596 3637 quis
2628 3562 3065 3633 evangelistamm
3092 3558 3359 3627 scripserit

1793 3666 1928 3721 hanc
1954 3663 2253 3735 parabolam
2281 3676 2308 3713 a
2335 3658 2549 3714 Christo
2575 3656 2737 3711 fuisse
2754 3651 3101 3723 propositam?
3116 3649 3244 3717 Quis
3261 3648 3358 3718 igi-

1794 3769 1878 3814 tur
1904 3758 1948 3813 is
1984 3756 2099 3810 est?
2127 3753 2384 3808 Nimirum
2427 3750 2598 3804 Lucas
2640 3742 3262 3814 solus:quandoquidcm
3306 3748 3359 3794 et

1792 3850 1895 3905 hoc
1914 3848 2050 3904 scire
2071 3845 2251 3907 refert,
2275 3841 2415 3914 quod
2438 3843 2573 3895 inter
2593 3855 2653 3894 ea
2674 3854 2791 3909 quae
2812 3836 3111 3892 referuntur
3126 3834 3192 3888 ab
3207 3847 3360 3888 evan-

1792 3940 2013 4011 gelistis,
2040 3938 2137 3991 alia
2164 3936 2406 3989 dicantur
2427 3943 2459 3985 a
2476 3940 2701 4003 quatuor
2727 3926 3097 3992 communiter,
3119 3924 3221 3979 alia
3242 3938 3361 3994 spe-

1796 4030 1974 4087 ciatim
1996 4044 2023 4081 a
2052 4028 2294 4097 singulis.

1872 4120 2203 4190 Evangelist
2212 4132 2304 4170 cur
2315 4132 2417 4170 non
2431 4116 2606 4169 omnia
2619 4112 2920 4179 scripsermt
2933 4106 3360 4174 eadem—Quam

1796 4214 1866 4270 ob
1891 4210 2142 4268 causam?
2189 4210 2253 4266 Ut
2286 4208 2440 4264 simul
2468 4216 2523 4263 et
2557 4206 2707 4261 nobis
2743 4210 2888 4260 esset
2914 4200 3206 4257 necessaria
3235 4198 3364 4254 reli-

1797 4320 2021 4376 quorum
2047 4319 2193 4359 sacra
2218 4301 2390 4367 lectio,
2414 4309 2467 4354 et
2488 4298 2756 4354 evidenter
2778 4295 3051 4366 perspicua
3072 4295 3220 4347 fieret
3240 4291 3362 4344 illo-

1799 4413 1915 4452 rum
1940 4395 2076 4451 inter
2100 4394 2240 4463 ipsos
2258 4389 2618 4448 consonantia.
2652 4387 2860 4442 Etenim
2893 4385 2939 4440 si
2975 4398 3158 4438 omnes
3187 4381 3361 4436 omnia

1797 4487 2069 4550 dixissent,
2102 4497 2433 4553 nequaquam
2470 4480 2535 4535 ad
2564 4488 2749 4534 omnes
2784 4492 2903 4532 cum
2929 4474 3105 4529 studio
3132 4472 3362 4525 animum

1801 4576 2197 4644 adjecissemus,
2231 4587 2350 4627 cum
2381 4585 2516 4624 unus
2556 4568 2623 4623 ad
2658 4567 2834 4624 omnia
2860 4564 3095 4620 docenda
3131 4562 3365 4618 sutl‘ecis-

1799 4680 1907 4735 set;
1948 4668 2027 4721 sin
2066 4678 2241 4721 autem
2283 4678 2467 4719 omnes
2511 4662 2719 4717 diversa
2760 4658 2936 4715 omnia
2975 4666 3132 4727 atque
3170 4654 3365 4708 variata

1799 4758 2157 4830 protulissent,
2191 4767 2517 4824 nequaquam
2546 4751 2764 4823 insignis
2804 4749 3011 4804 illorum
3041 4744 3367 4816 apparuisset

1800 4846 2100 4903 concordia.
2153 4845 2486 4914 Quapropter
2523 4852 2577 4897 et
2619 4856 2805 4897 omnes
2831 4837 3181 4895 communiter
3204 4833 3369 4887 multa

1801 4939 2145 5008 scripserunt,
2173 4936 2339 4992 etsibi
2369 4935 2589 5005 quisque
2610 4932 2822 5002 proprie
2849 4928 3073 4997 sumpsit
3092 4923 3367 4979 nonnulla.

1807 5029 1916 5081 lloc
1931 5028 2086 5099 igitur
2101 5026 2228 5081 illud
2246 5023 2488 5095 est,quod
2509 5038 2599 5094 per
2615 5020 2915 5092 parabolam
2934 5018 3089 5072 docet
3108 5014 3368 5069 Christus.

1806 5119 1973 5173 Homo
1996 5118 2207 5189 quidam
2235 5127 2348 5172 erat
2372 5116 2521 5169 dives
2540 5155 2555 5179 ,
2586 5115 2736 5182 cujus
2761 5100 2864 5166 vlla
2894 5109 3054 5163 variis
3092 5107 3232 5161 vitiis
3258 5112 3372 5160 erat

1804 5209 2105 5279 inquinata,
2148 5224 2244 5264 nec
2278 5209 2389 5277 ipse
2413 5218 2585 5261 tamen
2623 5205 2782 5258 ullam
2816 5202 3077 5257 sentiebat
3104 5198 3374 5253 calamita-

1807 5312 1947 5366 tem,
1993 5316 2174 5355 verum
2218 5299 2292 5352 illi
2328 5306 2512 5352 cuncta
2550 5295 2694 5351 velut
2730 5309 2762 5349 e
2803 5293 3033 5348 fontibus
3064 5289 3371 5343 afﬂuebant.

1806 5391 1957 5462 Quod
1981 5393 2121 5446 enim
2143 5390 2215 5445 illi
2239 5388 2369 5443 nihil
2390 5387 2638 5443 acciderit
2660 5386 2889 5441 subitum
2916 5394 3005 5437 aut
3024 5382 3370 5450 inopinatum,

1810 5500 1907 5538 nec
1932 5484 2034 5539 ulla
2064 5481 2262 5536 doloris
2292 5480 2530 5543 materia,
2574 5492 2671 5532 nec
2692 5477 2853 5530 ullum
2882 5476 2931 5529 in
2964 5474 3124 5528 rebus
3151 5471 3374 5525 munda-

1810 5575 1892 5628 nis
1916 5572 2326 5635 incommodum,
2358 5571 2459 5626 hoc
2492 5571 2661 5641 ipsum
2701 5567 2907 5638 aperuit
2932 5566 3119 5631 Lucas,
3154 5564 3370 5618 dicens:

1809 5665 2081 5721 laetabatur
2107 5673 2160 5718 et
2194 5662 2454 5732 gaudebat
2481 5660 2734 5731 quotidie.
2766 5656 3026 5714 Czeterum
3056 5655 3196 5728 quod
3218 5656 3374 5709 vitio-

1810 5774 1923 5812 Sam
1948 5758 2115 5828 egerit
2152 5758 2332 5821 vitam,
2360 5755 2698 5825 perspicuum
2721 5762 2801 5809 est
2823 5767 2888 5809 ex
2920 5752 3034 5821 ipso
3058 5758 3177 5804 Vitae
3206 5748 3378 5811 exitu,
