3906 6236
556 305 650 362 επ

554 424 710 479 quem
726 411 944 465 sortitus
964 421 1062 478 est,
1084 421 1138 468 et
1158 414 1281 469 item
1304 426 1425 471 ante
1452 418 1571 472 vitae
1598 420 1792 473 exitum
1810 434 1875 473 ex
1894 434 1959 475 eo
1978 420 2118 489 quod

552 504 631 558 sic
674 503 923 559 fastidivit
952 519 1255 575 pauperem.
1297 505 1431 563 Nam
1459 509 1555 563 ista
1582 526 1669 565 res
1691 510 1941 577 declarat,
1982 513 2121 581 quod

555 609 660 647 non
693 593 847 663 hujus
868 594 1041 650 solum
1068 597 1154 668 qui
1180 596 1385 668 iacebat
1420 600 1471 653 in
1498 601 1778 668 vestibulo,
1818 618 1999 658 verum
2025 620 2122 659 nec

550 683 767 738 alterius
789 685 1094 756 cujusquam
1117 687 1206 743 ille
1225 689 1472 745 misertus
1492 690 1665 748 fuerit.
1690 694 1893 748 Etenim
1915 694 1957 748 si
1976 695 2121 749 illum

556 784 808 841 perpetuo
845 775 899 830 in
932 777 1192 832 vestibulo
1214 790 1555 847 prostratum,
1586 798 1741 851 quem
1775 785 2008 852 quotidie
2033 800 2122 840 se-

552 862 657 917 mel
700 873 857 933 atque
889 865 1079 920 iterum
1125 882 1187 923 ac
1212 870 1406 937 saepius
1435 871 1613 927 videre
1637 874 1937 942 cogebatur,
1983 877 2121 932 foras

554 953 803 1021 prodiens
828 971 891 1010 ac
918 955 1133 1011 domum
1158 958 1367 1015 rediens
1396 980 1410 1015 :
1457 978 1562 1017 non
1588 964 1727 1017 enim
1760 966 1810 1018 in
1836 967 1994 1031 bivio,
2024 983 2122 1024 nec

553 1044 605 1096 in
634 1046 910 1116 angiportu
934 1088 950 1114 ,
994 1049 1268 1105 occultove
1310 1052 1427 1107 loco
1468 1052 1853 1122 decumbebat,
1897 1058 1990 1112 sed
2018 1075 2119 1128 qua

552 1136 859 1204 frequenter
882 1139 1060 1194 exibat
1081 1140 1415 1213 intrabatque
1439 1145 1589 1200 dives
1610 1187 1626 1211 ,
1647 1147 1724 1200 sic
1743 1157 1799 1200 ut
1826 1149 1909 1203 vel
1935 1150 2121 1205 nolens

551 1229 789 1295 aspicere
824 1240 1136 1299 cogeretur;
1182 1231 1227 1286 si
1255 1233 1410 1298 hunc,
1455 1235 1687 1304 inquam,
1720 1253 1823 1291 non
1854 1248 1935 1293 est
1972 1254 2117 1293 com-

552 1318 856 1386 miseratus,
900 1329 1039 1374 tauta
1070 1320 1319 1379 afﬂictum
1350 1326 1680 1393 (egritudine,
1713 1328 1764 1380 in
1796 1338 2029 1398 egestate
2059 1345 2122 1384 ac

553 1410 772 1475 penuria
807 1412 964 1466 vitam
996 1412 1275 1483 degentem
1302 1455 1318 1481 ,
1360 1418 1443 1471 vel
1489 1419 1662 1487 potius
1701 1428 1811 1474 toto
1844 1422 1966 1474 vita:
2011 1438 2123 1477 sua:

554 1512 791 1572 tempore
817 1504 1004 1558 morbo
1044 1516 1204 1576 atque
1246 1509 1380 1562 adeo
1407 1510 1722 1578 gravissimo
1771 1512 2119 1578 laborantem,

552 1593 822 1664 cujusnam
852 1596 990 1650 obvii
1024 1597 1270 1653 misertus
1297 1601 1481 1655 esset?
1519 1601 1726 1657 Etenim
1758 1614 1817 1660 ut
1847 1606 2014 1674 primo
2036 1608 2122 1663 die

552 1688 862 1758 neglexerit,
902 1700 1048 1746 certe
1084 1703 1498 1750 consentaneum
1541 1707 1686 1764 erat,
1723 1707 1779 1752 ut
1824 1699 1995 1754 altero
2037 1701 2123 1754 die

550 1770 770 1833 s‘entiret
797 1780 996 1851 aliquid
1024 1781 1262 1838 aﬂ‘eetus.
1304 1784 1455 1853 Quod
1480 1787 1524 1841 si
1555 1785 1656 1841 hoc
1675 1803 1883 1858 quoque
1909 1791 1993 1845 die
2013 1790 2122 1844 dis-

550 1869 835 1939 simulavit,
866 1883 1011 1927 certe
1040 1876 1194 1929 tertio
1217 1875 1324 1943 die,
1355 1888 1500 1933 certe
1516 1889 1726 1948 quarto,
1745 1891 1892 1936 certe
1914 1883 2117 1952 quinto,

549 1968 641 2015 aut
676 1961 800 2017 huic
841 1967 1083 2033 proximo
1121 1966 1206 2022 die
1242 1984 1458 2037 prorsus
1485 1971 1663 2025 animo
1692 1972 1831 2027 ﬂecti
1874 1974 2120 2050 debebat,

550 2051 671 2106 licet
699 2051 824 2109 feris
849 2070 1059 2126 quoque
1086 2056 1273 2114 fuisset
1292 2060 1562 2116 immitior.
1583 2060 1775 2117 Verum
1799 2062 1927 2120 nihil
1949 2065 2123 2121 istius-

551 2142 693 2195 modi
721 2144 908 2208 sensit,
944 2144 1036 2201 sed
1064 2145 1155 2201 illo
1180 2161 1392 2219 quoque
1410 2148 1610 2218 judice,
1634 2152 1723 2221 qui
1751 2168 1921 2224 neque
1954 2154 2121 2209 Deum

550 2235 839 2301 metuebat,
872 2251 970 2291 nec
1001 2235 1270 2294 hominem
1305 2242 1662 2309 reverebatur,
1690 2256 1744 2299 et
1768 2245 2123 2315 impudentior

551 2332 664 2377 erat
690 2333 743 2378 et
768 2325 1159 2383 iuexorabilior.
1185 2330 1317 2387 Nam
1341 2332 1484 2389 illum
1502 2334 1714 2404 quidem
1739 2337 1906 2393 viduae
1926 2340 2122 2394 instan-

553 2415 647 2484 tia,
686 2418 929 2485 quamvis
971 2418 1240 2476 crudelem
1276 2432 1330 2477 et
1356 2439 1624 2493 asperum,
1665 2436 1839 2485 tamen
1873 2430 2019 2485 ﬂexit
2055 2431 2122 2486 ad

551 2508 972 2576 gratificandum,
1011 2513 1241 2584 vicitque
1278 2516 1519 2573 mulieris
1561 2521 1874 2590 supplicatio
1916 2539 1929 2575 :
1981 2522 2124 2580 hunc

551 2614 678 2656 vero
708 2617 772 2657 ne
794 2601 893 2658 ista
918 2602 1129 2675 quidem
1159 2621 1245 2661 res
1272 2606 1485 2667 ﬂectere
1509 2611 1676 2680 potuit
1703 2613 1768 2667 ad
1808 2614 2124 2671 subvenien-

551 2689 674 2744 dum
706 2694 943 2763 pauperi.
980 2694 1305 2766 Quamquam
1333 2713 1441 2755 non
1465 2710 1580 2756 erat
1602 2701 1787 2758 similis
1817 2705 2120 2774 postulatio,

551 2780 643 2835 sed
673 2781 848 2851 hujus,
879 2798 1070 2854 nempe
1089 2784 1296 2855 Lazari,
1318 2788 1488 2843 multo
1513 2787 1611 2844 fuit
1632 2800 1739 2845 tum
1768 2791 1990 2861 facilior,
2013 2804 2122 2852 tum

549 2872 758 2940 iustior.
781 2872 914 2931 Nam
945 2876 1097 2932 vidua
1126 2877 1337 2947 quidem
1360 2879 1505 2936 illum
1530 2881 1843 2951 implorabat
1866 2884 2122 2943 adversus

553 2962 732 3020 hostes
756 2978 920 3021 suos:
950 2966 1038 3023 hic
1066 2968 1197 3023 nihil
1217 2970 1357 3025 aliud
1385 2973 1616 3042 petebat,
1647 2988 1803 3044 quam
1833 2987 1888 3031 ut
1912 2977 2126 3035 sedaret

552 3052 768 3121 famem,
801 3064 857 3110 et
882 3072 950 3112 ne
975 3067 1340 3116 contemneret
1373 3072 1698 3131 pereuntem.
1739 3065 1829 3122 Illa
1858 3068 2126 3139 ﬂagitabat

551 3146 884 3215 obstrepens,
908 3147 995 3204 hic
1011 3158 1187 3205 autem
1211 3153 1404 3221 saepius
1429 3169 1535 3208 uno
1553 3154 1640 3211 die
1662 3157 1823 3212 silens
1838 3161 2124 3229 apparebat

551 3235 698 3291 diviti
724 3238 1033 3309 iacensque.
1077 3240 1191 3299 Hoc
1217 3252 1365 3300 certe
1389 3246 1519 3300 satis
1549 3256 1663 3302 erat
1690 3248 1770 3303 vel
1810 3250 1876 3303 ad
1906 3266 2123 3307 saxeum

552 3342 645 3382 cor
672 3329 1069 3385 emolliendum.
1113 3332 1321 3389 Etenim
1348 3336 1436 3405 qui
1456 3336 1773 3406 obtundunt,
1802 3340 1854 3395 iu
1884 3340 1984 3397 hos
2015 3342 2122 3399 fre-

552 3428 777 3489 quenter
795 3421 950 3476 etiam
972 3438 1326 3494 provocamur
1351 3428 1447 3481 ira.
1471 3428 1729 3486 Caeterum
1755 3435 1960 3503 quoties
1980 3436 2124 3493 vide-

554 3525 672 3564 mus
696 3510 891 3568 auxilio
912 3514 1205 3587 indigentes
1226 3558 1240 3582 ,
1270 3520 1435 3575 multo
1459 3534 1579 3575 cum
1600 3522 1811 3579 silentio
1830 3525 2121 3594 adstantes,

552 3616 723 3672 neque
770 3617 953 3660 vocem
980 3606 1138 3662 ullam
1181 3608 1430 3677 edentes,
1477 3612 1584 3668 imo
1625 3614 1783 3669 etiam
1829 3616 1876 3671 si
1913 3632 2123 3687 semper

551 3691 891 3761 frustrentur,
938 3712 1043 3754 non
1086 3706 1260 3756 tamen
1303 3703 1525 3758 moleste
1566 3703 1818 3773 ferentes,
1847 3706 1942 3763 sed
1970 3709 2124 3764 tacite

551 3783 832 3842 offerentes
856 3802 976 3845 sese
998 3800 1181 3848 nostro
1206 3798 1531 3865 conspectui,
1552 3800 1792 3869 quamvis
1810 3801 1975 3856 simus
1994 3802 2124 3871 ipsis

554 3877 815 3948 lapidibus
853 3881 1128 3951 duriores,
1178 3894 1355 3945 tamen
1382 3890 1745 3949 admirabilem
1772 3894 1914 3950 illam
1942 3897 2125 3952 mode-

552 3970 707 4025 stiam
746 3973 960 4029 reveriti
989 3974 1268 4032 ﬂeetimur.
1309 3978 1428 4035 Jam
1470 3991 1523 4036 et
1549 3983 1690 4039 aliud
1728 3986 2015 4042 accedebat
2043 3987 2123 4044 his

551 4075 671 4129 quae
691 4061 797 4116 dixi
819 4077 922 4118 non
942 4064 1136 4128 minus,
1164 4067 1408 4125 videlicet
1423 4072 1562 4142 quod
1588 4073 1699 4142 ipsa
1730 4089 1938 4145 quoque
1965 4075 2125 4132 facies

556 4152 797 4221 pauperis
821 4163 936 4209 erat
969 4155 1307 4226 miserabilis,
1338 4169 1519 4231 utpote
1545 4164 1681 4219 fame
1706 4167 2010 4239 diutinaque
2034 4186 2126 4224 va-

552 4241 786 4300 letudine
821 4245 1078 4302 confecta.
1110 4251 1356 4308 Attamen
1395 4270 1495 4310 nec
1531 4256 1717 4312 harum
1757 4274 1937 4315 rerum
1972 4261 2125 4333 quid-

554 4349 709 4404 quam
737 4336 1121 4407 implacabilem
1151 4341 1297 4398 illum
1322 4345 1564 4401 emolliit.

625 4427 678 4480 7.
716 4427 827 4484 Hoc
860 4430 1016 4501 igitur
1037 4432 1262 4503 primum
1286 4436 1469 4493 vitium
1492 4439 1775 4495 crudelitas
1797 4450 1933 4508 erat,
1959 4443 2119 4499 inhu-

556 4519 883 4590 manitasque
934 4523 1020 4579 cui
1065 4525 1198 4581 nihil
1241 4536 1448 4599 poterat
1488 4529 1762 4586 accedere.
1820 4531 1929 4590 Nec
1980 4536 2121 4589 enim

554 4610 725 4666 simile
767 4624 869 4681 est,
910 4616 954 4670 si
996 4617 1061 4683 is,
1089 4620 1177 4690 qui
1208 4619 1261 4675 in
1290 4622 1507 4691 penuria
1535 4622 1678 4695 degit
1706 4640 1811 4680 non
1851 4637 2123 4683 succurrat

553 4704 757 4773 egenis,
795 4714 849 4760 et
886 4707 930 4762 si
962 4710 1119 4766 tantis
1140 4710 1367 4769 afﬂuens
1391 4714 1615 4782 deliciis,
1642 4717 1776 4771 alios
1812 4717 1949 4773 fame
1977 4719 2122 4774 tabe-

553 4807 760 4854 scentes
783 4798 1056 4870 despiciat.
1088 4803 1318 4861 Rursum
1345 4807 1515 4864 simile
1535 4823 1643 4869 non
1668 4819 1749 4865 est
1768 4811 1811 4866 si
1833 4826 2118 4882 pauperem

553 4890 718 4945 semel
744 4901 901 4963 atque
922 4894 1109 4952 iterum
1137 4906 1477 4968 conspectum
1500 4909 1897 4971 prmtercurras,
1922 4914 2117 4958 etcum

552 4982 787 5050 quotidie
810 4986 1008 5052 videas,
1045 5004 1113 5046 ne
1141 4990 1220 5045 sic
1247 4990 1461 5060 quidem
1490 5007 1553 5048 ex
1588 4993 1803 5051 assiduo
1831 5005 2119 5064 conSpectu

551 5074 797 5132 excitaris
839 5076 905 5131 ad
946 5078 1384 5139 misericordiam.
1412 5083 1615 5140 Rursus
1641 5083 1783 5139 aliud
1810 5092 1912 5152 est,
1951 5086 1994 5139 si
2030 5086 2118 5154 qui

551 5168 936 5227 calamitatibus
983 5180 1038 5229 et
1077 5174 1333 5245 angustiis
1374 5176 1651 5246 premitur,
1700 5176 1948 5245 maleque
1991 5176 2119 5230 aﬂ‘e—

550 5266 667 5314 ctus
689 5269 771 5314 est
793 5261 991 5331 animo,
1022 5279 1128 5321 non
1157 5265 1445 5334 upituletur
1468 5267 1713 5337 proximo
1747 5284 1760 5323 :
1792 5266 1935 5327 aliud
1962 5265 2007 5320 si
2027 5266 2119 5336 qui

552 5360 695 5404 tanta
742 5351 933 5409 fruitur
973 5357 1242 5426 voluptate
1287 5369 1648 5430 perpetuaque
1687 5358 1936 5416 felicitate
1984 5359 2118 5414 alios

549 5440 691 5494 fame
714 5442 1045 5500 tabescentes
1085 5448 1333 5517 negligat,
1374 5449 1724 5518 occludatque
1764 5450 1987 5516 viscera,
2019 5464 2117 5503 nec

549 5531 632 5587 vel
671 5532 740 5589 ab
779 5535 891 5604 ipsa
940 5535 1119 5593 laatitia
1170 5539 1419 5599 reddatur
1469 5541 1768 5596 humanior.
1814 5541 1944 5596 Nam
1989 5540 2117 5596 illud

549 5624 786 5695 profecto
824 5627 1008 5693 nostis,
1043 5630 1182 5699 quod
1222 5631 1346 5686 licet
1388 5632 1553 5687 simus
1590 5634 1827 5688 omnium
1870 5632 2116 5687 immitis-

549 5717 689 5786 simi,
724 5727 899 5775 tamen
925 5735 1176 5791 prospero
1214 5737 1462 5781 successu
1492 5740 1671 5781 rerum
1702 5725 1940 5781 mitiores
1961 5724 2116 5782 beni-

1279 306 1333 359 S.
1367 306 1640 364 JOANNIS
1674 309 2139 367 CHRYSOSTOMI
2167 311 2483 368 ARCIIIEP.
2514 312 3042 368 CONSTANTINOP.

3687 311 3793 363 973.

2231 419 2547 490 gnioresque
2589 420 2737 477 reddi
2779 422 3163 476 consuevimus.
3213 423 3283 476 At
3324 421 3472 476 illum
3517 440 3588 478 ne
3637 440 3789 495 copia

2225 512 2434 581 quidem
2461 527 2636 567 rerum
2660 511 2913 568 reddebat
2959 512 3253 577 meliorem,
3290 513 3382 568 sed
3412 518 3790 583 perseverabat

2224 617 2408 658 versus
2433 604 2485 657 in
2515 604 2699 669 feram,
2747 606 2853 659 imo
2877 605 3048 675 potius
3073 605 3303 659 omnium
3332 604 3570 659 ferarum
3603 608 3787 659 crude-

2224 696 2422 751 litatem
2462 704 2518 750 et
2543 696 2974 751 inhumanitatem
3012 695 3246 750 moribus
3282 697 3576 766 superavit.
3619 696 3687 750 Et
3716 709 3786 749 ta—

2224 802 2345 840 men
2394 785 2530 842 banc
2565 787 2879 841 scelerosam
2924 795 2979 840 et
3020 786 3352 839 inhumanam
3394 786 3560 838 vitam
3598 797 3784 848 agens.

2225 877 2367 931 omni
2386 893 2562 931 rerum
2582 878 2929 947 prosperitate
2953 876 3220 931 fruebatur
3245 895 3257 930 :
3281 876 3413 931 alter
3433 892 3569 931 vero
3591 877 3782 943 justus,

2225 982 2288 1022 ac
2323 967 2531 1022 virtutis
2579 968 2844 1021 studiosus
2880 968 2933 1023 in
2981 969 3230 1022 extremis
3274 976 3390 1021 erat
3430 968 3611 1020 malis.
3658 967 3779 1020 Nam

2222 1058 2476 1113 Lazarum
2503 1057 2665 1113 fuisse
2686 1058 2906 1127 justum,
2936 1057 3259 1113 declaratum
3288 1067 3370 1129 est
3389 1068 3502 1112 tum
3530 1058 3680 1111 exitu
3708 1060 3781 1111 vi-

2224 1156 2312 1214 tte,
2345 1158 2453 1203 tum
2494 1158 2548 1203 et
2581 1158 2703 1203 ante
2730 1149 2852 1203 vitae
2893 1149 3049 1203 finem
3079 1150 3187 1218 ipsa
3224 1149 3451 1202 hominis
3476 1149 3527 1202 in
3563 1164 3783 1217 pauper-

2225 1249 2330 1296 tate
2363 1242 2655 1295 tolerantia.
2696 1244 2910 1307 Quazso,
2952 1256 3126 1296 nonne
3173 1241 3419 1295 videmini
3456 1242 3578 1295 haec
3624 1242 3781 1294 oculis

2225 1333 2456 1387 intueri?
2483 1334 2636 1388 Diviti
2661 1336 2810 1387 navis
2839 1345 2951 1388 erat
2971 1335 3121 1404 plena
3152 1334 3427 1397 mercium,
3460 1347 3525 1387 ac
3551 1332 3783 1386 secundo

2224 1425 2504 1493 navigabat
2534 1435 2710 1479 vento.
2737 1426 2929 1479 Verum
2956 1442 3021 1480 ne
3050 1426 3173 1496 quid
3212 1426 3439 1486 mireris,
3482 1425 3550 1478 ad
3584 1423 3781 1477 naufrao

2222 1514 2364 1582 gium
2395 1514 2693 1581 festinabat,
2727 1531 2792 1569 eo
2816 1516 2954 1586 quod
2981 1531 3114 1571 onus
3154 1516 3364 1570 nolebat
3388 1526 3541 1570 caute
3568 1530 3779 1584 ponere.

2226 1603 2316 1658 Vis
2347 1604 2437 1659 tibi
2463 1619 2872 1661 commemorem
2912 1616 2966 1660 et
3004 1605 3143 1659 aliud
3173 1606 3308 1660 illius
3345 1606 3571 1659 vitium?
3599 1606 3781 1669 Quoti-

2223 1693 2310 1748 die
2340 1694 2557 1748 vacabat
2581 1694 2780 1749 deliciis
2808 1696 2925 1750 sine
2953 1695 3060 1748 ttllo
3098 1704 3260 1749 metu.
3291 1694 3419 1748 Nam
3447 1706 3503 1748 et
3540 1695 3646 1748 hoc
3672 1706 3783 1747 erat

2226 1784 2430 1849 vitium,
2467 1800 2571 1838 non
2602 1784 2760 1838 modo
2790 1785 2891 1839 hoc
2924 1793 3182 1854 tempore,
3222 1800 3339 1839 cum
3372 1794 3513 1838 tanta
3563 1801 3595 1837 a
3634 1786 3782 1837 nobis

2223 1872 2449 1942 exigitur
2480 1872 2831 1943 philosOpbia,
2862 1891 3045 1930 verum
3084 1875 3242 1929 etiam
3281 1875 3429 1929 initio
3466 1876 3568 1928 sub
3606 1874 3782 1927 Veteri

2225 1963 2584 2032 Testamento,
2629 1980 2748 2020 cum
2790 1967 3021 2021 nondum
3058 1967 3210 2021 nobis
3255 1976 3396 2020 esset
3425 1976 3643 2021 ostensa
3676 1975 3781 2018 tam

2223 2064 2406 2110 exacta
2433 2056 2779 2125 philosophia.
2811 2058 2946 2112 Audi
2982 2058 3140 2128 igitur
3166 2057 3289 2128 quid
3317 2058 3455 2112 dicat
3482 2057 3743 2127 propheta
3768 2077 3779 2107 :

2233 2144 2321 2200 Va:
2352 2148 2505 2210 vobis,
2544 2149 2630 2219 qui
2653 2150 2846 2202 uenturi
2874 2150 2988 2205 estis
3016 2151 3069 2203 in
3096 2150 3225 2203 diem
3251 2152 3456 2215 malum,
3482 2151 3567 2214 qui
3593 2167 3781 2219 appro-

2225 2238 2496 2307 pinquatis,
2538 2247 2585 2291 et
2624 2240 2824 2309 tangitis
2852 2239 3055 2294 sabbata
3093 2242 3350 2294 mendacia
3376 2242 3572 2310 (Amos.
3617 2241 3670 2295 6.
3701 2242 3779 2310 ὅ).

2225 2329 2360 2396 Quid
2387 2339 2487 2392 est,
2519 2329 2748 2401 Tangitis
2770 2330 2975 2385 sabbata
2997 2332 3294 2385 mendacia?

2296 2420 2576 2474 Sabbatum
2614 2437 2716 2475 non
2754 2421 2863 2487 otii,
2907 2421 2996 2474 sed
3033 2421 3365 2474 meditationis
3405 2436 3557 2473 causa
3582 2421 3780 2473 datum.

2222 2510 2478 2566 —Judaai
2505 2521 2690 2581 putant
2727 2513 2827 2567 sibi
2869 2512 3143 2567 sabbatum
3170 2512 3260 2566 otii
3301 2513 3467 2581 gratia
3496 2511 3657 2568 fuisse
3682 2514 3779 2565 da-

2226 2611 2357 2666 tum,
2387 2618 2571 2657 verum
2598 2618 2705 2657 non
2746 2604 2845 2659 ista
2890 2613 2971 2657 est
3008 2618 3205 2659 causa:
3234 2602 3326 2657 sed
3368 2604 3560 2673 potius,
3608 2616 3666 2657 ut
3690 2604 3782 2659 ab-

2224 2692 2363 2746 ducti
2388 2707 2417 2746 a
2460 2694 2600 2747 curis
2643 2708 2820 2748 rerum
2861 2693 3247 2763 temporalium,
3278 2694 3439 2747 otium
3467 2710 3627 2749 omne
3650 2710 3783 2748 ωηεν

2224 2790 2498 2837 sumerent
2543 2784 2595 2838 in
2630 2783 2971 2853 spiritalibus.
3020 2783 3170 2851 Quod
3205 2784 3345 2839 enim
3374 2784 3649 2839 sabbatum
3678 2800 3780 2837 non

2224 2875 2340 2941 otii,
2386 2875 2481 2930 sed
2521 2876 2808 2944 spiritualis
2852 2874 3074 2929 actionis
3117 2876 3332 2929 materia
3376 2875 3463 2940 sit,
3494 2875 3779 2929 dilucidum

2225 2974 2309 3021 est
2335 2982 2401 3022 ex
2426 2967 2555 3037 ipsis
2579 2967 2759 3022 rebus.
2780 2966 2910 3022 Nam
2938 2966 3187 3021 sacerdos
3214 2980 3279 3020 eo
3301 2964 3389 3021 die
3413 2965 3631 3034 duplum
3661 2965 3781 3019 facit

2225 3060 2422 3128 operis,
2450 3059 2538 3129 qui
2560 3058 2794 3128 quotidie
2826 3072 2929 3113 non
2960 3057 3057 3111 nisi
3086 3057 3294 3111 unicam
3329 3055 3555 3110 hostiam
3584 3056 3779 3109 oﬂ'erre

2224 3150 2430 3214 solitus,
2478 3150 2697 3205 sabbato
2737 3149 2954 3219 jubetur
2993 3147 3180 3203 oﬂ‘erre
3226 3148 3509 3217 geminam.
3546 3147 3696 3214 Quod
3736 3148 3779 3199 si

2224 3256 2445 3312 prorsus
2464 3249 2605 3295 esset
2627 3240 2719 3295 otii
2739 3240 2871 3305 dies,
2900 3240 3177 3310 Oportebat
3197 3238 3526 3293 sacerdotem
3549 3238 3780 3291 omnium

2225 3334 2452 3388 maxime
2477 3333 2641 3387 otium
2666 3347 2841 3403 agere.
2868 3330 3123 3398 Quoniam
3151 3330 3305 3399 igitur
3331 3327 3499 3383 Judaei
3537 3342 3779 3397 corpora-

2224 3423 2353 3478 lium
2384 3438 2561 3477 rerum
2588 3425 2727 3477 curis
2752 3421 2978 3487 liberati,
3002 3436 3105 3474 non
3144 3418 3395 3474 vacabant
3437 3418 3779 3486 spiritalibus.

2225 3524 2351 3585 puta
2392 3514 2684 3579 sobrietati,
2729 3513 3023 3580 modestiae,
3060 3523 3113 3568 et
3152 3512 3425 3567 audiendis
3449 3512 3644 3566 divinis
3668 3527 3779 3567 ser-

2224 3607 2491 3674 monibus,
2521 3605 2613 3661 sed
2638 3605 2959 3661 contrarium
2984 3604 3156 3673 potius
3180 3602 3459 3666 faciebant,
3492 3603 3782 3657 servientes

2224 3698 2415 3764 ventri,
2448 3696 2777 3767 indulgentes
2827 3695 3087 3759 ebrietati,
3116 3693 3331 3749 distenti
3357 3693 3508 3756 cibis,
3534 3692 3780 3746 delician-

2227 3803 2338 3856 tes,
2391 3789 2513 3845 ideo
2568 3789 2687 3843 illos
2742 3786 3081 3857 reprehendit
3132 3785 3406 3857 pr0pheta.
3455 3785 3592 3839 Cum
3642 3786 3778 3839 enim

2226 3881 2463 3944 dixisset,
2498 3878 2584 3933 γω
2603 3880 2685 3949 qui
2711 3878 2884 3932 venitis
2918 3877 2970 3930 in
2996 3877 3126 3930 diem
3152 3877 3336 3929 malam
3360 3890 3379 3927 :
3401 3882 3456 3929 et
3493 3890 3618 3929 cum
3644 3874 3781 3929 addi.

2224 3971 2412 4037 disset,
2441 3970 2541 4036 Qui
2579 3969 2822 4040 attingitis
2861 3966 3063 4021 sabbata
3105 3966 3381 4028 mendacia,
3429 3966 3683 4020 iudicavit
3722 3982 3779 4018 ex

2225 4063 2513 4128 additione,
2544 4074 2649 4131 quo
2688 4070 2841 4129 pacto
2884 4058 3157 4113 mendacia
3202 4056 3303 4111 illis
3341 4056 3559 4113 sabbata
3587 4065 3780 4112 essent.

2226 4154 2503 4223 Quomodo
2532 4154 2691 4223 igitur
2730 4167 2795 4207 ea
2824 4150 3097 4205 mendacia
3139 4148 3470 4205 reddebant?
3494 4149 3628 4203 Dum
3656 4164 3780 4217 ope-

2226 4250 2476 4305 rabantur
2512 4246 2863 4317 iniquitatem,
2895 4243 3099 4300 deliciis
3139 4250 3194 4297 et
3232 4242 3469 4296 ebrietati
3511 4252 3780 4302 vacantes,

2224 4347 2278 4395 et
2331 4346 2577 4394 sexcenta
2620 4335 2720 4389 alia
2774 4333 3065 4389 foedissima
3117 4338 3497 4401 perpetrautes.
3540 4328 3696 4397 Quod
3735 4340 3783 4380 ut

2224 4445 2407 4485 verum
2461 4442 2581 4484 esse
2628 4427 2908 4495 intelligas,
2952 4424 3073 4478 audi
3119 4438 3237 4492 quae
3288 4421 3780 4491 sequunturzquml

2224 4537 2323 4592 ego
2351 4521 2472 4576 dico
2502 4534 2596 4589 per
2618 4533 2679 4573 ea
2709 4518 2924 4577 indicat,
2947 4532 3062 4585 qua:
3087 4517 3263 4569 statim
3290 4512 3529 4580 adiunxit
3560 4512 3744 4566 dicens
3772 4532 3783 4562 :

2228 4615 2327 4683 Qui
2352 4614 2579 4668 dormitis
2618 4615 2669 4665 in
2715 4610 2851 4664 lectis
2883 4607 3128 4672 eburneis,
3170 4623 3229 4659 ac
3269 4604 3502 4659 lascivitis
3531 4604 3586 4656 in
3622 4608 3786 4657 stratis

2223 4707 2415 4762 vestris.
2450 4706 2547 4772 Qui
2582 4702 2853 4759 ‘comeditis
2891 4700 3062 4755 htedos
3085 4717 3113 4753 e
3141 4700 3322 4762 caulis,
3360 4708 3407 4751 et
3432 4698 3619 4750 vitulos
3646 4712 3674 4748 e
3699 4696 3787 4747 bo—

2222 4799 2405 4853 vilibus
2433 4798 2686 4861 lactentes,
2716 4794 2802 4864 qui
2831 4792 2993 4846 bibitis
3022 4792 3189 4844 vinum
3229 4789 3547 4859 defccatunt,
3594 4804 3654 4839 ac
3684 4788 3781 4854 pri-

2224 4892 2319 4945 mis
2363 4888 2628 4959 unguentis
2666 4884 2912 4956 ungimini
2962 4881 3156 4953 (Amos.
3205 4881 3257 4936 6.
3300 4880 3354 4935 4.
3402 4879 3485 4949 6).
3525 4879 3786 4947 AccepN-

2222 4983 2521 5041 Sabbatum.
2549 4987 2608 5033 ut
2634 4978 2864 5031 animam
2896 4985 3038 5030 tuam
3066 4974 3362 5028 liberaresa
3385 4971 3529 5023 vitiis
3554 4988 3567 5023 :
3591 4982 3646 5023 tu
3669 4986 3787 5023 vero

2224 5083 2332 5128 tum
2360 5071 2527 5142 magis
2566 5070 2651 5124 illa
2677 5068 2982 5123 committis.
3014 5064 3150 5131 Quid
3180 5064 3319 5117 enim
3346 5076 3466 5115 esse
3492 5060 3663 5130 possit
3696 5061 3783 5113 ista

2223 5165 2444 5221 mollitie
2484 5163 2729 5234 nequius,
2774 5175 2930 5230 quam
2976 5156 3265 5213 iudormire
3303 5154 3453 5208 lectis
3496 5150 3783 5206 eburneis!

2222 5258 2352 5313 Nam
2378 5264 2568 5312 ctetera
2593 5254 2809 5326 quidem
2840 5258 3055 5321 peccata
3085 5247 3269 5303 saltem
3291 5245 3518 5315 aliquam
3546 5244 3783 5313 exiguam

2222 5348 2628 5406 delectationem
2676 5344 2890 5409 habent,
2920 5340 3081 5396 veluti
3113 5336 3439 5398 temulentia,
3483 5336 3704 5389 avaritia
3738 5344 3781 5386 et

2221 5440 2429 5499 luxuria
2463 5445 2753 5492 :cteterum
2784 5435 2834 5488 in
2867 5434 3019 5488 lectis
3045 5429 3294 5485 eburneis
3332 5428 3592 5494 dormire,
3637 5441 3781 5493 quam

2222 5534 2375 5589 aﬂ'ert
2416 5527 2776 5600 voluptatem?
2823 5523 2964 5596 quod
3010 5519 3295 5577 solatium?
3334 5518 3468 5573 Num
3520 5517 3645 5572 lecti
3687 5516 3779 5583 pul.

2221 5621 2665 5681 chritudo'reddit
2704 5620 2855 5674 nobis
2879 5633 3120 5672 somnum
3147 5613 3442 5670 suaviorem
3470 5609 3775 5664 dulcioreuh

2223 5720 2370 5792 que?
2401 5718 2512 5772 luto
2541 5714 2908 5786 gravissimum
2947 5720 3031 5767 est
3070 5706 3197 5765 illud
3233 5704 3775 5770 molestissmuuiqac,
