3790 6240
21 295 115 350 971

21 409 100 480 τῷ
129 408 361 474 πυλῶνι,
389 409 502 463 ἀλλ’
527 409 631 463 οὐδ’
657 409 816 464 ἀλλον
845 409 964 464 τινὰ
998 411 1168 480 ἡλέει,
1197 413 1359 475 αὐτὸς
1385 412 1589 473 ἐκεῖνος

21 498 183 551 τοῦτο
217 498 432 561 ἔδειξεν.
464 499 527 550 EE
547 500 654 570 γάρ
679 499 768 552 τὸν
797 500 854 553 ὲν
882 500 958 569 τῷ
993 500 1196 553 πυλῶνι
1218 498 1475 570 διηνεκῶς
1501 499 1590 569 ἐρ-

23 586 314 655 ριμμένον.
340 588 433 640 καὶ⁵
463 586 569 658 πρὸ
617 587 724 642 τῶν
756 587 1047 658 ὀφθαλμῶν
1080 589 1358 657 κείμενον,
1386 586 1443 639 ὃν
1469 584 1589 638 καθ’

21 671 266 742 ἑκάστην
290 673 520 744 ἡμέραν,
554 676 644 727 καὶ
665 675 828 741 ama,
871 677 963 728 καὶ
1001 676 1102 738 δὶς,
1139 675 1232 727 καὶ⁵
1267 673 1588 734 πλεονάκις,

22 760 158 828 όρᾷν
190 761 528 827 ἠναγκάζετο
562 761 744 814 εἰσιὼν
777 762 870 815 καὶ
895 760 1163 825 ἐξιών-ὀὐ
1187 759 1294 831 γάρ
1323 761 1380 812 ἐν
1409 756 1591 827 ἀμφό-⁹

21 848 115 916 δῳς
163 848 273 900 οὐδ’
305 851 360 901 ἐν
410 849 634 921 κρυπτῷ
668 853 760 905 καὶ
807 851 1066 921 στενωπῷ
1112 850 1394 903 κατέκειτο
1418 846 1588 914 τόπῳ,

22 938 136 990 ἀλλ’
188 939 318 993 ἔνθα
349 921 615 1010 ’συνεχεῖς
661 941 758 1005 τὰς
816 941 1047 1003 εἰσόδους
1101 941 1193 994 καὶ
1245 940 1343 1004 τάς
1381 938 1592 1002 ἐξόδους

24 1027 349 1097 ποιούμενος
375 1031 403 1082 6
423 1030 692 1092 πλούσιος,
723 1031 868 1084 ἀκων
901 1030 1061 1082 αὐτὸν
1079 1030 1210 1100 ὁρᾷν
1231 1026 1588 1098 ἠναγκάζετο·

22 1120 69 1170 εί
105 1119 289 1173 τοίνυν
313 1120 500 1173 τοῦτον
528 1122 626 1175 οὐκ
656 1123 874 1194 ἡλέησε,
909 1124 1000 1175 τὸν
1024 1125 1082 1175 ἐν
1104 1119 1343 1190 τοσούτῳ
1371 1115 1591 1191 χαλεπῷ

22 1206 184 1260 πάθει
214 1210 626 1280 κατακείμενον,
676 1210 770 1263 καὶ
809 1211 1010 1281 ἀπορίᾳ
1043 1211 1279 1284 τοσαύτῃ
1315 1210 1587 1275 συζῶντα,

29 1295 229 1366 μᾶλλον
253 1296 307 1348 δέ
341 1297 427 1350 διὰ
471 1298 670 1362 παντὸς
702 1299 796 1352 τοῦ
841 1300 954 1369 βίου
994 1301 1273 1370 ἀρρωστία
1317 1300 1593 1353 ταλαιπω-

27 1385 247 1454 ροῦντα,
271 1387 363 1438 καὶ
391 1386 669 1458 ἀρρωστίᾳ
691 1387 1065 1461 χαλεπωτάτῃ·
1085 1389 1219 1458 πρὸς
1248 1388 1367 1441 τίνα
1394 1388 1460 1441 ἂν
1482 1389 1590 1442 τῶν

24 1473 460 1542 ἐντυγχανόντων
483 1474 808 1546 ἐπεκάμφθη
831 1476 959 1528 ποτέ
976 1495 990 1541 ;
1015 1478 1123 1530 Καὶ
1138 1476 1244 1548 γάρ
1259 1478 1338 1541 είς
1353 1476 1450 1548 τὴν
1467 1493 1594 1549 προ-

24 1562 188 1632 τέραν
222 1562 437 1633 ἡμέραν
468 1564 807 1635 παρέδραμε,
837 1565 935 1635 τὴν
977 1565 1232 1636 δευτέραν
1264 1566 1407 1630 είκὸς
1435 1561 1504 1637 ἦν
1536 1583 1590 1620 τι

28 1651 242 1703 παθεῖν·
264 1654 312 1703 εί
337 1652 393 1704 δέ
419 1654 512 1706 καὶ
544 1654 603 1705 ἐν
630 1653 796 1725 ταύτῃ
820 1653 1088 1725 παρεῖδεν,
1109 1654 1242 1708 ἀλλά
1262 1656 1360 1726 τὴν
1377 1656 1588 1726 τρίτην,

29 1742 60 1810 ἢ
93 1739 190 1810 τὴν
220 1741 488 1812 τετάρτην
507 1785 520 1806 ,
558 1740 590 1812 ἢ
639 1741 737 1812 τὴν
765 1745 881 1812 μετ’
909 1743 1143 1812 ἐκείνην,
1172 1743 1388 1808 πάντως
1431 1745 1591 1801 αὐτὸν

28 1834 438 1904 ἐπικαμφθῆναι
460 1833 585 1898 ἐδει,
609 1835 703 1888 καὶ
725 1837 772 1887 εί
794 1834 900 1887 τῶν
923 1834 1123 1905 θηρίων
1148 1834 1479 1908 ἀγριώτερος
1499 1832 1588 1907 ἦν.

27 1921 165 1973 Ἀλλ’
192 1921 344 1975 οὐδὲν
382 1921 550 1975 ἔπαθε
574 1921 836 1976 τοιοῦτον·
861 1921 996 1976 ἀλλά
1028 1924 1120 1977 καὶ
1152 1924 1361 1977 ἐκείνου
1386 1924 1479 1978 τοῦ
1511 1924 1590 1978 δι-

30 2009 253 2073 καστοῦ,
276 2008 370 2063 τοῦ
396 2011 532 2080 μήτε
562 2009 656 2062 τὸν
682 2009 813 2065 Θεὸν
835 2010 1190 2078 φοϐουμένου,
1224 2014 1359 2082 μήτε
1388 2011 1592 2084 ἀνθρώ-

33 2116 161 2161 πους
179 2097 500 2168 αἰδουμένου
530 2099 622 2152 καὶ
645 2097 974 2173 ἰταμώτερος
997 2102 1095 2152 καὶ
1115 2099 1482 2171 ἀπηνέστερος
1507 2099 1592 2167 γέ-

31 2204 202 2255 γονεν.
230 2189 468 2241 Ἐκεῖνον
501 2187 598 2257 μέν
629 2187 738 2259 γάρ
777 2189 811 2258 ἡ
846 2187 946 2256 τῆς
989 2189 1160 2258 χήρας
1194 2187 1462 2258 συνέχεια,
1497 2189 1592 2242 καὶ

31 2275 195 2328 ταῦτα
224 2276 374 2346 ὠμὸν
394 2276 519 2329 ὄντα
543 2276 635 2329 καὶ
659 2276 864 2347 ἄγριον,
881 2274 1060 2328 δοῦναι
1085 2276 1184 2345 τὴν
1203 2277 1361 2346 χάριν
1383 2275 1588 2339 ἔπεισε,

35 2366 123 2419 καὶ
143 2365 278 2436 πρὸς
292 2364 390 2435 τὴν
422 2365 699 2434 ἱκετηρίαν
715 2364 888 2419 ἐπέκα
896 2365 1021 2434 μψε·
1040 2363 1226 2418 τοῦτον
1236 2365 1292 2417 δὲ
1307 2365 1426 2418 οὐδὲ
1439 2363 1566 2436 [716
1579 2364 1588 2436 |

34 2456 184 2508 τοῦτο
213 2456 432 2524 ἴσχυσεν
455 2453 762 2522 ἐπικάμψαι
793 2453 928 2524 πρὸς
943 2453 1040 2522 τὴν
1068 2452 1162 2506 τοῦ
1194 2451 1420 2523 πένητος
1440 2453 1591 2506 ἀντίο

35 2543 207 2613 λῆψιν·
253 2542 427 2595 καίτοι
453 2558 516 2609 γε
555 2541 654 2593 οὐκ
704 2540 792 2610 ἴση
831 2535 898 2610 ἦν
936 2542 969 2609 ἡ
1009 2539 1244 2609 αἴτησις,
1299 2540 1413 2593 ἀλλ’
1449 2539 1591 2610 αὐτη

35 2633 206 2704 πολλῷ
243 2632 586 2702 εὐκολωτέρα
616 2631 709 2684 καὶ
741 2631 1068 2703 δικαιοτέρα.
1095 2631 1159 2684 Ἦ
1194 2631 1292 2700 μὲν
1321 2633 1430 2700 γὰρ
1450 2632 1592 2685 κατὰ

33 2723 136 2776 τῶν
163 2722 373 2795 ἐχθρῶν
397 2721 556 2775 αὐτὸν
603 2719 930 2789 παρεκάλει,
971 2711 1126 2782 οῦτος
1155 2719 1212 2772 δέ
1246 2719 1395 2788 ἡξίου
1433 2719 1592 2773 λῦσαι

33 2812 202 2882 λιμὸν.
227 2811 324 2864 καὶ
357 2811 430 2881 μὴ
476 2811 735 2880 περιιδεῖν
768 2806 1171 2876 ἀπολλύμενον·
1224 2807 1446 2878 κάκείνη
1492 2808 1592 2878 μὲν

32 2899 257 2971 ἠνώχλει
283 2895 692 2970 παρακαλοῦσα,
717 2890 868 2958 οὗτος
891 2895 946 2948 δέ
976 2893 1234 2959 πολλάκις
1265 2896 1364 2966 τῆς
1382 2897 1593 2976 ἡμέρας

37 2987 282 3057 ἐφαίνετο
305 2986 380 3056 τῷ
419 2984 655 3055 πλουσίῳ
691 2986 816 3055 σιγῇ
858 2981 1127 3053 κείμενος·
1180 2983 1312 3037 πολὺ
1346 2983 1403 3036 δέ
1435 2985 1593 3038 τοῦτο

39 3077 210 3131 ἱκανὸν
239 3073 473 3146 μαλάξαι
503 3071 704 3139 μᾶλλον
760 3071 853 3124 καλ⁸
915 3070 1122 3141 λιθίνην
1178 3070 1434 3126 διάνοιαν.
1475 3073 1592 3125 Ἐν·

37 3165 341 3234 οχλούμενοι
364 3163 470 3231 γὰρ
493 3157 749 3222 πολλάκις
781 3158 875 3210 καὶ
917 3157 1349 3228 παροξυνόμεθα·
1382 3159 1509 3212 ὅταν
1538 3158 1593 3212 δὲ

38 3254 154 3312 τούς
189 3249 476 3321 δεομένους
525 3246 776 3317 βοηθείας
814 3245 1010 3311 ίδωμεν
1055 3247 1180 3316 σιγῇ
1235 3245 1400 3316 πολλῇ
1454 3263 1594 3316 παρ-

39 3341 289 3402 εστῶτας,
308 3338 400 3392 καὶ
431 3335 594 3408 μηδὲν
618 3331 1041 3403 φθεγγομένους,
1067 3332 1179 3386 ἀλλ’
1196 3333 1594 3404 ἀποτυγχάνον-

39 3448 129 3492 τας
152 3430 250 3499 μὲν
278 3428 385 3488 ἀεὶ,
423 3427 496 3498 μὴ
519 3423 966 3498 δυσχεραίνοντας
992 3423 1070 3486 δὲ,
1089 3422 1223 3476 ἀλλά
1251 3427 1375 3494 σιγῇ
1408 3441 1594 3492 φαινο-

43 3521 226 3588 μένους
285 3517 441 3588 μόνον
485 3515 653 3584 ἡμῖν,
699 3510 802 3564 κᾶν
856 3511 1036 3563 αὐτῶν
1085 3511 1194 3565 τῶν
1236 3511 1396 3566 λίθων
1444 3507 1594 3581 ῶμεν

39 3607 486 3678 ἀναισθητότεροι,
525 3601 623 3674 τὴν
659 3599 961 3671 ὑπερϐολὴν
989 3599 1088 3670 τῆς
1114 3602 1416 3666 ἐπιεικείας
1453 3605 1596 3657 αἰδε..

22 3695 248 3758 ’σθέιτες
301 3687 825 3760 κατακαμπτόμεθα.
872 3689 984 3743 Καὶ
1029 3688 1218 3760 ἕτερον
1252 3689 1310 3744 δέ
1354 3708 1409 3744 τι
1458 3693 1594 3762 πρὸς

41 3784 236 3846 τούτοις
268 3781 467 3836 τούτων
493 3779 593 3833 οὐκ
626 3777 844 3836 ἔλαττον
865 3772 953 3847 ἦν,
972 3777 1032 3830 τὸ
1053 3779 1145 3833 καὶ
1161 3779 1260 3850 τὴν
1278 3779 1400 3849 ὄψιν
1426 3781 1594 3852 αὐτὴν

43 3873 268 3944 ἐλεεινὴν
329 3866 466 3923 εἶναι
513 3865 606 3920 τοῦ
658 3865 921 3936 πένητος,
967 3864 1110 3936 λιμῶ
1166 3855 1259 3920 καὶ
1311 3868 1595 3940 ἀρρωστίᾳ

46 3962 218 4032 μακρᾷ
237 3957 730 4028 κατεργασθεῖσαν.
761 3953 900 4008 Ἀλλ’
920 3953 1069 4025 ὅμως
1099 3954 1251 4010 οὐδὲν
1280 3955 1484 4010 τούτων
1503 3958 1595 4012 τὸν

40 4051 303 4118 ἀνήμερον
330 4047 536 4099 ἐκεῖνον
567 4042 825 4112 ἐμάλαξε.

105 4161 165 4226 ζ’.
183 4157 380 4230 Πρώτη
414 4159 510 4229 μὲν
529 4153 621 4211 οῦν
642 4156 808 4212 κακία
835 4153 973 4224 αὐτη
991 4153 1290 4226 ὠμότητος,
1315 4158 1408 4209 καὶ
1429 4156 1594 4209 ἀπαν-

43 4249 244 4317 θρωπία
279 4247 576 4320 ὑπερϐολὴν
606 4247 706 4301 οὐκ
734 4246 945 4317 ἔχουσα.
975 4246 1047 4298 υύ
1081 4245 1190 4317 γάρ
1215 4247 1361 4298 ἐστιν
1394 4246 1504 4298 ἴσον
1536 4248 1594 4298 ἐν

45 4339 192 4410 πενίᾳ
235 4337 414 4400 ζῶντα
453 4335 526 4407 μὴ
558 4334 770 4406 βοηθεῖν
811 4336 925 4398 τοῖς
949 4334 1243 4405 δεομένοις,
1285 4335 1376 4388 καὶ
1407 4332 1595 4386 τοσαύο

43 4443 132 4494 της
170 4423 507 4479 ἀπολαύοντα
544 4422 775 4493 τρυφῆς,
811 4420 954 4492 λιμῷ
995 4421 1329 4491 τηκομένους
1376 4421 1594 4490 ἐτέρους

46 4516 313 4586 περιορᾷν.
369 4513 536 4568 Πάλιν
586 4512 685 4565 οὐκ
739 4510 882 4565 ἐστιν
930 4512 1060 4576 ἴσον,
1089 4511 1235 4576 ἅπαξ
1275 4512 1308 4584 ἢ
1344 4511 1594 4582 δεύτερον

50 4603 205 4656 ἰδόντα
230 4601 462 4672 πτωχὸν,
497 4599 890 4670 παραδραμεῖν,
927 4599 1019 4652 καὶ
1051 4598 1169 4654 καθ’
1199 4600 1432 4669 ἑκάστην
1460 4598 1596 4669 ἡμέ-

50 4707 136 4759 ραν
168 4690 424 4759 βλέποντα
461 4688 594 4758 μηδέ
621 4687 724 4740 ὑπὸ
753 4687 851 4757 τῆς
875 4686 1013 4740 κατά
1044 4687 1140 4758 τὴν
1168 4687 1288 4756 δῲιν
1317 4687 1596 4757 συνεχείας

49 4778 169 4848 πρὸς
210 4778 300 4832 τὸν
333 4778 479 4831 ἐλεον
519 4775 614 4830 καὶ
650 4775 749 4846 τὴν
799 4774 1204 4845 φιλανθρωπίαν
1246 4776 1595 4846 διαναστῆναι

22 4865 256 4937 ταύτην.
285 4866 454 4922 Πάλιν
485 4866 584 4919 οὐκ
611 4864 756 4919 ἐστιν
788 4863 900 4916 ἴσον
933 4864 990 4916 ἐν
1018 4867 1320 4936 συμφοραῖς
1346 4864 1472 4919 ὄντα
1501 4865 1597 4919 καὶ

49 4957 290 5027 ἀθυμίαις
321 4958 413 5011 καὶ
445 4955 632 5018 κακῶς
655 4953 752 5026 τὴν
783 4953 960 5025 ψυχὴν
987 4953 1324 5024 διακείμενον
1359 4955 1432 5027 μὴ
1468 4955 1597 5026 βοη-

51 5043 151 5096 θεῖν
191 5049 302 5108 τοῖς
331 5044 574 5115 πλησίον,
611 5043 706 5096 καὶ
732 5040 997 5109 τοσαύτης
1028 5040 1367 5096 ἀπολαύοντα
1399 5046 1597 5114 εὐφρο-

54 5132 202 5204 σύνης
245 5135 336 5186 καὶ
385 5131 660 5202 διηνεκοῦς
710 5128 1030 5199 εὐπραγίας,
1078 5129 1220 5200 λιμῷ
1267 5131 1598 5202 τηκομένους

53 5226 257 5296 ἐτέρους
287 5227 567 5296 περιορᾷν,
607 5222 700 5276 καὶ
727 5222 1046 5276 ἀποκλεῖσαι
1083 5222 1150 5276 τά
1173 5223 1471 5294 σπλάγχνα,
1504 5225 1598 5278 καὶ⁸

58 5315 177 5382 μηδέ
219 5314 321 5367 ὑπὸ
351 5314 449 5383 τῆς
483 5312 654 5382 χαρᾶς
682 5311 851 5380 αὐτῆς
891 5309 1140 5375 γενέσθαι
1175 5311 1601 5383 φιλανθρωπότε-

58 5418 156 5470 ρον.
190 5404 328 5455 Ἴστε
363 5401 470 5472 γὰρ
499 5401 666 5471 δήπου
708 5398 884 5466 τοῦτο,
910 5399 990 5451 ὅτι
1029 5398 1130 5451 κᾶν
1161 5399 1412 5453 ἁπάντων
1448 5395 1598 5472 ὦμεν

54 5488 380 5562 ἀγριώτεροι,
411 5491 528 5553 ταῖς
558 5487 880 5556 εὐπραγίαις
904 5485 1240 5561 ἡμερώτεροι
1267 5489 1357 5542 καὶ
1372 5491 1601 5560 χρηστό-

55 5591 190 5644 τεροι
229 5576 547 5645 πεφύκαμεν
599 5575 860 5642 γίνεσθαι.
909 5574 1029 5627 Ἀλλ
1082 5575 1288 5640 ἐκεῖνος
1333 5578 1453 5630 οὐδέ
1497 5580 1600 5632 ὐπὸ

57 5665 145 5734 τῆς
173 5669 462 5741 εὐημερίας
501 5668 722 5736 βελτίων
755 5669 986 5738 ἐγένετο,
1018 5668 1133 5724 ἀλλ’
1153 5669 1342 5740 ἐμενεν
1373 5673 1597 5746 ἐκτεθη-

1214 282 1303 338 DE
1339 279 1618 338 LAZARO
1657 280 1902 338 CONCIO
1937 284 1978 338 I.

3148 298 3252 354 οδε

1697 416 1975 484 ριωμένος,
2010 416 2208 486 μᾶλλον
2235 419 2292 472 δὲ
2318 421 2413 473 καὶ
2433 418 2620 492 θηρίου
2647 417 2846 480 παντὸς
2872 415 3129 486 ὡμότητα
3155 418 3251 470 καὶ

1692 503 2081 573 ἀπανθρωπίαν
2105 508 2217 568 τοῖς
2251 507 2474 576 τρόποις
2501 506 2830 576 ἀπέκρυψεν.
2879 505 3018 559 Ἀλλ’
3049 505 3196 574 ὅμως
3223 507 3251 556 ὁ

1696 590 1794 660 μὲν
1819 592 1874 643 ἐν
1899 593 2131 663 πονηρίᾳ
2153 593 2258 656 ζῶν
2282 594 2375 648 καὶ
2395 593 2754 665 ἀπανθρωπία
2778 593 2954 662 πάσης
2975 591 3250 663 ἀπήλαυεν

1693 678 2017 748 εὐπραγίας.
2046 683 2074 733 6
2100 680 2156 734 δέ
2184 681 2388 744 δίκαιος
2409 682 2502 734 καὶ
2525 683 2719 752 ἀρετῆς
2747 681 3170 752 ἐπιμελούμενος
3192 681 3252 731 ἐν

1693 767 1938 836 ἐσχάτοις
1977 760 2046 836 ἦν
2068 771 2273 832 κακοῖς.
2306 769 2428 822 Ὅτι
2460 769 2566 839 γὰρ
2602 769 2803 832 δίκαιος
2831 772 2859 823 6
2886 770 3133 839 Λάζαρος
3159 762 3248 838 ἦν.

1693 853 1856 906 πάλιν
1900 857 1994 907 καὶ
2027 855 2258 909 ἐνταῦθα
2303 856 2362 908 τὸ
2401 857 2552 919 τέλος
2585 857 2848 922 ἀπέδειξε,
2887 859 2979 909 καὶ
3015 855 3120 924 πρὸ
3155 853 3292 906 τοῦ--

1692 941 1877 1004 τέλους
1929 943 2068 1014 αὐτὴ
2109 945 2142 1014 ἡ
2183 944 2324 998 κατά
2364 943 2464 1014 τὴν
2500 945 2686 997 πενίαν
2721 943 2985 1013 ὐπομονή.
3014 939 3157 1013 ’Δρα
3188 940 3252 993 οὐ

1693 1031 1898 1084 δοκεῖτε
1936 1033 2074 1085 αὐτά
2105 1032 2346 1103 παρόντα
2381 1033 2451 1086 τά
2489 1033 2785 1101 πράγματα
2829 1034 2998 1102 όρᾷνς
3031 1032 3250 1101 Πλήρης

1692 1120 1769 1191 τῷ
1803 1121 2039 1191 πλουσίῳ
2072 1123 2106 1192 ἡ
2135 1121 2266 1184 ναῦς
2294 1121 2392 1191 τῆς
2430 1121 2697 1192 ἐμπορίας
2736 1116 2824 1191 ἦν,
2854 1121 2946 1172 καὶ
2977 1121 3035 1183 ἐξ
3065 1120 3252 1189 οὐρίας

1693 1209 1861 1263 ἔπλει.
1907 1209 2065 1262 Ἀλλά
2099 1210 2172 1280 μὴ
2206 1209 2537 1280 θαυμάσητε·
2565 1212 2644 1272 είς
2668 1211 2924 1275 ναυάγιον
2949 1207 3058 1278 γάρ
3091 1207 3251 1277 ηπεί-

1693 1314 1837 1365 γετο,
1868 1297 2052 1368 ἐπειδὴ
2087 1297 2177 1350 τὸν
2213 1297 2407 1368 φόρτον
2435 1299 2533 1351 οὐκ
2565 1297 2793 1367 ηθέλησε
2828 1296 3102 1348 διαθέσθαι
3133 1296 3250 1364 μετ’

1693 1387 1994 1450 εὐλαϐείας.
2022 1385 2207 1438 Βούλει
2239 1403 2318 1438 σοι
2345 1387 2436 1440 καὶ
2462 1386 2654 1458 ἑτέραν
2679 1386 2816 1438 εῐπω
2841 1384 3036 1438 κακίαν
3056 1382 3248 1446 αὐτοῦς

1692 1477 1765 1529 Τὸ
1800 1478 1919 1530 καθ’
1947 1478 2179 1547 ἑκάστην
2207 1476 2418 1548 ἡμέραν
2439 1478 2647 1548 τρυφᾷν
2675 1475 2864 1537 ἀδεῶς.
2890 1475 2999 1528 Καὶ
3023 1474 3130 1544 γάρ
3159 1473 3250 1526 καὶ

1691 1564 1849 1617 τοῦτο
1874 1566 2040 1618 κακία
2064 1565 2286 1636 ἐσχάτη,
2314 1566 2432 1636 οὐχ)¹
2455 1566 2568 1632 νῦν,
2590 1566 2676 1618 δτε
2705 1563 2969 1633 τοσαύτην
2991 1560 3250 1615 ἀπαιτού-

1696 1652 1832 1722 μεθα
1861 1653 2194 1722 φιλοσοφίαν,
2224 1654 2358 1707 ἀλλά
2379 1654 2470 1706 καὶ
2495 1655 2551 1706 ἐν
2578 1654 2718 1724 ἀρχῇ
2745 1653 2835 1704 ἐπὶ
2861 1653 2957 1721 τῆς
2987 1650 3246 1713 Παλαιᾶς,

1691 1741 1780 1794 ὅτε
1819 1743 1880 1795 οὐ
1918 1740 2184 1810 τοσαύτης
2231 1742 2545 1812 φιλοσοφίας
2582 1741 2836 1804 ἐπίδειξις
2869 1735 2954 1809 ἦν.
2989 1741 3249 1790 ’Ἄκουσον

1691 1829 1821 1897 γοῦν
1862 1830 1916 1883 τί
1947 1847 2109 1900 φησιν
2146 1833 2174 1884 ό
2213 1832 2515 1902 προφήτης·
2549 1829 2693 1884 Οὐαὶ
2736 1832 2788 1882 οὶ
2820 1827 3127 1896 ἐρχόμενοι
3164 1826 3252 1890 εἰς

1689 1917 1919 1987 ἡμέραν
1951 1917 2168 1987 κακὴν,
2196 1923 2247 1974 oi
2281 1919 2606 1988 ἐγγίζοντες
2632 1917 2728 1971 καί
2760 1917 3077 1984 ἁπτόμενοι
3108 1915 3252 1966 σαϐ-

1691 2004 1884 2059 ϐάτων
1915 2007 2173 2074 ψευδῶν.
2207 2007 2272 2060 Τί
2293 2009 2462 2072 ἐστιν,
2503 2008 2558 2060 οὶ
2591 2007 2908 2075 ἁπτόμενοι
2941 2000 3252 2056 σαϐϐάτων

1689 2093 1934 2161 ψευδῶν
1953 2110 1973 2158 ;
3292 2085 3298 2092 ’

1761 2196 1824 2248 Ol
1875 2195 2109 2249 Ἰουδαῖοι
2144 2195 2473 2264 νομίζουσιν,
2506 2196 2590 2248 ὅτι
2633 2193 2699 2247 δι’
2725 2192 2921 2264 ἀργίαν
2965 2192 3147 2254 αὐτοῖς
3191 2189 3251 2244 τὸ

1692 2283 1956 2338 σάϐϐατον
1992 2282 2140 2355 [717]
2170 2283 2394 2337 δέδοται.
2448 2284 2562 2336 Οὐκ
2604 2282 2716 2336 ἐστι
2749 2281 2805 2334 δέ
2845 2279 2982 2352 αῦτη
3013 2281 3046 2350 ἡ
3082 2279 3246 2341 αίτία,

1691 2371 1805 2425 ἀλλ’
1850 2371 1936 2425 ἵνα
1979 2372 2088 2425 τῶν
2127 2372 2392 2441 βιωτικῶν
2433 2371 2658 2433 ἑαυτοὺς
2704 2370 3100 2438 ἀπαγαγόντες,
3149 2368 3248 2438 τὴν

1694 2460 1888 2531 σχολὴν
1919 2460 2134 2514 ἃπασαν
2156 2462 2234 2523 είς
2257 2459 2330 2513 τά
2354 2458 2696 2530 πνευματικά
2724 2457 3100 2512 ἀναλίσκωσιν.
3129 2458 3250 2509 Ὅτι

1690 2548 1800 2619 γὰρ
1833 2563 1854 2584 ι
1890 2549 1989 2601 οὐκ
2032 2548 2226 2618 ἀργίας
2255 2548 2371 2600 ἐστὶ
2419 2547 2478 2601 τὸ
2517 2545 2803 2607 σάϐϐατον,
2848 2544 2960 2598 ἀλλ’
2991 2541 3252 2614 ἐργασίας

1691 2633 1809 2688 ἐστὶ
1854 2637 2227 2706 πνευματικῆς
2253 2632 2527 2697 ὐπόθεσις,
2558 2631 2651 2685 ἀπ’
2674 2631 2852 2687 αὐτῶν
2871 2630 2979 2683 τῶν
3003 2629 3250 2701 πραγμυὶ⁴

1689 2740 1798 2784 των
1825 2721 2002 2791 δῆλον.
2049 2722 2107 2775 '0
2136 2721 2266 2790 γοῦν
2309 2722 2486 2792 ἱερεὺς
2525 2719 2742 2773 διπλοῦν
2781 2718 2935 2789 ἔργον
2973 2719 3031 2770 ἐν
3068 2715 3248 2785 ἐκείνη

1690 2814 1756 2882 τῇ
1782 2811 1962 2882 ἡμέρᾳ
1989 2812 2146 2863 ποιεῖ·
2170 2811 2263 2863 καὶ
2291 2809 2410 2864 καθ’
2437 2808 2672 2878 ἐκάστην
2699 2806 2909 2878 ἡμέραν
2939 2803 3110 2874 ἁπλῆς
3133 2805 3252 2856 ἀνα-

1692 2899 1996 2969 φερομένης
2032 2898 2238 2962 θυσίας,
2267 2897 2460 2967 διπλῆν
2483 2897 2771 2965 ἀναφέρειν
2805 2892 3081 2948 κελεύεται
3103 2891 3250 2948 τότε.

1691 2988 1754 3040 El
1786 2987 1842 3040 δὲ
1871 2985 2126 3050 καθάπαξ
2159 2987 2355 3057 ἀργίας
2376 2981 2444 3056 ἦν
2468 2985 2530 3038 τὸ
2565 2983 2849 3045 σάϐϐατον,
2891 2981 2994 3052 πρὸ
3017 2979 3126 3034 τῶν
3153 2979 3249 3033 ἀλ-

1693 3075 1797 3128 λων
1837 3075 1929 3129 τδν
1966 3075 2116 3146 ἱερέα
2149 3075 2337 3145 ἀργεῖν
2373 3073 2558 3144 ἐχρῆν.
2607 3069 2759 3126 Ἐπεὶ
2799 3066 2890 3124 οὖν
2918 3072 2967 3124 οἱ
3014 3069 3251 3139 Ἰουδαῖοι

1690 3163 1798 3216 τῶν
1829 3161 2094 3234 βιωτικῶν
2123 3161 2522 3230 ἀπαλλαγέντες
2560 3159 2917 3232 πραγμάτων,
2947 3159 3060 3221 τοίς
3090 3174 3254 3209 πνευ-

1696 3256 1942 3324 ματικοῖς
1960 3254 2020 3306 οὐ
2057 3255 2364 3325 προσεῖχον,
2397 3251 2718 3325 σωφροσύνῃ
2747 3251 2840 3304 καὶ
2870 3247 3134 3317 ἐπιεικείᾳ
3162 3248 3254 3300 καὶ

1693 3343 1951 3411 ἀκροάσει
2005 3341 2164 3395 θείων
2218 3341 2435 3409 λογίων,
2475 3338 2612 3393 ἀλλά
2660 3336 2962 3392 τούναντίον
3013 3335 3250 3396 ἐποίουν,

1691 3427 2122 3499 γαστριζόμενοι,
2162 3428 2466 3500 μεθύοντες,
2500 3427 2972 3498 διαῤῥηγνύμενοι,
3005 3422 3253 3494 τρυφῶν-

1691 3533 1802 3581 τες,
1836 3517 1923 3571 διά
1955 3517 2112 3569 τοῦτο
2148 3517 2521 3588 κατηγόρησεν
2552 3515 2730 3568 αὐτῶν
2759 3517 2788 3568 6
2823 3515 3126 3584 προφήτης.
3159 3511 3257 3562 El-

1694 3603 1810 3657 πὼν
1843 3604 1972 3673 γὰρ,
2019 3603 2162 3657 Οὐαὶ
2212 3607 2265 3657 οἱ
2305 3604 2612 3672 ἐρχόμενοι
2642 3604 2728 3668 είς
2774 3601 2998 3669 ἡμέραν
3035 3598 3255 3664 κακὴν.

1694 3693 1785 3745 καὶ
1809 3690 2122 3760 ἐπαγαγὼν,
2153 3693 2216 3744 Ol
2240 3690 2632 3760 ἐφαπτόμενοι
2659 3688 2967 3740 σαϐϐάτων
2989 3683 3257 3753 ψευδῶν,

1692 3781 1856 3846 ἔδειξε
1889 3782 1976 3837 διὰ
2002 3782 2100 3852 τῆς
2132 3783 2444 3852 ἐπαγωγῆς,
2474 3780 2589 3842 πῶς
2617 3775 2683 3850 ἦν
2705 3779 2886 3840 αὐτοῖς
2918 3776 2985 3828 τά
3013 3775 3254 3829 σάϐϐατα

1692 3873 1878 3944 ψευδῆ.
1910 3873 2034 3936 Πῶς
2066 3869 2157 3926 οὖν
2187 3873 2325 3926 αὐτά
2352 3871 2564 3924 ἐποίουν
2593 3869 2796 3940 ψευδῆ;
2828 3867 2915 3939 Τῷ
2943 3866 3138 3921 κακίαν
3167 3868 3256 3936 ἐρ-

1693 3962 1976 4030 γάζεσθαι,
2028 3961 2361 4032 τρυφῶντες,
2427 3957 2744 4030 μεθύοντες,
2802 3956 2896 4009 καὶ
2949 3955 3018 4009 τά
3087 3955 3256 4026 μυρία

1694 4049 1948 4121 αἴσχιστα
2009 4051 2102 4104 καὶ
2154 4049 2364 4121 χαλεπά
2407 4048 2755 4118 πράσσοντες.
2817 4045 2926 4099 Καὶ
2969 4045 3050 4097 ὅτι
3098 4043 3257 4096 τοῦτό

1694 4148 1841 4200 ἐστιν
1869 4143 2084 4214 ἀληθὲς,
2108 4141 2334 4194 ἀκουσον
2360 4137 2466 4192 τῶν
2490 4136 2634 4207 ἑξῆς.
2663 4135 2909 4188 Δείκνυσι
2931 4134 3038 4204 γάρ
3060 4133 3088 4186 6
3109 4133 3258 4200 λέγω

1694 4236 1759 4289 δι’
1789 4228 1862 4288 ῶν
1896 4234 2054 4296 εὐθὺς
2084 4233 2274 4298 ἐπάγει
2317 4229 2408 4283 καὶ
2443 4228 2606 4296 λέγει·
2639 4228 2702 4281 Ol
2738 4225 3129 4288 καθεύδοντες
3157 4222 3256 4274 ἐπὶ

1696 4324 1920 4378 κλινῶν
1955 4321 2373 4392 ἐλεφαντίνων,
2417 4317 2515 4371 καί
2552 4312 3128 4377 κατασπαταλῶντες
3159 4309 3258 4363 ἐπὶ

1694 4415 1812 4470 τῶν
1851 4412 2172 4482 στρωμνῶν
2217 4407 2432 4473 αὐτῶν,
2467 4409 2520 4460 οἱ
2559 4405 2863 4469 ἐσθίοντες
2905 4404 3150 4473 ἐρίφους
3189 4401 3258 4453 ἐκ

1696 4505 2004 4574 ποιμνίων,
2036 4500 2130 4553 καὶ
2155 4496 2454 4568 μοσχάρια
2479 4493 2904 4559 ἐκβουκολίων
2928 4492 3264 4562 γαλαθηνὰ,

1697 4599 1750 4650 οἱ
1779 4595 2053 4656 πίνοντες
2086 4588 2190 4640 τὸν
2218 4583 2606 4652 διυλισμένον
2629 4577 2815 4647 οἶνον,
2839 4581 2938 4634 καί
2967 4580 3038 4634 τὰ
3061 4578 3258 4646 πρῶτα

1691 4686 1850 4756 μύρα
1876 4674 2431 4750 γριόμενοι.Ἔλαϐες
2451 4674 2509 4726 τὸ
2543 4672 2830 4735 σάϐϐατον,
2862 4671 2948 4724 ἵνα
2971 4670 3067 4737 τῆς
3103 4686 3266 4737 ποντρ

1700 4776 1820 4847 ρίας
1853 4768 2164 4839 ἀπαλλάξῃς
2183 4765 2280 4826 τὴν
2311 4763 2509 4834 ψυχήν·
2547 4763 2612 4816 σὺ
2652 4761 2707 4814 δέ
2738 4761 2906 4832 αὐτὴν
2941 4758 3259 4830 κατεργάζη

1697 4862 1876 4917 πλέον.
1920 4858 1983 4910 Τί
2016 4859 2122 4927 γάρ
2165 4854 2229 4908 ἀν
2259 4854 2463 4922 γένοιτο
2498 4853 2595 4919 τῆς
2635 4849 2889 4920 βλακείας
2920 4848 3120 4919 ταύτης
3144 4850 3260 4916 χεῖ-

1699 4971 1811 5024 ρον,
1841 4951 1875 5021 ἡ
1913 4949 1973 5002 τὸ
1995 4948 2084 5001 ἐπὶ
2118 4943 2314 4998 κλινῶν
2348 4940 2700 5008 ἐλεφαντίνων
2736 4937 3134 5024 καθεύδειν;Α-ί
3169 4938 3258 4991 ἄλ-

1695 5022 1784 5094 λαι
1808 5034 2069 5109 ἁμαρτίαι
2104 5031 2208 5086 κᾶν
2234 5030 2433 5101 μικράν
2456 5045 2577 5081 τινα
2610 5027 2801 5096 ἡδονὴν
2835 5025 3050 5095 ἔχωσιν,
3081 5022 3189 5079 οἷον
3224 5029 3258 5097 ὴ

1702 5127 1860 5200 μέθη,
1888 5127 1921 5197 ἡ
1958 5121 2236 5186 πλεονεξία
2265 5118 2358 5171 καὶ
2387 5117 2609 5170 ἀσωτία·
2638 5115 2699 5167 τὸ
2735 5114 2790 5167 δὲ
2825 5115 2915 5166 ἐπὶ
2936 5113 3130 5167 κλινῶν
3151 5114 3259 5166 ἐλες

1698 5215 1969 5287 φαντίνων
2026 5207 2374 5280 καθευδῆσαι,
2429 5203 2586 5256 ποίαν
2649 5203 2840 5272 ἡδονὴν
2891 5201 3036 5273 ἐχει;
3098 5203 3259 5256 ποίαν

1698 5300 2081 5376 παραμυθίαν;
2110 5297 2201 5368 Μὴ
2229 5295 2340 5364 γὰρ
2370 5291 2504 5362 ἡδίω
2527 5289 2620 5344 καὶ
2647 5289 2976 5362 γλυκύτερον
3005 5293 3136 5362 ἡμῖν
3166 5292 3256 5345 τὸν

1699 5396 1865 5449 ὕπνον
1894 5387 2184 5462 ἐργάζεται
2213 5384 2310 5453 τῆς
2340 5381 2525 5451 κλίνης
2555 5379 2615 5434 τὸ
2648 5378 2873 5444 κάλλος;
2917 5381 3259 5450 Φορτικώτα.

1697 5502 1788 5540 τον
1820 5480 2018 5553 μᾶλλον
2043 5475 2137 5547 μέν
2163 5467 2258 5528 οὐν
2282 5471 2376 5524 καὶ
2394 5469 2789 5539 ἐπαχθέστατον
2817 5469 2993 5533 τοῦτο,
3015 5469 3112 5524 ἐὰν
3135 5471 3258 5525 νοῦν

1767 5681 1783 5704 ⁸
1809 5679 1892 5729 Sic
1917 5681 2019 5726 tres
2041 5686 2179 5728 mss..
2203 5674 2256 5720 et
2273 5671 2343 5720 sic
2366 5670 2491 5732 legit
2512 5668 2755 5718 Erasmus.
2785 5665 2882 5717 Alii
2905 5666 2976 5714 ὅτι
3001 5666 3069 5716 δέ.
