3906 6234
533 295 644 354 973

533 415 768 486 ἔχωμεν.
794 413 959 469 Ὅταν
1005 412 1113 486 γὰρ
1159 413 1417 485 ἐννοήσῃς
1470 414 1575 481 ὅτι,
1617 414 1712 469 σοῦ
1745 411 2095 475 καθεύδοντος

533 497 628 550 ἐπὶ
680 496 870 568 κλίνης
921 486 1293 568 ἐλεφαντίνης,
1339 498 1524 570 ἐτερος
1580 497 1690 551 οὐδ’
1735 497 1900 568 ἄρτου
1961 494 2099 564 μετά

533 579 717 638 ἀδείας
769 580 1060 634 ἀπολαύειν
1121 580 1254 650 ἔχει,
1302 581 1363 633 οὐ
1419 579 1823 649 καταγνώσεται
1883 595 1977 630 σου
2037 583 2099 632 τὸ

535 665 790 728 συνειδὸς,
817 665 912 718 καὶ
935 666 1370 735 ἐπαναστήσεται
1394 664 1728 736 κατηγοροῦν
1759 662 1860 731 τῆς
1886 663 2100 730 ἀνωμα-

530 746 652 811 λίας
675 747 909 819 ταύτης;
938 749 1000 802 Εί
1032 749 1088 802 δὲ
1119 748 1180 801 τὸ
1208 749 1301 801 ἐπὶ
1333 748 1690 818 ἐλεφαντίνων
1727 745 1922 801 κλινῶν
1967 743 2098 798 καθ-

529 829 705 883 εύδειν
747 831 1015 902 ἔγκλημα,
1053 834 1181 885 ὅταν
1229 832 1321 885 καὶ
1373 831 1598 902 ἀργύρῳ
1638 827 2095 902 περιϐεϐλημέναι

530 913 795 968 πάντοθεν
836 909 960 978 ὦσι,
993 914 1152 968 ποίαν
1179 914 1371 986 ἕξομεν
1395 913 1719 983 ἀπολογίαν;
1752 912 1936 965 Βούλει
1965 910 2097 965 κάλ-

528 996 619 1061 λος
643 999 833 1068 κλίνης
869 1000 1024 1066 ίδεῖν;
1061 998 1201 1067 Ἐγώ
1229 1017 1309 1054 σοι
1337 999 1582 1069 δείκνυμι
1608 996 1724 1062 νῦν,
1761 997 1861 1050 οὐκ
1899 996 2096 1050 ἰδιωτι-

528 1081 654 1149 κῆς,
697 1081 816 1135 οὐδὲ
857 1083 1272 1154 στρατιωτικῆς,
1311 1083 1446 1136 ἀλλά
1474 1081 1756 1153 βασιλικῆς
1792 1079 1980 1150 κλίνης
2006 1079 2094 1132 εὐ-

527 1163 814 1234 πρέπειαν.
847 1164 965 1220 Κᾶν
990 1167 1098 1236 γάρ
1127 1165 1534 1236 φιλοτιμότατος
1560 1160 1628 1238 ᾖς
1656 1165 1894 1226 πάντων,
1928 1157 1987 1216 εὖ
2021 1157 2094 1214 οἶ·

523 1245 593 1300 δα
630 1247 713 1300 ὄτι
749 1249 847 1320 τῆς
883 1247 975 1303 τοῦ
1015 1249 1276 1319 βασιλέως
1301 1248 1485 1320 κλίνης
1519 1249 1618 1301 οὐκ
1647 1247 1918 1319 ἐθελήσεις
1947 1246 2092 1315 ἔχειν

525 1329 989 1404 εὐπρεπεστέραν·
1034 1335 1130 1388 καὶ
1168 1334 1228 1388 τὸ
1269 1333 1335 1406 δὴ
1371 1333 1571 1404 μεῖζον,
1603 1333 1664 1385 ού
1699 1331 1794 1386 τοῦ
1840 1333 2092 1401 τυχόντος

528 1411 812 1482 βασιλέως,
850 1415 988 1469 ἀλλά
1025 1415 1119 1470 τοῦ
1151 1415 1389 1488 πρώτου,
1429 1418 1525 1471 καὶ
1558 1415 1650 1469 τοῦ
1693 1417 1906 1470 πάντων
1938 1413 2091 1483 βασι-

525 1495 662 1552 λέων
697 1498 1136 1573 βασιλικωτέρου,
1164 1502 1256 1555 καὶ
1291 1502 1453 1573 μέχρι
1484 1501 1574 1555 νῦν
1604 1501 1860 1573 ᾀδομένου
1890 1518 2090 1554 παντα-

524 1581 621 1652 χοῦ
641 1582 740 1654 τῆς
759 1585 1098 1657 οἰκουμένης·
1116 1587 1365 1658 δείκνυμί
1386 1603 1467 1638 σοι
1483 1585 1668 1655 κλίνην
1684 1586 1782 1656 τὴν
1799 1584 1891 1639 τοῦ
1908 1603 2087 1654 μακα-

528 1666 642 1737 ρίου
682 1667 862 1720 Δαυῖδ.
901 1668 1124 1740 Ποταπὴ
1166 1669 1345 1722 τοίνυν
1372 1664 1438 1740 ἦν
1469 1669 1685 1740 ἐκείνης
1714 1670 1827 1722 Οὐκ
1864 1669 2088 1740 ἀργύρῳ

523 1749 618 1802 καὶ
644 1749 847 1820 χρυσῷ,
883 1750 1018 1804 ἀλλά
1046 1751 1273 1823 δάκρυσι
1306 1753 1400 1806 καὶ
1437 1751 1853 1823 ἐξομολογήσεσι
1893 1753 2089 1806 πάντο-

522 1832 612 1887 θεν
663 1829 730 1905 ῆν
776 1835 1282 1908 κεκαλλωπισμένη.
1329 1837 1439 1889 Kal
1495 1834 1665 1890 ταῦτα
1710 1835 1869 1899 αὐτός
1925 1853 2088 1908 φησιν

517 1913 662 1968 οὕτω
697 1915 888 1986 λέγων’
916 1921 1130 1973 Λούσω
1152 1920 1279 1973 καθ’
1309 1919 1574 1988 ἑκάστην
1599 1920 1791 1973 νύκτα
1821 1918 1934 1986 τὴν
1962 1919 2089 1973 κλί-

518 2015 637 2066 νην
677 2016 814 2069 μου·
874 2001 944 2055 ἐν
992 2001 1252 2071 δάκρυσί
1292 2021 1411 2071 μου
1461 2002 1576 2071 τὴν
1615 2003 1935 2073 στρωμνήν
1966 2020 2085 2072 μου

511 2083 730 2152 βρέξω.
758 2085 968 2157 Ὠσπερ
992 2087 1100 2159 γὰρ
1131 2091 1462 2159 μαργαρῖται
1485 2088 1553 2141 τὰ
1573 2087 1780 2159 δάκρυα
1808 2088 1947 2158 αὐτῇ
1993 2088 2089 2139 ἐπ-

517 2169 714 2239 επήγει
742 2169 1026 2223 πάντοθεν.

592 2301 661 2366 η’.
695 2297 802 2350 Kal
836 2297 1026 2351 σκόπει
1058 2311 1146 2369 μοι
1178 2298 1419 2366 φιλόθεον
1449 2298 1645 2370 ψυχήν·
1673 2299 1856 2370 ἐπειδὴ
1885 2299 1994 2370 γὰρ
2026 2299 2083 2351 ἐν

519 2379 704 2450 ἡμέρᾳ
740 2379 931 2433 πολλαὶ
961 2382 1017 2433 αί
1057 2383 1333 2452 φροντίδες
1360 2383 1653 2453 ἀρχόντων,
1680 2381 1830 2455 [718]
1863 2383 2084 2454 ταξιαρ-

517 2462 646 2530 χῶν,
678 2462 866 2527 ἐθνῶν,
896 2463 1103 2534 δήμων,
1147 2465 1514 2535 στρατιωτῶν,
1542 2465 1810 2536 πολέμων,
1841 2468 2083 2537 είρήνης,

516 2543 624 2596 τῶν
665 2546 954 2600 πολιτικῶν
1014 2549 1373 2619 πραγμάτων,
1413 2548 1521 2603 τῶν
1569 2549 1709 2602 κατὰ
1751 2551 1849 2620 τὴν
1885 2550 2082 2614 οὶκίαν,

515 2628 624 2682 τῶν
671 2631 970 2702 πόρρωθεν,
1021 2633 1128 2686 τῶν
1169 2633 1414 2706 πλησίον,
1450 2635 1757 2706 περιεῖλκον
1797 2634 1958 2688 αὐτὸν
1991 2636 2085 2688 καὶ

512 2713 747 2784 ἀπῆγον·
780 2714 878 2786 τὴν
913 2716 1127 2788 σχολὴν,
1156 2719 1222 2787 ήν
1254 2719 1454 2781 πάντες
1481 2719 1560 2781 είς
1586 2718 1648 2770 τὸ
1680 2718 1961 2773 καθεύδειν
1992 2720 2083 2773 ἀνα

512 2796 829 2868 αλίσκομεν,
882 2800 960 2863 είς
1015 2800 1396 2871 ἐξομολόγησιν
1429 2800 1525 2854 καὶ
1561 2801 1726 2871 εὐχάς
1759 2804 1853 2855 καὶ
1876 2802 2085 2871 δάκρυα

513 2878 802 2951 ἀνήλισκεν
859 2882 1085 2946 ἐκεῖνος.
1138 2885 1248 2938 Kal
1290 2885 1410 2955 οὐχὶ
1465 2884 1595 2955 μίαν
1648 2885 1806 2938 τοῦτο
1862 2887 2083 2958 ἐποίησε

512 2963 703 3028 νύκτα,
725 2964 824 3036 τὴν
848 2965 905 3018 δὲ
928 2966 1186 3036 δευτέραν
1213 2969 1508 3034 ἐπαύσατο,
1536 2969 1658 3022 οὐδέ
1683 2969 1776 3023 δύο
1796 2972 1890 3024 καὶ
1911 2975 2078 3043 τρεῖς,

511 3048 612 3113 τὰς
656 3049 712 3103 δὲ
762 3051 964 3120 μεταξὺ
1006 3053 1262 3118 διέλιπεν,
1314 3052 1452 3106 ἀλλά
1480 3054 1602 3109 καθ’
1635 3054 1872 3126 ἐκάστην
1914 3055 2083 3110 νύκτα

509 3130 670 3186 τοῦτο
702 3133 958 3207 έπραττε.
1002 3137 1218 3191 Λούσω
1255 3137 1362 3207 γὰρ
1405 3139 1531 3191 καθ’
1568 3137 1834 3205 ἑκάστην
1872 3140 2080 3204 νύκτα,

511 3215 667 3286 φησὶ,
698 3205 813 3284 τὴν
834 3219 1054 3285 κλίνην
1071 3237 1209 3288 μου·
1246 3220 1315 3273 ἐν
1332 3205 1605 3290 δάκρυσί
1618 3240 1737 3291 μου
1770 3221 1884 3291 τὴν
1905 3239 2083 3292 στρω-

506 3296 673 3369 μνήν
699 3315 813 3366 μου
849 3301 1070 3368 βρέξω,
1116 3303 1215 3373 τὴν
1244 3303 1521 3374 δαψίλειαν
1549 3305 1657 3359 τῶν
1693 3304 1946 3377 δακρύων
1987 3306 2082 3359 καὶ⁵

509 3382 612 3453 τὴν
645 3385 921 3455 συνέχειαν
942 3386 1238 3455 ἐμφαίνων.
1275 3389 1498 3443 Πάντων
1535 3389 1644 3462 γὰρ
1677 3391 2078 3461 ἡσυχαζόντων,

511 3468 608 3520 καὶ⁵
629 3469 686 3521 ἐν
706 3469 910 3542 ἠρεμία
940 3470 1128 3535 ὅντων,
1156 3472 1314 3542 μόνος
1344 3473 1419 3544 τῷ
1449 3475 1565 3544 Θεῷ
1591 3475 1710 3528 τότε
1734 3475 2078 3547 ἐνετύγχανε,

511 3552 608 3606 καὶ
636 3555 816 3624 παρῆν
837 3556 864 3607 6
891 3553 1185 3626 ἀκοίμητος
1207 3555 1480 3627 ὀφθαλμὸς
1504 3557 1812 3629 ὀδυρομένῳ
1833 3560 1927 3614 καὶ⁴
1952 3561 2083 3634 θρη-

511 3634 689 3690 νοῦντι
735 3637 829 3691 καὶ
870 3639 938 3691 τὰ
983 3642 1157 3693 οἰκεῖα
1192 3640 1566 3710 ὲξαγγέλλοντι
1611 3644 1775 3698 κακά.
1815 3646 2080 3718 Τοιαύτην

511 3719 608 3772 καὶ
653 3723 718 3775 σύ
752 3722 1156 3777 κατασκεύασον
1203 3724 1408 3796 κλίνην.
1469 3726 1526 3780 '0
1559 3726 1660 3798 μὲν
1697 3727 1806 3800 γὰρ
1841 3731 2080 3802 ἄργυρος

511 3807 890 3880 περικείμενος
913 3805 1007 3860 καί⁵
1032 3806 1222 3875 φθόνον
1244 3809 1394 3881 παρὰ
1415 3809 1715 3881 ἀνθρώπων
1740 3813 1962 3886 ἐγείρει,
1988 3816 2080 3868 καὶ

508 3891 679 3966 ὀργὴν
715 3891 928 3946 ἐκκαίει
954 3891 1050 3957 τήν
1076 3890 1298 3944 ἀνωθεν.

582 4021 665 4074 Τά
689 4021 746 4074 δὲ
770 4019 990 4074 τοιαῦτα
1020 4019 1248 4090 δάκρυα,
1275 4016 1360 4074 οἷα
1387 4020 1458 4075 τά
1485 4021 1578 4075 τοῦ
1599 4023 1783 4090 Δαυῒδ,
1822 4026 1917 4080 καὶ
1948 4026 2078 4080 αὐτὸ

509 4104 572 4159 τὸ
601 4103 701 4172 τῆς
733 4105 955 4174 γεέννης
981 4099 1086 4156 οἶδε
1117 4104 1450 4158 κατασϐέσαι
1474 4104 1605 4178 πῦρ.
1643 4107 1829 4162 Βούλει
1865 4127 1946 4162 σοι
1984 4113 2079 4164 καὶ

512 4187 706 4258 ἑτέραν
736 4186 894 4250 δείξω
917 4185 1136 4258 κλίνην;
1168 4187 1266 4259 τὴν
1293 4187 1386 4241 τοῦ
1434 4189 1628 4243 Ἰακὼϐ
1650 4191 1814 4261 λέγω.
1847 4195 2079 4264 Ἔδαφος

510 4268 658 4342 εἶχεν
690 4271 1068 4339 ὑποκείμενον,
1116 4271 1210 4324 καὶ
1255 4271 1399 4326 λίθον
1441 4274 1544 4327 ὐπὸ
1583 4275 1684 4348 τὴν
1713 4278 1952 4350 κεφαλὴν
1985 4281 2078 4333 αύ-

508 4356 625 4410 τοῦ·
673 4353 760 4408 διὰ
808 4353 964 4408 τοῦτο
1015 4354 1110 4408 καὶ
1160 4356 1251 4436 τὸν
1295 4356 1482 4428 νοητὸν
1524 4358 1632 4413 εἶδε
1667 4359 1831 4436 λίθον,
1866 4364 1958 4418 xal
1983 4365 2078 4436 τήν

510 4441 756 4512 κλίμακα
796 4439 1032 4512 ἐκείνην,
1073 4437 1138 4491 δι’
1177 4433 1245 4510 ἦς
1282 4440 1562 4497 ἀνέϐαινον
1613 4433 2078 4502 καῖ’κατέϐαινον

508 4525 750 4594 ἄγγελοι.
796 4521 1063 4586 Τοιαύτας
1093 4522 1395 4595 ἐπινοῶμεν
1428 4525 1614 4590 κλίνας
1656 4529 1751 4582 καὶ
1785 4530 1962 4601 ἡμεῖς,
1992 4531 2079 4586 ἵνα

511 4609 604 4664 καὶ
636 4607 860 4686 τοιαῦτα
887 4605 1170 4676 βλέπωμεν
1202 4607 1478 4679 ὀνείρατα.
1516 4610 1611 4664 Ἂν
1641 4610 1700 4664 δὲ
1740 4613 1831 4665 ἐπὶ
1856 4613 1956 4684 τῆς
1981 4617 2079 4686 ἁρ-

510 4693 685 4762 γυρᾱς
709 4685 856 4760 ὦμεν
887 4689 1293 4759 κατακείμενοι,
1327 4692 1387 4742 οὐ
1413 4692 1571 4761 μόνον
1603 4694 1858 4765 οὐδεμίαν
1887 4685 2075 4768 ήδονὴν

511 4772 936 4844 καρπωσόμεθα,
961 4771 1093 4824 ἀλλὰ
1116 4773 1211 4825 καὶ
1230 4771 1466 4844 ἀθυμίαν
1492 4776 1884 4850 ὑπομενοῦμεν.
1911 4780 2078 4834 Ὅταν

507 4858 617 4931 γὰρ
646 4859 925 4928 ἐννοήσῃς,
952 4858 1033 4909 ὅτι
1063 4857 1120 4910 ἐν
1151 4857 1346 4929 κρυμῷ
1375 4859 1606 4931 ἐσχάτῳ,
1639 4861 1698 4915 ἐν
1730 4866 1883 4918 νυκτὶ
1911 4867 2073 4939 μέσῃ,

511 4944 606 4998 σοῦ
639 4942 986 5004 καθεύδοντος
1016 4941 1108 4994 ἐπὶ
1139 4941 1345 5014 κλίνης,
1367 4944 1394 4996 6
1420 4943 1590 5016 πένης
1613 4946 1706 5000 ἐπὶ
1730 4949 1974 5015 στιϐάδος
1997 4953 2080 5024 ἔρα

512 5028 695 5098 ῥιπται
731 5027 788 5078 ἐν
819 5027 931 5089 τοῖς
961 5024 1068 5078 τῶν
1096 5024 1388 5094 βαλανείων
1415 5028 1788 5099 προπυλαίοις,
1824 5033 2078 5106 καλάμην

512 5110 994 5183 περιϐεϐλημένος,
1040 5111 1279 5182 τρέμων,
1334 5112 1681 5184 πηγνύμενος
1726 5115 1804 5186 τῷ
1847 5117 2002 5187 κρύει
2027 5132 2074 5184 ιιθ

512 5197 814 5267 ἀγχόμενος
835 5196 913 5267 τῷ
935 5196 1096 5267 λιμῷ·
1131 5196 1235 5250 κᾶν
1263 5196 1514 5250 ἁπάντων
1545 5198 1744 5268 μᾶλλον
1765 5198 1958 5265 λίθινος
1988 5199 2074 5276 ᾗς,

513 5278 575 5334 εὖ
617 5275 734 5334 οἶδα
778 5283 858 5335 ὅτι
913 5280 1236 5353 καταγνώσῃ
1291 5281 1510 5348 σαυτοῦ,
1552 5284 1615 5336 σὺ
1670 5284 1770 5354 μὲν
1812 5286 1952 5358 ὑπὲρ
1981 5275 2078 5360 τὴν

512 5365 702 5437 χρείαν
749 5365 986 5437 τρυφῶν,
1031 5367 1236 5420 ἐκεῖνον
1279 5366 1338 5420 δὲ
1384 5366 1519 5439 μηδὲ
1566 5368 1674 5423 τῶν
1719 5369 1858 5424 κατὰ
1889 5373 2079 5444 χρείαν

513 5447 806 5503 ἀπολαύειν
847 5450 1024 5518 ἀφείς.
1046 5449 1236 5512 Οὐδεὶς
1271 5452 1714 5523 στρατευόμενος,
1751 5455 1936 5527 φησὶν,
1976 5459 2078 5526 ἐμ-

514 5531 773 5585 πλέκεται
799 5535 919 5593 ταῖς
949 5531 1042 5584 τοῦ
1071 5531 1188 5602 βίου
1218 5534 1638 5607 πραγματείαις.
1663 5536 2004 5613 Στρατιώτης
2027 5541 2078 5597 εἱ

574 5723 595 5750 ⁸
617 5728 833 5790 Quatuor
853 5742 966 5780 mss.
989 5732 1057 5796 τῷ
1077 5734 1258 5797 κρυμῷ.

1241 301 1299 357 S.
1327 300 1610 357 JUANNIS
1637 296 2122 356 CHRYSOSTOMI
2155 299 2469 362 ARCHIEP.
2509 301 3046 361 CONSTANTINOP.

3673 296 3775 352 οτι

2203 417 2584 487 πνευματικός·
2626 414 2961 487 στρατιώτης
2996 413 3023 453 ιν
3049 411 3108 465 δέ
3154 409 3395 477 τοιοῦτος
3425 411 3490 466 οὐ
3519 411 3772 466 καθεύδει

2199 499 2292 551 ἐπὶ
2316 501 2502 572 κλίνης
2525 498 2896 570 ἐλεφαντίνης,
2920 496 3055 551 ἀλλά
3075 497 3168 550 ἐπί
3191 497 3443 566 ἐδάφους·
3468 497 3534 550 οὐ
3559 497 3769 567 χρίεται

2201 581 2412 653 μύροις·
2446 584 2555 638 τῶν
2596 583 2702 654 7&9
2744 580 3120 653 ήταιρηκότων
3166 581 3260 632 καὶ
3295 579 3768 652 διεφθαρμένω-νή

2197 666 2420 736 τοιαύτη
2444 666 2667 736 σπουδὴ,
2691 665 2799 718 τῶν
2823 665 2916 717 ἐπὶ
2941 664 3038 735 τῆς
3063 663 3288 734 σκηνῆς,
3315 662 3422 716 τῶν
3451 665 3511 716 ἐν
3541 663 3771 732 ἀμελείᾳ

2197 755 2434 820 ζώντων·
2481 758 2540 810 σὲ
2592 757 2648 810 δὲ
2689 756 2809 827 οὐχὶ
2859 754 3065 826 μύρων,
3105 755 3222 809 ἀλλ’
3253 753 3454 825 ἀρετῆς
3502 755 3770 808 ἀποπνεῖν

2195 839 2294 894 δεῖ.
2351 839 2516 893 Οὐδὲν
2561 840 2739 910 ψυχῆς
2796 839 3254 909 ἀκαθαρτότερον,
3315 838 3444 890 ὃταν
3497 837 3564 890 τὸ
3612 839 3768 908 σῶμα

2194 921 2448 992 τοιαύτην
2501 921 2598 993 ἔχῃ
2647 922 2746 993 τὴν
2791 922 3036 975 εὐωδίαν.
3081 921 3195 991 Τῆς
3234 919 3342 992 γὰρ
3373 920 3644 984 δυσωδίας
3677 923 3769 986 τῆς

2195 1004 2342 1059 ἔνδον
2369 1007 2464 1060 καὶ
2487 1005 2588 1076 τῆς
2618 1005 2957 1077 ἀκαθαρσίας
2984 1005 3180 1076 δεῖγμα
3213 1005 3247 1074 ή
3277 1004 3368 1057 τοῦ
3398 1004 3660 1074 σώματος
3681 1007 3766 1056 καὶ

2193 1087 2302 1139 τῶν
2327 1089 2556 1158 ίματίων
2576 1088 2771 1141 εὐωδία
2791 1088 2986 1158 γένοιτ’
3021 1088 3105 1142 ἄν.
3136 1089 3303 1140 Ὀταν
3329 1085 3438 1157 7&9
3471 1087 3718 1139 ἐπελθὼν
3740 1089 3765 1140 ό

2191 1170 2438 1236 διάϐολος
2464 1170 2730 1243 διαθρύψῃ
2757 1171 2857 1244 τὴν
2880 1170 3079 1242 ψυχὴν,
3101 1172 3196 1224 καὶ
3226 1170 3480 1244 βλακείας
3510 1170 3762 1241 ἐμπλήσῃ

2193 1253 2416 1325 πολλῆς,
2447 1255 2569 1308 τότε
2596 1255 2690 1308 καὶ
2719 1255 2799 1316 εἰς
2830 1256 2890 1307 τὸ
2913 1254 3070 1323 σῶμα
3101 1255 3200 1324 τῆς
3231 1253 3437 1316 οἰκείας
3469 1253 3765 1321 διαφθοῄ

2191 1336 2290 1408 τὴν
2351 1337 2541 1408 κηλῖδα
2596 1339 3032 1408 ἐναπομάσσεται
3086 1336 3174 1389 διὰ
3221 1335 3328 1388 τῶν
3388 1335 3603 1405 μύρων.
3663 1337 3764 1387 Καὶ

2191 1418 2441 1491 καθάπερ
2505 1421 2554 1474 οί
2611 1418 2818 1494 κορύζῃ
2873 1421 2978 1473 τινὶ
3039 1421 3133 1472 καὶ
3190 1419 3452 1490 κατάρρῳ
3499 1417 3763 1488 διηνεκῶς

2193 1502 2558 1574 ἁλισκόμενοι,
2592 1504 2682 1556 καὶ
2721 1503 2789 1556 τὰ
2829 1504 3021 1573 ἱμάτια
3065 1503 3158 1555 καὶ⁵
3186 1501 3283 1564 τὰς
3316 1505 3509 1571 χεῖρας
3544 1501 3642 1554 καὶ

2191 1587 2312 1657 ὄψιν
2348 1587 2653 1658 μολύνουσι,
2693 1588 2755 1640 τὸ
2795 1587 2883 1641 διὰ
2908 1588 3015 1639 τῶν
3044 1587 3204 1658 ῥινῶν
3238 1587 3358 1658 ρέον
3391 1585 3635 1656 συνεχιῇ
3678 1587 3760 1638 ὲνο

2190 1671 2656 1742 απομασσόμενοι·
2707 1672 2848 1725 οὕτω
2885 1671 2950 1741 δὴ
2998 1672 3090 1726 καὶ
3130 1674 3162 1742 ή
3202 1671 3347 1742 ψυχὴ
3384 1669 3483 1722 τοῦ
3527 1670 3760 1740 πονηροῦ

2188 1755 2381 1809 τούτου
2413 1755 2682 1828 ῥεύματος
2705 1755 2804 1828 τήν
2838 1756 3034 1809 κακίαν
3061 1757 3139 1818 είς
3170 1755 3231 1808 τὸ
3261 1755 3419 1825 σῶμα
3451 1754 3761 1822 ἐναπομάσο

2192 1857 2362 1894 σεται.
2391 1840 2489 1904 Τίς
2525 1839 2635 1914 γὰρ
2683 1841 2926 1909 γενναῖόν
2961 1857 3014 1892 τι
3047 1840 3142 1892 καὶ
3169 1842 3402 1910 χρηστὸν
3428 1839 3759 1909 ὑπολήψεται

2190 1941 2256 1977 πε
2265 1924 2317 1994 pl
2342 1924 2436 1977 τοῦ
2473 1923 2658 1996 μύρων
2683 1935 2704 1963 ο
2729 1924 2940 1989 δζοντος
2961 1925 3054 1978 καὶ
3069 1925 3542 1995 γυναικιζομένου,
3567 1924 3760 1995 μᾶλλον

2188 2006 2245 2058 δὲ
2275 2006 2701 2077 ἐταιριζομένου,
2732 2008 2825 2060 καὶ
2847 2006 3168 2078 ὀρχηστικὸν
3193 2007 3591 2077 ἀναιρουμένου
3614 2006 3756 2077 βίον;

2190 2088 2340 2162 [719]
2371 2091 2576 2144 Πνείτω
2605 2109 2696 2144 σου
2733 2091 3108 2162 πνευματικῆς
3135 2091 3362 2153 εὐωδίας
3400 2093 3433 2161 ή
3475 2092 3645 2162 ψυχὴ,
3677 2092 3756 2143 ἵνα

2189 2174 2281 2226 καὶ
2303 2174 2495 2230 σαυτὸν
2521 2176 2759 2240 καὶτοὺς
2779 2174 3194 2245 συγγινομένους
3219 2191 3300 2228 σοι
3325 2174 3543 2246 ώφελῇς
3567 2175 3638 2229 τὰ
3667 2175 3758 2246 μέ-

2187 2271 2371 2325 γιστα.

2257 2341 2425 2396 Οὐδὲν
2463 2341 2594 2414 γὰρ,
2622 2340 2773 2395 οὐδὲν
2803 2342 3014 2415 τρυφῆς
3054 2342 3453 2414 χαλεπώτερον.
3493 2346 3756 2397 ΙἌκουσον

2187 2423 2240 2476 τί
2275 2427 2403 2497 περὶ
2445 2428 2613 2497 αὐτῆς
2656 2443 2788 2498 φησι
2833 2427 2994 2480 πάλιν
3034 2429 3062 2481 6
3099 2428 3360 2498 Μωῦσῆς·
3407 2428 3753 2492 Ἐλιπάνθη,

2186 2509 2516 2576 ἐπαχύνθη,
2547 2511 2911 2578 ἐπλατύνθη,
2955 2512 3054 2565 καὶ
3101 2511 3508 2566 ἁπελάκτισεν
3553 2516 3588 2566 ὁ
3619 2514 3754 2581 117a-

2187 2591 2473 2661 πημένος.
2513 2593 2622 2646 Kal
2647 2594 2746 2647 οὐκ
2771 2589 2945 2658 εἶπεν,
2971 2594 3052 2646 ὅτι
3080 2595 3310 2664 ἀπέστη,
3335 2595 3472 2656 ἀλλ’,
3512 2596 3756 2649 Ἀπελεί-

2187 2692 2394 2730 κτισεν
2432 2681 2465 2730 ὀ
2493 2677 2896 2747 ἠγαπημένος,
2931 2678 2992 2731 τὸ
3023 2679 3225 2748 γαῦρον
3263 2678 3354 2730 καὶ
3383 2679 3641 2748 δυσήνιον
3668 2681 3757 2731 αὐ·

2185 2759 2278 2814 τοῦ
2309 2762 2704 2833 παρεμφαίνων
2735 2765 2887 2834 ἡμῖν.
2921 2764 3032 2818 Kal
3071 2763 3230 2818 πάλιν
3256 2762 3510 2832 ἀλλαχοῦ·
3549 2763 3757 2830 diaria».

2186 2843 2285 2897 καί
2320 2845 2475 2896 πιὼν
2515 2844 2775 2915 πρόσεχε
2806 2845 3061 2913 σεαυτῷ,
3083 2847 3314 2916 μήποτε
3343 2844 3605 2913 ἐπιλάϐῃ
3641 2845 3753 2899 Ev-

2175 2927 2315 2995 ρίου
2338 2926 2444 2980 τοῦ
2475 2929 2620 2983 Θεοῦ
2649 2945 2786 2983 σου.
2818 2929 3003 2994 Οῦτως
3034 2933 3066 3001 ή
3095 2931 3270 3003 τρυφὴ
3307 2930 3440 3001 πρὸς
3463 2930 3637 3001 λήθην
3671 2929 3754 2994 ἐξ·

2185 3010 2338 3076 ἀγειν
2373 3009 2550 3064 είωθε.
2593 3011 2705 3066 Kal
2748 3014 2812 3066 σὺ
2842 3013 3041 3075 τοίνυν,
3076 3013 3346 3084 ἁγαπητὲ,
3385 3013 3480 3066 ἐὰν
3522 3012 3753 3084 καθίσῃς

2183 3092 2276 3145 ἐπὶ
2303 3092 2402 3163 τῆς
2425 3092 2724 3166 τραπέζης,
2754 3096 3127 3168 ἀναμνήσθητι
3153 3097 3234 3150 ὅτι
3267 3095 3402 3168 μετά
3426 3095 3524 3166 τήν
3550 3097 3754 3165 τράπε-

2184 3172 2284 3237 ζαν
2309 3173 2561 3246 εὔχεσθαί
2587 3193 2645 3230 σε
2678 3177 2777 3232 δεῖ·
2818 3180 2912 3233 καὶ
2945 3178 3085 3234 οὕτω
3120 3179 3445 3251 συμμέτρως
3474 3177 3752 3249 ἔμπλησον

2182 3258 2281 3328 τὴν
2310 3260 2572 3331 γαστέρα,
2608 3258 2692 3314 ἵνα
2735 3262 2810 3334 μὴ
2853 3263 3213 3336 βαρυνόμενος
3251 3265 3590 3334 ἀδυνατήσῃς
3625 3264 3751 3330 γόνυ

2183 3342 2380 3406 κλῖναι,
2413 3345 2507 3396 καὶ
2531 3345 2623 3398 τὸν
2645 3345 2777 3399 Θεὸν
2797 3347 3194 3419 παρακαλέσαι.
3219 3348 3329 3418 Οὐχ
3346 3349 3508 3419 δρᾶτε
3534 3346 3603 3400 τὰ
3630 3347 3754 3399 imo-

2183 3427 2366 3494 ζύγια,
2390 3429 2472 3482 ὅτι
2508 3429 2775 3503 μετὰ-τὴν
2805 3432 3011 3503 φάτνην
3039 3431 3344 3504 ὁδοιπορίας
3372 3433 3623 3498 ἅπτεται,
3658 3443 3748 3492 καὶ

2182 3513 2494 3599 ἀχθοφορεῖ,
2525 3515 2620 3568 καὶ
2640 3514 2739 3587 τὴν
2767 3516 2975 3570 οἰκείαν
3003 3517 3270 3571 διακονίαν
3301 3519 3642 3599 ἀποπληροῖς
3678 3524 3749 3576 Σὺ

2180 3597 2236 3650 δὲ
2268 3597 2406 3668 μετὰ
2431 3598 2530 3669 τὴν
2557 3599 2836 3670 τράπεζαν
2862 3599 3131 3671 ἄχρηστος
3167 3600 3301 3672 πρὸς
3328 3604 3434 3657 πᾶν
3463 3597 3625 3674 ἔργον
3660 3607 3752 3658 καὶ

2181 3681 2548 3753 ἀνεπιτήδειος
2587 3683 2731 3754 γίνῃ.
2763 3685 2873 3737 Kal
2911 3684 3028 3748 πῶς
3069 3686 3169 3739 οὐκ
3210 3685 3309 3759 ἐσῃ
3351 3687 3445 3740 καὶ
3476 3689 3583 3742 τῶν
3612 3690 3750 3742 ϐνων

2181 3764 2359 3818 αὐτῶν
2386 3765 2741 3836 ἀτιμότερος;
2776 3768 2934 3832 Τίνος
2959 3768 3178 3835 ἐνεκεν;
3211 3771 3331 3823 Ὅτι
3358 3771 3476 3824 τότε
3514 3771 3751 3843 μάλιστα

2180 3851 2369 3919 νήφειν
2413 3849 2520 3920 χρὴ
2553 3851 2646 3903 καὶ
2669 3850 3046 3922 ἐγρηγορέναι.
3089 3852 3148 3905 '0
3180 3852 3288 3924 7&9
3322 3854 3456 3920 μετά
3481 3854 3577 3924 τὴν
3617 3859 3749 3925 19-i-

2179 3932 2350 3995 πεζαν
2387 3931 2578 4003 καιρὸς
2615 3931 2965 4005 εὐχαριστίας
2997 3934 3116 3988 ἐστὶ
3147 3936 3355 4008 καιρός·
3384 3937 3474 3990 τὸν
3499 3939 3557 3991 δὲ
3583 3939 3749 4009 εὐχα-

2183 4014 2466 4086 ριστοῦντα
2491 4015 2610 4086 οὐχὶ
2639 4015 2877 4086 μεθύειν,
2907 4015 3040 4071 ἀλλὰ
3068 4019 3259 4089 νήφειν
3280 4019 3362 4072 δεῖ
3388 4022 3481 4073 καὶ
3522 4022 3750 4093 ἐγρηγο-

2182 4097 2349 4170 ρέναι.
2387 4097 2518 4152 Ἀπὸ
2540 4099 2818 4171 τραπέζης
2845 4098 2920 4170 μὴ
2946 4100 3038 4153 ἐπὶ
3075 4100 3281 4173 κλίνην,
3316 4103 3432 4155 ἀλλ’
3462 4103 3548 4156 ἐπ’
3579 4106 3747 4176 εὐχὴν
3780 4158 3782 4160 τ

2175 4180 2529 4254 τρεπώμεθα,
2581 4181 2667 4237 ἵνα
2725 4182 2802 4255 μὴ
2851 4182 2958 4237 τῶν
3017 4184 3227 4252 ἀλόγων
3281 4184 3608 4258 άλογώτεροι
3663 4207 3747 4258 γι-

2177 4263 2418 4334 νώμεθα.

2246 4347 2311 4402 θ’.
2335 4343 2466 4401 Οἶδα
2494 4346 2576 4401 ὅτι
2607 4347 2790 4402 πολλοὶ
2819 4349 3256 4419 καταγνώσονται
3288 4349 3395 4404 τῶν
3415 4351 3744 4424 λεγομένων,

2176 4431 2253 4496 ώς
2279 4432 2470 4504 καινήν
2499 4449 2622 4486 τινα
2644 4432 2738 4486 καὶ
2776 4433 3079 4506 παράδοξον
3109 4435 3393 4495 συνήθειαν
3414 4440 3745 4506 εἰσαγόντων

2175 4514 2254 4586 τῷ
2272 4515 2389 4586 βίῳ·
2409 4515 2524 4569 ἀλλ’
2541 4514 2651 4586 ἐγὼ
2671 4515 2932 4587 μειζόνως
2950 4518 3049 4589 τῆς
3069 4520 3307 4589 πονηρᾶς
3326 4521 3746 4593 καταγνώσομαι

2179 4594 2464 4669 συνηθείας
2485 4599 2584 4671 τῆς
2609 4598 2702 4654 νῦν
2726 4600 3061 4671 κατεχούσης
3090 4604 3240 4672 ἡμᾶς
3263 4601 3313 4656 ἀ.
3341 4603 3458 4656 Ὀτι
3475 4605 3586 4675 γὰρ
3608 4609 3744 4676 μετὰ

2176 4682 2381 4753 τροφὴν
2407 4683 2501 4736 καὶ
2527 4683 2807 4754 τράπεζαν
2833 4685 2930 4754 οὐχ
2952 4683 3114 4739 ῦπνον
3142 4685 3262 4739 οὐδέ
3293 4686 3471 4757 εὐνὴν,
3507 4689 3622 4740 ἀλλ’
3653 4693 3743 4744 εὐο

2177 4765 2276 4835 χάς
2296 4766 2391 4820 καὶ
2441 4767 2600 4822 θείων
2633 4767 2862 4839 Γραφῶν
2893 4769 3194 4837 ἀνάγνωσιν
3231 4769 3572 4840 διαδέχεσθαι
3615 4775 3742 4844 χρὴ,

2175 4846 2332 4901 τοῦτο
2356 4848 2685 4921 σαφέστερον
2708 4851 2974 4925 ἐδήλωσεν
2995 4854 3023 4906 6
3046 4853 3297 4923 Χριστός.
3324 4852 3403 4905 Ta
3430 4853 3562 4921 γοῦν
3585 4855 3742 4909 ἀπει-

2177 4946 2248 5002 ρα
2276 4930 2452 5004 πλήθη
2476 4932 2598 4986 τότε
2632 4935 2887 4998 ἑστιάσας
2909 4936 2999 4989 ἐπὶ
3020 4937 3117 5006 τῆς
3145 4937 3370 5007 ἐρήμου,
3391 4937 3488 4990 οὐκ
3509 4939 3608 4991 ἐπὶ
3637 4941 3741 4993 κλί-

2174 5031 2273 5084 νην
2299 5014 2392 5068 καὶ
2421 5013 2586 5069 ὕπνον
2611 5017 2808 5082 αὐτοὺς
2833 5017 3096 5088 ἐπεμψεν,
3115 5017 3226 5070 ἀλλ’
3248 5020 3339 5071 ἐπὶ
3355 5018 3512 5072 θείων
3543 5022 3740 5093 ἀκρὸαο

2177 5113 2263 5151 σιν
2292 5097 2517 5151 ἐκάλεσε
2569 5099 2786 5167 λογίων.
2831 5101 2904 5153 Οὐ
2933 5099 3041 5171 γὰρ
3092 5100 3374 5172 διέρρηξεν
3430 5103 3614 5160 αὐτῶν
3645 5107 3740 5168 τὰς

2174 5180 2468 5253 γαστέρας,
2491 5180 2612 5235 οὐδὲ
2638 5185 2717 5245 είς
2747 5183 2917 5253 μέθην
2951 5182 3232 5248 ἐξέϐαλεν,
3277 5184 3411 5239 ἀλλὰ
3447 5186 3736 5259 πληρώσας

2174 5264 2354 5319 αὐτῶν
2394 5264 2494 5337 τήν
2536 5266 2722 5338 χρείαν
2741 5305 2757 5333 ,
2803 5267 2939 5337 πρὸς
2964 5268 3063 5339 τὴν
3090 5268 3461 5342 πνευματικήν
3485 5266 3592 5342 ἦγε
3617 5291 3737 5344 7.90-

2235 5434 2266 5477 ι)
2289 5435 2427 5508 Unus
2449 5450 2541 5508 ms:
2565 5439 2899 5508 πραγματείας,
2920 5440 3090 5508 ἶνα-τῷ
3111 5443 3539 5504 στρατολογήσαντι
3571 5446 3736 5508 ἀρέσῃ.

2176 5499 2486 5562 Στρατιώπις.
2525 5499 2648 5548 lnfi‘a
2671 5499 2782 5561 post
2813 5502 2908 5548 τῶν
2949 5501 3024 5550 ἐπὶ
3064 5499 3147 5560 τῆς
3173 5499 3492 5562 σκηνῆςύηυε
3514 5499 3617 5554 [ηδ’
3644 5499 3735 5554 τέξι

2175 5561 2234 5638 ἐν,
2250 5561 2416 5638 ἑξωρία
2437 5562 2641 5621 ζώντων,
2665 5563 2739 5611 sic
2778 5563 3034 5625 mendose,
3056 5563 3207 5615 Savil.
3233 5567 3282 5616 in
3305 5561 3457 5630 marg.
3478 5570 3578 5616 τῶν
3601 5569 3650 5617 ἐν
3668 5569 3731 5624 ἐξ·

2174 5622 2543 5746 ωλξ
2558 5683 2706 5733 habet
2727 5684 2886 5746 μύρον.

2237 5744 2267 5786 d
2297 5744 2448 5808 Ἦμᾶς
2468 5747 2613 5797 deest
2629 5748 2676 5796 in
2698 5744 2987 5809 quibusdam
3007 5759 3123 5798 mss.
