3790 6246
160 349 268 408 973
360 350 365 353 ’

153 463 199 515 si
234 461 390 517 modo
410 460 695 532 sapiamus.
719 461 927 516 Etenim
952 462 998 516 si
1023 460 1146 515 dum
1178 469 1235 514 tu
1261 459 1462 515 dormis
1488 461 1544 514 in‘
1565 462 1721 514 ebur-

152 571 259 609 neo
290 556 448 618 lecto,
491 562 663 609 tecum
689 561 922 623 reputes,
955 552 1094 623 quod
1134 552 1269 608 alius
1299 567 1368 607 ne
1392 567 1579 621 panem
1611 552 1725 621 qui-

150 646 275 701 dem
313 645 471 700 habet
492 661 598 714 quo
624 660 811 700 secure
834 653 1094 709 vescatur,
1126 657 1304 698 nonne
1324 650 1377 697 te
1407 652 1492 697 tua
1520 642 1723 697 conde-

153 737 363 791 mnabit
415 736 772 803 conscientia,
822 746 877 790 et
928 736 1165 805 insurget
1224 735 1277 791 in
1330 734 1724 789 accusationem

151 828 308 882 istius
335 827 743 897 inzequalitatis?
768 825 915 895 Quod
955 826 997 881 si
1027 828 1229 879 crimen
1265 833 1347 879 est
1372 823 1619 879 eburneis
1642 823 1724 877 in-

148 918 385 972 dormire
425 918 595 982 lectis,
639 932 760 972 cum
803 917 1035 987 undique
1074 916 1233 970 etiam
1274 925 1492 986 argento
1530 913 1725 969 fuerint

149 1011 455 1077 convestiti,
484 1025 643 1079 quam
681 1009 962 1064 afferemus
1001 1006 1439 1063 excusationem?
1482 1005 1574 1061 Vis
1602 1005 1723 1060 lecti

147 1102 333 1156 videre
373 1100 854 1170 pulchritudinem?
885 1099 995 1169 Ego
1031 1098 1126 1152 tibi
1172 1112 1313 1152 nunc
1337 1104 1718 1160 commonstro,

150 1207 256 1246 non
286 1192 497 1262 plebeii,
528 1208 700 1263 neque
736 1191 997 1257 militaris,
1024 1190 1118 1245 sed
1143 1189 1275 1259 regii
1302 1188 1425 1243 lecti
1454 1197 1717 1243 ornatum.

152 1286 361 1342 Etenim
389 1286 631 1355 quamvis
669 1285 830 1339 fueris
855 1284 1092 1338 omnium
1131 1282 1611 1346 ambitiosissimus,
1638 1288 1722 1334 sat

146 1378 283 1443 scio,
307 1393 410 1431 non
431 1378 639 1447 optabis
662 1377 756 1431 tibi
778 1378 973 1432 lectum
996 1374 1356 1445 pulchriorem
1379 1389 1535 1442 quam
1558 1373 1717 1441 regis,

149 1480 203 1523 et
238 1470 382 1541 quod
420 1470 591 1540 majus
616 1478 717 1536 est,
744 1469 884 1540 regis
909 1484 1015 1523 non
1040 1468 1336 1539 cujuslibet,
1365 1466 1456 1521 sed
1485 1466 1719 1535 primarii

145 1576 441 1630 regumque
491 1561 723 1615 omnium
772 1560 1007 1621 maximi,
1066 1559 1258 1627 quique
1306 1558 1359 1611 in
1407 1556 1719 1611 hodiernum

146 1668 319 1720 usque
332 1652 469 1705 diem
488 1652 788 1706 celebratur
807 1660 915 1705 toto
932 1658 1189 1704 terrarum
1207 1647 1352 1702 orbe.
1379 1648 1477 1712 En,
1496 1645 1718 1701 ostendo

148 1744 242 1796 tibi
267 1742 459 1797 lectum
490 1742 628 1797 beati
662 1741 893 1796 Davidis.
925 1741 1109 1809 Qualis
1135 1740 1292 1811 igitur
1310 1748 1424 1794 erat
1453 1739 1579 1793 ille?
1604 1738 1717 1793 Non

145 1843 373 1903 argento
404 1841 457 1888 et
482 1848 634 1899 auro,
662 1832 757 1887 sed
786 1831 1016 1901 undique
1040 1832 1286 1903 lacrymis
1313 1840 1367 1887 et
1385 1830 1719 1885 confessione

142 1936 262 1979 erat
285 1934 587 1980 exornatus.
615 1924 740 1979 Haec
769 1925 882 1994 ipse
910 1923 1103 1979 fatetur
1129 1924 1197 1977 ita
1224 1923 1445 1993 loquens
1474 1940 1485 1976 :
1517 1921 1718 1974 Lavabo

143 2034 235 2087 per
263 2018 489 2088 singulas
531 2027 699 2071 noctes
733 2018 913 2071 lectum
950 2034 1135 2087 meum,
1168 2016 1402 2086 lacrymis
1437 2016 1560 2070 meis
1590 2025 1721 2069 stra-

142 2120 249 2163 tum
277 2127 441 2163 meum
463 2110 637 2180 rigabo
659 2108 827 2183 (Psal.
850 2109 903 2163 6.
934 2108 1033 2178 7.).
1063 2109 1242 2179 Itaque
1262 2108 1376 2164 vice
1399 2107 1710 2178 margarita-

143 2218 264 2256 rum
297 2202 525 2272 undique
552 2202 798 2273 lacrymis
824 2209 937 2256 erat
960 2200 1258 2256 distinctus.
1326 2236 1327 2243 η

212 2292 270 2347 8.
301 2293 395 2347 Hic
411 2292 825 2347 mihiconsidera
843 2300 1071 2347 mentem
1084 2307 1264 2345 amore
1277 2290 1370 2345 Dei
1387 2289 1716 2360 flagrantem.

142 2386 277 2441 Nam
321 2386 567 2457 quoniam
604 2384 834 2441 interdiu
866 2384 1025 2439 varia:
1054 2382 1433 2441 sollicitudines
1468 2394 1718 2451 curaeque

144 2477 462 2546 principum,
486 2475 700 2542 ducum,
717 2475 972 2545 gentium,
992 2474 1323 2545 populorum,
1341 2472 1590 2538 militum,
1616 2470 1721 2525 bel-

143 2567 337 2633 lorum,
353 2566 516 2637 pacis,
532 2566 765 2622 civilium
777 2580 840 2620 ae
852 2564 1263 2619 domesticorum
1275 2563 1623 2634 negotiorum,
1637 2577 1727 2617 eo-

144 2674 261 2712 rum
280 2672 396 2727 qua:
412 2657 613 2727 procul,
632 2671 813 2711 eorum
830 2670 948 2726 qua:
969 2670 1132 2726 prope
1146 2654 1507 2709 distrahebant
1523 2661 1575 2708 et
1595 2668 1721 2708 avo-

143 2750 337 2804 cabaut
364 2748 654 2817 hominem,
678 2748 818 2819 quod
846 2748 939 2803 otii
960 2747 1141 2803 caueri
1166 2756 1483 2802 consumunt
1508 2761 1715 2811 somno,

146 2840 237 2895 ille
261 2840 312 2895 in
334 2839 688 2904 confessione,
718 2838 987 2910 lacrymis,
1013 2852 1077 2893 ac
1097 2837 1339 2910 precibus
1361 2837 1714 2907 impendebat.

143 2930 327 3002 Neque
347 2930 398 2987 id
425 2935 496 2986 ita
516 2931 740 2987 faciebat
764 2947 859 3002 per
879 2945 1036 2987 unam
1056 2938 1287 2996 noctem,
1312 2939 1368 2985 ut
1384 2930 1548 2986 altera
1566 2932 1717 3001 quie-

142 3033 339 3086 sceret,
363 3037 533 3093 neque
552 3023 629 3077 sic
648 3037 743 3093 per
762 3021 893 3077 duas
913 3029 1108 3085 tresve,
1130 3028 1189 3076 ut
1207 3022 1416 3076 interim
1440 3021 1713 3090 deﬁceret,

145 3128 333 3168 verum
358 3113 575 3184 singulis
595 3112 839 3168 noctibus
858 3112 910 3167 id
937 3112 1163 3168 faciebat
1186 3112 1417 3167 :Lavabo
1444 3114 1606 3181 enim,
1636 3114 1717 3168 in-

143 3204 259 3273 quit
282 3245 298 3270 ,
333 3220 421 3272 per
464 3203 689 3275 singulas
735 3212 902 3257 noctes
948 3203 1129 3257 lectum
1175 3212 1429 3267 nteum,et
1481 3204 1715 3275 lacrymis

144 3297 269 3351 meis
321 3305 532 3350 stratum
577 3312 742 3349 meum
794 3295 968 3367 rigabo
1004 3311 1023 3350 :
1062 3295 1311 3351 videlicet
1363 3292 1715 3367 lacrymarum

144 3388 440 3442 ubertatem
472 3387 795 3456 exprimens,
844 3386 1003 3442 simul
1037 3395 1092 3442 et
1118 3386 1539 3457 perpetuitatem.
1581 3387 1714 3442 Cum

144 3495 333 3534 omnes
376 3480 609 3550 quietem
655 3488 710 3534 et
759 3478 924 3533 otium
968 3487 1205 3548 agerent,
1256 3477 1403 3533 solus
1453 3477 1541 3533 ille
1591 3486 1716 3533 tunc

146 3571 313 3626 Deum
345 3569 734 3640 interpellabat,
763 3579 818 3625 et
862 3568 1048 3625 aderat
1090 3568 1254 3639 sopiri
1284 3569 1495 3625 nescius
1531 3570 1716 3625 oculus

147 3661 373 3728 ploranti
400 3660 843 3732 lamentantique,
891 3674 1093 3730 suaque
1131 3660 1399 3730 profitenti
1424 3661 1585 3716 mala.
1620 3661 1718 3717 Ta-

144 3753 246 3807 lem
289 3761 341 3806 tu
385 3765 597 3822 quoque
643 3751 735 3806 tibi
782 3758 965 3821 parato
991 3751 1207 3807 lectum.
1251 3750 1384 3806 Nam
1428 3752 1595 3807 lectus
1638 3768 1717 3806 ar-

144 3853 305 3915 gente
335 3843 578 3899 obtectus
605 3857 728 3899 cum
757 3841 1009 3897 invidiam
1054 3841 1327 3897 hominum
1356 3843 1573 3910 excitat,
1604 3852 1715 3897 tum

146 3937 277 3990 iram
307 3934 540 4006 supremi
566 3934 797 3989 numinis
824 3934 1140 3988 inflammat.

214 4028 482 4098 Lacrymc
506 4027 829 4097 mtinguunt
866 4025 1105 4096 gehemue
1126 4024 1432 4079 incendium.
1452 4054 1525 4067 -—
1545 4025 1718 4081 Caele.

147 4137 263 4176 rum
288 4120 420 4175 tales
439 4119 690 4191 lacrymze
714 4116 899 4187 quales
918 4124 1071 4172 erant
1095 4115 1327 4183 Davidis,
1357 4116 1527 4185 ipsum
1554 4118 1714 4171 etiam

147 4211 405 4281 gehennae
452 4208 754 4265 incendium
809 4215 1009 4263 norunt
1068 4206 1429 4277 exstinguere.
1483 4207 1577 4261 Vis
1622 4206 1717 4262 tibi

147 4305 310 4358 alium
350 4311 760 4359 commonstrem
806 4301 1001 4357 lectum
1030 4299 1235 4355 Jacob?
1270 4299 1452 4356 Solum
1491 4299 1719 4357 habebat

149 4394 498 4461 substratum,
527 4401 582 4449 et
609 4392 839 4462 lapidem
863 4392 1024 4462 capiti
1061 4390 1414 4462 suppositum,
1445 4406 1613 4462 eoque
1636 4391 1718 4446 vi-

150 4486 228 4541 dit
248 4485 394 4542 illum
422 4484 808 4556 intelligibilem
850 4482 1101 4555 lapidem,
1131 4499 1355 4555 eamque
1388 4484 1584 4539 scalam
1624 4499 1721 4553 per

152 4595 310 4649 quam
336 4577 698 4634 ascendebant
725 4591 787 4632 ac
812 4575 1207 4632 descendebant
1230 4575 1401 4644 angeli
1433 4572 1580 4644 (Gen.
1602 4573 1716 4645 28).

154 4670 468 4740 Huiusmodi
513 4669 682 4726 lectos
716 4669 1097 4739 exeogitemus,
1140 4676 1202 4722 ut
1238 4668 1499 4736 ejusmodi
1535 4666 1719 4721 videa-

154 4779 274 4820 mus
307 4762 534 4818 somnia.
565 4760 718 4830 Quod
754 4760 800 4816 si
826 4760 964 4815 lecto
988 4766 1238 4829 argenteo
1268 4758 1717 4821 indormierimus,

155 4872 263 4912 non
288 4855 446 4911 modo
468 4854 664 4909 nullam
693 4852 962 4924 capiemus
984 4851 1329 4920 voluptatem,
1358 4864 1539 4904 verum
1561 4849 1719 4904 etiam

152 4948 317 5004 animi
352 4945 646 5003 molestiam
677 4944 1024 5019 perferemus.
1056 4940 1186 4995 Cum
1216 4942 1357 4996 enim
1394 4939 1485 4995 tibi
1509 4953 1724 4993 succur-

155 5040 246 5106 rit,
276 5038 415 5110 quod
450 5038 502 5093 in
530 5051 739 5093 summo
780 5034 955 5104 rigore
985 5032 1265 5101 mediaque
1303 5039 1478 5095 nocte,
1505 5030 1630 5084 dum
1667 5039 1724 5084 tu

155 5128 295 5185 lecto
322 5128 600 5191 indormis,
647 5140 847 5196 pauper
887 5123 940 5177 in
974 5122 1284 5177 balneorum
1312 5119 1604 5185 vestibulis,
1632 5135 1725 5188 pa-

154 5218 255 5274 leis
280 5219 562 5274 substratis
584 5216 817 5282 incubat,
844 5214 1030 5268 culmis
1059 5212 1454 5276 circumtectus,
1488 5220 1725 5265 tremens

158 5325 223 5364 ac
250 5312 424 5379 rigore
447 5316 747 5371 concretus,
776 5304 917 5359 fame
944 5303 1206 5359 cruciatus
1230 5319 1243 5355 :
1268 5301 1475 5357 etiamsi
1497 5300 1725 5354 maxime

160 5404 234 5457 sis
253 5402 512 5472 lapideus,
543 5408 626 5455 sat
667 5399 797 5461 scio,
827 5395 1205 5452 condemnabis
1234 5394 1481 5462 teipsum,
1510 5393 1639 5448 dum
1669 5402 1724 5448 tu

160 5495 299 5565 plus,
327 5509 485 5563 quam
506 5507 640 5563 opus
665 5501 767 5557 est,
796 5490 1079 5556 deliciaris,
1110 5504 1230 5543 eum
1256 5487 1332 5543 illi
1359 5501 1457 5543 nec
1484 5486 1548 5541 ad
1570 5501 1722 5541 usum

162 5595 424 5656 suppetat.
462 5585 669 5651 Nullus,
699 5583 891 5654 inquit,
922 5582 1157 5636 militans
1194 5579 1499 5649 implicatur
1522 5587 1725 5648 tempo-

162 5677 315 5731 rariis
341 5675 607 5747 negotiis:
633 5674 785 5730 miles
806 5688 866 5729 es
896 5671 1169 5743 spiritalis.
1200 5669 1346 5726 Talis
1368 5677 1546 5725 autem
1573 5669 1727 5724 miles

163 5782 267 5823 non
296 5767 491 5826 dormit
520 5769 573 5824 in
599 5767 734 5823 lecto
770 5766 1027 5833 eburneo,
1064 5762 1158 5821 sed
1202 5761 1369 5820 humi.
1396 5760 1508 5819 Non
1534 5760 1723 5817 oblini~

1387 344 1475 401 DE
1514 343 1785 400 LAZARO
1821 343 2062 399 CONCIO
2098 343 2146 401 i.

3289 352 3391 410 975

1832 468 1915 513 tur
1938 462 2253 530 unguentis:
2285 451 2407 518 nam
2442 464 2537 520 ista
2566 481 2691 521 cura
2728 477 2811 522 est
2838 470 3159 529 meretriciis
3191 476 3357 529 amori

1822 553 1921 608 bus
1950 547 2338 623 implicatorum
2375 571 2437 611 ac
2467 560 2811 627 perditorum,
2846 562 3199 627 scenicorum,
3228 573 3388 632 atque

1824 641 1877 696 in
1906 641 2106 697 desidia
2136 642 2419 699 viventium
2453 647 2741 703 hominum.
2773 650 2848 704 Te
2879 666 3006 705 vero
3043 666 3147 706 non
3178 662 3388 719 oportet

1825 734 1969 789 olere
2015 747 2357 806 unguentum,
2417 739 2511 793 sed
2553 741 2754 808 spirare
2796 742 3061 798 virtutem.
3099 743 3238 797 Nihil
3281 745 3385 797 im-

1823 828 2073 885 mundius
2096 831 2292 898 anima,
2319 833 2524 901 quoties
2556 848 2745 901 corpus
2772 836 2928 890 talem
2957 837 3113 891 habet
3153 840 3387 907 fragran-

1827 920 1971 976 tiam.
1998 920 2249 992 Corporis
2275 923 2416 978 enim
2450 939 2513 979 ac
2538 926 2761 980 vestium
2802 927 3081 997 fragrantia
3107 931 3277 1001 arguit
3305 931 3388 985 in-

1826 1020 1908 1067 tus
1938 1013 2100 1069 latere
2127 1015 2360 1070 animum
2381 1018 2773 1087 graveolenlem
2794 1028 2849 1074 et
2874 1020 3221 1076 immundum.
3248 1023 3382 1077 Cum

1823 1103 1965 1158 enim
1997 1105 2237 1161 diabolus
2261 1122 2557 1178 aggressus,
2589 1108 2791 1164 deliciis
2830 1113 3096 1166 enervarit
3132 1114 3383 1178 animam,

1823 1197 2071 1266 omnique
2102 1205 2312 1267 torpore
2350 1200 2715 1269 compleverit,
2757 1208 2869 1255 tum
2907 1212 2961 1256 et
2999 1217 3187 1273 corpus
3217 1205 3385 1274 ipsum

1822 1288 2175 1357 corruptionis
2219 1305 2328 1345 suae
2374 1291 2620 1346 sordibus
2663 1307 2758 1360 per
2810 1303 3074 1362 unguenta
3132 1295 3299 1350 inlicit
3334 1307 3389 1351 et

1822 1380 2163 1434 contaminat.
2205 1381 2313 1436 Nec
2353 1397 2507 1437 secus
2544 1392 2700 1453 atque
2726 1383 2780 1439 bi
2811 1386 2899 1455 qui
2941 1387 3123 1456 pituita
3161 1389 3271 1442 nasi
3302 1404 3361 1443 ea

1824 1470 2106 1542 tharroque
2131 1483 2388 1543 perpetuo
2416 1474 2674 1538 laborant,
2717 1485 2770 1531 et
2799 1486 2973 1533 vestes
3016 1489 3070 1533 et
3107 1495 3292 1534 manus
3337 1491 3390 1536 et

1822 1559 2007 1616 faciem
2039 1564 2421 1629 contaminant,
2450 1578 2514 1619 eo
2541 1564 2680 1634 quod
2707 1565 2931 1621 subinde
2960 1568 3163 1622 narium
3197 1569 3391 1636 proﬂu-

1823 1653 1964 1706 vium
1994 1654 2320 1723 absterguut,
2357 1656 2532 1709 anima
2558 1672 2766 1726 quoque
2802 1657 2953 1711 istius
2979 1658 3123 1728 pravi
3149 1660 3390 1728 profluvii

1822 1744 2075 1800 malitiam
2117 1745 2168 1798 in
2198 1760 2390 1815 corpus
2432 1746 2701 1816 abstergit.
2734 1748 2863 1813 Quis
2899 1750 3039 1802 enim
3079 1751 3390 1819 pneelarum

1823 1833 2040 1903 aliquid,
2082 1843 2171 1888 aut
2196 1834 2346 1889 bona:
2372 1834 2536 1906 frugis
2563 1838 2862 1906 opinabitur
2885 1838 2952 1892 de
2991 1854 3056 1893 eo
3098 1840 3187 1909 qui
3224 1842 3392 1910 spirat

1823 1934 2111 1995 unguenta,
2152 1926 2240 1995 qui
2284 1926 2627 1982 muliebribus
2663 1927 2875 1997 gaudet,
2907 1928 2989 1982 vel
3020 1931 3191 1999 potius
3220 1947 3393 1986 mere-

1825 2017 1975 2072 tricie
2001 2032 2061 2073 se
2087 2018 2242 2088 gerit,
2266 2018 2353 2087 qui
2379 2018 2821 2073 saltatricularum
2849 2020 3008 2090 elegit
3044 2022 3247 2076 vitam?
3272 2023 3392 2092 Spi-

1824 2117 1906 2162 ret
1935 2107 2110 2163 anima
2155 2116 2239 2162 tua
2269 2108 2608 2178 fragrantiam
2642 2110 2984 2179 spiritualem,
3017 2126 3121 2182 quo
3162 2122 3269 2167 tum
3301 2116 3392 2169 tibi

1824 2198 1944 2266 ipsi,
1973 2208 2083 2252 tum
2109 2199 2225 2253 aliis
2249 2208 2421 2253 tecum
2448 2199 2744 2260 viventibus
2764 2203 3045 2256 maximam
3071 2202 3262 2259 all’eras
3292 2206 3392 2260 uti-

1826 2289 2044 2344 litatem.
2142 2282 2143 2285 “

1893 2378 2103 2434 Deliciae
2124 2381 2573 2449 perniciosissimae.
2599 2411 2672 2423 --
2694 2381 2830 2437 Nihil
2853 2392 2931 2438 est
2952 2382 3114 2451 enim,
3140 2384 3267 2441 nihil
3288 2398 3389 2455 est,

1823 2471 2056 2540 inquam,
2096 2471 2298 2526 deliciis
2333 2473 2699 2541 perniciosius.
2730 2474 2865 2529 Audi
2906 2490 3114 2530 rursum
3157 2477 3282 2547 quid
3325 2479 3392 2535 de

1824 2562 1926 2617 illis
1947 2561 2088 2618 dicat
2113 2562 2288 2618 Moses
2317 2580 2329 2615 :
2360 2561 2721 2637 lmpingudtus
2742 2573 2832 2628 est,
2860 2565 3169 2620 incrassatus
3188 2578 3283 2635 est,
3315 2570 3393 2621 di-

1824 2652 2007 2707 latatus
2031 2662 2123 2719 est,
2155 2661 2202 2707 et
2230 2654 2559 2706 recalcitraoit
2584 2654 2795 2708 dilectus
2819 2653 2993 2726 (Deut.
3026 2656 3115 2711 52.
3146 2658 3257 2728 15).
3287 2660 3392 2716 Nec

1822 2743 1915 2808 ait,
1950 2744 2187 2810 recessit,
2228 2744 2341 2809 sed,
2384 2743 2741 2799 Recalcitravit
2772 2745 3003 2810 dilectus,
3048 2748 3185 2804 illius
3225 2751 3390 2805 intra-

1821 2833 2066 2889 ctabilem
2086 2832 2320 2889 animum
2349 2836 2501 2889 nobis
2529 2835 2853 2905 significans.
2884 2837 3056 2906 Atque
3081 2840 3183 2893 alio
3208 2855 3389 2895 rursus

1820 2927 1978 2981 loco:
2016 2926 2113 2982 Ubi
2138 2929 2410 2982 comederis
2438 2944 2499 2981 ac
2542 2928 2742 2994 biberis,
2790 2944 2908 2982 cave
2944 2930 3049 2994 tibi,
3090 2947 3153 2985 ne
3190 2936 3391 3001 quando

1820 3016 2126 3072 obliviscaris
2183 3017 2391 3072 Domini
2446 3017 2546 3073 Dei
2589 3019 2662 3072 tui
2710 3017 2839 3093 (Id.
2868 3018 3196 3091 8.10.“).
3243 3022 3393 3078 Adeo

1819 3109 2025 3164 deliciae
2076 3109 2250 3164 solent
2310 3109 2375 3164 ad
2428 3110 2658 3165 numinis
2728 3111 3048 3167 oblivionem
3105 3114 3388 3170 adducere.

1821 3201 2047 3257 Proinde
2076 3209 2132 3256 tu
2166 3216 2397 3271 quoque,
2426 3202 2720 3267 carissime,
2749 3217 2871 3259 cum
2915 3202 3119 3258 sederis
3147 3204 3212 3259 ad
3241 3220 3392 3259 men-

1818 3306 1953 3360 sam,
2003 3302 2272 3348 memento
2318 3293 2461 3364 quod
2504 3302 2625 3364 post
2662 3294 2960 3349 convivium
3007 3295 3266 3351 orandum
3308 3308 3392 3353 est

1820 3383 1934 3438 tibi.
1977 3381 2052 3438 Ita
2086 3383 2358 3438 moderate
2401 3392 2638 3440 ventrem
2682 3384 2857 3456 exple,
2886 3401 2954 3441 ne
2997 3399 3242 3458 gravatus
3284 3406 3389 3444 non

1817 3489 1980 3545 queas
2003 3488 2173 3544 genua
2212 3472 2446 3539 flectere,
2488 3489 2552 3530 ac
2580 3475 2746 3530 Deum
2782 3475 3056 3532 invocare.
3088 3479 3281 3534 Annon
3307 3496 3385 3533 vi-

1817 3564 1977 3631 detis,
2005 3564 2146 3635 quod
2173 3564 2413 3635 jumenta
2436 3564 2619 3635 jugum
2649 3566 2891 3634 ferentia,
2938 3576 3279 3641 posteaquam
3322 3572 3388 3625 ad

1816 3672 2055 3728 praesepe
2078 3667 2223 3727 pasta
2249 3664 2393 3724 sunt,
2422 3658 2523 3713 iter
2546 3667 2727 3727 agunt,
2756 3673 2919 3715 onera
2950 3668 3171 3729 gestant,
3202 3677 3389 3717 suurn-

1819 3766 1921 3822 que
1952 3750 2168 3820 eripient
2191 3750 2577 3805 ministerium?
2602 3750 2681 3805 Tu
2702 3766 2827 3806 vero
2845 3752 2935 3821 qui
2960 3751 3161 3806 sublata
3184 3768 3386 3817 mensa,

1819 3844 1884 3899 ad
1899 3857 2056 3898 omne
2072 3856 2205 3911 opus
2222 3842 2419 3897 inutilis
2434 3855 2491 3897 es
2506 3849 2559 3897 et
2584 3841 2812 3911 ineptus,
2831 3858 2956 3897 num
2977 3844 3146 3899 vitare
3168 3846 3387 3914 poteris,

1818 3949 1924 4005 quo
1944 3934 2116 3989 minus
2135 3931 2363 3988 videaris
2381 3931 2544 3988 asinis
2559 3931 2826 3988 deterior?
2845 3933 3232 4001 Quamobrem?
3257 3936 3387 4003 Quia

1821 4034 1932 4081 tum
1971 4026 2204 4081 maxime
2239 4026 2487 4081 convenit
2527 4037 2646 4079 esse
2682 4022 2916 4079 sobrium
2951 4040 3015 4081 ae
3040 4026 3362 4095 vigilantem.

1890 4117 1934 4172 A
1966 4117 2074 4171 cibo
2108 4124 2307 4191 sumpto
2331 4115 2819 4171 orandum—Nam
2850 4123 3059 4188 tempus
3086 4126 3205 4187 post
3236 4134 3384 4173 men-

1820 4223 1930 4264 sam
1979 4206 2169 4278 agendi
2214 4208 2410 4277 gratias
2442 4215 2653 4278 tempus
2691 4216 2812 4263 est:
2857 4222 2977 4263 non-
3011 4209 3165 4265 decet
3212 4219 3387 4265 autem

1819 4308 2063 4369 agentem
2102 4299 2301 4370 gratias
2340 4297 2545 4354 ebrium
2570 4312 2711 4366 esse,
2756 4297 2851 4354 sed
2893 4298 3129 4356 sobrium
3170 4315 3233 4356 ac
3260 4301 3390 4372 vigi—

1820 4390 2038 4447 lantem.
2063 4390 2105 4444 A
2131 4403 2317 4445 mensa
2347 4404 2454 4444 non
2478 4388 2544 4443 ad
2564 4390 2782 4455 lectum,
2808 4389 2904 4443 sed
2932 4389 2997 4444 ad
3030 4391 3387 4459 precationem

1821 4493 2108 4546 vertamur,
2148 4496 2215 4536 ne
2252 4480 2420 4536 brutis
2448 4479 2801 4534 animantibus
2839 4479 3005 4535 simus
3030 4482 3197 4552 magis
3224 4481 3386 4537 bruti.

1891 4573 1944 4627 9.
1984 4570 2116 4626 Novi
2145 4571 2257 4625 fore
2284 4572 2477 4625 multos
2502 4570 2590 4639 qui
2616 4569 2869 4624 damnent
2894 4582 2957 4625 ea
2985 4585 3103 4640 quae
3139 4585 3279 4627 nunc
3301 4572 3385 4627 di-

1822 4672 2031 4731 cuntur,
2060 4662 2222 4718 veluti
2251 4678 2369 4733 qua:
2405 4676 2595 4717 novam
2633 4662 2911 4733 quamdam
2942 4671 2999 4717 et
3039 4663 3225 4718 miram
3268 4664 3389 4720 vitae

1822 4753 2255 4810 consuetudinem
2286 4753 2559 4809 invehant.
2587 4753 2654 4808 At
2680 4767 2780 4823 ego
2801 4752 2965 4823 magis
2988 4751 3251 4809 damnabo
3270 4770 3388 4825 pra-

1823 4861 1941 4900 vam
1962 4845 2418 4911 eonsuetudinem,
2447 4860 2564 4915 quae
2586 4860 2725 4899 nunc
2741 4843 2986 4899 obtinuit.
3015 4844 3223 4899 Etenim
3248 4847 3387 4916 quod

1823 4950 1943 5011 post
1966 4940 2141 4996 cibum
2168 4954 2231 4995 ac
2255 4955 2491 4996 mensam
2519 4954 2625 4993 non
2650 4938 2719 4994 ad
2752 4954 2994 4995 somnum
3022 4945 3265 5010 oporteat
3288 4938 3385 5001 ire,

1826 5047 1926 5087 nec
1951 5030 2015 5086 ad
2037 5031 2229 5097 cubile,
2272 5029 2366 5085 sed
2394 5036 2633 5098 oporteat
2654 5029 2775 5083 cibo
2799 5043 2984 5098 preces
3009 5043 3072 5083 ac
3090 5028 3387 5083 divinarum

1824 5121 2212 5191 Scripturarum
2258 5120 2537 5175 lectionem
2584 5118 2886 5183 succedere,
2934 5118 3262 5174 manifestius
3292 5119 3386 5173 de-

1826 5213 2046 5268 claravit
2073 5213 2186 5282 ipse
2211 5211 2469 5272 Christus,
2495 5210 2582 5281 qui
2606 5226 2724 5265 cum
2754 5209 3066 5265 immensam
3090 5210 3351 5265 multitudi

1828 5322 1949 5361 nem
1967 5304 2260 5373 excepisset
2275 5303 2514 5360 convivio
2533 5302 2584 5356 in
2598 5301 2828 5367 deserto,
2848 5316 2953 5357 non
2965 5301 3298 5357 remisitillos
3323 5303 3388 5356 :ui

1827 5396 2021 5452 lectum
2045 5404 2135 5450 aut
2162 5410 2403 5450 somnum
2421 5436 2437 5462 ,
2459 5393 2553 5449 sed
2595 5393 2663 5449 ad
2688 5392 2976 5449 audiendos
3005 5408 3277 5449 sermones
3305 5394 3391 5448 di.

1829 5488 1981 5543 vinos
2020 5486 2278 5542 invitavit.
2312 5484 2426 5541 Non
2467 5485 2608 5540 enim
2637 5482 2965 5538 distenderat
3004 5482 3212 5538 illorum
3258 5499 3386 5538 ven-

1830 5587 1958 5644 tres,
1989 5592 2161 5648 neque
2201 5576 2266 5632 ad
2292 5576 2597 5633 ebrietatem
2637 5574 2937 5645 impulerat,
2961 5590 3144 5630 verum
3174 5573 3264 5629 ubi
3306 5588 3393 5627 sa-

1830 5678 2058 5725 turasset
2080 5668 2218 5733 illos,
2249 5678 2502 5739 quantum
2528 5667 2772 5739 exigebat
2806 5667 3112 5730 necessitas,
3137 5664 3203 5719 ad
3230 5665 3386 5732 spiri-

1837 5761 2029 5818 tualem
2055 5758 2272 5817 adduxit
2302 5758 2626 5817 alimoniam.
2653 5756 2840 5815 Itidem
2865 5771 2962 5813 nos
2990 5769 3201 5828 quoque
3226 5746 3399 5805 facia-
