3790 6250
391 333 497 389 975

392 457 528 508 nius,
557 456 726 512 eoque
757 439 913 496 modo
937 449 1346 494 consuescamus
1371 420 1564 504 ca'pcre
1589 432 1787 496 cibum,
1816 439 1872 481 ut
1890 428 1956 481 ad

392 536 554 588 vitam
587 531 833 587 tuendam
861 531 1135 585 dumtaxat
1155 526 1403 590 sufficiat,
1444 517 1552 578 non
1579 532 1638 578 ut
1664 537 1760 577 nos
1789 520 1961 573 valeat

390 625 722 694 disrumpere
747 631 802 678 et
820 636 1060 692 gravare.

471 713 588 766 Non
625 714 770 765 enim
824 711 879 762 in
926 710 1028 763 hoc
1075 707 1186 760 nati
1216 708 1429 762 sumus
1479 720 1544 760 ac
1592 703 1844 769 vivimus,
1891 712 1954 758 ut

399 805 620 858 edamus
667 817 730 855 ac
769 801 1056 854 bibamus:
1113 798 1206 853 sed
1256 797 1376 853 ideo
1417 797 1646 861 edimus,
1695 803 1756 850 ut
1809 797 1959 850 viva-

400 907 540 946 mus.
589 890 670 944 Ab
700 889 854 943 initio
885 905 997 943 non
1031 896 1149 942 erat
1190 887 1294 942 cibi
1341 901 1505 941 causa
1540 887 1663 941 data
1692 886 1819 951 vita,
1865 887 1959 940 sed

400 983 525 1037 vita:
565 996 727 1037 causa
756 981 915 1036 datus
952 987 1036 1034 est
1063 979 1232 1034 cibus.
1265 976 1374 1032 Nos
1408 993 1536 1033 vero
1562 978 1784 1048 perinde
1813 979 1962 1047 quasi

399 1077 469 1130 ob
523 1075 626 1128 hoc
667 1073 845 1143 ipsum
885 1072 1209 1133 viveremus,
1263 1070 1335 1124 ita
1381 1078 1575 1124 cuncta
1625 1068 1678 1122 in
1732 1068 1834 1122 hoc
1883 1069 1964 1122 in-

399 1167 682 1221 sumimus.
723 1165 988 1220 Caeterum
1019 1170 1079 1215 ut
1119 1160 1488 1216 vehementior
1535 1160 1722 1214 etiam
1753 1160 1964 1213 ﬁatde-

399 1258 641 1312 liciarum
681 1253 1324 1326 redargittio,‘acriusque
1353 1258 1553 1322 pungat
1596 1250 1652 1304 in
1695 1250 1778 1304 his
1803 1252 1961 1304 vitam

399 1353 640 1414 agentes.
671 1359 767 1413 age
799 1358 987 1397 rursus
1023 1343 1090 1398 ad
1120 1341 1379 1395 Lazarum
1417 1341 1712 1396 referamus
1758 1355 1963 1394 sermn-

399 1451 545 1489 uem.
591 1436 703 1489 Hoc
746 1434 889 1490 enim
945 1443 1098 1502 pacto
1147 1433 1260 1494 ﬁet,
1294 1440 1353 1484 ut
1389 1432 1545 1488 nobis
1588 1433 1657 1486 sit
1700 1431 1963 1488 efﬁcacior

399 1525 695 1581 admonitio
731 1524 1122 1594 consiliumque
1153 1533 1413 1586 nostrum,
1450 1538 1571 1577 cum
1604 1523 1827 1577 videatis
1853 1537 1959 1575 non

399 1618 598 1680 verbis,
645 1617 740 1672 sed
793 1617 948 1672 factis
995 1615 1193 1685 corripi
1246 1615 1530 1685 punirique
1573 1631 1689 1675 eos,
1742 1615 1835 1684 qui
1876 1615 1962 1667 in-

399 1709 620 1780 dulgent
648 1708 921 1780 ingluviei.
958 1709 1114 1764 Dives
1153 1709 1313 1779 igitur
1346 1708 1432 1766 ille
1478 1724 1599 1763 cum
1628 1717 1772 1762 tanta
1814 1706 1960 1762 vive-

398 1801 491 1854 bat
525 1799 886 1870 improbitate,
927 1800 1168 1869 quotidie
1207 1799 1416 1854 deliciis
1443 1815 1660 1864 vacans,
1695 1800 1962 1869 tantisque

400 1891 596 1961 patinis
624 1891 922 1958 fruebatur,
955 1900 1009 1946 et
1031 1891 1328 1962 splendidis
1349 1891 1588 1946 vestibus
1619 1892 1960 1958 induebatur,

401 1982 615 2054 gravius
663 1982 765 2038 sibi
811 1982 914 2052 ipsi
960 1983 1280 2053 supplicium
1327 1997 1630 2048 accersens,
1683 1983 1964 2052 majusque

401 2089 597 2144 parans
626 2073 974 2139 incendium,
1021 2089 1087 2129 ac
1135 2073 1425 2130 vindictam
1464 2073 1557 2128 Dei
1604 2075 1832 2129 reddens
1866 2073 1966 2128 im-

403 2164 738 2234 placabilem,
767 2164 1028 2222 ultionem
1047 2179 1392 2235 exasperans,
1414 2164 1493 2221 sic
1525 2172 1585 2219 ut
1610 2165 1784 2222 venia:
1814 2165 1964 2221 locus

400 2273 506 2310 non
552 2265 717 2311 esset.

465 2348 747 2416 Paupertas
776 2363 878 2400 non
904 2343 1138 2417 querula.
1165 2375 1236 2385 —
1265 2343 1469 2413 Pauper
1498 2352 1673 2398 autem
1698 2341 1963 2413 projectus

389 2447 506 2494 erat
533 2439 582 2492 in
610 2437 892 2500 vestibulo,
932 2452 1030 2492 nec
1067 2445 1240 2489 tamen
1266 2444 1381 2489 erat
1406 2448 1666 2498 morosus,
1695 2449 1794 2489 nec
1817 2433 1961 2488 dice-

389 2532 479 2588 bat
503 2531 762 2596 convicia,
805 2545 903 2585 nec
944 2528 1333 2600 indignabatur.
1363 2525 1476 2582 Non
1500 2525 1711 2582 dicebat
1739 2524 1877 2594 apud
1902 2537 1962 2580 se

388 2623 530 2694 quod
559 2621 742 2677 dicunt
785 2622 1124 2692 complures:
1163 2619 1290 2689 quid
1319 2618 1534 2674 tandem
1569 2627 1652 2675 est
1695 2616 1833 2673 hoc?
1861 2617 1963 2673 Iste

387 2714 476 2782 qui
504 2713 794 2782 improbam
813 2710 1186 2780 crudelemque
1201 2711 1362 2764 vitam
1387 2709 1494 2780 agit
1521 2719 1576 2764 et
1594 2708 1955 2772 inhumanam,

387 2805 636 2860 omnibus
661 2818 820 2874 supra
845 2819 1001 2874 quam
1031 2817 1167 2872 opus
1205 2809 1289 2857 est
1327 2799 1519 2856 fruitur
1545 2799 1722 2864 rebus,
1752 2812 1850 2854 nec
1879 2798 1960 2852 ul-

390 2897 493 2950 Iain
519 2895 680 2950 animi
709 2895 1004 2949 molestiam
1028 2894 1243 2966 patitur,
1275 2908 1374 2948 nec
1397 2891 1542 2948 aliud
1569 2891 1853 2962 quidquam
1881 2891 1961 2945 in-

387 2986 682 3055 opinatum,
705 2986 879 3056 qualia
910 2985 1074 3038 multa
1101 2984 1273 3040 solent
1309 2984 1362 3038 in
1402 2984 1562 3038 rebus
1602 2982 1844 3038 humanis
1868 2995 1960 3037 aco

387 3078 586 3142 cidere,
608 3077 702 3132 sed
732 3091 860 3146 pura
898 3078 1168 3145 voluptate
1189 3075 1378 3130 fruitur
1401 3091 1414 3130 :
1441 3074 1570 3130 mihi
1599 3089 1726 3129 vero
1750 3087 1818 3129 ne
1842 3083 1956 3128 tan~

391 3181 501 3226 tum
541 3169 755 3240 quidem
787 3169 1090 3238 lmpartitur
1124 3168 1408 3234 alimonize,
1439 3179 1692 3238 quantum
1733 3167 1963 3237 postulat

391 3261 701 3316 necessitas.
726 3259 923 3314 Verum
956 3260 1040 3314 isti
1068 3259 1155 3328 qui
1186 3261 1239 3314 in
1269 3260 1527 3329 parasitos
1554 3270 1608 3314 et
1634 3259 1958 3327 adulatores,

389 3368 452 3407 ac
492 3351 853 3406 temulentiam
879 3349 1130 3420 quidquid
1163 3349 1321 3406 habet
1362 3350 1650 3416 consumit,
1678 3365 1782 3405 non
1810 3349 1964 3406 aliter

389 3458 546 3512 quam
598 3458 630 3499 e
659 3441 805 3497 fonte
844 3452 1033 3498 cuncta
1070 3442 1309 3500 affluunt.
1339 3443 1449 3513 Ego
1474 3458 1634 3512 porro
1661 3442 1746 3498 hic
1785 3442 1960 3512 jaceo,

390 3535 691 3604 exemplum
721 3535 784 3589 iis
812 3536 900 3606 qui
930 3550 1019 3592 me
1051 3535 1402 3604 conspiciunt,
1440 3535 1692 3606 probrum
1722 3549 1785 3590 ac
1822 3535 1964 3590 ludi-

393 3626 588 3692 brium,
618 3625 754 3679 fame
781 3625 1180 3684 contabeseens.
1203 3627 1286 3684 An
1309 3625 1428 3684 haec
1447 3635 1575 3683 sunt
1593 3625 1963 3695 providentiae?

391 3719 473 3770 An
502 3715 608 3770 ulla
647 3715 849 3785 justitia
882 3715 1096 3787 respicit
1126 3731 1212 3771 res
1252 3715 1568 3772 hominum?
1605 3715 1744 3773 Nihil
1775 3717 1965 3772 horum

390 3821 564 3877 neque
588 3805 742 3870 dixit,
767 3821 940 3877 neque
964 3806 1231 3877 cogitavit.
1261 3805 1412 3862 Unde
1439 3805 1540 3862 hoc
1568 3806 1767 3878 liquet?
1797 3809 1873 3864 Ex
1897 3822 1966 3864 eo

389 3899 528 3968 quod
549 3897 718 3968 angeli
752 3899 1006 3967 stipatum
1052 3898 1199 3954 illum
1221 3897 1572 3965 deduxerunt,
1603 3899 1761 3969 inque
1787 3899 1962 3955 sinum

391 3989 617 4044 Abrahae
661 3989 900 4048 delatum
929 3989 1309 4060 deposuerunt.
1350 3990 1500 4058 Quod
1545 3991 1589 4045 si
1621 3991 1964 4062 blasphemus

391 4079 592 4141 fuisset,
632 4095 960 4149 nequaquam
1006 4080 1082 4135 illi
1128 4089 1330 4136 tantum
1356 4081 1671 4152 contigisset
1711 4081 1958 4137 honoris.

393 4167 467 4224 Ita
494 4171 672 4223 caeteri
699 4170 908 4239 quidem
935 4171 1003 4225 ob
1029 4170 1132 4226 hoc
1156 4171 1369 4226 demum
1398 4179 1672 4243 tantopere
1708 4173 1966 4228 mirantur

394 4259 658 4317 hominem
679 4259 819 4328 quod
837 4261 888 4316 in
903 4269 1208 4330 paupertate
1227 4261 1434 4318 vixerit.
1459 4262 1570 4333 Ego
1581 4277 1706 4318 vero
1721 4263 1888 4319 doceo
1906 4264 1966 4318 il-

397 4352 500 4403 tuin
521 4365 708 4405 novem
728 4351 986 4420 supplicia
1006 4352 1304 4422 pertulisse,
1325 4369 1429 4410 non
1440 4369 1545 4424 quo
1561 4355 1853 4424 puniretur,
1870 4357 1964 4411 sed

395 4457 497 4510 quo
525 4443 717 4498 clarior
747 4444 1092 4511 redderetur;
1140 4447 1283 4516 quod
1324 4447 1538 4518 quidem
1563 4448 1722 4504 etiam
1765 4451 1961 4506 evenit.

468 4531 748 4601 Paupertas
788 4536 954 4605 gravis
981 4536 1090 4590 sine
1117 4535 1459 4608 philosophia.
1481 4567 1554 4580 -—
1575 4538 1707 4594 Nam
1733 4554 1962 4610 pauper-

394 4634 474 4680 tas
500 4625 710 4696 quidem
737 4641 822 4681 res
844 4636 926 4682 est
953 4643 1077 4683 vere
1100 4629 1317 4686 molesta
1340 4645 1356 4683 :
1380 4629 1483 4688 hoc
1506 4640 1702 4685 uomat
1725 4632 1964 4701 quicum-

395 4732 495 4784 que
523 4725 647 4770 sunt
669 4717 893 4787 experti.
925 4717 1033 4773 Nec
1061 4719 1203 4776 enim
1229 4720 1334 4781 ulla
1367 4721 1536 4778 oratio
1565 4723 1733 4792 possit
1753 4725 1960 4794 assequi

393 4809 702 4874 cruciatum,
733 4823 892 4879 quem
920 4810 1182 4866 sustinent
1225 4811 1260 4866 ii
1286 4811 1376 4882 qui
1408 4813 1460 4868 in
1506 4823 1814 4884 paupertate
1857 4815 1927 4871 de

395 4908 541 4966 punt.
573 4899 617 4954 si
647 4900 884 4954 nesciant
911 4901 986 4955 uti
1015 4901 1371 4972 philosophia.
1399 4903 1457 4959 In
1482 4903 1681 4961 Lazaro
1707 4920 1837 4961 vero
1857 4921 1960 4961 non

396 4989 491 5044 ista
519 4999 717 5044 tantum
756 5001 870 5047 erat
894 4992 1188 5060 calamitas,
1215 5009 1397 5049 verum
1425 4995 1584 5052 etiam
1621 4995 1842 5052 adversa
1869 5012 1932 5052 va

397 5081 574 5136 letudo
617 5092 732 5137 erat
756 5083 933 5148 affixa,
976 5098 1145 5154 eaque
1185 5101 1343 5156 supra
1372 5087 1585 5144 modum
1609 5091 1803 5159 gravis.
1833 5089 1965 5144 Vide

397 5172 653 5241 siquidem
683 5173 1128 5244 quemadmodum
1148 5175 1382 5234 declarat
1401 5187 1676 5248 utramque
1695 5178 1965 5234 eahmita-

397 5273 503 5318 tem
531 5263 596 5318 ad
621 5279 882 5320 summum
909 5267 1238 5337 pervenisse.
1264 5268 1392 5323 Nam
1419 5270 1564 5339 quod
1589 5284 1798 5326 omnem
1828 5285 1962 5340 pau-

335 5361 338 5364 ’
401 5364 654 5422 perlatem
682 5354 864 5410 Lazari
897 5367 1176 5428 paupertas
1205 5367 1316 5414 tum
1343 5361 1693 5430 superaverit,
1723 5361 1964 5418 declara-

398 5448 469 5498 vit
503 5445 702 5512 ilicens,
724 5447 863 5516 quod
894 5464 959 5503 ne
987 5451 1138 5508 micis
1171 5451 1386 5520 quidem
1417 5454 1572 5523 potiri
1599 5452 1822 5518 licuerit,
1847 5469 1968 5523 quae

399 5535 658 5588 cadebant
683 5535 750 5590 de
776 5553 961 5593 mensa
981 5539 1156 5596 divitis
1184 5541 1336 5610 (Luc.
1362 5543 1449 5602 ιϐ.
1476 5543 1536 5598 21
1552 5545 1590 5614 ).
1620 5544 1786 5601 Porro
1825 5544 1964 5615 quod

401 5626 646 5682 valetudo
673 5641 884 5700 quoque
908 5629 973 5685 ad
992 5631 1234 5688 eamdem
1256 5649 1558 5692 mensuram
1581 5637 1880 5705 pervenerit
1896 5637 1964 5692 ad

402 5735 558 5788 quam
580 5729 889 5792 paupertas,
912 5720 1047 5778 ultra
1071 5737 1226 5794 qustu
1257 5740 1369 5782 non
1395 5739 1572 5797 posset
1595 5729 1822 5799 amplius
1843 5742 1962 5800 pro-

1091 323 1147 380 S.
1185 320 1459 379 JOANNIS
1497 314 1958 374 CHRYSOSTOMI
1997 313 2306 370 ARCIIIEP.
2344 313 2872 370 CONSTANTINOP.
3558 318 3645 371 θη

2069 427 2215 491 ferri,
2266 435 2320 481 et
2358 427 2409 480 id
2451 441 2662 497 quoque
2690 442 2872 481 rursus
2909 427 3215 493 declaravit,
3248 428 3469 492 dicens,
3517 435 3645 495 quod

2063 532 2224 573 canes
2247 518 2512 587 lingebant
2533 518 2708 572 ulcera
2739 518 2854 588 ejus
2878 534 2894 570 :
2922 518 3056 573 adeo
3073 530 3186 574 erat
3211 519 3402 573 fractis
3429 521 3642 585 Viribus,

2065 621 2122 666 ut
2152 626 2219 666 ne
2245 625 2410 665 canes
2434 610 2649 680 quidem
2681 620 2859 680 posset
2883 611 3113 681 abigere,
3145 612 3237 666 sed
3271 614 3463 664 vivum
3496 613 3646 665 cad:-

2065 717 2162 755 ver
2185 702 2410 770 jacebat,
2440 701 2626 755 videns
2663 701 2875 772 quidem
2901 717 2994 756 eos
3032 715 3408 765 accurrentes,
3447 720 3645 772 nequa.

2063 810 2219 864 quam
2246 803 2419 848 tamen
2450 793 2631 848 valens
2649 793 2917 863 depellere
2940 811 2954 848 :
2980 809 3150 864 usque
3176 796 3318 850 adeo
3365 796 3448 849 illi
3483 813 3643 850 inem-

2065 885 2157 940 bra
2189 895 2339 941 erant
2367 885 2558 952 soluta,
2591 901 2756 956 usque
2799 887 2934 941 adeo
2971 896 3124 942 erant
3163 888 3405 943 arefacta
3441 891 3641 950 niorbi.

2065 993 2230 1047 usque
2259 977 2392 1032 adeo
2419 987 2729 1046 consumpta
2753 987 2902 1032 erant
2926 977 3229 1033 afﬂictione.
3278 979 3454 1032 Vides
3496 980 3646 1033 νεικ-

2065 1081 2271 1124 menter
2308 1085 2572 1140 supraque
2599 1070 2814 1124 modnm
2838 1077 2892 1124 et
2932 1079 3326 1140 paupertatem,
3359 1081 3418 1125 et
3447 1072 3644 1125 valetu-

2065 1161 2240 1215 dinem
2265 1169 2655 1231 oppugnantem
2702 1175 2894 1229 corpus
2940 1161 3116 1215 illius?
3152 1161 3308 1229 Quod
3362 1161 3414 1216 si
3467 1161 3644 1216 horum

2065 1253 2477 1322 unumquodque
2509 1267 2602 1321 per
2621 1265 2678 1307 se
2697 1251 3027 1306 intolerabile
3053 1260 3136 1306 est
3154 1261 3209 1306 et
3227 1253 3518 1316 acerbum,
3537 1268 3643 1306 cum

2065 1343 2220 1398 simul
2256 1343 2650 1413 conglomerata
2677 1342 2888 1407 fuerint,
2920 1357 3096 1397 annon
3133 1343 3361 1398 adamas
3389 1346 3645 1414 quispiam

2066 1433 2242 1498 fuerit,
2273 1435 2363 1504 qui
2406 1433 2521 1488 haec
2561 1433 2828 1503 perferat?
2857 1433 3004 1486 Multi
3047 1432 3363 1503 frequenter
3414 1434 3648 1489 laborant

2064 1526 2282 1580 adversa
2327 1524 2641 1588 valetudine,
2689 1533 2941 1578 caeterum
2971 1538 3074 1578 non
3099 1534 3260 1594 egent
3305 1525 3398 1585 iis,
3439 1542 3564 1593 qua:
3590 1530 3642 1579 ad

2066 1616 2259 1668 victum
2289 1623 2414 1669 sunt
2441 1615 2759 1668 necessaria.
2792 1614 2895 1667 Alii
2927 1616 3220 1684 paupertati
3246 1625 3522 1670 extrema:
3541 1631 3648 1671 sunt

2065 1705 2302 1770 obnoxii,
2333 1721 2515 1760 verum
2547 1706 2814 1774 potiuntur
2841 1705 2976 1759 bona
3006 1707 3334 1772 valetudine,
3369 1709 3456 1763 sic
3489 1720 3547 1763 ut
3580 1712 3648 1764 al-

2069 1806 2178 1853 tera
2206 1812 2296 1853 res
2328 1797 2548 1853 alterius
2585 1797 2655 1855 sit
2694 1799 2965 1864 solatium,
3017 1799 3139 1854 huic
3169 1816 3302 1856 vero
3328 1802 3503 1856 ambo
3531 1817 3648 1857 con-

2066 1889 2352 1945 currebant
2397 1890 2554 1944 mala.
2601 1891 2714 1960 Age
2756 1904 2941 1960 posses
2985 1891 3114 1944 mihi
3143 1893 3441 1947 nominare
3473 1910 3646 1962 quern-

2067 1982 2226 2052 piam,
2257 1981 2415 2034 simul
2444 1988 2498 2036 et
2525 1978 2763 2035 adversa:
2808 1980 3091 2035 valetudini
3119 1991 3174 2036 et
3217 1986 3539 2052 paupertati
3563 1986 3646 2038 ob-

2067 2065 2279 2128 noxiuin
2293 2071 2317 2125 ?
2329 2070 2434 2126 Sed
2452 2086 2556 2124 non
2573 2085 2740 2140 usque
2763 2071 2896 2126 adeo
2913 2071 3207 2126 desolatam
3225 2087 3294 2127 ac
3313 2074 3648 2127 destitutum.

2067 2163 2196 2218 Nam
2224 2164 2313 2218 ille
2357 2163 2573 2233 quidem
2611 2178 2928 2234 quamquam
2959 2179 3062 2218 non
3109 2180 3178 2218 ex
3221 2179 3354 2220 sese
3406 2182 3588 2235 neque
3627 2184 3650 2220 ι

2066 2255 2391 2319 domesticis,
2439 2265 2613 2308 tamen
2643 2254 2711 2308 ah
2753 2254 2838 2318 iis,
2885 2254 2973 2324 qui
3019 2255 3220 2320 vident,
3272 2257 3648 2311 misericordia

2067 2345 2220 2401 ﬂexis
2258 2345 2522 2400 sublevari
2563 2353 2756 2414 potest,
2804 2344 2857 2398 in
2891 2344 3121 2398 medium
3170 2348 3469 2415 projectus
3498 2365 3513 2400 :
3547 2349 3652 2401 huic

2067 2451 2194 2492 vero
2235 2437 2506 2492 molestias
2530 2450 2641 2501 eas,
2674 2449 2807 2506 quas
2829 2446 2984 2491 antea
3008 2436 3261 2502 diximus,
3317 2439 3657 2493 molestiores

2067 2527 2340 2593 reddebat,
2371 2526 2512 2597 quod
2557 2536 2702 2582 esset
2738 2525 2807 2582 ab
2838 2527 3084 2582 omnibus
3110 2527 3371 2583 desertus
3401 2547 3420 2583 :
3451 2539 3512 2584 et
3538 2530 3658 2583 hanc

2068 2620 2234 2690 ipsam
2262 2618 2602 2674 solitudinem
2617 2633 2828 2674 rursum
2854 2617 3215 2673 molestiorem
3239 2619 3510 2682 faciebat,
3529 2622 3655 2690 quod

2065 2711 2121 2766 in
2150 2710 2414 2767 vestibulo
2430 2710 2608 2766 divitis
2628 2709 2851 2782 ja'ceret.
2877 2710 3085 2766 Etenim
3114 2711 3158 2766 si
3188 2712 3243 2766 in
3267 2721 3425 2766 terra
3452 2712 3656 2768 deserta

2067 2803 2334 2874 nullisque
2361 2803 2592 2858 habitata
2632 2803 2819 2874 iacens
2847 2803 2962 2860 haec
3001 2819 3188 2873 passus
3220 2803 3451 2870 fuisset,
3492 2809 3657 2877 negle-

2065 2903 2288 2964 ctusque
2310 2891 2584 2964 jacuissei,
2615 2908 2721 2951 non
2748 2905 2951 2950 tantum
2982 2895 3276 2951 doluisset:
3309 2913 3447 2953 nam
3477 2898 3526 2952 si
3554 2901 3657 2954 nul-

2067 2987 2152 3042 lus
2178 2987 2334 3049 adsit,
2362 2986 2464 3042 hoc
2488 2987 2659 3055 ipsum
2689 2987 2848 3042 etiam
2877 2986 3075 3043 nolenti
3097 2987 3415 3057 persuadet,
3443 3000 3506 3043 ut
3535 2989 3658 3044 ferat

2065 3093 2183 3148 qua:
2201 3077 2466 3134 accidunt.
2489 3077 2752 3133 Caeterum
2779 3077 2920 3148 quod
2943 3079 2994 3132 in
3021 3078 3198 3134 medio
3220 3087 3334 3133 tam
3363 3080 3656 3134 multorum

2061 3169 2266 3240 iacens,
2297 3169 2538 3225 ebrietati
2565 3168 2969 3239 indulgentium,
3001 3170 3237 3225 suaviter
3275 3171 3605 3235 viventium,
3629 3188 3655 3225 ε

2066 3261 2278 3316 nemine
2292 3262 2377 3316 vel
2396 3260 2664 3331 vulgarem
2681 3275 2864 3316 curam
2885 3261 3304 3328 nancisceretur,
3323 3262 3378 3315 id
3396 3263 3654 3318 reddebat

2065 3365 2281 3406 sensum
2306 3352 2548 3406 dolorum
2577 3352 2858 3418 acriorem,
2889 3339 3160 3423 magisque
3188 3352 3529 3408 incendebat
3548 3356 3656 3408 aui-

2067 3443 2138 3497 mi
2167 3441 2553 3514 aegritudinem.
2581 3441 2697 3498 Non
2724 3443 2866 3497 enim
2892 3442 3112 3512 perinde
3134 3442 3182 3497 si
3204 3442 3385 3497 absint
3410 3443 3507 3513 qui
3536 3459 3652 3498 suc-

2065 3541 2301 3600 currant,
2325 3541 2484 3603 atque
2511 3533 2555 3588 si
2578 3533 2756 3588 adsint
2779 3532 3014 3603 quidem,
3047 3532 3143 3588 sed
3171 3533 3345 3588 nolint
3374 3536 3653 3605 porrigere

2065 3639 2302 3692 manum,
2319 3623 2566 3679 mordere
2585 3623 2721 3678 solet
2744 3624 2976 3678 animum
3000 3624 3051 3679 in
3071 3624 3490 3689 calamitatibus,
3513 3627 3650 3694 quod

2065 3713 2277 3784 quidem
2315 3722 2424 3768 tum
2453 3714 2575 3768 huic
2602 3713 2812 3769 accidit.
2851 3713 3038 3768 Nullus
3066 3723 3182 3769 erat
3207 3716 3296 3784 qui
3326 3715 3492 3770 dictis
3521 3733 3648 3771 con-

2065 3804 2348 3869 solaretur,
2392 3804 2571 3859 nullus
2617 3805 2706 3874 qui
2750 3803 2902 3859 factis
2947 3803 3163 3860 afferret
3206 3805 3487 3874 solatium,
3547 3826 3649 3863 non

2065 3897 2289 3962 amicus,
2325 3911 2432 3951 non
2473 3896 2699 3961 vicinus,
2741 3910 2850 3951 non
2889 3907 3166 3967 cognatus,
3209 3914 3318 3954 non
3348 3901 3648 3955 videntium

2065 3987 2382 4058 quisquam:
2409 3988 2542 4044 adeo
2569 3997 2684 4044 erat
2713 3999 2822 4043 tota
2844 3989 3020 4044 divitis
3043 4001 3294 4060 compta
3322 3991 3553 4046 familia.

2138 4081 2224 4137 10.
2263 4081 2344 4136 Ad
2373 4079 2488 4137 hzec
2509 4081 2668 4136 aliam
2685 4082 2884 4138 doloris
2903 4084 3266 4138 accessionem
3290 4084 3647 4156 adjungelxit,

2066 4171 2208 4242 quod
2251 4171 2478 4227 alterum
2528 4171 2676 4226 illum
2722 4173 2796 4238 in.
2826 4172 3076 4229 felicitate
3101 4175 3491 4243 conSpiciebat,
3544 4193 3647 4229 non

2067 4262 2208 4335 quod
2232 4263 2446 4320 invidus
2469 4271 2614 4320 esset
2631 4279 2696 4320 ac
2721 4281 2936 4336 pravus,
2958 4267 3052 4322 sed
3079 4267 3221 4338 quod
3248 4284 3443 4324 omnes
3472 4272 3650 4325 solent

2067 4356 2124 4410 in
2151 4355 2376 4412 aliorum
2416 4358 2772 4428 prosperitate
2818 4361 2994 4414 acrius
3021 4374 3145 4415 suas
3176 4363 3380 4416 sentire
3420 4363 3646 4416 calami—

2069 4458 2225 4506 tates.
2251 4447 2309 4504 lu
2329 4449 2494 4505 divite
2514 4459 2689 4508 autem
2711 4458 2830 4506 erat
2851 4453 3048 4522 aliquid
3073 4453 3239 4523 majus
3264 4453 3332 4507 ad
3365 4453 3515 4508 illius
3535 4457 3649 4508 aui—

2068 4557 2212 4596 mum
2241 4542 2673 4598 exulcerandum.
2714 4543 2828 4598 Non
2874 4545 3015 4600 enim
3057 4545 3226 4600 solum
3276 4560 3435 4600 suam
3481 4548 3648 4616 ipsius

2066 4632 2420 4688 calamitatem
2458 4649 2579 4689 cum
2618 4635 2760 4689 illius
2785 4636 3132 4705 prosperitate
3173 4635 3486 4703 conferens,
3529 4655 3646 4708 gra-

2067 4724 2268 4777 viorem
2307 4723 2561 4779 reddebat
2603 4739 2817 4780 suorum
2854 4726 3114 4780 malorum
3157 4741 3412 4791 sensum,
3460 4745 3646 4782 verum

2068 4814 2226 4870 etiam
2273 4815 2605 4886 perpendens
2646 4817 2785 4886 quod
2817 4818 2906 4873 ille
2935 4817 3095 4871 vitam
3135 4817 3337 4872 ducens
3365 4821 3647 4874 crudelem

2068 4915 2126 4962 et
2150 4906 2510 4973 inhumanam,
2539 4908 2593 4964 in
2621 4907 2867 4963 omnibus
2906 4920 3328 4978 prosperaretur,
3361 4910 3484 4978 ipse
3522 4927 3651 4964 vero

2068 4996 2315 5052 virtutem
2343 5011 2405 5052 ac
2431 4997 2743 5052 modestiam
2773 4998 3071 5066 amplexus,
3100 5008 3340 5052 extrema
3371 5009 3648 5067 pateretur

2067 5087 2240 5154 mala,
2303 5089 2738 5144 inconsolabilem
2809 5090 2971 5144 animi
3026 5090 3326 5144 molestiam
3396 5101 3455 5146 et
3530 5093 3650 5146 hinc

2066 5180 2332 5235 sustinuit.
2389 5179 2520 5235 Nam
2569 5181 2616 5235 si
2663 5181 2746 5235 vir
2777 5179 2951 5250 justus
2997 5179 3179 5236 fuisset
3208 5181 3380 5246 dives,
3436 5184 3481 5236 si
3537 5201 3654 5236 mo-

2067 5269 2268 5334 destus,
2316 5270 2361 5323 si
2410 5269 2796 5340 suspiciendus,
2842 5271 2887 5325 si
2932 5271 3076 5325 omni
3115 5271 3309 5324 virtute
3361 5274 3644 5339 pnnditus,

2067 5374 2401 5430 nequaquam
2453 5360 2525 5414 illi
2573 5362 2791 5430 perinde
2835 5361 3113 5416 doluisset.
3144 5359 3296 5416 Nunc
3345 5377 3480 5414 vero
3524 5378 3647 5417 cum

2067 5449 2220 5506 dives
2241 5460 2402 5516 esset,
2433 5452 2790 5522 improbteque
2810 5453 2952 5519 vites,
2977 5463 3030 5507 et
3053 5453 3120 5507 ad
3148 5463 3453 5508 extremum
3480 5471 3650 5523 usque

2068 5542 2286 5596 malitia:
2309 5551 2610 5611 provectus,
2656 5554 2710 5597 et
2746 5551 2942 5597 tantam
2972 5543 3416 5598 inhumanitatem
3467 5558 3651 5598 esu-no

2069 5635 2221 5694 deus,
2265 5645 2319 5690 et
2359 5635 2604 5689 hostilem
2648 5636 2887 5689 animum
2911 5650 3124 5705 gerens,
3157 5653 3258 5693 nec
3290 5653 3452 5694 secus
3479 5652 3644 5704 atque

2071 5727 2294 5797 lapidem
2339 5728 2508 5798 ipsum
2542 5739 2973 5798 pra-terrurrcns,
3004 5732 3118 5786 sine
3150 5734 3498 5796 verecundia.
3528 5735 3646 5789 sine
