3906 6248
211 341 326 400 973

214 466 352 531 φήν.
382 459 536 512 Οὕτω
565 462 657 513 καὶ
676 463 836 531 ἡμεῖς
856 462 1119 532 ποιῶμεν,
1143 482 1238 519 και
1253 468 1506 524 τοσοῦτον
1527 471 1793 542 ἐθίσωμεν

215 546 449 606 ἑαυτοὺς
499 545 720 608 ἐσθίειν,
763 547 883 599 ὅσον
927 548 1064 618 πρὸς
1091 549 1152 602 τὸ
1182 550 1282 622 ζῇν
1321 551 1502 623 μόνον,
1547 557 1645 626 οὐχ
1673 558 1796 610 ὅσον

213 627 552 681 διασπᾶσθαι
583 629 676 680 καὶ
707 628 1054 698 βαρύνεσθαι.

295 713 370 764 Ού
409 713 517 781 γάρ
535 712 623 764 διὰ
646 712 800 764 τοῦτο
832 714 1127 783 ἐγενόμεθα
1149 717 1240 769 καὶ
1262 717 1464 788 ζῶμεν,
1491 719 1575 774 ἵνα
1609 719 1795 789 φάγω-

221 812 325 865 μεν
359 796 452 846 καὶ
487 794 698 863 πίωμεν
725 812 738 825 ο
770 795 905 850 ἀλλά
937 797 1022 850 διά
1051 797 1208 852 τοῦτο
1240 801 1536 873 ἐσθίωμεν,
1576 804 1659 858 ἵνα
1691 805 1796 869 ζῶ-

223 896 347 949 μεν.
380 880 456 932 Οὐ
485 879 545 932 τὸ
573 877 670 948 ζῇν
690 879 778 932 διὰ
801 881 861 934 τὸ
895 886 1107 949 φαγεῖν,
1140 882 1277 936 ἀλλά
1296 884 1383 937 διὰ
1404 885 1463 938 τὸ
1484 887 1581 957 ζῇν
1605 887 1665 940 τὸ
1695 905 1796 956 φα-

217 966 340 1030 γεῖν
369 963 590 1030 γέγονεν
615 961 670 1028 ἐξ
700 963 892 1034 ἀρχῆς.
937 963 1201 1034 Ἡμεῖςδέ
1231 967 1305 1030 ῶς
1325 967 1412 1021 διά
1441 967 1597 1022 τοῦτο
1617 970 1796 1026 ἐλθόν-

215 1063 312 1109 τες
339 1048 418 1110 είς
451 1046 542 1099 τὸν
577 1047 798 1117 κόσμον,
833 1047 1004 1111 οὕτως
1027 1049 1239 1102 ἅπαντα
1264 1052 1342 1114 εἰς
1371 1051 1528 1105 τοῦτο
1560 1071 1795 1108 κατανα-

217 1128 503 1200 λίσκομεν.
548 1129 684 1181 Ἀλλ’
721 1130 807 1183 ἵνα
837 1131 1165 1202 σφοδροτέρα
1203 1133 1423 1204 γένηται
1455 1135 1556 1206 τῆς
1586 1140 1796 1208 τρυφῆς

218 1215 256 1285 ἡ
291 1214 613 1284 κατηγορία,
643 1216 737 1266 καὶ
762 1215 906 1284 μάλα
935 1216 1226 1288 καθίκηται
1258 1218 1366 1270 τῶν
1401 1220 1457 1271 ἐν
1490 1220 1624 1291 αὐτῇ
1653 1219 1797 1285 ζών-

215 1315 353 1358 των,
391 1297 553 1367 φέρε,
588 1297 748 1350 πάλιν
773 1299 866 1352 ἐπὶ
889 1299 980 1351 τὸν
1007 1299 1254 1372 Λάζαρον
1281 1302 1371 1355 τὸν
1401 1302 1557 1371 λόγον
1585 1305 1797 1372 ἀγάγω-

220 1398 346 1450 μεν.
384 1380 540 1433 Οὖτω
558 1382 665 1451 γὰρ
686 1383 815 1452 ἡμῖν
848 1382 1186 1455 ἀληθεστέρα
1216 1402 1274 1438 τε
1308 1387 1400 1439 καὶ
1431 1388 1796 1460 ἐναργεστέρα

216 1465 254 1533 ἡ
275 1464 602 1535 παραίνεσις
625 1464 776 1518 ἔσται
799 1467 896 1519 καὶ
924 1468 957 1537 ή
988 1467 1284 1538 συμϐουλὴ,
1321 1470 1448 1523 ὅταν
1472 1471 1545 1542 μὴ
1575 1470 1662 1524 διὰ
1696 1474 1794 1543 ρη-

221 1549 436 1617 μάτων,
460 1547 594 1600 ἀλλά
615 1548 701 1602 διὰ
724 1550 1062 1620 πραγμάτων
1096 1550 1239 1622 ἴδητε
1265 1553 1682 1623 παιδευομένους
1701 1557 1796 1610 καὶ

217 1631 624 1701 κολαζομένους
674 1634 801 1695 τοὺς
834 1634 1112 1705 ἀδηφαγίᾳ
1169 1637 1554 1707 προσέχοντας.
1606 1639 1664 1693 ’0
1699 1641 1797 1709 μὲν

215 1711 317 1768 οὖν
351 1715 606 1779 πλούσιος
627 1715 858 1788 τοσαύτῃ
892 1717 1127 1789 πονηρίᾳ
1153 1719 1371 1790 συνέζη,
1405 1722 1498 1775 καὶ
1523 1722 1643 1776 καθ’
1671 1724 1799 1777 ἐκά-

217 1815 360 1869 στην
393 1799 666 1868 ἐνετρύφα
695 1812 722 1840 ε
755 1799 854 1871 τὴν
879 1799 1114 1871 ἡμέραν.
1143 1801 1238 1854 καὶ
1265 1802 1632 1857 ἐνεδιδύσκετο
1659 1805 1797 1876 λαμ-

217 1881 402 1952 πρῶς,
427 1880 812 1954 χαλεπωτέραν
843 1883 1021 1954 ἐαυτῴ
1042 1883 1297 1938 ἀνάπτων
1320 1885 1418 1958 τήν
1439 1887 1678 1953 κόλασιν,
1703 1890 1797 1942 καὶ

219 1965 415 2035 μεῖζον
447 1966 506 2018 τὸ
542 1965 654 2038 πῦρ
680 1967 1044 2037 ἐργαζόμενος
1072 1969 1166 2020 καὶ
1192 1969 1624 2041 ἀπαραμύθητον
1645 1971 1796 2045 [72υ]

216 2047 408 2120 ἑαυτῷ
432 2049 600 2105 ποιῶν
628 2051 727 2122 τὴν
754 2051 932 2124 δίκην,
967 2051 1061 2106 καὶ
1089 2051 1474 2122 ἀσύγγνωστον
1502 2056 1600 2127 τὴν
1630 2074 1800 2128 τιμωο

217 2131 374 2202 ρίαν.

306 2257 368 2311 '0
393 2257 451 2310 δὲ
485 2255 655 2328 πένης
683 2257 910 2330 ἔρριπτο
938 2258 1090 2331 παρὰ
1116 2259 1208 2314 τὸν
1232 2259 1453 2316 πυλῶνα
1481 2263 1666 2330 αὑτοῦ,
1709 2267 1800 2320 καὶ

216 2341 338 2394 οὒτ’
369 2342 832 2414 ἀπεδυσπέτησεν,
855 2342 966 2397 οὔτ’
994 2344 1434 2418 ἐϐλασφήμησεν,
1457 2347 1566 2402 οὔτ’
1599 2349 1800 2419 ἠγανά-

219 2443 427 2497 κτησεν
447 2443 461 2457 ⁸
489 2427 587 2479 οὐκ
606 2421 726 2480 εἷπε
747 2427 884 2498 πρὸς
913 2427 1133 2496 ἐαυτὸν,
1155 2429 1185 2481 δ
1227 2429 1414 2483 πολλοὶ
1450 2431 1703 2500 λέγουσι·
1746 2433 1800 2486 τί

217 2526 363 2562 ποτε
384 2509 542 2563 τοῦτό
563 2511 744 2576 ἐστιν;
774 2505 927 2572 οὗτος
949 2509 1049 2580 μέν
1073 2511 1309 2583 πονηρίᾳ
1335 2512 1512 2576 συζῶν
1532 2516 1625 2567 καὶ
1653 2514 1800 2585 ὠμό-

217 2609 352 2662 τητι
376 2595 470 2646 καὶ
500 2592 886 2664 ἀπανθρωπίᾳ,
910 2594 1004 2647 καὶ
1033 2593 1142 2647 τῶν
1168 2595 1310 2667 ὑπὲρ
1333 2597 1430 2667 τὴν
1455 2597 1640 2668 χρείαν
1666 2599 1802 2649 ἀπο-

219 2677 386 2731 λαύει
411 2678 648 2741 πάντων,
684 2679 780 2731 καὶ
802 2677 910 2731 οὐδ’
939 2676 1178 2747 ἀθυμίαν
1209 2679 1469 2750 ὑπομένει
1488 2719 1503 2743 ,
1536 2679 1642 2733 οὐδ’
1674 2681 1802 2734 ἄλλο

219 2777 282 2813 τι
331 2761 442 2814 τῶν
490 2760 788 2832 ἀδοκήτων,
844 2754 930 2814 οἵα
982 2760 1153 2814 πολλὰ
1206 2761 1271 2815 τά
1321 2762 1472 2833 παρά
1497 2762 1802 2835 ἀνθρώποις

221 2845 400 2908 ἐστὶν,
427 2843 563 2897 ἀλλά
582 2845 676 2898 καὶ
706 2843 952 2916 καθαράν
978 2845 1282 2916 καρποῦται
1309 2847 1408 2917 τὴν
1437 2847 1628 2920 ἡδονήν
1647 2865 1660 2877 ·
1691 2847 1801 2914 ἐγὼ

221 2927 286 2980 δὲ
310 2928 431 2980 οὺδέ
457 2928 554 2998 τῆς
575 2928 878 2995 ἀναγκαίας
903 2927 1011 2998 ἔχω
1042 2928 1247 2999 τροφῆς
1288 2933 1592 3000 μετασχεῖν.
1643 2931 1801 2984 Ἀλλά

219 3010 407 3081 τούτῳ
437 3011 533 3080 μὲν
564 3012 643 3074 εἰς
664 3010 996 3082 παρασίτους
1020 3013 1112 3065 καὶ
1135 3012 1370 3078 κόλακας
1401 3015 1496 3067 καὶ
1531 3013 1702 3086 μέθην
1732 3015 1802 3069 τά

221 3095 364 3148 ὄντα
418 3093 631 3146 ἅπαντα
671 3092 996 3158 δαπανῶντι,
1048 3093 1235 3166 ῶσπερ
1279 3098 1343 3149 ἐκ
1369 3097 1560 3168 πηγῶν
1589 3097 1804 3153 ἅπαντα

222 3179 481 3248 ἐπιρρείο
523 3177 634 3245 ἐγὼ
661 3177 717 3230 δὲ
752 3178 1102 3249 παράδειγμα
1124 3182 1236 3242 τοῖς
1271 3179 1439 3250 ὁρῶσι
1470 3184 1658 3252 κεῖμαι
1710 3184 1804 3236 καὶ

222 3260 464 3330 αίσχύνή
493 3262 585 3313 κα)⁵
605 3259 797 3330 γέλως,
815 3259 957 3332 λιμῷ
971 3261 1289 3332 τηκόμενος.
1307 3257 1453 3335 Ἀρα
1477 3265 1647 3318 ταῦτα
1673 3283 1806 3336 προ-

221 3345 412 3409 νοίας;
446 3340 557 3416 ἄρα
584 3345 756 3416 ἐφορᾷ
775 3345 900 3416 δίκη
921 3361 1006 3409 τις
1035 3345 1102 3398 τὰ
1131 3345 1446 3420 ἀνθρώπινα
1468 3348 1801 3420 πράγματα;

226 3423 401 3484 οὐδὲν
427 3430 629 3484 τούτων
661 3432 761 3484 οὐκ
804 3426 976 3496 εἶπεν,
1011 3432 1109 3485 οὐκ
1144 3434 1412 3504 ἐνενόησε.
1446 3435 1614 3490 Πόθεν
1651 3437 1806 3490 τοῦτο

223 3515 427 3586 δῆλον;
482 3514 570 3581 Ἐξ
610 3507 686 3568 ὧν
714 3515 1000 3586 ἀπήγαγον
1035 3515 1198 3569 αὐτὸν
1235 3520 1284 3570 οἱ
1319 3518 1539 3588 ἀγγελοι
1581 3521 1807 3591 δορυφο-

230 3601 478 3674 ροῦντες,
514 3602 608 3655 καὶ
642 3603 722 3664 είς
744 3602 836 3654 τὸν
870 3600 1068 3656 κόλπον
1111 3601 1204 3656 τοῦ
1252 3599 1502 3676 ’Λϐραάμ
1534 3608 1806 3661 ἀποκατέ-

230 3703 445 3757 στησαν
467 3705 484 3719 ο
507 3686 607 3739 οὐκ
627 3685 693 3738 ἂν
719 3685 798 3748 δὲ,
830 3687 879 3739 εί
913 3686 1230 3758 βλάσφημος
1261 3684 1349 3758 ἦν,
1400 3690 1666 3761 τοσαύτης
1703 3695 1808 3745 ἀπ-

228 3771 433 3824 ἑλαυσε
458 3770 641 3840 τιμῆς.
670 3769 824 3823 Οὕτω
857 3770 956 3840 μὲν
986 3767 1078 3824 οὖν
1107 3773 1158 3824 οἱ
1186 3772 1368 3826 πολλοὶ
1384 3773 1470 3827 διὰ
1498 3776 1654 3828 τοῦτο
1681 3775 1809 3829 θαυ-

236 3853 475 3924 μάζουσι
498 3853 588 3905 τὸν
619 3851 902 3922 ἄνθρωπον
931 3853 1120 3923 μόνον,
1158 3854 1240 3907 ὅτι
1283 3858 1339 3907 ἐν
1379 3854 1538 3928 πενίᾳ
1562 3853 1628 3928 ἦν
1652 3874 1666 3888 ·
1699 3858 1809 3926 ἐγὼ

231 3937 296 3989 δὲ
321 3935 570 4004 δείκνυμι
591 3935 858 4006 τιμωρίας
882 3936 1036 3989 ἐννέα
1071 3937 1164 3990 τὸν
1213 3938 1448 4010 ἀριθμὸν
1487 3940 1647 3992 αὐτὸν
1684 3942 1808 3994 ὑπο-

237 4019 526 4090 μείναντα,
563 4019 662 4090 ούχ
711 4020 796 4072 ἵνα
824 4019 1136 4090 κολάζηται,
1170 4021 1284 4085 ἀλλ’
1315 4023 1402 4076 ἵνα
1432 4024 1810 4098 λαμπρότερος

233 4105 491 4175 γίνηται·
523 4103 660 4173 ὅπερ
685 4098 778 4156 οὖν
805 4103 899 4156 καὶ
927 4104 1161 4172 ἐγένετο.

311 4230 495 4284 Δεινὸν
520 4229 619 4301 μὲν
645 4231 754 4301 γὰρ
783 4230 951 4296 ὅντως
977 4233 1070 4287 καὶ
1100 4233 1132 4304 ή
1158 4233 1337 4300 πενία,
1365 4236 1459 4288 καὶ
1490 4235 1666 4291 ίσασιν
1696 4239 1809 4293 ὅσοι

239 4319 442 4386 πεῖραν
472 4315 676 4386 ταύτης
702 4315 958 4386 εἰλήφασι
977 4333 992 4346 ο
1017 4315 1175 4385 λόγος
1201 4317 1310 4389 γάρ
1333 4320 1506 4385 οὐδεὶς
1527 4324 1813 4394 παραστῆ-

239 4417 337 4454 σαι
361 4399 648 4470 δυνήσεται
671 4397 769 4469 τὴν
793 4398 1004 4470 ὀδύνην,
1039 4403 1170 4474 ὅσην
1191 4404 1554 4474 ὑπομένουσιν
1581 4409 1630 4460 οἱ
1667 4424 1812 4462 πτω-

239 4484 369 4554 χείᾳ
411 4481 698 4544 συζῶντες,
727 4483 821 4535 καὶ
854 4484 1163 4553 φιλοσοφεῖν
1191 4487 1291 4540 οὐκ
1336 4488 1554 4554 είδότες.
1605 4490 1726 4546 Ἐπὶ
1754 4492 1810 4546 δὲ

237 4568 338 4620 τοῦ
367 4566 615 4637 Λαζάρου
649 4567 708 4618 ού
736 4565 894 4619 τοῦτο
921 4568 1078 4638 μόνον
1103 4564 1170 4641 ἦν
1210 4571 1273 4624 τὺ
1301 4571 1471 4626 δεινὸν
1490 4613 1505 4638 ,
1545 4574 1679 4628 ἀλλά
1717 4579 1812 4630 καὶ

239 4651 525 4722 ἀρρωστία
547 4649 694 4719 αύτῷ
717 4649 744 4690 δ
775 4651 1112 4719 συνέζευκτο,
1149 4656 1242 4708 καὶ
1274 4655 1411 4728 αὕτη
1441 4657 1560 4727 μεθ’
1582 4660 1814 4731 ὑπερϐο-

240 4737 367 4807 λῆς.
397 4737 506 4788 Καὶ
527 4737 627 4806 ὅρα
669 4735 785 4799 πῶς
820 4737 1085 4808 ἑκατέρας
1114 4740 1211 4802 τάς
1239 4743 1522 4814 συμφοράς
1544 4744 1813 4799 δείκνυσιν

240 4823 327 4883 εἰς
357 4820 525 4890 ἀκρον
569 4819 847 4884 ἐλθούσας.
877 4822 998 4874 Ὅτι
1037 4824 1138 4893 μὲν
1190 4824 1299 4897 γὰρ
1334 4828 1513 4899 πᾶσαν
1545 4830 1733 4884 πενίαν
1777 4831 1810 4901 ή

238 4901 340 4955 τοῦ
367 4901 618 4974 Λαζάρου
635 4903 796 4957 πενία
815 4903 934 4958 τότε
970 4905 1244 4976 ἐνίκησεν,
1275 4909 1474 4974 ἔδειξεν
1503 4914 1690 4976 εἰπὼν,
1731 4913 1812 4968 ὅτι

238 4986 367 5040 οὐδὲ
393 4987 501 5070 τῶν
539 4987 735 5058 ψιχίων
780 4988 1024 5062 ἀπήλαυε
1083 4991 1190 5045 τῶν
1222 4995 1527 5050 πιπτόντων
1573 4997 1680 5051 ἀπὸ
1715 5001 1813 5070 τῆς

239 5069 527 5154 τραπέζης
553 5071 648 5154 τοῦ
674 5071 923 5126 πλουσίου
944 5089 958 5104 ·
992 5073 1073 5127 ὅτι
1101 5073 1158 5127 δὲ
1182 5075 1276 5127 καλ⁸
1302 5078 1334 5146 ή
1370 5078 1649 5149 ἀρρωστία
1680 5069 1813 5154 πρὸς

240 5155 307 5208 τδ
333 5153 466 5207 αὐτὸ
494 5153 692 5226 μέτρον
714 5155 940 5225 ἐφθάκει
959 5159 1025 5228 τῇ
1050 5156 1228 5228 πενίᾳ,
1259 5160 1377 5229 μεθ’
1397 5161 1426 5214 ὃ
1444 5161 1627 5218 λοιπὸν
1653 5153 1813 5219 ἐκτα-

245 5237 410 5309 θῆναι
433 5239 534 5292 ούκ
551 5231 640 5309 ἦν,
670 5240 763 5292 καὶ
794 5239 953 5293 τοῦτο
967 5240 1102 5294 αὐτὸ
1127 5241 1288 5297 πάλιν
1327 5242 1615 5316 ἐδήλωσεν,
1644 5248 1812 5304 εἰπὼν

243 5325 344 5407 ὅτι
362 5323 412 5376 οί
436 5323 596 5388 κύνες
614 5325 894 5396 ἀπέλειχον
917 5325 986 5379 τά
1016 5327 1145 5400 ἐλκη
1169 5329 1354 5384 αὐτοῦ.
1384 5331 1569 5398 Οὕτως
1608 5331 1676 5407 ἦν
1726 5338 1813 5406 ἐξ-

245 5405 588 5478 ησθενηκὼς,
603 5409 678 5472 ὡς
704 5409 836 5480 μηδέ
857 5411 982 5473 τοὺς
1003 5410 1168 5476 κύνας
1183 5413 1519 5486 ἀποσοϐῆσαι
1536 5405 1812 5485 δύνασθαι,

243 5490 387 5546 ἀλλὰ
416 5493 609 5564 νεκρὸς
654 5493 894 5566 ἔμψυχος
920 5495 1118 5564 ἔκειτο,
1163 5499 1416 5565 ἐπιόντας
1473 5504 1573 5573 μὲν
1618 5507 1816 5572 αὐτοὺς

317 5716 347 5787 ᾗ
371 5717 505 5787 Unus
526 5732 614 5787 παιςζ
639 5721 802 5787 συνέζη
817 5722 928 5787 ,καθ’
951 5723 1151 5779 ἑκάστην
1173 5727 1371 5787 τρυφῶν.

314 5777 346 5819 ιι
367 5781 467 5830 Alii
495 5783 644 5843 αὐτῷ,
668 5785 750 5831 am
775 5779 894 5840 αὐτῇ

1429 351 1518 407 DE
1558 354 1830 412 LA'LAKO
1866 360 2124 416 CONCN)
2164 365 2202 419 Ι.

3353 391 3456 444 ⁴Πϐ

1901 480 2140 553 θεωρῶν,
2175 483 2693 556 ἀμύνασθιίΓδέὀὺκ
2724 494 2945 565 ἰσχύων.
2991 496 3176 562 υῦτως
3213 501 3357 573 αύτῷ
3389 505 3458 560 τὰ

1899 571 2034 643 μέλη
2060 579 2303 644 παρεῖτο,
2334 577 2474 631 οὕτω
2498 583 2848 654 τεταρίχευτο
2873 588 2938 656 τῇ
2966 587 3248 660 ἀρρωστίᾳ
3265 631 3278 652 ,
3319 571 3459 644 οὕτω

1895 663 2226 737 δεδαπάνητο
2248 667 2324 738 τῷ
2356 673 2664 744 πειρασμῷ.
2694 674 2844 741 Εἶδες
2873 680 2991 749 μετ’
3016 680 3191 752 ἀκρας
3223 684 3460 754 ὑπερϐο-

1895 756 1994 828 λῆς
2023 760 2116 812 καὶ
2143 761 2241 832 τὴν
2271 763 2462 817 πενίαν
2497 766 2590 818 καὶ
2615 767 2713 839 τὴν
2741 771 3049 840 ἀρρωστίαν
3082 783 3104 811 ε
3141 773 3458 841 πολιορκοῦ-

1896 863 1995 902 σαν
2017 851 2179 904 αὐτοῦ
2205 852 2266 905 τὸ
2293 854 2481 926 σῶμα;
2511 857 2574 910 El
2592 856 2646 910 δὲ
2673 857 2790 911 καθ’
2813 861 2972 914 ἐαυτὺ
3001 863 3203 917 τούτων
3231 865 3462 917 ἕκαστον

1895 939 2170 1012 ἀφόρητον
2205 945 2298 998 καὶ
2329 946 2519 1013 δεινὸν,
2559 950 2688 1002 ὅταν
2713 951 2846 1021 ὁμοῦ
2896 955 3356 1026 συμπεπλεγμένα
3403 954 3459 1028 ᾗ,

1896 1035 2013 1099 πῶς
2033 1037 2132 1090 ούκ
2179 1039 2388 1110 ἀδάμας
2418 1059 2501 1104 τις
2531 1037 2600 1114 ἦν
2636 1043 2664 1095 6
2701 1043 2874 1098 ταῦτα
2907 1045 3223 1116 ύπομένων;
3270 1047 3461 1101 Πολλοὶ

1896 1127 2155 1193 πολλάκις
2179 1129 2570 1202 ἀρρωστοῦσιν,
2599 1136 2736 1190 ἀλλά
2762 1137 2862 1208 τῆς
2887 1139 3190 1207 ἀναγκαίας
3215 1142 3315 1194 οὐκ
3334 1143 3464 1194 ἀπὸ·

1901 1221 2051 1292 ροῦσι
2108 1225 2341 1294 τροφῆς*
2382 1226 2529 1279 ἄλλοι
2587 1229 2746 1300 πενίᾳ
2802 1229 2902 1298 μὲν
2942 1229 3174 1293 συζῶσιν
3217 1232 3418 1304 ἐσχάτῃ
3446 1273 3462 1296 ,

1897 1311 2011 1365 ἀλλ’
2043 1313 2254 1383 ὑγιείας
2276 1316 2626 1382 ἀπολαύουσι,
2659 1321 2752 1372 καὶ
2773 1321 2999 1391 θάτερον
3031 1321 3261 1393 θατέρου
3287 1341 3460 1394 παρα-

1900 1403 2066 1474 μυθία
2090 1406 2328 1474 γίνεται·
2361 1409 2594 1462 ἐνταῦθα
2634 1409 2690 1462 δέ
2722 1411 3008 1481 ἀμφότερα
3043 1411 3222 1466 ταῦτα
3255 1413 3460 1466 συνεδε-

1895 1496 2186 1567 δραμήκει.
2221 1498 2359 1552 Ἀλλ’
2389 1499 2533 1570 ἔχεις
2569 1503 2660 1571 μοί
2697 1519 2818 1556 τινα
2846 1505 3023 1556 είπεῖν
3055 1505 3151 1558 καὶ
3192 1507 3250 1557 ἐν
3285 1507 3466 1577 ἀρρωι

1898 1586 2020 1658 στίᾳ
2047 1586 2174 1641 ὄντα
2200 1591 2294 1642 καὶ
2320 1591 2377 1643 ἐν
2401 1591 2577 1662 πενίᾳ.
2610 1593 2749 1645 Ἀλλ’
2775 1595 2874 1648 ούκ
2894 1595 2952 1647 ἐν
2972 1595 3178 1667 ἐρημίᾳ
3202 1596 3478 1670 τοσαύτῃ.-

1897 1680 1960 1732 Εί
1984 1681 2092 1751 γάρ
2118 1682 2211 1734 καὶ
2246 1682 2321 1753 μὴ
2355 1684 2484 1754 παρ’
2515 1685 2708 1739 ἐαυτοῦ
2735 1686 2870 1758 μηδὲ
2905 1686 3056 1758 [721]
3089 1687 3318 1754 οἴκοθεν,
3347 1687 3464 1742 ἀλλ’

1898 1773 2004 1826 ὑπὸ
2044 1773 2152 1829 τῶν
2181 1774 2430 1846 ὁρώντων
2464 1775 2729 1831 ἐλεεῖσθαι
2758 1778 2972 1833 δύναιτο
3000 1778 3067 1833 ἂν
3107 1781 3186 1843 είς
3209 1779 3270 1832 τὸ
3302 1779 3468 1849 μέσον

1897 1867 2256 1938 προκείμενος
2275 1885 2288 1899 ·
2320 1867 2494 1938 τούτῳ
2519 1869 2577 1922 δὲ
2616 1868 2686 1922 τά
2711 1870 3084 1942 προειρημένα
3119 1868 3269 1923 δεινά
3309 1869 3469 1940 χαλε-

1898 1955 2119 2028 πώτερα
2142 1957 2316 2010 ἐποίει
2348 1957 2596 2026 γίνεσθαι
2629 1958 2738 2010 τῶν
2781 1958 3243 2029 προστησομένων
3272 1959 3306 2029 ἡ
3339 1959 3470 2029 ἐρη-

1901 2048 2036 2118 μία·
2075 2048 2170 2101 καὶ
2205 2049 2378 2121 αὐτὴν
2421 2049 2624 2120 ταύτην
2664 2050 2825 2105 πάλιν
2875 2050 3263 2120 χαλεπωτέραν
3293 2051 3414 2102 ἐπο’
3453 2073 3462 2102 ε

1899 2140 2183 2208 φαίνεσθαι
2200 2141 2262 2194 τὸ
2288 2142 2346 2194 ἐν
2365 2142 2570 2196 πυλῶνι
2599 2143 2811 2197 κεῖσθαι
2834 2141 2927 2195 τοῦ
2961 2143 3234 2195 πλουσίου.
3271 2142 3337 2194 El
3368 2141 3468 2211 μὲν

1899 2229 2008 2302 γάρ
2037 2232 2130 2284 ἐπὶ
2151 2231 2252 2301 τῆς
2267 2231 2477 2303 ἐρήμου
2499 2231 2710 2304 καὶτῆς
2731 2233 2988 2303 ἀοικήτου
3012 2232 3284 2301 κείμενος,
3313 2229 3466 2284 ταῦ-ιτ

1901 2321 2102 2392 έπασχε
2152 2324 2246 2376 καὶ
2285 2325 2627 2396 παρεωρᾶτο,
2672 2325 2773 2378 οὐκ
2813 2323 2880 2378 ἂν
2929 2322 3101 2387 οὕτως
3135 2323 3375 2394 ήλγησε·
3406 2321 3472 2374 τὸ

1900 2411 2008 2483 γάρ
2044 2412 2246 2484 μηδένα
2271 2417 2521 2485 παρεῖναι
2566 2414 2660 2467 καὶ
2697 2414 2898 2469 ἄκοντα
2954 2413 3140 2484 φέρειν
3169 2410 3354 2467 ἔπειθε
3397 2410 3472 2464 τα

1902 2505 2265 2575 συμϐαίνοντα
2292 2505 2320 2545 ἀ
2340 2523 2355 2538 ο
2376 2507 2437 2560 τὸ
2462 2507 2520 2560 δὲ
2545 2509 2604 2560 ἐν
2628 2507 2778 2578 μέσῳ
2803 2507 3070 2561 τοσούτων
3096 2506 3348 2577 κείμενον
3373 2521 3472 2576 με·

1901 2595 2154 2660 θυόντων,
2182 2597 2615 2670 εὐημερούντων,
2638 2597 2789 2670 παρὰ
2819 2598 3046 2668 μηδενὸς
3079 2596 3215 2668 μηδέ
3242 2596 3342 2667 τῆς
3371 2613 3472 2649 τυ-

1900 2687 2099 2759 χούσης
2121 2690 2438 2760 ἐπιμελείας
2461 2689 2779 2759 τυγχάνειν,
2805 2689 3137 2761 δριμυτέραν
3162 2689 3333 2742 ἐποίει
3357 2686 3475 2740 τῶν

1899 2777 2098 2831 ὀδυνῶν
2128 2778 2371 2847 γίνεσθαι
2401 2778 2503 2850 τὴν
2535 2779 2805 2849 αἴσθησιν,
2824 2779 2921 2831 καὶ
2955 2779 3053 2849 τὴν
3091 2777 3328 2848 ἀθυμίαν
3382 2777 3472 2841 ἐξ-

1902 2869 2051 2924 έκαιε
2071 2868 2292 2940 μᾶλλον.
2312 2869 2385 2922 Οὐ
2408 2869 2518 2940 γὰρ
2533 2869 2704 2932 οὕτως
2720 2869 2965 2922 ἀπόντων
2980 2868 3088 2921 τῶν
3106 2866 3470 2938 βοηθούντων,

1901 2959 1976 3023 ὡς
2010 2961 2291 3032 παρόντων
2348 2961 2464 3032 μὲν,
2521 2961 2622 3014 οὐκ
2653 2960 2942 3015 ἐθελόντων
2976 2961 3031 3014 δέ
3066 2959 3252 3032 ὀρέξαι
3285 2960 3464 3030 χεῖρα,

1901 3050 2189 3106 δάκνεσθαι
2220 3052 2542 3122 πεφύκαμεν
2568 3054 2624 3106 ἐν
2653 3055 2772 3116 ταῖς
2803 3054 3107 3123 συμφοραῖς
3131 3067 3146 3082 ’
3193 3052 3330 3121 ὅπερ
3374 3045 3474 3101 οὖν

1903 3147 2151 3208 κάκεῖνος
2196 3146 2317 3198 τότε
2373 3143 2628 3215 ἔπασχεν.
2665 3144 2852 3209 Οὐδεὶς
2890 3144 3000 3216 γὰρ
3039 3140 3128 3215 ἦν,
3155 3143 3253 3213 οὐχ
3275 3143 3303 3196 6
3326 3140 3470 3211 λόγῳ

1904 3235 2257 3308 παρακαλῶν,
2284 3236 2378 3306 οὐχ
2408 3237 2436 3289 6
2465 3235 2607 3306 ἔργῳ
2651 3235 3163 3307 παραμυθούμενος,
3202 3233 3260 3287 οὺ
3296 3231 3476 3302 φίλος,

1903 3331 1964 3383 ού
1990 3329 2203 3398 γείτων,
2237 3329 2297 3382 οὐ
2329 3329 2611 3400 συγγενὴς,
2639 3329 2699 3382 ού
2728 3328 2837 3382 τῶν
2870 3327 3118 3398 ὁρώντων
3140 3327 3332 3392 οὐδεὶς,
3361 3325 3471 3380 πά·

1907 3437 2007 3493 σης
2038 3418 2138 3490 τῆς
2168 3418 2263 3474 τοῦ
2297 3419 2547 3473 πλουσίου
2577 3417 2976 3490 διεφθαρμένης
3004 3418 3200 3483 οἰκίας.

1978 3559 2158 3617 ι’.Ἔτι
2183 3564 2318 3635 πρὸς
2337 3563 2547 3628 τούτοις
2567 3563 2763 3635 ἐτέραν
2779 3562 2926 3634 αὐτῷ
2946 3561 3264 3634 προσθήκην
3281 3561 3476 3632 ὀδύνης

1905 3657 2135 3710 ἐνεποίει
2156 3658 2218 3710 τδ
2241 3658 2334 3711 καὶ
2363 3656 2546 3730 ἕτερον
2563 3657 2943 3728 εύπραγοῦντα
2965 3659 3096 3729 όρᾷν
3114 3673 3128 3688 ⁸
3161 3658 3260 3710 οὐκ
3285 3656 3472 3727 ἐπειδὴ

1908 3749 2172 3820 βάσκανος
2211 3746 2279 3822 ἦν
2326 3751 2421 3803 καὶ
2453 3749 2706 3821 πονηρὸς,
2759 3749 2876 3802 ἀλλ’
2921 3748 3108 3820 ἐπειδὴ
3149 3747 3480 3820 πεφύκαμεν

1907 3844 2140 3905 ἅπαντες
2171 3842 2230 3895 ἐν
2249 3843 2369 3905 ταῖς
2392 3841 2596 3911 ἐτέρων
2620 3841 2939 3913 εὐημερίαις
2965 3840 3350 3912 ἀκριϐέστερον
3374 3840 3482 3902 13.;

1905 3935 2111 3999 οίκείας
2132 3935 2566 4007 καταμανθάνειν
2597 3936 2903 4008 συμφοράς.
2946 3935 3067 3988 Ἐπὶ
3098 3935 3155 3988 δέ
3188 3933 3281 3989 τοῦ
3313 3934 3484 3986 πλους

1910 4028 2023 4081 σίου
2074 4027 2382 4098 καὶμεῖζον
2416 4029 2622 4099 προσῆν
2658 4027 2806 4099 αὐτῷ
2847 4028 3032 4097 ἓτερον
3065 4027 3125 4080 τὸ
3178 4026 3486 4097 δυνάμενον)

1908 4121 2068 4175 αὐτὸν
2088 4120 2290 4176 δακεῖν.
2317 4121 2391 4175 Ού
2416 4122 2524 4193 γὰρ
2555 4121 2618 4192 δὴ
2661 4121 2818 4191 μόνον
2857 4122 2977 4184 ταῖς
3017 4120 3334 4191 εὐημερίαις
3355 4123 3478 4182 ταῖῖ

1910 4213 2117 4267 ἐκείνου
2151 4214 2456 4286 συγκρίνων
2485 4214 2581 4286 τὴν
2621 4210 2815 4267 ἐαυτοῦ
2842 4211 3183 4284 δυσπραγίαν
3203 4252 3216 4274 ,
3256 4212 3479 4283 μείζονα

1908 4309 2008 4379 τὴν
2045 4305 2292 4378 αἴσθησιν
2315 4306 2583 4378 ἐλάμϐανε
2614 4307 2720 4361 τῶν
2749 4306 2966 4359 οίκείων
2990 4304 3194 4365 κακῶν,
3226 4304 3361 4357 ἀλλά
3385 4302 3482 4359 καὶ

1909 4401 2274 4473 λογιζόμενος,
2321 4402 2401 4455 ὅτι
2429 4403 2457 4454 6
2491 4402 2588 4472 μέν
2618 4403 2734 4471 μετ’
2757 4401 3038 4472 ὠμότητος
3067 4403 3159 4454 καὶ
3191 4398 3482 4469 ἀπανθρως

1912 4495 2041 4558 πίας
2069 4493 2198 4558 ξῶν,
2226 4495 2284 4548 ἐν
2312 4494 2514 4549 ἅπασιν
2538 4493 2832 4557 εύοδοῢται,
2856 4487 3010 4558 οὗτος
3032 4493 3088 4547 δέ
3121 4492 3259 4564 μετά
3278 4491 3478 4562 ἀρετῆς

1911 4584 2005 4640 καὶ
2038 4583 2334 4649 ἐπιεικείας
2366 4583 2435 4638 τά
2479 4584 2682 4655 ἔσχατα
2740 4587 2938 4654 πάσχει
2977 4583 3158 4636 δεινά·
3191 4581 3284 4636 καὶ
3328 4579 3486 4633 ἐνθεν

1912 4670 2339 4743 ἀπαραμύθητον
2371 4673 2468 4744 τήν
2514 4672 2746 4745 ἀθυμίαν
2777 4673 2934 4727 πάλιν
2962 4673 3248 4745 ὑπέμενεν.
3279 4671 3340 4724 El
3371 4669 3481 4741 γάρ

1911 4763 2117 4828 δίκαιος
2142 4761 2230 4836 ἦν,
2256 4767 2304 4819 εί
2329 4766 2437 4837 γάρ
2453 4767 2720 4839 ἐπιεικὴς,
2745 4769 2792 4821 εί
2817 4767 2924 4840 γάρ
2948 4766 3255 4838 θαυμαστὸς
3271 4764 3299 4816 6
3319 4764 3480 4835 ἀνὴρ,

1915 4859 1963 4910 εἰ
1992 4856 2098 4927 γὰρ
2129 4857 2306 4928 πάσης
2336 4859 2522 4930 γέμων
2553 4860 2772 4930 ἀρετῆς,
2801 4859 2898 4913 οὐκ
2929 4860 2993 4913 ἂν
3025 4858 3186 4911 αὑτὸν
3216 4855 3476 4926 ἐλύπησε·

1914 4952 2030 5006 νυνὶ
2057 4951 2114 5005 δὲ
2142 4953 2238 5006 καὶ
2271 4952 2503 5024 πονηρίᾳ
2531 4951 2726 5016 συζῶν,
2760 4954 2854 5004 καὶ
2874 4949 3012 5021 πρὸς
3031 4949 3256 5020 ἔσχατον
3283 4946 3480 5016 κακίας

1914 5044 2220 5117 ἐληλακὼς,
2254 5046 2348 5100 καὶ
2371 5045 2642 5111 τοσαύτην
2683 5041 3077 5115 ἀπανθρωπίαν
3104 5039 3481 5111 ἐπιδεικνύμε‹

1913 5155 2022 5203 νος,
2051 5139 2146 5193 καὶ
2171 5137 2241 5190 τά
2263 5136 2370 5190 τῶν
2393 5135 2602 5207 ἐχθρῶν
2625 5133 2804 5188 αὐτῶν
2837 5132 3152 5199 ⁶διατιθεὶς,
3176 5133 3268 5186 καὶ
3290 5130 3480 5204 ὥσπερ

1913 5230 2058 5284 λίθον
2089 5230 2251 5284 αὐτὸν
2301 5229 2658 5300 παρατρέχων
2695 5225 3061 5298 ἀναισχύντως
3089 5225 3185 5279 καὶ
3229 5223 3476 5290 ἀνιλέως,

1913 5323 2009 5378 καὶ
2037 5322 2176 5393 μετά
2195 5323 2366 5376 ταῦτα
2393 5321 2570 5375 πάντα
2589 5319 2856 5391 τοσαύτης
2881 5317 3171 5373 ἀπολαύων
3193 5317 3474 5391 εὐπορίας⁸

1982 5610 2004 5676 ξ
2033 5605 2364 5676 élii__et_Savﬂ.
2383 5605 2435 5653 in
2459 5616 2611 5676 marg.
2635 5602 2715 5676 κᾳὶ
2732 5603 2813 5650 τὸν
2835 5602 2970 5676 λιμὸίν
2991 5601 3176 5676 καὶ-τὴν
3195 5599 3478 5676 ἀρρωστίαν.

1962 5668 2008 5746 ’ὃ
2029 5669 2178 5718 Savil.
2203 5670 2255 5718 in
2279 5681 2430 5729 marg.
2456 5669 2517 5715 τὰ
2539 5665 2882 5726 συμπίπτοντα.
2906 5666 3093 5727 aliquot
3109 5665 3240 5715 'mss;
3260 5665 3326 5713 τὰ.
3361 5675 3480 5723 συμ-

1919 5733 2168 5843 Gorgia].
2192 5793 2242 5841 in
2266 5796 2405 5839 textu
2428 5795 2479 5840 el
2497 5790 2690 5849 quidam
2711 5791 2792 5838 alii
2811 5789 2966 5839 αὐτόνι
