3906 6232
438 331 542 384 977

438 447 688 517 ἐννόησον
730 445 851 509 πῶς
881 446 1026 508 εἰκὸς
1076 442 1164 516 ῆν,
1195 444 1384 516 ὥσπερ
1426 450 1749 516 ἐπαλλήλοις
1793 445 2004 514 κύμασι

441 535 722 606 βαπτίζειν
742 536 903 589 αὑτὸν
928 535 1020 588 τοῦ
1045 535 1274 605 πένητος
1289 536 1385 607 τὴν
1410 537 1612 607 ψυχήν·
1643 533 1894 605 ἐννόησον
1917 531 2006 585 τὸν

439 624 708 694 Λάζαρον,
756 621 868 676 οἷον
922 623 1070 687 είκδς
1101 618 1168 694 ἦν
1195 619 1355 689 εἶναι,
1405 623 1614 695 ὁρῶντα
1653 620 2006 694 παρασίτους,

441 711 701 776 κόλακας,
723 713 938 776 οίκέτας
953 712 1362 775 ἀναϐαίνοντας,
1386 710 1831 774 καταϐαίνοντας,
1849 695 2011 772 ὲξιόνί

437 817 558 865 τας,
592 802 878 867 εἰσιόντας,
907 801 1359 874 κατατρέχοντας,
1383 800 1759 871 θορυϐοῦντας,
1785 798 2012 870 μεθύον-

440 905 558 953 τας,
595 888 899 961 πηδῶντας,
948 892 1045 944 καὶ
1081 893 1259 943 πᾶσαν
1282 889 1448 959 ἀλλην
1486 888 1775 956 ἀσέλγειαν
1811 885 2012 939 ἐπιδει-

441 979 761 1048 κνυμένους.
817 980 1028 1052 Ὠσπερ
1077 979 1186 1051 γὰρ
1215 980 1283 1032 δι’
1320 977 1451 1031 αὑτὸ
1496 976 1652 1030 τοῦτο
1684 974 1872 1040 ἐλθὼν,
1922 975 2012 1027 ἴνα

445 1066 655 1137 μάρτυς
753 1066 862 1120 τῶν
883 1066 1176 1138 ἀλλοτρίων
1207 1064 1444 1134 ἀγαθῶν,
1479 1062 1653 1126 οὑτως
1684 1063 1765 1126 είς
1794 1061 1886 1114 τὸν
1911 1077 2012 1113 πυ-

442 1154 586 1208 λῶνα
635 1155 891 1225 ἔρριπτο,
919 1155 1172 1208 τοσοῦτον
1212 1152 1338 1218 ζῶν,
1373 1153 1495 1206 ὅσον
1524 1149 1871 1205 αἰσθάνεσθαι
1899 1143 2010 1217 εἶχε

442 1243 550 1298 τῶν
573 1243 789 1297 οίκείων
819 1242 1000 1295 κακῶν
1028 1242 1207 1312 μόνον,
1225 1241 1283 1294 ἐν
1311 1239 1489 1310 λιμένι
1519 1237 1773 1306 ναυάγιον
1805 1234 2012 1306 ὑπομέ-

441 1348 569 1394 νων,
605 1331 834 1402 πλησίον
869 1331 1051 1401 πηγῆς
1077 1329 1204 1401 δίψῃ
1229 1327 1588 1400 χαλεπωτάτῃ
1614 1325 1710 1398 τὴν
1726 1324 1902 1396 ψυχὴν
1923 1323 2014 1392 ἀγ-

444 1419 695 1490 χὸμενος.

471 1507 476 1517 ’
513 1507 666 1560 Εῖπω
696 1523 749 1560 τι
775 1507 870 1559 καὶ⁵
899 1506 1086 1575 ἕτερον
1110 1504 1244 1576 πρὸς
1271 1501 1480 1565 τούτοις
1509 1500 1706 1566 κακόν;
1733 1500 1846 1554 Οὑκ
1869 1495 2014 1568 εἶχεν

444 1594 524 1656 είς
551 1593 738 1663 ἕτερον
759 1590 909 1666 [ἹῖΞ]
942 1590 1192 1662 Λάζαρον
1220 1591 1366 1645 ίδεῖν.
1413 1591 1602 1660 Ἡμεῖς
1635 1589 1732 1660 μὲν
1769 1587 1877 1657 γὰρ
1910 1586 2014 1640 κᾶν

448 1681 615 1752 μυρία
637 1681 896 1752 πάθωμεν
915 1684 1079 1745 κακά,
1108 1679 1222 1732 ἀλλ’
1239 1679 1435 1750 ἔχομεν
1463 1681 1542 1742 είς
1562 1680 1767 1730 ἐκεῖνον
1797 1676 2013 1740 ίδόντες,

448 1769 641 1838 ἱκανὴν
667 1769 918 1838 δέχεσθαι
965 1767 1330 1840 παράκλησιν,
1374 1767 1466 1821 καὶ
1492 1765 1691 1836 πολλῆς
1716 1763 2016 1818 ἀπολαῦσαι

444 1857 544 1926 τῆς
576 1857 951 1928 παραμυθίας.
1003 1857 1076 1910 Τὸ
1123 1856 1233 1929 γὰρ
1269 1855 1557 1918 κοινωνοὺς
1603 1853 1878 1925 εὑρίσκειν
1909 1851 2016 1906 τῶν

445 1945 660 1998 οἰκείων
683 1945 868 1999 κακῶν
899 1946 931 2016 ἢ
952 1947 1008 1998 ἐν
1027 1946 1363 2016 πράγμασιν,
1395 1944 1427 2013 ἢ
1450 1945 1506 1997 ἐν
1539 1945 1862 2015 διηγήμασι,
1890 1941 2018 1997 πολ-

445 2033 542 2104 λὴν
573 2033 727 2104 φέρει
754 2037 865 2096 τοῖς
897 2033 1254 2103 ὀδυνωμένοις
1283 2031 1646 2104 παράκλησιν.
1701 2031 1934 2093 Ἐκεῖνος
1960 2029 2015 2081 δέ

443 2120 634 2173 οὐδένα
663 2121 845 2190 ἕτερον
882 2116 1025 2189 εἶχεν
1058 2120 1185 2173 ἰδεῖν
1214 2119 1306 2173 τὸν
1338 2120 1407 2172 τὰ
1455 2119 1594 2173 αύτά
1635 2118 1783 2189 αὑτῷ
1823 2135 2019 2170 πεπον-

445 2208 603 2261 θότα·
631 2209 831 2279 μᾶλλον
853 2208 909 2261 δὲ
931 2208 1038 2262 οὐδ’
1067 2205 1295 2261 ἀκοῦσαί
1321 2224 1465 2270 τινος
1484 2207 1576 2260 ἐπὶ
1597 2206 1705 2259 τῶν
1738 2204 2016 2276 προγόνων

443 2297 556 2350 τῶν
583 2295 777 2349 ἐαυτοῦ
798 2296 1034 2350 τοσαῦτα
1065 2296 1476 2366 ὑπομείναντος.
1526 2293 1732 2348 Ἱκανὸν
1777 2294 1834 2347 δὲ
1861 2291 2018 2348 τοῦτο

446 2385 714 2440 σκοτῶσαι
729 2385 926 2457 ψυχήν.
947 2387 1100 2439 Ἐστι
1119 2385 1213 2440 καὶ
1233 2385 1418 2457 ἕτερον
1435 2385 1572 2457 πρὸς
1593 2385 1800 2449 τούτοις
1823 2385 2014 2448 είπεῖν,

444 2473 527 2526 ὃτι
552 2473 704 2526 οὐδέν
740 2489 794 2526 τι
836 2474 964 2545 περὶ
1008 2472 1359 2536 ἀναστάσεως
1406 2472 1716 2541 φιλοσοφεῖν
1765 2472 2012 2542 ἠδύνατο,

443 2561 580 2617 ἀλλά
613 2562 774 2632 μέχρι
801 2561 894 2614 τοῦ
938 2561 1204 2633 παρόντος
1256 2560 1370 2632 βίου
1407 2561 1476 2615 τά
1516 2561 1761 2632 παρόντα
1801 2558 2016 2632 ἐνόμιζε

447 2651 862 2720 συγκεκλεῖσθαι
892 2652 1221 2724 πράγματα·
1257 2651 1366 2704 τῶν
1395 2649 1502 2722 γάρ
1528 2650 1634 2722 πρὸ
1656 2648 1758 2719 τῆς
1795 2649 2016 2721 χάριτος

444 2736 533 2814 ἦν.
568 2743 630 2795 Εί
653 2741 713 2796 δὲ
742 2740 836 2794 νύν
860 2742 944 2810 ἐφ’
972 2739 1132 2810 ἡμῶν
1182 2737 1321 2811 μετά
1367 2736 1634 2808 τοσαύτην
1668 2734 2012 2804 θεογνωσίαν,

445 2833 542 2886 καὶ
569 2831 666 2894 τὰς
697 2829 940 2902 χρηστὰς
983 2830 1087 2899 τῆς
1122 2826 1472 2892 ἀναστάσεως
1507 2825 1729 2886 ἐλπίδας
1749 2865 1764 2892 ,
1797 2824 1893 2879 καὶ
1918 2824 2017 2886 τὰς

447 2922 706 2992 κειμένας
744 2923 860 2984 τοῖς
907 2919 1282 2991 ἁμαρτάνουσι
1319 2917 1584 2988 τιμωρίας
1615 2915 1761 2980 ἐκεῖ,
1802 2913 1897 2968 καὶ
1944 2913 2016 2966 τὰ

444 3009 826 3081 ἡτοιμασμένα
850 3010 964 3070 τοῖς
989 3005 1342 3077 κατορθοῦσιν
1367 3001 1724 3074 ἀγαθά,οὑτω
1758 3000 2017 3073 μικροψύ-

446 3115 558 3168 χως
589 3099 732 3160 τινὲς
756 3098 850 3149 καὶ
871 3094 1230 3165 ταλαιπώρως
1259 3094 1590 3157 διάκεινται,
1625 3092 1701 3155 ὡς
1736 3089 1869 3162 μηδέ
1892 3089 2016 3142 ταύ-

445 3203 566 3250 ταις
590 3184 934 3256 διορθοῦσθαι
961 3187 1078 3246 ταῖς
1115 3183 1489 3254 προσδοκίαις·
1526 3182 1580 3234 τί
1609 3182 1835 3251 πάσχειν
1869 3179 2016 3244 εἰκὸς

445 3271 516 3345 ἦν
548 3277 754 3328 ἐκεῖνον
783 3275 877 3327 καὶ
907 3273 1112 3344 ταύτης
1133 3271 1576 3341 ἀπεστερημένον
1601 3269 1698 3339 τῆς
1731 3267 2013 3340 ἀγκύρας;

441 3355 696 3426 ”Εκεῖνος
729 3363 838 3433 γὰρ
864 3360 1015 3413 οὐδὲν
1052 3359 1260 3413 οὐδέπω
1281 3358 1520 3412 τοιοῦτον
1553 3357 1862 3427 φιλοσοφεῖν
1887 3356 2016 3428 ἡδύ-

449 3469 576 3505 νατο
600 3450 688 3504 διὰ
717 3451 778 3503 τὸ
819 3448 1043 3520 μηδέπω
1083 3448 1172 3501 τὸν
1195 3447 1384 3519 καιρὸν
1413 3447 1619 3500 τούτων
1647 3445 1872 3516 ἀφῖχθαι
1905 3445 2014 3498 τῶν

446 3540 810 3610 διδαγμάτων.
834 3528 943 3590 Ἦν
965 3553 1018 3590 τι
1033 3537 1127 3590 καὶ
1152 3537 1287 3608 πρὸς
1306 3536 1517 3600 τούτοις
1532 3536 1678 3602 ἄλλο,
1705 3536 1768 3588 τὸ
1796 3537 1890 3589 καὶ
1915 3535 2014 3606 τὴν

448 3628 606 3693 δόξαν
645 3625 810 3680 αὑτοῦ
851 3624 1234 3696 διαϐεϐλῆσθαι
1269 3624 1421 3696 παρά
1461 3628 1576 3689 τοῖς
1603 3625 1862 3697 ἀνοήτοις
1906 3624 2014 3678 τῶν

447 3719 546 3775 ἀνθ
553 3718 771 3791 ρώπων.

521 3811 631 3863 Καὶ
664 3807 773 3880 γὰρ
810 3806 1064 3860 εἰώθασιν
1087 3805 1138 3859 οἱ
1181 3805 1389 3870 πολλοὶ,
1429 3803 1646 3859 ἐπειδάν
1681 3804 1830 3859 ῐδωσί
1862 3821 2015 3868 τινας

447 3901 508 3952 ἐν
525 3897 669 3970 λιμῷ
699 3899 793 3952 καὶ
818 3898 956 3968 νόσῳ
966 3895 1205 3967 διηνεκεῖ
1230 3896 1447 3958 καὶτοῖς
1469 3895 1718 3963 ἐσχάτοις
1744 3893 1901 3957 ὄντας
1922 3909 2015 3947 κα-

448 3990 588 4053 κοῖς,
618 3986 751 4056 μηδέ
785 3985 1027 4056 χρηστὴν
1049 3984 1178 4055 περὶ
1192 3982 1370 4036 αὑτῶν
1395 3981 1549 4046 δόξαν
1575 3981 1740 4052 ἔχειν,
1769 3982 1883 4035 ἀλλ’
1906 3982 2015 4035 ἀπὸ

447 4079 547 4147 τῆς
577 4076 861 4145 συμφορᾶς
887 4072 957 4125 τά
980 4071 1123 4125 κατά
1151 4071 1242 4124 τὸν
1275 4070 1387 4140 βίον
1417 4070 1642 4140 κρίνειν,
1677 4071 1771 4124 καὶ
1801 4069 1891 4123 διὰ
1920 4087 2015 4122 πο·

448 4164 643 4235 νηρίαν
673 4159 914 4232 νομίζειν
929 4159 1146 4222 πάντως
1164 4159 1358 4220 αὑτοὺς
1377 4156 1518 4210 οὕτω
1532 4157 2009 4228 ταλαιπωρεῖσθαι·

451 4256 546 4308 καὶ
581 4250 751 4304 πολλά
796 4249 928 4303 ἀλλα
978 4247 1200 4301 τοιαῦτα
1251 4247 1387 4318 πρὸς
1436 4246 1698 4317 ἀλλήλους
1744 4244 2011 4314 λέγουσιν,

449 4342 690 4412 ἀνοήτως
709 4339 829 4411 μὲν,
858 4337 1075 4407 λέγουσι
1095 4335 1150 4388 δὲ
1171 4336 1339 4406 ὅμως·
1378 4335 1460 4387 ὅτι
1486 4329 1660 4399 οὗτος,
1682 4336 1732 4388 εί
1771 4334 1850 4407 τῷ
1896 4334 2013 4405 Θεῷ

451 4429 602 4499 φίλος
620 4424 708 4500 ἦν,
731 4427 831 4481 οὑκ
852 4427 916 4480 ἂν
949 4426 1128 4478 εἴασεν
1151 4423 1312 4477 αὑτὸν
1329 4425 1385 4476 ἐν
1403 4421 1579 4494 πενίᾳ,
1598 4423 1820 4487 καὶτοῖς
1835 4421 2012 4488 ἄλλοις

449 4523 640 4584 κακοῖς
686 4531 714 4560 ι
741 4514 1223 4588 ταλαιπωρεῖσθαι.
1263 4511 1418 4566 Οὕτω
1455 4511 1586 4582 γοῦν
1631 4513 1724 4567 καὶ
1769 4513 1862 4568 ἐπὶ
1919 4513 2010 4567 τοῦ

463 4607 605 4671 Ἰὼϐ,
635 4607 729 4661 καὶ
756 4607 850 4658 ἐπὶ
877 4603 968 4658 τοῦ
1013 4601 1225 4656 Παύλου
1274 4601 1493 4672 συνέϐη.
1531 4601 1638 4654 Kal
1682 4601 1790 4672 γὰρ
1821 4601 2013 4674 ἐκείνῳ

451 4698 656 4767 ἔλεγον,
705 4694 801 4761 Μὴ
861 4690 1158 4757 πολλάκις
1213 4705 1312 4743 σοι
1346 4688 1675 4758 λελάληται
1723 4690 1793 4744 ἐν
1827 4691 2008 4759 κόπῳ,

451 4787 635 4858 ίσχὺν
668 4785 735 4838 δὲ
767 4782 1047 4853 ῥημάτων
1075 4797 1191 4835 σου
1230 4779 1323 4846 τίς
1359 4782 1634 4844 ὺποίσει;
1683 4783 1753 4835 El
1783 4782 1892 4851 γὰρ
1930 4783 2011 4837 σὺ

449 4876 852 4944 ὲνουθέτησας
877 4869 1164 4936 πολλοὺς,
1197 4868 1295 4923 καὶ
1327 4867 1526 4938 χεῖρας
1561 4868 1837 4936 ἀσθενεῖς
1873 4884 2013 4939 παρ-

451 4966 768 5032 εκάλεσας,
794 4960 1201 5025 ἀσθενοῦντας
1231 4957 1298 5012 δὲ
1323 4958 1739 5032 ἐξανέστησας
1756 4957 2008 5029 ῥήμασι,

451 5057 664 5125 γόνασι
678 5052 745 5107 δὲ
760 5048 1123 5106 ἀδυνατοῦσι
1140 5044 1492 5114 περιέθηκας
1514 5045 1755 5114 θάρσος·
1789 5047 1925 5100 νυνί
1945 5047 2012 5100 δὲ

452 5145 584 5213 ἣκει
609 5141 706 5196 ἐπὶ
729 5140 803 5195 σὲ
815 5139 1019 5203 πόνος,
1031 5135 1112 5191 σὺ
1123 5135 1191 5188 δὲ
1201 5133 1603 5200 ἐσπούδακας.
1619 5134 1878 5204 Πότερον
1896 5135 2010 5206 οὐχ

450 5237 484 5287 ό
511 5231 692 5301 φόϐος
719 5227 833 5281 σού
855 5225 1025 5279 ἐστιν
1038 5223 1107 5278 ἐν
1127 5222 1438 5292 ἀφροσύνῃ
1453 5237 1472 5285 ;
1489 5223 1554 5274 Ὃ
1574 5220 1631 5274 δέ
1659 5221 1826 5291 λέγει,
1845 5223 2009 5276 τοιούο

450 5320 543 5374 τόν
576 5320 741 5371 ἐστιν·
776 5313 903 5367 Εῐτί
921 5330 1023 5372 σοι,
1053 5311 1237 5382 φησὶν,
1268 5309 1469 5379 ἀγαθὸν
1499 5305 1568 5381 ἦν
1601 5313 2005 5383 πεπραγμένον,

450 5409 553 5463 οὑκ
569 5405 631 5459 ἂν
661 5403 829 5457 ταῦτα
845 5399 1044 5463 ἔπαθες
1064 5399 1206 5468 άπερ
1223 5397 1443 5461 ἔπαθες·
1469 5397 1582 5452 ἀλλ’
1599 5399 1816 5470 ἀμαρτη
1827 5398 2008 5470 μάτων

449 5497 613 5556 τίνεις
635 5491 789 5552 δίκας
820 5489 914 5542 καὶ
931 5486 1294 5558 παρανομίας.
1311 5486 1419 5540 Καὶ
1449 5485 1608 5540 τοῦτο
1629 5483 1697 5558 ἦν
1720 5486 1748 5539 ὃ
1777 5487 2008 5558 μάλιστα

452 5585 641 5640 ιδακνε
676 5578 768 5632 τδν
803 5575 1070 5647 μακάριον
1105 5573 1247 5628 Ἰώϐ.
1288 5573 1398 5627 Kal
1429 5575 1556 5645 περὶ
1574 5575 1668 5628 τοῦ
1708 5575 1922 5630 Παύλου
1952 5577 2007 5631 δὲ

512 5752 533 5781 ⁸
553 5750 652 5806 Alii
672 5753 753 5803 καὶ
773 5749 1015 5805 τοσούτοις
1030 5748 1205 5806 κακοῖς.

1144 315 1203 372 S.
1239 316 1520 376 ,ιυΑΜιΙε
1554 323 2046 380 CHRYSOSTOMI
2085 331 2403 394 ARCHII'ZP.
2437 338 2986 396 CONSTAN'I'INOP.

3565 333 3679 390 978

2106 443 2154 495 οί
2177 443 2440 517 βάρϐαροι
2468 447 2627 502 τοῦτο
2659 448 2864 518 ἔλεγον·
2892 450 3080 523 ἐπειδὴ
3119 450 3227 522 γὰρ
3254 447 3392 506 εἶδον
3427 449 3528 522 τὴν
3557 452 3677 520 ἔχιν

2107 532 2526 606 ἐκκρεμαμένην
2550 537 2715 590 αὑτοῦ
2748 539 2848 610 τῆς
2868 540 3068 612 χειρὸς,
3093 541 3243 594 οὑδέν
3275 540 3510 611 χρηστὸν
3545 541 3681 610 περὶ

2105 619 2268 672 αὑτοῦ
2291 622 2594 694 ὑπενόησαν
2625 626 2672 691 δ,
2703 626 2841 680 ἀλλά
2867 627 2976 680 τῶν
2999 629 3065 681 τά
3096 628 3299 699 ἔσχατα
3329 626 3474 681 κακὰ
3495 627 3682 680 τετολ-

2061 737 2076 750 ι
2110 708 2362 777 μηκότων
2386 711 2548 764 αὑτὸν
2572 709 2708 766 εἶναι
2737 715 3004 786 ἐνόμιζον·
3048 717 3144 768 καὶ
3169 715 3325 784 δῆλον
3357 715 3418 780 ἐξ
3443 701 3521 769 ὧν
3563 715 3684 768 ἐλε-

2107 811 2221 862 γον.
2253 795 2475 850 Τοῦτον
2496 799 2626 869 γὰρ,
2652 802 2834 869 φασιν,
2857 803 2924 855 ἐκ
2939 801 3049 870 τῆς
3074 802 3385 869 θαλάσσης
3404 802 3682 857 σωθέντα

2110 885 2148 951 ἠ
2181 884 2316 953 δίκη
2345 883 2452 954 ζῆν
2480 890 2591 942 οὐκ
2619 890 2850 944 εἴασεν.
2887 891 2997 962 Οὑχ
3026 892 3101 955 ὡς
3118 892 3273 962 ἔτυχε
3303 891 3360 944 δέ
3393 893 3489 945 καὶ
3516 892 3681 944 τοῦτο

2107 975 2255 1043 ἡμᾶς
2284 974 2440 1027 είωθε
2468 975 2735 1047 θορυϐεῖν.
2756 979 2894 1031 Ἀλλ’
2920 981 3069 1050 ὅμως
3093 979 3364 1032 τοσούτων
3385 980 3557 1032 ὄντων
3572 980 3682 1032 τῶν

2110 1062 2388 1130 κυμάτων,
2420 1063 2515 1116 καὶ
2539 1064 2857 1136 ἐπαλλήλων
2901 1067 3227 1137 φερομένων.
3277 1067 3336 1120 «εὑ
3358 1065 3680 1119 κατεποντί-

2112 1147 2213 1218 σθη
2245 1149 2306 1202 τὸ
2345 1150 2572 1220 σκάφος·
2611 1151 2727 1206 ἀλλ’
2756 1153 2831 1216 ὡς
2865 1155 2922 1206 ἐν
2952 1154 3167 1224 καμίνῳ
3207 1153 3478 1225 κείμενος,
3505 1153 3679 1206 καθά-

2111 1252 2218 1305 περ
2261 1233 2452 1307 δρόσου
2505 1239 2784 1310 διηνεκοῦς
2837 1240 3156 1308 ἀπολαύων,
3209 1242 3379 1307 οὑτως
3433 1239 3682 1311 ἐφιλοσό-

2113 1340 2221 1393 φει.

2185 1416 2354 1468 ια’.οὑ
2373 1416 2479 1486 γὰρ
2494 1413 2614 1469 εἶπε
2633 1418 2768 1488 πρὸς
2785 1417 2976 1473 ἐαυτὸν
2990 1419 3139 1474 οὑδέν
3154 1417 3412 1485 τοιοῦτον,
3429 1413 3542 1472 οἷον
3561 1415 3684 1470 πολ-

2113 1503 2234 1566 λοὺς
2265 1503 2441 1571 λέγειν
2460 1505 2625 1570 είκὸς,
2650 1507 2731 1558 ὅτι
2759 1499 2912 1570 οὗτος
2939 1510 2966 1561 ό
2993 1506 3266 1574 πλούσιος,
3296 1506 3363 1561 ἂν
3400 1505 3502 1578 μὲν
3515 1504 3684 1559 ἀττελ⁴

2116 1590 2222 1644 θὼν
2238 1593 2354 1644 ἐκεῖ
2369 1592 2501 1645 κολα
2511 1593 2605 1662 σθῇ
2625 1595 2718 1646 καὶ
2732 1594 2805 1664 δῷ
2821 1595 3113 1666 τιμωρίαν,
3131 1593 3188 1647 ἐν
3205 1594 3262 1648 ἓν
3276 1595 3518 1662 γέγονεν·
3545 1593 3614 1646 ἂν
3629 1592 3684 1645 δὲ

2116 1681 2275 1734 κάκεῖ
2299 1679 2407 1734 τῶν
2429 1681 2609 1734 αὑτῶν
2637 1681 2920 1756 ἀπολαύσῃ
2938 1683 3132 1753 τιμῶν,
3165 1681 3314 1754 [725]
3340 1683 3436 1736 δύο
3459 1681 3684 1752 γέγονεν

2114 1770 2283 1824 οὐδέν.
2321 1772 2390 1823 Ἣ
2413 1771 2472 1824 ού
2493 1771 2666 1826 ταῦτα
2689 1775 3012 1845 περιφέρετε
3035 1775 3092 1827 ἐν
3117 1776 3234 1836 ταῖς
3260 1774 3488 1844 ἀγοραῖς
3524 1772 3686 1842 ὑμεῖς

2116 1862 2162 1912 οἱ
2190 1859 2394 1922 πολλοὶ,
2412 1861 2481 1914 τά
2509 1862 2616 1914 ἀπὸ
2631 1862 2730 1931 τῆς
2760 1863 3120 1935 ἱπποδρομίας
3160 1863 3255 1916 καὶ
3284 1861 3391 1914 τῶν
3422 1861 3530 1928 ἐξω
3558 1859 3684 1914 θεό-

2115 1966 2257 2018 τρων
2290 1949 2369 2011 είς
2395 1949 2493 2020 τὴν
2515 1949 2807 2019 ἐκκλησίαν
2845 1951 3180 2019 είσάγοντες;
3220 1948 3554 2019 Αίσχύνομαι
3584 1945 3686 2016 μὲν

2115 2035 2206 2092 οὖν
2226 2039 2306 2102 είς
2335 2039 2498 2110 μέσον
2512 2040 2681 2093 ταῦτα
2703 2039 2975 2111 προτιθεὶς
2989 2041 3057 2094 τὰ
3081 2042 3299 2112 ῥήματα
3313 2040 3403 2092 καὶ
3418 2036 3683 2108 ἐρυθριῶ·

2118 2126 2254 2198 πλὴν
2271 2127 2383 2179 ἀλλ’
2395 2127 2607 2198 ἀνάγκη
2623 2128 2793 2182 ταῦτα
2809 2129 2980 2180 εἰπεῖν
2994 2168 3007 2191 ,
3028 2127 3114 2180 ἵνα
3143 2128 3298 2196 ὑμεῖς
3330 2123 3684 2192 ἀπαλλαγῆτε

2115 2213 2208 2267 τοῦ
2231 2215 2467 2270 ἀτάκτου
2484 2215 2716 2284 γέλωτος
2731 2215 2823 2268 καὶ
2837 2216 2938 2284 τῆς
2967 2213 3225 2285 αίσχύνης
3245 2213 3456 2282 καὶτῆς
3478 2209 3683 2283 βλάϐης

2115 2302 2214 2372 τῆς
2243 2302 2351 2356 ἀπὸ
2369 2303 2476 2355 τῶν
2501 2304 2759 2374 ῥημάτων
2781 2302 3004 2357 τούτων.
3019 2301 3203 2355 Ταῦτα
3221 2301 3403 2354 πολλοὶ
3419 2300 3684 2362 πολλάκις

2114 2391 2379 2459 γελῶντες
2391 2391 2655 2460 λέγουσιν·
2686 2390 2818 2444 ἀλλά
2835 2389 3096 2445 καὶτοῦτο
3109 2389 3417 2460 διαϐολικῆς
3445 2405 3619 2442 κακου
3629 2403 3684 2458 ρ-

2114 2482 2240 2550 γίας
2266 2480 2436 2543 ἐστὶν,
2483 2483 2539 2534 ἐν
2567 2480 2715 2546 τάξει
2752 2483 3010 2554 ῥημάτων
3053 2481 3282 2535 ἀστείων
3308 2477 3681 2550 διεφθαρμένα

2113 2587 2138 2622 ε
2148 2571 2352 2639 ίσάγειν
2364 2572 2442 2634 εἰς
2454 2569 2543 2623 τὸν
2556 2570 2668 2639 βίον
2683 2573 2715 2643 ή
2726 2571 2840 2642 μῶν
2861 2568 3312 2642 δόγματα.Ταῦτα
3323 2568 3428 2641 γάρ
3441 2568 3683 2639 συνεχῶς

2114 2659 2206 2712 καὶ
2222 2661 2279 2712 ἐν
2301 2660 2700 2731 ἐργαστηρίοις,
2734 2659 2828 2714 καὶ
2859 2660 2952 2712 ἐπὶ
2977 2659 3075 2730 τῆς
3103 2658 3337 2728 ἀγορᾶς,
3363 2657 3456 2709 καὶ
3483 2658 3539 2709 ἐν
3559 2657 3683 2718 ταῖς

2113 2747 2312 2810 οίκίαις
2339 2746 2523 2800 πολλοὶ
2545 2747 2950 2819 περιφέρουσιν·
2993 2746 3129 2817 ὅπερ
3169 2743 3401 2814 ἐσχάτης
3423 2742 3683 2806 ἀπιστίας

2115 2837 2231 2889 ἐστὶ
2254 2837 2348 2890 καὶ
2395 2837 2694 2908 παρανοίας
2728 2837 2821 2890 καὶ
2839 2835 3075 2904 γέλωτος
3104 2833 3272 2898 ὅντως
3308 2833 3401 2886 καὶ
3421 2831 3682 2901 παιδικῆς
3783 2866 3786 2868 ~

2113 2923 2366 2986 διανοίας.
2413 2924 2487 2976 Τὸ
2523 2923 2620 2994 μὲν
2647 2923 2754 2992 γὰρ
2799 2923 2995 2991 λέγειν,
3019 2923 3102 2976 ὅτι
3127 2921 3222 2976 ἐὰν
3250 2919 3572 2982 ἀπελθόντες
3630 2920 3683 2972 σί

2115 3013 2341 3084 πονηροὶ
2365 3013 2688 3078 κολασθῶσι,
2735 3013 2829 3068 καὶ
2873 3011 2946 3084 μὴ
2970 3011 3172 3084 σφόδρα
3213 3009 3526 3064 πεπεικέναι
3544 3009 3683 3061 bau-

2112 3103 2259 3165 τοὺς,
2294 3102 2376 3154 ὅτι
2407 3102 2831 3171 κολασθήσονται
2871 3100 3107 3164 πάντως,
3144 3097 3514 3153 ἀπιστούντων
3555 3095 3685 3148 ἐστὶ

2115 3189 2208 3242 καὶ
2227 3189 2783 3260 διαμφισϐητούντων·
2809 3189 2870 3242 τὸ
2904 3189 2983 3251 δὲ,
3028 3189 3076 3240 εί
3101 3187 3193 3243 καί
3224 3185 3381 3240 τοῦτο
3411 3183 3679 3256 συμϐαίη,

2113 3278 2248 3350 ὅπερ
2275 3276 2368 3332 οὖν
2396 3280 2490 3332 καὶ⁸
2519 3278 2878 3350 συμϐήσεται,
2907 3277 3145 3350 νομίζειν
3182 3275 3281 3346 τῆς
3314 3276 3433 3345 ἴσης
3477 3273 3684 3337 αὑτοὺς

2112 3370 2225 3430 τοῖς
2283 3367 2510 3432 δικαίοις
2562 3367 2967 3430 ἀνταποδόσεως
3029 3363 3471 3429 ἀπολελαυκέναι,
3518 3360 3684 3416 τοῦτο

2113 3456 2347 3528 ἐσχάτης
2373 3457 2580 3522 ἀνοίας.

2204 3553 2270 3608 Τί
2312 3552 2490 3626 λέγεις
2516 3595 2532 3619 ,
2568 3556 2687 3612 είπέ
2709 3573 2828 3627 μοις
2849 3555 2946 3612 ἐὰν
2963 3554 3210 3610 ἀπελθὼν
3235 3556 3264 3610 ό
3291 3553 3542 3618 πλούσιος
3559 3554 3684 3607 ἐκεῖ

2113 3648 2421 3717 κολάζηται,
2464 3649 2520 3702 ἓν
2575 3649 2632 3702 ἓν
2675 3648 2900 3715 γέγονε;
2949 3647 3044 3700 καὶ
3087 3646 3204 3708 πῶς
3246 3644 3454 3714 ἀνέχοι
3482 3643 3680 3711 λόγους

2113 3739 2261 3793 Πόσα
2284 3738 2392 3809 γὰρ
2413 3737 2577 3792 αὑτὸν
2605 3736 2837 3792 ἐνταῦθα
2857 3735 3035 3806 βούλει
3062 3736 3231 3789 θεῖναι
3253 3731 3682 3789 ἀπολελαυκέναι

2110 3826 2221 3880 τῶν
2255 3826 2552 3897 χρημάτων
2578 3826 2703 3899 ἐτη;
2732 3825 2914 3896 βούλει
2946 3824 3128 3896 θῶμεν
3158 3822 3380 3888 ἐκατόν;
3425 3818 3564 3889 Ἐγὼ
3619 3820 3681 3874 δέ

2113 3914 2208 3967 καὶ
2228 3913 2474 3966 διακόσια
2500 3913 2716 3982 τίθημι,
2746 3912 2843 3967 καὶ
2876 3912 3163 3984 τριακόσια
3197 3911 3290 3964 καὶ
3313 3910 3393 3974 δἰς
3411 3907 3675 3973 τοσαῦτα,

2113 4001 2228 4065 καὶ,
2257 4003 2306 4054 εί
2337 4000 2536 4071 βούλει,
2587 4002 2678 4056 καὶ
2717 4000 2884 4071 χίλια,
2912 4001 3048 4072 ὅπερ
3074 3998 3351 4054 ἀδύνατον·
3368 3999 3438 4052 Al
3463 3995 3680 4066 ἡμέραι

2113 4088 2242 4158 γὰρ,
2272 4089 2424 4160 φησὶ,
2483 4087 2603 4143 τῶν
2655 4087 2807 4144 ἐτῶν
2851 4087 3037 4158 ἡμῶν,
3085 4085 3452 4158 ὁγδοήκοντα
3485 4094 3510 4123 ε
3543 4082 3676 4152 ἐτη·

2113 4179 2252 4250 πλὴν
2281 4178 2416 4232 ἀλλά
2434 4177 2632 4234 κείσθω
2646 4179 2740 4232 καὶ
2766 4176 2932 4248 χίλια.
2955 4176 3048 4247 Μὴ
3066 4176 3211 4247 ζωὴν
3237 4175 3400 4246 ἐχεις,
3421 4171 3542 4226 είπέ
3557 4188 3675 4243 μοι,

2113 4267 2343 4322 ἐνταῦθα
2363 4267 2533 4335 δεῖξαι
2556 4267 2706 4330 τέλος
2720 4255 2820 4320 οὑκ
2837 4266 3086 4337 ἔχουσαν,
3116 4263 3236 4318 οὐδὲ
3252 4262 3422 4333 πέρας
3450 4265 3678 4315 ἐπιστα-

2115 4359 2303 4431 μένην,
2335 4359 2529 4430 οἵαπερ
2551 4359 2698 4413 ἐστὶν
2727 4359 2763 4427 ὴ
2796 4357 2905 4411 τῶν
2935 4355 3159 4411 δικαίων
3187 4355 3332 4419 ἐκεῖ;
3353 4351 3421 4407 Et
3439 4369 3524 4416 τις
3556 4346 3676 4417 οὖν,

2111 4445 2232 4502 εἰπέ
2263 4465 2372 4518 μοι,
2395 4449 2454 4503 ἐν
2474 4447 2649 4500 ἐτεσιν
2667 4447 2859 4500 ἑκατὸν
2893 4444 3022 4516 μίαν
3038 4445 3206 4499 νύκτα
3233 4441 3362 4513 ὄναρ
3392 4438 3514 4494 ίδὼν
3541 4457 3679 4512 χρηο

2113 4535 2256 4601 στὸν,
2289 4536 2383 4588 καὶ
2413 4533 2610 4604 πολλῆς
2639 4533 2762 4588 καθ’
2790 4532 2988 4596 ὕπνους
3019 4529 3329 4594 ἀπολαύσας
3353 4526 3677 4601 τρυφῆς,τά

2111 4623 2303 4678 ἐκατδν
2329 4624 2420 4694 ἔτη
2445 4622 2744 4687 κολάζοιτο,
2769 4617 2877 4695 ἆρα
2895 4621 3097 4693 δυνήσῃ
3128 4620 3307 4690 λέγειν
3337 4619 3430 4672 ἐπὶ
3474 4616 3674 4688 τούτῳ,

2111 4712 2168 4768 ἓν
2198 4714 2290 4766 καὶ
2309 4711 2388 4778 ἒν,
2421 4713 2514 4766 καὶ
2547 4713 2644 4781 τὴν
2666 4709 2794 4781 μίαν
2816 4709 2985 4763 νύκτα
3011 4703 3118 4762 τῶν
3140 4707 3431 4779 ὀνειράτων
3449 4705 3676 4759 ἐκείνων

2108 4803 2221 4865 τοῖς
2241 4801 2433 4854 ἑκατὸν
2451 4799 2626 4853 ἐτεσιν
2652 4799 2976 4871 ἀντίρροπον
3023 4795 3328 4862 ποιεῖσθαι;
3372 4795 3486 4848 Οὑκ
3522 4793 3675 4846 ἐστιν

2110 4893 2302 4945 εἰπεῖν.
2329 4890 2498 4944 Τοῦτο
2522 4889 2589 4960 δὴ
2613 4891 2707 4942 καὶ
2735 4891 2862 4959 περὶ
2907 4887 3008 4958 τῆς
3034 4886 3330 4960 μελλούσης
3346 4882 3490 4956 ζωῆς
3524 4883 3676 4950 λογί-

2110 4979 2226 5044 ζου.
2261 4979 2434 5051 Ὅπερ
2453 4980 2561 5051 γάρ
2587 4980 2733 5031 ἐστιν
2762 4977 2892 5049 ὄναρ
2918 4976 2974 5030 ἓν
2991 4977 3126 5042 πρὸς
3155 4975 3346 5028 ἑκατὸν
3375 4973 3488 5042 ἐτη,
3513 4971 3673 5026 τοῦτό

2109 5069 2256 5121 ἐστιν
2293 5069 2322 5120 ό
2351 5067 2538 5138 παρὼν
2575 5067 2688 5136 βίος
2715 5066 2848 5137 πρὸς
2887 5065 2982 5136 τὴν
3014 5064 3310 5136 μέλλουσαν
3343 5062 3504 5132 ζωήν·
3531 5060 3674 5131 μᾶ).-

2107 5157 2197 5211 λον
2224 5156 2280 5209 δέ
2302 5158 2398 5211 καὶ
2425 5155 2606 5228 πολλῷ
2635 5156 2816 5209 πλέον·
2833 5155 2955 5208 ὅσον
2973 5153 3089 5206 ἐστὶ
3111 5150 3324 5220 σταγὼν
3345 5149 3516 5222 μικρά
3535 5149 3675 5220 πρὸς

2109 5245 2343 5314 πέλαγος
2390 5245 2636 5315 ἄπειρον,
2665 5243 2915 5297 τοσοῦτόν
2941 5243 3056 5296 ἐστι
3091 5241 3238 5312 χίλια
3263 5241 3356 5311 ἐτη
3396 5237 3530 5310 πρὸς
3574 5239 3676 5309 τὴν

2110 5335 2409 5406 μέλλουσαν
2438 5335 2593 5402 δόξαν
2627 5335 2840 5407 ἐκείνην
2870 5335 2964 5389 καὶ
3005 5333 3318 5388 ἀπόλαυσιν.
3354 5331 3464 5384 Kal
3489 5327 3544 5381 τί
3563 5327 3674 5398 γάρ

2105 5427 2171 5481 ἂν
2201 5429 2311 5498 ἔχοι
2338 5445 2421 5491 τις
2453 5427 2612 5480 πλέον
2638 5427 2883 5498 είπεῖν,ἢ
2915 5429 2998 5481 ὅτι
3019 5425 3188 5494 πέρας
3214 5423 3312 5477 οὑκ
3339 5421 3451 5492 ἔχει
3472 5419 3572 5474 καὶ
3588 5419 3677 5473 τέ-

2106 5515 2194 5580 λος
2225 5517 2322 5570 οὑκ
2356 5513 2485 5580 οἶδε,
2515 5517 2609 5569 καὶ
2632 5516 2754 5570 ὅσον
2780 5517 2897 5569 ἐστὶ
2918 5515 2979 5568 τὸ
3009 5514 3170 5586 μέσον
3201 5513 3424 5584 ὀνείρων
3453 5509 3674 5582 καὶτῆς

2170 5695 2200 5734 ι)
2223 5696 2319 5745 Alii
2351 5696 2625 5753 ἐπενόησαν.

2170 5761 2195 5791 ⁸
2217 5760 2310 5810 Alii
2327 5759 2661 5816 ἑϐδομήκοντα.
