3790 6250
50 387 153 440 977

46 495 438 561 misericordia,
462 492 688 562 denique
703 505 860 561 super
881 489 995 544 huic
1020 488 1219 552 omnia,
1242 496 1382 540 tanta
1407 490 1615 555 potiens

47 605 229 644 rerum
259 589 433 657 copia,
461 586 632 653 cogita
656 598 814 653 quam
844 580 1116 650 probabile
1157 584 1247 643 sit,
1276 578 1419 631 velut
1447 575 1613 630 alter-

47 681 130 733 nis
159 678 405 733 fluctibus
433 676 735 730 demersum
762 672 1006 742 pauperis
1034 670 1265 723 animum
1300 667 1485 723 fuisse.
1514 666 1615 722 Co-

44 774 153 837 gita
198 770 423 839 qualiter
451 765 695 821 affectum
724 763 891 819 fuisse
916 763 1169 817 Lazarum
1205 770 1613 815 consentaneum

43 867 135 927 sit,
158 879 281 918 cum
300 860 503 915 videret
532 858 810 928 parasitos,
832 857 1151 921 adulatores,
1178 852 1401 907 famulos
1428 866 1615 907 ascen-

41 960 254 1017 dentes,
282 950 698 1014 descendentes,
728 947 1079 1018 egredientes,
1107 944 1483 1015 ingredientes,
1510 941 1617 998 cir-

42 1053 464 1106 euincurSantes,
500 1040 902 1103 tumultuantes,
925 1036 1118 1102 ebrios,
1150 1035 1424 1099 salientes,
1457 1047 1617 1089 omne

44 1137 276 1192 lascivia:
295 1151 461 1207 genus
480 1134 787 1190 exhibentes
802 1149 816 1185 :
829 1131 977 1203 quasi
994 1130 1135 1184 enim
1160 1135 1376 1199 pr0pter
1401 1126 1504 1182 hoc
1524 1141 1618 1182 ve-

44 1228 236 1290 nisset,
254 1235 311 1281 ut
333 1233 474 1281 esset
496 1224 789 1279 alienorum
809 1222 1067 1277 bonorum
1098 1220 1268 1285 testis,
1287 1219 1357 1273 ita
1376 1218 1431 1272 in
1454 1218 1619 1272 vesti-

42 1320 174 1375 bulo
198 1320 466 1389 projectus
486 1327 616 1381 erat,
633 1316 804 1371 solum
823 1315 943 1370 vitae
961 1322 1164 1369 tantum
1190 1312 1411 1379 habens,
1440 1320 1499 1366 ut
1518 1325 1615 1366 sua

43 1413 186 1466 mala
207 1412 405 1466 sentire
431 1417 626 1480 posset,
649 1408 701 1462 in
726 1415 881 1479 portu
902 1406 1100 1461 faciens
1126 1403 1474 1474 naufragium,
1490 1401 1617 1473 jux-

44 1514 96 1556 ta
116 1504 318 1556 funtem
348 1500 720 1555 molestissima
745 1498 833 1553 siti
860 1496 1207 1552 discruciatus
1234 1494 1432 1548 animo.

116 1595 469 1659 Proverbium,
495 1594 548 1646 in
576 1600 721 1661 portu
745 1588 1164 1661 naufragium.â€”
1183 1586 1367 1640 Dicam
1393 1591 1447 1639 et
1470 1580 1615 1637 aliud

40 1686 315 1757 quoddam
337 1694 530 1755 prmter
550 1683 662 1737 hinc
682 1681 876 1736 malum
896 1698 909 1734 :
936 1696 1038 1734 non
1058 1685 1261 1748 poterat
1275 1676 1501 1731 alterum
1528 1676 1614 1728 vi-

44 1783 177 1837 dere
219 1781 496 1835 Lazarum.
537 1777 667 1832 Nam
698 1790 797 1830 nos
828 1774 1033 1830 etiamsi
1059 1773 1332 1827 innumera
1357 1769 1617 1839 patiamur

44 1873 211 1935 mala,
236 1871 489 1925 habemus
508 1877 683 1922 tamen
710 1866 779 1920 ad
801 1866 945 1919 illum
966 1871 1286 1935 spectantes,
1308 1860 1449 1917 unde
1468 1857 1617 1914 sum-

42 1964 280 2016 cientetn
303 1960 620 2028 accipiamus
639 1946 1070 2017 consolationem,
1099 1965 1452 2022 magnumque
1479 1949 1618 2005 fera-

43 2068 167 2107 mus
198 2051 453 2105 molestiae
480 2048 899 2103 delinimentum.
942 2044 1074 2099 Nam
1113 2043 1372 2098 malorum
1402 2048 1615 2095 nostro-

43 2160 166 2198 rum
209 2142 439 2212 reperire
466 2148 775 2205 consortes,
801 2137 913 2192 sive
940 2136 993 2190 in
1023 2134 1194 2199 factis,
1224 2133 1335 2188 sive
1364 2133 1418 2186 in
1438 2131 1614 2197 dictis,

44 2237 277 2290 multum
305 2234 459 2289 affert
491 2232 660 2287 solatii
690 2229 1010 2301 lugentibus.
1038 2227 1133 2283 ille
1178 2240 1307 2281 vero
1349 2223 1616 2279 neminem

44 2329 211 2380 alium
237 2325 479 2388 habebat,
497 2321 562 2376 ad
580 2337 737 2391 quem
763 2319 1050 2388 respiceret
1065 2316 1248 2371 eadem
1264 2330 1382 2371 cum
1400 2314 1487 2368 illo
1505 2328 1619 2384 pas-

44 2435 191 2484 sum,
222 2420 329 2471 imo
355 2432 423 2471 ne
446 2416 627 2470 audire
651 2413 861 2483 quidem
887 2420 1095 2481 poterat
1120 2410 1186 2465 de
1211 2423 1497 2481 quoquam,
1524 2407 1615 2478 qui

45 2511 312 2582 majorum
336 2510 498 2579 ipsius
516 2516 669 2562 aetate
687 2515 792 2560 tam
811 2504 1000 2560 acerba
1021 2503 1377 2560 sustinuisset.
1397 2501 1509 2556 Hoc
1524 2516 1619 2555 au-

45 2613 159 2656 tem
177 2601 304 2655 satis
322 2609 400 2655 est
419 2599 485 2653 ad
510 2596 864 2653 inducendum
884 2595 1061 2650 animo
1080 2595 1379 2666 caliginem.
1393 2594 1616 2649 Possum

43 2691 264 2747 etaliud
298 2690 378 2745 his
398 2688 640 2744 omnibus
664 2685 880 2754 addere,
906 2684 1152 2740 videlicet
1178 2683 1319 2754 quod
1346 2699 1415 2738 ne
1439 2683 1507 2739 de
1532 2698 1619 2738 re-

45 2783 378 2838 surrectione
411 2780 620 2850 quidem
651 2777 935 2847 quidquam
966 2775 1196 2836 nOtuerit
1217 2774 1613 2845 philosophari,

48 2875 145 2933 Sed
179 2874 333 2943 hujus
356 2874 475 2926 vita:
504 2887 587 2926 res
614 2869 857 2926 crederet
879 2867 1034 2938 hujus
1053 2868 1174 2922 vita:
1196 2867 1302 2922 fine
1319 2866 1612 2921 terminari.

46 2966 183 3019 Erat
210 2964 351 3019 enim
378 2978 442 3017 cx
468 2976 653 3017 eorum
683 2973 905 3015 numero
924 2999 940 3024 ,
974 2959 1062 3029 qui
1090 2956 1310 3028 gratiam
1346 2956 1616 3026 Evangelii

55 3060 467 3123 przecesserunt.
494 3050 643 3119 Quod
671 3049 717 3105 si
738 3065 877 3104 nunc
902 3049 983 3103 his
1008 3047 1329 3117 temporibus
1352 3055 1470 3116 post
1495 3055 1617 3100 tan-

46 3157 161 3198 tam
186 3144 275 3199 Dei
292 3145 663 3214 cognitionem,
677 3151 797 3213 post
810 3140 1045 3212 egregias
1057 3139 1455 3195 resurrectionis
1471 3152 1614 3209 spes,

48 3245 178 3305 post
218 3236 324 3290 illic
352 3235 575 3304 reposita
615 3232 952 3303 peccantibus
977 3230 1254 3300 supplicia,
1285 3238 1403 3300 post
1437 3237 1617 3299 parata

46 3330 114 3382 iis
158 3328 244 3397 qui
274 3337 418 3381 recte
444 3328 689 3380 vixerunt
716 3326 873 3387 bona,
919 3322 1053 3377 adeo
1093 3321 1312 3390 dejectis
1338 3320 1528 3374 animis
1554 3334 1619 3375 ac

45 3419 268 3473 miseris
296 3427 417 3472 sunt
438 3417 695 3481 nonnulli,
726 3424 784 3470 ut
812 3431 878 3469 ne
900 3413 1085 3468 horum
1113 3412 1328 3483 quidem
1348 3420 1617 3481 exspecta-

47 3514 204 3566 tione
229 3512 557 3579 corrigantur
581 3525 597 3574 ;
624 3492 749 3577 quid
776 3505 985 3561 tandem
1011 3514 1093 3561 est
1118 3504 1402 3574 putandum
1433 3504 1509 3558 illi
1530 3518 1619 3558 ac-

44 3604 269 3668 cidisse,
320 3601 478 3655 etiam
529 3600 628 3653 hac
655 3598 904 3653 destituto
950 3596 1180 3651 ancora?
1219 3594 1348 3649 Nam
1379 3594 1469 3649 ille
1516 3594 1619 3649 tale

46 3694 189 3747 nihil
215 3707 460 3762 umquam
504 3689 859 3761 philosoohari
891 3690 1079 3756 potuit,
1103 3701 1169 3742 eo
1197 3686 1338 3757 quod
1364 3685 1616 3757 nondum

43 3783 359 3838 advenisset
398 3789 605 3852 tempus
646 3779 904 3849 ejusmodi
950 3778 1272 3848 dogmatum.
1304 3777 1385 3831 Ad
1414 3776 1529 3831 ham
1564 3784 1621 3831 et

42 3874 199 3935 aliud
220 3873 464 3944 quiddam
492 3872 732 3936 accessit,
764 3871 903 3941 quod
930 3880 983 3926 et
1006 3870 1144 3926 fama
1172 3871 1337 3941 ipsius
1359 3854 1497 3941 apud
1516 3869 1617 3925 ho-

45 3965 231 4018 mines
259 3962 589 4033 impudentes
618 3960 998 4016 traduceretur.

124 4053 403 4108 Catamitus
427 4053 549 4123 facit
572 4053 840 4107 obnoxium
862 4050 1134 4121 suspicioni
1151 4051 1373 4106 malitia.
1393 4051 1619 4107 â€”Solet

42 4149 204 4204 enim
249 4147 517 4201 hominum
548 4146 756 4215 vulgus,
807 4144 893 4198 ubi
939 4158 1071 4214 quos
1115 4143 1343 4198 viderint
1383 4144 1437 4198 in
1483 4144 1619 4199 fame

45 4248 417 4311 perpetuoque
458 4238 642 4292 morbo
684 4246 736 4292 et
776 4236 1025 4291 extremis
1050 4244 1261 4305 agentes
1303 4235 1474 4301 malis,
1520 4249 1619 4290 nec

44 4332 361 4402 opinionem
392 4329 458 4384 de
486 4330 565 4385 eis
592 4328 787 4382 habere
816 4328 1026 4392 bonam,
1054 4325 1148 4381 sed
1173 4341 1237 4381 ex
1264 4326 1374 4396 ipsa
1401 4326 1617 4380 calami-

45 4434 170 4476 tate
199 4421 461 4475 :nstimare
488 4420 667 4481 vitam,
693 4427 745 4472 et
770 4416 986 4472 omnino
1007 4416 1244 4485 judicare
1272 4416 1390 4471 illos
1409 4415 1478 4470 ob
1507 4431 1620 4469 ma-

45 4513 227 4565 litiam
254 4510 329 4565 sic
370 4508 566 4580 afï¬‚igi:
609 4508 814 4577 aliaque
843 4507 1000 4561 multa
1029 4505 1184 4576 hujus
1222 4506 1432 4577 generis
1482 4506 1620 4562 inter

43 4619 113 4659 se
147 4603 452 4671 loquuntur,
484 4600 640 4653 stulte
679 4598 889 4668 quidem
938 4597 1036 4663 illi,
1079 4597 1366 4667 loquuntur
1398 4605 1616 4651 tamen:

42 4694 143 4749 hic
192 4692 236 4745 si
287 4691 393 4745 Deo
417 4705 569 4745 carus
594 4697 754 4752 esset,
784 4703 1110 4759 nequaquam
1142 4687 1311 4757 ipsum
1342 4687 1396 4741 in
1442 4686 1622 4756 hujus-

40 4782 203 4837 modi
234 4780 385 4834 malis
409 4794 528 4835 esse
570 4787 853 4849 pateretur.
885 4778 994 4831 Hoc
1021 4786 1074 4832 et
1095 4777 1146 4831 in
1172 4776 1272 4832 Job
1299 4785 1353 4831 et
1377 4776 1430 4831 in
1454 4776 1620 4831 Paulo

41 4891 156 4928 usu
182 4874 344 4927 venit.
374 4872 504 4927 Nam
532 4881 585 4927 et
613 4871 682 4925 illi
704 4870 949 4926 dicebant
974 4887 987 4923 :
1019 4868 1206 4923 Nonne
1229 4873 1511 4941 frequenter
1532 4868 1621 4922 tibi

41 4969 251 5021 dictum
279 4976 349 5020 est
376 4966 430 5019 in
469 4965 660 5030 labore,
690 4965 784 5017 vim
812 4973 977 5015 autent
1003 4962 1259 5015 verborum
1287 4970 1488 5015 tuorum
1506 4959 1619 5029 quis

40 5056 368 5113 sustinebit?
396 5054 458 5111 Si
486 5055 615 5108 enim
644 5064 697 5107 tu
725 5054 989 5108 erudiisses
1012 5052 1216 5115 multos,
1253 5058 1301 5105 et
1324 5067 1504 5105 manus
1540 5051 1622 5105 in-

41 5154 236 5220 ï¬rmas
262 5147 549 5202 consolatus
577 5162 723 5211 esses,
766 5155 812 5200 et
841 5161 923 5199 eos
947 5145 1032 5213 qui
1056 5143 1441 5212 inï¬rmabantur
1464 5141 1621 5196 verbis

41 5246 320 5304 erexisses,
342 5241 642 5311 genibusque
663 5238 877 5307 inï¬mis
896 5236 1175 5290 addidisses
1195 5235 1433 5304 ï¬duciam
1451 5251 1470 5290 :
1488 5251 1622 5289 nunc

42 5349 181 5389 vero
226 5332 444 5402 pervenit
470 5332 523 5385 in
550 5340 596 5384 te
624 5330 783 5393 labor,
813 5339 865 5383 tu
890 5344 1004 5382 vero
1030 5327 1234 5382 curasti.
1284 5325 1470 5381 Nonne
1508 5335 1623 5382 tuus

41 5430 211 5479 timor
234 5415 305 5477 est
328 5424 380 5475 in
403 5422 615 5476 stultitia
635 5418 775 5491 (Job.
803 5420 855 5474 4.
877 5419 929 5473 2.
960 5419 1017 5488 6)
1039 5418 1063 5473 ?
1082 5417 1279 5473 Horum
1305 5424 1479 5472 autem
1498 5431 1618 5471 ver-

40 5517 251 5569 borum
295 5514 379 5569 bic
409 5528 596 5569 sensus
638 5520 719 5566 est
744 5529 758 5566 :
785 5511 830 5566 si
859 5510 983 5581 quid
1010 5509 1119 5577 tibi,
1149 5510 1338 5582 inquit,
1364 5508 1519 5565 bona:
1543 5509 1622 5563 rei

41 5615 271 5677 gestum
298 5605 501 5665 fuisset,
535 5603 934 5673 haudquaquam
962 5601 1058 5655 ista
1082 5600 1359 5671 patereris,
1386 5597 1482 5655 sed
1502 5613 1627 5668 peo-

42 5706 303 5751 catorum
332 5704 386 5751 et
411 5694 703 5765 iniquitatis
745 5693 844 5748 luis
869 5706 1072 5763 poenas.
1108 5691 1176 5745 Et
1199 5690 1300 5746 hoc
1327 5696 1445 5746 erat
1482 5688 1623 5759 quod

42 5788 293 5845 maxime
320 5786 594 5844 mordebat
620 5785 850 5841 animum
876 5784 995 5841 Job.
1022 5784 1098 5840 Ac
1125 5783 1194 5841 de
1217 5782 1379 5840 Paulo
1414 5779 1624 5838 barbari

1288 376 1372 430 DE
1412 371 1678 429 LAZARO
1714 369 1952 427 CONCIO
1989 370 2031 425 1.

3177 366 3280 422 978

1724 479 1824 534 hoc
1866 481 2035 549 ipsum
2079 476 2362 534 dicebant:
2407 492 2525 533 cum
2572 477 2713 533 enim
2760 476 3000 532 viderent
3048 476 3289 547 viperam

1721 570 2037 641 pendentem
2068 569 2136 625 de
2180 584 2338 623 manu
2386 570 2546 631 illius,
2579 569 2704 623 nihil
2735 568 2857 623 boni
2899 568 2966 623 de
2993 568 3084 623 illo
3109 571 3285 637 suspi-

1719 662 1996 726 Cabantur,
2042 662 2136 716 sed
2182 661 2553 716 existimabant
2582 678 2700 717 eum
2734 662 3002 719 hominem
3049 679 3170 719 esse
3216 664 3284 718 de

1719 770 1939 810 numero
1965 770 2171 820 eorum,
2202 756 2291 825 qui
2320 764 2552 809 extrema
2582 767 2948 826 perpetrarunt
2976 758 3195 813 scelera.
3230 758 3283 812 id
3350 796 3363 805 Îº

1720 848 2053 916 perspicuum
2083 856 2164 902 est
2183 863 2247 903 ex
2271 846 2352 901 his
2369 864 2487 916 qua:
2513 847 2795 903 dicebant:
2822 849 2995 918 Hunc,
3022 851 3283 920 inquiunt,

1717 954 1749 989 a
1774 937 1901 990 mari
1921 946 2192 1004 servatum,
2216 940 2340 992 ultio
2363 955 2462 991 non
2487 956 2635 1009 passa
2657 950 2727 993 est
2753 941 2913 995 vivere
2929 942 3064 1013 (Act.
3087 943 3176 997 28.
3203 942 3281 1014 4).

1718 1028 1831 1083 Hoc
1865 1039 2042 1084 autem
2075 1046 2179 1084 non
2225 1031 2563 1086 mediocriter
2589 1046 2688 1087 nos
2721 1048 2931 1104 quoque
2968 1037 3285 1092 conturbare

1717 1121 2010 1176 consuevit.
2060 1122 2308 1177 Attamen
2357 1139 2475 1177 cum
2521 1124 2709 1179 ï¬‚uctus
2734 1135 2914 1181 essent
2953 1137 3057 1182 tam
3107 1130 3280 1193 multi,

1716 1214 2055 1283 vicissimque
2102 1215 2193 1269 alii
2240 1231 2398 1286 super
2442 1217 2571 1271 alios
2600 1217 2748 1271 illum
2794 1218 3131 1289 intpeterent,
3178 1238 3284 1276 non

1719 1313 1889 1358 tamen
1920 1304 2221 1360 demersum
2251 1316 2333 1361 est
2359 1308 2643 1376 navigium,
2676 1309 2769 1364 sed
2799 1309 3038 1379 perinde,
3069 1326 3132 1367 ac
3158 1311 3201 1365 si
3232 1312 3283 1363 in

1718 1393 1931 1450 fornace
1973 1399 2177 1465 positus
2216 1398 2374 1453 veluti
2420 1410 2674 1469 perpetuo
2712 1416 2836 1457 rore
2881 1401 3286 1470 refocillaretnr,

1718 1485 1789 1540 ita
1823 1487 2313 1558 pltilOSOphabatur.

1788 1578 1876 1632 11.
1909 1576 2234 1634 Proverbium
2274 1582 2515 1650 impium,
2542 1585 2678 1654 quod
2723 1585 2940 1656 explicat
2984 1587 3280 1659 Chrysosto-

1716 1684 1847 1723 mus.
1875 1699 1946 1709 â€”
1972 1669 2087 1726 Non
2118 1673 2258 1727 enim
2298 1673 2508 1731 dicebat
2534 1677 2671 1747 apud
2701 1694 2818 1735 sese
2846 1680 3131 1751 quidquam
3159 1685 3282 1749 tale.

1716 1758 1873 1826 quale
1894 1758 2078 1830 vulgus
2106 1761 2281 1819 dicere
2306 1766 2588 1823 verisimile
2626 1778 2709 1824 est
2740 1788 2752 1823 :
2784 1770 2882 1826 iste
2903 1772 3050 1828 dives
3072 1774 3115 1830 si
3144 1790 3286 1830 mor-

1718 1856 1839 1905 tuus
1885 1851 1994 1907 illic
2038 1856 2251 1923 punitur
2295 1857 2489 1928 datque
2531 1876 2734 1930 pinnas,
2775 1880 2933 1919 unum
2983 1866 3176 1923 factum
3204 1878 3286 1925 est

1720 1956 1921 1996 unum:
1951 1944 1995 1998 si
2037 1960 2164 2001 vero
2211 1948 2317 2003 illic
2362 1951 2548 2006 iisdem
2590 1956 2787 2023 potitur
2826 1956 3132 2027 honoribus,
3178 1962 3285 2017 duo

1720 2031 1853 2087 facta
1879 2048 2002 2091 sunt
2030 2038 2179 2093 nihil.
2209 2041 2397 2095 Annon
2425 2044 2537 2099 haec
2565 2061 2659 2115 per
2680 2047 2791 2102 fora
2813 2051 3163 2108 circumfertis
3190 2046 3285 2111 vos

1719 2125 1977 2195 plerique,
2007 2143 2074 2183 ex
2115 2130 2262 2185 circo
2305 2135 2604 2206 exterisque
2648 2137 2867 2194 theatris
2909 2142 2963 2196 in
2991 2144 3283 2201 Ecclesiam

1721 2216 2109 2285 importantes?
2137 2221 2304 2277 Pudet
2334 2241 2418 2279 me
2445 2227 2656 2296 quidem
2685 2246 2747 2286 ac
2770 2232 2964 2290 rubore
2988 2237 3284 2304 suffundor,

1720 2309 1807 2377 qui
1838 2310 1958 2364 talia
1988 2311 2148 2366 verba
2193 2314 2246 2368 in
2290 2318 2522 2374 medium
2565 2322 2858 2390 proferam,
2890 2326 2989 2381 nisi
3019 2329 3157 2398 quod
3188 2346 3287 2384 ne-

1719 2415 1868 2455 cesse
1894 2413 1975 2457 est
2000 2402 2115 2458 haec
2140 2404 2339 2471 dicere,
2371 2418 2426 2463 ut
2449 2424 2542 2465 vos
2564 2426 2594 2466 a
2623 2414 2731 2468 risu
2756 2414 3127 2486 incomposito,
3163 2437 3285 2490 pro-

1719 2490 1834 2557 bro,
1885 2501 1939 2547 et
1966 2494 2196 2564 pernicie
2238 2496 2426 2552 horum
2464 2501 2744 2557 verborum
2787 2506 3065 2578 noxiisque
3109 2511 3288 2567 verbis

1717 2582 2037 2638 liberemini.
2079 2585 2205 2641 Haec
2244 2589 2391 2642 mulli
2440 2590 2741 2661 frequenter
2780 2595 2962 2650 dicunt
3004 2599 3236 2656 ridentes
3267 2618 3284 2653 :

1718 2687 1898 2725 verum
1925 2673 2026 2728 hoc
2049 2690 2261 2746 quoque
2281 2678 2554 2736 diabolica:
2577 2685 2823 2739 versutize
2843 2694 2944 2751 est,
2969 2687 3090 2743 loco
3110 2690 3282 2746 dicto-

1720 2777 1834 2814 rum
1861 2763 2091 2818 civilium
2119 2774 2172 2820 et
2204 2768 2525 2824 urbanorum
2574 2773 2868 2841 perniciosa
2916 2775 2969 2830 in
2994 2778 3154 2833 vitam
3184 2797 3283 2833 no-

1719 2860 1881 2906 stram
1950 2854 2200 2912 inducere
2271 2857 2536 2928 dogmata.
2590 2861 2715 2918 Haec
2770 2863 3075 2935 frequenter
3128 2877 3181 2924 et
3232 2871 3284 2928 in

1718 2944 1943 3001 officinis
1969 2956 2022 3002 et
2051 2948 2104 3002 in
2152 2949 2287 3018 foro,
2330 2961 2383 3006 et
2422 2952 2707 3011 insedibus
2736 2956 2973 3027 plerique
3009 2960 3286 3019 circumfe-

1718 3046 1859 3105 runt,
1892 3053 2009 3108 qute
2054 3056 2141 3096 res
2183 3050 2433 3098 extremae
2481 3054 2564 3100 est
2604 3048 2984 3105 incredulitatis
3023 3060 3078 3106 et
3104 3068 3287 3108 amen-

1720 3129 1841 3195 tize,
1885 3130 2105 3185 ridicula
2150 3133 2415 3205 animique
2462 3138 2699 3206 puerilis.
2741 3139 2871 3195 Nam
2918 3141 3126 3208 dicere,
3159 3161 3285 3200 num

1720 3217 1842 3273 hinc
1884 3219 2103 3289 profecti
2150 3224 2271 3278 mali
2312 3226 2614 3295 puniantur,
2658 3244 2756 3284 nec
2796 3230 2897 3286 hoc
2940 3233 3286 3291 vehementer

1720 3308 1917 3365 habere
1966 3327 2295 3381 persuasum,
2341 3316 2482 3385 quod
2507 3320 2722 3373 omnino
2751 3322 2999 3390 puniendi
3029 3334 3171 3392 sunt,
3200 3326 3284 3380 in-

1720 3399 1952 3455 fidelium
1983 3414 2064 3457 est
2088 3419 2149 3458 ac
2174 3404 2546 3461 dubitantium.
2593 3408 2720 3464 Illud
2749 3427 2894 3478 vero,
2923 3416 3158 3484 quamvis
3184 3416 3285 3472 hoc

1722 3492 1975 3559 evenerit,
1998 3496 2440 3563 quemadmodum
2465 3499 2621 3553 etiam
2646 3511 2952 3559 eventurum
2980 3514 3082 3572 est,
3098 3517 3284 3576 putare

1718 3584 1887 3638 malos
1925 3586 2128 3655 aequale
2180 3588 2453 3656 prazmium
2501 3605 2621 3645 cum
2653 3590 2809 3661 justis
2851 3607 3141 3665 reportare,
3189 3614 3282 3655 ex-

1720 3682 1901 3729 trema:
1926 3675 2204 3732 dementiae
2232 3687 2332 3733 est.

1793 3763 1957 3819 Nulla
2007 3771 2316 3839 comparatio
2378 3769 2509 3824 inter
2553 3773 2704 3826 vitam
2753 3773 2881 3827 hanc
2935 3786 2983 3830 et
3035 3782 3278 3849 futuram.

1716 3854 1923 3921 â€”Quid
1954 3872 2135 3927 quaeso
2153 3857 2330 3914 dicis?
2356 3860 2408 3916 Si
2433 3860 2582 3917 dives
2601 3862 2725 3919 illuc
2752 3865 3020 3935 profectus
3048 3872 3281 3939 punitur,

1720 3960 1880 3999 unum
1934 3945 2127 4001 factum
2166 3958 2249 4003 est
2286 3951 2490 4004 unum?
2530 3952 2596 4007 Et
2638 3956 2902 4023 quomodo
2947 3958 3080 4013 istuc
3120 3965 3285 4029 possit

1719 4036 2041 4091 consistere?
2056 4039 2194 4103 Quot
2208 4040 2348 4094 enim
2361 4041 2511 4099 annis
2526 4043 2603 4097 vis
2619 4044 2761 4099 illum
2778 4046 2860 4100 hic
2873 4051 3107 4115 pecuniis
3122 4050 3285 4109 fuisse

1720 4123 1979 4181 fruitum?
2007 4128 2099 4183 Vis
2127 4144 2383 4199 ponamus
2411 4135 2665 4188 centum?
2693 4135 2805 4205 Ego
2839 4153 2966 4193 vero
2994 4141 3152 4196 etiam
3181 4143 3284 4198 du-

1721 4229 1905 4276 centos
1934 4237 2093 4293 pono,
2128 4238 2266 4293 pono
2292 4233 2575 4291 trecentos,
2618 4231 2757 4297 pono
2783 4228 2865 4283 bis
2909 4240 3132 4299 tantum,
3162 4245 3214 4289 et
3237 4236 3283 4291 si

1720 4313 1800 4366 vis
1826 4313 1990 4378 mille,
2023 4312 2161 4381 quod
2190 4329 2320 4370 sane
2350 4315 2462 4370 fieri
2487 4332 2592 4371 non
2634 4321 2803 4387 potuit
2828 4338 2842 4373 :
2872 4320 2990 4377 Dies
3015 4325 3167 4389 enim,
3201 4326 3282 4379 in-

1720 4405 1852 4475 quit,
1874 4422 2120 4459 annorum
2147 4416 2425 4461 nostrorum
2449 4411 2697 4479 octoginta
2716 4413 2836 4466 anni
2859 4412 3023 4482 (Psal.
3051 4416 3138 4471 89.
3170 4418 3283 4489 10):

1720 4506 1951 4552 attamen
1980 4509 2240 4567 ponantur
2260 4500 2401 4555 mille
2429 4517 2442 4553 :
2475 4517 2597 4555 num
2626 4511 2793 4571 potes,
2821 4519 3000 4574 quasso
3027 4513 3098 4570 te,
3123 4507 3283 4563 vitam

1721 4588 1998 4642 ostendere
2026 4604 2143 4658 quae
2186 4589 2342 4643 finem
2390 4606 2492 4645 non
2540 4591 2745 4656 habeat,
2786 4609 2848 4649 ac
2890 4596 3168 4651 terminum
3193 4613 3286 4653 ne-

1721 4679 1872 4743 sciat,
1902 4679 2072 4749 qualis
2111 4688 2192 4734 est
2233 4680 2338 4735 illic
2362 4680 2666 4749 justorum?
2693 4684 2804 4753 Age
2845 4685 3018 4756 igitur,
3057 4689 3208 4755 cedo,
3237 4692 3285 4746 si

1722 4771 1840 4839 quis
1868 4771 1920 4824 in
1940 4771 2092 4825 annis
2119 4779 2329 4826 centum
2359 4773 2576 4827 vidisset
2604 4789 2696 4843 per
2717 4791 2872 4830 unam
2894 4787 3100 4833 noctem
3124 4796 3286 4837 suave

1722 4863 1982 4917 somnium
2010 4903 2025 4931 ,
2076 4865 2356 4936 multisque
2403 4864 2603 4920 deliciis
2655 4881 2752 4936 per
2791 4871 3050 4924 somnium
3095 4870 3286 4926 fruitus

1723 4962 1882 5019 esset,
1912 4968 1976 5009 ac
2017 4964 2226 5009 centum
2270 4956 2421 5010 annis
2470 4958 2777 5027 puniretur:
2822 4974 2947 5014 num
2989 4960 3034 5015 is
3080 4959 3149 5015 de
3184 4960 3287 5017 hoc

1722 5044 1900 5101 dicere
1927 5056 2119 5115 posset,
2152 5063 2311 5102 unum
2341 5055 2395 5102 et
2421 5063 2605 5115 unum,
2635 5056 2688 5103 et
2713 5048 2918 5104 unicam
2956 5060 3163 5106 noctem
3184 5068 3286 5123 qua

1723 5136 2021 5202 somniavit,
2067 5145 2275 5192 centum
2319 5137 2470 5193 annis
2508 5139 2870 5209 :equiparare?
2911 5141 3059 5196 Dictu
3102 5142 3289 5197 absur-

1724 5226 1870 5281 dum.
1896 5226 2009 5281 Hoc
2029 5226 2138 5297 jam
2174 5235 2227 5282 et
2254 5226 2321 5282 de
2343 5226 2515 5282 futura
2544 5228 2650 5283 vita
2671 5230 2864 5301 cogita.
2890 5229 3018 5285 Nam
3048 5232 3187 5303 quod
3206 5242 3289 5289 est

1724 5319 1986 5374 somnium
2016 5333 2175 5373 unum
2213 5318 2280 5372 ad
2322 5333 2491 5403 anngs
2536 5330 2769 5386 centum,
2806 5321 2907 5376 hoc
2933 5332 3015 5377 est
3056 5337 3288 5393 praesens

1725 5410 1833 5464 vita
1857 5410 1925 5464 ad
1950 5410 2107 5464 vitam
2135 5408 2380 5476 futuram,
2397 5408 2505 5463 imo
2526 5410 2697 5479 potius
2723 5410 2890 5466 multo
2916 5414 3108 5467 minus.
3137 5414 3288 5482 Quod

1726 5510 1807 5555 est
1850 5500 2034 5569 exigua
2080 5509 2223 5568 gutta
2266 5498 2333 5554 ad
2382 5499 2595 5571 pelagus
2645 5501 2977 5567 immensum,
3023 5503 3125 5559 hoc
3168 5513 3291 5561 sunt

1725 5592 1850 5646 anni
1895 5581 2040 5646 mille
2067 5591 2133 5644 ad
2177 5588 2406 5645 futuram
2437 5590 2578 5646 illam
2605 5591 2824 5662 gloriam
2864 5602 2920 5648 et
2964 5592 3293 5651 fruitionem.

1730 5683 1796 5738 Et
1830 5679 1954 5750 quid
2005 5669 2214 5735 tandem
2260 5691 2419 5751 queat
2462 5681 2650 5759 aliquis
2698 5682 2923 5752 amplius
2963 5683 3159 5746 dicere,
3190 5686 3288 5741 nisi

1728 5774 1866 5846 quod
1893 5773 2174 5830 terminum
2200 5789 2306 5829 non
2332 5772 2507 5842 habet,
2523 5783 2578 5830 et
2603 5773 2761 5832 tinem
2786 5775 2954 5832 nescit
2977 5786 3287 5847 :â€˜quautusn-
