3906 6232
504 379 608 432 979

503 517 609 570 que
658 499 882 555 interest
932 495 1069 550 inter
1097 493 1300 548 somnia
1348 501 1401 545 et
1446 506 1533 544 res
1563 503 1734 556 veras,
1770 497 1969 542 tantum
2000 486 2080 540 in-

513 602 678 646 terest
726 591 861 643 inter
891 587 1046 655 hujus
1070 585 1192 638 vita:
1217 592 1409 637 statum
1437 592 1490 635 et
1518 580 1693 634 illius?

583 681 648 734 Et
670 681 750 732 hic
774 662 1052 750 puniuntur
1073 661 1234 744 impii.
1252 702 1323 712 —
1341 672 1476 738 Quin
1506 681 1558 725 et
1587 668 1777 738 alioqui
1804 677 2082 736 antequam

507 774 618 828 illic
672 773 975 842 puniantur,
1001 768 1110 838 jam
1143 781 1283 821 nunc
1324 765 1411 835 qui
1457 763 1696 836 improbe
1720 771 1900 832 agunt,
1931 769 2086 828 atque

509 869 558 923 in
588 867 819 938 peccatis
845 864 1046 928 vivunt,
1082 861 1388 930 puniuntur.
1416 856 1527 912 Nec
1551 856 1692 911 enim
1735 854 1862 908 mihi
1889 852 2088 907 dixeris

507 963 653 1018 illum
689 972 869 1012 mensa
897 964 1199 1024 sumptuosa
1247 951 1369 1014 frui,
1402 949 1634 1004 vestibus
1661 947 1971 1002 circumdari
2000 958 2086 996 se-

508 1055 651 1117 ricis,
683 1049 1064 1120 mancipiorum
1108 1060 1293 1115 greges
1323 1044 1681 1107 circumferre,
1705 1039 1836 1093 alios
1870 1039 2087 1092 submo-

507 1162 634 1200 vere
687 1144 737 1197 in
772 1141 889 1196 foro
917 1158 930 1191 :
963 1139 1054 1194 sed
1089 1138 1290 1206 explica
1335 1134 1463 1188 mihi
1493 1133 1642 1186 istius
1669 1128 2087 1202 conscientiam,

507 1249 561 1292 et
589 1237 792 1292 videbis
819 1235 958 1288 intus
987 1245 1202 1301 gravem
1231 1235 1565 1298 peccatorum
1590 1222 1889 1284 tumultum,
1909 1220 2089 1290 jugem

510 1340 728 1392 metum,
777 1335 1167 1395 tempestatem,
1199 1320 1547 1376 turbationem
1585 1334 1599 1370 :
1630 1315 1832 1370 videbis
1868 1314 2008 1367 velut
2035 1313 2088 1367 in

503 1423 705 1492 judicio
733 1432 962 1474 mentem
994 1416 1057 1470 ad
1084 1416 1329 1470 thronum
1351 1410 1688 1466 conscientiae
1715 1404 2091 1462 conscendisse

511 1515 767 1585 regalem,
797 1521 847 1566 et
884 1521 1150 1579 tamquam
1175 1505 1407 1577 judiccm
1449 1503 1747 1573 quempiam
1779 1499 2088 1562 sedentem,

508 1618 563 1663 et
588 1604 931 1676 cogitationes
961 1602 1077 1656 loco
1101 1597 1407 1654 carniﬁcum
1457 1592 1818 1656 adhibentem,
1853 1589 2086 1644 animum

511 1696 949 1770 suspendentem,
1001 1708 1094 1764 pro
1128 1690 1358 1761 peccatis
1385 1688 1722 1748 lacerantem,
1751 1681 2092 1738 vehementer

514 1791 911 1852 inclamantem,
943 1800 1064 1840 cum
1112 1797 1269 1837 nemo
1320 1779 1473 1843 sciat,
1518 1777 1616 1830 nisi
1647 1775 1792 1829 solus
1823 1772 1961 1828 Deus
2001 1771 2091 1842 qui

512 1883 625 1936 haec
677 1879 956 1948 conspicit.
1010 1875 1218 1930 Etenim
1268 1874 1358 1944 qtti
1402 1869 1682 1925 committit
1731 1865 2089 1928 adulterium,

509 1974 719 2030 etiamsi
772 1972 966 2026 millies
996 1969 1147 2024 fuerit
1192 1969 1359 2032 dives,
1403 1965 1611 2021 etiamsi
1658 1962 1861 2018 nullum
1903 1961 2094 2016 habeat

511 2075 894 2127 accusatorem,
925 2076 1027 2115 non
1057 2059 1250 2114 desinit
1293 2067 1466 2112 tamen
1497 2058 1636 2110 intus
1674 2056 1908 2124 seipsum
1936 2068 2094 2107 accu-

510 2172 628 2211 sare
662 2174 675 2210 :
703 2167 757 2210 et
787 2153 1029 2221 voluptas
1058 2149 1271 2221 quidem
1299 2149 1616 2219 temporaria
1645 2157 1746 2212 est,
1781 2144 1930 2199 dolor
1963 2159 2091 2198 vero

513 2258 822 2318 perpetuus,
854 2246 1012 2300 timor
1056 2243 1291 2312 undique
1317 2255 1379 2295 ac
1408 2249 1623 2304 tremor,
1657 2237 1888 2307 suspicio
1916 2245 1968 2291 et
1994 2251 2090 2289 an-

511 2330 1048 2400 xietas:angiportus
1089 2325 1312 2390 metuit,
1362 2325 1572 2379 umbras
1618 2323 1759 2393 ipsas
1803 2319 2088 2387 formidat,

509 2438 636 2479 suos
681 2421 846 2491 ipsius
892 2417 1149 2484 famulos,
1180 2415 1442 2482 conscios,
1489 2413 1703 2478 inscios,
1736 2411 1879 2467 illam
1923 2411 2090 2480 ipsam

510 2531 667 2587 quam
697 2511 952 2582 corrupit,
1005 2519 1060 2566 et
1101 2509 1271 2565 virum
1315 2521 1471 2578 quem
1515 2505 1690 2560 affecit
1729 2501 2088 2558 contumelia:

508 2605 818 2661 obambulat
858 2617 1095 2657 amarum
1141 2609 1501 2655 accusatorem
1544 2595 1921 2652 circumferens
1959 2609 2091 2649 con-

505 2697 804 2761 scientiam,
828 2709 949 2748 cum
967 2693 1034 2748 sit
1054 2705 1152 2747 suo
1171 2690 1334 2760 ipsius
1347 2688 1546 2759 judicio
1561 2687 1861 2752 damnatus,
1890 2700 1988 2741 nec
2008 2685 2091 2740 vel

503 2789 573 2842 ad
603 2789 763 2842 breve
783 2796 989 2854 tempus
1015 2782 1180 2854 possit
1203 2780 1484 2851 respirare.
1509 2777 1640 2833 Nam
1666 2787 1720 2833 et
1745 2778 1798 2832 in
1820 2777 1956 2832 lecto
1972 2776 2090 2831 etin

507 2896 713 2946 triensa,
741 2889 795 2933 et
823 2880 873 2932 in
902 2877 1018 2932 foro
1043 2884 1099 2931 ct
1125 2878 1178 2929 in
1205 2875 1382 2938 domo,
1417 2880 1472 2928 et
1499 2871 1726 2926 interdiu
1751 2881 1804 2925 et
1827 2878 2006 2934 noctu,
2037 2876 2093 2922 et

515 2975 566 3027 in
596 2973 723 3042 ipsis
763 2969 1070 3040 frequenter
1097 2967 1317 3023 somniis
1344 2965 1458 3021 haec
1494 2965 1780 3036 iniquitatis
1809 2963 2090 3017 simulacra

509 3063 676 3126 videt,
708 3061 976 3132 ipsiusque
1001 3058 1133 3114 Cain
1163 3061 1324 3112 vitam
1352 3057 1498 3122 vivit,
1524 3069 1740 3126 gemens
1767 3069 1829 3108 ac
1858 3063 2091 3110 tremens

506 3169 669 3224 super
711 3164 930 3219 terram,
961 3167 1080 3206 cum
1107 3165 1265 3204 nemo
1295 3148 1427 3202 sciat
1457 3145 1606 3219 (Gen.
1635 3145 1716 3215 Δ),
1747 3144 1886 3199 intus
1916 3154 2090 3198 tamen

511 3246 670 3301 habet
701 3245 874 3313 ignem
917 3256 1127 3310 semper
1152 3247 1540 3295 coacervatum.
1571 3236 1713 3293 ldem
1741 3237 2010 3308 patiuntur
2035 3247 2091 3292 et

505 3336 600 3404 qui
627 3333 865 3402 rapinam
897 3341 1165 3396 exercent,
1211 3340 1265 3385 et
1291 3330 1380 3400 qui
1408 3327 1595 3383 fraude
1621 3327 1825 3382 lucrum
1851 3326 2086 3383 faciunt:

505 3427 612 3485 hoc
635 3437 687 3481 et
725 3425 942 3490 ebriosi,
997 3422 1050 3478 in
1101 3437 1307 3478 summa
1354 3430 1610 3492 quotquot
1638 3421 1690 3474 in
1739 3421 1968 3490 peccatis
2013 3421 2091 3476 vi-

504 3529 658 3574 vunt.
703 3517 887 3588 Neque
916 3516 1055 3571 enim
1088 3515 1190 3569 ulla
1232 3515 1438 3570 ratione
1467 3511 1724 3582 judicium
1754 3512 1880 3567 illud
1918 3523 2090 3583 potest

499 3610 796 3679 corrumpi.
839 3607 948 3663 lmo
977 3607 1182 3662 etiamsi
1212 3621 1315 3659 non
1341 3615 1607 3660 sectemur
1645 3602 1910 3670 virtutem,
1942 3603 2090 3658 dole-

503 3717 628 3756 mus
651 3712 823 3755 tatnen
851 3715 915 3755 eo
938 3698 1076 3768 quod
1102 3713 1220 3752 eam
1242 3712 1343 3751 non
1370 3696 1704 3764 assequimur
1730 3713 1742 3750 :
1773 3705 1827 3751 et
1850 3695 1975 3751 licet
1991 3696 2088 3750 im-

504 3794 824 3863 probitatem
855 3801 1140 3857 sectemur,
1169 3799 1341 3843 tamen
1365 3796 1606 3842 cessante
1643 3787 1906 3857 voluptate
1931 3801 2086 3856 quam

505 3902 573 3937 ex
623 3891 842 3954 peccato
889 3881 1246 3954 percipimus,
1297 3879 1555 3933 sentimus
1601 3877 1861 3932 dolorem.
1910 3878 2088 3948 Itaque

508 3995 574 4031 ne
600 3976 886 4031 dixerimus
916 3974 982 4028 de
1021 3972 1269 4027 divitibus
1295 3970 1381 4026 hic
1421 3970 1660 4046 improbe
1689 3969 2002 4036 viventibus,
2033 3978 2089 4024 et

510 4071 580 4124 de
624 4069 782 4139 justis
824 4069 932 4123 illic
973 4065 1221 4120 felicitate
1268 4063 1578 4127 fruentibus,
1623 4061 1762 4133 quod
1811 4077 1972 4116 unum
2019 4060 2088 4114 sit

511 4177 694 4224 unutn,
725 4158 817 4213 sed
845 4157 985 4226 quod
1014 4157 1118 4210 duo
1159 4156 1261 4211 sint
1287 4155 1435 4210 nihil.
1463 4152 1894 4223 Quandoquidem
1931 4153 2086 4223 justis

508 4263 563 4306 et
587 4266 647 4304 ea
675 4265 792 4320 qua:
823 4248 929 4302 illic
951 4258 1092 4309 sunt,
1121 4256 1174 4302 et
1200 4263 1260 4300 ea
1285 4263 1401 4316 qua:
1428 4246 1514 4300 hic
1539 4255 1682 4310 sunt,
1704 4246 1920 4299 multam
1952 4260 2087 4314 prte-

511 4347 637 4397 hent
666 4342 986 4411 voluptatem
1013 4357 1024 4393 :
1055 4340 1141 4410 qui
1192 4355 1316 4393 vero
1343 4339 1393 4392 in
1441 4339 1671 4408 nequitia
1701 4346 1754 4392 et
1794 4335 1975 4393 fraude
2002 4338 2085 4393 vi-

509 4447 617 4492 tam
640 4448 818 4508 agunt,
836 4445 890 4491 et
919 4435 1004 4489 hic
1029 4446 1082 4488 ct
1109 4435 1212 4488 illic
1237 4433 1522 4502 puniuntur
1549 4450 1562 4485 :
1597 4431 1682 4486 hic
1697 4430 2080 4487 discruciantur

510 4530 903 4598 exspectatione
929 4525 1169 4596 supplicii
1199 4525 1302 4578 illic
1328 4523 1508 4587 futuri,
1536 4521 1728 4578 deinde
1765 4522 1902 4578 mala
1926 4539 2084 4594 quam

507 4622 578 4676 ab
619 4620 862 4676 omnibus
904 4620 1080 4674 ferunt
1119 4617 1384 4686 opinione,
1430 4625 1682 4685 prmterea
1723 4614 1862 4686 quod
1911 4615 2082 4686 ipsum

507 4713 668 4767 etiam
696 4719 964 4781 peccatum
984 4709 1212 4764 animam
1234 4708 1464 4777 ipsorum
1491 4707 1781 4778 corrumpit
1813 4725 1826 4761 :
1857 4707 2085 4778 denique

513 4814 785 4874 postquam
801 4801 924 4856 hinc
943 4799 1158 4870 profecti
1175 4808 1317 4862 sunt.
1349 4799 1696 4854 intolerabilia
1723 4801 2084 4871 perpetiuntur

511 4893 786 4964 supplicia.
817 4892 1041 4946 Rursum
1066 4889 1194 4960 justi
1235 4890 1440 4944 etiamsi
1471 4889 1558 4943 hic
1588 4891 1859 4946 innumera
1889 4907 2082 4962 perpe-

513 4987 707 5039 tiantur
722 4984 932 5048 acerba,
951 4981 1197 5051 quoniam
1222 4980 1359 5035 bona
1379 4995 1500 5051 spes
1518 4980 1610 5034 alit
1630 4981 1768 5045 illos,
1785 4982 2083 5054 habentque

510 5077 830 5146 voluptatem
860 5089 1068 5145 puram,
1100 5071 1328 5137 firmam,
1353 5083 1408 5128 et
1453 5073 1716 5140 stabilem,
1763 5075 1921 5129 etiam
1965 5086 2085 5146 post

511 5170 645 5237 haec,
670 5169 946 5225 innumera
984 5167 1104 5222 illos
1131 5166 1399 5236 excipiunt
1440 5166 1596 5231 bona,
1640 5166 2082 5236 quemadmodum

517 5274 572 5324 et
590 5262 790 5320 Lazaro
813 5261 1024 5318 accidit.
1055 5259 1164 5315 Nec
1187 5260 1331 5315 enim
1368 5258 1541 5315 isthuc
1566 5259 1695 5315 mihi
1720 5259 1939 5326 dixeris,
1969 5268 2086 5316 erat

513 5357 804 5422 ulcerosus,
831 5339 1016 5410 verum
1047 5351 1176 5407 illud
1221 5333 1514 5415 conﬁdera,
1542 5351 1683 5423 quod
1723 5351 1912 5424 quovis
1953 5369 2084 5409 auro

458 5499 480 5514 ,,
513 5449 878 5520 pretiosiorem
909 5447 1052 5502 intus
1079 5444 1306 5501 habebat
1341 5444 1571 5500 animam
1592 5485 1608 5510 ,
1639 5445 1745 5500 imo
1771 5445 1948 5502 verius
1978 5462 2084 5510 non

511 5540 740 5596 animam
771 5548 994 5602 tantum,
1022 5552 1206 5593 verum
1251 5536 1410 5591 etiam
1453 5551 1646 5606 corpus
1689 5537 1872 5607 ipsius.
1903 5538 2084 5596 Virtus

513 5633 654 5688 enim
679 5631 917 5701 corporis
943 5645 1047 5684 non
1073 5639 1158 5685 est
1178 5627 1410 5684 obesitas
1431 5627 1670 5698 bonaque
1697 5627 1966 5697 habitudo,
1988 5631 2082 5687 sed

515 5735 688 5780 tantos
730 5739 792 5780 ac
819 5723 954 5779 tales
981 5722 1120 5779 ferre
1160 5723 1444 5778 cruciatus.
1469 5720 1584 5777 Non
1622 5722 1763 5778 enim
1802 5725 1848 5780 si
1871 5725 1990 5796 quis
2031 5725 2084 5782 in

515 5832 735 5887 Corpore
765 5825 926 5887 gestet
971 5815 1089 5869 talia
1117 5814 1327 5867 vulnera
1357 5813 1734 5869 abomittaudus
1775 5827 1872 5880 est,
1903 5833 2081 5872 verum

1275 373 1327 430 S.
1369 371 1641 428 JOANNIS
1675 364 2141 425 CllRYSOSTOMl
2183 365 2494 420 ARClllEP.
2535 365 3066 442 CONSTANTINOP.

3668 361 3770 412 se»

2197 483 2239 536 si
2265 485 2382 553 quis
2408 486 2459 538 in
2484 485 2659 538 animo
2685 484 2957 541 innumera
2985 485 3183 542 habens
3213 487 3408 553 ulcera,
3435 489 3637 545 nullam
3660 491 3774 548 illo»

2192 589 2308 628 rum
2338 589 2517 632 curam
2547 584 2699 644 agat,
2731 575 2776 628 is
2799 576 3182 631 abominandus
3209 588 3310 645 est,
3341 581 3514 649 qualis
3537 591 3658 635 erat
3687 583 3774 637 ille

2191 665 2357 728 dii/es,
2393 667 2532 720 intus
2557 675 2697 720 totus
2724 667 3015 722 ulcerosos.
3046 669 3106 724 Et
3143 672 3587 740 quemadmodum
3615 688 3772 727 canes

2194 755 2347 823 hujus
2373 756 2642 825 lingebant
2682 757 2919 823 vulnera,
2961 761 3038 815 sic
3065 767 3118 815 et
3143 759 3414 817 daemones
3458 765 3601 818 illius
3646 779 3772 835 pec-

2192 857 2306 900 cata
2337 863 2352 900 :
2384 859 2437 903 et
2463 849 2905 918 quemadmodum
2938 851 3024 907 hic
3048 852 3101 908 in
3145 851 3284 909 fame
3323 854 3448 921 cibi,
3476 856 3550 910 ita
3591 857 3683 911 ille
3722 859 3770 912 in

2193 938 2330 992 fame
2354 940 2527 993 omnis
2569 939 2776 996 virtutis
2805 943 3032 997 vivebat.

2265 1029 2350 1082 12.
2380 1029 2503 1084 lla-c
2523 1031 2679 1100 igitur
2697 1033 2871 1086 omnia
2892 1045 3012 1087 cum
3037 1033 3286 1100 sciamus,
3317 1034 3766 1106 philosophentur.

2194 1134 2367 1190 neque
2390 1119 2628 1176 dicamus
2651 1139 2664 1175 :
2687 1123 2732 1177 si
2758 1123 2905 1178 illum
2932 1124 3070 1179 Deus
3091 1137 3340 1189 amasset,
3366 1126 3766 1198 haudquaquam

2193 1226 2314 1266 eum
2362 1225 2646 1282 pauperem
2685 1229 2803 1270 esse
2832 1230 3020 1286 passus
3063 1214 3263 1273 fuisset.
3310 1213 3441 1272 Nam
3472 1219 3578 1274 hoc
3603 1221 3766 1290 ipsum

2194 1300 2404 1371 quidem
2433 1303 2722 1358 maximum
2754 1316 2835 1360 est
2862 1305 3158 1362 dilectionis
3187 1319 3578 1378 argumentum.
3612 1312 3768 1375 Quem

2194 1395 2326 1448 enim
2350 1394 2513 1467 diligit
2535 1394 2687 1462 Deus,
2711 1399 2940 1469 castigat,
2961 1399 3185 1471 ﬂagellat
3204 1410 3369 1455 autem
3383 1416 3583 1455 omnem
3611 1403 3768 1471 ﬁlium

2194 1501 2339 1553 quem
2365 1487 2536 1557 recipit
2561 1485 2742 1558 (Hebr.
2771 1488 2857 1546 12.
2885 1491 2958 1560 6).
2983 1487 3051 1544 Et
3077 1506 3258 1546 rursus
3287 1508 3303 1546 :
3330 1489 3455 1557 Fili,
3483 1496 3535 1546 si
3558 1510 3770 1548 necesse.

2193 1578 2264 1631 ris
2292 1578 2360 1632 ad
2386 1580 2698 1635 serviendum
2735 1580 2975 1652 Domino,
3015 1598 3246 1655 purpura
3274 1586 3497 1639 animant
3542 1594 3684 1638 tuam
3707 1589 3767 1638 ad

2195 1669 2532 1736 imitationem,
2563 1671 2722 1742 dirige
2743 1688 2830 1726 cor
2854 1682 2995 1727 tuum
3029 1691 3089 1728 ac
3113 1691 3369 1743 persevera
3393 1675 3584 1745 (Ereti.
3605 1675 3662 1730 2.
3698 1678 3765 1744 li.

2197 1759 2481 1830 Ejiciatnus
2509 1763 2688 1834 igitur,
2715 1765 3061 1832 dilectissimi,
3089 1767 3217 1822 Istas
3260 1783 3617 1839 supervacuas
3654 1771 3767 1838 opi-

2197 1853 2399 1918 niones,
2431 1855 2770 1924 vnlgariaque
2791 1857 3085 1913 istiusmodi
3113 1859 3271 1913 dicta.
3301 1858 3588 1924 Turpitudo
3608 1861 3765 1922 enim,

2195 1944 2381 2014 inquit,
2412 1961 2471 1998 ac
2493 1947 2858 2017 stultiloquium
2885 1959 2932 2004 et
2954 1951 3234 2006 scurrilitas
3256 1967 3319 2005 ne
3342 1951 3590 2022 prodeant
3606 1969 3669 2005 ea?
3690 1969 3766 2005 ore

2193 2045 2355 2088 vestro
2403 2032 2615 2107 (Ep/tes.
2646 2038 2699 2094 5.
2728 2039 2805 2109 4).
2838 2039 2946 2096 Nec
2988 2041 3084 2112 ipsi
3133 2042 3254 2096 talia
3296 2043 3582 2113 loquamur
3611 2060 3624 2095 :
3651 2052 3704 2097 et
3727 2043 3767 2095 si

2192 2124 2326 2179 alios
2348 2124 2618 2182 videamus
2635 2129 2756 2182 talia
2778 2129 3073 2200 loquentes,
3094 2132 3400 2188 obturemus
3421 2134 3526 2188 illis
3548 2147 3633 2198 os,
3648 2148 3766 2188 etm-

2195 2226 2273 2270 tra
2304 2217 2636 2288 insurgamus
2659 2220 2871 2286 acriter,
2899 2221 3241 2279 cohibeamus
3265 2241 3449 2280 eorum
3494 2227 3766 2296 impuden-

2199 2317 2302 2361 tem
2333 2309 2583 2380 linguam.
2629 2312 2740 2379 Age
2783 2311 2826 2366 si
2853 2328 3008 2384 quem
3041 2315 3261 2371 vidisses
3285 2317 3546 2372 latrocinii
3583 2319 3766 2388 prittri~

2193 2413 2314 2469 pem
2333 2411 2662 2470 grassantem
2690 2419 2784 2475 per
2798 2405 2927 2470 vias,
2946 2409 3380 2476 praetereuntibus
3406 2410 3764 2475 insidiantem,

2194 2508 2254 2548 ea
2281 2509 2396 2564 qua:
2416 2503 2538 2551 sunt
2561 2498 2614 2552 in
2639 2497 2779 2568 agris
2797 2499 3108 2569 rapientem,
3132 2501 3184 2555 in
3209 2502 3488 2571 speluncas
3502 2519 3570 2558 ac
3597 2505 3765 2560 foveas

2193 2584 2566 2642 subterraneas
2593 2603 2778 2644 aurum
2804 2599 2858 2645 et
2880 2600 3152 2662 argentum
3172 2592 3552 2662 defodientem,
3581 2613 3648 2652 ac
3669 2599 3766 2651 illic

2193 2676 2354 2730 multa
2387 2678 2743 2735 recludentem
2761 2695 3019 2748 armenta,
3041 2693 3214 2740 vestes
3236 2700 3298 2740 ac
3325 2687 3590 2757 mancipia
3612 2691 3765 2744 multa

2189 2782 2258 2821 ex
2285 2768 2675 2826 incursionibus
2693 2773 2793 2828 illis
2818 2775 3198 2845 possidentem,
3226 2792 3321 2848 age
3345 2779 3429 2835 dic
3458 2782 3616 2849 mihi,
3647 2799 3764 2836 num

2195 2857 2340 2916 illum
2384 2862 2593 2919 beatum
2621 2865 2826 2922 dicaes
2866 2879 3082 2939 propter
3105 2871 3310 2928 divitias
3338 2873 3454 2927 illas
3482 2888 3550 2927 an
3599 2876 3766 2945 potius

2191 2957 2446 3012 miserum
2471 2958 2788 3028 praedicares
2804 2971 3019 3032 propter
3035 2965 3342 3034 supplicium
3366 2966 3439 3020 illi
3463 2971 3766 3022 ventorum?

2193 3048 2349 3118 Atqui
2393 3049 2627 3105 nondum
2674 3055 3090 3124 comprehensus
3127 3067 3226 3122 est,
3276 3073 3445 3128 neque
3481 3061 3531 3114 in
3579 3078 3766 3117 manus

2188 3139 2382 3210 judicis
2429 3141 2670 3209 traditus,
2721 3159 2819 3200 nec
2861 3146 2911 3199 in
2957 3161 3220 3201 carcerem
3260 3150 3549 3218 conjectus,
3598 3169 3765 3219 neque

2191 3241 2551 3288 accusatorem
2577 3233 2776 3299 habuit,
2804 3251 2973 3306 neque
3000 3239 3051 3291 in
3076 3238 3328 3308 judicium
3355 3242 3521 3306 venit,
3552 3243 3648 3297 sed
3673 3243 3762 3297 de-

2193 3325 2327 3381 liciis
2372 3326 2640 3398 indulget,
2687 3329 3010 3397 inebriatur,
3053 3332 3314 3403 multaque
3356 3349 3533 3389 rerum
3578 3336 3767 3391 fruitur

2191 3415 2482 3472 affluentia.
2512 3421 2758 3474 Attamen
2803 3437 2908 3475 non
2951 3433 3166 3493 propter
3213 3425 3510 3491 prtesentia,
3539 3442 3766 3496 qumque

2191 3508 2472 3576 videnlur,
2519 3509 2818 3578 judicamus
2888 3513 3032 3566 illum
3081 3514 3288 3568 beatum
3337 3533 3350 3570 :
3397 3517 3492 3571 sed
3542 3533 3766 3588 propter

2192 3601 2384 3667 futura,
2433 3615 2653 3672 qumque
2697 3603 2991 3669 imminent,
3023 3604 3166 3659 illum
3210 3606 3456 3661 miserum
3501 3612 3762 3679 pra-dica-

2191 3707 2330 3747 lllllSo

2263 3785 2412 3842 Dives
2437 3786 2636 3855 iniquus
2665 3786 2813 3840 latro.
2843 3818 2914 3826 —
2934 3786 3046 3843 Iloc
3092 3789 3216 3844 item
3258 3801 3311 3847 et
3338 3791 3404 3848 de
3428 3790 3682 3849 divitibus
3708 3807 3763 3850 et

2190 3877 2258 3932 de
2285 3877 2458 3932 avaris
2485 3877 2676 3948 cogita.
2710 3877 2963 3934 Latrones
3005 3883 3232 3951 quipiam
3273 3896 3412 3949 sunt,
3458 3887 3570 3940 vias
3609 3887 3758 3941 obsi-

2190 3969 2399 4037 dentes,
2431 3986 2517 4026 res
2541 3972 2966 4041 praetereuntium
2994 3979 3275 4044 rapientes,
3301 3979 3438 4031 velut
3464 3979 3516 4034 in
3544 3981 3760 4050 Spelun-

2190 4063 2268 4117 cis
2287 4079 2348 4118 ac
2370 4061 2535 4118 foveis
2550 4063 2925 4128 subterraneis,
2940 4065 3163 4120 aliorum
3185 4067 3452 4124 facultates
3473 4071 3524 4124 in
3543 4074 3659 4127 suis
3673 4088 3758 4126 cu-

2189 4152 2377 4208 biculis
2396 4153 2742 4210 defodientes.
2760 4155 2836 4212 Ne
2859 4156 3012 4227 igitur
3032 4157 3212 4214 beatos
3231 4159 3463 4216 dicamus
3483 4162 3602 4218 illos
3632 4180 3756 4234 pro-

2189 4259 2306 4316 pter
2321 4249 2622 4318 prtesentia,
2637 4249 2730 4305 sed
2747 4250 2967 4305 miseros
2984 4261 3195 4322 propter
3210 4251 3403 4319 futura,
3428 4266 3645 4323 propter
3661 4255 3760 4311 for-

2189 4339 2496 4396 midandum
2517 4341 2644 4396 illud
2664 4340 2939 4412 judicium,
2963 4354 3178 4413 propter
3203 4344 3528 4402 inevitabiles
3551 4364 3756 4416 mgnas,

2187 4441 2406 4504 propter
2421 4433 2665 4488 tenebras
2679 4434 2988 4498 exteriores,
3003 4451 3120 4504 qua:
3141 4435 3282 4505 ipsos
3297 4448 3593 4508 exceptura:
3612 4452 3755 4494 sunt.

2187 4520 2318 4578 Nam
2342 4523 2572 4579 latrones
2587 4523 2799 4594 quidem
2823 4523 3127 4595 frequenter
3141 4542 3205 4582 ex
3227 4526 3496 4583 hominum
3513 4532 3760 4586 manilius

2189 4613 2356 4685 elapsi
2405 4623 2568 4680 sunt,
2617 4615 2958 4672 nihilominus
3003 4631 3125 4672 cum
3176 4619 3276 4674 hoc
3315 4622 3577 4688 sciamus,
3629 4637 3684 4679 et
3727 4643 3755 4678 a

2188 4706 2342 4763 nobis
2387 4707 2514 4778 ipsis
2556 4705 2903 4778 deprecamur
2937 4719 2992 4765 et
3031 4710 3098 4766 ab
3128 4710 3363 4766 hostibus
3404 4713 3759 4784 imprecamur

2189 4799 2409 4854 istorum
2439 4799 2621 4866 vitam,
2648 4815 2752 4854 una
2775 4816 2894 4855 cum
2919 4803 3229 4859 exsecrabili
3259 4820 3432 4860 rerum
3460 4810 3636 4876 copia.
3670 4813 3758 4864 At-

2187 4889 2279 4960 qui
2308 4891 2406 4944 sub
2431 4890 2540 4945 Deo
2561 4905 2667 4945 non
2698 4891 2818 4946 licet
2847 4891 2982 4947 istud
3011 4892 3208 4949 dicere.
3240 4893 3423 4951 Nullus
3446 4897 3588 4951 enim
3620 4899 3758 4953 illius

2187 4979 2400 5052 effugiet
2447 4984 2784 5048 sententiam,
2829 4983 2921 5038 sed
2974 5001 3160 5040 omnes
3205 4988 3456 5054 omnino,
3503 4990 3590 5058 qui
3638 5006 3756 5044 cum

2187 5071 2460 5130 fraudibus
2483 5083 2534 5130 et
2561 5075 2756 5145 rapinis
2783 5075 2981 5138 vivunt,
3014 5076 3109 5132 Dei
3134 5076 3412 5132 vindictam
3437 5079 3537 5134 sibi
3578 5097 3757 5137 accer-

2188 5174 2312 5219 sunt
2339 5165 2477 5219 illam
2523 5165 2870 5221 immortalem
2915 5166 3122 5238 fineque
3175 5179 3460 5234 carentem,
3504 5165 3758 5241 quemad-

2189 5253 2402 5313 modum
2440 5265 2495 5312 et
2521 5255 2668 5312 dives
2708 5257 2818 5312 ille.
2865 5253 2993 5326 Quae
3032 5260 3242 5329 quidem
3271 5262 3445 5314 omnia
3489 5264 3633 5332 apud
3663 5281 3755 5318 nos

2191 5349 2334 5420 ipsos
2376 5345 2728 5414 conferentes,
2769 5348 3116 5418 dilectissimi,
3163 5367 3228 5406 ne
3254 5350 3435 5407 beatos
3458 5353 3756 5422 judicemus

2189 5444 2277 5517 qui
2305 5443 2519 5510 divitiis,
2564 5443 2658 5500 sed
2687 5445 2776 5513 qui
2802 5443 2994 5500 virtute
3037 5443 3238 5514 pnediti
3264 5453 3386 5499 sunt
3414 5463 3427 5499 :
3456 5461 3630 5517 neque
3659 5452 3754 5501 mi-

2188 5551 2337 5592 seros
2361 5534 2618 5600 dicamus,
2643 5535 2732 5605 qui
2756 5535 2951 5605 degunt
2976 5535 3025 5589 in
3049 5545 3372 5606 paupertate,
3400 5535 3493 5591 sed
3524 5538 3613 5608 qui
3637 5553 3752 5592 eum

2189 5629 2526 5700 improbitate
2559 5644 2573 5682 :
2603 5643 2672 5684 ne
2707 5628 2987 5698 praesentia
3037 5629 3409 5698 respiciamus,
3441 5629 3534 5684 sed
3582 5629 3749 5684 futura

2190 5719 2572 5795 prospiciamus
2601 5737 2614 5775 :
2643 5735 2712 5776 ne
2753 5729 3030 5775 externum
3069 5720 3338 5783 amictum,
3382 5719 3473 5774 sed
3501 5720 3751 5789 cujusque

2192 5815 2568 5872 conscientiam
2601 5816 2991 5892 egaminemus;
3027 5825 3390 5886 sectantesque
3417 5816 3664 5871 virtutem
3697 5830 3748 5866 ac
