  <div class='ocr_page' id='page_1' title='image "/cluster/home/n/w/nwhite01/storage/ocr_20150623/48/hvd.32044014784250/462.png"; bbox 0 0 3790 6270; ppageno 0'>
   <div class='ocr_carea' id='block_1_1' title="bbox 17 341 1972 420">
    <p class='ocr_par' dir='ltr' id='par_1_1' title="bbox 17 341 1972 420">
     <span class='ocr_line' id='line_1_1' title="bbox 17 341 1972 420; baseline 0.002 -5"><span class='ocrx_word' id='word_1_1' title='bbox 17 359 51 415; x_wconf 79' lang='lat'><strong>9</strong></span> <span class='ocrx_word' id='word_1_2' title='bbox 1057 341 1064 350; x_wconf 81' lang='lat'>‘</span> <span class='ocrx_word' id='word_1_3' title='bbox 1203 355 1286 410; x_wconf 86' lang='lat' dir='ltr'>DE</span> <span class='ocrx_word' id='word_1_4' title='bbox 1324 357 1603 417; x_wconf 76' lang='lat' dir='ltr'>LAZARO</span> <span class='ocrx_word' id='word_1_5' title='bbox 1641 362 1893 420; x_wconf 67' lang='lat' dir='ltr'>comm</span> <span class='ocrx_word' id='word_1_6' title='bbox 1931 366 1972 418; x_wconf 90' lang='grc' dir='ltr'>ι.</span> 
     </span>
    </p>
   </div>
   <div class='ocr_carea' id='block_1_2' title="bbox 17 471 1549 548">
    <p class='ocr_par' dir='ltr' id='par_1_2' title="bbox 17 471 1549 548">
     <span class='ocr_line' id='line_1_2' title="bbox 17 471 1549 548; baseline 0.007 -29"><span class='ocrx_word' id='word_1_7' title='bbox 17 488 61 522; x_wconf 75' lang='grc' dir='ltr'>ιν</span> <span class='ocrx_word' id='word_1_8' title='bbox 112 473 462 543; x_wconf 81' lang='grc' dir='ltr'>πραγμάτων</span> <span class='ocrx_word' id='word_1_9' title='bbox 507 471 788 542; x_wconf 80' lang='grc' dir='ltr'>ἀληθείας,</span> <span class='ocrx_word' id='word_1_10' title='bbox 818 474 1072 528; x_wconf 88' lang='grc' dir='ltr'>τοσοῦτόν</span> <span class='ocrx_word' id='word_1_11' title='bbox 1096 478 1211 529; x_wconf 87' lang='grc' dir='ltr'>ἐστι</span> <span class='ocrx_word' id='word_1_12' title='bbox 1244 477 1345 548; x_wconf 88' lang='grc' dir='ltr'>τῆς</span> <span class='ocrx_word' id='word_1_13' title='bbox 1378 493 1549 531; x_wconf 88' lang='grc' dir='ltr'>κατα-</span> 
     </span>
    </p>
   </div>
   <div class='ocr_carea' id='block_1_3' title="bbox 18 553 1230 630">
    <p class='ocr_par' dir='ltr' id='par_1_3' title="bbox 18 553 1230 630">
     <span class='ocr_line' id='line_1_3' title="bbox 18 553 1230 630; baseline 0.006 -25"><span class='ocrx_word' id='word_1_14' title='bbox 18 553 215 616; x_wconf 83' lang='grc' dir='ltr'>άσεως</span> <span class='ocrx_word' id='word_1_15' title='bbox 231 555 436 625; x_wconf 86' lang='grc' dir='ltr'>ταύτης</span> <span class='ocrx_word' id='word_1_16' title='bbox 458 557 552 609; x_wconf 76' lang='grc' dir='ltr'>καὶ</span> <span class='ocrx_word' id='word_1_17' title='bbox 587 556 690 625; x_wconf 89' lang='grc' dir='ltr'>τῆς</span> <span class='ocrx_word' id='word_1_18' title='bbox 715 559 832 610; x_wconf 84' lang='grc' dir='ltr'>ἐκεῖ</span> <span class='ocrx_word' id='word_1_19' title='bbox 856 558 916 609; x_wconf 87' lang='grc' dir='ltr'>τὸ</span> <span class='ocrx_word' id='word_1_20' title='bbox 945 557 1230 630; x_wconf 84' lang='grc' dir='ltr'>διάφορον;</span> 
     </span>
    </p>
   </div>
   <div class='ocr_carea' id='block_1_4' title="bbox 25 637 1549 710">
    <p class='ocr_par' dir='ltr' id='par_1_4' title="bbox 25 637 1549 710">
     <span class='ocr_line' id='line_1_4' title="bbox 25 637 1549 710; baseline 0.004 -22"><span class='ocrx_word' id='word_1_21' title='bbox 25 638 256 700; x_wconf 79' lang='grc' dir='ltr'>Ἀλλως</span> <span class='ocrx_word' id='word_1_22' title='bbox 282 637 340 690; x_wconf 84' lang='grc' dir='ltr'>δὲ</span> <span class='ocrx_word' id='word_1_23' title='bbox 372 639 468 691; x_wconf 77' lang='grc' dir='ltr'>καὶ</span> <span class='ocrx_word' id='word_1_24' title='bbox 497 639 603 710; x_wconf 84' lang='grc' dir='ltr'>πρὸ</span> <span class='ocrx_word' id='word_1_25' title='bbox 625 641 723 708; x_wconf 88' lang='grc' dir='ltr'>τῆς</span> <span class='ocrx_word' id='word_1_26' title='bbox 759 643 878 693; x_wconf 87' lang='grc' dir='ltr'>ἐκεῖ</span> <span class='ocrx_word' id='word_1_27' title='bbox 903 642 1193 706; x_wconf 80' lang='grc' dir='ltr'>κολάσεως,</span> <span class='ocrx_word' id='word_1_28' title='bbox 1223 643 1476 696; x_wconf 80' lang='grc' dir='ltr'>ἐντεῦθεν</span> <span class='ocrx_word' id='word_1_29' title='bbox 1500 643 1549 696; x_wconf 81' lang='grc' dir='ltr'>οί</span> 
     </span>
    </p>
   </div>
   <div class='ocr_carea' id='block_1_5' title="bbox 18 721 1548 794">
    <p class='ocr_par' dir='ltr' id='par_1_5' title="bbox 18 721 1548 794">
     <span class='ocr_line' id='line_1_5' title="bbox 18 721 1548 794; baseline 0.007 -23"><span class='ocrx_word' id='word_1_30' title='bbox 18 721 395 790; x_wconf 81' lang='grc' dir='ltr'>ινηρευόμενοι</span> <span class='ocrx_word' id='word_1_31' title='bbox 427 723 521 775; x_wconf 75' lang='grc' dir='ltr'>καὶ</span> <span class='ocrx_word' id='word_1_32' title='bbox 558 722 616 775; x_wconf 87' lang='grc' dir='ltr'>ἐν</span> <span class='ocrx_word' id='word_1_33' title='bbox 641 724 937 794; x_wconf 72' lang='grc' dir='ltr'>ἁμαρτίαις</span> <span class='ocrx_word' id='word_1_34' title='bbox 973 724 1172 788; x_wconf 76' lang='grc' dir='ltr'>ζῶντες</span> <span class='ocrx_word' id='word_1_35' title='bbox 1213 725 1548 790; x_wconf 77' lang='grc' dir='ltr'>κολάζονται.</span> 
     </span>
    </p>
   </div>
   <div class='ocr_carea' id='block_1_6' title="bbox 17 803 1552 876">
    <p class='ocr_par' dir='ltr' id='par_1_6' title="bbox 17 803 1552 876">
     <span class='ocr_line' id='line_1_6' title="bbox 17 803 1552 876; baseline -0.012 1"><span class='ocrx_word' id='word_1_36' title='bbox 17 804 44 871; x_wconf 57' lang='grc' dir='ltr'>δ’]</span> <span class='ocrx_word' id='word_1_37' title='bbox 81 803 200 873; x_wconf 74' lang='grc' dir='ltr'>γάρ</span> <span class='ocrx_word' id='word_1_38' title='bbox 236 821 324 873; x_wconf 80' lang='grc' dir='ltr'>μοι</span> <span class='ocrx_word' id='word_1_39' title='bbox 368 805 459 857; x_wconf 74' lang='grc' dir='ltr'>τὸν</span> <span class='ocrx_word' id='word_1_40' title='bbox 510 807 792 876; x_wconf 76' lang='grc' dir='ltr'>τραπέζης</span> <span class='ocrx_word' id='word_1_41' title='bbox 842 808 1182 861; x_wconf 80' lang='grc' dir='ltr'>ἀπολαύοντα</span> <span class='ocrx_word' id='word_1_42' title='bbox 1230 809 1552 872; x_wconf 80' lang='grc' dir='ltr'>πολυτελοῦς</span> 
     </span>
    </p>
   </div>
   <div class='ocr_carea' id='block_1_7' title="bbox 17 885 1554 962">
    <p class='ocr_par' dir='ltr' id='par_1_7' title="bbox 17 885 1554 962">
     <span class='ocr_line' id='line_1_7' title="bbox 17 885 1554 962; baseline 0.005 -26"><span class='ocrx_word' id='word_1_43' title='bbox 17 885 158 948; x_wconf 79' lang='grc' dir='ltr'>ιλῶς</span> <span class='ocrx_word' id='word_1_44' title='bbox 190 888 373 957; x_wconf 74' lang='grc' dir='ltr'>εἴπῃς,</span> <span class='ocrx_word' id='word_1_45' title='bbox 409 889 504 940; x_wconf 76' lang='grc' dir='ltr'>καὶ</span> <span class='ocrx_word' id='word_1_46' title='bbox 536 888 629 941; x_wconf 87' lang='grc' dir='ltr'>τὸν</span> <span class='ocrx_word' id='word_1_47' title='bbox 677 890 867 959; x_wconf 78' lang='grc' dir='ltr'>ἱμάτια</span> <span class='ocrx_word' id='word_1_48' title='bbox 903 891 1367 962; x_wconf 80' lang='grc' dir='ltr'>περιϐεϐλημένον</span> <span class='ocrx_word' id='word_1_49' title='bbox 1401 909 1554 962; x_wconf 83' lang='grc' dir='ltr'>σηρι-</span> 
     </span>
    </p>
   </div>
   <div class='ocr_carea' id='block_1_8' title="bbox 17 969 1551 1045">
    <p class='ocr_par' dir='ltr' id='par_1_8' title="bbox 17 969 1551 1045">
     <span class='ocr_line' id='line_1_8' title="bbox 17 969 1551 1045; baseline 0.007 -27"><span class='ocrx_word' id='word_1_50' title='bbox 17 985 50 1028; x_wconf 85' lang='grc' dir='ltr'>ι,</span> <span class='ocrx_word' id='word_1_51' title='bbox 89 969 192 1020; x_wconf 58' lang='grc' dir='ltr'>καὶ¹</span> <span class='ocrx_word' id='word_1_52' title='bbox 208 970 556 1038; x_wconf 76' lang='grc' dir='ltr'>ἀνδραπόδων</span> <span class='ocrx_word' id='word_1_53' title='bbox 574 973 772 1039; x_wconf 82' lang='grc' dir='ltr'>ἀγέλας</span> <span class='ocrx_word' id='word_1_54' title='bbox 801 975 1183 1045; x_wconf 76' lang='grc' dir='ltr'>περιφέροντα,</span> <span class='ocrx_word' id='word_1_55' title='bbox 1210 978 1304 1030; x_wconf 88' lang='grc' dir='ltr'>καί</span> <span class='ocrx_word' id='word_1_56' title='bbox 1331 976 1551 1030; x_wconf 87' lang='grc' dir='ltr'>σοϐοῦν-</span> 
     </span>
    </p>
   </div>
   <div class='ocr_carea' id='block_1_9' title="bbox 17 1054 1552 1130">
    <p class='ocr_par' dir='ltr' id='par_1_9' title="bbox 17 1054 1552 1130">
     <span class='ocr_line' id='line_1_9' title="bbox 17 1054 1552 1130; baseline 0.007 -28"><span class='ocrx_word' id='word_1_57' title='bbox 17 1091 21 1101; x_wconf 90' lang='grc'>.</span> <span class='ocrx_word' id='word_1_58' title='bbox 57 1054 160 1104; x_wconf 74' lang='grc' dir='ltr'>ἐπὶ</span> <span class='ocrx_word' id='word_1_59' title='bbox 191 1054 295 1123; x_wconf 89' lang='grc' dir='ltr'>τῆς</span> <span class='ocrx_word' id='word_1_60' title='bbox 337 1057 564 1126; x_wconf 73' lang='grc' dir='ltr'>ἀγοράςο</span> <span class='ocrx_word' id='word_1_61' title='bbox 596 1057 712 1110; x_wconf 86' lang='grc' dir='ltr'>ἀλλ’</span> <span class='ocrx_word' id='word_1_62' title='bbox 767 1059 1073 1122; x_wconf 82' lang='grc' dir='ltr'>ἀνάπτυξόν</span> <span class='ocrx_word' id='word_1_63' title='bbox 1123 1077 1214 1130; x_wconf 91' lang='grc' dir='ltr'>μοι</span> <span class='ocrx_word' id='word_1_64' title='bbox 1245 1060 1436 1113; x_wconf 82' lang='grc' dir='ltr'>τούτου</span> <span class='ocrx_word' id='word_1_65' title='bbox 1491 1061 1552 1112; x_wconf 83' lang='grc' dir='ltr'>τὸ</span> 
     </span>
    </p>
   </div>
   <div class='ocr_carea' id='block_1_10' title="bbox 17 1135 1552 1214">
    <p class='ocr_par' dir='ltr' id='par_1_10' title="bbox 17 1135 1552 1214">
     <span class='ocr_line' id='line_1_10' title="bbox 17 1135 1552 1214; baseline 0.008 -29"><span class='ocrx_word' id='word_1_66' title='bbox 17 1135 234 1198; x_wconf 72' lang='grc' dir='ltr'>ννειδὸς,</span> <span class='ocrx_word' id='word_1_67' title='bbox 260 1138 355 1189; x_wconf 72' lang='grc' dir='ltr'>καὶ</span> <span class='ocrx_word' id='word_1_68' title='bbox 387 1138 506 1207; x_wconf 70' lang='grc' dir='ltr'>ὕψει</span> <span class='ocrx_word' id='word_1_69' title='bbox 537 1140 705 1193; x_wconf 81' lang='grc' dir='ltr'>πολὺν</span> <span class='ocrx_word' id='word_1_70' title='bbox 732 1140 943 1194; x_wconf 77' lang='grc' dir='ltr'>ἔνδοθεν</span> <span class='ocrx_word' id='word_1_71' title='bbox 965 1141 1192 1212; x_wconf 80' lang='grc' dir='ltr'>θόρυϐον</span> <span class='ocrx_word' id='word_1_72' title='bbox 1227 1143 1335 1196; x_wconf 86' lang='grc' dir='ltr'>τῶν</span> <span class='ocrx_word' id='word_1_73' title='bbox 1375 1144 1552 1214; x_wconf 80' lang='grc' dir='ltr'>ἀμαρ-</span> 
     </span>
    </p>
   </div>
   <div class='ocr_carea' id='block_1_11' title="bbox 17 1219 1551 1296">
    <p class='ocr_par' dir='ltr' id='par_1_11' title="bbox 17 1219 1551 1296">
     <span class='ocr_line' id='line_1_11' title="bbox 17 1219 1551 1296; baseline 0.007 -29"><span class='ocrx_word' id='word_1_74' title='bbox 17 1219 255 1286; x_wconf 34' lang='grc' dir='ltr'>έμάτων,</span> <span class='ocrx_word' id='word_1_75' title='bbox 274 1219 435 1288; x_wconf 81' lang='grc' dir='ltr'>φόϐον</span> <span class='ocrx_word' id='word_1_76' title='bbox 462 1221 706 1292; x_wconf 78' lang='grc' dir='ltr'>διηνεκῆ,</span> <span class='ocrx_word' id='word_1_77' title='bbox 724 1223 990 1294; x_wconf 80' lang='grc' dir='ltr'>χειμῶνα,</span> <span class='ocrx_word' id='word_1_78' title='bbox 1019 1225 1283 1295; x_wconf 78' lang='grc' dir='ltr'>ταραχὴν,</span> <span class='ocrx_word' id='word_1_79' title='bbox 1302 1225 1551 1296; x_wconf 84' lang='grc' dir='ltr'>καθάπερ</span> 
     </span>
    </p>
   </div>
   <div class='ocr_carea' id='block_1_12' title="bbox 37 1302 1550 1376">
    <p class='ocr_par' dir='ltr' id='par_1_12' title="bbox 37 1302 1550 1376">
     <span class='ocr_line' id='line_1_12' title="bbox 37 1302 1550 1376; baseline 0.005 -23"><span class='ocrx_word' id='word_1_80' title='bbox 37 1302 387 1374; x_wconf 76' lang='grc' dir='ltr'>δικαστηρίῳ</span> <span class='ocrx_word' id='word_1_81' title='bbox 407 1304 499 1357; x_wconf 87' lang='grc' dir='ltr'>τὸν</span> <span class='ocrx_word' id='word_1_82' title='bbox 533 1307 655 1358; x_wconf 89' lang='grc' dir='ltr'>νοῦν</span> <span class='ocrx_word' id='word_1_83' title='bbox 677 1308 769 1359; x_wconf 77' lang='grc' dir='ltr'>ἐπὶ</span> <span class='ocrx_word' id='word_1_84' title='bbox 814 1308 906 1360; x_wconf 93' lang='grc' dir='ltr'>τὸν</span> <span class='ocrx_word' id='word_1_85' title='bbox 933 1307 1118 1376; x_wconf 77' lang='grc' dir='ltr'>θρόνον</span> <span class='ocrx_word' id='word_1_86' title='bbox 1153 1310 1431 1363; x_wconf 83' lang='grc' dir='ltr'>ἀναϐάντα</span> <span class='ocrx_word' id='word_1_87' title='bbox 1460 1310 1550 1362; x_wconf 76' lang='grc' dir='ltr'>τὸν</span> 
     </span>
    </p>
   </div>
   <div class='ocr_carea' id='block_1_13' title="bbox 17 1385 1550 1463">
    <p class='ocr_par' dir='ltr' id='par_1_13' title="bbox 17 1385 1550 1463">
     <span class='ocr_line' id='line_1_13' title="bbox 17 1385 1550 1463; baseline 0.007 -29"><span class='ocrx_word' id='word_1_88' title='bbox 17 1385 255 1438; x_wconf 86' lang='grc' dir='ltr'>ισιλικὸν</span> <span class='ocrx_word' id='word_1_89' title='bbox 280 1399 305 1426; x_wconf 73' lang='grc' dir='ltr'>ι</span> <span class='ocrx_word' id='word_1_90' title='bbox 342 1387 436 1439; x_wconf 86' lang='grc' dir='ltr'>τοῦ</span> <span class='ocrx_word' id='word_1_91' title='bbox 456 1390 778 1453; x_wconf 84' lang='grc' dir='ltr'>συνειδότος,</span> <span class='ocrx_word' id='word_1_92' title='bbox 810 1391 903 1442; x_wconf 77' lang='grc' dir='ltr'>καὶ</span> <span class='ocrx_word' id='word_1_93' title='bbox 923 1391 1113 1462; x_wconf 81' lang='grc' dir='ltr'>ὥσπερ</span> <span class='ocrx_word' id='word_1_94' title='bbox 1139 1392 1258 1444; x_wconf 72' lang='grc' dir='ltr'>τινὰ</span> <span class='ocrx_word' id='word_1_95' title='bbox 1290 1393 1550 1463; x_wconf 73' lang='grc' dir='ltr'>δικαστὴν</span> 
     </span>
    </p>
   </div>
   <div class='ocr_carea' id='block_1_14' title="bbox 17 1461 1550 1544">
    <p class='ocr_par' dir='ltr' id='par_1_14' title="bbox 17 1461 1550 1544">
     <span class='ocr_line' id='line_1_14' title="bbox 17 1461 1550 1544; baseline 0.005 -26"><span class='ocrx_word' id='word_1_96' title='bbox 17 1467 110 1537; x_wconf 80' lang='grc' dir='ltr'>ιθή</span> <span class='ocrx_word' id='word_1_97' title='bbox 125 1463 312 1538; x_wconf 80' lang='grc' dir='ltr'>μενον,</span> <span class='ocrx_word' id='word_1_98' title='bbox 332 1472 425 1524; x_wconf 70' lang='grc' dir='ltr'>καὶ</span> <span class='ocrx_word' id='word_1_99' title='bbox 455 1474 580 1534; x_wconf 82' lang='grc' dir='ltr'>τοὺς</span> <span class='ocrx_word' id='word_1_100' title='bbox 596 1461 890 1544; x_wconf 73' lang='grc' dir='ltr'>λογισμοὺς</span> <span class='ocrx_word' id='word_1_101' title='bbox 911 1461 1280 1544; x_wconf 81' lang='grc' dir='ltr'>παριστῶντα,</span> <span class='ocrx_word' id='word_1_102' title='bbox 1299 1474 1550 1540; x_wconf 85' lang='grc' dir='ltr'>καθάπερ</span> 
     </span>
    </p>
   </div>
   <div class='ocr_carea' id='block_1_15' title="bbox 17 1553 1551 1626">
    <p class='ocr_par' dir='ltr' id='par_1_15' title="bbox 17 1553 1551 1626">
     <span class='ocr_line' id='line_1_15' title="bbox 17 1553 1551 1626; baseline 0.003 -24"><span class='ocrx_word' id='word_1_103' title='bbox 17 1553 226 1620; x_wconf 61' lang='grc' dir='ltr'>λμίους,</span> <span class='ocrx_word' id='word_1_104' title='bbox 267 1554 361 1606; x_wconf 79' lang='grc' dir='ltr'>καὶ</span> <span class='ocrx_word' id='word_1_105' title='bbox 388 1555 707 1625; x_wconf 81' lang='grc' dir='ltr'>ἀναρτῶντα</span> <span class='ocrx_word' id='word_1_106' title='bbox 744 1557 842 1626; x_wconf 78' lang='grc' dir='ltr'>τὴν</span> <span class='ocrx_word' id='word_1_107' title='bbox 873 1557 1129 1621; x_wconf 86' lang='grc' dir='ltr'>διάνοιαν,</span> <span class='ocrx_word' id='word_1_108' title='bbox 1165 1559 1259 1610; x_wconf 72' lang='grc' dir='ltr'>καὶ</span> <span class='ocrx_word' id='word_1_109' title='bbox 1303 1556 1551 1621; x_wconf 75' lang='grc' dir='ltr'>καταξαί·</span> 
     </span>
    </p>
   </div>
   <div class='ocr_carea' id='block_1_16' title="bbox 18 1635 1548 1710">
    <p class='ocr_par' dir='ltr' id='par_1_16' title="bbox 18 1635 1548 1710">
     <span class='ocr_line' id='line_1_16' title="bbox 18 1635 1548 1710; baseline 0.005 -26"><span class='ocrx_word' id='word_1_110' title='bbox 18 1651 125 1684; x_wconf 67' lang='grc' dir='ltr'>ιντα</span> <span class='ocrx_word' id='word_1_111' title='bbox 144 1635 174 1686; x_wconf 81' lang='grc' dir='ltr'>ὐ</span> <span class='ocrx_word' id='word_1_112' title='bbox 184 1637 289 1706; x_wconf 80' lang='grc' dir='ltr'>πὲρ</span> <span class='ocrx_word' id='word_1_113' title='bbox 317 1637 426 1688; x_wconf 82' lang='grc' dir='ltr'>τῶν</span> <span class='ocrx_word' id='word_1_114' title='bbox 438 1639 471 1707; x_wconf 77' lang='grc' dir='ltr'><strong>ἡ</strong></span> <span class='ocrx_word' id='word_1_115' title='bbox 481 1655 552 1707; x_wconf 90' lang='grc' dir='ltr'>μα</span> <span class='ocrx_word' id='word_1_116' title='bbox 561 1655 656 1708; x_wconf 83' lang='grc' dir='ltr'>ρτη</span> <span class='ocrx_word' id='word_1_117' title='bbox 667 1639 862 1707; x_wconf 87' lang='grc' dir='ltr'>μένων,</span> <span class='ocrx_word' id='word_1_118' title='bbox 889 1641 982 1692; x_wconf 74' lang='grc' dir='ltr'>καὶ</span> <span class='ocrx_word' id='word_1_119' title='bbox 1012 1642 1036 1692; x_wconf 81' lang='grc' dir='ltr'>ἐ</span> <span class='ocrx_word' id='word_1_120' title='bbox 1043 1639 1291 1710; x_wconf 84' lang='grc' dir='ltr'>μϐοῶντα</span> <span class='ocrx_word' id='word_1_121' title='bbox 1319 1642 1548 1710; x_wconf 82' lang='grc' dir='ltr'>μεγάλα,</span> 
     </span>
    </p>
   </div>
   <div class='ocr_carea' id='block_1_17' title="bbox 17 1716 1546 1793">
    <p class='ocr_par' dir='ltr' id='par_1_17' title="bbox 17 1716 1546 1793">
     <span class='ocr_line' id='line_1_17' title="bbox 17 1716 1546 1793; baseline 0.005 -26"><span class='ocrx_word' id='word_1_122' title='bbox 17 1716 204 1784; x_wconf 73' lang='grc' dir='ltr'>ηδενὸς</span> <span class='ocrx_word' id='word_1_123' title='bbox 240 1719 460 1783; x_wconf 74' lang='grc' dir='ltr'>εἰδότος,</span> <span class='ocrx_word' id='word_1_124' title='bbox 493 1720 607 1772; x_wconf 85' lang='grc' dir='ltr'>ἀλλ’</span> <span class='ocrx_word' id='word_1_125' title='bbox 634 1720 783 1790; x_wconf 81' lang='grc' dir='ltr'>ἢτοῦ</span> <span class='ocrx_word' id='word_1_126' title='bbox 813 1723 986 1775; x_wconf 85' lang='grc' dir='ltr'>ταῦτα</span> <span class='ocrx_word' id='word_1_127' title='bbox 1031 1724 1395 1792; x_wconf 82' lang='grc' dir='ltr'>ἐπισταμένου</span> <span class='ocrx_word' id='word_1_128' title='bbox 1429 1723 1546 1793; x_wconf 86' lang='grc' dir='ltr'>βλέ-</span> 
     </span>
    </p>
   </div>
   <div class='ocr_carea' id='block_1_18' title="bbox 17 1801 1550 1879">
    <p class='ocr_par' dir='ltr' id='par_1_18' title="bbox 17 1801 1550 1879">
     <span class='ocr_line' id='line_1_18' title="bbox 17 1801 1550 1879; baseline 0.007 -29"><span class='ocrx_word' id='word_1_129' title='bbox 17 1817 91 1850; x_wconf 78' lang='grc' dir='ltr'>ειν</span> <span class='ocrx_word' id='word_1_130' title='bbox 118 1801 262 1854; x_wconf 85' lang='grc' dir='ltr'>Θεοῦ</span> <span class='ocrx_word' id='word_1_131' title='bbox 290 1803 472 1872; x_wconf 89' lang='grc' dir='ltr'>μόνου.</span> <span class='ocrx_word' id='word_1_132' title='bbox 529 1805 640 1856; x_wconf 76' lang='grc' dir='ltr'>Καὶ</span> <span class='ocrx_word' id='word_1_133' title='bbox 670 1805 780 1876; x_wconf 82' lang='grc' dir='ltr'>γὰρ</span> <span class='ocrx_word' id='word_1_134' title='bbox 825 1807 854 1858; x_wconf 88' lang='lat'>6</span> <span class='ocrx_word' id='word_1_135' title='bbox 903 1806 1189 1877; x_wconf 79' lang='grc' dir='ltr'>μοιχεύων,</span> <span class='ocrx_word' id='word_1_136' title='bbox 1247 1807 1353 1860; x_wconf 76' lang='grc' dir='ltr'>κᾶν</span> <span class='ocrx_word' id='word_1_137' title='bbox 1399 1806 1550 1879; x_wconf 68' lang='grc'>[724]</span> 
     </span>
    </p>
   </div>
   <div class='ocr_carea' id='block_1_19' title="bbox 18 1882 1551 1961">
    <p class='ocr_par' dir='ltr' id='par_1_19' title="bbox 18 1882 1551 1961">
     <span class='ocr_line' id='line_1_19' title="bbox 18 1882 1551 1961; baseline 0.005 -28"><span class='ocrx_word' id='word_1_138' title='bbox 18 1883 238 1952; x_wconf 66' lang='grc' dir='ltr'>δριάκις</span> <span class='ocrx_word' id='word_1_139' title='bbox 328 1886 604 1950; x_wconf 87' lang='grc' dir='ltr'>πλούσιος,</span> <span class='ocrx_word' id='word_1_140' title='bbox 635 1887 738 1940; x_wconf 86' lang='grc' dir='ltr'>κᾶν</span> <span class='ocrx_word' id='word_1_141' title='bbox 773 1888 973 1958; x_wconf 78' lang='grc' dir='ltr'>μηδένα</span> <span class='ocrx_word' id='word_1_142' title='bbox 1006 1889 1410 1960; x_wconf 80' lang='grc' dir='ltr'>κατηγοροῦντα</span> <span class='ocrx_word' id='word_1_143' title='bbox 1431 1891 1551 1961; x_wconf 74' lang='grc' dir='ltr'>ἔχῃ,</span> 
     </span>
    </p>
   </div>
   <div class='ocr_carea' id='block_1_20' title="bbox 17 1965 1553 2044">
    <p class='ocr_par' dir='ltr' id='par_1_20' title="bbox 17 1965 1553 2044">
     <span class='ocr_line' id='line_1_20' title="bbox 17 1965 1553 2044; baseline 0.007 -29"><span class='ocrx_word' id='word_1_144' title='bbox 17 1985 25 2012; x_wconf 74' lang='grc' dir='ltr'>ι</span> <span class='ocrx_word' id='word_1_145' title='bbox 52 1965 297 2019; x_wconf 84' lang='grc' dir='ltr'>παύεται</span> <span class='ocrx_word' id='word_1_146' title='bbox 324 1968 520 2021; x_wconf 87' lang='grc' dir='ltr'>ἐαυτοῦ</span> <span class='ocrx_word' id='word_1_147' title='bbox 542 1970 867 2040; x_wconf 83' lang='grc' dir='ltr'>κατηγορῶν</span> <span class='ocrx_word' id='word_1_148' title='bbox 897 1971 1063 2024; x_wconf 74' lang='grc' dir='ltr'>ἔνδονο</span> <span class='ocrx_word' id='word_1_149' title='bbox 1097 1973 1190 2024; x_wconf 77' lang='grc' dir='ltr'>καὶ</span> <span class='ocrx_word' id='word_1_150' title='bbox 1216 1975 1248 2042; x_wconf 82' lang='grc' dir='ltr'>ἡ</span> <span class='ocrx_word' id='word_1_151' title='bbox 1276 1974 1373 2042; x_wconf 86' lang='grc' dir='ltr'>μὲν</span> <span class='ocrx_word' id='word_1_152' title='bbox 1394 1973 1553 2044; x_wconf 76' lang='grc' dir='ltr'>ἡδονὴ</span> 
     </span>
    </p>
   </div>
   <div class='ocr_carea' id='block_1_21' title="bbox 17 2049 1554 2125">
    <p class='ocr_par' dir='ltr' id='par_1_21' title="bbox 17 2049 1554 2125">
     <span class='ocr_line' id='line_1_21' title="bbox 17 2049 1554 2125; baseline 0.005 -25"><span class='ocrx_word' id='word_1_153' title='bbox 17 2049 336 2118; x_wconf 83' lang='grc' dir='ltr'>ρόσκαιρος,</span> <span class='ocrx_word' id='word_1_154' title='bbox 359 2053 391 2121; x_wconf 80' lang='grc' dir='ltr'>ἡ</span> <span class='ocrx_word' id='word_1_155' title='bbox 418 2051 476 2104; x_wconf 86' lang='grc' dir='ltr'>δὲ</span> <span class='ocrx_word' id='word_1_156' title='bbox 505 2052 669 2122; x_wconf 80' lang='grc' dir='ltr'>ὀδύνη</span> <span class='ocrx_word' id='word_1_157' title='bbox 708 2053 981 2124; x_wconf 79' lang='grc' dir='ltr'>διηνεκὴς,</span> <span class='ocrx_word' id='word_1_158' title='bbox 1022 2055 1186 2124; x_wconf 85' lang='grc' dir='ltr'>φόϐος</span> <span class='ocrx_word' id='word_1_159' title='bbox 1217 2056 1554 2125; x_wconf 84' lang='grc' dir='ltr'>πανταχόθεν</span> 
     </span>
    </p>
   </div>
   <div class='ocr_carea' id='block_1_22' title="bbox 17 2133 1553 2205">
    <p class='ocr_par' dir='ltr' id='par_1_22' title="bbox 17 2133 1553 2205">
     <span class='ocr_line' id='line_1_22' title="bbox 17 2133 1553 2205; baseline 0.008 -23"><span class='ocrx_word' id='word_1_160' title='bbox 17 2134 62 2182; x_wconf 64' lang='grc' dir='ltr'>ιι</span> <span class='ocrx_word' id='word_1_161' title='bbox 111 2133 340 2202; x_wconf 84' lang='grc' dir='ltr'>τρόμος,</span> <span class='ocrx_word' id='word_1_162' title='bbox 393 2135 598 2204; x_wconf 73' lang='grc' dir='ltr'>ὑποψία</span> <span class='ocrx_word' id='word_1_163' title='bbox 661 2137 753 2188; x_wconf 66' lang='grc' dir='ltr'>καλ⁸</span> <span class='ocrx_word' id='word_1_164' title='bbox 798 2139 1025 2205; x_wconf 85' lang='grc' dir='ltr'>ἀγωνία·</span> <span class='ocrx_word' id='word_1_165' title='bbox 1073 2140 1200 2204; x_wconf 82' lang='grc' dir='ltr'>τοὺς</span> <span class='ocrx_word' id='word_1_166' title='bbox 1247 2142 1553 2204; x_wconf 85' lang='grc' dir='ltr'>στενωποὺς</span> 
     </span>
    </p>
   </div>
   <div class='ocr_carea' id='block_1_23' title="bbox 18 2213 1551 2292">
    <p class='ocr_par' dir='ltr' id='par_1_23' title="bbox 18 2213 1551 2292">
     <span class='ocr_line' id='line_1_23' title="bbox 18 2213 1551 2292; baseline 0.01 -29"><span class='ocrx_word' id='word_1_167' title='bbox 18 2213 198 2278; x_wconf 75' lang='grc' dir='ltr'>ἰδοικε,</span> <span class='ocrx_word' id='word_1_168' title='bbox 249 2217 347 2280; x_wconf 77' lang='grc' dir='ltr'>τὰς</span> <span class='ocrx_word' id='word_1_169' title='bbox 407 2219 565 2281; x_wconf 80' lang='grc' dir='ltr'>σκιάς</span> <span class='ocrx_word' id='word_1_170' title='bbox 594 2219 763 2282; x_wconf 71' lang='grc' dir='ltr'>αὐτάς</span> <span class='ocrx_word' id='word_1_171' title='bbox 791 2221 1002 2292; x_wconf 79' lang='grc' dir='ltr'>τρέμει,</span> <span class='ocrx_word' id='word_1_172' title='bbox 1030 2226 1154 2287; x_wconf 86' lang='grc' dir='ltr'>τούς</span> <span class='ocrx_word' id='word_1_173' title='bbox 1183 2225 1400 2288; x_wconf 81' lang='grc' dir='ltr'>οἰκέτας</span> <span class='ocrx_word' id='word_1_174' title='bbox 1428 2227 1551 2288; x_wconf 86' lang='grc' dir='ltr'>τούς</span> 
     </span>
    </p>
   </div>
   <div class='ocr_carea' id='block_1_24' title="bbox 17 2294 1552 2379">
    <p class='ocr_par' dir='ltr' id='par_1_24' title="bbox 17 2294 1552 2379">
     <span class='ocr_line' id='line_1_24' title="bbox 17 2294 1552 2379; baseline 0.011 -35"><span class='ocrx_word' id='word_1_175' title='bbox 17 2294 189 2360; x_wconf 73' lang='grc' dir='ltr'>ιντοῦ,</span> <span class='ocrx_word' id='word_1_176' title='bbox 223 2297 350 2360; x_wconf 81' lang='grc' dir='ltr'>τούς</span> <span class='ocrx_word' id='word_1_177' title='bbox 377 2301 701 2368; x_wconf 82' lang='grc' dir='ltr'>συνειδότας,</span> <span class='ocrx_word' id='word_1_178' title='bbox 723 2303 848 2367; x_wconf 84' lang='grc' dir='ltr'>τούς</span> <span class='ocrx_word' id='word_1_179' title='bbox 872 2306 1219 2372; x_wconf 86' lang='grc' dir='ltr'>ἀγνοοῦντας,</span> <span class='ocrx_word' id='word_1_180' title='bbox 1239 2307 1336 2378; x_wconf 83' lang='grc' dir='ltr'>τὴν</span> <span class='ocrx_word' id='word_1_181' title='bbox 1364 2307 1552 2379; x_wconf 73' lang='grc' dir='ltr'>ἠδικη-</span> 
     </span>
    </p>
   </div>
   <div class='ocr_carea' id='block_1_25' title="bbox 18 2377 1547 2460">
    <p class='ocr_par' dir='ltr' id='par_1_25' title="bbox 18 2377 1547 2460">
     <span class='ocr_line' id='line_1_25' title="bbox 18 2377 1547 2460; baseline 0.009 -33"><span class='ocrx_word' id='word_1_182' title='bbox 18 2377 141 2445; x_wconf 64' lang='grc' dir='ltr'>ἐνῆν</span> <span class='ocrx_word' id='word_1_183' title='bbox 165 2380 359 2450; x_wconf 86' lang='grc' dir='ltr'>αὐτὴν,</span> <span class='ocrx_word' id='word_1_184' title='bbox 386 2382 478 2435; x_wconf 90' lang='grc' dir='ltr'>τὸν</span> <span class='ocrx_word' id='word_1_185' title='bbox 508 2383 834 2455; x_wconf 76' lang='grc' dir='ltr'>ὑϐρισμένον</span> <span class='ocrx_word' id='word_1_186' title='bbox 867 2388 1062 2457; x_wconf 78' lang='grc' dir='ltr'>ἀνδραο</span> <span class='ocrx_word' id='word_1_187' title='bbox 1082 2377 1428 2460; x_wconf 68' lang='grc' dir='ltr'>περιέρχεται</span> <span class='ocrx_word' id='word_1_188' title='bbox 1459 2409 1547 2444; x_wconf 67' lang='grc' dir='ltr'>περ</span> 
     </span>
    </p>
   </div>
   <div class='ocr_carea' id='block_1_26' title="bbox 17 2461 1552 2546">
    <p class='ocr_par' dir='ltr' id='par_1_26' title="bbox 17 2461 1552 2546">
     <span class='ocr_line' id='line_1_26' title="bbox 17 2461 1552 2546; baseline 0.011 -35"><span class='ocrx_word' id='word_1_189' title='bbox 17 2461 100 2524; x_wconf 70' lang='grc' dir='ltr'>οὸν</span> <span class='ocrx_word' id='word_1_190' title='bbox 127 2465 435 2538; x_wconf 81' lang='grc' dir='ltr'>κατήγορον</span> <span class='ocrx_word' id='word_1_191' title='bbox 466 2469 777 2541; x_wconf 85' lang='grc' dir='ltr'>περιφέρων</span> <span class='ocrx_word' id='word_1_192' title='bbox 801 2471 860 2523; x_wconf 87' lang='grc' dir='ltr'>τὸ</span> <span class='ocrx_word' id='word_1_193' title='bbox 890 2471 1552 2546; x_wconf 81' lang='grc' dir='ltr'>συνειδὸς,αύτοκατάκρι·</span> 
     </span>
    </p>
   </div>
   <div class='ocr_carea' id='block_1_27' title="bbox 17 2543 1552 2624">
    <p class='ocr_par' dir='ltr' id='par_1_27' title="bbox 17 2543 1552 2624">
     <span class='ocr_line' id='line_1_27' title="bbox 17 2543 1552 2624; baseline 0.011 -31"><span class='ocrx_word' id='word_1_194' title='bbox 17 2560 63 2604; x_wconf 69' lang='lat'>3;</span> <span class='ocrx_word' id='word_1_195' title='bbox 91 2543 191 2606; x_wconf 78' lang='grc' dir='ltr'>ὢν,</span> <span class='ocrx_word' id='word_1_196' title='bbox 225 2548 318 2599; x_wconf 75' lang='grc' dir='ltr'>καὶ</span> <span class='ocrx_word' id='word_1_197' title='bbox 351 2548 471 2600; x_wconf 85' lang='grc' dir='ltr'>οὐδέ</span> <span class='ocrx_word' id='word_1_198' title='bbox 505 2551 700 2621; x_wconf 86' lang='grc' dir='ltr'>μικρὸν</span> <span class='ocrx_word' id='word_1_199' title='bbox 735 2553 1067 2606; x_wconf 81' lang='grc' dir='ltr'>ἀναπνεῦσαι</span> <span class='ocrx_word' id='word_1_200' title='bbox 1094 2555 1408 2624; x_wconf 88' lang='grc' dir='ltr'>δυνάμενος.</span> <span class='ocrx_word' id='word_1_201' title='bbox 1441 2558 1552 2610; x_wconf 80' lang='grc' dir='ltr'>Καὶ</span> 
     </span>
    </p>
   </div>
   <div class='ocr_carea' id='block_1_28' title="bbox 17 2627 1547 2712">
    <p class='ocr_par' dir='ltr' id='par_1_28' title="bbox 17 2627 1547 2712">
     <span class='ocr_line' id='line_1_28' title="bbox 17 2627 1547 2712; baseline 0.012 -36"><span class='ocrx_word' id='word_1_202' title='bbox 17 2627 80 2694; x_wconf 65' lang='grc' dir='ltr'>ἂρ</span> <span class='ocrx_word' id='word_1_203' title='bbox 118 2631 217 2679; x_wconf 70' lang='grc' dir='ltr'>καὶ</span> <span class='ocrx_word' id='word_1_204' title='bbox 249 2630 343 2680; x_wconf 76' lang='grc' dir='ltr'>ἐπὶ</span> <span class='ocrx_word' id='word_1_205' title='bbox 374 2631 580 2702; x_wconf 86' lang='grc' dir='ltr'>κλίνης,</span> <span class='ocrx_word' id='word_1_206' title='bbox 614 2635 706 2687; x_wconf 78' lang='grc' dir='ltr'>καὶ</span> <span class='ocrx_word' id='word_1_207' title='bbox 749 2638 806 2688; x_wconf 91' lang='grc' dir='ltr'>ἐν</span> <span class='ocrx_word' id='word_1_208' title='bbox 839 2638 1103 2709; x_wconf 75' lang='grc' dir='ltr'>τραπέζῃ,</span> <span class='ocrx_word' id='word_1_209' title='bbox 1137 2640 1230 2692; x_wconf 76' lang='grc' dir='ltr'>καὶ</span> <span class='ocrx_word' id='word_1_210' title='bbox 1265 2641 1322 2691; x_wconf 85' lang='grc' dir='ltr'>ἐν</span> <span class='ocrx_word' id='word_1_211' title='bbox 1352 2640 1547 2712; x_wconf 84' lang='grc' dir='ltr'>ἀγορᾷ,</span> 
     </span>
    </p>
   </div>
   <div class='ocr_carea' id='block_1_29' title="bbox 17 2712 1552 2789">
    <p class='ocr_par' dir='ltr' id='par_1_29' title="bbox 17 2712 1552 2789">
     <span class='ocr_line' id='line_1_29' title="bbox 17 2712 1552 2789; baseline 0.012 -29"><span class='ocrx_word' id='word_1_212' title='bbox 17 2712 65 2762; x_wconf 74' lang='grc' dir='ltr'>αὶ</span> <span class='ocrx_word' id='word_1_213' title='bbox 84 2713 143 2761; x_wconf 86' lang='grc' dir='ltr'>ἐν</span> <span class='ocrx_word' id='word_1_214' title='bbox 163 2712 335 2781; x_wconf 72' lang='grc' dir='ltr'>οἰκίᾳ,</span> <span class='ocrx_word' id='word_1_215' title='bbox 368 2716 461 2768; x_wconf 64' lang='grc' dir='ltr'>κα)⁹</span> <span class='ocrx_word' id='word_1_216' title='bbox 488 2719 544 2768; x_wconf 89' lang='grc' dir='ltr'>ἐν</span> <span class='ocrx_word' id='word_1_217' title='bbox 573 2719 772 2789; x_wconf 77' lang='grc' dir='ltr'>ἡμέρᾳ,</span> <span class='ocrx_word' id='word_1_218' title='bbox 804 2723 898 2774; x_wconf 76' lang='grc' dir='ltr'>καὶ</span> <span class='ocrx_word' id='word_1_219' title='bbox 942 2723 1000 2775; x_wconf 85' lang='grc' dir='ltr'>ἐν</span> <span class='ocrx_word' id='word_1_220' title='bbox 1034 2725 1206 2787; x_wconf 78' lang='grc' dir='ltr'>νυκτὶ,</span> <span class='ocrx_word' id='word_1_221' title='bbox 1243 2725 1336 2777; x_wconf 73' lang='grc' dir='ltr'>καὶ</span> <span class='ocrx_word' id='word_1_222' title='bbox 1365 2726 1422 2777; x_wconf 86' lang='grc' dir='ltr'>ἐν</span> <span class='ocrx_word' id='word_1_223' title='bbox 1455 2727 1552 2778; x_wconf 88' lang='grc' dir='ltr'>αύ-</span> 
     </span>
    </p>
   </div>
   <div class='ocr_carea' id='block_1_30' title="bbox 17 2796 1550 2877">
    <p class='ocr_par' dir='ltr' id='par_1_30' title="bbox 17 2796 1550 2877">
     <span class='ocr_line' id='line_1_30' title="bbox 17 2796 1550 2877; baseline 0.012 -34"><span class='ocrx_word' id='word_1_224' title='bbox 17 2796 81 2855; x_wconf 62' lang='grc' dir='ltr'>ιῖς</span> <span class='ocrx_word' id='word_1_225' title='bbox 102 2798 216 2858; x_wconf 90' lang='grc' dir='ltr'>τοῖς</span> <span class='ocrx_word' id='word_1_226' title='bbox 244 2798 484 2868; x_wconf 78' lang='grc' dir='ltr'>ὀνείρασι</span> <span class='ocrx_word' id='word_1_227' title='bbox 518 2801 778 2865; x_wconf 81' lang='grc' dir='ltr'>πολλάκις</span> <span class='ocrx_word' id='word_1_228' title='bbox 809 2805 877 2857; x_wconf 82' lang='grc' dir='ltr'>τὰ</span> <span class='ocrx_word' id='word_1_229' title='bbox 912 2806 1010 2876; x_wconf 83' lang='grc' dir='ltr'>τῆς</span> <span class='ocrx_word' id='word_1_230' title='bbox 1052 2807 1324 2877; x_wconf 85' lang='grc' dir='ltr'>ἁμαρτίας</span> <span class='ocrx_word' id='word_1_231' title='bbox 1357 2808 1550 2862; x_wconf 78' lang='grc' dir='ltr'>εἴδωλα</span> 
     </span>
    </p>
   </div>
   <div class='ocr_carea' id='block_1_31' title="bbox 17 2876 1551 2963">
    <p class='ocr_par' dir='ltr' id='par_1_31' title="bbox 17 2876 1551 2963">
     <span class='ocr_line' id='line_1_31' title="bbox 17 2876 1551 2963; baseline 0.012 -36"><span class='ocrx_word' id='word_1_232' title='bbox 17 2876 181 2939; x_wconf 68' lang='grc' dir='ltr'>λέπει,</span> <span class='ocrx_word' id='word_1_233' title='bbox 216 2881 419 2934; x_wconf 77' lang='grc' dir='ltr'>καὶτὸν</span> <span class='ocrx_word' id='word_1_234' title='bbox 447 2883 541 2935; x_wconf 89' lang='grc' dir='ltr'>τοῦ</span> <span class='ocrx_word' id='word_1_235' title='bbox 573 2885 711 2938; x_wconf 83' lang='grc' dir='ltr'>Κάῖν</span> <span class='ocrx_word' id='word_1_236' title='bbox 735 2885 800 2957; x_wconf 80' lang='grc' dir='ltr'>ζῇ</span> <span class='ocrx_word' id='word_1_237' title='bbox 838 2887 973 2957; x_wconf 85' lang='grc' dir='ltr'>βίον,</span> <span class='ocrx_word' id='word_1_238' title='bbox 999 2876 1198 2943; x_wconf 89' lang='grc' dir='ltr'>στένων</span> <span class='ocrx_word' id='word_1_239' title='bbox 1215 2891 1306 2944; x_wconf 73' lang='grc' dir='ltr'>καὶ</span> <span class='ocrx_word' id='word_1_240' title='bbox 1331 2892 1551 2963; x_wconf 84' lang='grc' dir='ltr'>τρέμων</span> 
     </span>
    </p>
   </div>
   <div class='ocr_carea' id='block_1_32' title="bbox 17 2960 1549 3048">
    <p class='ocr_par' dir='ltr' id='par_1_32' title="bbox 17 2960 1549 3048">
     <span class='ocr_line' id='line_1_32' title="bbox 17 2960 1549 3048; baseline 0.013 -40"><span class='ocrx_word' id='word_1_241' title='bbox 17 2961 63 3010; x_wconf 68' lang='grc' dir='ltr'>τι</span> <span class='ocrx_word' id='word_1_242' title='bbox 94 2960 196 3048; x_wconf 79' lang='grc' dir='ltr'>τῆς</span> <span class='ocrx_word' id='word_1_243' title='bbox 235 2963 358 3048; x_wconf 82' lang='grc' dir='ltr'>γῆς,</span> <span class='ocrx_word' id='word_1_244' title='bbox 392 2965 487 3017; x_wconf 73' lang='grc' dir='ltr'>καὶ</span> <span class='ocrx_word' id='word_1_245' title='bbox 539 2968 765 3037; x_wconf 85' lang='grc' dir='ltr'>μηδενὸς</span> <span class='ocrx_word' id='word_1_246' title='bbox 790 2971 1011 3035; x_wconf 76' lang='grc' dir='ltr'>εἰδότος.</span> <span class='ocrx_word' id='word_1_247' title='bbox 1046 2973 1191 3028; x_wconf 76' lang='grc' dir='ltr'>ἔνδον</span> <span class='ocrx_word' id='word_1_248' title='bbox 1209 2974 1321 3044; x_wconf 79' lang='grc' dir='ltr'>ἔχει</span> <span class='ocrx_word' id='word_1_249' title='bbox 1352 2960 1413 3028; x_wconf 79' lang='grc' dir='ltr'>τὸ</span> <span class='ocrx_word' id='word_1_250' title='bbox 1435 2960 1549 3048; x_wconf 77' lang='grc' dir='ltr'>πῦρ</span> 
     </span>
    </p>
   </div>
   <div class='ocr_carea' id='block_1_33' title="bbox 17 3043 1549 3126">
    <p class='ocr_par' dir='ltr' id='par_1_33' title="bbox 17 3043 1549 3126">
     <span class='ocr_line' id='line_1_33' title="bbox 17 3043 1549 3126; baseline 0.014 -34"><span class='ocrx_word' id='word_1_251' title='bbox 17 3043 387 3113; x_wconf 60' lang='grc' dir='ltr'>ονειλεγμένον</span> <span class='ocrx_word' id='word_1_252' title='bbox 417 3048 524 3103; x_wconf 93' lang='grc' dir='ltr'>ἀεί.</span> <span class='ocrx_word' id='word_1_253' title='bbox 569 3051 739 3105; x_wconf 91' lang='grc' dir='ltr'>Τοῦτο</span> <span class='ocrx_word' id='word_1_254' title='bbox 769 3053 862 3105; x_wconf 77' lang='grc' dir='ltr'>καὶ</span> <span class='ocrx_word' id='word_1_255' title='bbox 885 3057 933 3107; x_wconf 87' lang='grc' dir='ltr'>οί</span> <span class='ocrx_word' id='word_1_256' title='bbox 969 3043 1322 3126; x_wconf 77' lang='grc' dir='ltr'>ἁρπάζοντες,</span> <span class='ocrx_word' id='word_1_257' title='bbox 1354 3059 1449 3111; x_wconf 75' lang='grc' dir='ltr'>καὶ</span> <span class='ocrx_word' id='word_1_258' title='bbox 1502 3043 1549 3113; x_wconf 82' lang='grc' dir='ltr'>οί</span> 
     </span>
    </p>
   </div>
   <div class='ocr_carea' id='block_1_34' title="bbox 18 3126 1550 3212">
    <p class='ocr_par' dir='ltr' id='par_1_34' title="bbox 18 3126 1550 3212">
     <span class='ocr_line' id='line_1_34' title="bbox 18 3126 1550 3212; baseline 0.014 -35"><span class='ocrx_word' id='word_1_259' title='bbox 18 3126 421 3194; x_wconf 85' lang='grc' dir='ltr'>λεονεκτοῦντες</span> <span class='ocrx_word' id='word_1_260' title='bbox 443 3134 731 3203; x_wconf 85' lang='grc' dir='ltr'>πάσχουσι·</span> <span class='ocrx_word' id='word_1_261' title='bbox 759 3135 918 3190; x_wconf 88' lang='grc' dir='ltr'>τοῦτο</span> <span class='ocrx_word' id='word_1_262' title='bbox 937 3140 1030 3191; x_wconf 78' lang='grc' dir='ltr'>καὶ</span> <span class='ocrx_word' id='word_1_263' title='bbox 1057 3143 1106 3193; x_wconf 85' lang='grc' dir='ltr'>οί</span> <span class='ocrx_word' id='word_1_264' title='bbox 1127 3142 1440 3212; x_wconf 84' lang='grc' dir='ltr'>μεθύοντες,</span> <span class='ocrx_word' id='word_1_265' title='bbox 1456 3148 1550 3198; x_wconf 77' lang='grc' dir='ltr'>καὶ</span> 
     </span>
    </p>
   </div>
   <div class='ocr_carea' id='block_1_35' title="bbox 17 3213 1550 3299">
    <p class='ocr_par' dir='ltr' id='par_1_35' title="bbox 17 3213 1550 3299">
     <span class='ocr_line' id='line_1_35' title="bbox 17 3213 1550 3299; baseline 0.016 -39"><span class='ocrx_word' id='word_1_266' title='bbox 17 3213 286 3299; x_wconf 33' lang='grc' dir='ltr'>ιαστος-δέ</span> <span class='ocrx_word' id='word_1_267' title='bbox 330 3215 518 3280; x_wconf 84' lang='grc' dir='ltr'>ἁπλῶς</span> <span class='ocrx_word' id='word_1_268' title='bbox 548 3218 656 3270; x_wconf 82' lang='grc' dir='ltr'>τῶν</span> <span class='ocrx_word' id='word_1_269' title='bbox 695 3222 754 3272; x_wconf 82' lang='grc' dir='ltr'>ἐν</span> <span class='ocrx_word' id='word_1_270' title='bbox 804 3222 1100 3293; x_wconf 83' lang='grc' dir='ltr'>ἁμαρτίαις</span> <span class='ocrx_word' id='word_1_271' title='bbox 1135 3225 1371 3290; x_wconf 80' lang='grc' dir='ltr'>ζώντων·</span> <span class='ocrx_word' id='word_1_272' title='bbox 1405 3230 1550 3299; x_wconf 80' lang='grc' dir='ltr'>ἀμή-</span> 
     </span>
    </p>
   </div>
   <div class='ocr_carea' id='block_1_36' title="bbox 17 3296 1548 3382">
    <p class='ocr_par' dir='ltr' id='par_1_36' title="bbox 17 3296 1548 3382">
     <span class='ocr_line' id='line_1_36' title="bbox 17 3296 1548 3382; baseline 0.013 -36"><span class='ocrx_word' id='word_1_273' title='bbox 17 3310 130 3382; x_wconf 50' lang='grc' dir='ltr'>ἶινον</span> <span class='ocrx_word' id='word_1_274' title='bbox 153 3296 264 3382; x_wconf 75' lang='grc' dir='ltr'>γάρ</span> <span class='ocrx_word' id='word_1_275' title='bbox 294 3300 469 3382; x_wconf 79' lang='grc' dir='ltr'>ἐκεῖνο</span> <span class='ocrx_word' id='word_1_276' title='bbox 493 3302 857 3376; x_wconf 79' lang='grc' dir='ltr'>διαφθαρῆναι</span> <span class='ocrx_word' id='word_1_277' title='bbox 897 3307 956 3360; x_wconf 90' lang='grc' dir='ltr'>τὸ</span> <span class='ocrx_word' id='word_1_278' title='bbox 995 3309 1363 3382; x_wconf 75' lang='grc' dir='ltr'>δικαστήριονο</span> <span class='ocrx_word' id='word_1_279' title='bbox 1413 3296 1548 3366; x_wconf 79' lang='grc' dir='ltr'>άλλά</span> 
     </span>
    </p>
   </div>
   <div class='ocr_carea' id='block_1_37' title="bbox 17 3377 1549 3463">
    <p class='ocr_par' dir='ltr' id='par_1_37' title="bbox 17 3377 1549 3463">
     <span class='ocr_line' id='line_1_37' title="bbox 17 3377 1549 3463; baseline 0.014 -36"><span class='ocrx_word' id='word_1_280' title='bbox 17 3377 73 3427; x_wconf 69' lang='grc' dir='ltr'>ἂν</span> <span class='ocrx_word' id='word_1_281' title='bbox 105 3380 179 3448; x_wconf 82' lang='grc' dir='ltr'>μὴ</span> <span class='ocrx_word' id='word_1_282' title='bbox 208 3381 484 3453; x_wconf 88' lang='grc' dir='ltr'>μετίωμεν</span> <span class='ocrx_word' id='word_1_283' title='bbox 515 3385 613 3455; x_wconf 82' lang='grc' dir='ltr'>τὴν</span> <span class='ocrx_word' id='word_1_284' title='bbox 645 3387 864 3459; x_wconf 81' lang='grc' dir='ltr'>ἀρετὴν,</span> <span class='ocrx_word' id='word_1_285' title='bbox 879 3390 1028 3459; x_wconf 85' lang='grc' dir='ltr'>ὅμως</span> <span class='ocrx_word' id='word_1_286' title='bbox 1053 3377 1549 3463; x_wconf 71' lang='grc' dir='ltr'>ὀδυνώμεθα,ἐπει-</span> 
     </span>
    </p>
   </div>
   <div class='ocr_carea' id='block_1_38' title="bbox 17 3463 1550 3551">
    <p class='ocr_par' dir='ltr' id='par_1_38' title="bbox 17 3463 1550 3551">
     <span class='ocr_line' id='line_1_38' title="bbox 17 3463 1550 3551; baseline 0.012 -37"><span class='ocrx_word' id='word_1_287' title='bbox 17 3477 33 3529; x_wconf 69' lang='grc' dir='ltr'><strong><em>ἰ</em></strong></span> <span class='ocrx_word' id='word_1_288' title='bbox 69 3463 144 3551; x_wconf 65' lang='grc' dir='ltr'>μὴ</span> <span class='ocrx_word' id='word_1_289' title='bbox 169 3467 572 3538; x_wconf 84' lang='grc' dir='ltr'>μετερχόμεθα,</span> <span class='ocrx_word' id='word_1_290' title='bbox 595 3470 697 3523; x_wconf 68' lang='grc' dir='ltr'>κᾶν</span> <span class='ocrx_word' id='word_1_291' title='bbox 728 3473 1003 3543; x_wconf 84' lang='grc' dir='ltr'>μετίωμεν</span> <span class='ocrx_word' id='word_1_292' title='bbox 1033 3477 1134 3546; x_wconf 81' lang='grc' dir='ltr'>τὴν</span> <span class='ocrx_word' id='word_1_293' title='bbox 1165 3479 1381 3544; x_wconf 79' lang='grc' dir='ltr'>κακίαν,</span> <span class='ocrx_word' id='word_1_294' title='bbox 1400 3481 1550 3551; x_wconf 83' lang='grc' dir='ltr'>ὅμως</span> 
     </span>
    </p>
   </div>
   <div class='ocr_carea' id='block_1_39' title="bbox 18 3547 1576 3632">
    <p class='ocr_par' dir='ltr' id='par_1_39' title="bbox 18 3547 1576 3632">
     <span class='ocr_line' id='line_1_39' title="bbox 18 3547 1576 3632; baseline 0.013 -34"><span class='ocrx_word' id='word_1_295' title='bbox 18 3547 312 3632; x_wconf 80' lang='grc' dir='ltr'>αυσάμενοι</span> <span class='ocrx_word' id='word_1_296' title='bbox 333 3553 432 3623; x_wconf 84' lang='grc' dir='ltr'>τῆς</span> <span class='ocrx_word' id='word_1_297' title='bbox 465 3554 657 3624; x_wconf 78' lang='grc' dir='ltr'>ἡδονῆς</span> <span class='ocrx_word' id='word_1_298' title='bbox 688 3557 787 3627; x_wconf 89' lang='grc' dir='ltr'>τῆς</span> <span class='ocrx_word' id='word_1_299' title='bbox 824 3559 965 3612; x_wconf 83' lang='grc' dir='ltr'>κατὰ</span> <span class='ocrx_word' id='word_1_300' title='bbox 992 3560 1090 3630; x_wconf 72' lang='grc' dir='ltr'>τὴν</span> <span class='ocrx_word' id='word_1_301' title='bbox 1128 3547 1576 3632; x_wconf 39' lang='grc' dir='ltr'>ἀμαρτίανξαίε</span> 
     </span>
    </p>
   </div>
   <div class='ocr_carea' id='block_1_40' title="bbox 17 3630 1547 3715">
    <p class='ocr_par' dir='ltr' id='par_1_40' title="bbox 17 3630 1547 3715">
     <span class='ocr_line' id='line_1_40' title="bbox 17 3630 1547 3715; baseline 0.014 -34"><span class='ocrx_word' id='word_1_302' title='bbox 17 3630 282 3715; x_wconf 70' lang='grc' dir='ltr'>θανόμεθα</span> <span class='ocrx_word' id='word_1_303' title='bbox 309 3633 410 3703; x_wconf 89' lang='grc' dir='ltr'>τῆς</span> <span class='ocrx_word' id='word_1_304' title='bbox 436 3635 648 3708; x_wconf 80' lang='grc' dir='ltr'>ὀδύνης.</span> <span class='ocrx_word' id='word_1_305' title='bbox 677 3638 768 3709; x_wconf 81' lang='grc' dir='ltr'>Μὴ</span> <span class='ocrx_word' id='word_1_306' title='bbox 815 3639 995 3694; x_wconf 82' lang='grc' dir='ltr'>τοίνυν</span> <span class='ocrx_word' id='word_1_307' title='bbox 1027 3630 1270 3715; x_wconf 81' lang='grc' dir='ltr'>λέγωμεν</span> <span class='ocrx_word' id='word_1_308' title='bbox 1302 3630 1416 3699; x_wconf 13' lang='grc' dir='ltr'>ἐπὶν</span> <span class='ocrx_word' id='word_1_309' title='bbox 1440 3648 1547 3702; x_wconf 84' lang='grc' dir='ltr'>τῶν</span> 
     </span>
    </p>
   </div>
   <div class='ocr_carea' id='block_1_41' title="bbox 18 3712 1547 3795">
    <p class='ocr_par' dir='ltr' id='par_1_41' title="bbox 18 3712 1547 3795">
     <span class='ocr_line' id='line_1_41' title="bbox 18 3712 1547 3795; baseline 0.014 -31"><span class='ocrx_word' id='word_1_310' title='bbox 18 3712 344 3768; x_wconf 87' lang='grc' dir='ltr'>λουτούντων</span> <span class='ocrx_word' id='word_1_311' title='bbox 376 3719 605 3772; x_wconf 84' lang='grc' dir='ltr'>ἐνταῦθα</span> <span class='ocrx_word' id='word_1_312' title='bbox 653 3723 747 3774; x_wconf 76' lang='grc' dir='ltr'>καὶ</span> <span class='ocrx_word' id='word_1_313' title='bbox 777 3712 1254 3795; x_wconf 85' lang='grc' dir='ltr'>πονηρευομένων,</span> <span class='ocrx_word' id='word_1_314' title='bbox 1294 3731 1387 3783; x_wconf 72' lang='grc' dir='ltr'>καὶ</span> <span class='ocrx_word' id='word_1_315' title='bbox 1439 3732 1547 3786; x_wconf 83' lang='grc' dir='ltr'>τῶν</span> 
     </span>
    </p>
   </div>
   <div class='ocr_carea' id='block_1_42' title="bbox 17 3796 1546 3874">
    <p class='ocr_par' dir='ltr' id='par_1_42' title="bbox 17 3796 1546 3874">
     <span class='ocr_line' id='line_1_42' title="bbox 17 3796 1546 3874; baseline 0.014 -28"><span class='ocrx_word' id='word_1_316' title='bbox 17 3796 190 3848; x_wconf 81' lang='grc' dir='ltr'>,καίων</span> <span class='ocrx_word' id='word_1_317' title='bbox 221 3801 330 3853; x_wconf 84' lang='grc' dir='ltr'>τῶν</span> <span class='ocrx_word' id='word_1_318' title='bbox 357 3801 735 3857; x_wconf 80' lang='grc' dir='ltr'>ἀπολαυόντων</span> <span class='ocrx_word' id='word_1_319' title='bbox 775 3807 910 3869; x_wconf 86' lang='grc' dir='ltr'>ἐκεῖ,</span> <span class='ocrx_word' id='word_1_320' title='bbox 959 3808 1040 3860; x_wconf 83' lang='grc' dir='ltr'>ὅτι</span> <span class='ocrx_word' id='word_1_321' title='bbox 1077 3809 1134 3861; x_wconf 82' lang='grc' dir='ltr'>ἓν</span> <span class='ocrx_word' id='word_1_322' title='bbox 1178 3811 1257 3874; x_wconf 83' lang='grc' dir='ltr'>ἐν,</span> <span class='ocrx_word' id='word_1_323' title='bbox 1309 3811 1425 3864; x_wconf 87' lang='grc' dir='ltr'>ἀλλ’</span> <span class='ocrx_word' id='word_1_324' title='bbox 1465 3816 1546 3867; x_wconf 86' lang='grc' dir='ltr'>ὅτι</span> 
     </span>
    </p>
   </div>
   <div class='ocr_carea' id='block_1_43' title="bbox 17 3880 1548 3959">
    <p class='ocr_par' dir='ltr' id='par_1_43' title="bbox 17 3880 1548 3959">
     <span class='ocr_line' id='line_1_43' title="bbox 17 3880 1548 3959; baseline 0.012 -27"><span class='ocrx_word' id='word_1_325' title='bbox 17 3880 63 3933; x_wconf 69' lang='lat' dir='ltr'>So</span> <span class='ocrx_word' id='word_1_326' title='bbox 107 3882 283 3936; x_wconf 87' lang='grc' dir='ltr'>οὐδέν.</span> <span class='ocrx_word' id='word_1_327' title='bbox 318 3884 441 3948; x_wconf 86' lang='grc' dir='ltr'>Τοῖς</span> <span class='ocrx_word' id='word_1_328' title='bbox 472 3886 571 3957; x_wconf 82' lang='grc' dir='ltr'>μὲν</span> <span class='ocrx_word' id='word_1_329' title='bbox 601 3888 709 3959; x_wconf 82' lang='grc' dir='ltr'>γάρ</span> <span class='ocrx_word' id='word_1_330' title='bbox 736 3889 967 3955; x_wconf 88' lang='grc' dir='ltr'>δικαίοις</span> <span class='ocrx_word' id='word_1_331' title='bbox 996 3895 1088 3946; x_wconf 78' lang='grc' dir='ltr'>καὶ</span> <span class='ocrx_word' id='word_1_332' title='bbox 1119 3898 1186 3946; x_wconf 82' lang='grc' dir='ltr'>τὰ</span> <span class='ocrx_word' id='word_1_333' title='bbox 1223 3897 1338 3948; x_wconf 87' lang='grc' dir='ltr'>ἐκεῖ</span> <span class='ocrx_word' id='word_1_334' title='bbox 1361 3899 1454 3950; x_wconf 83' lang='grc' dir='ltr'>καὶ</span> <span class='ocrx_word' id='word_1_335' title='bbox 1476 3899 1548 3951; x_wconf 73' lang='grc' dir='ltr'>τὰ</span> 
     </span>
    </p>
   </div>
   <div class='ocr_carea' id='block_1_44' title="bbox 18 3964 1547 4052">
    <p class='ocr_par' dir='ltr' id='par_1_44' title="bbox 18 3964 1547 4052">
     <span class='ocr_line' id='line_1_44' title="bbox 18 3964 1547 4052; baseline 0.013 -37"><span class='ocrx_word' id='word_1_336' title='bbox 18 3964 211 4052; x_wconf 52' lang='grc' dir='ltr'>λταῦθα</span> <span class='ocrx_word' id='word_1_337' title='bbox 235 3967 436 4052; x_wconf 75' lang='grc' dir='ltr'>πολλὴν</span> <span class='ocrx_word' id='word_1_338' title='bbox 477 3971 706 4042; x_wconf 87' lang='grc' dir='ltr'>παρέχει</span> <span class='ocrx_word' id='word_1_339' title='bbox 748 3973 846 4044; x_wconf 84' lang='grc' dir='ltr'>τὴν</span> <span class='ocrx_word' id='word_1_340' title='bbox 887 3975 1099 4047; x_wconf 81' lang='grc' dir='ltr'>ἡδονήν’</span> <span class='ocrx_word' id='word_1_341' title='bbox 1142 3981 1188 4030; x_wconf 84' lang='grc' dir='ltr'>οἱ</span> <span class='ocrx_word' id='word_1_342' title='bbox 1217 3979 1273 4032; x_wconf 85' lang='grc' dir='ltr'>δέ</span> <span class='ocrx_word' id='word_1_343' title='bbox 1302 3982 1358 4033; x_wconf 87' lang='grc' dir='ltr'>ἐν</span> <span class='ocrx_word' id='word_1_344' title='bbox 1385 3999 1547 4052; x_wconf 86' lang='grc' dir='ltr'>πονη-</span> 
     </span>
    </p>
   </div>
   <div class='ocr_carea' id='block_1_45' title="bbox 17 4049 1548 4120">
    <p class='ocr_par' dir='ltr' id='par_1_45' title="bbox 17 4049 1548 4120">
     <span class='ocr_line' id='line_1_45' title="bbox 17 4049 1548 4120; baseline 0.013 -21"><span class='ocrx_word' id='word_1_345' title='bbox 17 4050 114 4111; x_wconf 85' lang='grc' dir='ltr'>ίαις</span> <span class='ocrx_word' id='word_1_346' title='bbox 131 4049 224 4102; x_wconf 64' lang='grc' dir='ltr'>καὶ⁸</span> <span class='ocrx_word' id='word_1_347' title='bbox 255 4052 312 4102; x_wconf 88' lang='grc' dir='ltr'>ἐν</span> <span class='ocrx_word' id='word_1_348' title='bbox 333 4051 690 4120; x_wconf 80' lang='grc' dir='ltr'>πλεονεξίαις,</span> <span class='ocrx_word' id='word_1_349' title='bbox 718 4059 812 4110; x_wconf 75' lang='grc' dir='ltr'>καὶ</span> <span class='ocrx_word' id='word_1_350' title='bbox 852 4059 1084 4114; x_wconf 88' lang='grc' dir='ltr'>ἐνταῦθα</span> <span class='ocrx_word' id='word_1_351' title='bbox 1113 4063 1206 4115; x_wconf 74' lang='grc' dir='ltr'>καὶ</span> <span class='ocrx_word' id='word_1_352' title='bbox 1241 4065 1358 4116; x_wconf 88' lang='grc' dir='ltr'>ἐκεῖ</span> <span class='ocrx_word' id='word_1_353' title='bbox 1389 4049 1548 4120; x_wconf 84' lang='grc' dir='ltr'>κολά-</span> 
     </span>
    </p>
   </div>
   <div class='ocr_carea' id='block_1_46' title="bbox 17 4133 1548 4223">
    <p class='ocr_par' dir='ltr' id='par_1_46' title="bbox 17 4133 1548 4223">
     <span class='ocr_line' id='line_1_46' title="bbox 17 4133 1548 4223; baseline 0.013 -40"><span class='ocrx_word' id='word_1_354' title='bbox 17 4151 168 4223; x_wconf 57' lang='grc' dir='ltr'>ονται.</span> <span class='ocrx_word' id='word_1_355' title='bbox 188 4133 290 4188; x_wconf 78' lang='grc' dir='ltr'>Καὶ</span> <span class='ocrx_word' id='word_1_356' title='bbox 306 4135 527 4223; x_wconf 35' lang='grc' dir='ltr'>γάρ-καὶ</span> <span class='ocrx_word' id='word_1_357' title='bbox 552 4140 785 4194; x_wconf 88' lang='grc' dir='ltr'>ἐνταῦθα</span> <span class='ocrx_word' id='word_1_358' title='bbox 807 4142 1124 4208; x_wconf 76' lang='grc' dir='ltr'>κολάζονται</span> <span class='ocrx_word' id='word_1_359' title='bbox 1152 4149 1218 4217; x_wconf 82' lang='grc' dir='ltr'>τῇ</span> <span class='ocrx_word' id='word_1_360' title='bbox 1252 4150 1548 4223; x_wconf 78' lang='grc' dir='ltr'>προσδοκίᾳ</span> 
     </span>
    </p>
   </div>
   <div class='ocr_carea' id='block_1_47' title="bbox 17 4215 1546 4300">
    <p class='ocr_par' dir='ltr' id='par_1_47' title="bbox 17 4215 1546 4300">
     <span class='ocr_line' id='line_1_47' title="bbox 17 4215 1546 4300; baseline 0.014 -33"><span class='ocrx_word' id='word_1_361' title='bbox 17 4215 69 4300; x_wconf 72' lang='grc' dir='ltr'>ῆς</span> <span class='ocrx_word' id='word_1_362' title='bbox 97 4219 214 4270; x_wconf 88' lang='grc' dir='ltr'>ἐκεῖ</span> <span class='ocrx_word' id='word_1_363' title='bbox 230 4221 520 4291; x_wconf 85' lang='grc' dir='ltr'>τιμωρίας,</span> <span class='ocrx_word' id='word_1_364' title='bbox 549 4224 642 4276; x_wconf 80' lang='grc' dir='ltr'>καὶ</span> <span class='ocrx_word' id='word_1_365' title='bbox 682 4227 745 4295; x_wconf 82' lang='grc' dir='ltr'>τῇ</span> <span class='ocrx_word' id='word_1_366' title='bbox 778 4229 990 4298; x_wconf 80' lang='grc' dir='ltr'>πονηρᾷ</span> <span class='ocrx_word' id='word_1_367' title='bbox 1022 4229 1174 4300; x_wconf 82' lang='grc' dir='ltr'>παρὰ</span> <span class='ocrx_word' id='word_1_368' title='bbox 1193 4215 1414 4286; x_wconf 75' lang='grc' dir='ltr'>πάντων</span> <span class='ocrx_word' id='word_1_369' title='bbox 1443 4215 1546 4288; x_wconf 54' lang='grc' dir='ltr'>ὐπζ</span> 
     </span>
    </p>
   </div>
   <div class='ocr_carea' id='block_1_48' title="bbox 17 4297 1546 4387">
    <p class='ocr_par' dir='ltr' id='par_1_48' title="bbox 17 4297 1546 4387">
     <span class='ocr_line' id='line_1_48' title="bbox 17 4297 1546 4387; baseline 0.014 -40"><span class='ocrx_word' id='word_1_370' title='bbox 17 4297 117 4368; x_wconf 55' lang='grc' dir='ltr'>ὐία,</span> <span class='ocrx_word' id='word_1_371' title='bbox 170 4302 265 4354; x_wconf 75' lang='grc' dir='ltr'>καὶ</span> <span class='ocrx_word' id='word_1_372' title='bbox 292 4301 444 4372; x_wconf 85' lang='grc' dir='ltr'>αὐτῷ</span> <span class='ocrx_word' id='word_1_373' title='bbox 498 4305 574 4376; x_wconf 82' lang='grc' dir='ltr'>τῷ</span> <span class='ocrx_word' id='word_1_374' title='bbox 604 4297 939 4377; x_wconf 80' lang='grc' dir='ltr'>ἁμαρτάνειν</span> <span class='ocrx_word' id='word_1_375' title='bbox 968 4297 1065 4364; x_wconf 75' lang='grc' dir='ltr'>καὶ</span> <span class='ocrx_word' id='word_1_376' title='bbox 1105 4297 1210 4385; x_wconf 76' lang='grc' dir='ltr'>τὴν</span> <span class='ocrx_word' id='word_1_377' title='bbox 1245 4315 1423 4386; x_wconf 76' lang='grc' dir='ltr'>ψυχὴν</span> <span class='ocrx_word' id='word_1_378' title='bbox 1448 4316 1546 4387; x_wconf 83' lang='grc' dir='ltr'>τὴν</span> 
     </span>
    </p>
   </div>
   <div class='ocr_carea' id='block_1_49' title="bbox 17 4385 1545 4471">
    <p class='ocr_par' dir='ltr' id='par_1_49' title="bbox 17 4385 1545 4471">
     <span class='ocr_line' id='line_1_49' title="bbox 17 4385 1545 4471; baseline 0.014 -37"><span class='ocrx_word' id='word_1_379' title='bbox 17 4385 177 4436; x_wconf 75' lang='grc' dir='ltr'>ιυτῶν</span> <span class='ocrx_word' id='word_1_380' title='bbox 196 4385 552 4458; x_wconf 72' lang='grc' dir='ltr'>διαφθείρεινο</span> <span class='ocrx_word' id='word_1_381' title='bbox 577 4392 668 4442; x_wconf 77' lang='grc' dir='ltr'>καὶ</span> <span class='ocrx_word' id='word_1_382' title='bbox 693 4393 828 4461; x_wconf 85' lang='grc' dir='ltr'>μετά</span> <span class='ocrx_word' id='word_1_383' title='bbox 852 4394 949 4465; x_wconf 83' lang='grc' dir='ltr'>τὴν</span> <span class='ocrx_word' id='word_1_384' title='bbox 965 4395 1212 4450; x_wconf 89' lang='grc' dir='ltr'>ἐντεῦθεν</span> <span class='ocrx_word' id='word_1_385' title='bbox 1237 4385 1545 4471; x_wconf 78' lang='grc' dir='ltr'>ἀποδημίαν</span> 
     </span>
    </p>
   </div>
   <div class='ocr_carea' id='block_1_50' title="bbox 20 4472 1542 4552">
    <p class='ocr_par' dir='ltr' id='par_1_50' title="bbox 20 4472 1542 4552">
     <span class='ocr_line' id='line_1_50' title="bbox 20 4472 1542 4552; baseline 0.013 -32"><span class='ocrx_word' id='word_1_386' title='bbox 20 4472 276 4552; x_wconf 72' lang='grc' dir='ltr'>φορήτους</span> <span class='ocrx_word' id='word_1_387' title='bbox 321 4472 652 4541; x_wconf 82' lang='grc' dir='ltr'>ὑπομένουσι</span> <span class='ocrx_word' id='word_1_388' title='bbox 701 4478 992 4548; x_wconf 86' lang='grc' dir='ltr'>τιμωρίας.</span> <span class='ocrx_word' id='word_1_389' title='bbox 1040 4481 1206 4535; x_wconf 83' lang='grc' dir='ltr'>Πάλιν</span> <span class='ocrx_word' id='word_1_390' title='bbox 1240 4485 1288 4537; x_wconf 77' lang='grc' dir='ltr'>οἱ</span> <span class='ocrx_word' id='word_1_391' title='bbox 1323 4484 1542 4552; x_wconf 87' lang='grc' dir='ltr'>δίκαιοι,</span> 
     </span>
    </p>
   </div>
   <div class='ocr_carea' id='block_1_51' title="bbox 19 4551 1546 4637">
    <p class='ocr_par' dir='ltr' id='par_1_51' title="bbox 19 4551 1546 4637">
     <span class='ocr_line' id='line_1_51' title="bbox 19 4551 1546 4637; baseline 0.014 -35"><span class='ocrx_word' id='word_1_392' title='bbox 19 4551 76 4637; x_wconf 71' lang='grc' dir='ltr'>ἂν</span> <span class='ocrx_word' id='word_1_393' title='bbox 108 4554 276 4624; x_wconf 89' lang='grc' dir='ltr'>μυρία</span> <span class='ocrx_word' id='word_1_394' title='bbox 312 4555 597 4625; x_wconf 74' lang='grc' dir='ltr'>πάσχωσιν</span> <span class='ocrx_word' id='word_1_395' title='bbox 645 4560 878 4613; x_wconf 87' lang='grc' dir='ltr'>ἐνταῦθα</span> <span class='ocrx_word' id='word_1_396' title='bbox 921 4562 1090 4625; x_wconf 81' lang='grc' dir='ltr'>δεινὰ,</span> <span class='ocrx_word' id='word_1_397' title='bbox 1125 4570 1389 4637; x_wconf 82' lang='grc' dir='ltr'>χρησταῖς</span> <span class='ocrx_word' id='word_1_398' title='bbox 1427 4551 1546 4623; x_wconf 55' lang='grc' dir='ltr'>συνέ</span> 
     </span>
    </p>
   </div>
   <div class='ocr_carea' id='block_1_52' title="bbox 18 4634 1542 4722">
    <p class='ocr_par' dir='ltr' id='par_1_52' title="bbox 18 4634 1542 4722">
     <span class='ocr_line' id='line_1_52' title="bbox 18 4634 1542 4722; baseline 0.03 -38"><span class='ocrx_word' id='word_1_399' title='bbox 18 4634 257 4701; x_wconf 69' lang='grc' dir='ltr'>ρέφονται</span> <span class='ocrx_word' id='word_1_400' title='bbox 315 4640 434 4700; x_wconf 88' lang='grc' dir='ltr'>ταῖς</span> <span class='ocrx_word' id='word_1_401' title='bbox 491 4639 721 4704; x_wconf 82' lang='grc' dir='ltr'>ἐλπίσιν,</span> <span class='ocrx_word' id='word_1_402' title='bbox 780 4643 970 4715; x_wconf 74' lang='grc' dir='ltr'>ἡδονὴν</span> <span class='ocrx_word' id='word_1_403' title='bbox 1021 4634 1237 4716; x_wconf 57' lang='grc' dir='ltr'>ἔχονέεέ</span> <span class='ocrx_word' id='word_1_404' title='bbox 1272 4650 1542 4722; x_wconf 62' lang='grc' dir='ltr'>καθαράνν</span> 
     </span>
    </p>
   </div>
   <div class='ocr_carea' id='block_1_53' title="bbox 17 4718 1543 4803">
    <p class='ocr_par' dir='ltr' id='par_1_53' title="bbox 17 4718 1543 4803">
     <span class='ocr_line' id='line_1_53' title="bbox 17 4718 1543 4803; baseline 0.014 -36"><span class='ocrx_word' id='word_1_405' title='bbox 17 4718 215 4781; x_wconf 61' lang='grc' dir='ltr'>εϐνιίαν,</span> <span class='ocrx_word' id='word_1_406' title='bbox 240 4721 518 4790; x_wconf 86' lang='grc' dir='ltr'>ἀκίνητον·</span> <span class='ocrx_word' id='word_1_407' title='bbox 551 4725 642 4776; x_wconf 77' lang='grc' dir='ltr'>καὶ</span> <span class='ocrx_word' id='word_1_408' title='bbox 681 4727 818 4794; x_wconf 81' lang='grc' dir='ltr'>μετὰ</span> <span class='ocrx_word' id='word_1_409' title='bbox 857 4728 1029 4781; x_wconf 85' lang='grc' dir='ltr'>ταῦτα</span> <span class='ocrx_word' id='word_1_410' title='bbox 1059 4733 1125 4784; x_wconf 79' lang='grc' dir='ltr'>τά</span> <span class='ocrx_word' id='word_1_411' title='bbox 1159 4734 1324 4803; x_wconf 86' lang='grc' dir='ltr'>μυρία</span> <span class='ocrx_word' id='word_1_412' title='bbox 1349 4736 1543 4800; x_wconf 79' lang='grc' dir='ltr'>αὐτοὺς</span> 
     </span>
    </p>
   </div>
   <div class='ocr_carea' id='block_1_54' title="bbox 17 4800 1542 4890">
    <p class='ocr_par' dir='ltr' id='par_1_54' title="bbox 17 4800 1542 4890">
     <span class='ocr_line' id='line_1_54' title="bbox 17 4800 1542 4890; baseline 0.015 -41"><span class='ocrx_word' id='word_1_413' title='bbox 17 4800 267 4866; x_wconf 79' lang='grc' dir='ltr'>ιαδέξεται</span> <span class='ocrx_word' id='word_1_414' title='bbox 294 4805 494 4890; x_wconf 76' lang='grc' dir='ltr'>ἀγαθὰ,</span> <span class='ocrx_word' id='word_1_415' title='bbox 530 4809 780 4878; x_wconf 86' lang='grc' dir='ltr'>καθάπερ</span> <span class='ocrx_word' id='word_1_416' title='bbox 802 4806 893 4862; x_wconf 69' lang='grc' dir='ltr'>οὖν</span> <span class='ocrx_word' id='word_1_417' title='bbox 916 4813 1010 4864; x_wconf 74' lang='grc' dir='ltr'>καὶ</span> <span class='ocrx_word' id='word_1_418' title='bbox 1033 4813 1122 4867; x_wconf 86' lang='grc' dir='ltr'>τὸν</span> <span class='ocrx_word' id='word_1_419' title='bbox 1155 4800 1422 4887; x_wconf 77' lang='grc' dir='ltr'>Λάζαρον.</span> <span class='ocrx_word' id='word_1_420' title='bbox 1452 4819 1542 4890; x_wconf 84' lang='grc' dir='ltr'>Μὴ</span> 
     </span>
    </p>
   </div>
   <div class='ocr_carea' id='block_1_55' title="bbox 19 4884 1540 4968">
    <p class='ocr_par' dir='ltr' id='par_1_55' title="bbox 19 4884 1540 4968">
     <span class='ocr_line' id='line_1_55' title="bbox 19 4884 1540 4968; baseline 0.013 -34"><span class='ocrx_word' id='word_1_421' title='bbox 19 4884 80 4952; x_wconf 79' lang='grc' dir='ltr'>ἀρ</span> <span class='ocrx_word' id='word_1_422' title='bbox 119 4902 208 4953; x_wconf 88' lang='grc' dir='ltr'>μοι</span> <span class='ocrx_word' id='word_1_423' title='bbox 229 4885 387 4939; x_wconf 87' lang='grc' dir='ltr'>τοῦτο</span> <span class='ocrx_word' id='word_1_424' title='bbox 425 4888 603 4961; x_wconf 79' lang='grc' dir='ltr'>εἴπῃς,</span> <span class='ocrx_word' id='word_1_425' title='bbox 633 4892 713 4943; x_wconf 85' lang='grc' dir='ltr'>ὃτι</span> <span class='ocrx_word' id='word_1_426' title='bbox 739 4891 970 4961; x_wconf 82' lang='grc' dir='ltr'>ῆλκωτο,</span> <span class='ocrx_word' id='word_1_427' title='bbox 1000 4896 1134 4948; x_wconf 86' lang='grc' dir='ltr'>ἀλλά</span> <span class='ocrx_word' id='word_1_428' title='bbox 1149 4898 1305 4950; x_wconf 91' lang='grc' dir='ltr'>τοῦτο</span> <span class='ocrx_word' id='word_1_429' title='bbox 1327 4901 1540 4968; x_wconf 86' lang='grc' dir='ltr'>σκόπει,</span> 
     </span>
    </p>
   </div>
   <div class='ocr_carea' id='block_1_56' title="bbox 17 4969 1538 5058">
    <p class='ocr_par' dir='ltr' id='par_1_56' title="bbox 17 4969 1538 5058">
     <span class='ocr_line' id='line_1_56' title="bbox 17 4969 1538 5058; baseline 0.014 -41"><span class='ocrx_word' id='word_1_430' title='bbox 17 4983 57 5016; x_wconf 82' lang='grc' dir='ltr'>τι</span> <span class='ocrx_word' id='word_1_431' title='bbox 85 4969 280 5038; x_wconf 84' lang='grc' dir='ltr'>χρυσοῦ</span> <span class='ocrx_word' id='word_1_432' title='bbox 308 4971 508 5034; x_wconf 88' lang='grc' dir='ltr'>παντὸς</span> <span class='ocrx_word' id='word_1_433' title='bbox 541 4975 872 5046; x_wconf 83' lang='grc' dir='ltr'>τιμιωτέραν</span> <span class='ocrx_word' id='word_1_434' title='bbox 893 4977 1039 5030; x_wconf 73' lang='grc' dir='ltr'>ἔνδον</span> <span class='ocrx_word' id='word_1_435' title='bbox 1073 4977 1182 5050; x_wconf 78' lang='grc' dir='ltr'>εἶχε</span> <span class='ocrx_word' id='word_1_436' title='bbox 1213 4984 1312 5055; x_wconf 84' lang='grc' dir='ltr'>τὴν</span> <span class='ocrx_word' id='word_1_437' title='bbox 1339 4988 1538 5058; x_wconf 78' lang='grc' dir='ltr'>ψυχήν·</span> 
     </span>
    </p>
   </div>
   <div class='ocr_carea' id='block_1_57' title="bbox 17 5051 1542 5139">
    <p class='ocr_par' dir='ltr' id='par_1_57' title="bbox 17 5051 1542 5139">
     <span class='ocr_line' id='line_1_57' title="bbox 17 5051 1542 5139; baseline 0.014 -38"><span class='ocrx_word' id='word_1_438' title='bbox 17 5051 170 5103; x_wconf 62' lang='grc' dir='ltr'>μᾶλλον</span> <span class='ocrx_word' id='word_1_439' title='bbox 202 5053 259 5105; x_wconf 80' lang='grc' dir='ltr'>δὲ</span> <span class='ocrx_word' id='word_1_440' title='bbox 306 5056 365 5106; x_wconf 85' lang='grc' dir='ltr'>ού</span> <span class='ocrx_word' id='word_1_441' title='bbox 395 5054 493 5139; x_wconf 82' lang='grc' dir='ltr'>τὴν</span> <span class='ocrx_word' id='word_1_442' title='bbox 539 5056 714 5128; x_wconf 79' lang='grc' dir='ltr'>ψυχὴν</span> <span class='ocrx_word' id='word_1_443' title='bbox 758 5059 937 5128; x_wconf 87' lang='grc' dir='ltr'>μόνον,</span> <span class='ocrx_word' id='word_1_444' title='bbox 969 5061 1104 5116; x_wconf 80' lang='grc' dir='ltr'>ἀλλὰ</span> <span class='ocrx_word' id='word_1_445' title='bbox 1153 5051 1542 5139; x_wconf 16' lang='grc' dir='ltr'>καὶ-τὸίσιῦμα</span> 
     </span>
    </p>
   </div>
   <div class='ocr_carea' id='block_1_58' title="bbox 19 5134 1539 5221">
    <p class='ocr_par' dir='ltr' id='par_1_58' title="bbox 19 5134 1539 5221">
     <span class='ocr_line' id='line_1_58' title="bbox 19 5134 1539 5221; baseline 0.014 -36"><span class='ocrx_word' id='word_1_446' title='bbox 19 5134 157 5187; x_wconf 84' lang='grc' dir='ltr'>ὐτοῦ·</span> <span class='ocrx_word' id='word_1_447' title='bbox 176 5139 345 5208; x_wconf 84' lang='grc' dir='ltr'>ἀρετὴ</span> <span class='ocrx_word' id='word_1_448' title='bbox 363 5138 470 5210; x_wconf 81' lang='grc' dir='ltr'>γάρ</span> <span class='ocrx_word' id='word_1_449' title='bbox 501 5140 750 5210; x_wconf 81' lang='grc' dir='ltr'>σώματος</span> <span class='ocrx_word' id='word_1_450' title='bbox 770 5145 829 5194; x_wconf 85' lang='grc' dir='ltr'>οὐ</span> <span class='ocrx_word' id='word_1_451' title='bbox 858 5145 1194 5216; x_wconf 78' lang='grc' dir='ltr'>πολυσαρκία</span> <span class='ocrx_word' id='word_1_452' title='bbox 1213 5152 1308 5202; x_wconf 78' lang='grc' dir='ltr'>καὶ</span> <span class='ocrx_word' id='word_1_453' title='bbox 1337 5153 1539 5221; x_wconf 79' lang='grc' dir='ltr'>εὐεξία,</span> 
     </span>
    </p>
   </div>
   <div class='ocr_carea' id='block_1_59' title="bbox 19 5215 1541 5300">
    <p class='ocr_par' dir='ltr' id='par_1_59' title="bbox 19 5215 1541 5300">
     <span class='ocr_line' id='line_1_59' title="bbox 19 5215 1541 5300; baseline 0.016 -35"><span class='ocrx_word' id='word_1_454' title='bbox 19 5215 107 5267; x_wconf 81' lang='grc' dir='ltr'>λλά</span> <span class='ocrx_word' id='word_1_455' title='bbox 136 5219 399 5284; x_wconf 84' lang='grc' dir='ltr'>τοσαύτας</span> <span class='ocrx_word' id='word_1_456' title='bbox 456 5223 548 5274; x_wconf 76' lang='grc' dir='ltr'>καὶ</span> <span class='ocrx_word' id='word_1_457' title='bbox 604 5224 856 5288; x_wconf 87' lang='grc' dir='ltr'>τοιαύτας</span> <span class='ocrx_word' id='word_1_458' title='bbox 886 5215 1079 5298; x_wconf 82' lang='grc' dir='ltr'>φέρειν</span> <span class='ocrx_word' id='word_1_459' title='bbox 1128 5231 1412 5300; x_wconf 84' lang='grc' dir='ltr'>βασάνους.</span> <span class='ocrx_word' id='word_1_460' title='bbox 1466 5238 1541 5290; x_wconf 85' lang='grc' dir='ltr'>Οὐ</span> 
     </span>
    </p>
   </div>
   <div class='ocr_carea' id='block_1_60' title="bbox 21 5302 1539 5389">
    <p class='ocr_par' dir='ltr' id='par_1_60' title="bbox 21 5302 1539 5389">
     <span class='ocr_line' id='line_1_60' title="bbox 21 5302 1539 5389; baseline 0.015 -38"><span class='ocrx_word' id='word_1_461' title='bbox 21 5303 101 5367; x_wconf 66' lang='grc' dir='ltr'>ἀρ,</span> <span class='ocrx_word' id='word_1_462' title='bbox 121 5302 172 5352; x_wconf 77' lang='grc' dir='ltr'>εἴ</span> <span class='ocrx_word' id='word_1_463' title='bbox 194 5320 277 5366; x_wconf 91' lang='grc' dir='ltr'>τις</span> <span class='ocrx_word' id='word_1_464' title='bbox 299 5305 393 5356; x_wconf 74' lang='grc' dir='ltr'>ἐπὶ</span> <span class='ocrx_word' id='word_1_465' title='bbox 421 5305 514 5358; x_wconf 90' lang='grc' dir='ltr'>τοῦ</span> <span class='ocrx_word' id='word_1_466' title='bbox 545 5305 797 5378; x_wconf 83' lang='grc' dir='ltr'>σώματος</span> <span class='ocrx_word' id='word_1_467' title='bbox 837 5311 1127 5382; x_wconf 85' lang='grc' dir='ltr'>τραύματα</span> <span class='ocrx_word' id='word_1_468' title='bbox 1156 5315 1267 5384; x_wconf 78' lang='grc' dir='ltr'>ἔχοι</span> <span class='ocrx_word' id='word_1_469' title='bbox 1293 5319 1539 5389; x_wconf 88' lang='grc' dir='ltr'>τοιαῦτα,</span> 
     </span>
    </p>
   </div>
   <div class='ocr_carea' id='block_1_61' title="bbox 18 5383 1542 5477">
    <p class='ocr_par' dir='ltr' id='par_1_61' title="bbox 18 5383 1542 5477">
     <span class='ocr_line' id='line_1_61' title="bbox 18 5383 1542 5477; baseline 0.016 -43"><span class='ocrx_word' id='word_1_470' title='bbox 18 5383 257 5477; x_wconf 61' lang='grc' dir='ltr'>δελρκτὸς</span> <span class='ocrx_word' id='word_1_471' title='bbox 287 5389 316 5439; x_wconf 97' lang='lat'>6</span> <span class='ocrx_word' id='word_1_472' title='bbox 344 5389 600 5477; x_wconf 46' lang='grc' dir='ltr'>τοιοῦτος·</span> <span class='ocrx_word' id='word_1_473' title='bbox 634 5391 748 5443; x_wconf 88' lang='grc' dir='ltr'>ἀλλ’</span> <span class='ocrx_word' id='word_1_474' title='bbox 783 5393 837 5446; x_wconf 80' lang='grc' dir='ltr'>εί</span> <span class='ocrx_word' id='word_1_475' title='bbox 865 5411 950 5458; x_wconf 89' lang='grc' dir='ltr'>τις</span> <span class='ocrx_word' id='word_1_476' title='bbox 972 5397 1064 5449; x_wconf 83' lang='grc' dir='ltr'>ἐπὶ</span> <span class='ocrx_word' id='word_1_477' title='bbox 1085 5383 1379 5470; x_wconf 16' lang='grc' dir='ltr'>τῆςίψυχῆς</span> <span class='ocrx_word' id='word_1_478' title='bbox 1409 5383 1542 5477; x_wconf 70' lang='grc' dir='ltr'>ἐλκῆ</span> 
     </span>
    </p>
   </div>
   <div class='ocr_carea' id='block_1_62' title="bbox 17 5467 1543 5552">
    <p class='ocr_par' dir='ltr' id='par_1_62' title="bbox 17 5467 1543 5552">
     <span class='ocr_line' id='line_1_62' title="bbox 17 5467 1543 5552; baseline 0.016 -38"><span class='ocrx_word' id='word_1_479' title='bbox 17 5467 143 5533; x_wconf 88' lang='grc' dir='ltr'>,υρία</span> <span class='ocrx_word' id='word_1_480' title='bbox 171 5468 329 5537; x_wconf 77' lang='grc' dir='ltr'>ἔχων,</span> <span class='ocrx_word' id='word_1_481' title='bbox 359 5468 627 5540; x_wconf 85' lang='grc' dir='ltr'>μηδεμίαν</span> <span class='ocrx_word' id='word_1_482' title='bbox 647 5473 824 5527; x_wconf 82' lang='grc' dir='ltr'>αὐτῶν</span> <span class='ocrx_word' id='word_1_483' title='bbox 838 5478 1153 5546; x_wconf 84' lang='grc' dir='ltr'>ἐπιμέλειαν</span> <span class='ocrx_word' id='word_1_484' title='bbox 1175 5467 1400 5536; x_wconf 79' lang='grc' dir='ltr'>ποιοῖτο·</span> <span class='ocrx_word' id='word_1_485' title='bbox 1431 5467 1543 5552; x_wconf 72' lang='grc' dir='ltr'>οἷος</span> 
     </span>
    </p>
   </div>
   <div class='ocr_carea' id='block_1_63' title="bbox 19 5552 1542 5632">
    <p class='ocr_par' dir='ltr' id='par_1_63' title="bbox 19 5552 1542 5632">
     <span class='ocr_line' id='line_1_63' title="bbox 19 5552 1542 5632; baseline 0.017 -33"><span class='ocrx_word' id='word_1_486' title='bbox 19 5565 45 5599; x_wconf 86' lang='grc' dir='ltr'>ν</span> <span class='ocrx_word' id='word_1_487' title='bbox 82 5553 282 5614; x_wconf 82' lang='grc' dir='ltr'>ἐκεῖνος</span> <span class='ocrx_word' id='word_1_488' title='bbox 306 5555 336 5606; x_wconf 89' lang='lat'>6</span> <span class='ocrx_word' id='word_1_489' title='bbox 355 5552 629 5619; x_wconf 86' lang='grc' dir='ltr'>πλούσιος,</span> <span class='ocrx_word' id='word_1_490' title='bbox 663 5555 872 5611; x_wconf 74' lang='grc' dir='ltr'>ἔνδοθεν</span> <span class='ocrx_word' id='word_1_491' title='bbox 901 5561 1212 5632; x_wconf 80' lang='grc' dir='ltr'>ήλκωμένος</span> <span class='ocrx_word' id='word_1_492' title='bbox 1240 5566 1404 5632; x_wconf 75' lang='grc' dir='ltr'>ἄπας.</span> <span class='ocrx_word' id='word_1_493' title='bbox 1430 5564 1542 5624; x_wconf 66' lang='grc' dir='ltr'>’Καὶ</span> 
     </span>
    </p>
   </div>
   <div class='ocr_carea' id='block_1_64' title="bbox 46 5776 1236 5844">
    <p class='ocr_par' dir='ltr' id='par_1_64' title="bbox 46 5776 1236 5844">
     <span class='ocr_line' id='line_1_64' title="bbox 46 5776 1236 5844; baseline 0.017 -20"><span class='ocrx_word' id='word_1_494' title='bbox 46 5776 72 5804; x_wconf 79' lang='grc'><strong>⁸</strong></span> <span class='ocrx_word' id='word_1_495' title='bbox 94 5778 184 5836; x_wconf 60' lang='grc' dir='ltr'>Ϊὸτε</span> <span class='ocrx_word' id='word_1_496' title='bbox 197 5781 442 5843; x_wconf 78' lang='grc' dir='ltr'>βασιλικόν</span> <span class='ocrx_word' id='word_1_497' title='bbox 461 5785 604 5834; x_wconf 78' lang='lat' dir='ltr'><strong>deest</strong></span> <span class='ocrx_word' id='word_1_498' title='bbox 622 5787 670 5834; x_wconf 84' lang='lat' dir='ltr'>In</span> <span class='ocrx_word' id='word_1_499' title='bbox 696 5787 844 5837; x_wconf 72' lang='lat' dir='ltr'><strong>Savil.</strong></span> <span class='ocrx_word' id='word_1_500' title='bbox 870 5796 921 5838; x_wconf 84' lang='lat' dir='ltr'>el</span> <span class='ocrx_word' id='word_1_501' title='bbox 943 5791 1103 5841; x_wconf 79' lang='lat' dir='ltr'>tribus</span> <span class='ocrx_word' id='word_1_502' title='bbox 1124 5808 1236 5844; x_wconf 86' lang='lat' dir='ltr'><strong>mss.</strong></span> 
     </span>
    </p>
   </div>
   <div class='ocr_carea' id='block_1_65' title="bbox 274 5893 1027 5962">
    <p class='ocr_par' dir='ltr' id='par_1_65' title="bbox 274 5893 1027 5962">
     <span class='ocr_line' id='line_1_65' title="bbox 274 5893 1027 5962; baseline 0.011 -12"><span class='ocrx_word' id='word_1_503' title='bbox 274 5893 539 5954; x_wconf 73' lang='lat' dir='ltr'>PATROL.</span> <span class='ocrx_word' id='word_1_504' title='bbox 587 5896 704 5956; x_wconf 73' lang='lat' dir='ltr'>Gn.</span> <span class='ocrx_word' id='word_1_505' title='bbox 747 5897 1027 5962; x_wconf 71' lang='lat' dir='ltr'>XLVIU.</span> 
     </span>
    </p>
   </div>
   <div class='ocr_carea' id='block_1_66' title="bbox 3120 369 3222 424">
    <p class='ocr_par' dir='ltr' id='par_1_66' title="bbox 3120 369 3222 424">
     <span class='ocr_line' id='line_1_66' title="bbox 3120 369 3222 424; baseline 0.029 -4"><span class='ocrx_word' id='word_1_506' title='bbox 3120 369 3222 424; x_wconf 80' lang='lat'><strong>980</strong></span> 
     </span>
    </p>
   </div>
   <div class='ocr_carea' id='block_1_67' title="bbox 1655 475 3221 555">
    <p class='ocr_par' dir='ltr' id='par_1_67' title="bbox 1655 475 3221 555">
     <span class='ocr_line' id='line_1_67' title="bbox 1655 475 3221 555; baseline 0.006 -26"><span class='ocrx_word' id='word_1_507' title='bbox 1655 475 1906 548; x_wconf 83' lang='grc' dir='ltr'>καθάπερ</span> <span class='ocrx_word' id='word_1_508' title='bbox 1935 477 1984 529; x_wconf 83' lang='grc' dir='ltr'>οἱ</span> <span class='ocrx_word' id='word_1_509' title='bbox 2022 475 2181 540; x_wconf 86' lang='grc' dir='ltr'>κύνες</span> <span class='ocrx_word' id='word_1_510' title='bbox 2213 477 2404 531; x_wconf 88' lang='grc' dir='ltr'>τούτου</span> <span class='ocrx_word' id='word_1_511' title='bbox 2439 479 2775 551; x_wconf 84' lang='grc' dir='ltr'>περιέλειχον</span> <span class='ocrx_word' id='word_1_512' title='bbox 2811 487 2880 540; x_wconf 84' lang='grc' dir='ltr'>τὰ</span> <span class='ocrx_word' id='word_1_513' title='bbox 2915 484 3221 555; x_wconf 85' lang='grc' dir='ltr'>τραύματα,</span> 
     </span>
    </p>
   </div>
   <div class='ocr_carea' id='block_1_68' title="bbox 1654 567 3226 650">
    <p class='ocr_par' dir='ltr' id='par_1_68' title="bbox 1654 567 3226 650">
     <span class='ocr_line' id='line_1_68' title="bbox 1654 567 3226 650; baseline 0.008 -31"><span class='ocrx_word' id='word_1_514' title='bbox 1654 567 1827 631; x_wconf 79' lang='grc' dir='ltr'>οὕτως</span> <span class='ocrx_word' id='word_1_515' title='bbox 1860 567 2068 622; x_wconf 86' lang='grc' dir='ltr'>ἐκείνου</span> <span class='ocrx_word' id='word_1_516' title='bbox 2096 567 2430 638; x_wconf 87' lang='grc' dir='ltr'>δαίμονεςτά</span> <span class='ocrx_word' id='word_1_517' title='bbox 2454 574 2843 646; x_wconf 83' lang='grc' dir='ltr'>ἁμαρτήματα·</span> <span class='ocrx_word' id='word_1_518' title='bbox 2867 576 2962 628; x_wconf 79' lang='grc' dir='ltr'>καὶ</span> <span class='ocrx_word' id='word_1_519' title='bbox 2978 576 3226 650; x_wconf 87' lang='grc' dir='ltr'>καθάπερ</span> 
     </span>
    </p>
   </div>
   <div class='ocr_carea' id='block_1_69' title="bbox 1655 655 3228 742">
    <p class='ocr_par' dir='ltr' id='par_1_69' title="bbox 1655 655 3228 742">
     <span class='ocr_line' id='line_1_69' title="bbox 1655 655 3228 742; baseline 0.006 -28"><span class='ocrx_word' id='word_1_520' title='bbox 1655 655 1804 724; x_wconf 70' lang='grc' dir='ltr'>οὗτος</span> <span class='ocrx_word' id='word_1_521' title='bbox 1822 661 1880 712; x_wconf 87' lang='grc' dir='ltr'>ἐν</span> <span class='ocrx_word' id='word_1_522' title='bbox 1898 661 2042 732; x_wconf 83' lang='grc' dir='ltr'>λιμῷ</span> <span class='ocrx_word' id='word_1_523' title='bbox 2071 662 2298 733; x_wconf 81' lang='grc' dir='ltr'>τροφῆς,</span> <span class='ocrx_word' id='word_1_524' title='bbox 2329 663 2502 728; x_wconf 79' lang='grc' dir='ltr'>οὓτως</span> <span class='ocrx_word' id='word_1_525' title='bbox 2531 668 2738 732; x_wconf 90' lang='grc' dir='ltr'>ἐκεῖνος</span> <span class='ocrx_word' id='word_1_526' title='bbox 2775 671 2833 722; x_wconf 89' lang='grc' dir='ltr'>ἐν</span> <span class='ocrx_word' id='word_1_527' title='bbox 2871 668 3014 740; x_wconf 88' lang='grc' dir='ltr'>λιμῷ</span> <span class='ocrx_word' id='word_1_528' title='bbox 3048 671 3228 742; x_wconf 87' lang='grc' dir='ltr'>πάσης</span> 
     </span>
    </p>
   </div>
   <div class='ocr_carea' id='block_1_70' title="bbox 1655 753 1998 824">
    <p class='ocr_par' dir='ltr' id='par_1_70' title="bbox 1655 753 1998 824">
     <span class='ocr_line' id='line_1_70' title="bbox 1655 753 1998 824; baseline 0 0"><span class='ocrx_word' id='word_1_529' title='bbox 1655 754 1856 824; x_wconf 78' lang='grc' dir='ltr'>ἀρετῆς</span> <span class='ocrx_word' id='word_1_530' title='bbox 1884 753 1998 824; x_wconf 72' lang='grc' dir='ltr'>ἔζη·</span> 
     </span>
    </p>
   </div>
   <div class='ocr_carea' id='block_1_71' title="bbox 1719 872 3231 958">
    <p class='ocr_par' dir='ltr' id='par_1_71' title="bbox 1719 872 3231 958">
     <span class='ocr_line' id='line_1_71' title="bbox 1719 872 3231 958; baseline 0.002 -26"><span class='ocrx_word' id='word_1_531' title='bbox 1719 876 1812 932; x_wconf 85' lang='grc' dir='ltr'>ιϐ’.</span> <span class='ocrx_word' id='word_1_532' title='bbox 1828 877 1993 931; x_wconf 86' lang='grc' dir='ltr'>Ταῦτ’</span> <span class='ocrx_word' id='word_1_533' title='bbox 2019 872 2113 931; x_wconf 73' lang='grc' dir='ltr'>οὖν</span> <span class='ocrx_word' id='word_1_534' title='bbox 2140 877 2338 940; x_wconf 78' lang='grc' dir='ltr'>εἰδότες</span> <span class='ocrx_word' id='word_1_535' title='bbox 2368 877 2582 934; x_wconf 70' lang='grc' dir='ltr'>ἅπαντα</span> <span class='ocrx_word' id='word_1_536' title='bbox 2609 879 3003 950; x_wconf 79' lang='grc' dir='ltr'>φιλοσοφῶμεν,</span> <span class='ocrx_word' id='word_1_537' title='bbox 3034 885 3124 936; x_wconf 74' lang='grc' dir='ltr'>καὶ</span> <span class='ocrx_word' id='word_1_538' title='bbox 3150 887 3231 958; x_wconf 76' lang='grc' dir='ltr'>μὴ</span> 
     </span>
    </p>
   </div>
   <div class='ocr_carea' id='block_1_72' title="bbox 1654 971 3234 1041">
    <p class='ocr_par' dir='ltr' id='par_1_72' title="bbox 1654 971 3234 1041">
     <span class='ocr_line' id='line_1_72' title="bbox 1654 971 3234 1041; baseline 0.003 -17"><span class='ocrx_word' id='word_1_539' title='bbox 1654 971 1920 1041; x_wconf 86' lang='grc' dir='ltr'>λέγωμεν,</span> <span class='ocrx_word' id='word_1_540' title='bbox 1945 973 2027 1024; x_wconf 84' lang='grc' dir='ltr'>ὅτι</span> <span class='ocrx_word' id='word_1_541' title='bbox 2055 975 2102 1024; x_wconf 83' lang='grc' dir='ltr'>εί</span> <span class='ocrx_word' id='word_1_542' title='bbox 2128 972 2219 1024; x_wconf 85' lang='grc' dir='ltr'>τὸν</span> <span class='ocrx_word' id='word_1_543' title='bbox 2244 973 2390 1026; x_wconf 87' lang='grc' dir='ltr'>δεῖνα</span> <span class='ocrx_word' id='word_1_544' title='bbox 2419 973 2591 1039; x_wconf 82' lang='grc' dir='ltr'>ἐφίλει</span> <span class='ocrx_word' id='word_1_545' title='bbox 2620 974 2814 1036; x_wconf 83' lang='grc' dir='ltr'>ὁΘεὸς,</span> <span class='ocrx_word' id='word_1_546' title='bbox 2839 977 2938 1028; x_wconf 84' lang='grc' dir='ltr'>οὐκ</span> <span class='ocrx_word' id='word_1_547' title='bbox 2973 977 3038 1030; x_wconf 84' lang='grc' dir='ltr'>ἂν</span> <span class='ocrx_word' id='word_1_548' title='bbox 3065 978 3234 1030; x_wconf 81' lang='grc' dir='ltr'>αὐτὸν</span> 
     </span>
    </p>
   </div>
   <div class='ocr_carea' id='block_1_73' title="bbox 1654 1063 3224 1137">
    <p class='ocr_par' dir='ltr' id='par_1_73' title="bbox 1654 1063 3224 1137">
     <span class='ocr_line' id='line_1_73' title="bbox 1654 1063 3224 1137; baseline 0.003 -19"><span class='ocrx_word' id='word_1_549' title='bbox 1654 1066 1831 1134; x_wconf 81' lang='grc' dir='ltr'>ἀφῆκε</span> <span class='ocrx_word' id='word_1_550' title='bbox 1851 1063 2103 1131; x_wconf 83' lang='grc' dir='ltr'>γενέσθαι</span> <span class='ocrx_word' id='word_1_551' title='bbox 2125 1065 2349 1135; x_wconf 81' lang='grc' dir='ltr'>πένητα.</span> <span class='ocrx_word' id='word_1_552' title='bbox 2383 1065 2522 1118; x_wconf 81' lang='grc' dir='ltr'>Αὐτὸ</span> <span class='ocrx_word' id='word_1_553' title='bbox 2553 1066 2650 1134; x_wconf 85' lang='grc' dir='ltr'>μὲν</span> <span class='ocrx_word' id='word_1_554' title='bbox 2677 1063 2768 1118; x_wconf 77' lang='grc' dir='ltr'>οὖν</span> <span class='ocrx_word' id='word_1_555' title='bbox 2793 1067 2947 1119; x_wconf 89' lang='grc' dir='ltr'>τοῦτο</span> <span class='ocrx_word' id='word_1_556' title='bbox 2973 1069 3224 1137; x_wconf 67' lang='grc' dir='ltr'>μέγιστον</span> 
     </span>
    </p>
   </div>
   <div class='ocr_carea' id='block_1_74' title="bbox 1656 1151 3228 1236">
    <p class='ocr_par' dir='ltr' id='par_1_74' title="bbox 1656 1151 3228 1236">
     <span class='ocr_line' id='line_1_74' title="bbox 1656 1151 3228 1236; baseline 0.006 -34"><span class='ocrx_word' id='word_1_557' title='bbox 1656 1151 1874 1221; x_wconf 82' lang='grc' dir='ltr'>ἀγάπης</span> <span class='ocrx_word' id='word_1_558' title='bbox 1907 1151 2205 1222; x_wconf 85' lang='grc' dir='ltr'>τεκμήριόν</span> <span class='ocrx_word' id='word_1_559' title='bbox 2245 1155 2412 1206; x_wconf 74' lang='grc' dir='ltr'>ἐστιν’</span> <span class='ocrx_word' id='word_1_560' title='bbox 2457 1156 2564 1206; x_wconf 82' lang='grc' dir='ltr'>Ὃν</span> <span class='ocrx_word' id='word_1_561' title='bbox 2594 1160 2706 1224; x_wconf 76' lang='grc' dir='ltr'>γὰρ</span> <span class='ocrx_word' id='word_1_562' title='bbox 2742 1156 2944 1226; x_wconf 72' lang='grc' dir='ltr'>ἀγαπᾷ</span> <span class='ocrx_word' id='word_1_563' title='bbox 2992 1160 3228 1236; x_wconf 54' lang='grc' dir='ltr'>Κύριος,</span> 
     </span>
    </p>
   </div>
   <div class='ocr_carea' id='block_1_75' title="bbox 1655 1241 3200 1322">
    <p class='ocr_par' dir='ltr' id='par_1_75' title="bbox 1655 1241 3200 1322">
     <span class='ocr_line' id='line_1_75' title="bbox 1655 1241 3200 1322; baseline 0.008 -28"><span class='ocrx_word' id='word_1_564' title='bbox 1655 1241 1939 1297; x_wconf 74' lang='grc' dir='ltr'>παιδεύειο</span> <span class='ocrx_word' id='word_1_565' title='bbox 1970 1245 2256 1313; x_wconf 77' lang='grc' dir='ltr'>μαστιγοῖ</span> <span class='ocrx_word' id='word_1_566' title='bbox 2295 1245 2363 1300; x_wconf 84' lang='grc' dir='ltr'>δὲ</span> <span class='ocrx_word' id='word_1_567' title='bbox 2393 1247 2592 1302; x_wconf 80' lang='grc' dir='ltr'>πάντα</span> <span class='ocrx_word' id='word_1_568' title='bbox 2620 1250 2774 1313; x_wconf 80' lang='grc' dir='ltr'>υἱὸν,</span> <span class='ocrx_word' id='word_1_569' title='bbox 2806 1251 2877 1304; x_wconf 80' lang='grc' dir='ltr'>ὃν</span> <span class='ocrx_word' id='word_1_570' title='bbox 2901 1253 3200 1322; x_wconf 77' lang='grc' dir='ltr'>παραδέχε</span> 
     </span>
    </p>
   </div>
   <div class='ocr_carea' id='block_1_76' title="bbox 1657 1334 3227 1414">
    <p class='ocr_par' dir='ltr' id='par_1_76' title="bbox 1657 1334 3227 1414">
     <span class='ocr_line' id='line_1_76' title="bbox 1657 1334 3227 1414; baseline 0.008 -27"><span class='ocrx_word' id='word_1_571' title='bbox 1657 1352 1767 1388; x_wconf 81' lang='grc' dir='ltr'>ται.</span> <span class='ocrx_word' id='word_1_572' title='bbox 1806 1334 1955 1406; x_wconf 69' lang='grc'>[725]</span> <span class='ocrx_word' id='word_1_573' title='bbox 1989 1338 2099 1390; x_wconf 74' lang='grc' dir='ltr'>Καὶ</span> <span class='ocrx_word' id='word_1_574' title='bbox 2127 1339 2306 1404; x_wconf 86' lang='grc' dir='ltr'>πάλιν,</span> <span class='ocrx_word' id='word_1_575' title='bbox 2345 1341 2582 1404; x_wconf 78' lang='grc' dir='ltr'>Τέκνον,</span> <span class='ocrx_word' id='word_1_576' title='bbox 2610 1342 2717 1396; x_wconf 81' lang='grc' dir='ltr'>ἐὰν</span> <span class='ocrx_word' id='word_1_577' title='bbox 2745 1346 3048 1414; x_wconf 75' lang='grc' dir='ltr'>προσέρχῃ</span> <span class='ocrx_word' id='word_1_578' title='bbox 3088 1345 3227 1400; x_wconf 82' lang='grc' dir='ltr'>δου-</span> 
     </span>
    </p>
   </div>
   <div class='ocr_carea' id='block_1_77' title="bbox 1655 1430 3228 1504">
    <p class='ocr_par' dir='ltr' id='par_1_77' title="bbox 1655 1430 3228 1504">
     <span class='ocr_line' id='line_1_77' title="bbox 1655 1430 3228 1504; baseline 0.008 -24"><span class='ocrx_word' id='word_1_579' title='bbox 1655 1430 1860 1482; x_wconf 59' lang='grc' dir='ltr'>⁸ιῑεεύειν</span> <span class='ocrx_word' id='word_1_580' title='bbox 1892 1432 2107 1497; x_wconf 53' lang='grc' dir='ltr'>Κιλοίῳ,</span> <span class='ocrx_word' id='word_1_581' title='bbox 2131 1433 2454 1500; x_wconf 72' lang='grc' dir='ltr'>ἑτοίμασσν</span> <span class='ocrx_word' id='word_1_582' title='bbox 2482 1433 2596 1502; x_wconf 84' lang='grc' dir='ltr'>τὴν</span> <span class='ocrx_word' id='word_1_583' title='bbox 2617 1437 2704 1504; x_wconf 67' lang='grc' dir='ltr'>ψυ</span> <span class='ocrx_word' id='word_1_584' title='bbox 2709 1435 2828 1504; x_wconf 87' lang='grc' dir='ltr'>χήν</span> <span class='ocrx_word' id='word_1_585' title='bbox 2848 1454 2963 1491; x_wconf 89' lang='grc' dir='ltr'>σου</span> <span class='ocrx_word' id='word_1_586' title='bbox 2989 1441 3077 1504; x_wconf 77' lang='grc' dir='ltr'>εἰς</span> <span class='ocrx_word' id='word_1_587' title='bbox 3112 1456 3228 1492; x_wconf 63' lang='grc' dir='ltr'>πεις</span> 
     </span>
    </p>
   </div>
   <div class='ocr_carea' id='block_1_78' title="bbox 1648 1521 3229 1600">
    <p class='ocr_par' dir='ltr' id='par_1_78' title="bbox 1648 1521 3229 1600">
     <span class='ocr_line' id='line_1_78' title="bbox 1648 1521 3229 1600; baseline 0.008 -27"><span class='ocrx_word' id='word_1_588' title='bbox 1648 1521 1910 1590; x_wconf 71' lang='grc' dir='ltr'>ρασμὸν,</span> <span class='ocrx_word' id='word_1_589' title='bbox 1939 1525 2201 1579; x_wconf 76' lang='grc' dir='ltr'>εὔθυνον</span> <span class='ocrx_word' id='word_1_590' title='bbox 2223 1525 2339 1594; x_wconf 77' lang='grc' dir='ltr'>τὴν</span> <span class='ocrx_word' id='word_1_591' title='bbox 2364 1528 2620 1596; x_wconf 77' lang='grc' dir='ltr'>καρδίαν</span> <span class='ocrx_word' id='word_1_592' title='bbox 2640 1545 2779 1590; x_wconf 82' lang='grc' dir='ltr'>σου,</span> <span class='ocrx_word' id='word_1_593' title='bbox 2817 1531 2914 1583; x_wconf 60' lang='grc' dir='ltr'>καὶ</span> <span class='ocrx_word' id='word_1_594' title='bbox 2945 1546 3200 1600; x_wconf 72' lang='grc' dir='ltr'>καρτερη</span> <span class='ocrx_word' id='word_1_595' title='bbox 3217 1563 3229 1571; x_wconf 90' lang='lat'><strong><em>-</em></strong></span> 
     </span>
    </p>
   </div>
   <div class='ocr_carea' id='block_1_79' title="bbox 1656 1614 3229 1694">
    <p class='ocr_par' dir='ltr' id='par_1_79' title="bbox 1656 1614 3229 1694">
     <span class='ocr_line' id='line_1_79' title="bbox 1656 1614 3229 1694; baseline 0.008 -28"><span class='ocrx_word' id='word_1_596' title='bbox 1656 1630 1793 1668; x_wconf 84' lang='grc' dir='ltr'>σον.</span> <span class='ocrx_word' id='word_1_597' title='bbox 1836 1615 2184 1687; x_wconf 84' lang='grc' dir='ltr'>Ἐκϐάλωμεν</span> <span class='ocrx_word' id='word_1_598' title='bbox 2209 1614 2322 1683; x_wconf 83' lang='grc' dir='ltr'>οὐν,</span> <span class='ocrx_word' id='word_1_599' title='bbox 2355 1620 2651 1690; x_wconf 80' lang='grc' dir='ltr'>ἀγαπητοὶ,</span> <span class='ocrx_word' id='word_1_600' title='bbox 2679 1622 2777 1684; x_wconf 87' lang='grc' dir='ltr'>τὰς</span> <span class='ocrx_word' id='word_1_601' title='bbox 2806 1625 3067 1694; x_wconf 82' lang='grc' dir='ltr'>περιττὰς</span> <span class='ocrx_word' id='word_1_602' title='bbox 3108 1627 3229 1678; x_wconf 76' lang='grc' dir='ltr'>ταύ-</span> 
     </span>
    </p>
   </div>
   <div class='ocr_carea' id='block_1_80' title="bbox 1655 1709 3228 1788">
    <p class='ocr_par' dir='ltr' id='par_1_80' title="bbox 1655 1709 3228 1788">
     <span class='ocr_line' id='line_1_80' title="bbox 1655 1709 3228 1788; baseline 0.008 -29"><span class='ocrx_word' id='word_1_603' title='bbox 1655 1724 1754 1770; x_wconf 88' lang='grc' dir='ltr'>τας</span> <span class='ocrx_word' id='word_1_604' title='bbox 1777 1709 2073 1779; x_wconf 73' lang='grc' dir='ltr'>προλήψεις</span> <span class='ocrx_word' id='word_1_605' title='bbox 2095 1712 2189 1778; x_wconf 82' lang='grc' dir='ltr'>ἀφ⁹</span> <span class='ocrx_word' id='word_1_606' title='bbox 2206 1711 2436 1775; x_wconf 81' lang='grc' dir='ltr'>ἑαυτῶν,</span> <span class='ocrx_word' id='word_1_607' title='bbox 2461 1713 2645 1768; x_wconf 76' lang='grc' dir='ltr'>καὶτὰ</span> <span class='ocrx_word' id='word_1_608' title='bbox 2679 1715 2908 1785; x_wconf 85' lang='grc' dir='ltr'>δημώδη</span> <span class='ocrx_word' id='word_1_609' title='bbox 2937 1716 3105 1770; x_wconf 86' lang='grc' dir='ltr'>ταῦτα</span> <span class='ocrx_word' id='word_1_610' title='bbox 3134 1720 3228 1788; x_wconf 72' lang='grc' dir='ltr'>ρή-</span> 
     </span>
    </p>
   </div>
   <div class='ocr_carea' id='block_1_81' title="bbox 1660 1801 3228 1878">
    <p class='ocr_par' dir='ltr' id='par_1_81' title="bbox 1660 1801 3228 1878">
     <span class='ocr_line' id='line_1_81' title="bbox 1660 1801 3228 1878; baseline 0.008 -28"><span class='ocrx_word' id='word_1_611' title='bbox 1660 1813 1824 1866; x_wconf 88' lang='grc' dir='ltr'>ματα.</span> <span class='ocrx_word' id='word_1_612' title='bbox 1862 1801 2196 1869; x_wconf 79' lang='grc' dir='ltr'>Αὶσχρότης</span> <span class='ocrx_word' id='word_1_613' title='bbox 2230 1804 2360 1874; x_wconf 77' lang='grc' dir='ltr'>γάρ,</span> <span class='ocrx_word' id='word_1_614' title='bbox 2393 1804 2546 1874; x_wconf 75' lang='grc' dir='ltr'>φησὶ,</span> <span class='ocrx_word' id='word_1_615' title='bbox 2585 1805 2684 1859; x_wconf 78' lang='grc' dir='ltr'>καὶ</span> <span class='ocrx_word' id='word_1_616' title='bbox 2720 1809 3077 1878; x_wconf 79' lang='grc' dir='ltr'>μωρολογία,</span> <span class='ocrx_word' id='word_1_617' title='bbox 3128 1811 3228 1862; x_wconf 75' lang='grc' dir='ltr'>καί</span> 
     </span>
    </p>
   </div>
   <div class='ocr_carea' id='block_1_82' title="bbox 1655 1889 3228 1968">
    <p class='ocr_par' dir='ltr' id='par_1_82' title="bbox 1655 1889 3228 1968">
     <span class='ocr_line' id='line_1_82' title="bbox 1655 1889 3228 1968; baseline 0.009 -29"><span class='ocrx_word' id='word_1_618' title='bbox 1655 1889 2019 1955; x_wconf 73' lang='grc' dir='ltr'>εὐτραπελία</span> <span class='ocrx_word' id='word_1_619' title='bbox 2055 1891 2142 1960; x_wconf 75' lang='grc' dir='ltr'>μὴ</span> <span class='ocrx_word' id='word_1_620' title='bbox 2195 1893 2612 1961; x_wconf 80' lang='grc' dir='ltr'>ἐκπορευέσθω</span> <span class='ocrx_word' id='word_1_621' title='bbox 2662 1898 2733 1950; x_wconf 82' lang='grc' dir='ltr'>ἐκ</span> <span class='ocrx_word' id='word_1_622' title='bbox 2776 1898 2884 1952; x_wconf 77' lang='grc' dir='ltr'>τοῦ</span> <span class='ocrx_word' id='word_1_623' title='bbox 2932 1901 3228 1968; x_wconf 82' lang='grc' dir='ltr'>στόματος</span> 
     </span>
    </p>
   </div>
   <div class='ocr_carea' id='block_1_83' title="bbox 1655 1975 3229 2057">
    <p class='ocr_par' dir='ltr' id='par_1_83' title="bbox 1655 1975 3229 2057">
     <span class='ocr_line' id='line_1_83' title="bbox 1655 1975 3229 2057; baseline 0.008 -28"><span class='ocrx_word' id='word_1_624' title='bbox 1655 1975 1840 2044; x_wconf 76' lang='grc' dir='ltr'>ὑμῶν.</span> <span class='ocrx_word' id='word_1_625' title='bbox 1871 1980 2023 2050; x_wconf 80' lang='grc' dir='ltr'>Μήτε</span> <span class='ocrx_word' id='word_1_626' title='bbox 2050 1977 2143 2034; x_wconf 82' lang='grc' dir='ltr'>οὖν</span> <span class='ocrx_word' id='word_1_627' title='bbox 2171 1983 2326 2036; x_wconf 74' lang='grc' dir='ltr'>αὐτοὶ</span> <span class='ocrx_word' id='word_1_628' title='bbox 2347 1984 2520 2038; x_wconf 89' lang='grc' dir='ltr'>ταῦτα</span> <span class='ocrx_word' id='word_1_629' title='bbox 2540 1985 2807 2057; x_wconf 85' lang='grc' dir='ltr'>λέγωμεν,</span> <span class='ocrx_word' id='word_1_630' title='bbox 2831 1988 2967 2041; x_wconf 88' lang='grc' dir='ltr'>ἀλλά</span> <span class='ocrx_word' id='word_1_631' title='bbox 2993 1989 3097 2043; x_wconf 84' lang='grc' dir='ltr'>κᾶν</span> <span class='ocrx_word' id='word_1_632' title='bbox 3117 1993 3229 2042; x_wconf 79' lang='grc' dir='ltr'>ἐτέο</span> 
     </span>
    </p>
   </div>
   <div class='ocr_carea' id='block_1_84' title="bbox 1659 2071 3229 2149">
    <p class='ocr_par' dir='ltr' id='par_1_84' title="bbox 1659 2071 3229 2149">
     <span class='ocr_line' id='line_1_84' title="bbox 1659 2071 3229 2149; baseline 0.008 -27"><span class='ocrx_word' id='word_1_633' title='bbox 1659 2088 1783 2140; x_wconf 90' lang='grc' dir='ltr'>ρους</span> <span class='ocrx_word' id='word_1_634' title='bbox 1814 2071 2012 2142; x_wconf 78' lang='grc' dir='ltr'>ἴδωμεν</span> <span class='ocrx_word' id='word_1_635' title='bbox 2044 2074 2219 2128; x_wconf 87' lang='grc' dir='ltr'>ταῦτα</span> <span class='ocrx_word' id='word_1_636' title='bbox 2242 2074 2520 2142; x_wconf 85' lang='grc' dir='ltr'>λέγοντας,</span> <span class='ocrx_word' id='word_1_637' title='bbox 2547 2077 3010 2149; x_wconf 88' lang='grc' dir='ltr'>ἐπιστομίσωμεν,</span> <span class='ocrx_word' id='word_1_638' title='bbox 3039 2081 3229 2145; x_wconf 77' lang='grc' dir='ltr'>κατεξο</span> 
     </span>
    </p>
   </div>
   <div class='ocr_carea' id='block_1_85' title="bbox 1656 2165 3228 2242">
    <p class='ocr_par' dir='ltr' id='par_1_85' title="bbox 1656 2165 3228 2242">
     <span class='ocr_line' id='line_1_85' title="bbox 1656 2165 3228 2242; baseline 0.006 -26"><span class='ocrx_word' id='word_1_639' title='bbox 1656 2165 1975 2234; x_wconf 85' lang='grc' dir='ltr'>ἀναστῶμεν</span> <span class='ocrx_word' id='word_1_640' title='bbox 2007 2165 2271 2237; x_wconf 83' lang='grc' dir='ltr'>σφοδρῶς,</span> <span class='ocrx_word' id='word_1_641' title='bbox 2304 2168 2614 2238; x_wconf 89' lang='grc' dir='ltr'>ἐπίσχωμεν</span> <span class='ocrx_word' id='word_1_642' title='bbox 2641 2169 2740 2240; x_wconf 78' lang='grc' dir='ltr'>τὴν</span> <span class='ocrx_word' id='word_1_643' title='bbox 2762 2173 3111 2242; x_wconf 85' lang='grc' dir='ltr'>ἀναίσχυντον</span> <span class='ocrx_word' id='word_1_644' title='bbox 3133 2176 3228 2226; x_wconf 76' lang='grc' dir='ltr'>αύ-</span> 
     </span>
    </p>
   </div>
   <div class='ocr_carea' id='block_1_86' title="bbox 1655 2255 3227 2336">
    <p class='ocr_par' dir='ltr' id='par_1_86' title="bbox 1655 2255 3227 2336">
     <span class='ocr_line' id='line_1_86' title="bbox 1655 2255 3227 2336; baseline 0.008 -28"><span class='ocrx_word' id='word_1_645' title='bbox 1655 2255 1763 2308; x_wconf 85' lang='grc' dir='ltr'>τῶν</span> <span class='ocrx_word' id='word_1_646' title='bbox 1787 2256 2052 2324; x_wconf 83' lang='grc' dir='ltr'>γλῶτταν.</span> <span class='ocrx_word' id='word_1_647' title='bbox 2094 2257 2162 2311; x_wconf 80' lang='grc' dir='ltr'>Εἴ</span> <span class='ocrx_word' id='word_1_648' title='bbox 2187 2277 2312 2314; x_wconf 90' lang='grc' dir='ltr'>τινα</span> <span class='ocrx_word' id='word_1_649' title='bbox 2340 2259 2482 2330; x_wconf 82' lang='grc' dir='ltr'>ῐδῃς,</span> <span class='ocrx_word' id='word_1_650' title='bbox 2509 2262 2627 2314; x_wconf 89' lang='grc' dir='ltr'>εἰπέ</span> <span class='ocrx_word' id='word_1_651' title='bbox 2656 2280 2765 2332; x_wconf 90' lang='grc' dir='ltr'>μοι,</span> <span class='ocrx_word' id='word_1_652' title='bbox 2795 2263 3096 2336; x_wconf 84' lang='grc' dir='ltr'>λῄσταρχον</span> <span class='ocrx_word' id='word_1_653' title='bbox 3125 2285 3227 2320; x_wconf 87' lang='grc' dir='ltr'>κα-</span> 
     </span>
    </p>
   </div>
   <div class='ocr_carea' id='block_1_87' title="bbox 1656 2351 3228 2427">
    <p class='ocr_par' dir='ltr' id='par_1_87' title="bbox 1656 2351 3228 2427">
     <span class='ocr_line' id='line_1_87' title="bbox 1656 2351 3228 2427; baseline 0.005 -25"><span class='ocrx_word' id='word_1_654' title='bbox 1656 2351 1988 2421; x_wconf 84' lang='grc' dir='ltr'>τατρέχοντα</span> <span class='ocrx_word' id='word_1_655' title='bbox 2015 2351 2113 2417; x_wconf 82' lang='grc' dir='ltr'>τὰς</span> <span class='ocrx_word' id='word_1_656' title='bbox 2158 2353 2332 2416; x_wconf 82' lang='grc' dir='ltr'>ὀδοὺς,</span> <span class='ocrx_word' id='word_1_657' title='bbox 2378 2357 2491 2416; x_wconf 89' lang='grc' dir='ltr'>τοῖς</span> <span class='ocrx_word' id='word_1_658' title='bbox 2532 2356 2821 2426; x_wconf 86' lang='grc' dir='ltr'>παριοῦσιν</span> <span class='ocrx_word' id='word_1_659' title='bbox 2852 2357 3228 2427; x_wconf 79' lang='grc' dir='ltr'>ἐφεδρεύοντα,</span> 
     </span>
    </p>
   </div>
   <div class='ocr_carea' id='block_1_88' title="bbox 1654 2442 3226 2520">
    <p class='ocr_par' dir='ltr' id='par_1_88' title="bbox 1654 2442 3226 2520">
     <span class='ocr_line' id='line_1_88' title="bbox 1654 2442 3226 2520; baseline 0.006 -25"><span class='ocrx_word' id='word_1_660' title='bbox 1654 2442 1722 2495; x_wconf 80' lang='grc' dir='ltr'>τά</span> <span class='ocrx_word' id='word_1_661' title='bbox 1753 2445 1818 2496; x_wconf 84' lang='grc' dir='ltr'>ἐκ</span> <span class='ocrx_word' id='word_1_662' title='bbox 1849 2444 1959 2497; x_wconf 84' lang='grc' dir='ltr'>τῶν</span> <span class='ocrx_word' id='word_1_663' title='bbox 1986 2445 2170 2515; x_wconf 83' lang='grc' dir='ltr'>ἀγρῶν</span> <span class='ocrx_word' id='word_1_664' title='bbox 2199 2445 2534 2514; x_wconf 81' lang='grc' dir='ltr'>ἁρπάζοντα,</span> <span class='ocrx_word' id='word_1_665' title='bbox 2563 2450 2643 2512; x_wconf 87' lang='grc' dir='ltr'>εἰς</span> <span class='ocrx_word' id='word_1_666' title='bbox 2674 2449 2912 2520; x_wconf 85' lang='grc' dir='ltr'>σπήλαια</span> <span class='ocrx_word' id='word_1_667' title='bbox 2938 2453 3030 2504; x_wconf 78' lang='grc' dir='ltr'>καὶ</span> <span class='ocrx_word' id='word_1_668' title='bbox 3062 2469 3226 2504; x_wconf 85' lang='grc' dir='ltr'>κατα-</span> 
     </span>
    </p>
   </div>
   <div class='ocr_carea' id='block_1_89' title="bbox 1653 2532 3228 2611">
    <p class='ocr_par' dir='ltr' id='par_1_89' title="bbox 1653 2532 3228 2611">
     <span class='ocr_line' id='line_1_89' title="bbox 1653 2532 3228 2611; baseline 0.008 -27"><span class='ocrx_word' id='word_1_669' title='bbox 1653 2532 1831 2597; x_wconf 87' lang='grc' dir='ltr'>δύσεις</span> <span class='ocrx_word' id='word_1_670' title='bbox 1855 2535 2072 2606; x_wconf 88' lang='grc' dir='ltr'>χρυσίον</span> <span class='ocrx_word' id='word_1_671' title='bbox 2089 2537 2183 2589; x_wconf 73' lang='grc' dir='ltr'>καὶ</span> <span class='ocrx_word' id='word_1_672' title='bbox 2206 2536 2465 2608; x_wconf 85' lang='grc' dir='ltr'>ἀργύριον</span> <span class='ocrx_word' id='word_1_673' title='bbox 2481 2540 2895 2609; x_wconf 89' lang='grc' dir='ltr'>κατορύττοντα,</span> <span class='ocrx_word' id='word_1_674' title='bbox 2919 2542 3012 2595; x_wconf 76' lang='grc' dir='ltr'>καὶ</span> <span class='ocrx_word' id='word_1_675' title='bbox 3032 2543 3228 2611; x_wconf 86' lang='grc' dir='ltr'>ἀγέλας</span> 
     </span>
    </p>
   </div>
   <div class='ocr_carea' id='block_1_90' title="bbox 1655 2626 3227 2706">
    <p class='ocr_par' dir='ltr' id='par_1_90' title="bbox 1655 2626 3227 2706">
     <span class='ocr_line' id='line_1_90' title="bbox 1655 2626 3227 2706; baseline 0.007 -28"><span class='ocrx_word' id='word_1_676' title='bbox 1655 2626 2014 2680; x_wconf 84' lang='grc' dir='ltr'>ἀποκλείοντα</span> <span class='ocrx_word' id='word_1_677' title='bbox 2040 2628 2240 2692; x_wconf 85' lang='grc' dir='ltr'>πολλάς</span> <span class='ocrx_word' id='word_1_678' title='bbox 2271 2629 2408 2692; x_wconf 82' lang='grc' dir='ltr'>ἐκεῖ,</span> <span class='ocrx_word' id='word_1_679' title='bbox 2449 2632 2544 2684; x_wconf 78' lang='grc' dir='ltr'>καὶ</span> <span class='ocrx_word' id='word_1_680' title='bbox 2571 2632 2761 2700; x_wconf 74' lang='grc' dir='ltr'>ἱμάτια</span> <span class='ocrx_word' id='word_1_681' title='bbox 2795 2635 2888 2686; x_wconf 84' lang='grc' dir='ltr'>καὶ</span> <span class='ocrx_word' id='word_1_682' title='bbox 2921 2636 3227 2706; x_wconf 85' lang='grc' dir='ltr'>ἀνδράποδα</span> 
     </span>
    </p>
   </div>
   <div class='ocr_carea' id='block_1_91' title="bbox 1655 2717 3228 2800">
    <p class='ocr_par' dir='ltr' id='par_1_91' title="bbox 1655 2717 3228 2800">
     <span class='ocr_line' id='line_1_91' title="bbox 1655 2717 3228 2800; baseline 0.008 -31"><span class='ocrx_word' id='word_1_683' title='bbox 1655 2717 1825 2770; x_wconf 83' lang='grc' dir='ltr'>πολλά</span> <span class='ocrx_word' id='word_1_684' title='bbox 1858 2719 2193 2789; x_wconf 79' lang='grc' dir='ltr'>κεκτημένον</span> <span class='ocrx_word' id='word_1_685' title='bbox 2225 2722 2289 2773; x_wconf 84' lang='grc' dir='ltr'>ἐκ</span> <span class='ocrx_word' id='word_1_686' title='bbox 2315 2721 2412 2792; x_wconf 89' lang='grc' dir='ltr'>τῆς</span> <span class='ocrx_word' id='word_1_687' title='bbox 2453 2724 2800 2794; x_wconf 82' lang='grc' dir='ltr'>καταδρομῆς</span> <span class='ocrx_word' id='word_1_688' title='bbox 2849 2726 3082 2796; x_wconf 85' lang='grc' dir='ltr'>ἐκείνης,</span> <span class='ocrx_word' id='word_1_689' title='bbox 3119 2725 3228 2800; x_wconf 84' lang='grc' dir='ltr'>ἆρα</span> 
     </span>
    </p>
   </div>
   <div class='ocr_carea' id='block_1_92' title="bbox 1654 2805 3224 2885">
    <p class='ocr_par' dir='ltr' id='par_1_92' title="bbox 1654 2805 3224 2885">
     <span class='ocr_line' id='line_1_92' title="bbox 1654 2805 3224 2885; baseline 0.008 -25"><span class='ocrx_word' id='word_1_690' title='bbox 1654 2811 1836 2874; x_wconf 86' lang='grc' dir='ltr'>αὐτὸν,</span> <span class='ocrx_word' id='word_1_691' title='bbox 1863 2812 1983 2864; x_wconf 87' lang='grc' dir='ltr'>εἰπέ</span> <span class='ocrx_word' id='word_1_692' title='bbox 2008 2829 2118 2882; x_wconf 90' lang='grc' dir='ltr'>μοι,</span> <span class='ocrx_word' id='word_1_693' title='bbox 2149 2812 2475 2885; x_wconf 73' lang='grc' dir='ltr'>μακαρίζεις</span> <span class='ocrx_word' id='word_1_694' title='bbox 2506 2815 2593 2868; x_wconf 83' lang='grc' dir='ltr'>διὰ</span> <span class='ocrx_word' id='word_1_695' title='bbox 2624 2816 2714 2868; x_wconf 88' lang='grc' dir='ltr'>τὸν</span> <span class='ocrx_word' id='word_1_696' title='bbox 2753 2805 2977 2870; x_wconf 86' lang='grc' dir='ltr'>πλοῦτον</span> <span class='ocrx_word' id='word_1_697' title='bbox 2999 2820 3224 2884; x_wconf 88' lang='grc' dir='ltr'>ἐκεῖνον,</span> 
     </span>
    </p>
   </div>
   <div class='ocr_carea' id='block_1_93' title="bbox 1652 2900 3227 2980">
    <p class='ocr_par' dir='ltr' id='par_1_93' title="bbox 1652 2900 3227 2980">
     <span class='ocr_line' id='line_1_93' title="bbox 1652 2900 3227 2980; baseline 0.007 -27"><span class='ocrx_word' id='word_1_698' title='bbox 1652 2900 1686 2970; x_wconf 86' lang='grc' dir='ltr'>ῆ</span> <span class='ocrx_word' id='word_1_699' title='bbox 1719 2901 2025 2967; x_wconf 76' lang='grc' dir='ltr'>ταλανίζεις</span> <span class='ocrx_word' id='word_1_700' title='bbox 2068 2904 2155 2957; x_wconf 87' lang='grc' dir='ltr'>διά</span> <span class='ocrx_word' id='word_1_701' title='bbox 2205 2904 2300 2975; x_wconf 83' lang='grc' dir='ltr'>τὴν</span> <span class='ocrx_word' id='word_1_702' title='bbox 2351 2906 2653 2976; x_wconf 85' lang='grc' dir='ltr'>μέλλουσαν</span> <span class='ocrx_word' id='word_1_703' title='bbox 2698 2908 2858 2961; x_wconf 91' lang='grc' dir='ltr'>αὐτὸν</span> <span class='ocrx_word' id='word_1_704' title='bbox 2891 2909 3227 2980; x_wconf 84' lang='grc' dir='ltr'>διαδέχεσθαι</span> 
     </span>
    </p>
   </div>
   <div class='ocr_carea' id='block_1_94' title="bbox 1653 2993 3225 3074">
    <p class='ocr_par' dir='ltr' id='par_1_94' title="bbox 1653 2993 3225 3074">
     <span class='ocr_line' id='line_1_94' title="bbox 1653 2993 3225 3074; baseline 0.007 -28"><span class='ocrx_word' id='word_1_705' title='bbox 1653 2993 1840 3063; x_wconf 89' lang='grc' dir='ltr'>δίκην;</span> <span class='ocrx_word' id='word_1_706' title='bbox 1873 2995 2066 3048; x_wconf 86' lang='grc' dir='ltr'>Καίτοι</span> <span class='ocrx_word' id='word_1_707' title='bbox 2093 2995 2246 3050; x_wconf 84' lang='grc' dir='ltr'>οὐπω</span> <span class='ocrx_word' id='word_1_708' title='bbox 2267 3000 2636 3071; x_wconf 85' lang='grc' dir='ltr'>συνείληπται,</span> <span class='ocrx_word' id='word_1_709' title='bbox 2674 3003 2793 3056; x_wconf 83' lang='grc' dir='ltr'>οὐδὲ</span> <span class='ocrx_word' id='word_1_710' title='bbox 2823 3004 2901 3064; x_wconf 86' lang='grc' dir='ltr'>είς</span> <span class='ocrx_word' id='word_1_711' title='bbox 2929 3007 3113 3074; x_wconf 91' lang='grc' dir='ltr'>χεῖρας</span> <span class='ocrx_word' id='word_1_712' title='bbox 3132 3003 3225 3057; x_wconf 89' lang='grc' dir='ltr'>τοῦ</span> 
     </span>
    </p>
   </div>
   <div class='ocr_carea' id='block_1_95' title="bbox 1652 3085 3224 3165">
    <p class='ocr_par' dir='ltr' id='par_1_95' title="bbox 1652 3085 3224 3165">
     <span class='ocr_line' id='line_1_95' title="bbox 1652 3085 3224 3165; baseline 0.006 -27"><span class='ocrx_word' id='word_1_713' title='bbox 1652 3085 1907 3138; x_wconf 88' lang='grc' dir='ltr'>δικαστοῦ</span> <span class='ocrx_word' id='word_1_714' title='bbox 1939 3088 2320 3157; x_wconf 85' lang='grc' dir='ltr'>παραδέδοται,</span> <span class='ocrx_word' id='word_1_715' title='bbox 2356 3091 2477 3144; x_wconf 87' lang='grc' dir='ltr'>οὐδέ</span> <span class='ocrx_word' id='word_1_716' title='bbox 2517 3095 2595 3156; x_wconf 84' lang='grc' dir='ltr'>εἰς</span> <span class='ocrx_word' id='word_1_717' title='bbox 2633 3093 3006 3165; x_wconf 82' lang='grc' dir='ltr'>δεσμωτήριον</span> <span class='ocrx_word' id='word_1_718' title='bbox 3040 3096 3224 3148; x_wconf 77' lang='grc' dir='ltr'>ἐνέπε-</span> 
     </span>
    </p>
   </div>
   <div class='ocr_carea' id='block_1_96' title="bbox 1655 3179 3222 3258">
    <p class='ocr_par' dir='ltr' id='par_1_96' title="bbox 1655 3179 3222 3258">
     <span class='ocr_line' id='line_1_96' title="bbox 1655 3179 3222 3258; baseline 0.008 -28"><span class='ocrx_word' id='word_1_719' title='bbox 1655 3195 1766 3242; x_wconf 90' lang='grc' dir='ltr'>σεν,</span> <span class='ocrx_word' id='word_1_720' title='bbox 1795 3179 1910 3232; x_wconf 89' lang='grc' dir='ltr'>οὐδέ</span> <span class='ocrx_word' id='word_1_721' title='bbox 1933 3183 2236 3252; x_wconf 88' lang='grc' dir='ltr'>κατήγορον</span> <span class='ocrx_word' id='word_1_722' title='bbox 2266 3184 2445 3253; x_wconf 76' lang='grc' dir='ltr'>ἔσχεν,</span> <span class='ocrx_word' id='word_1_723' title='bbox 2480 3185 2597 3238; x_wconf 83' lang='grc' dir='ltr'>οὐδέ</span> <span class='ocrx_word' id='word_1_724' title='bbox 2633 3187 2736 3238; x_wconf 87' lang='grc' dir='ltr'>ὐπὸ</span> <span class='ocrx_word' id='word_1_725' title='bbox 2769 3187 2947 3258; x_wconf 80' lang='grc' dir='ltr'>ψῆφον</span> <span class='ocrx_word' id='word_1_726' title='bbox 2984 3189 3222 3256; x_wconf 86' lang='grc' dir='ltr'>ἐγένετο,</span> 
     </span>
    </p>
   </div>
   <div class='ocr_carea' id='block_1_97' title="bbox 1653 3271 3226 3351">
    <p class='ocr_par' dir='ltr' id='par_1_97' title="bbox 1653 3271 3226 3351">
     <span class='ocr_line' id='line_1_97' title="bbox 1653 3271 3226 3351; baseline 0.008 -28"><span class='ocrx_word' id='word_1_727' title='bbox 1653 3271 1789 3325; x_wconf 87' lang='grc' dir='ltr'>ἀλλὰ</span> <span class='ocrx_word' id='word_1_728' title='bbox 1809 3276 2010 3345; x_wconf 83' lang='grc' dir='ltr'>τρυφᾷ,</span> <span class='ocrx_word' id='word_1_729' title='bbox 2035 3276 2245 3346; x_wconf 87' lang='grc' dir='ltr'>μεθύει,</span> <span class='ocrx_word' id='word_1_730' title='bbox 2285 3278 2543 3349; x_wconf 87' lang='grc' dir='ltr'>εὐπορίας</span> <span class='ocrx_word' id='word_1_731' title='bbox 2574 3279 2835 3332; x_wconf 87' lang='grc' dir='ltr'>ἀπολαύει</span> <span class='ocrx_word' id='word_1_732' title='bbox 2857 3281 3077 3351; x_wconf 87' lang='grc' dir='ltr'>πολλῆς·</span> <span class='ocrx_word' id='word_1_733' title='bbox 3113 3283 3226 3336; x_wconf 78' lang='grc' dir='ltr'>ἀλλ’</span> 
     </span>
    </p>
   </div>
   <div class='ocr_carea' id='block_1_98' title="bbox 1650 3365 3226 3446">
    <p class='ocr_par' dir='ltr' id='par_1_98' title="bbox 1650 3365 3226 3446">
     <span class='ocr_line' id='line_1_98' title="bbox 1650 3365 3226 3446; baseline 0.008 -29"><span class='ocrx_word' id='word_1_734' title='bbox 1650 3365 1800 3435; x_wconf 84' lang='grc' dir='ltr'>ὅμως</span> <span class='ocrx_word' id='word_1_735' title='bbox 1831 3367 1891 3418; x_wconf 92' lang='grc' dir='ltr'>οὐ</span> <span class='ocrx_word' id='word_1_736' title='bbox 1922 3367 2011 3420; x_wconf 83' lang='grc' dir='ltr'>διὰ</span> <span class='ocrx_word' id='word_1_737' title='bbox 2037 3369 2102 3421; x_wconf 84' lang='grc' dir='ltr'>τὰ</span> <span class='ocrx_word' id='word_1_738' title='bbox 2131 3369 2376 3439; x_wconf 86' lang='grc' dir='ltr'>παρόντα</span> <span class='ocrx_word' id='word_1_739' title='bbox 2417 3370 2512 3423; x_wconf 77' lang='grc' dir='ltr'>καὶ</span> <span class='ocrx_word' id='word_1_740' title='bbox 2540 3372 2606 3424; x_wconf 83' lang='grc' dir='ltr'>τά</span> <span class='ocrx_word' id='word_1_741' title='bbox 2634 3372 2886 3443; x_wconf 82' lang='grc' dir='ltr'>ὁρώμενα</span> <span class='ocrx_word' id='word_1_742' title='bbox 2927 3375 3086 3429; x_wconf 90' lang='grc' dir='ltr'>αὐτὸν</span> <span class='ocrx_word' id='word_1_743' title='bbox 3121 3394 3226 3446; x_wconf 66' lang='grc' dir='ltr'>μαι</span> 
     </span>
    </p>
   </div>
   <div class='ocr_carea' id='block_1_99' title="bbox 1653 3458 3226 3538">
    <p class='ocr_par' dir='ltr' id='par_1_99' title="bbox 1653 3458 3226 3538">
     <span class='ocr_line' id='line_1_99' title="bbox 1653 3458 3226 3538; baseline 0.009 -29"><span class='ocrx_word' id='word_1_744' title='bbox 1653 3458 1970 3529; x_wconf 79' lang='grc' dir='ltr'>καρίζομεν,</span> <span class='ocrx_word' id='word_1_745' title='bbox 1993 3461 2130 3514; x_wconf 84' lang='grc' dir='ltr'>ἀλλά</span> <span class='ocrx_word' id='word_1_746' title='bbox 2159 3460 2247 3515; x_wconf 75' lang='grc' dir='ltr'>διὰ</span> <span class='ocrx_word' id='word_1_747' title='bbox 2272 3461 2341 3515; x_wconf 85' lang='grc' dir='ltr'>τὰ</span> <span class='ocrx_word' id='word_1_748' title='bbox 2385 3463 2647 3532; x_wconf 87' lang='grc' dir='ltr'>μέλλοντα</span> <span class='ocrx_word' id='word_1_749' title='bbox 2679 3467 2772 3518; x_wconf 82' lang='grc' dir='ltr'>καὶ</span> <span class='ocrx_word' id='word_1_750' title='bbox 2801 3468 3226 3538; x_wconf 81' lang='grc' dir='ltr'>προσδοκώμενα</span> 
     </span>
    </p>
   </div>
   <div class='ocr_carea' id='block_1_100' title="bbox 1650 3550 2021 3623">
    <p class='ocr_par' dir='ltr' id='par_1_100' title="bbox 1650 3550 2021 3623">
     <span class='ocr_line' id='line_1_100' title="bbox 1650 3550 2021 3623; baseline 0.011 -20"><span class='ocrx_word' id='word_1_751' title='bbox 1650 3550 2021 3623; x_wconf 85' lang='grc' dir='ltr'>ταλανίζομεν.</span> 
     </span>
    </p>
   </div>
   <div class='ocr_carea' id='block_1_101' title="bbox 1722 3665 3222 3731">
    <p class='ocr_par' dir='ltr' id='par_1_101' title="bbox 1722 3665 3222 3731">
     <span class='ocr_line' id='line_1_101' title="bbox 1722 3665 3222 3731; baseline 0.009 -14"><span class='ocrx_word' id='word_1_752' title='bbox 1722 3665 1891 3718; x_wconf 88' lang='grc' dir='ltr'>Τοῦτο</span> <span class='ocrx_word' id='word_1_753' title='bbox 1920 3667 2014 3719; x_wconf 72' lang='grc' dir='ltr'>καὶ</span> <span class='ocrx_word' id='word_1_754' title='bbox 2037 3667 2128 3719; x_wconf 74' lang='grc' dir='ltr'>ἐπὶ</span> <span class='ocrx_word' id='word_1_755' title='bbox 2151 3666 2259 3721; x_wconf 83' lang='grc' dir='ltr'>τῶν</span> <span class='ocrx_word' id='word_1_756' title='bbox 2290 3667 2664 3724; x_wconf 88' lang='grc' dir='ltr'>πλουτούντων</span> <span class='ocrx_word' id='word_1_757' title='bbox 2706 3675 2800 3726; x_wconf 74' lang='grc' dir='ltr'>καὶ</span> <span class='ocrx_word' id='word_1_758' title='bbox 2840 3674 3222 3731; x_wconf 83' lang='grc' dir='ltr'>πλεονεκτούν-</span> 
     </span>
    </p>
   </div>
   <div class='ocr_carea' id='block_1_102' title="bbox 1648 3759 3221 3840">
    <p class='ocr_par' dir='ltr' id='par_1_102' title="bbox 1648 3759 3221 3840">
     <span class='ocr_line' id='line_1_102' title="bbox 1648 3759 3221 3840; baseline 0.007 -30"><span class='ocrx_word' id='word_1_759' title='bbox 1648 3776 1756 3811; x_wconf 90' lang='grc' dir='ltr'>των</span> <span class='ocrx_word' id='word_1_760' title='bbox 1809 3759 2041 3828; x_wconf 84' lang='grc' dir='ltr'>λόγισαι.</span> <span class='ocrx_word' id='word_1_761' title='bbox 2093 3761 2298 3831; x_wconf 83' lang='grc' dir='ltr'>Λῃσταί</span> <span class='ocrx_word' id='word_1_762' title='bbox 2330 3761 2473 3823; x_wconf 88' lang='grc' dir='ltr'>τινές</span> <span class='ocrx_word' id='word_1_763' title='bbox 2499 3763 2634 3816; x_wconf 85' lang='grc' dir='ltr'>εἰσιν</span> <span class='ocrx_word' id='word_1_764' title='bbox 2663 3765 2802 3826; x_wconf 81' lang='grc' dir='ltr'>ὁδοῖς</span> <span class='ocrx_word' id='word_1_765' title='bbox 2822 3766 3221 3840; x_wconf 81' lang='grc' dir='ltr'>ἐφεδρεύοντες,</span> 
     </span>
    </p>
   </div>
   <div class='ocr_carea' id='block_1_103' title="bbox 1649 3851 3223 3932">
    <p class='ocr_par' dir='ltr' id='par_1_103' title="bbox 1649 3851 3223 3932">
     <span class='ocr_line' id='line_1_103' title="bbox 1649 3851 3223 3932; baseline 0.008 -29"><span class='ocrx_word' id='word_1_766' title='bbox 1649 3851 1719 3903; x_wconf 80' lang='grc' dir='ltr'>τά</span> <span class='ocrx_word' id='word_1_767' title='bbox 1774 3852 1883 3905; x_wconf 85' lang='grc' dir='ltr'>τῶν</span> <span class='ocrx_word' id='word_1_768' title='bbox 1947 3854 2251 3924; x_wconf 84' lang='grc' dir='ltr'>παριόντων</span> <span class='ocrx_word' id='word_1_769' title='bbox 2309 3854 2666 3926; x_wconf 81' lang='grc' dir='ltr'>ἁρπάζοντες,</span> <span class='ocrx_word' id='word_1_770' title='bbox 2715 3857 2902 3926; x_wconf 78' lang='grc' dir='ltr'>ὥσπερ</span> <span class='ocrx_word' id='word_1_771' title='bbox 2961 3862 3019 3913; x_wconf 85' lang='grc' dir='ltr'>ἐν</span> <span class='ocrx_word' id='word_1_772' title='bbox 3086 3878 3223 3932; x_wconf 90' lang='grc' dir='ltr'>σπη-</span> 
     </span>
    </p>
   </div>
   <div class='ocr_carea' id='block_1_104' title="bbox 1649 3943 3224 4021">
    <p class='ocr_par' dir='ltr' id='par_1_104' title="bbox 1649 3943 3224 4021">
     <span class='ocr_line' id='line_1_104' title="bbox 1649 3943 3224 4021; baseline 0.007 -25"><span class='ocrx_word' id='word_1_773' title='bbox 1649 3943 1821 4007; x_wconf 88' lang='grc' dir='ltr'>λαίοις</span> <span class='ocrx_word' id='word_1_774' title='bbox 1873 3945 1966 3998; x_wconf 76' lang='grc' dir='ltr'>καὶ</span> <span class='ocrx_word' id='word_1_775' title='bbox 2019 3946 2366 4011; x_wconf 88' lang='grc' dir='ltr'>καταδύσεσι,</span> <span class='ocrx_word' id='word_1_776' title='bbox 2398 3951 2508 4012; x_wconf 88' lang='grc' dir='ltr'>τοῖς</span> <span class='ocrx_word' id='word_1_777' title='bbox 2556 3949 2764 4004; x_wconf 82' lang='grc' dir='ltr'>ἑαυτῶν</span> <span class='ocrx_word' id='word_1_778' title='bbox 2807 3951 3069 4021; x_wconf 83' lang='grc' dir='ltr'>θαλάμοις</span> <span class='ocrx_word' id='word_1_779' title='bbox 3094 3971 3224 4007; x_wconf 90' lang='grc' dir='ltr'>κατ-</span> 
     </span>
    </p>
   </div>
   <div class='ocr_carea' id='block_1_105' title="bbox 1649 4036 3222 4114">
    <p class='ocr_par' dir='ltr' id='par_1_105' title="bbox 1649 4036 3222 4114">
     <span class='ocr_line' id='line_1_105' title="bbox 1649 4036 3222 4114; baseline 0.006 -27"><span class='ocrx_word' id='word_1_780' title='bbox 1649 4036 1968 4106; x_wconf 87' lang='grc' dir='ltr'>ορύττοντες</span> <span class='ocrx_word' id='word_1_781' title='bbox 2007 4039 2106 4101; x_wconf 77' lang='grc' dir='ltr'>τάς</span> <span class='ocrx_word' id='word_1_782' title='bbox 2160 4039 2360 4106; x_wconf 85' lang='grc' dir='ltr'>ἐτέρων</span> <span class='ocrx_word' id='word_1_783' title='bbox 2405 4043 2737 4112; x_wconf 85' lang='grc' dir='ltr'>περιουσίας.</span> <span class='ocrx_word' id='word_1_784' title='bbox 2774 4042 2864 4114; x_wconf 81' lang='grc' dir='ltr'>Μὴ</span> <span class='ocrx_word' id='word_1_785' title='bbox 2912 4043 3089 4096; x_wconf 88' lang='grc' dir='ltr'>τοίνυν</span> <span class='ocrx_word' id='word_1_786' title='bbox 3120 4062 3222 4114; x_wconf 82' lang='grc' dir='ltr'>μα-</span> 
     </span>
    </p>
   </div>
   <div class='ocr_carea' id='block_1_106' title="bbox 1653 4127 3216 4203">
    <p class='ocr_par' dir='ltr' id='par_1_106' title="bbox 1653 4127 3216 4203">
     <span class='ocr_line' id='line_1_106' title="bbox 1653 4127 3216 4203; baseline 0.005 -22"><span class='ocrx_word' id='word_1_787' title='bbox 1653 4127 1969 4199; x_wconf 78' lang='grc' dir='ltr'>καρίζωμεν</span> <span class='ocrx_word' id='word_1_788' title='bbox 2003 4130 2201 4195; x_wconf 82' lang='grc' dir='ltr'>αὐτοὺς</span> <span class='ocrx_word' id='word_1_789' title='bbox 2242 4131 2330 4184; x_wconf 77' lang='grc' dir='ltr'>διὰ</span> <span class='ocrx_word' id='word_1_790' title='bbox 2361 4131 2430 4184; x_wconf 86' lang='grc' dir='ltr'>τὰ</span> <span class='ocrx_word' id='word_1_791' title='bbox 2460 4133 2724 4203; x_wconf 90' lang='grc' dir='ltr'>παρόντα,</span> <span class='ocrx_word' id='word_1_792' title='bbox 2759 4133 2894 4188; x_wconf 85' lang='grc' dir='ltr'>ἀλλά</span> <span class='ocrx_word' id='word_1_793' title='bbox 2916 4135 3216 4200; x_wconf 77' lang='grc' dir='ltr'>ταλανίζω-</span> 
     </span>
    </p>
   </div>
   <div class='ocr_carea' id='block_1_107' title="bbox 1653 4220 3219 4298">
    <p class='ocr_par' dir='ltr' id='par_1_107' title="bbox 1653 4220 3219 4298">
     <span class='ocr_line' id='line_1_107' title="bbox 1653 4220 3219 4298; baseline 0.006 -26"><span class='ocrx_word' id='word_1_794' title='bbox 1653 4237 1752 4291; x_wconf 91' lang='grc' dir='ltr'>μεν</span> <span class='ocrx_word' id='word_1_795' title='bbox 1779 4220 1866 4274; x_wconf 85' lang='grc' dir='ltr'>διὰ</span> <span class='ocrx_word' id='word_1_796' title='bbox 1889 4221 1956 4274; x_wconf 82' lang='grc' dir='ltr'>τὰ</span> <span class='ocrx_word' id='word_1_797' title='bbox 1973 4221 2261 4292; x_wconf 71' lang='grc' dir='ltr'>μέλλοντα,</span> <span class='ocrx_word' id='word_1_798' title='bbox 2291 4224 2378 4277; x_wconf 88' lang='grc' dir='ltr'>διά</span> <span class='ocrx_word' id='word_1_799' title='bbox 2410 4224 2472 4277; x_wconf 88' lang='grc' dir='ltr'>τὸ</span> <span class='ocrx_word' id='word_1_800' title='bbox 2501 4224 2730 4296; x_wconf 81' lang='grc' dir='ltr'>φοϐερὸν</span> <span class='ocrx_word' id='word_1_801' title='bbox 2761 4227 2936 4280; x_wconf 84' lang='grc' dir='ltr'>ἐκεῖνο</span> <span class='ocrx_word' id='word_1_802' title='bbox 2968 4226 3219 4298; x_wconf 80' lang='grc' dir='ltr'>δικαστή⁹</span> 
     </span>
    </p>
   </div>
   <div class='ocr_carea' id='block_1_108' title="bbox 1652 4313 3222 4388">
    <p class='ocr_par' dir='ltr' id='par_1_108' title="bbox 1652 4313 3222 4388">
     <span class='ocr_line' id='line_1_108' title="bbox 1652 4313 3222 4388; baseline 0.005 -23"><span class='ocrx_word' id='word_1_803' title='bbox 1652 4329 1786 4384; x_wconf 88' lang='grc' dir='ltr'>ριον,</span> <span class='ocrx_word' id='word_1_804' title='bbox 1813 4313 1900 4367; x_wconf 86' lang='grc' dir='ltr'>διὰ</span> <span class='ocrx_word' id='word_1_805' title='bbox 1951 4316 2050 4378; x_wconf 85' lang='grc' dir='ltr'>τὰς</span> <span class='ocrx_word' id='word_1_806' title='bbox 2089 4318 2500 4388; x_wconf 85' lang='grc' dir='ltr'>ἀπαραιτήτους</span> <span class='ocrx_word' id='word_1_807' title='bbox 2529 4317 2778 4382; x_wconf 89' lang='grc' dir='ltr'>εὐθύνας,</span> <span class='ocrx_word' id='word_1_808' title='bbox 2808 4319 2895 4372; x_wconf 84' lang='grc' dir='ltr'>διὰ</span> <span class='ocrx_word' id='word_1_809' title='bbox 2929 4320 2990 4372; x_wconf 91' lang='grc' dir='ltr'>τὸ</span> <span class='ocrx_word' id='word_1_810' title='bbox 3034 4320 3222 4385; x_wconf 89' lang='grc' dir='ltr'>σκότος</span> 
     </span>
    </p>
   </div>
   <div class='ocr_carea' id='block_1_109' title="bbox 1647 4405 3218 4482">
    <p class='ocr_par' dir='ltr' id='par_1_109' title="bbox 1647 4405 3218 4482">
     <span class='ocr_line' id='line_1_109' title="bbox 1647 4405 3218 4482; baseline 0.005 -24"><span class='ocrx_word' id='word_1_811' title='bbox 1647 4405 1711 4459; x_wconf 87' lang='grc' dir='ltr'>τὸ</span> <span class='ocrx_word' id='word_1_812' title='bbox 1743 4405 2024 4480; x_wconf 70' lang='grc' dir='ltr'>ἐξώτερον,</span> <span class='ocrx_word' id='word_1_813' title='bbox 2075 4408 2103 4462; x_wconf 85' lang='grc' dir='ltr'>δ</span> <span class='ocrx_word' id='word_1_814' title='bbox 2147 4409 2327 4480; x_wconf 84' lang='grc' dir='ltr'>μέλλει</span> <span class='ocrx_word' id='word_1_815' title='bbox 2372 4411 2567 4474; x_wconf 83' lang='grc' dir='ltr'>αὐτοὺς</span> <span class='ocrx_word' id='word_1_816' title='bbox 2610 4411 2981 4482; x_wconf 86' lang='grc' dir='ltr'>ὑποδέχεσθαι.</span> <span class='ocrx_word' id='word_1_817' title='bbox 3029 4413 3218 4466; x_wconf 81' lang='grc' dir='ltr'>Καίτοι</span> 
     </span>
    </p>
   </div>
   <div class='ocr_carea' id='block_1_110' title="bbox 1648 4499 3218 4575">
    <p class='ocr_par' dir='ltr' id='par_1_110' title="bbox 1648 4499 3218 4575">
     <span class='ocr_line' id='line_1_110' title="bbox 1648 4499 3218 4575; baseline 0.004 -25"><span class='ocrx_word' id='word_1_818' title='bbox 1648 4499 1697 4551; x_wconf 88' lang='grc' dir='ltr'>οἱ</span> <span class='ocrx_word' id='word_1_819' title='bbox 1739 4500 1837 4570; x_wconf 82' lang='grc' dir='ltr'>μὲν</span> <span class='ocrx_word' id='word_1_820' title='bbox 1891 4500 2085 4571; x_wconf 72' lang='grc' dir='ltr'>λῃσταὶ</span> <span class='ocrx_word' id='word_1_821' title='bbox 2132 4501 2390 4566; x_wconf 88' lang='grc' dir='ltr'>πολλάκις</span> <span class='ocrx_word' id='word_1_822' title='bbox 2445 4503 2705 4572; x_wconf 77' lang='grc' dir='ltr'>ἐξέφυγον</span> <span class='ocrx_word' id='word_1_823' title='bbox 2754 4503 3054 4575; x_wconf 81' lang='grc' dir='ltr'>ἀνθρώπων</span> <span class='ocrx_word' id='word_1_824' title='bbox 3105 4508 3218 4575; x_wconf 62' lang='grc' dir='ltr'>χεῖι</span> 
     </span>
    </p>
   </div>
   <div class='ocr_carea' id='block_1_111' title="bbox 1649 4593 3222 4663">
    <p class='ocr_par' dir='ltr' id='par_1_111' title="bbox 1649 4593 3222 4663">
     <span class='ocr_line' id='line_1_111' title="bbox 1649 4593 3222 4663; baseline 0.004 -19"><span class='ocrx_word' id='word_1_825' title='bbox 1649 4609 1768 4662; x_wconf 89' lang='grc' dir='ltr'>ρας·</span> <span class='ocrx_word' id='word_1_826' title='bbox 1802 4593 1914 4645; x_wconf 84' lang='grc' dir='ltr'>ἀλλ’</span> <span class='ocrx_word' id='word_1_827' title='bbox 1943 4595 2090 4663; x_wconf 84' lang='grc' dir='ltr'>ὅμως</span> <span class='ocrx_word' id='word_1_828' title='bbox 2143 4596 2236 4647; x_wconf 86' lang='grc' dir='ltr'><strong>καί</strong></span> <span class='ocrx_word' id='word_1_829' title='bbox 2281 4595 2438 4648; x_wconf 86' lang='grc' dir='ltr'>τοῦτο</span> <span class='ocrx_word' id='word_1_830' title='bbox 2471 4595 2693 4659; x_wconf 82' lang='grc' dir='ltr'>εἰδότες,</span> <span class='ocrx_word' id='word_1_831' title='bbox 2753 4597 2846 4649; x_wconf 80' lang='grc' dir='ltr'>καὶ</span> <span class='ocrx_word' id='word_1_832' title='bbox 2876 4597 3085 4658; x_wconf 81' lang='grc' dir='ltr'>ἑαυτοῖς</span> <span class='ocrx_word' id='word_1_833' title='bbox 3129 4599 3222 4650; x_wconf 71' lang='grc' dir='ltr'>καὶ</span> 
     </span>
    </p>
   </div>
   <div class='ocr_carea' id='block_1_112' title="bbox 1648 4685 3223 4760">
    <p class='ocr_par' dir='ltr' id='par_1_112' title="bbox 1648 4685 3223 4760">
     <span class='ocr_line' id='line_1_112' title="bbox 1648 4685 3223 4760; baseline 0.003 -24"><span class='ocrx_word' id='word_1_834' title='bbox 1648 4685 1859 4757; x_wconf 76' lang='grc' dir='ltr'>ἐχθροῖς</span> <span class='ocrx_word' id='word_1_835' title='bbox 1909 4686 2263 4758; x_wconf 81' lang='grc' dir='ltr'>ἀπευξάμεθα</span> <span class='ocrx_word' id='word_1_836' title='bbox 2305 4687 2370 4741; x_wconf 85' lang='grc' dir='ltr'>ἂν</span> <span class='ocrx_word' id='word_1_837' title='bbox 2393 4688 2482 4741; x_wconf 89' lang='grc' dir='ltr'>τὸν</span> <span class='ocrx_word' id='word_1_838' title='bbox 2544 4689 2765 4742; x_wconf 84' lang='grc' dir='ltr'>ἐκείνων</span> <span class='ocrx_word' id='word_1_839' title='bbox 2806 4689 2943 4759; x_wconf 77' lang='grc' dir='ltr'>βίον,</span> <span class='ocrx_word' id='word_1_840' title='bbox 2992 4689 3085 4742; x_wconf 71' lang='grc' dir='ltr'>καὶ</span> <span class='ocrx_word' id='word_1_841' title='bbox 3124 4690 3223 4760; x_wconf 78' lang='grc' dir='ltr'>τὴν</span> 
     </span>
    </p>
   </div>
   <div class='ocr_carea' id='block_1_113' title="bbox 1647 4778 3223 4850">
    <p class='ocr_par' dir='ltr' id='par_1_113' title="bbox 1647 4778 3223 4850">
     <span class='ocr_line' id='line_1_113' title="bbox 1647 4778 3223 4850; baseline 0.003 -21"><span class='ocrx_word' id='word_1_842' title='bbox 1647 4778 1901 4850; x_wconf 85' lang='grc' dir='ltr'>εὐπορίαν</span> <span class='ocrx_word' id='word_1_843' title='bbox 1953 4779 2053 4849; x_wconf 82' lang='grc' dir='ltr'>τὴν</span> <span class='ocrx_word' id='word_1_844' title='bbox 2113 4780 2406 4848; x_wconf 83' lang='grc' dir='ltr'>ἐπάρατον,</span> <span class='ocrx_word' id='word_1_845' title='bbox 2475 4782 2598 4834; x_wconf 80' lang='grc' dir='ltr'>Ἐπὶ</span> <span class='ocrx_word' id='word_1_846' title='bbox 2650 4781 2707 4835; x_wconf 84' lang='grc' dir='ltr'>δὲ</span> <span class='ocrx_word' id='word_1_847' title='bbox 2775 4782 2869 4834; x_wconf 85' lang='grc' dir='ltr'>τοῦ</span> <span class='ocrx_word' id='word_1_848' title='bbox 2925 4780 3059 4833; x_wconf 88' lang='grc' dir='ltr'>Θεοῦ</span> <span class='ocrx_word' id='word_1_849' title='bbox 3125 4782 3223 4834; x_wconf 68' lang='grc' dir='ltr'>οὐκ</span> 
     </span>
    </p>
   </div>
   <div class='ocr_carea' id='block_1_114' title="bbox 1647 4869 3223 4944">
    <p class='ocr_par' dir='ltr' id='par_1_114' title="bbox 1647 4869 3223 4944">
     <span class='ocr_line' id='line_1_114' title="bbox 1647 4869 3223 4944; baseline 0.002 -23"><span class='ocrx_word' id='word_1_850' title='bbox 1647 4869 1759 4922; x_wconf 78' lang='grc' dir='ltr'>ἐστι</span> <span class='ocrx_word' id='word_1_851' title='bbox 1789 4869 1944 4924; x_wconf 89' lang='grc' dir='ltr'>τοῦτο</span> <span class='ocrx_word' id='word_1_852' title='bbox 1987 4873 2182 4926; x_wconf 71' lang='grc' dir='ltr'>εἰπεῖν*</span> <span class='ocrx_word' id='word_1_853' title='bbox 2214 4872 2388 4937; x_wconf 80' lang='grc' dir='ltr'>οὐδεὶς</span> <span class='ocrx_word' id='word_1_854' title='bbox 2421 4873 2528 4944; x_wconf 84' lang='grc' dir='ltr'>γὰρ</span> <span class='ocrx_word' id='word_1_855' title='bbox 2559 4873 2723 4926; x_wconf 90' lang='grc' dir='ltr'>αὐτοῦ</span> <span class='ocrx_word' id='word_1_856' title='bbox 2763 4873 3103 4942; x_wconf 85' lang='grc' dir='ltr'>διαφεύξεται</span> <span class='ocrx_word' id='word_1_857' title='bbox 3129 4874 3223 4944; x_wconf 83' lang='grc' dir='ltr'>τὴν</span> 
     </span>
    </p>
   </div>
   <div class='ocr_carea' id='block_1_115' title="bbox 1644 4961 3219 5034">
    <p class='ocr_par' dir='ltr' id='par_1_115' title="bbox 1644 4961 3219 5034">
     <span class='ocr_line' id='line_1_115' title="bbox 1644 4961 3219 5034; baseline 0 -18"><span class='ocrx_word' id='word_1_858' title='bbox 1644 4961 1842 5032; x_wconf 74' lang='grc' dir='ltr'>ψῆφον,</span> <span class='ocrx_word' id='word_1_859' title='bbox 1864 4963 1998 5018; x_wconf 86' lang='grc' dir='ltr'>ἀλλά</span> <span class='ocrx_word' id='word_1_860' title='bbox 2029 4967 2227 5028; x_wconf 87' lang='grc' dir='ltr'>πάντες</span> <span class='ocrx_word' id='word_1_861' title='bbox 2249 4966 2464 5028; x_wconf 87' lang='grc' dir='ltr'>πάντως</span> <span class='ocrx_word' id='word_1_862' title='bbox 2489 4967 2536 5018; x_wconf 78' lang='grc' dir='ltr'>οἱ</span> <span class='ocrx_word' id='word_1_863' title='bbox 2562 4967 2619 5018; x_wconf 81' lang='grc' dir='ltr'>ἐν</span> <span class='ocrx_word' id='word_1_864' title='bbox 2651 4964 2982 5029; x_wconf 78' lang='grc' dir='ltr'>πλεονεξίαις</span> <span class='ocrx_word' id='word_1_865' title='bbox 3016 4965 3108 5017; x_wconf 74' lang='grc' dir='ltr'>καὶ</span> <span class='ocrx_word' id='word_1_866' title='bbox 3127 4965 3219 5034; x_wconf 88' lang='grc' dir='ltr'>ἁρ-</span> 
     </span>
    </p>
   </div>
   <div class='ocr_carea' id='block_1_116' title="bbox 1647 5054 3221 5126">
    <p class='ocr_par' dir='ltr' id='par_1_116' title="bbox 1647 5054 3221 5126">
     <span class='ocr_line' id='line_1_116' title="bbox 1647 5054 3221 5126; baseline 0.001 -22"><span class='ocrx_word' id='word_1_867' title='bbox 1647 5055 1848 5120; x_wconf 88' lang='grc' dir='ltr'>παγαῖς</span> <span class='ocrx_word' id='word_1_868' title='bbox 1882 5054 2082 5118; x_wconf 80' lang='grc' dir='ltr'>ζῶντες</span> <span class='ocrx_word' id='word_1_869' title='bbox 2109 5056 2208 5126; x_wconf 88' lang='grc' dir='ltr'>τὴν</span> <span class='ocrx_word' id='word_1_870' title='bbox 2257 5058 2390 5126; x_wconf 77' lang='grc' dir='ltr'>παρ’</span> <span class='ocrx_word' id='word_1_871' title='bbox 2430 5054 2594 5107; x_wconf 87' lang='grc' dir='ltr'>αὐτοῦ</span> <span class='ocrx_word' id='word_1_872' title='bbox 2645 5054 2801 5124; x_wconf 86' lang='grc' dir='ltr'>δίκην</span> <span class='ocrx_word' id='word_1_873' title='bbox 2827 5055 3221 5107; x_wconf 80' lang='grc' dir='ltr'>ἐπισπάσονται</span> 
     </span>
    </p>
   </div>
   <div class='ocr_carea' id='block_1_117' title="bbox 1643 5145 3220 5216">
    <p class='ocr_par' dir='ltr' id='par_1_117' title="bbox 1643 5145 3220 5216">
     <span class='ocr_line' id='line_1_117' title="bbox 1643 5145 3220 5216; baseline 0.001 -20"><span class='ocrx_word' id='word_1_874' title='bbox 1643 5145 1743 5215; x_wconf 80' lang='grc' dir='ltr'>τὴν</span> <span class='ocrx_word' id='word_1_875' title='bbox 1784 5146 2050 5199; x_wconf 84' lang='grc' dir='ltr'>ἀθάνατον</span> <span class='ocrx_word' id='word_1_876' title='bbox 2095 5148 2311 5215; x_wconf 81' lang='grc' dir='ltr'>ἐκείνην</span> <span class='ocrx_word' id='word_1_877' title='bbox 2367 5147 2464 5200; x_wconf 72' lang='grc' dir='ltr'>καὶ</span> <span class='ocrx_word' id='word_1_878' title='bbox 2493 5147 2647 5209; x_wconf 89' lang='grc' dir='ltr'>τέλος</span> <span class='ocrx_word' id='word_1_879' title='bbox 2679 5148 2777 5198; x_wconf 87' lang='grc' dir='ltr'>οὐκ</span> <span class='ocrx_word' id='word_1_880' title='bbox 2812 5147 3060 5216; x_wconf 77' lang='grc' dir='ltr'>ἔχουσαν,</span> <span class='ocrx_word' id='word_1_881' title='bbox 3117 5164 3220 5198; x_wconf 89' lang='grc' dir='ltr'>κα-</span> 
     </span>
    </p>
   </div>
   <div class='ocr_carea' id='block_1_118' title="bbox 1639 5234 3217 5310">
    <p class='ocr_par' dir='ltr' id='par_1_118' title="bbox 1639 5234 3217 5310">
     <span class='ocr_line' id='line_1_118' title="bbox 1639 5234 3217 5310; baseline 0.002 -21"><span class='ocrx_word' id='word_1_882' title='bbox 1639 5237 1823 5308; x_wconf 86' lang='grc' dir='ltr'>θάπερ</span> <span class='ocrx_word' id='word_1_883' title='bbox 1854 5234 1946 5291; x_wconf 82' lang='grc' dir='ltr'>οὖν</span> <span class='ocrx_word' id='word_1_884' title='bbox 1967 5239 2063 5292; x_wconf 75' lang='grc' dir='ltr'>καὶ</span> <span class='ocrx_word' id='word_1_885' title='bbox 2098 5241 2126 5292; x_wconf 90' lang='grc' dir='ltr'>ὁ</span> <span class='ocrx_word' id='word_1_886' title='bbox 2154 5238 2405 5300; x_wconf 87' lang='grc' dir='ltr'>πλούσιος</span> <span class='ocrx_word' id='word_1_887' title='bbox 2431 5241 2658 5301; x_wconf 88' lang='grc' dir='ltr'>ἐκεῖνος.</span> <span class='ocrx_word' id='word_1_888' title='bbox 2685 5240 2861 5310; x_wconf 76' lang='grc' dir='ltr'>’Ἃπερ</span> <span class='ocrx_word' id='word_1_889' title='bbox 2893 5236 2984 5292; x_wconf 83' lang='grc' dir='ltr'>οὖν</span> <span class='ocrx_word' id='word_1_890' title='bbox 3008 5239 3217 5292; x_wconf 76' lang='grc' dir='ltr'>ἅπαντα</span> 
     </span>
    </p>
   </div>
   <div class='ocr_carea' id='block_1_119' title="bbox 1645 5331 3217 5402">
    <p class='ocr_par' dir='ltr' id='par_1_119' title="bbox 1645 5331 3217 5402">
     <span class='ocr_line' id='line_1_119' title="bbox 1645 5331 3217 5402; baseline 0 -18"><span class='ocrx_word' id='word_1_891' title='bbox 1645 5332 1776 5401; x_wconf 83' lang='grc' dir='ltr'>παρ’</span> <span class='ocrx_word' id='word_1_892' title='bbox 1829 5333 2042 5394; x_wconf 79' lang='grc' dir='ltr'>ἑαυτοῖς</span> <span class='ocrx_word' id='word_1_893' title='bbox 2106 5331 2467 5399; x_wconf 86' lang='grc' dir='ltr'>συλλέγοντες,</span> <span class='ocrx_word' id='word_1_894' title='bbox 2525 5333 2813 5401; x_wconf 74' lang='grc' dir='ltr'>ἀγαπητοὶ,</span> <span class='ocrx_word' id='word_1_895' title='bbox 2871 5332 2944 5402; x_wconf 81' lang='grc' dir='ltr'>μὴ</span> <span class='ocrx_word' id='word_1_896' title='bbox 2996 5333 3120 5395; x_wconf 76' lang='grc' dir='ltr'>τοὺς</span> <span class='ocrx_word' id='word_1_897' title='bbox 3160 5335 3217 5384; x_wconf 81' lang='grc' dir='ltr'>ἐν</span> 
     </span>
    </p>
   </div>
   <div class='ocr_carea' id='block_1_120' title="bbox 1645 5423 3213 5495">
    <p class='ocr_par' dir='ltr' id='par_1_120' title="bbox 1645 5423 3213 5495">
     <span class='ocr_line' id='line_1_120' title="bbox 1645 5423 3213 5495; baseline -0.001 -19"><span class='ocrx_word' id='word_1_898' title='bbox 1645 5424 1879 5495; x_wconf 83' lang='grc' dir='ltr'>πλούτῳ,</span> <span class='ocrx_word' id='word_1_899' title='bbox 1915 5424 2049 5477; x_wconf 85' lang='grc' dir='ltr'>ἀλλὰ</span> <span class='ocrx_word' id='word_1_900' title='bbox 2079 5426 2203 5487; x_wconf 88' lang='grc' dir='ltr'>τούς</span> <span class='ocrx_word' id='word_1_901' title='bbox 2235 5425 2292 5475; x_wconf 90' lang='grc' dir='ltr'>ἐν</span> <span class='ocrx_word' id='word_1_902' title='bbox 2323 5426 2487 5494; x_wconf 80' lang='grc' dir='ltr'>ἀρετῇ</span> <span class='ocrx_word' id='word_1_903' title='bbox 2552 5423 2755 5488; x_wconf 81' lang='grc' dir='ltr'>ζῶντας</span> <span class='ocrx_word' id='word_1_904' title='bbox 2807 5423 3213 5494; x_wconf 77' lang='grc' dir='ltr'>μακαρίζωμεν·</span> 
     </span>
    </p>
   </div>
   <div class='ocr_carea' id='block_1_121' title="bbox 1645 5515 3213 5588">
    <p class='ocr_par' dir='ltr' id='par_1_121' title="bbox 1645 5515 3213 5588">
     <span class='ocr_line' id='line_1_121' title="bbox 1645 5515 3213 5588; baseline -0.001 -19"><span class='ocrx_word' id='word_1_905' title='bbox 1645 5517 1721 5588; x_wconf 84' lang='grc' dir='ltr'>μὴ</span> <span class='ocrx_word' id='word_1_906' title='bbox 1751 5519 1875 5580; x_wconf 82' lang='grc' dir='ltr'>τοὺς</span> <span class='ocrx_word' id='word_1_907' title='bbox 1903 5519 1960 5569; x_wconf 87' lang='grc' dir='ltr'>ἐν</span> <span class='ocrx_word' id='word_1_908' title='bbox 1993 5517 2168 5586; x_wconf 76' lang='grc' dir='ltr'>πενία,</span> <span class='ocrx_word' id='word_1_909' title='bbox 2199 5516 2335 5569; x_wconf 87' lang='grc' dir='ltr'>ἀλλά</span> <span class='ocrx_word' id='word_1_910' title='bbox 2369 5518 2493 5579; x_wconf 89' lang='grc' dir='ltr'>τούς</span> <span class='ocrx_word' id='word_1_911' title='bbox 2541 5518 2597 5568; x_wconf 83' lang='grc' dir='ltr'>ἐν</span> <span class='ocrx_word' id='word_1_912' title='bbox 2629 5516 2796 5588; x_wconf 87' lang='grc' dir='ltr'>κακίᾳ</span> <span class='ocrx_word' id='word_1_913' title='bbox 2823 5515 3213 5586; x_wconf 73' lang='grc' dir='ltr'>ταλανίζωμενο</span> 
     </span>
    </p>
   </div>
   <div class='ocr_carea' id='block_1_122' title="bbox 1648 5607 3218 5680">
    <p class='ocr_par' dir='ltr' id='par_1_122' title="bbox 1648 5607 3218 5680">
     <span class='ocr_line' id='line_1_122' title="bbox 1648 5607 3218 5680; baseline -0.001 -19"><span class='ocrx_word' id='word_1_914' title='bbox 1648 5609 1820 5680; x_wconf 83' lang='grc' dir='ltr'>μὴτά</span> <span class='ocrx_word' id='word_1_915' title='bbox 1849 5608 2093 5679; x_wconf 89' lang='grc' dir='ltr'>παρόντα</span> <span class='ocrx_word' id='word_1_916' title='bbox 2149 5607 2454 5678; x_wconf 83' lang='grc' dir='ltr'>βλέπωμεν,</span> <span class='ocrx_word' id='word_1_917' title='bbox 2506 5608 2641 5662; x_wconf 80' lang='grc' dir='ltr'>ἀλλὰ</span> <span class='ocrx_word' id='word_1_918' title='bbox 2675 5608 2744 5662; x_wconf 85' lang='grc' dir='ltr'>τὰ</span> <span class='ocrx_word' id='word_1_919' title='bbox 2796 5608 3054 5679; x_wconf 82' lang='grc' dir='ltr'>μέλλοντα</span> <span class='ocrx_word' id='word_1_920' title='bbox 3093 5625 3218 5661; x_wconf 87' lang='grc' dir='ltr'>σκο-</span> 
     </span>
    </p>
   </div>
   <div class='ocr_carea' id='block_1_123' title="bbox 1646 5698 3214 5773">
    <p class='ocr_par' dir='ltr' id='par_1_123' title="bbox 1646 5698 3214 5773">
     <span class='ocr_line' id='line_1_123' title="bbox 1646 5698 3214 5773; baseline 0 -20"><span class='ocrx_word' id='word_1_921' title='bbox 1646 5701 1856 5770; x_wconf 74' lang='grc' dir='ltr'>πῶμεψ</span> <span class='ocrx_word' id='word_1_922' title='bbox 1893 5701 1966 5771; x_wconf 77' lang='grc' dir='ltr'>μὴ</span> <span class='ocrx_word' id='word_1_923' title='bbox 2015 5698 2112 5769; x_wconf 83' lang='grc' dir='ltr'>τὴν</span> <span class='ocrx_word' id='word_1_924' title='bbox 2140 5699 2336 5765; x_wconf 75' lang='grc' dir='ltr'>ἔξωθεν</span> <span class='ocrx_word' id='word_1_925' title='bbox 2367 5701 2676 5773; x_wconf 82' lang='grc' dir='ltr'>περιϐολὴν,</span> <span class='ocrx_word' id='word_1_926' title='bbox 2714 5702 2849 5754; x_wconf 89' lang='grc' dir='ltr'>ἀλλά</span> <span class='ocrx_word' id='word_1_927' title='bbox 2886 5702 2946 5755; x_wconf 90' lang='grc' dir='ltr'>τὸ</span> <span class='ocrx_word' id='word_1_928' title='bbox 2984 5701 3214 5756; x_wconf 81' lang='grc' dir='ltr'>ἑκάστου</span> 
     </span>
    </p>
   </div>
   <div class='ocr_carea' id='block_1_124' title="bbox 1649 5792 3216 5866">
    <p class='ocr_par' dir='ltr' id='par_1_124' title="bbox 1649 5792 3216 5866">
     <span class='ocr_line' id='line_1_124' title="bbox 1649 5792 3216 5866; baseline 0.001 -20"><span class='ocrx_word' id='word_1_929' title='bbox 1649 5795 1885 5858; x_wconf 83' lang='grc' dir='ltr'>συνειδὸς</span> <span class='ocrx_word' id='word_1_930' title='bbox 1911 5792 2270 5863; x_wconf 74' lang='grc' dir='ltr'>ἐξετάζωμεν,</span> <span class='ocrx_word' id='word_1_931' title='bbox 2302 5794 2392 5848; x_wconf 77' lang='grc' dir='ltr'>καὶ</span> <span class='ocrx_word' id='word_1_932' title='bbox 2421 5793 2517 5866; x_wconf 74' lang='grc' dir='ltr'>τὴν</span> <span class='ocrx_word' id='word_1_933' title='bbox 2564 5796 2628 5848; x_wconf 82' lang='grc' dir='ltr'>ἐκ</span> <span class='ocrx_word' id='word_1_934' title='bbox 2652 5793 2759 5848; x_wconf 84' lang='grc' dir='ltr'>τῶν</span> <span class='ocrx_word' id='word_1_935' title='bbox 2782 5795 3216 5866; x_wconf 73' lang='grc' dir='ltr'>κατορθωμάτων</span> 
     </span>
    </p>
   </div>
   <div class='ocr_carea' id='block_1_125' title="bbox 2849 5896 2926 5950">
    <p class='ocr_par' dir='ltr' id='par_1_125' title="bbox 2849 5896 2926 5950">
     <span class='ocr_line' id='line_1_125' title="bbox 2849 5896 2926 5950; baseline 0.026 -2"><span class='ocrx_word' id='word_1_936' title='bbox 2849 5896 2926 5950; x_wconf 64' lang='lat' dir='ltr'>Sb</span> 
     </span>
    </p>
   </div>
  </div>
