3906 6240
119 371 216 428 981

116 486 443 556 voluptatem
469 504 584 558 qum
612 505 674 542 ex
705 501 847 544 recte
878 491 1024 544 factis
1051 492 1416 560 pruiiCiSt'itttr,
1441 493 1694 547 Lazarum

122 578 414 646 imitemur,
442 580 633 636 divites
659 583 814 636 simul
841 598 903 638 ac
932 599 1211 652 pauperes.
1235 583 1347 636 Non
1375 586 1512 638 enim
1541 601 1702 640 unmn

123 676 332 722 tantum
363 679 454 724 aut
481 669 606 737 duo,
636 672 800 726 triave
840 673 1048 727 virtutis
1089 675 1377 728 certamina
1415 676 1657 729 sustinuit
1690 694 1702 728 :

118 773 308 814 verum
335 769 389 814 et
433 762 602 816 multo
629 764 799 834 plura,
836 776 1221 834 paupertatem,
1253 765 1529 819 adversam
1560 768 1703 820 vale-

117 852 381 921 tudinem,
413 855 754 910 solitudinem
783 872 845 910 ac
871 857 1270 912 destitutionem
1299 859 1366 911 ab
1391 859 1454 911 iis
1492 860 1580 928 qui
1610 875 1705 912 eu-

111 959 234 997 ram
267 945 404 1000 illius
444 962 634 1016 gerere
659 948 918 1002 debebant
948 967 960 1002 :
989 949 1179 1003 deinde
1204 951 1342 1018 quod
1372 950 1486 1003 hare
1516 951 1704 1009 ,omnia

116 1037 415 1102 patiebatur
444 1039 495 1091 in
525 1038 706 1108 domo,
725 1055 843 1108 quae
873 1049 1080 1106 poterat
1107 1039 1220 1093 haec
1247 1041 1380 1093 mala
1413 1041 1700 1108 depellere,

118 1141 296 1194 neque
335 1143 454 1182 cum
488 1129 594 1182 ullo
637 1129 828 1184 solatio
868 1131 1143 1198 quisquam
1174 1130 1516 1199 dignabatur;
1563 1131 1701 1198 quod

111 1214 320 1270 videret
348 1217 518 1283 illum,
546 1233 574 1271 a
599 1233 704 1288 quo
729 1218 1137 1287 despiciebatur,
1172 1219 1330 1272 tantis
1352 1219 1450 1273 frui
1473 1219 1698 1284 deliciis,

111 1319 288 1374 neque
316 1306 524 1362 deliciis
552 1309 712 1362 modo
741 1308 864 1370 frui,
898 1325 1080 1363 verum
1121 1310 1281 1362 etiam
1313 1325 1431 1362 cum
1465 1310 1703 1378 improbe

108 1397 335 1459 viveret,
384 1397 516 1451 nihil
548 1407 722 1452 tamen
767 1415 928 1467 grave
974 1401 1174 1468 perpeti
1212 1417 1222 1451 :
1259 1409 1509 1466 praeterea
1559 1401 1698 1468 quod

95 1483 229 1539 'uon
278 1488 496 1542 haberet
524 1487 749 1543 alterum
779 1489 1035 1543 Lazarum
1075 1490 1140 1543 ad
1189 1506 1344 1556 quem
1379 1492 1697 1558 respiceret;

107 1588 372 1644 prmterea
402 1578 544 1647 quod
575 1579 642 1632 de
681 1580 1068 1634 resurrectione
1094 1581 1222 1634 nihil
1253 1591 1433 1650 posset
1465 1581 1698 1648 philoso-

111 1666 264 1734 phari
293 1685 304 1716 :
333 1668 398 1721 ad
431 1668 542 1723 haec
575 1671 715 1738 quod
761 1684 922 1740 super
950 1669 1065 1726 [nec
1107 1687 1226 1741 qua:
1266 1672 1500 1726 diximus
1527 1673 1657 1724 mala
1682 1714 1697 1737 ,

106 1773 173 1809 ex
206 1757 596 1814 calamitatibus
635 1761 736 1814 illis
777 1776 806 1814 a
840 1761 994 1832 vuigo
1042 1765 1232 1815 malam
1287 1763 1447 1816 ferret
1489 1762 1699 1831 opinio-

105 1863 272 1914 nem;
303 1851 442 1920 quod
476 1866 580 1906 non
629 1852 845 1906 biduum
879 1853 1201 1917 triduumve,
1233 1853 1325 1907 sed
1354 1867 1449 1922 per
1487 1868 1697 1907 omnem

106 1939 269 1992 vitam
316 1949 370 1993 ct
410 1942 640 2010 seipsum
661 1943 862 1998 videret
909 1944 960 1996 in
1001 1943 1262 2013 ejusmodi
1290 1943 1695 2007 calamitatibus,

101 2037 165 2082 et
185 2031 400 2087 divitem
453 2035 505 2088 in
537 2035 750 2089 diverso
801 2051 979 2089 rerum
1029 2046 1189 2090 statu.
1219 2036 1500 2103 Quomodo
1544 2037 1699 2105 igitur

98 2126 305 2179 erimus
344 2126 668 2190 excusandi,
719 2126 765 2179 si
812 2142 933 2180 cum
983 2127 1070 2181 hic
1116 2137 1334 2181 cunctas
1382 2127 1698 2181 afﬂictiones

99 2215 263 2270 simul
309 2217 736 2286 conglomeratas
782 2227 925 2272 tanta
979 2219 1254 2287 pertulerit
1281 2218 1440 2272 animi
1491 2219 1696 2273 fortitu-

104 2310 256 2371 dine,
299 2325 394 2363 nos
427 2326 493 2362 ne
540 2311 814 2364 dimidium
869 2311 1079 2380 quidem
1137 2312 1321 2365 borum
1377 2312 1694 2365 tulerimus?

103 2400 224 2454 Non
253 2402 392 2453 enim
415 2411 588 2471 potes,
613 2417 717 2455 non
743 2412 911 2470 potes,
935 2403 1166 2471 inqtiam,
1197 2403 1690 2470 aliumquemquam

91 2647 181 2687 DE
227 2647 469 2690 LAZABO
512 2649 738 2691 CONCIO
801 2650 1084 2692 SECUNDA
1145 2652 1159 2690 ε

960 2751 1270 2794 DEMONES
1319 2755 1332 2792 3

165 3006 216 3060 1.
254 3005 456 3060 Primus
486 3009 553 3060 ad
579 3009 806 3060 virtutem
831 3009 1021 3079 gradus
1046 3051 1061 3073 ,
1086 3020 1156 3062 est
1182 3009 1363 3063 aliena:
1386 3011 1556 3062 virtuti
1582 3027 1680 3078 ap-

81 3099 354 3175 plaudere.
389 3129 458 3138 —
490 3100 791 3157 Admiratus
817 3116 933 3157 sum
961 3101 1234 3162 caritatem
1268 3111 1496 3162 vestram
1520 3151 1534 3173 ,
1563 3117 1682 3162 cum

79 3215 264 3267 nuper
304 3198 369 3252 de
412 3199 611 3253 Lazaro
656 3201 815 3253 verba
858 3200 1117 3265 facerem,
1167 3201 1307 3269 quod
1343 3211 1398 3254 et
1437 3203 1680 3269 pauperis

77 3291 237 3345 illius
274 3291 602 3344 tolerantiam
645 3291 897 3346 laudastis
923 3334 937 3356 ,
984 3301 1038 3345 et
1083 3293 1258 3346 divitis
1301 3292 1677 3346 immanitatem

75 3381 644 3453 inhumanitatemque
686 3383 931 3438 detestati
967 3385 1113 3437 estis.
1143 3383 1273 3437 Nam
1303 3384 1400 3437 ista
1430 3400 1532 3437 non
1562 3383 1677 3436 vul-

73 3473 236 3544 garia
265 3484 390 3528 sunt
416 3475 566 3528 bonae
592 3477 783 3529 mentis
815 3486 1146 3545 argumenta.
1199 3475 1410 3530 Etenim
1440 3478 1683 3545 quamvis

73 3581 194 3619 non
227 3574 492 3620 sectemur
521 3567 792 3631 virtutem,
822 3566 866 3620 si
894 3566 1170 3621 laudemus
1198 3575 1373 3621 tamen
1406 3569 1677 3634 virtutem,

71 3658 312 3713 omnino
341 3658 630 3726 poterimus
668 3658 732 3712 ad
776 3659 913 3712 illam
944 3661 1266 3729 pertingere.
1307 3659 1564 3715 Similiter
1589 3677 1682 3714 an-

72 3760 220 3811 tem,
252 3749 455 3802 etiamsi
489 3765 594 3803 non
640 3749 899 3820 fugiamus
931 3751 1184 3804 malitiam
1212 3791 1226 3816 ,
1257 3752 1300 3828 si
1335 3761 1510 3806 tamen
1543 3753 1681 3804 vitu-

69 3857 342 3912 perenms
374 3841 625 3895 malitiam
651 3883 666 3906 ,
714 3843 829 3896 sine
855 3842 1014 3896 dubio
1043 3843 1330 3911 poterimus
1368 3844 1510 3897 illam
1541 3843 1676 3898 effu-

67 3949 235 4001 gere.
277 3931 535 3999 Quoniam
569 3933 726 4002 igitur
769 3933 930 3987 multa
958 3948 1078 3986 cum
1103 3934 1262 3987 animi
1310 3933 1675 3988 benevolentia

65 4039 366 4079 sermones
392 4025 510 4081 illos
526 4025 828 4093 excepistis,
857 4040 954 4095 age
977 4041 1094 4096 qua:
1121 4035 1321 4079 restant
1349 4027 1506 4080 etiam
1525 4028 1674 4082 vobis

68 4116 474 4185 persolvamus.
509 4116 724 4169 Vidistis
747 4115 894 4169 illum
920 4117 969 4170 in
989 4117 1251 4171 vestibulo
1275 4117 1474 4182 divitis,
1501 4119 1676 4174 videte

63 4207 337 4262 eumdem
367 4207 525 4261 hodie
553 4208 603 4261 in
645 4208 762 4261 sinu
793 4207 1019 4262 Abrahae
1051 4225 1065 4261 :
1091 4207 1294 4262 vidistis
1319 4209 1462 4262 illmn
1492 4225 1612 4264 cum
1643 4226 1672 4264 a

63 4299 311 4352 canibus
345 4299 873 4368 circumlingeretnr,
904 4299 1079 4352 videte
1111 4299 1355 4354 eumdem
1382 4301 1448 4354 ab
1473 4303 1672 4370 angelis

60 4384 340 4460 stipatum
371 4408 384 4444 :
417 4390 620 4444 vidistis
672 4391 815 4445 illum
865 4400 973 4444 tmn
1027 4391 1076 4444 in
1107 4400 1450 4461 paupertate,
1498 4393 1672 4448 videte

61 4499 226 4539 nunc
253 4483 496 4537 eumdem
525 4484 575 4537 in
605 4483 807 4538 deliciis
837 4501 851 4539 :
876 4484 1079 4537 vidistis
1122 4484 1269 4539 illum
1307 4486 1358 4539 in
1399 4485 1566 4553 fame,
1591 4486 1671 4540 vi-

59 4577 204 4628 dete
251 4573 302 4626 in
355 4575 516 4626 multa
564 4590 739 4628 rerum
782 4574 1046 4629 affluentia
1081 4575 1329 4630 :vidistis
1368 4576 1516 4631 illum
1556 4593 1674 4632 cer-

61 4675 289 4720 tantem
317 4706 332 4728 ,
365 4665 542 4719 videte
583 4675 892 4718 coronatum
931 4683 944 4718 :
977 4665 1183 4719 vidistis
1212 4666 1423 4720 labores
1447 4708 1460 4732 ,
1495 4667 1672 4722 videte

55 4754 362 4824 praemium
389 4797 403 4819 ,
449 4765 706 4826 quotquot
734 4756 862 4809 estis
883 4756 965 4810 vel
995 4756 1214 4822 divites,
1253 4757 1339 4811 vel
1368 4773 1625 4828 pauperes
1657 4777 1669 4813 :

55 4850 274 4902 divites
291 4849 526 4918 quidem,
551 4865 617 4903 ne
641 4849 836 4919 putetis
865 4849 1073 4903 divitias
1093 4849 1292 4920 aliquid
1324 4866 1443 4904 esse
1472 4853 1666 4921 magni,

53 4941 107 4994 si
147 4940 295 4992 desit
321 4940 525 5000 virtus;
572 4955 830 5008 pauperes
854 4955 978 4994 vero
1003 4981 1018 5004 ,
1053 4957 1118 4994 ne
1153 4940 1402 5008 judicetis
1440 4957 1668 5010 pauper-

55 5042 248 5084 tatem
282 5031 445 5082 ullum
473 5046 592 5084 esse
617 5030 814 5084 malum
847 5049 858 5084 :
893 5030 1128 5100 utrisque
1157 5046 1284 5084 vero
1318 5035 1672 5087 communiter

53 5131 182 5175 stat
215 5120 304 5174 hic
348 5129 660 5191 praeceptor.
704 5121 912 5176 Etenim
957 5121 1001 5175 si
1041 5121 1128 5176 hic
1157 5123 1207 5174 in
1233 5132 1539 5192 paupertate
1566 5141 1667 5179 non

54 5215 386 5282 indignatus
409 5224 508 5272 est.
537 5230 693 5283 quam
725 5216 929 5268 veniam
955 5223 1244 5278 merentur,
1267 5215 1355 5283 qui
1389 5215 1439 5267 id
1472 5216 1668 5270 faciunt

53 5311 114 5361 in
173 5307 424 5361 divitiis?
473 5306 527 5360 Si
577 5308 660 5362 hic
704 5308 754 5360 in
783 5308 920 5361 fame
971 5308 1233 5376 tantisque
1279 5307 1431 5361 malis
1470 5309 1670 5378 degens

47 5401 278 5471 gratias
322 5400 466 5468 egit,
511 5399 634 5468 quid
680 5401 1034 5454 excusationis
1082 5398 1340 5465 afferent,
1388 5399 1475 5469 qui
1514 5402 1670 5454 rclms

47 5491 424 5545 affluentibus
454 5508 556 5543 non
602 5491 668 5543 ad
711 5492 950 5544 eamdem
981 5493 1165 5546 volunt
1193 5493 1467 5562 pervenire
1500 5493 1667 5546 virtu-

51 5597 176 5634 tt'ttt
202 5584 228 5620 ν
258 5581 463 5635 Rursus
481 5596 758 5650 pauperes,
787 5585 873 5652 qui
898 5583 1114 5654 indigne
1139 5584 1465 5652 molesteque
1495 5584 1670 5637 ferunt

45 5684 371 5742 egestatem
394 5712 412 5739 ,
459 5689 616 5742 quam
650 5673 1004 5744 impetrabunt
1049 5677 1255 5731 veniam
1283 5718 1297 5741 ,
1353 5691 1471 5729 cmn
1505 5675 1587 5729 hic
1615 5676 1666 5728 in

131 5814 147 5843 ί
188 5807 375 5873 adlata
402 5809 785 5873 componemus
818 5817 919 5860 Mss.
960 5812 1118 5873 Regiis
1153 5809 1288 5870 1819,
1339 5808 1476 5870 1960,
1506 5807 1624 5859 1963
1651 5822 1664 5857 :

30 5865 366 5918 (.urlIcrtinis
388 5870 467 5929 49,
491 5869 600 5920 56$.

1384 381 1462 436 DE
1502 382 1768 439 LAZARO
1805 384 2046 440 CONCIO
2087 385 2148 441 ΙΙ.

3287 384 3390 442 98ὶ

1808 513 2247 564 commemorare,
2277 501 2363 569 qui
2408 504 2526 556 talia
2557 514 2799 574 tantaque
2827 522 3107 576 perpessus
3136 510 3204 563 sit
3228 515 3385 564 mala.

1810 588 2047 658 Eamque
2089 590 2157 644 ob
2183 606 2293 644 rem
2339 592 2580 648 Christus
2610 594 2748 649 hunc
2792 597 3120 666 potissimum
3163 604 3388 672 exempli

1809 696 1965 734 causa
1993 683 2264 762 proposuit
2298 683 2347 736 in
2390 685 2644 752 medium,
2673 696 2731 741 ut
2768 689 2812 741 si
2857 692 3067 759 quando
3089 691 3140 745 in
3172 707 3258 746 res
3289 694 3386 748 tri-

1811 784 1918 825 stes
1961 773 2320 839 inciderimus,
2353 777 2753 832 considerantes
2782 791 2976 848 quanto
3004 783 3091 836 ille
3115 783 3389 841 intervalla

1810 879 1907 918 nos
1948 867 2248 934 superarit,
2299 882 2365 921 ex
2414 867 2554 921 illius
2590 868 2919 940 philosOphia
2968 874 3095 928 satis
3137 889 3388 946 magnum

1808 953 2055 1008 solatium
2097 957 2459 1025 molestiaeque
2487 957 2716 1012 lenimen
2763 960 3048 1029 capiamus.
3077 962 3385 1022 Communis

1807 1046 1947 1098 enim
1977 1047 2122 1100 orbis
2151 1047 2337 1101 doctor
2367 1049 2453 1102 ille
2483 1051 2782 1118 propositus
2806 1059 2905 1117 est,
2937 1068 3047 1106 rem
3079 1069 3386 1122 quamcum-

1807 1152 1910 1205 que
1937 1138 2211 1191 molestam
2244 1139 2581 1207 patientibus,
2601 1141 2687 1210 qui
2711 1157 2768 1196 se
2788 1143 3217 1210 conspiciendum
3247 1161 3380 1212 prie-

1807 1227 1896 1280 bet
1939 1229 2202 1294 omnibus,
2251 1229 2449 1298 hosque
2493 1246 2678 1285 omnes
2727 1247 2985 1300 superans
3036 1233 3381 1290 afﬂictionum

1807 1319 2184 1388 magnitudine.
2216 1321 2319 1374 Pro
2346 1320 2427 1375 his
2474 1321 2632 1390 igitur
2660 1324 2905 1377 omnibus
2949 1325 3143 1392 gratias
3169 1335 3386 1393 agentes

1805 1409 2033 1477 benigno
2079 1410 2205 1473 Deo,
2239 1421 2572 1479 reportemus
2597 1428 2659 1465 ex
2691 1413 2788 1465 hac
2831 1414 3131 1467 narratione
3161 1415 3384 1468 fructum

1805 1509 1858 1552 et
1885 1500 2160 1553 utilitatem
2194 1519 2205 1553 :
2237 1502 2570 1555 continenter
2621 1504 2759 1556 hunc
2783 1513 2836 1556 et
2867 1504 2916 1556 in
2941 1505 3301 1565 consessilms.
3332 1514 3386 1557 et

1805 1590 1856 1641 in
1903 1591 2122 1654 a-dibus,
2153 1601 2206 1644 et
2233 1592 2284 1644 in
2328 1591 2462 1655 foro,
2495 1593 2719 1658 denique
2751 1593 2802 1644 in
2832 1593 2973 1646 omni
3014 1594 3130 1646 loco
3154 1593 3382 1648 circum-

1807 1677 2057 1747 ferentes,
2080 1694 2390 1749 snn‘nnoque
2417 1681 2590 1733 studio
2605 1682 2813 1736 divitias
2839 1696 3044 1747 omnes,
3068 1699 3198 1752 quas
3225 1683 3383 1738 habet

1805 1769 1919 1823 haec
1961 1771 2226 1838 parabola,
2279 1773 2654 1841 percipientcs,
2683 1788 2790 1842 quo
2837 1775 2990 1827 simul
3021 1783 3075 1828 et
3103 1778 3381 1844 przescntia

1803 1863 1932 1916 citra
1960 1864 2253 1916 molestiam
2282 1865 2414 1916 mala
2433 1874 2874 1928 transcurramus,
2892 1874 2945 1919 et
2968 1865 3261 1919 futurorum
3289 1866 3382 1918 bo-

1805 1969 1992 2006 norum
2053 1962 2328 2022 compotes
2389 1953 2862 2023 cvadamnszqua:
2926 1955 3077 2009 nobis
3135 1956 3380 2010 omnibus

1803 2045 2035 2111 conligat
2062 2044 2271 2112 assequi
2315 2045 2484 2113 gratia
2529 2044 2952 2114 benignitateque
2982 2046 3189 2100 Domini
3215 2050 3378 2100 nostri

1802 2133 1926 2188 Jesu
1949 2134 2167 2197 Christi,
2196 2135 2280 2188 cui
2324 2150 2444 2188 cum
2490 2135 2647 2188 Patre
2675 2145 2726 2189 et
2754 2136 2951 2206 Spiritu
2983 2147 3166 2192 sancto
3191 2137 3377 2208 gloria,

1804 2225 1993 2287 honor,
2021 2225 2281 2287 adoratio,
2314 2239 2453 2278 nunc
2480 2236 2532 2278 et
2559 2241 2790 2295 semper,
2831 2237 2883 2279 et
2910 2228 2960 2280 in
2990 2229 3180 2281 saecula
3211 2244 3379 2282 sarcu-

1803 2316 1994 2369 lorum.
2028 2321 2216 2369 Amen.

1225 2651 1303 2690 ET
1356 2649 1524 2701 QUOD
1570 2649 1785 2690 ANIMI!)
1844 2648 2056 2688 MORTE
2111 2647 2421 2689 νιοι.ΕΝτΑ
2480 2649 2957 2702 DECEDENTIUM,
3013 2650 3136 2692 NON
3183 2653 3374 2694 FIL’N’I‘

1381 2753 1591 2803 neque
1635 2751 1885 2792 JUDICIO
1931 2751 2007 2792 ΕΤ
2054 2738 2516 2793 nmenosvm'.

1796 3010 1933 3063 fame
1982 3009 2343 3076 penuriaquc,
2385 3009 2670 3064 solitudine
2715 3021 2767 3065 et
2809 3011 3030 3068 adversa
3072 3015 3370 3076 valetmlim

1791 3101 1950 3160 vitam
1985 3100 2196 3160 assidue
2223 3107 2438 3161 trahens
2463 3099 2513 3162 in
2542 3104 2745 3163 aedibus
2772 3103 2950 3166 divitis
2974 3152 2988 3174 ,
3021 3121 3074 3165 ct
3098 3113 3166 3164 ab
3195 3114 3364 3167 omni-

1793 3200 1889 3253 bus
1932 3199 2246 3267 deSpectus,
2296 3198 2362 3250 ad
2405 3200 2517 3252 haec
2549 3216 2651 3254 non
2696 3201 2894 3271 habens
2927 3203 3084 3256 alium
3110 3204 3174 3258 ad
3212 3221 3371 3275 quem
3417 3260 3420 3262 _

1791 3291 1975 3345 eadem
2023 3305 2328 3360 perpessum
2374 3292 2695 3360 respiceret,
2738 3295 2816 3348 sic
2844 3305 3094 3364 appareat
3132 3296 3368 3366 philoso-

1791 3379 1980 3450 phatus
2000 3379 2024 3432 ?

1863 3471 2010 3524 Dives
2035 3487 2146 3524 vere
2169 3471 2300 3539 quis.
2321 3499 2393 3510 -—
2423 3471 2503 3524 Ab
2531 3471 2631 3526 hoc
2657 3472 2925 3528 discamus
2951 3492 3053 3529 non
3081 3491 3178 3546 pro
3205 3478 3372 3533 beatis

1789 3561 1984 3615 habere
2030 3561 2239 3624 divites,
2289 3577 2462 3630 neque
2484 3578 2582 3629 pro
2603 3565 2810 3615 miseris
2841 3565 3038 3620 habere
3068 3583 3326 3637 pauperes
3353 3588 3366 3600 ο
3431 3562 3442 3576 ’

1787 3653 1894 3706 imc
1932 3653 1975 3704 si
2007 3668 2194 3706 verum
2233 3651 2381 3705 fateri
2423 3653 2577 3716 licet,
2613 3669 2677 3706 ne
2704 3654 2850 3708 dives
2888 3656 3100 3724 quidem
3132 3658 3216 3713 ille
3243 3673 3320 3713 εει
3351 3701 3366 3724 ,

1785 3743 1870 3812 qui
1899 3742 2072 3795 multis
2088 3742 2277 3810 Opibus
2292 3743 2717 3797 circumvallatos
2738 3755 2836 3809 est,
2862 3747 2954 3800 sed
2981 3749 3069 3816 qui
3098 3763 3201 3802 non
3252 3756 3372 3818 eget

1785 3837 1963 3890 multis
1997 3854 2010 3890 :
2041 3835 2208 3890 necis
2238 3851 2436 3904 pauper
2464 3845 2568 3902 est,
2599 3838 2684 3906 qui
2716 3837 2844 3890 nihil
2878 3839 3128 3906 possidet,
3157 3842 3249 3896 sed
3273 3844 3361 3911 qui

1785 3929 1945 3984 multa
1977 3930 2302 3998 concupiscit
2331 3947 2343 3982 :
2377 3929 2563 3984 discite
2610 3929 2749 3983 hunc
2796 3946 2913 3984 esse
2945 3931 3101 3986 finem
3135 3949 3356 4003 pauper-

1784 4020 1905 4074 tatis
1925 4029 1976 4074 et
1996 4019 2302 4088 opulentiae.
2332 4019 2387 4073 Si
2409 4035 2565 4089 quem
2585 4019 2778 4074 videris
2805 4022 2965 4074 multa
2988 4025 3368 4093 concupiscen-

1783 4125 1888 4168 tem
1914 4156 1929 4178 ,
1979 4114 2279 4168 existimato
2319 4113 2463 4166 illum
2507 4113 2743 4166 omnium
2782 4128 2900 4168 esse
2950 4118 3361 4186 pauperrimum,

1780 4207 1939 4261 etiam
1987 4207 2030 4260 si
2084 4206 2351 4275 possideat
2393 4205 2631 4259 omnium
2671 4222 2821 4274 opes.
2876 4207 3103 4262 ltursmn
3131 4212 3172 4263 si
3204 4227 3364 4280 quem

1780 4301 1978 4355 videris
2018 4317 2120 4354 non
2150 4300 2330 4354 multis
2359 4309 2639 4369 egentem,
2680 4299 2826 4352 illum
2861 4302 3108 4354 omnibus
3138 4305 3363 4372 opulcn-

1783 4393 1972 4447 tioretn
1995 4407 2114 4446 esse
2138 4391 2336 4456 ducito,
2355 4391 2559 4445 etiamsi
2588 4391 2715 4444 nihil
2745 4391 3027 4459 possideat.
3054 4392 3182 4446 Nam
3205 4411 3325 4449 men
3349 4428 3361 4439 -

1781 4486 1849 4540 tis
1895 4484 2119 4546 affectu,
2171 4500 2275 4536 non
2325 4483 2631 4537 facultatum
2677 4483 2873 4547 modo,
2927 4495 3282 4553 paupertatem
3309 4503 3365 4543 et

1779 4578 2101 4645 npulentiam
2148 4576 2412 4628 testimare
2457 4577 2853 4629 consuevimus.
2900 4576 3358 4642 Quemadmodum

1779 4671 1939 4737 igitur
1968 4684 2119 4732 cum,
2166 4667 2254 4735 qui
2284 4676 2538 4736 perpetuo
2576 4665 2687 4719 sitit
2730 4683 2835 4719 non
2879 4667 3176 4722 dixerimus
3216 4681 3360 4725 recte

1777 4759 1955 4811 valere
1979 4799 1992 4819 ,
2035 4757 2195 4811 etiam
2226 4757 2268 4808 si
2299 4755 2448 4825 cepia
2476 4771 2651 4810 rerum
2693 4755 2872 4808 affluat
2895 4798 2908 4819 ,
2937 4759 3094 4810 etiam
3127 4758 3169 4811 si
3210 4759 3360 4827 juxta

1779 4851 1969 4904 ﬂuvios
2010 4863 2073 4902 ac
2114 4847 2288 4901 fontes
2332 4847 2611 4901 accmnbat
2641 4865 2654 4900 :
2685 4846 2828 4918 (quid
2857 4849 2996 4900 enim
3027 4848 3238 4915 prodest
3271 4849 3359 4902 illa

1778 4957 2032 5009 aquarum
2065 4941 2250 5010 cepia,
2297 4955 2416 4994 cum
2461 4937 2669 4992 affectio
2713 4948 2924 4991 maneat
2962 4938 3362 5008 inexstincta)?

1779 5032 1959 5086 itidem
1988 5041 2042 5086 et
2070 5032 2120 5085 in
2143 5030 2392 5084 divitibus
2419 5029 2688 5090 faciamus,
2719 5043 2811 5080 eos
2833 5027 2918 5096 qui
2951 5037 3203 5097 perpetuo
3228 5044 3355 5082 con-

1777 5127 2089 5196 cupiscunt,
2136 5125 2423 5192 sitiuntque
2468 5121 2674 5184 aliena,
2729 5136 2793 5172 ne
2837 5132 3078 5189 putemus
3107 5137 3354 5190 umquam

1778 5234 1898 5271 esse
1924 5231 2117 5279 sanos,
2163 5229 2262 5268 nec
2309 5214 2412 5265 ulla
2459 5212 2556 5265 frui
2594 5227 2768 5263 rerum
2809 5213 2980 5281 eopia.
3025 5212 3230 5264 Etenim
3261 5214 3350 5280 qni

1777 5324 1926 5362 suam
1982 5309 2146 5377 ipsius
2201 5304 2682 5374 concupiscentiam
2740 5319 2843 5356 non
2899 5314 3075 5374 potest
3131 5303 3354 5367 sistere.

1777 5402 1982 5455 etiamsi
2021 5414 2329 5454 cunetorum
2377 5398 2565 5463 opibus
2595 5397 2818 5448 vallatus
2847 5398 2948 5461 sit,
2979 5398 3243 5464 quomodo
3270 5398 3354 5452 fu-

1777 5501 1924 5545 turus
1950 5499 2032 5546 est
2062 5491 2106 5543 is
2131 5505 2380 5558 umquam
2430 5489 2480 5540 in
2522 5487 2759 5552 divitiis?
2809 5488 2916 5541 Eos
2942 5504 3065 5541 vero
3095 5490 3180 5558 qui
3213 5491 3352 5558 quod

1778 5585 1976 5638 habent
2021 5584 2147 5636 satis
2174 5598 2291 5636 esse
2324 5581 2556 5645 ducunt,
2591 5581 2783 5650 quique
2811 5597 2903 5632 sua
2935 5593 3077 5634 sorte
3114 5583 3349 5635 contenti

1776 5687 1934 5742 sunt,
1967 5693 2062 5729 nec
2086 5676 2282 5728 alienas
2312 5674 2754 5741 circumspectant
2795 5673 3101 5736 facultates,
3143 5676 3349 5728 etiamsi

1779 5768 1977 5822 fuerint
1997 5767 2230 5820 omnium
2258 5764 2585 5835 cgentissimi
2608 5806 2623 5828 ,
2653 5765 2888 5817 omnium
2918 5765 3348 5833 opulentissimus

1780 5860 1974 5916 ducere
2012 5867 2239 5930 oportet.
2289 5858 2416 5913 Nam
2451 5857 2541 5929 qui
2587 5872 2694 5912 non
2749 5855 2945 5929 indiget
2993 5856 3204 5920 alienis,
3244 5861 3340 5913 sed
