3790 6268
513 384 615 440 983

513 509 661 568 putat
690 500 789 554 sibi
817 501 944 552 satis
969 514 1086 554 esse
1113 497 1252 568 quod
1283 498 1464 562 habet,
1489 494 1724 550 omnium
1761 503 1842 548 est
1866 493 2088 563 opulen-

509 593 765 646 tissimus.
813 591 916 646 Sed
955 590 1176 660 agedum
1205 591 1248 642 si
1291 590 1494 657 placet,
1526 587 1590 640 ad
1625 587 1946 656 propositam
1975 598 2087 637 ma-

509 687 694 737 teriam
748 692 1093 737 revertanmr.
1169 683 1400 746 Accidit,
1454 680 1656 749 inquit,
1706 689 1762 731 ut
1813 687 2089 731 moreretur

508 774 752 838 Lazarus,
780 791 838 826 ac
860 777 1207 842 deportaretur
1230 775 1292 826 ab
1313 773 1502 842 angelis
1527 770 1677 844 (Luc.
1714 771 1798 825 16.
1829 768 1942 838 2‘2).

581 867 786 918 Animus
821 867 1035 918 violenta
1064 877 1221 918 morte
1249 864 1592 917 decedentia":
1616 879 1714 914 non
1751 861 1860 929 ﬁeri
1893 860 2084 913 daemo-

506 973 610 1010 nes.
644 987 715 997 -—
741 957 836 1010 llic
855 957 1049 1010 malum
1074 956 1354 1022 quemdam
1382 955 1620 1008 morbum
1639 953 1799 1021 cupio
1815 968 1880 1006 ex
1897 952 2086 1005 vestris

505 1049 697 1100 animis
723 1048 958 1116 exigere.
1014 1047 1146 1100 Sunt
1177 1047 1315 1099 enim
1362 1046 1599 1113 plerique
1648 1042 1949 1111 simplices,
1995 1041 2085 1109 qui

507 1149 692 1207 putant
735 1139 938 1190 animas
966 1137 1193 1190 violenta
1232 1146 1402 1188 morte
1436 1133 1802 1188 decedentium
1832 1133 1943 1186 fieri
1971 1131 2082 1184 dm-

508 1245 713 1283 mones.
762 1228 877 1282 Non
906 1229 973 1281 ita
1015 1242 1074 1280 se
1102 1243 1186 1281 res
1229 1225 1425 1288 habet,
1474 1241 1576 1276 non
1608 1225 1676 1276 ita
1703 1238 1854 1276 sane.
1904 1221 2084 1290 Neque

511 1321 654 1374 enim
700 1321 890 1373 anitum
928 1318 1156 1372 violenta
1204 1327 1372 1370 morte
1405 1315 1772 1369 decedentium
1819 1312 2082 1366 ﬂantibu-

506 1429 713 1478 mones,
746 1413 837 1466 sed
863 1413 1052 1465 anima:
1079 1412 1250 1481 potius
1280 1413 1329 1464 in
1351 1411 1584 1480 peccatis
1609 1409 1896 1463 viventium
1931 1425 1944 1461 :
1977 1423 2080 1460 non

513 1505 654 1575 quod
695 1514 927 1560 mutetur
958 1504 1161 1558 illarum
1193 1503 1481 1557 substantia
1507 1545 1522 1569 ,
1564 1501 1657 1555 sed
1684 1501 1821 1570 quod
1851 1501 2079 1570 ipsarum

505 1598 750 1651 voluntas
776 1596 1076 1650 daemonum
1097 1596 1407 1664 pravitatem
1440 1596 1689 1649 imitetur.
1724 1595 1837 1648 [loc
1857 1593 2081 1646 ctChri-

503 1701 620 1745 stus
650 1691 781 1744 dixit
805 1689 1002 1744 Judmis
1024 1731 1038 1755 ,
1078 1689 1178 1742 Vos
1204 1689 1299 1758 ﬁlii
1325 1688 1511 1741 diaboli
1540 1688 1654 1741 estis
1673 1686 1847 1755 (Joan.
1875 1687 1926 1739 8.
1951 1684 2039 1753 44)
2066 1701 2080 1738 :

507 1783 643 1836 filios
667 1782 859 1835 diaboli
888 1781 1033 1846 dicit,
1065 1797 1168 1835 non
1197 1781 1336 1849 quod
1367 1780 1417 1833 in
1446 1779 1588 1833 illius
1623 1788 1861 1833 naturam
1899 1783 2080 1830 essent

504 1873 834 1926 transmutati
863 1914 876 1935 ,
910 1873 1002 1927 sed
1028 1873 1275 1942 quoniam
1319 1871 1458 1924 illius
1486 1885 1651 1940 opera
1681 1869 1958 1924 faciebant.
1992 1867 2077 1922 ld-

505 1966 649 2019 circo
707 1966 866 2020 etiam
920 1966 1132 2033 subjieit
1175 1982 1190 2018 :
1239 1963 1377 2017 Nam
1429 1964 1676 2017 desideria
1729 1962 1884 2027 patris
1932 1962 2079 2014 restri

501 2057 649 2108 uultis
677 2056 841 2124 facere
868 2052 1056 2124 (Joan.
1084 2054 1134 2108 8.
1169 2057 1288 2125 44).
1332 2054 1530 2108 Rursus
1573 2054 1806 2107 Joannes
1835 2070 1846 2104 :
1881 2051 2076 2122 Proge-

503 2147 605 2199 nies
635 2145 918 2213 viperarum
943 2186 955 2208 ,
998 2146 1106 2211 quis
1140 2144 1496 2198 demonstravit
1525 2145 1663 2197 vobis
1702 2143 1874 2212 fugere
1897 2160 1928 2194 ιι
1956 2159 2078 2195 ren-

504 2246 617 2288 tura
643 2235 762 2288 ira?
805 2234 982 2288 Facite
1005 2235 1160 2304 igitur
1188 2239 1406 2304 fructum
1438 2233 1642 2304 dignum
1671 2233 1986 2303 pwtdtentim,
2018 2248 2079 2284 ac

503 2343 564 2377 ne
607 2326 760 2378 velitis
797 2325 960 2379 dicere
992 2341 1010 2379 :
1039 2334 1227 2395 patrem
1268 2324 1507 2378 habemus
1551 2325 1824 2377 Abraham.
1871 2325 2078 2379 Etenim

501 2434 593 2470 eas
625 2419 764 2484 leges
801 2419 1035 2486 agnoscit
1085 2417 1485 2486 pi-Opinquitatis
1524 2415 1827 2485 Scriptura,
1877 2426 1933 2469 ut
1973 2432 2077 2470 non

501 2508 588 2576 qui
617 2517 798 2560 natura
834 2508 1101 2574 conjuncti
1145 2518 1296 2572 sunt,
1341 2506 1432 2561 sed
1473 2507 1560 2576 qui
1591 2507 1784 2560 virtute
1815 2507 2078 2561 malitiave

505 2598 781 2667 prOpinqui
827 2609 980 2663 sunt,
1011 2600 1177 2651 soleat
1203 2598 1469 2666 appellare
1498 2606 1769 2666 cognatos.
1807 2597 1872 2651 Et
1901 2597 2078 2666 cujus-

503 2703 730 2759 cumque
770 2705 946 2744 mores
973 2691 1161 2758 aliquis
1190 2691 1546 2758 expresserit,
1579 2689 1733 2759 lmjus
1753 2698 1806 2744 et
1834 2691 1994 2742 lilium
2024 2699 2079 2744 et

502 2783 718 2838 fratrem
745 2784 890 2837 illum
918 2799 1037 2837 esse
1056 2785 1183 2837 dicit
1207 2783 1498 2851 Scriptura.

568 2877 623 2929 2.
654 2879 722 2930 At
762 2875 912 2945 cujus
951 2876 1024 2930 rei
1066 2877 1230 2943 gratia
1274 2875 1514 2929 diabolus
1561 2875 1713 2928 istam
1766 2888 2073 2945 perversam

499 2966 805 3034 opinionem
837 2965 1079 3019 invexit?
1124 2964 1356 3019 Conatus
1385 2974 1467 3018 est
1512 2974 1802 3036 martyrum
1829 2963 2078 3018 defodere

499 3070 555 3116 et
583 3061 808 3114 obruere
836 3059 1081 3128 gloriam.
1132 3058 1339 3111 Etenim
1384 3071 1504 3111 cum
1544 3056 1618 3110 illi
1657 3066 1827 3110 morte
1850 3055 2076 3110 violenta

499 3152 853 3218 decesserint,
884 3153 1101 3221 cupiens
1132 3167 1343 3220 pravam
1374 3149 1440 3205 de
1471 3150 1571 3204 illis
1595 3151 1809 3220 gignere
1831 3151 2079 3220 susmcio-

501 3261 644 3309 nem,
670 3245 770 3299 hoc
788 3245 911 3299 fecit
940 3254 1157 3301 :vcrum
1189 3259 1292 3296 non
1323 3243 1493 3312 potuit
1524 3260 1536 3296 :
1568 3253 1915 3311 perseverant
1935 3243 2075 3297 enim

502 3348 800 3410 martyres,
855 3338 1125 3407 proprium
1179 3337 1479 3390 obtinentes
1527 3335 1886 3404 splendorem.
1940 3337 2076 3401 Quin

501 3430 639 3485 aliud
687 3430 852 3484 multo
886 3429 1152 3482 crudelius
1190 3429 1542 3498 perpetravit,
1589 3427 1841 3482 maleﬁcis
1872 3427 2076 3498 ipsique

423 3545 436 3562 ι
503 3521 909 3581 inservientibus
936 3535 1030 3589 per
1055 3519 1147 3571 has
1171 3519 1452 3588 Opiniones
1477 3520 1742 3587 persuasis
1766 3559 1782 3584 ,
1810 3527 1867 3572 ut
1896 3529 2077 3573 tenera

504 3613 783 3666 multorum
808 3610 1203 3664 adolescentum
1237 3623 1458 3677 corpora
1487 3607 1832 3674 trucidarent,
1862 3623 2079 3677 speran-

505 3714 584 3757 tes
625 3702 887 3763 futurum,
938 3711 995 3755 ut
1035 3701 1223 3755 fierent
1265 3700 1570 3765 daemones,
1621 3715 1910 3769 rursusque
1952 3700 2078 3769 ipsis

503 3796 839 3850 inservirent.
873 3793 1070 3848 Verum
1099 3809 1201 3846 non
1229 3803 1350 3849 sunt
1378 3794 1474 3846 ista
1503 3807 1627 3846 vera
1648 3833 1660 3854 ,
1702 3808 1806 3845 non
1846 3802 1968 3846 sunt
1993 3793 2076 3845 itt-

505 3903 680 3957 quam.
705 3885 840 3954 Quid
869 3886 1022 3955 igitur
1042 3893 1126 3939 est
1148 3883 1286 3953 quod
1309 3883 1576 3937 daemones
1602 3883 1804 3950 dicunt,
1833 3883 2077 3938 monachi

505 3980 646 4034 illius
696 3993 813 4033 sum
863 3976 1079 4030 anima?
1133 3975 1273 4029 Sane
1325 3985 1540 4043 pmpter
1598 3973 1698 4028 hoc
1748 3975 1918 4042 ipsum
1972 3989 2079 4028 non

504 4071 700 4133 credo,
751 4069 870 4138 quia
917 4067 1187 4121 darmones
1231 4065 1463 4119 dicunt'r
1485 4065 1754 4134 decipiunt
1797 4066 1938 4118 enim
1981 4081 2079 4119 au-

504 4161 724 4213 ditores.

577 4251 790 4305 Damon
814 4265 902 4302 nec
925 4264 1038 4301 vera
1062 4242 1230 4300 dicens
1245 4247 1524 4299 audiendus
1554 4255 1644 4300 est.
1663 4247 2081 4317 —Quapropter

504 4352 560 4396 et
590 4341 780 4395 Paulus
807 4339 933 4408 ipsis
956 4339 1162 4392 tametsi
1189 4353 1312 4391 vera
1333 4336 1629 4390 dicentibus
1652 4337 1900 4406 imposuit
1927 4339 2082 4393 silen-

507 4437 660 4498 tium,
690 4447 755 4487 ne
775 4448 837 4487 ex
869 4431 1008 4486 veris
1030 4431 1166 4484 nacti
1204 4431 1555 4493 occasionem,
1585 4439 1702 4499 post
1729 4429 2080 4488 admiscerent

511 4525 814 4588 mendacia,
870 4523 1131 4592 fidemque
1185 4522 1282 4576 sibi
1335 4522 1699 4576 conciliarent.
1754 4522 1884 4578 Cum
1937 4525 2078 4579 enim

511 4616 766 4668 dixissent
787 4656 800 4676 ,
828 4613 924 4667 Isti
946 4613 1169 4665 homines
1193 4613 1321 4664 servi
1342 4611 1434 4664 Dei
1459 4612 1691 4666 altissimi
1717 4623 1852 4679 sunt,
1884 4632 2084 4668 annun-

509 4709 686 4761 tiantes
718 4706 853 4758 vobis
894 4705 1023 4757 viam
1060 4705 1235 4756 salutis
1266 4705 1400 4770 (Act.
1433 4703 1518 4757 16.
1548 4705 1671 4774 17),
1718 4705 1904 4760 dolens
1938 4709 2080 4779 Apof

508 4800 677 4855 stolus
719 4797 1004 4866 increpavit
1049 4796 1379 4867 Pythonem,
1428 4809 1585 4866 atque
1632 4799 1776 4852 exire
1798 4799 1976 4868 jussit.
2016 4800 2083 4855 Et

508 4903 682 4947 tamen
707 4891 832 4962 quid
863 4889 984 4942 mali
1011 4888 1255 4942 dicebant
1285 4905 1298 4940 :
1330 4887 1427 4940 Isti
1466 4887 1690 4942 hoinines
1727 4891 1855 4943 servi
1886 4889 1982 4944 Dei
2005 4893 2086 4945 al-

507 4985 683 5038 tissimi
712 4982 868 5036 sunt?
905 4979 1009 5034 Sed
1043 4980 1293 5049 quoniam
1325 4979 1561 5048 plerique
1595 4979 1946 5049 simpliciores
1972 4999 2081 5037 non

508 5084 702 5129 norunt
727 5087 936 5141 semper
961 5071 1252 5140 dijudicare
1279 5086 1398 5139 quae
1418 5085 1446 5123 a
1464 5069 1792 5126 daemonibus
1813 5072 2079 5139 dicuntur,

508 5167 674 5221 semel
704 5180 796 5219 eos
830 5163 1048 5217 exclusit
1077 5180 1104 5215 a
1133 5162 1253 5216 fide.
1304 5162 1382 5216 Ex
1431 5162 1704 5216 infantium
1748 5181 1969 5220 numero
1998 5182 2078 5234 es,

509 5259 698 5328 inquit,
730 5274 832 5310 non
863 5266 944 5310 est
972 5266 1116 5308 tuum
1146 5255 1310 5309 libere
1338 5255 1477 5324 loqui
1503 5296 1518 5321 ,
1549 5265 1663 5309 tace
1687 5299 1701 5320 ,
1729 5257 2036 5312 obmutesce
2066 5277 2078 5313 :

512 5366 615 5403 non
646 5347 901 5403 cst‘tuum
928 5348 1217 5416 pra-dicare
1237 5389 1251 5411 ,
1281 5349 1639 5415 apostolorum
1668 5349 1767 5403 ista
1794 5359 1876 5405 est
1896 5363 2082 5406 aucto-

517 5444 669 5495 ritas.
715 5442 848 5508 Quid
878 5457 1100 5508 usurpas
1127 5441 1264 5509 quod
1302 5450 1446 5494 tuum
1478 5457 1580 5494 non
1617 5442 1732 5496 est?
1773 5441 1916 5510 Sile,
1952 5446 2084 5499 infa-

504 5534 617 5586 -mis
639 5548 717 5587 es.
745 5535 833 5586 Sic
857 5543 909 5586 et
935 5533 1178 5585 Christus
1203 5532 1441 5587 dicentes
1472 5533 1571 5602 ipsi
1598 5533 1888 5598 daemones,
1919 5537 2082 5591 Νουὶο

513 5640 622 5677 mus
643 5633 688 5675 te
711 5624 796 5693 qui
819 5624 906 5688 sis,
936 5623 1224 5689 increpavit
1247 5623 1406 5676 multa
1430 5639 1546 5677 cum
1581 5626 1866 5679 acrimonia
1890 5626 2078 5698 (Marc.

515 5719 566 5771 1.
597 5716 698 5782 24,
723 5726 768 5769 et
793 5714 915 5768 Luc.
937 5716 988 5768 4.
1012 5716 1103 5784 54)
1132 5732 1145 5767 :
1173 5716 1324 5770 nobis
1374 5717 1542 5786 legem
1587 5721 1965 5789 praescribens,
2016 5739 2083 5778 ne

501 5821 618 5876 quo
651 5820 805 5880 pacto
828 5809 1055 5863 dazmoni
1085 5807 1307 5861 ﬁdamus
1329 5849 1344 5876 ,
1387 5811 1594 5864 etiamsi
1623 5811 1713 5867 tibi
1743 5813 1937 5884 aliquid
1968 5817 2080 5870 veri

1277 382 1332 437 S-
1374 379 1649 436 JOANNlS
1685 372 2158 434 CHRYSOSTOMI
2198 371 2511 428 ARCHIEP.
2554 371 3086 454 CQNSTANTINOP.
3700 374 3760 422 si:

2203 489 2415 544 dixerit.
2449 491 2542 544 His
2564 491 2722 560 igitur
2747 494 2991 561 cognitis,
3024 509 3088 547 ne
3119 510 3349 562 prorsus
3373 501 3759 554 crenlamnsda-

2197 583 2338 634 moui
2373 599 2386 634 :
2415 582 2522 634 imo
2546 585 2701 635 etiam
2724 584 2766 636 si
2790 583 2914 653 quid
2935 585 3044 639 veri
3075 584 3350 654 loquatur,
3386 585 3670 654 fugiamus
3687 603 3758 637 ea

2195 681 2249 726 et
2277 687 2597 728 aversemur.
2650 674 2780 728 Nam
2809 691 2939 730 sana
2981 677 3226 746 dogmata
3267 675 3756 743 salutiferaquenm

2159 781 2222 843 ,ει
2254 765 2586 819 dar-monibus
2609 808 2624 831 ,
2667 765 2759 820 sed
2801 783 2866 821 ex
2909 769 3090 823 divina
3115 769 3412 840 Scriptura
3449 769 3592 824 licet
3631 785 3758 822 «aut

2191 854 2420 910 discere.
2478 857 2547 913 Ut
2588 858 2747 926 igitur
2771 863 3109 928 cognoscatis
3155 877 3262 916 non
3730 879 3756 913 ε

2193 947 2374 1001 anima
2401 963 2626 1017 corpore
2653 966 2868 1020 egressa
2893 953 3073 1006 ueniat
3095 953 3194 1007 sub
3217 954 3588 1024 tyrannidem
3614 954 3756 1006 dm

2194 1054 2317 1090 num
2338 1079 2352 1103 ,
2393 1041 2513 1092 audi
2543 1041 2670 1109 quid
2711 1042 2840 1096 dicit
2878 1043 3073 1097 Paulus
3107 1062 3120 1099 :
3148 1043 3250 1112 Qui
3277 1045 3426 1097 enim
3453 1057 3753 1106 mor-tuna.

2182 1132 2491 1201 justi/icatus
2517 1143 2590 1187 est
2613 1152 2644 1186 a
2666 1146 2866 1204 peccato
2893 1135 3070 1207 (Rom.
3097 1137 3150 1192 6.
3181 1139 3264 1203 7),
3294 1139 3412 1191 hoc
3438 1146 3535 1192 est
3565 1153 3667 1192 non
3687 1155 3754 1190 an»

2191 1223 2328 1291 plius
2365 1234 2564 1292 peccat.
2613 1225 2744 1279 Nam
2773 1227 2816 1279 si
2847 1227 3038 1281 animm
3065 1229 3116 1280 in
3147 1244 3385 1298 corpore
3417 1230 3666 1284 ntatienu
3686 1233 3753 1284 dit-

2189 1313 2346 1367 holus
2381 1330 2485 1368 non
2516 1325 2690 1384 potest
2717 1317 2915 1371 inferre
2945 1320 3048 1371 vim
3075 1362 3091 1384 ,
3132 1323 3492 1390 perspicuum
3536 1332 3624 1376 est
3659 1327 3753 1391 quat

2190 1418 2289 1458 nec
2318 1421 2565 1475 egressae.
2598 1408 2877 1475 Quomodo
2907 1410 3085 1478 igitur,
3110 1411 3307 1480 inquis,
3333 1423 3602 1481 peccant,
3634 1417 3752 1467 sius

2191 1512 2294 1550 non
2328 1499 2629 1564 patiuntur?
2655 1499 2907 1555 Volentes
2937 1511 3234 1573 Sponteque
3259 1519 3323 1558 ac
3353 1511 3580 1574 seipsas
3611 1508 3753 1574 injuri:

2187 1589 2480 1644 allicientes
2537 1601 2791 1661 peccant,
2846 1608 2952 1648 non
3009 1604 3210 1650 coacta:
3261 1613 3457 1667 neque
3516 1602 3753 1668 tyrannm

2187 1696 2455 1750 oppressa:
2485 1700 2499 1737 :
2528 1683 2685 1754 idque
2709 1685 2981 1741 declarant
3006 1703 3194 1742 omnes
3220 1730 3236 1753 ,
3270 1691 3366 1758 qui
3397 1707 3752 1759 superavi-na

2184 1772 2326 1828 illius
2356 1774 2802 1830 machinamenta.
2833 1777 3006 1832 Veluti
3032 1779 3246 1834 beatum
3275 1781 3386 1836 Job
3413 1825 3428 1845 ,
3459 1797 3593 1835 cum
3619 1789 3751 1838 eius:

2188 1865 2523 1931 miscuisset,
2560 1882 2666 1921 non
2694 1869 2864 1938 potuit
2883 1880 3064 1925 tamen
3091 1873 3461 1940 persuadere,
3489 1887 3550 1928 ut
3584 1879 3750 1947 aliqua}

2184 1957 2401 2010 verbum
2424 1957 2793 2028 blasphemum
2817 1963 3082 2030 proferret
3107 1962 3232 2034 (Iob
3258 1963 3314 2017 2.
3341 1966 3407 2020 9.
3443 1967 3570 2037 10).

2254 2045 2488 2101 Liberum
2521 2049 2805 2104 arbitrium.
2831 2082 2903 2092 —
2929 2053 3081 2110 Unde
3108 2057 3463 2125 perspicuum
3500 2072 3589 2114 est
3619 2063 3665 2114 in
3691 2081 3748 2114 ea-

2182 2137 2264 2191 bis
2291 2139 2448 2192 situm
2473 2154 2612 2203 esse,
2645 2151 2703 2195 ut
2731 2141 2812 2196 vel
2832 2145 3287 2213 obtemperemns,
3321 2149 3415 2201 vel
3451 2167 3566 2204 non
3593 2153 3748 2205 οιιιεπ.

2184 2242 2431 2296 peremus
2461 2231 2602 2285 illius
2626 2233 2864 2288 consiliis
2884 2275 2902 2302 ,
2945 2251 3043 2290 nec
3067 2252 3166 2291 nos
3187 2238 3352 2294 ullam
3391 2247 3748 2302 nt’CCSsitatrm,

2183 2335 2356 2390 neque
2383 2324 2718 2393 tyrannidem
2748 2326 2856 2396 pati
2882 2327 2950 2382 ab
2976 2329 3090 2383 illo.
3119 2330 3233 2384 Non
3266 2334 3454 2386 solum
3485 2352 3553 2388 ex
3589 2339 3646 2388 iis
3672 2354 3746 2404 qs:

2182 2413 2319 2467 dicta
2347 2424 2488 2482 sunt,
2519 2431 2701 2470 verum
2734 2417 2893 2472 etiam
2915 2435 2980 2473 ex
3003 2419 3103 2474 hac
3132 2423 3396 2490 parabola
3433 2426 3626 2494 liquet.
3655 2431 3745 2494 qua]

2181 2504 2374 2558 animae
2399 2521 2592 2576 corpus
2615 2523 2843 2578 egressio
2865 2548 2883 2576 ,
2925 2525 3030 2565 non
3071 2513 3159 2566 hic
3201 2528 3656 2580 commorantur,
3689 2525 3746 2572 sel

2183 2597 2423 2664 protinus
2443 2597 2796 2654 abducuntur.
2827 2601 2890 2654 Et
2911 2603 3198 2670 quomodo,
3217 2605 3372 2659 audi.
3395 2607 3604 2661 Accidit
3630 2612 3745 2666 eia,

2183 2686 2382 2756 inquit,
2420 2697 2472 2740 ut
2519 2701 2826 2755 moreretur,
2860 2709 2919 2744 ac
2941 2693 3270 2748 deduceretur
3305 2697 3373 2749 ab
3413 2701 3615 2768 angelis
3641 2701 3746 2764 (La.

2184 2778 2269 2832 16.
2298 2779 2412 2847 ‘29.).
2462 2779 2579 2834 Non
2621 2782 2789 2835 soium
2817 2792 2992 2838 autem
3032 2784 3304 2853 justorum
3344 2789 3556 2842 aniuu:
3580 2834 3593 2853 ,
3624 2795 3747 2844 Sedet

2181 2885 2366 2925 eorum
2393 2874 2480 2942 qui
2513 2873 2651 2928 male
2681 2875 2943 2941 vixerunt,
2976 2876 3099 2931 illuc
3130 2877 3530 2934 deducuntur:
3563 2889 3747 2951 atpmd

2181 2979 2390 3018 rursum
2421 2981 2488 3019 ex
2513 2967 2614 3020 alio
2643 2966 2806 3022 divite
2836 2970 3170 3038 perSpicuum
3195 2981 3303 3026 est.
3329 2973 3634 3045 Postquam
3648 2980 3746 3029 cur.

2182 3054 2397 3109 uberem
2419 3066 2732 3125 proventum
2763 3058 3134 3127 produxissent
3154 3064 3269 3130 agri
3306 3064 3513 3132 ipsius,
3543 3067 3660 3118 dicit
3684 3069 3748 3118 aa.

2181 3145 2282 3214 ipsi
2316 3163 2330 3199 :
2367 3145 2502 3212 Quid
2537 3148 2721 3217 faciant
2753 3163 2774 3202 :
2800 3149 3046 3203 demoliar
3075 3153 3258 3206 horrea
3297 3172 3420 3207 mea
3444 3196 3461 3221 ,
3505 3175 3567 3209 ac
3597 3161 3748 3227 διαβῇς

2181 3237 2442 3306 aediﬁcabo
2471 3237 2580 3307 (Id.
2610 3237 2695 3293 1⁸2.
2745 3240 2880 3310 18)?
2930 3240 3068 3295 Nihil
3116 3242 3215 3296 hac
3256 3255 3454 3300 tuente
3509 3248 3747 3302 iufelicim.

2182 3327 2320 3381 Vere
2358 3328 2643 3383 demolitus
2685 3339 2767 3384 est
2806 3345 2900 3384 sua
2946 3332 3112 3401 ipsius
3152 3333 3350 3390 horrea
3386 3356 3401 3388 :
3438 3353 3566 3391 nam
3605 3338 3748 3391 bam

2181 3435 2299 3488 quae
2327 3419 2623 3488 deprardari
2651 3436 2754 3474 non
2779 3432 3000 3492 possunt
3023 3438 3128 3477 non
3158 3437 3284 3478 sunt
3324 3431 3502 3492 muri,
3535 3430 3622 3481 sed
3662 3445 3749 3496 [aa-

2181 3530 2368 3584 perum
2394 3525 2626 3578 ventres,
2651 3515 2842 3584 quibus
2872 3516 2959 3569 ille
2984 3517 3243 3586 neglectis
3267 3520 3556 3574 sollicitus
3584 3532 3682 3575 erat
3705 3523 3750 3573 de

2183 3607 2492 3676 parietibus.
2546 3607 2680 3674 Quid
2728 3609 2883 3680 igitur
2920 3610 3046 3664 dicit
3094 3610 3168 3664 illi
3217 3611 3413 3666 Deus?
3467 3615 3748 3678 Struma:

2180 3709 2324 3751 nocte
2343 3710 2563 3769 repetent
2595 3701 2819 3753 animam
2845 3711 2981 3754 tuam
3013 3702 3100 3755 abs
3125 3713 3172 3755 te
3212 3702 3325 3772 (Ib.
3351 3720 3403 3756 υ.
3442 3705 3564 3777 ΞΟ).
3591 3707 3673 3760 llic
3693 3708 3748 3757 ιη-

2181 3790 2293 3859 quit
2316 3789 2599 3844 deductum
2626 3791 2788 3845 fuisse
2809 3792 2875 3845 ab
2895 3793 3117 3862 angelis,
3147 3794 3258 3848 illic
3288 3807 3485 3850 autem
3519 3809 3744 3867 repetunt:

2182 3890 2236 3936 et
2260 3882 2629 3951 lmncquidem
2645 3899 2744 3938 ceu
2765 3885 2996 3938 vinctum
3028 3885 3355 3946 educebant.
3394 3889 3560 3942 illum
3589 3901 3747 3942 vero

2182 3985 2432 4024 coronam
2450 3981 2745 4040 gestantem
2768 3974 3050 4043 stipabant.
3072 3976 3135 4028 Et
3157 3977 3625 4044 quemadmodum
3640 3996 3742 4033 eum.

2182 4065 2269 4133 qui
2304 4066 2447 4134 prius
2474 4065 2524 4118 in
2565 4065 2736 4120 stadio
2778 4068 2941 4121 multa
2989 4068 3205 4122 volnera
3251 4074 3481 4140 accepit
3508 4115 3524 4132 ,
3575 4089 3631 4126 ac
3656 4089 3744 4124 ειε-

2182 4157 2340 4224 gnine
2359 4170 2678 4224 conspersus
2705 4166 2805 4220 est,
2835 4169 2952 4226 post
2971 4174 3168 4213 corona
3199 4163 3365 4229 capiti
3396 4164 3610 4226 addita,
3633 4168 3661 4218 ii
3685 4166 3744 4231 esi

2183 4259 2306 4301 ante
2343 4249 2569 4302 stadium
2609 4257 2788 4316 stant,
2820 4261 3121 4320 susceptum
3151 4254 3315 4305 multa
3345 4271 3478 4307 cum
3515 4259 3656 4310 laude
3681 4259 3747 4308 dr-
3782 4249 3783 4320 ἶ

2184 4357 2327 4395 mum
2349 4341 2638 4406 deducunt,
2665 4343 3061 4413 applaudeut‘es,
3089 4345 3225 4399 bene
3246 4347 3591 4414 omiuantes,
3620 4351 3744 4402 adci-
3782 4323 3783 4372 Ῑ

2185 4444 2382 4494 rantes.
2411 4435 2488 4489 sic
2516 4444 2569 4490 et
2595 4437 2765 4504 angeli
2797 4435 3054 4490 Lazarum
3081 4447 3191 4489 tum
3219 4437 3575 4492 deducebant
3596 4484 3610 4502 ,
3640 4441 3744 4493 ῑξιτει

2184 4541 2314 4580 vero
2333 4527 2562 4580 animam
2589 4528 2898 4598 repetebant
2928 4527 3224 4582 metuenda:
3249 4530 3512 4598 qumdam
3539 4533 3739 4585 virtutes
3782 4553 3783 4596 ι

2185 4619 2424 4673 fortassis
2447 4619 2513 4673 ad
2538 4619 2638 4674 hoc
2657 4619 2834 4674 missa:
2867 4639 2880 4675 :
2905 4635 3073 4690 neque
3098 4622 3238 4675 enim
3269 4639 3367 4673 sua
3386 4635 3587 4691 sponte
3604 4627 3742 4676 ani-:1
3782 4601 3783 4691 ξ

2188 4661 2254 4673 ..η
2271 4661 2424 4673 ...πω
2447 4661 2513 4673 ..υ
2538 4661 2638 4674 ..νυ
2657 4661 2834 4674 mm...
2867 4662 2880 4675 .
2905 4661 3073 4690 ...μί-,ν
3269 4661 3367 4673 ω...
3387 4661 3584 4691 ..γνηκ
3604 4661 3680 4676 ,ω

2185 4711 2250 4765 ad
2293 4710 2436 4764 illam
2477 4711 2678 4766 secedit
2715 4711 2874 4764 vitam
2900 4751 2915 4775 ,
2955 4722 3230 4780 propterea
3256 4714 3406 4781 quod
3445 4719 3636 4770 hocne
3660 4717 3740 4767 [ιῄε

2185 4803 2396 4872 quidem
2443 4804 2624 4874 possit.
2675 4803 2808 4858 Nam
2851 4804 2896 4858 si
2939 4805 3201 4858 civitatem
3246 4806 3474 4861 Clvilate
3519 4819 3742 4861 iuuante
3782 4793 3783 4860 l

2185 4911 2404 4964 egemus
2441 4893 2814 4949 deductoribus
2839 4934 2854 4957 ,
2901 4896 3068 4948 multo
3112 4896 3276 4964 magis
3323 4899 3511 4950 anima
3550 4915 3577 4948 a
3616 4914 3740 4951 care

2186 4963 2422 5052 divulsa,
2463 4996 2517 5041 et
2550 4987 2616 5042 ad
2645 4985 2873 5042 futuram
2902 4987 3162 5042 transiens
3195 4963 3358 5041 vitam
3390 5005 3538 5058 opus
3567 4992 3738 5042 bats-la:
3782 4963 3783 5008 1

2186 5082 2286 5134 via:
2321 5080 2560 5135 ducibus.
2610 5080 2942 5148 Quapropter
2985 5078 3289 5146 frequenter
3340 5096 3492 5134 nunc
3534 5085 3736 5147 mergi

2187 5188 2327 5227 nunc
2354 5173 2403 5226 in
2433 5171 2749 5242 profundum
2777 5169 3097 5239 demergitur
3118 5209 3134 5236 ,
3164 5170 3465 5241 metuitque
3506 5185 3560 5226 et
3599 5174 3730 5225 Ιιιιςτη
3782 5211 3783 5236 ι

2186 5279 2304 5317 cum
2336 5272 2468 5318 esta
2493 5277 2653 5317 carne
2690 5262 3008 5316 discessura.
3068 5262 3198 5314 Nam
3244 5278 3370 5315 eum
3422 5280 3636 5333 semper
3667 5282 3732 5315 ιιε
3782 5267 3783 5333 j

2187 5357 2420 5411 stimulat
2449 5367 2780 5425 peccatorum
2809 5355 3163 5417 conscientia,
3212 5364 3321 5407 tum
3371 5372 3509 5409 vero
3551 5360 3668 5410 mni

2189 5448 2275 5502 illa
2305 5447 2455 5511 hora,
2484 5463 2602 5501 cum
2634 5446 2758 5500 hinc
2781 5463 2961 5499 Stltltlls
2987 5446 3277 5498 abducendi
3308 5447 3376 5499 ad
3407 5447 3504 5501 illa
3537 5451 3686 5502 tribe:
3713 5477 3728 5483 -

2189 5542 2290 5607 lia,
2338 5541 2781 5610 nietnendnmque
2822 5539 3076 5608 judicium
3115 5549 3267 5592 :tum
3316 5541 3466 5594 enim
3510 5545 3728 5608 sit-eqs

2189 5634 2397 5699 rapuit,
2445 5631 2558 5686 sive
2590 5630 2887 5694 fraudavit,
2928 5629 3041 5682 sive
3067 5632 3388 5684 contumelia
3419 5633 3624 5690 aﬁccit.
3646 5648 3714 5682 se.

2187 5725 2429 5793 cuiquam
2450 5734 2642 5793 prmter
2660 5739 2873 5778 causam
2893 5723 3137 5776 inimicus
3164 5721 3336 5775 factus
3357 5737 3465 5789 est,
3495 5727 3599 5778 sive
3623 5726 3720 5774 aii-as

2182 5815 2556 5887 quodcumque
2577 5814 2779 5869 facinus
2804 5813 3124 5884 perpetravit
3157 5831 3171 5867 :
3204 5813 3492 5870 universus
3525 5817 3722 5881 ἕηκε-(δ
