3790 6270
62 391 155 449 983

62 501 191 559 ἐστὶν
214 492 604 565 εὐπορώτερος.
659 490 799 543 Ἀλλ’
831 492 879 543 εἰ
914 491 1080 554 δοκεῖ,
1125 489 1218 542 ἐπὶ
1250 488 1350 561 τὴν
1385 503 1608 559 προκει-

63 584 210 657 μένην
230 577 480 631 ὑπόθεσιν
514 575 913 645 ἐπανέλθωμεν.
951 572 1234 657 Ἐγένετο,
1261 570 1446 657 φησιν,
1470 569 1616 657 ἀπρ-

64 652 243 723 θῑινεῖν
268 660 373 713 τὸν
414 657 705 727 Λάζαρον,
752 657 850 711 καὶ
897 654 1302 725 ἀπενεχθῆναι
1332 653 1449 707 ὑπὸ
1498 652 1618 705 τῶν

61 746 325 820 ἀγγέλων.

133 826 387 882 Ἐνταῦθα
426 824 659 893 πονηρὸν
702 824 917 893 νόσημα
957 823 1058 890 τῆς
1101 820 1373 891 ὑμετέρας
1417 817 1619 884 ἐξελεῖν

61 914 302 986 βούλομαι
336 909 534 979 ψυχῆς.
575 909 685 961 Καὶ
718 908 826 978 γάρ
866 906 1053 959 πολλοὶ
1091 903 1199 957 τῶν
1241 902 1618 973 άφελεστέρων

59 997 318 1067 νομίζουσι
343 992 443 1055 τὰς
468 992 646 1063 ψυχὰς
685 992 794 1044 τῶν
822 991 979 1060 βιαίῳ
1002 989 1214 1057 θανάτῳ
1240 986 1619 1040 τελευτώντων

59 1082 300 1151 δαίμονας
328 1077 594 1145 γίνεσθαι.
619 1077 733 1129 Οὐκ
762 1074 876 1127 ἐστι
904 1074 962 1127 δὲ
989 1072 1176 1137 τοῦτο,
1207 1072 1307 1125 οὑκ
1337 1071 1506 1124 ἐστιν.
1544 1071 1617 1123 Οὐ

59 1167 157 1234 γὰρ
176 1165 229 1215 αί
249 1161 418 1231 ψυχαὶ
447 1161 554 1214 τῶν
581 1158 1037 1229 βιοθανατούντων
1061 1157 1314 1226 δαίμονες
1344 1154 1617 1235 γίνονται,

61 1249 163 1302 ἀλλ’
202 1248 255 1300 αἰ
294 1245 467 1314 ψυχαὶ
496 1244 604 1297 τῶν
638 1246 697 1297 ἐν
738 1243 1100 1313 ἁμαρτήμασι
1140 1239 1378 1303 ζώντωνν
1428 1239 1487 1291 οὐ
1524 1237 1622 1307 τῆς

60 1332 230 1393 οὐσίας
246 1330 425 1382 αὐτῶν
455 1328 950 1399 μεταϐαλλομένης,
972 1325 1108 1379 ἀλλά
1132 1325 1230 1395 τῆς
1250 1323 1622 1394 προαιρέσεως

62 1416 229 1469 αὐτῶν
258 1412 356 1483 τὴν
390 1412 611 1465 ἐκείνων
645 1410 987 1481 μιμουμένης
1010 1408 1229 1461 κακίαν.
1278 1405 1449 1459 Τοῦτο
1493 1403 1622 1473 γοῦν

62 1499 299 1569 καὶπρὸς
338 1498 464 1558 τοὺς
506 1495 790 1555 Ἰουδαίους
832 1494 1007 1565 δηλῶν
1050 1493 1079 1544 6
1108 1490 1342 1562 Χριστὸς
1393 1489 1579 1557 ἔλεγεν
1606 1505 1619 1519 ·

73 1582 253 1652 Ὑμεῖς
284 1580 391 1633 τοῦ
434 1579 715 1633 διαϐόλου
749 1578 869 1631 υἱοί
897 1578 1057 1631 ἐστε·
1101 1578 1252 1637 υἱοὺς
1287 1575 1345 1627 δὲ
1377 1573 1621 1627 διαϐόλου

64 1668 243 1727 αὐτοὺς
275 1661 446 1728 εἶπεν,
484 1662 584 1714 οὑκ
622 1659 809 1731 ἐπειδὴ
852 1661 931 1722 εἰς
977 1662 1076 1730 τὴν
1115 1657 1271 1731 {7‘28}
1301 1658 1488 1710 οὐσίαν
1527 1655 1623 1726 τὴν

63 1748 252 1803 ἐκείνου
310 1746 628 1817 μετέπεσον,
682 1745 818 1798 ἀλλὰ
857 1744 1044 1815 ἐπειδὴ
1102 1745 1170 1797 τά
1222 1743 1359 1814 ἔργα
1412 1740 1622 1795 ἐκείνου

63 1834 265 1887 ἐποίουν
294 1848 306 1862 ·
335 1831 417 1884 διὸ
459 1832 553 1884 καὶ
583 1828 907 1902 προστίθησι
936 1846 950 1858 ·
1009 1829 1119 1894 Τὰς
1167 1827 1277 1899 γὰρ
1311 1828 1625 1895 ἐπιθυμίας

62 1916 411 1984 τοῦπατρὸς
460 1913 626 1983 ὑμῶν
676 1910 875 1969 θέλετε
921 1914 1139 1965 ποιεῖν·
1209 1912 1323 1965 Καὶ
1379 1910 1541 1964 πάλιν
1597 1915 1626 1964 ὁ

76 2002 333 2069 Ἰωάννης·
358 1998 711 2066 Γεννήματα
734 1996 1005 2064 ἐχιδνῶν,
1036 1997 1126 2061 τίς
1146 1996 1465 2060 ὑπέδειξεν
1486 1996 1628 2065 ὑμῖν

64 2084 262 2155 φυγεῖν
289 2082 408 2137 ἀπὸ
442 2080 548 2149 τῆς
570 2082 918 2150 μελλούσης
950 2079 1168 2148 ὀργῆς;
1192 2080 1490 2149 Ποιήσατε
1514 2076 1628 2134 οὖν

66 2168 285 2238 καρπὸν
304 2166 378 2229 iis
384 2183 476 2219 ιον
496 2164 605 2231 τῆς
617 2162 958 2232 μετανοίας,
978 2163 1076 2215 καὶ
1091 2164 1177 2231 μὴ
1198 2163 1413 2230 δόξητε
1427 2163 1647 2231 λέγειν,

64 2249 280 2321 Πατέρα
304 2252 522 2319 ἔχομεν
549 2249 656 2301 τὸν
694 2246 967 2314 Ἀϐραάμ.
1012 2247 1344 2315 Συγγενείας
1385 2249 1498 2318 γάρ
1539 2247 1628 2299 νό-

69 2354 211 2405 μους,
249 2335 311 2388 οὑ
346 2335 472 2395 τοὺς
505 2333 613 2385 άπὸ
639 2332 739 2401 τῆς
770 2330 1005 2399 φύσεως,
1040 2329 1176 2383 ἀλλά
1211 2333 1339 2394 τοὺς
1384 2331 1491 2384 ἀπὸ
1527 2331 1630 2400 τῆς

65 2419 253 2488 ἀρετῆς
292 2418 389 2470 καὶ
422 2417 524 2485 τῆς
571 2415 771 2488 κακίας
813 2411 953 2467 οἶδεν
982 2415 1015 2483 ὴ
1047 2414 1238 2485 Γραφὴ
1273 2414 1493 2468 καλεῖν·
1537 2414 1630 2467 καὶ

66 2486 133 2553 ὧν
163 2486 225 2554 ἄν
262 2518 347 2562 τις
370 2486 671 2569 ὁμότροπος
696 2497 957 2567 γένηται,
993 2495 1183 2549 τοῦτον
1230 2499 1322 2551 καὶ
1373 2498 1487 2549 υἰὸν
1536 2497 1631 2550 καὶ

66 2585 284 2652 ἀδελφὸν
318 2580 456 2637 εἷναί
492 2598 655 2651 φησιν
684 2583 717 2650 ὴ
747 2581 961 2650 Γραφή.

133 2668 193 2736 βυ,
213 2667 373 2720 Ἀλλά
400 2665 540 2727 τίνος
560 2665 743 2717 ἕνεκεν
771 2666 799 2716 ό
826 2662 1067 2726 διάϐολος
1094 2662 1154 2714 τὸ
1194 2664 1426 2733 πονηρὸν
1455 2663 1633 2733 δόγμα

68 2752 214 2803 τοῦτο
234 2752 495 2821 εἰσήγαγε
518 2765 532 2811 ;
558 2747 667 2817 Τὴν
695 2746 803 2799 τῶν
834 2745 1124 2816 μαρτύρων
1162 2747 1488 2817 ἐπεχείρησε
1524 2747 1631 2799 διο-

73 2832 218 2903 ρύξαι
245 2832 427 2896 δόξαν.
473 2829 689 2900 Ἐπειδὴ
730 2829 839 2900 γάρ
877 2828 1035 2898 βιαίῳ
1066 2827 1281 2899 θανάτῳ
1310 2829 1632 2883 τελευτῶσιν

69 2918 287 2978 ἐκεῖνοι,
338 2914 655 2984 βουλόμενος
705 2911 886 2965 αὑτῶν
937 2912 1339 2965 κατασκεδάσαι
1391 2913 1633 2983 πονηράν

72 2998 369 3068 ὑπόληψιν,
426 2996 583 3050 τοῦτο
634 2997 909 3064 ἐποίησεν.
978 2995 1137 3047 Ἀλλά
1184 2996 1345 3048 τοῦτο
1396 2996 1494 3065 μὲν
1529 2996 1634 3048 ὀὐκ

72 3084 284 3151 ἴσχυσε·
329 3080 543 3151 μένουσι
587 3078 695 3150 γὰρ
742 3078 839 3148 τὴν
886 3078 1094 3130 οἰκείαν
1140 3078 1353 3147 ἔχοντες
1380 3078 1636 3150 λαμπρό-

70 3184 216 3235 τητα·
269 3166 462 3236 ἕτερον
495 3164 551 3217 δέ
597 3163 978 3233 χαλεπώτατον
1030 3163 1459 3233 κατειργάσατο,
1512 3163 1635 3226 τοὺς

70 3250 261 3319 γόητας
286 3250 413 3311 τοῦς
444 3247 912 3318 ὑπηρετουμένους
939 3246 1087 3315 αὐτῷ
1105 3246 1191 3299 διὰ
1212 3246 1415 3299 τούτων
1442 3246 1637 3309 πείσας

69 3334 171 3385 τῶν
222 3334 510 3401 δογμάτων
536 3372 551 3392 ,
600 3328 811 3382 πολλῶν
859 3330 994 3382 νέων
1030 3329 1215 3383 ἁπλῶν
1262 3331 1487 3401 σώματα
1538 3348 1635 3383 κα-

70 3417 391 3483 τασφάττειν
419 3414 592 3466 ἐλπίδι
626 3413 718 3465 τοῦ
759 3412 1018 3482 δαίμονας
1060 3412 1298 3475 ἔσεσθαι,
1346 3414 1440 3466 καὶ
1478 3412 1638 3466 πάλιν

70 3500 244 3561 αὑτοῖς
274 3500 589 3566 ὑπηρετεῖν.
632 3496 770 3548 Ἀλλ’
820 3497 918 3548 οὑκ
951 3495 1065 3548 ἐστι
1110 3495 1311 3559 ταῦτα,
1356 3497 1456 3549 οὑκ
1500 3496 1635 3548 ἐστι.

71 3583 129 3633 Τί
173 3578 263 3633 οῦν
286 3624 300 3641 ,
345 3583 425 3633 ὅτι
462 3582 511 3632 οἰ
545 3581 797 3649 δαίμονες
845 3578 1084 3645 λέγουσι,
1121 3579 1230 3633 Τοῦ
1266 3579 1498 3649 μοναχοῦ
1544 3578 1637 3631 τοῦ

68 3667 229 3727 δεῖνος
251 3668 284 3735 ὴ
304 3665 452 3735 ψυχὴ
480 3667 614 3734 εἰμι,
649 3664 815 3733 φησί;
852 3663 949 3715 Διά
973 3662 1080 3733 γάρ
1108 3663 1263 3715 τοῦτο
1292 3665 1350 3715 οὑ
1378 3663 1636 3727 πιστεύω,

70 3750 247 3819 ἐπειδὴ
270 3750 526 3817 δαίμονες
550 3748 818 3816 λέγουσιν·
848 3745 1099 3799 ἀπατῶσι
1129 3746 1236 3816 γὰρ
1262 3747 1384 3809 τοὺς
1415 3747 1638 3798 ἀκούον-

67 3850 177 3895 τας.

136 3916 231 3968 Διὰ
263 3917 428 3969 τοῦτο
483 3916 575 3968 καὶ
614 3916 641 3966 ὁ
682 3914 893 3975 Παῦλος
937 3912 1115 3966 καίτοι
1164 3930 1227 3981 γε
1276 3912 1639 3981 ἀληθεύοντας

70 4000 421 4070 ἐπεστόμισεν
459 3999 672 4061 αὐτοὺς,
709 3998 794 4049 ἵνα
828 3997 901 4068 μὴ
940 3996 1210 4067 πρόφασιν
1246 3995 1502 4058 λαϐόντες
1529 4000 1639 4059 τοῖς

69 4082 288 4151 ἀληθέσι
324 4083 419 4133 καὶ
450 4080 616 4150 ψευδῆ
648 4080 811 4132 πάλιν
839 4076 1143 4149 ἀναμίξωσι
1162 4117 1176 4140 ,
1212 4079 1307 4131 καὶ
1338 4078 1638 4141 ἀξιόπιστοι

70 4164 356 4230 γένωνται.
395 4163 615 4232 Ἐπειδὴ
656 4162 765 4234 γὰρ
808 4161 1011 4228 ελεγον,
1042 4157 1218 4215 Οὗτοι
1261 4164 1313 4214 οἱ
1347 4162 1639 4229 ἄνθρωποι

67 4248 271 4301 δοῦλοι
297 4248 406 4302 τοῦ
438 4248 584 4301 Θεοῦ
625 4248 727 4302 τοῦ
748 4247 1011 4315 ὑψίστου
1036 4247 1174 4308 εἰσὶ,
1204 4244 1642 4313 καταγγέλλων--

70 4348 163 4395 τες
182 4331 328 4400 ὑμῖν
353 4331 500 4385 ὀδόν
530 4332 843 4398 σωτηρίας,
888 4328 1230 4397 διαπονηθεὶς
1258 4327 1336 4398 τῷ
1371 4327 1640 4396 πνεύματι

68 4416 369 4486 ἐπετίμησε
398 4414 476 4484 τῷ
519 4414 751 4477 Πύθωνι,
795 4413 888 4466 καὶ
940 4412 1171 4478 ἐξελθεῖν
1216 4412 1487 4463 ἐκέλευσε·
1522 4412 1642 4463 καί-

69 4515 211 4566 τοιγε
241 4500 295 4550 τί
332 4497 568 4568 πονηρὸν
603 4496 818 4565 ἐλεγονς
849 4492 1023 4551 Οὗτοι
1071 4498 1125 4547 οἰ
1164 4495 1463 4562 ἅνθρωποι
1502 4494 1643 4548 δοῦ-

67 4586 161 4635 λοι
207 4580 318 4636 τοῦ
355 4582 502 4636 Θεοῦ
546 4580 652 4633 τοῦ
705 4581 971 4648 ὑψίστου
1030 4581 1207 4632 εἰσίν.
1273 4580 1408 4631 Ἀλλ’
1455 4579 1640 4651 ἐπειδὴ

70 4666 249 4719 πολλοὶ
276 4665 388 4719 τῶν
416 4678 441 4707 α
473 4666 851 4734 ἀφελεστέρων
894 4666 980 4717 ἀεὶ
1011 4663 1304 4733 διακρίνειν
1348 4665 1446 4716 οὑκ
1496 4665 1641 4716 ἴσασι
1692 4681 1695 4684 ‘

69 4750 136 4801 τά
166 4751 319 4820 παρὰ
348 4749 457 4801 τῶν
508 4749 773 4819 δαιμόνων
826 4749 1122 4817 λεγόμενα,
1172 4746 1424 4811 καθάπαξ
1461 4748 1642 4811 αὑτοῖς

68 4837 366 4888 ἀπέκλεισε
386 4835 448 4886 τὸ
464 4834 829 4886 πιστεύεσθαι.
855 4832 975 4884 Τῶν
990 4835 1348 4902 ὴτιμωμένων
1366 4828 1433 4894 εἰ,
1455 4833 1637 4901 φησὶν,

68 4920 522 4990 ἀπαρρησίαστος
555 4913 624 4984 εἷ,
656 4917 854 4983 σιώπα,
901 4917 1205 4984 πεφίμωσο·
1241 4916 1340 4967 οὑκ
1386 4915 1500 4967 ἐστι
1550 4914 1668 4968 σὸν-

65 5004 120 5054 τὸ
149 5003 474 5073 κηρύττειν,
504 5001 814 5054 ἀποστόλων
858 5002 973 5052 ἐστί
1006 5000 1163 5052 τοῦτο
1206 5000 1267 5052 τὸ
1311 4999 1543 5070 ἀξίωμα.
1578 5000 1642 5051 Τί

69 5084 344 5152 ἀρπάζεις
377 5084 440 5136 τὸ
487 5084 560 5155 μὴ
607 5084 729 5147 σόν;
768 5084 925 5151 Σίγα,
967 5082 1255 5153 ὴτίμωσαι.
1302 5083 1457 5135 Οὑτω
1498 5083 1644 5135 καὶὸ

72 5168 306 5238 Χριστὸς
367 5168 590 5236 ἐποίησε
621 5184 636 5199 ·
692 5168 940 5235 λέγουσιν
992 5165 1138 5236 αὑτῴ
1184 5169 1296 5229 τοῖς
1351 5167 1641 5236 δαίμοσιν,

67 5254 307 5321 (ιίδαμέν
342 5270 402 5305 σε
428 5253 512 5315 τίς
542 5247 613 5315 εἷ,
647 5253 978 5321 ἐπετίμησεν
1029 5252 1211 5313 αὑτοῖς
1259 5251 1393 5320 μετὰ
1445 5252 1644 5321 πολλῆς

64 5337 161 5407 τῆς
194 5336 580 5406 σφοδρότητος,
606 5335 868 5388 διδάσκων
895 5335 1039 5404 ἡμᾶς
1068 5335 1115 5397 b,
1148 5334 1394 5405 μηδαμοῦ
1430 5334 1644 5405 δαίμονι

129 5506 154 5533 ⁸
178 5505 309 5554 Tres
332 5519 446 5553 mss.
488 5512 540 5553 el
583 5505 692 5554 Sav.
731 5504 931 5568 ὑψίστου
954 5505 1063 5568 εἰσὶ,
1106 5507 1496 5567 καταγγέλλοντες
1535 5506 1646 5567 ἡμῖν

69 5568 172 5613 ὁδον
196 5568 460 5630 σωτηρίας,
483 5568 772 5630 διαπονηθεὶς
805 5568 873 5628 τῷ
895 5567 1141 5630 πνεύματι,
1168 5568 1420 5628 ἐπετίμησε
1452 5570 1521 5630 τῷ
1544 5568 1645 5630 Πύ-

69 5630 193 5685 θωνι,
218 5630 303 5675 καὶ
324 5628 518 5690 ἐξελθεῖν
557 5629 802 5690 ἐκέλευσεζ
828 5628 980 5690 καίτοι
999 5628 1043 5675 τί
1082 5630 1284 5690 πονηρὸν
1309 5628 1646 5689 ἐλεγονςήοὺτοι

70 5694 107 5735 οἱ
131 5690 377 5763 ἄνθρωποι
398 5689 556 5737 δοῦλοι
578 5688 663 5736 τοῦ
687 5688 809 5737 Θεοῦ
830 5688 913 5736 τοῦ
934 5690 1135 5799 ὑῇστου
1157 5688 1288 5737 εἰσίν.
1338 5688 1461 5740 Ἀλλ’
1486 5692 1644 5749 ἐπειδή

71 5752 232 5798 πολλοι
258 5753 376 5797 τῶν.
408 5751 521 5799 Haec
541 5764 659 5798 Vero
684 5752 888 5798 deerant
912 5752 959 5799 in
1030 5753 1153 5799 orel.

71 5751 232 5798 πολλοὶ
258 5753 376 5797 τῶν.
408 5751 521 5799 Haec
541 5764 659 5798 VPrO
684 5752 888 5798 deerant
912 5752 959 5799 in
983 5751 1153 5800 Morel.

126 5824 153 5852 ο
180 5812 274 5861 Alii
300 5815 566 5867 νομοθετῶν
586 5812 708 5868 ἡμῖν.

1310 370 1398 425 Di".
1436 368 1719 429 [ΑΖΔΒο
1754 369 2004 426 CONCIO
2043 370 2101 426 ιι.

3180 376 3287 432 οδε

1719 485 2024 552 πείθεσθαι,
2060 487 2193 557 μηδὲ
2224 487 2287 541 ἄν
2328 505 2409 541 σοι
2441 488 2588 557 ὑγιές
2620 505 2673 540 τι
2700 486 2853 558 λέγῃ.
2890 487 3064 558 "Amp
3095 488 3158 559 δὴ
3198 490 3292 542 καὶ

1721 568 1980 649 μαθόντες
2009 570 2084 642 μὴ
2131 568 2447 640 πειθώμεθα
2495 571 2707 641 δαίμονι
2736 570 2987 635 καθόλου,
3024 570 3159 623 ἀλλὰ
3192 571 3293 623 κᾶν

1718 652 1916 723 ἀληθές
1966 671 2020 705 τι
2077 654 2420 723 φθέγγηται,
2464 654 2750 724 φεύγωμεν
2802 653 2964 707 αὐτὸν
3018 655 3111 706 καὶ
3160 655 3295 707 ἀπο-

1722 736 2081 808 στρεφώμεθα
2102 755 2114 769 ·
2142 737 2211 789 τά
2238 741 2347 807 γάρ
2374 738 2500 806 ὑγιῆ
2535 738 2781 806 δόγματα
2819 740 2913 791 καί⁵
2959 740 3203 808 σωτήρια
3235 738 3295 788 οὑ

1720 822 1871 893 παρὰ
1916 822 2204 891 δαιμόνων,
2243 821 2377 873 ἀλλὰ
2423 821 2574 892 παρά
2619 822 2720 890 τῆς
2753 821 2900 885 θείας
2923 823 3149 892 Γραφὴς
3183 824 3298 873 ἐστι

1725 905 1841 975 μετ’
1874 904 2156 975 ἀκριϐείας
2195 905 2536 975 μαθεῖν.Ὂτι
2566 905 2672 975 γὰρ
2710 906 2807 957 οὑκ
2840 906 2955 958 ἔστι
2994 904 3169 977 ψυχὴν
3202 900 3295 956 τοῦ

1724 990 1974 1060 σώματος
2005 989 2327 1054 ἐξελθοῦσαν
2357 990 2461 1042 ὑπὸ
2490 991 2587 1059 τὴν
2622 989 2729 1041 τῶν
2752 990 3020 1059 δαιμόνων
3043 988 3298 1057 γενέσθαι

1720 1072 2031 1144 τυραννίδα,
2056 1074 2285 1127 ἄκουσον
2308 1075 2361 1125 τί
2388 1090 2550 1143 φησιν
2578 1075 2607 1125 ό
2638 1061 2850 1135 Παῦλος
2870 1089 2882 1102 ·
2930 1074 2982 1124 Ὀ
3012 1072 3120 1140 γὰρ
3152 1073 3300 1126 ἁπο-

1723 1156 1920 1209 ϐανὼν
1963 1155 2331 1209 δεδικαίωται
2372 1156 2481 1208 άπὸ
2526 1156 2624 1225 τῆς
2677 1156 2970 1227 ἁμαρτίας,
3002 1156 3297 1217 τουτέστιν,

1722 1240 1827 1291 οὑκ
1853 1239 1931 1291 ἐτι
1968 1239 2290 1309 ἁμαρτάνει.
2326 1240 2387 1291 Εἰ
2414 1239 2520 1310 γάρ
2547 1240 2605 1290 ὲν
2633 1238 2710 1308 τῷ
2742 1239 2954 1309 σώματι
2982 1238 3203 1310 οἰκούσῃ
3232 1241 3297 1308 τῇ

1722 1326 1870 1393 ψυχῇ
1903 1322 2022 1392 βίαν
2048 1324 2346 1389 ἐπαγαγεῖν
2375 1322 2433 1373 οὑ
2468 1322 2755 1392 δυνήσεται
2785 1325 2813 1376 ό
2846 1322 3109 1385 διάϐολος,
3147 1321 3303 1391 εῦδη-

1724 1404 1817 1459 λον
1841 1408 1921 1459 ὃτι
1955 1406 2073 1458 οὐδὲ
2104 1405 2432 1477 ἀπελθούσῃ.
2468 1405 2593 1468 Πῶς
2634 1402 2727 1459 οὖν
2769 1407 3167 1477 ἁμαρτάνουσι,
3201 1423 3303 1475 φη-

1728 1490 1829 1553 σὶν,
1860 1491 1907 1561 εἰ
1946 1491 2018 1559 μὴ
2055 1489 2173 1558 βίαν
2201 1489 2517 1558 πάσχωσιν;
2556 1488 2807 1542 Ἐκοῦσαι
2835 1491 2929 1543 καί
2959 1489 3299 1559 βουλόμεναι,

1726 1573 1820 1626 καὶ⁸
1870 1572 2020 1645 [729]
2065 1575 2264 1636 ἐαυτάς
2315 1572 2642 1636 ἐκδιδοῦσαι,
2691 1574 2791 1626 οὐκ
2838 1573 3299 1643 ἀναγκαζόμεναι,

1725 1657 1842 1710 οὐδὲ
1869 1656 2319 1728 τυραννούμεναι.
2352 1658 2463 1710 Καὶ
2495 1658 2655 1711 τοῦτο
2687 1658 2959 1728 ἐδήλωσαν
2990 1658 3228 1721 ἅπαντες
3254 1659 3302 1710 οἰ

1729 1742 2141 1812 περιγενόμενοι
2186 1742 2296 1795 τῶν
2338 1742 2547 1797 ἐκείνου
2579 1743 3007 1813 μηχανημάτων.
3047 1744 3148 1795 Τὸν
3173 1742 3304 1810 γοῦν

1742 1825 1861 1878 Ἰὼϐ
1911 1826 2078 1897 μυρία
2115 1827 2361 1895 κυκήσας
2396 1827 2493 1878 οὑκ
2526 1824 2713 1895 ἴσχυσε
2751 1830 2935 1878 πεῖσαι
2986 1826 3305 1898 βλάσφημόν

1727 1926 1780 1961 τι
1813 1911 1963 1979 ῥῆμα
1998 1910 2325 1976 ἐξενεγκεῖν.

1801 1990 1963 2044 Ὅθεν
1992 1992 2149 2062 δῆλον
2179 1994 2261 2044 ὃτι
2292 1992 2501 2044 καὶτοῦ
2528 1992 2809 2044 πείθεσθαι
2842 1994 2934 2045 καὶ
2964 1993 3055 2044 τοῦ
3087 1992 3159 2063 μὴ
3190 1992 3307 2045 πεί-

1730 2072 1918 2129 θεσθαι
1947 2078 2069 2137 ταῖς
2101 2076 2308 2128 ἐκείνου
2355 2075 2683 2145 συμϐουλαῖς
2717 2078 2876 2146 ἡμεῖς
2910 2078 3075 2145 ἐσμεν
3104 2076 3305 2146 κύριοι,

1731 2158 1825 2211 καὶ
1876 2160 2122 2229 ἀνάγκην
2158 2159 2432 2229 οὐδεμίαν,
2464 2158 2584 2211 οὑδὲ
2627 2160 2920 2231 τυραννίδα
2967 2159 3309 2228 ὑφιστάμεθα

1730 2244 1860 2313 παρ’
1888 2243 2118 2296 ἐκείνου.
2149 2244 2261 2295 Οὐκ
2305 2246 2368 2295 ἐκ
2409 2243 2516 2295 τῶν
2546 2245 2849 2314 εἰρημένων
2878 2244 2932 2297 δὲ
2965 2246 3144 2315 μόνον,
3175 2245 3310 2298 ἀλλὰ

1731 2326 1825 2377 καὶ
1854 2327 1917 2377 ἐκ
1948 2325 2048 2395 τῆς
2080 2328 2448 2397 προκειμένης
2490 2328 2802 2399 παραϐολῆς
2833 2328 3074 2399 εὔδηλον,
3108 2329 3187 2381 ὅτι
3215 2329 3309 2382 τοῦ

1733 2408 1982 2477 σώματος
2008 2411 2063 2461 αι
2095 2408 2263 2478 ψυχαὶ
2302 2407 2635 2475 ἐξελθοῦσαι,
2662 2412 2761 2465 οὑκ
2800 2412 2879 2465 ἔτι
2921 2411 3152 2465 ἐνταῦθα
3190 2412 3309 2464 δια-

1730 2492 2029 2562 τρίϐουσιν,
2072 2492 2186 2544 ἀλλ’
2213 2493 2414 2556 εὐθέως
2465 2495 2805 2563 ἀπάγονται·
2852 2499 2945 2549 καὶ
2976 2496 3137 2549 ἄκουε
3171 2495 3307 2558 πῶς.

1746 2574 2011 2643 Ἐγένετο
2050 2576 2159 2645 γὰρ
2190 2577 2398 2640 αὑτὸν,
2436 2579 2621 2647 φησὶν,
2663 2580 3007 2643 ἀποθανεῖν,
3057 2581 3151 2633 καί
3198 2581 3309 2634 άπ-

1732 2656 2049 2725 ενεχθῆναι
2096 2658 2215 2713 ὑπὸ
2262 2658 2379 2711 τῶν
2408 2662 2695 2729 ἀγγέλων.
2726 2663 2835 2731 Οὑχ
2867 2665 2921 2715 αἰ
2952 2664 3059 2716 τῶν
3090 2663 3314 2715 δικαίων

1732 2741 1789 2794 δὲ
1821 2742 2001 2811 μόνον,
2036 2742 2171 2795 ἀλλά
2200 2744 2293 2795 καὶ
2320 2742 2427 2796 τῶν
2461 2746 2519 2796 ἐν
2553 2746 2787 2817 πονηρίᾳ
2826 2746 3040 2810 ζώντων
3074 2748 3316 2813 ἀπάγον-

1732 2842 1823 2878 ται
1847 2826 1962 2877 ὲκεῖ
1981 2826 2038 2877 αἱ
2058 2826 2225 2896 ψυχαί
2247 2845 2259 2856 ·
2288 2828 2379 2879 καί
2402 2828 2559 2880 τοῦτο
2586 2828 2641 2881 δὲ
2665 2829 2825 2881 πάλιν
2853 2830 2911 2893 ἐξ
2934 2831 3119 2901 ἐτέρου
3149 2831 3313 2882 πλου-⁵

1737 2908 1850 2960 σίου
1880 2908 2057 2979 δῆλον.
2077 2910 2292 2980 Ἐπειδὴ
2320 2911 2430 2982 γὰρ
2459 2906 2758 2982 εὐφόρησεν
2786 2913 2818 2983 ή
2849 2912 2999 2984 χώρα
3023 2913 3207 2975 αὑτοῦ,
3238 2909 3314 2965 εἷ-

1737 3009 1836 3045 πεν
1873 2994 1929 3045 ἐν
1964 2992 2171 3062 ἐαυτῷ·
2224 2994 2285 3047 Τί
2324 2995 2586 3058 naniam;
2621 2995 2850 3049 καθελῶ
2871 3014 2989 3064 μου
3027 2997 3133 3062 τὰς
3164 2998 3312 3050 ἀπο-

1737 3078 1947 3143 θήκας,
1989 3077 2087 3130 καὶ
2125 3077 2401 3146 μείζονας
2430 3080 2821 3149 οἰκοδομήσω.
2858 3082 3021 3134 Οὐδὲν
3062 3080 3316 3133 ἀθλιώτε-

1739 3178 1831 3232 ρον
1857 3160 1954 3230 τῆς
1980 3161 2233 3229 τοιαύτης
2266 3162 2730 3232 γνώμης.”οντως
2756 3165 3003 3217 καθεῖλεν
3024 3164 3186 3217 αὐτοῦ
3214 3166 3312 3227 τὰς

1739 3242 2052 3313 ἀποθήκας·
2085 3244 2360 3315 ἁποθῆκαι
2394 3247 2501 3315 γὰρ
2535 3245 2719 3298 άσυλοι
2768 3247 2865 3316 οὑχ
2899 3249 2946 3298 οἰ
2978 3251 3165 3317 τοῖχοι,
3199 3248 3312 3300 ἀλλ’

1740 3326 1797 3379 αἱ
1832 3326 1940 3379 τῶν
1985 3328 2234 3397 πενήτων
2283 3330 2389 3379 εἰσὶ
2426 3329 2689 3399 γαστέρες
2714 3344 2727 3356 '
2758 3331 2786 3381 6
2814 3330 2868 3381 δὲ
2894 3331 3107 3393 ἐκείνας
3136 3333 3313 3397 ἀφεὶς,

1743 3409 1871 3478 περὶ
1920 3410 2132 3479 τοίχους
2176 3410 2477 3481 ἠσχολεῖτο.
2509 3412 2574 3463 Τί
2620 3407 2713 3464 οὖν
2761 3429 2891 3482 φησι
2939 3413 3074 3483 πρὸς
3102 3413 3260 3465 αὑτὸν
3286 3414 3315 3463 6

1741 3492 1906 3557 Θεός;
1940 3494 2174 3561 Ἀφρον,
2196 3495 2378 3561 ταύτῃ
2414 3493 2488 3561 τῇ
2517 3494 2686 3547 νυκτὶ
2714 3496 3029 3549 ἀπαιτοῦσι
3056 3496 3171 3558 τὴν
3194 3499 3315 3564 ψυ-

1742 3577 1863 3647 χήν
1902 3590 2017 3631 σου
2041 3578 2159 3631 ἀπὸ
2188 3578 2323 3631 σοῦ.
2356 3580 2465 3631 Καὶ
2499 3579 2631 3648 ὅρα·
2662 3580 2892 3633 ἐνταῦθά
2922 3598 3082 3650 φησιν
3116 3584 3313 3632 ἀπενε-

1742 3662 1937 3731 χθῆναι
1988 3660 2092 3713 ὑπὸ
2137 3661 2246 3713 τῶν
2274 3662 2541 3729 ἀγγέλων,
2579 3666 2697 3716 ἐκεῖ
2732 3664 3053 3717 ἀπαιτοῦσι·
3088 3665 3180 3716 καὶ
3226 3665 3314 3717 τὸν

1746 3748 1845 3815 μὲν
1868 3746 1943 3808 ὡς
1965 3745 2247 3815 δεσμώτην
2278 3745 2489 3815 ἐξῆγον,
2521 3746 2609 3798 τὸν
2640 3747 2695 3799 δὲ
2722 3748 2795 3810 ὡς
2840 3747 3161 3817 στεφανίτην
3204 3748 3318 3799 ἐδο-

1748 3830 2034 3901 ρυφόρουν.
2066 3832 2174 3882 Καὶ
2208 3830 2455 3903 καθάπερ
2492 3834 2548 3883 ἐν
2579 3830 2655 3900 τῷ
2688 3833 2969 3901 σκάμματι
3000 3832 3168 3885 πολλά
3198 3850 3314 3885 τινα

1742 3916 2033 3984 τραύματα
2083 3914 2313 3967 λαϐόντα
2367 3916 2461 3968 καὶ
2507 3917 2695 3985 αἵματι
2756 3917 3313 3988 κατερραντισμένον,

1744 3994 1862 4051 εἶτα
1890 3998 1987 4069 τὴν
2015 3998 2257 4068 κεφαλὴν
2293 3999 2700 4070 ὰναδησάμενον
2724 4001 2769 4051 οί
2805 4001 2911 4071 πρὸ
2936 4000 3029 4053 τοῦ
3060 4000 3317 4070 σκάμμα-

1742 4101 1833 4145 τος
1862 4082 2090 4143 ἑστῶτες
2115 4082 2501 4152 ὑποδεξάμενοι
2534 4084 2669 4154 μετὰ
2696 4084 2895 4153 πολλῆς
2918 4088 3017 4156 τῆς
3044 4086 3318 4155 εὐφημίας

1744 4165 1925 4218 οἴκαδε
1960 4166 2151 4233 ἄγουσι
2198 4166 2536 4236 κροτοῦντες,
2572 4167 2964 4237 εὐφημοῦντες,
3010 4168 3319 4237 θαυμάζον-

1743 4267 1834 4312 τες
1854 4266 1867 4278 ·
1899 4248 2040 4301 οὕτω
2066 4249 2156 4302 καὶ
2184 4250 2274 4301 τὸν
2301 4249 2545 4320 Λάζαρον
2590 4250 2807 4317 ἄγγελοι
2836 4251 2954 4305 τότε
2990 4253 3273 4323 ἀπήγαγον
3299 4268 3313 4281 ⁸

1745 4334 1954 4385 ἐκείνου
2001 4332 2058 4383 δὲ
2086 4332 2187 4402 τὴν
2215 4332 2394 4401 ψυχὴν
2426 4333 2665 4402 ἀπῄτουν
2701 4334 2929 4403 φοϐεραί
2974 4351 3116 4397 τινες
3164 4335 3320 4387 δυνά-

1749 4433 1887 4485 μεις,
1921 4418 2050 4478 ίσως
2081 4417 2487 4486 άπεσταλμέναι
2537 4419 2629 4470 ἐπὶ
2674 4418 2880 4487 τούτῳ·
2928 4420 2987 4471 οὑ
3018 4418 3126 4490 γάρ
3160 4420 3316 4472 αὑτό-

1749 4516 1915 4568 ματος
1957 4501 1991 4567 ὴ
2048 4500 2192 4570 ψυχὴ
2240 4500 2376 4571 πρὸς
2417 4500 2632 4570 ἐκείνην
2681 4503 2953 4572 ἀναχωρεῖ
2997 4504 3093 4572 τὴν
3139 4503 3316 4571 ζωὴν,

1748 4580 1935 4651 ἐπειδὴ
1980 4583 2112 4651 μηδέ
2154 4584 2396 4637 δυνατόν.
2428 4584 2491 4635 Εἰ
2518 4585 2629 4653 γὰρ
2652 4584 2803 4637 πόλιν
2835 4587 2899 4637 ἐκ
2926 4585 3130 4648 πόλεως
3164 4587 3320 4655 ἀμεί-

1747 4666 1953 4728 ϐοντες,
1985 4666 2080 4717 τοῦ
2104 4668 2572 4739 χειραγωγοῦντος
2608 4669 2859 4737 δεόμεθα,
2896 4668 3074 4739 πολλῷ
3118 4669 3316 4739 μᾶλλον

1747 4750 1780 4818 ἡ
1814 4748 1959 4818 ψυχὴ
1983 4749 2082 4817 τῆς
2111 4750 2311 4820 σαρκὸς
2341 4752 2738 4822 ἀπορραγεῖσα,
2775 4755 2868 4805 καὶ
2903 4754 3039 4823 πρὸς
3064 4753 3161 4823 τὴν
3194 4754 3319 4822 μέλ-

1745 4832 1944 4884 λουσαν
1992 4833 2356 4905 μεθισταμένη
2394 4834 2560 4900 ζωὴν,
2600 4834 2706 4887 τῶν
2748 4837 3123 4907 όδηγησόντων
3150 4838 3317 4905 αὐτὴν

1746 4914 2017 4984 δεήσεται.
2041 4915 2139 4968 Διά
2171 4916 2329 4968 τοῦτο
2352 4917 2609 4979 πολλάκις
2640 4919 2944 4979 ἀναδύεται,
2984 4921 3075 4972 καὶ
3103 4920 3236 4989 πρὸς
3258 4920 3319 4970 τὸ

1750 4997 1909 5067 βάθος
1932 4999 2080 5052 κάτω
2112 5003 2296 5070 χωρεῖ,
2326 5002 2417 5052 καὶ
2447 5002 2649 5053 δέδοικε
2679 5003 2772 5054 καὶ
2793 5004 3025 5071 φρίττει,
3054 5002 3318 5070 μέλλουσα

1745 5083 1844 5152 τῆς
1897 5084 2095 5153 σαρκὸς
2142 5085 2630 5151 άφίπτασθαι.Ἀεί
2672 5086 2770 5154 μὲν
2810 5087 2917 5157 γὰρ
2965 5089 3108 5157 ἡμᾶς
3143 5088 3321 5139 κεντεῖ

1746 5166 1855 5217 τῶν
1875 5167 2286 5235 ἁμαρτημάτων
2307 5168 2367 5220 τὸ
2395 5169 2654 5232 συνειδὸς,
2689 5170 2920 5239 μάλιστα
2950 5170 3006 5221 δὲ
3037 5173 3153 5221 κατ’
3178 5172 3320 5222 ἐκεί-

1748 5264 1845 5317 νην
1882 5248 1977 5317 τὴν
2010 5248 2178 5319 ὤραν,
2214 5251 2342 5304 ὅταν
2391 5252 2676 5321 μέλλωμεν
2723 5252 2971 5306 ἐντεῦθεν
3016 5254 3317 5322 ἀπάγεσθαι

1750 5330 1884 5399 πρὸς
1909 5330 2009 5393 τὰς
2035 5330 2259 5395 εὐθύνας
2301 5332 2400 5394 τὰς
2444 5336 2558 5385 ἐκεῖ
2591 5337 2682 5388 καὶ
2716 5338 2774 5387 τὸ
2807 5337 3031 5404 φοϐερὸν
3059 5337 3319 5407 δικαστής

1752 5429 1884 5480 ριον.
1914 5414 2066 5476 Τότε,
2093 5416 2200 5466 εἴτε
2230 5415 2446 5485 ἥρπασέ
2468 5435 2568 5483 τις,
2601 5420 2708 5470 εἴτε
2738 5420 3180 5490 ἐπλεονέκτησεν,
3208 5424 3315 5475 εἶτε

1750 5496 1872 5550 τινὰ
1917 5499 2244 5567 ἐπηρέασεν,
2281 5502 2387 5552 εἴτε
2431 5501 2573 5563 τινὸς
2607 5505 2824 5571 γέγονεν
2875 5505 3064 5576 ἐχθρὸς
3098 5506 3317 5569 ἀδίκως.

1749 5583 1857 5633 εἴτε
1885 5582 2011 5635 ἄλλο
2033 5582 2207 5635 ὁτιοῦν
2238 5584 2405 5637 δεινὸν
2432 5588 2741 5657 εἰργάσατο,
2770 5588 2913 5651 ἀπας
2944 5594 2971 5643 ὁ
3004 5592 3108 5643 τῶν
3139 5594 3319 5663 ἀμαρ-

1751 5682 1814 5736 τη
1826 5666 2008 5735 μάτων
2038 5668 2204 5739 ἐσμὸς
2241 5671 2557 5725 ἀνανεοῦται
2583 5683 2603 5709 ο
2638 5675 2731 5727 καὶ
2761 5676 2864 5744 πρὸ
2892 5676 3000 5730 τῶν
3028 5677 3318 5747 ὀφθαλμῶν

1818 5825 1837 5850 ⁶τ
1862 5822 1980 5871 Tres
2007 5838 2117 5871 mss,
2148 5826 2495 5886 ἁμαρτημλτων
2521 5830 2658 5888 χορὸς
2684 5831 2807 5881 ἀναν,
