3906 6246
69 365 179 421 985

66 490 319 532 catomm
366 475 610 531 cumulus
651 483 964 535 renovatur,
1018 481 1070 528 et
1118 472 1286 526 oculis
1339 470 1646 536 exhibetur,

69 580 418 634 mentemque
458 565 708 619 stimulat.
740 564 806 616 Et
834 561 1274 630 quemadmodum
1305 561 1392 630 qui
1417 568 1661 614 tenentur

71 660 126 711 in
145 673 384 716 carcere,
404 671 614 723 semper
638 653 849 722 quidem
877 653 1065 720 dejecti
1094 661 1486 718 intuentesque
1512 656 1656 713 sunt,

75 751 319 804 maxime
343 760 516 801 tamen
544 747 641 799 sub
668 746 812 798 illum
841 745 979 798 diem
1006 759 1110 812 quo
1129 754 1251 796 sunt
1283 741 1570 805 educendi,
1607 750 1662 794 et

71 844 143 896 ad
187 844 331 909 ipsas
369 840 562 909 judieis
607 837 747 891 fores
790 835 1160 904 pertrahendi,
1203 850 1264 887 ac
1291 849 1386 902 pro
1410 831 1658 886 cancellis

72 933 179 987 fori
202 940 405 985 stantes
429 929 619 998 judicis
640 943 824 982 vocem
853 927 992 980 intus
1019 925 1254 986 audiunt,
1288 925 1656 977 exanimantur

73 1032 258 1086 metu,
302 1021 571 1090 nihiIOq-te
617 1019 806 1072 melius
853 1015 1186 1080 afficiuntur,
1221 1029 1376 1084 quam
1417 1013 1655 1066 mortui:

73 1117 157 1169 sic
182 1124 238 1168 et
277 1114 453 1166 anima
479 1151 494 1176 ,
544 1109 776 1164 maxime
805 1107 1013 1177 quidem
1060 1107 1110 1160 in
1150 1107 1263 1174 ipso
1290 1104 1487 1173 peccati
1523 1113 1659 1156 tem-

74 1223 213 1276 pore
257 1206 523 1260 cruciatur
555 1213 608 1257 ct
647 1203 854 1270 angitur
877 1242 891 1265 ,
938 1200 1105 1254 multo
1137 1209 1308 1253 tamen
1350 1196 1514 1266 magis
1539 1209 1658 1250 cum

76 1297 211 1353 hinc
236 1299 417 1350 avulsa
447 1293 753 1349 abducenda
786 1300 888 1347 est.

155 1392 210 1444 5.
239 1389 511 1442 Silentium
538 1385 724 1438 mavult
750 1383 1132 1452 Chrysostomus
1161 1397 1310 1450 quam
1339 1380 1563 1448 plausus.
1595 1408 1664 1418 —-

77 1483 299 1551 Ergone
346 1480 532 1533 tacetis
553 1519 568 1542 ,
599 1476 724 1530 dum
762 1474 988 1528 auditis?
1035 1473 1194 1527 Multo
1223 1471 1476 1541 majorem
1511 1471 1660 1525 vobis

77 1574 261 1627 habeo
303 1571 525 1641 gratiam
571 1583 667 1636 pro
707 1567 917 1621 silentio
942 1609 956 1632 ,
999 1580 1154 1635 quam
1199 1579 1295 1634 pro
1344 1563 1661 1632 plausibus:

79 1673 369 1734 propterea
394 1661 532 1731 quod
561 1661 772 1730 plausus
802 1658 1011 1728 quidem
1045 1673 1107 1712 ac
1136 1656 1315 1711 laudes
1358 1672 1441 1709 me
1470 1655 1666 1709 faciunt

78 1754 537 1825 splendidiorem,
566 1750 829 1805 silentium
861 1766 989 1803 vero
1016 1749 1114 1804 hoc
1153 1765 1245 1801 vos
1285 1747 1456 1802 reddit
1483 1746 1663 1800 mode-

77 1853 303 1903 stiores.
351 1845 482 1899 Novi
524 1843 662 1913 quod
704 1844 816 1896 haec
842 1858 961 1911 qua:
989 1842 1235 1894 dicuntur
1269 1840 1490 1893 molesta
1523 1847 1662 1903 sunt,

80 1954 274 1992 verum
313 1937 533 1989 multum
579 1933 707 1988 lucri
743 1941 796 1986 et
842 1932 1242 1985 inenarrabilem
1291 1929 1514 1984 fructum
1541 1929 1668 1982 alle-

81 2040 234 2085 runt.
298 2029 456 2082 Dives
506 2027 592 2080 ille
634 2027 675 2078 si
709 2041 865 2093 quem
916 2023 1224 2085 habuisset,
1272 2022 1359 2090 qui
1408 2021 1505 2089 ipsi
1545 2019 1666 2072 talia

81 2127 292 2176 monita
317 2120 589 2181 dedisset,
624 2132 684 2170 ac
715 2131 816 2170 non
848 2115 1020 2182 potius
1056 2113 1357 2166 adulatores
1396 2112 1571 2165 omnia
1599 2109 1664 2163 ad

81 2213 315 2280 gratiam
342 2210 680 2264 consulentes
699 2248 713 2268 ,
744 2215 900 2275 atque
920 2205 982 2256 ad
1009 2203 1224 2257 delicias
1251 2201 1540 2264 trahentes,
1569 2215 1665 2254 ue-

81 2317 357 2373 quaquam
388 2301 619 2354 venisset
662 2298 726 2351 ad
771 2298 912 2350 illam
953 2297 1246 2365 gehennam
1275 2335 1288 2356 ,
1329 2308 1658 2363 nequaquam

83 2394 347 2462 supplicia
388 2407 574 2461 passus
612 2398 754 2443 esset
795 2386 1136 2440 intolerabilia
1164 2425 1178 2448 ,
1229 2400 1557 2454 nequaquam
1585 2384 1667 2436 in-

83 2484 489 2541 consolabiliter
525 2497 642 2536 eum
687 2488 866 2548 postea
915 2477 1268 2546 paenituisset.
1313 2475 1508 2530 Verum
1539 2489 1672 2544 quo-

86 2580 233 2633 niam
283 2590 472 2629 omnes
518 2573 582 2626 ad
636 2571 854 2641 gratiam
904 2567 1285 2636 loquebantur,
1344 2565 1673 2620 tradiderunt

87 2669 242 2721 illum
275 2664 541 2718 incendio.
572 2662 782 2716 Utinam
805 2661 990 2712 liceret
1019 2658 1132 2711 harc
1158 2671 1366 2724 semper
1390 2664 1672 2723 perpetuo-

88 2773 200 2826 que
230 2753 586 2823 philoSOpbari
605 2793 620 2818 ,
651 2767 712 2804 ac
741 2751 806 2805 de
833 2749 1069 2819 gehenna
1099 2748 1260 2816 loqui.
1318 2745 1384 2798 In
1422 2745 1668 2809 omnibus,

89 2849 287 2918 inquit,
315 2847 462 2899 dictis
488 2846 583 2898 tuis
610 2852 850 2898 memento
873 2842 1138 2895 novissima
1157 2850 1264 2903 tua,
1291 2840 1408 2893 etin
1429 2848 1669 2892 wternmn

88 2957 198 2994 non
239 2939 464 3008 peccabis
487 2935 670 3004 (Eccli.
700 2937 753 2988 7.
777 2935 885 3002 40).
929 2935 1003 2985 Ac
1045 2946 1224 2984 rursus
1258 2949 1269 2982 :
1306 2928 1445 2981 Para
1474 2927 1540 2980 ad
1567 2927 1675 2980 exi-

92 3045 206 3085 tum
232 3047 386 3101 opera
410 3040 497 3082 tua
519 3070 532 3091 ,
573 3037 622 3081 et
661 3043 856 3097 appara
901 3035 945 3076 te
977 3024 1044 3076 ad
1082 3024 1208 3076 viam
1234 3021 1405 3088 (Prov.
1439 3021 1527 3074 24.
1555 3016 1670 3089 ‘27).

92 3125 154 3180 Si
195 3123 322 3193 quid
362 3123 445 3176 cui
498 3122 753 3188 rapuisti,
807 3117 1004 3180 redde,
1052 3127 1105 3170 et
1150 3116 1312 3169 dicito
1347 3115 1494 3183 juxta
1538 3112 1670 3166 Zac-

91 3216 307 3269 chaeum
344 3230 356 3265 :
387 3211 465 3265 Do
487 3210 826 3280 quadruplum
846 3249 860 3272 ,
893 3210 936 3262 si
967 3209 1086 3276 quid
1120 3207 1264 3276 rapui
1299 3205 1449 3277 (Luc.
1480 3205 1566 3261 19.
1596 3203 1672 3273 8).

93 3306 154 3359 Si
209 3319 370 3374 quem
419 3302 770 3356 calumniatus
813 3315 908 3361 es,
965 3301 1008 3352 si
1051 3298 1134 3352 cui
1177 3297 1344 3351 factus
1383 3311 1442 3351 es
1487 3295 1667 3350 inimi-

93 3411 197 3450 cus
219 3437 235 3461 ,
271 3395 649 3458 reconciliare,
687 3392 986 3461 priusquam
1016 3390 1259 3444 veniatur
1299 3388 1364 3441 ad
1401 3387 1674 3456 judicium.

94 3488 294 3544 Omnia
324 3487 410 3540 hic
449 3485 680 3539 dissolve
704 3524 718 3547 ,
761 3493 820 3537 ut
848 3483 977 3536 citra
1015 3481 1310 3536 molestiam
1339 3479 1467 3534 illud
1498 3478 1678 3534 videas

97 3579 358 3634 tribunal.

176 3671 477 3723 Paenitentia
497 3685 607 3722 sera
631 3678 742 3738 post
763 3675 990 3719 mortem.
1010 3696 1078 3704 —
1096 3665 1269 3720 Donec
1292 3665 1375 3719 hic
1397 3663 1675 3726 fuerimus,

97 3778 227 3832 spes
251 3762 508 3815 habemus
535 3760 817 3830 prmclaras
841 3777 852 3810 :
880 3758 1037 3812 simul
1079 3769 1238 3826 atque
1263 3772 1388 3810 vero
1417 3755 1678 3810 discesse-

99 3859 275 3912 rimus
303 3857 450 3918 illuc,
478 3870 581 3908 non
607 3861 688 3907 est
715 3862 892 3922 postea
924 3851 975 3906 in
1008 3851 1161 3905 nobis
1190 3851 1347 3904 situm
1377 3849 1638 3918 pmniterc
1660 3885 1678 3911 ,

99 3962 283 4016 neque
310 3945 590 4000 commissa
617 3943 839 3997 diluere.
872 3942 1204 4010 Quapropter
1228 3947 1437 4008 oportet
1465 3952 1562 3991 nos
1589 3951 1679 3988 as-

101 4039 259 4092 sidue
305 4035 586 4106 pra-parari
626 4033 690 4086 ad
720 4047 990 4102 egressum
1031 4031 1153 4084 hine
1197 4028 1513 4083 faciendum.
1547 4027 1680 4094 Quid

97 4131 248 4182 enim
271 4129 314 4180 si
346 4127 564 4179 Domino
592 4125 759 4178 visum
784 4124 940 4176 fuerit
966 4122 1066 4176 hoc
1089 4135 1307 4188 vespere
1333 4133 1520 4172 vocare
1551 4118 1680 4171 nos?

98 4219 246 4288 Quid
275 4220 317 4271 si
339 4219 498 4271 cras?
525 4216 784 4269 Incertum
810 4215 949 4268 enim
975 4212 1098 4281 quid
1125 4213 1353 4264 futurum
1374 4211 1461 4273 sit,
1495 4220 1544 4262 ut
1568 4225 1683 4278 per-

103 4319 272 4379 petuo
300 4310 465 4362 simus
505 4306 555 4358 in
598 4305 918 4369 certamine,
949 4313 1002 4357 et
1039 4303 1105 4356 ad
1136 4302 1278 4355 illam
1307 4300 1684 4370 profectionem

101 4399 352 4456 instructi
374 4439 388 4462 ,
419 4395 858 4466 quemadmodum
886 4394 969 4448 hic
997 4393 1225 4447 Lazarus
1252 4407 1462 4461 semper
1488 4401 1601 4445 erat
1630 4391 1683 4444 in

111 4490 398 4546 tolerantia
432 4489 804 4557 patientiaque,
834 4496 1153 4556 quapropter
1177 4494 1318 4538 tanto
1338 4500 1456 4539 cum
1485 4483 1687 4536 honore

103 4584 368 4637 deductus
393 4591 492 4634 est.
542 4580 775 4632 Mortuus
801 4587 882 4631 est
919 4587 1094 4631 autem
1125 4576 1308 4636 dives,
1354 4584 1405 4628 et
1450 4574 1687 4643 sepultus

104 4684 214 4739 est,
243 4672 486 4724 nimirum
515 4671 686 4724 anima
713 4669 852 4721 illius
883 4668 931 4720 in
956 4682 1197 4735 corpore,
1222 4674 1466 4734 tanquam
1497 4666 1549 4718 in
1572 4679 1688 4716 mo-

105 4776 369 4821 nmucnto
393 4762 620 4825 defossa,
660 4776 722 4815 ac
756 4760 1052 4830 sepulcrum
1079 4758 1481 4812 circumferente
1503 4772 1689 4822 nempe

101 4873 350 4912 carnem.
383 4854 495 4908 Non
528 4868 679 4907 secus
711 4852 850 4904 enim
898 4851 982 4903 ille
1006 4891 1020 4912 ,
1070 4865 1224 4914 quam
1253 4848 1296 4901 si
1339 4858 1521 4900 catena
1558 4862 1689 4914 qua-

103 4951 255 5010 dam,
289 4946 593 5000 temulentia
617 4985 632 5006 ,
679 4959 739 4996 ac
765 4943 964 4996 ventris
1004 4941 1230 5008 ingluvie
1281 4940 1486 4993 vinctus
1517 4950 1687 5002 esset,

106 5042 189 5094 sic
221 5039 450 5091 otiosam
481 5036 618 5088 illam
649 5049 710 5088 ac
739 5042 998 5088 mortuam
1030 5031 1350 5085 reddiderat.
1396 5030 1470 5084 Ne
1500 5031 1689 5084 leviter

107 5138 524 5202 prartereurras,
555 5125 780 5188 dilecte,
819 5123 948 5176 illud
973 5166 984 5184 ,
1029 5123 1251 5191 sepultus
1292 5131 1380 5174 est.
1431 5122 1525 5176 Hic
1565 5123 1690 5176 mihi

107 5218 395 5276 considera
422 5231 634 5270 mensas
663 5226 878 5284 argento
902 5215 1300 5275 circumtectas,
1331 5214 1512 5276 lectos,
1543 5223 1691 5282 tape-

111 5323 196 5363 tes
217 5350 233 5368 ,
273 5314 580 5359 ornamenta
603 5347 616 5364 ,
642 5320 758 5374 qum
787 5313 888 5357 tota
924 5305 974 5356 in
1003 5302 1161 5354 domo
1195 5309 1315 5354 sunt
1343 5303 1516 5354 omnia
1537 5342 1551 5362 ,
1593 5318 1692 5353 un-

108 5409 332 5468 gucnta,
364 5406 620 5461 aromata,
646 5397 751 5449 vini
781 5396 911 5450 meri
941 5395 1166 5463 copiam,
1197 5392 1492 5446 eduliorum
1519 5394 1693 5445 varie-

113 5502 278 5555 tates,
307 5490 545 5543 ciborum
573 5487 786 5541 delicias
809 5527 823 5551 ,
853 5501 1068 5554 coquos,
1118 5484 1440 5548 adulatores,
1472 5485 1692 5552 stipato-

114 5601 228 5649 res,
259 5581 506 5641 famulos,
534 5595 595 5633 ac
621 5581 871 5648 reliquam
895 5580 1188 5632 universam
1213 5562 1475 5648 pompam,
1505 5579 1694 5647 strepi-

116 5691 337 5744 tumque
388 5673 739 5732 cxstinctum,
794 5671 1188 5739 marcidumque
1242 5673 1454 5724 factum.
1507 5671 1692 5725 Omnia

111 5766 273 5830 cinis,
303 5762 480 5819 omnia
510 5762 681 5816 favilla
709 5773 761 5816 et
789 5763 987 5832 pulvis.
1030 5761 1254 5815 lamenta
1295 5771 1347 5815 et
1374 5762 1571 5824 luctus,
1604 5777 1694 5817 ne-

1319 361 1403 414 DE
1443 358 1712 414 LAZARO
1748 358 1991 417 CONCIO
2029 361 2090 415 ll.

3225 371 3333 425 986

1767 473 1910 526 mine
1952 484 2321 540 succurrente,
2373 492 2543 546 neque
2591 479 2750 532 semel
2783 494 3052 548 egressam
3101 481 3336 538 animam

1767 576 1946 635 postea
1976 576 2292 620 revocante:
2333 576 2454 622 tunc
2489 569 2850 624 declarabatur
2873 570 2999 640 quid
3042 573 3206 640 possit
3233 587 3330 624 au-

1767 674 1911 723 rum,
1945 659 2068 728 quid
2097 661 2300 728 possint
2332 660 2559 728 copiosa:
2589 661 2803 716 divitize.
2837 662 3105 732 Siquidem
3133 679 3197 716 ex
3227 673 3331 714 tam

1767 747 2025 816 frequenti
2057 748 2310 802 famulitio
2335 749 2508 803 nudus
2533 750 2786 804 abductus
2814 762 2895 806 est
2923 761 2976 805 et
2995 753 3140 804 solus
3159 795 3174 814 ,
3203 752 3336 804 nihil

1767 855 1832 893 ex
1862 848 2002 893 tanta
2029 839 2295 894 affluentia
2322 855 2498 894 secum
2529 839 2663 895 ferre
2690 841 2901 906 valens,
2934 843 3028 897 sed
3052 844 3295 897 desertus
3317 884 3331 904 ,

1767 929 2103 993 indefensus,
2147 945 2214 984 ao
2254 929 2559 999 neglectus:
2592 931 2766 985 nullus
2792 947 3007 996 eorum,
3051 935 3139 1002 qui
3187 941 3334 1001 prius

1766 1035 1886 1075 eum
1913 1022 2192 1081 colebant,
2221 1023 2308 1091 qui
2333 1022 2738 1086 auxiliabantur,
2766 1022 2977 1088 aderat,
3003 1033 3280 1090 erepturus
3304 1041 3333 1076 a

1769 1127 1921 1180 paena
1947 1129 2010 1167 ac
2038 1114 2323 1183 supplicio,
2356 1114 2447 1168 sed
2475 1115 2544 1168 ab
2581 1115 2683 1168 illis
2708 1114 2951 1169 omnibus
2976 1114 3231 1178 divulsus,
3259 1131 3336 1168 su-

1768 1205 1850 1258 lus
1875 1206 2193 1274 interceptus
2213 1216 2314 1268 est,
2339 1217 2394 1260 ut
2417 1207 2498 1259 illa
2528 1222 2632 1260 non
2657 1206 2874 1261 ferenda
2904 1208 3158 1276 supplicia
3181 1209 3338 1260 susti-

1769 1306 1938 1350 neret.
1974 1297 2104 1351 Vere
2143 1297 2318 1351 Omnis
2352 1315 2468 1351 caro
2502 1303 2689 1367 frenum
2717 1308 2764 1351 et
2796 1299 2956 1352 omnis
2993 1297 3155 1368 gloria
3180 1299 3339 1349 [tanti-

1773 1387 1852 1440 nis
1877 1397 2128 1456 tamquam
2155 1390 2251 1456 [los
2276 1389 2394 1456 freni
2419 1405 2437 1442 .'
2465 1391 2657 1442 exaruit
2683 1405 2885 1459 gramen
2902 1433 2915 1453 ,
2943 1399 2987 1442 et
3009 1391 3106 1458 ﬂos
3133 1389 3338 1451 decidit,

1770 1479 1856 1532 sed
1880 1479 2078 1532 verbum
2117 1479 2321 1533 Domini
2347 1491 2510 1533 manet
2537 1481 2588 1533 in
2615 1491 2853 1534 wternum
2881 1480 3030 1551 (lsai.
3062 1480 3147 1534 40.
3178 1480 3228 1534 6.
3259 1480 3337 1548 8).

1771 1569 1924 1623 Venit
1953 1587 2096 1624 mors
2124 1583 2175 1624 et
2201 1572 2450 1625 exstinxit
2477 1573 2561 1625 illa
2602 1573 2800 1624 omnia.
2843 1571 2951 1624 Nec
2987 1571 3140 1624 aliter
3183 1585 3340 1640 quam

1771 1663 2030 1730 captivum
2057 1673 2323 1731 arreptum
2354 1663 2498 1716 illum
2525 1663 2740 1716 abduxit
2763 1662 3009 1716 demissis
3030 1663 3218 1726 oculis,
3249 1677 3342 1729 pu-

1771 1751 1900 1806 dore
1929 1753 2163 1820 plenum,
2198 1768 2301 1806 non
2331 1753 2609 1806 audentem
2639 1753 2862 1816 hiscere,
2895 1760 3230 1812 trementem,
3256 1767 3343 1818 pa-

1771 1843 1971 1908 vidum,
2003 1844 2218 1910 perinde
2238 1845 2383 1913 quasi
2413 1846 2461 1898 in
2487 1846 2706 1898 somniis
2727 1846 2988 1898 universis
3012 1845 3112 1898 illis
3138 1843 3344 1898 deliciis

1772 1933 1959 1986 fruitus
1989 1933 2188 1988 fuisset.
2222 1936 2298 1988 Ac
2324 1944 2440 2003 post
2483 1933 2594 1988 luce
2641 1935 2858 2003 supplex
2889 1934 3037 1989 dives
3067 1933 3236 1988 factus
3264 1943 3344 1988 est

1773 2025 2008 2092 pauperi,
2039 2033 2198 2092 atque
2237 2040 2376 2079 nunc
2423 2025 2561 2078 illius
2603 2034 2722 2093 eget
2765 2040 2980 2086 mensa,
3027 2025 3116 2092 qui
3146 2025 3342 2078 dudum

1773 2114 2072 2180 esuriebat,
2103 2115 2242 2169 illius
2281 2117 2367 2185 qui
2398 2131 2587 2168 canum
2618 2118 2802 2169 rostris
2845 2117 3082 2186 objectus
3117 2117 3342 2184 jacebat.

1774 2204 1880 2258 Res
1899 2213 2234 2258 Commutatze
2254 2217 2396 2271 sunt,
2423 2207 2648 2260 universi
2670 2217 3030 2276 cognoverunt
3050 2215 3166 2260 uter
3191 2206 3348 2263 fuerit

1773 2297 1942 2363 dives,
1974 2305 2088 2351 uter
2114 2313 2330 2366 pauper,
2355 2297 2600 2366 quodque
2627 2298 2852 2352 Lazarus
2876 2298 3088 2367 quidem
3115 2299 3347 2353 omnium

1775 2389 1936 2445 fuerit
1977 2388 2440 2456 opulentissimus,
2473 2389 2561 2442 ille
2595 2398 2776 2442 contra
2804 2390 3039 2442 omnium
3071 2389 3347 2457 pauperri-

1775 2497 1913 2535 mus.
1945 2479 2397 2548 Quemadmodum
2426 2481 2566 2534 enim
2595 2489 2803 2534 actores
2832 2481 2884 2534 in
2923 2495 3081 2534 scena
3101 2521 3116 2542 ,
3160 2495 3342 2549 regum

1776 2588 1840 2626 ac
1862 2573 2051 2625 ducum
2093 2587 2344 2640 personas
2365 2614 2379 2634 ,
2414 2572 2537 2624 item
2581 2571 2902 2625 medicorum
2933 2588 2996 2626 ac
3038 2571 3309 2626 rhetorum
3335 2613 3348 2633 ,

1777 2662 2167 2732 scphistarum,
2214 2678 2276 2716 ac
2327 2663 2548 2716 militum
2597 2673 2926 2717 assumentes
2967 2664 3349 2732 ingrediuntur,

1777 2768 1894 2807 cum
1928 2753 2024 2820 ipsi
2073 2752 2203 2806 nihil
2252 2752 2435 2806 horum
2481 2753 2621 2807 sint:
2652 2755 2727 2805 sic
2757 2768 2884 2806 sane
2909 2761 2963 2806 et
3009 2753 3060 2806 in
3105 2753 3352 2821 przesenti

1779 2843 1880 2895 vita
1910 2852 2188 2911 paupertas
2229 2858 2290 2897 ac
2314 2842 2509 2896 divitia:
2540 2843 2666 2895 nihil
2693 2843 2834 2896 aliud
2863 2851 2984 2897 sunt
3005 2885 3019 2906 ,
3049 2859 3205 2912 quam
3233 2859 3353 2912 per-
3397 2896 3404 2910 ,

1782 2947 1982 2992 sonatae
2010 2938 2187 2992 larva).
2217 2938 2362 2992 Sicut
2389 2938 2545 3006 igitur
2570 2939 2620 2991 in
2649 2937 2854 2992 theatro
2879 2937 3091 3002 sedens,
3123 2940 3167 2991 si
3195 2954 3353 3007 quem

1779 3029 2006 3094 videris,
2037 3043 2102 3081 ex
2133 3028 2196 3080 iis
2219 3028 2306 3096 qui
2350 3028 2568 3081 inferius
2598 3027 2800 3091 ludunt,
2833 3041 3112 3094 personam
3138 3039 3354 3097 gestan-

1783 3132 1886 3177 tem
1917 3122 2055 3191 regis
2077 3164 2092 3185 ,
2141 3137 2244 3175 non
2284 3120 2493 3190 judicas
2537 3136 2658 3175 cum
2689 3119 2932 3183 beatum,
2980 3135 3150 3189 neque
3178 3135 3354 3189 regem

1781 3228 1899 3267 esse
1927 3212 2099 3266 credis
2123 3254 2137 3275 ,
2169 3213 2275 3266 imo
2301 3226 2400 3266 nec
2430 3212 2539 3280 ipse
2563 3211 2762 3279 optaris
2791 3226 2909 3264 esse
2933 3210 3052 3264 talis
3077 3229 3089 3262 :
3122 3210 3215 3264 sed
3237 3226 3358 3263 cum

1782 3303 1919 3356 scias
1941 3303 2078 3372 quod
2108 3303 2176 3355 sit
2202 3303 2462 3371 quispiam
2493 3318 2555 3355 ex
2587 3303 2646 3356 iis
2687 3303 2776 3370 Qui
2803 3310 3081 3356 versantur
3109 3301 3160 3355 in
3207 3301 3321 3355 foro
3342 3344 3357 3366 ,

1785 3392 1985 3447 funium
2016 3393 2190 3462 opifex
2217 3401 2306 3447 aut
2331 3393 2478 3447 faber
2504 3394 2723 3447 :erarius
2747 3435 2761 3455 ,
2792 3401 2882 3448 aut
2906 3393 3048 3448 aliud
3073 3394 3358 3464 quidquam

1785 3486 1890 3538 tale
1908 3526 1922 3547 ,
1956 3499 2058 3539 non
2082 3484 2290 3554 judicas
2319 3485 2463 3538 illum
2491 3485 2700 3538 beatum
2727 3483 2796 3537 ob
2820 3499 3099 3552 personam
3123 3526 3136 3545 ,
3180 3493 3271 3536 aut
3291 3485 3361 3538 ob

1785 3583 2019 3640 vestem,
2071 3589 2240 3642 neque
2269 3590 2332 3627 ex
2363 3574 2505 3627 hisce
2547 3573 2706 3626 rebus
2733 3575 2964 3626 aestimas
2993 3574 3132 3626 illius
3157 3576 3316 3626 vitam
3342 3614 3357 3637 ,

1785 3665 1880 3720 sed
1907 3664 2118 3733 despuis
2147 3665 2317 3732 potius
2343 3664 2487 3717 illum
2523 3663 2591 3716 ob
2616 3664 2770 3716 aliam
2801 3665 3052 3717 vilitatem
3081 3683 3093 3718 :
3125 3665 3201 3718 sic
3223 3679 3353 3718 sane

1785 3765 1840 3809 et
1861 3754 1946 3808 hic
1975 3755 2113 3808 velut
2137 3754 2188 3807 in
2220 3755 2446 3817 theatro,
2480 3753 2722 3808 videlicet
2749 3754 2798 3806 in
2832 3754 3030 3807 mundo
3055 3754 3268 3819 sedens,
3303 3763 3360 3808 et

1791 3847 1841 3898 in
1871 3861 2026 3899 scena
2055 3845 2294 3898 ludentes
2324 3854 2589 3914 spectans,
2623 3845 2711 3899 ubi
2738 3844 2932 3899 videris
2953 3846 3257 3915 complures
3280 3846 3361 3900 di-

1789 3937 1943 4000 vites,
1973 3953 2038 3989 ne
2061 3945 2209 4005 putes
2235 3951 2355 3990 vere
2380 3936 2568 3989 divites
2593 3950 2731 3999 esse,
2759 3935 2849 3989 sed
2874 3936 3094 3990 divitum
3122 3936 3363 3992 obtectos

1792 4026 2049 4093 personis.
2097 4024 2226 4078 Nam
2253 4024 2698 4094 quemadmodum
2744 4026 2849 4088 ille,
2881 4027 2968 4094 qui
3009 4025 3060 4079 in
3090 4041 3248 4080 scena
3277 4042 3363 4080 re-

1787 4132 1904 4186 gem
1933 4125 2023 4169 aut
2050 4115 2171 4170 belli
2197 4115 2384 4170 ducem
2411 4115 2538 4184 agit,
2569 4114 2874 4185 frequenter
2903 4128 2986 4169 est
3016 4116 3241 4169 famulus
3268 4133 3359 4168 eo-

1792 4223 1930 4269 rum,
1962 4208 2049 4276 qui
2093 4207 2224 4261 ficus
2247 4217 2336 4260 aut
2362 4207 2545 4260 botros
2571 4206 2808 4260 vendunt
2837 4207 2886 4259 in
2915 4207 3029 4259 foro
3053 4223 3066 4259 :
3101 4207 3282 4262 itidem
3310 4217 3365 4263 et

1794 4299 1878 4353 hic
1903 4299 2050 4352 dives
2078 4298 2266 4353 crebro
2296 4298 2577 4369 pauperior
2615 4308 2696 4352 est
2726 4299 2984 4352 omnibus.
3030 4299 3182 4365 Quod
3208 4301 3251 4354 si
3271 4300 3367 4353 de-

1794 4389 2016 4442 traxeris
2042 4390 2112 4442 illi
2141 4404 2439 4458 personam,
2470 4388 2514 4442 si
2541 4389 2919 4444 conscientiam
2947 4389 3182 4456 explices
3202 4401 3255 4444 et
3288 4390 3369 4444 in-

1793 4479 2047 4546 grediaris
2096 4480 2328 4532 animum
2350 4519 2364 4541 ,
2405 4479 2620 4532 multam
2661 4479 2764 4532 illic
2792 4479 3025 4533 offendes
3052 4481 3258 4533 virtutis
3287 4482 3368 4533 in-
3440 4483 3442 4486 ’

1794 4571 2005 4638 opiam,
2051 4571 2450 4638 compcriesque
2497 4571 2731 4624 omnium
2774 4571 3044 4624 hominum
3072 4573 3368 4640 abjectissi-

1798 4676 1959 4712 nnnn.
1990 4660 2442 4725 Quemadmodum
2473 4661 2612 4715 enim
2644 4663 2873 4716 instante
2901 4677 3141 4731 vespera,
3168 4665 3368 4733 digres-
3439 4717 3447 4726 ,

1796 4751 1975 4818 sisque
1996 4752 2082 4819 qui
2111 4751 2483 4812 consederant,
2519 4752 2604 4805 ubi
2637 4753 2832 4806 fuerint
2854 4769 2882 4805 θ
2917 4752 3121 4806 theatro
3147 4754 3370 4822 egressi,

1798 4839 2140 4910 habiltnnque
2183 4841 2373 4894 fabula:
2397 4841 2736 4911 deposuerint
2769 4861 2780 4896 :
2826 4844 2914 4911 qui
2962 4845 3105 4911 prius
3131 4858 3280 4914 reges
3306 4860 3368 4897 ac

1799 4933 1960 4986 duces
1988 4949 2106 4987 esse
2130 4935 2459 4999 videbantur,
2493 4944 2611 5003 post
2631 4945 2887 5004 apparent
2913 4936 3011 4988 hoc
3035 4937 3173 5005 quod
3203 4946 3323 4989 sunt
3347 4954 3361 4988 :

1801 5027 1867 5078 ita
1891 5041 2017 5078 sane
2039 5036 2088 5079 et
2112 5042 2266 5091 nunc,
2293 5037 2568 5097 postquam
2594 5043 2736 5081 mors
2756 5028 3054 5092 advenerit,
3079 5028 3370 5083 theatrum.

1800 5132 1901 5185 que
1923 5116 2200 5170 dimissum
2229 5117 2416 5180 fuerit,
2460 5133 2578 5170 cum
2607 5117 2909 5170 divitiarum
2943 5121 3369 5188 paupertatisque

1804 5225 2058 5276 personas
2088 5210 2450 5278 deposuerint,
2474 5224 2661 5263 omnes
2688 5209 2810 5262 illuc
2837 5210 3055 5277 profecti
3077 5252 3092 5270 ,
3121 5219 3277 5278 atquc
3301 5225 3373 5266 el.

1801 5301 1928 5354 solis
1950 5302 2196 5371 operibus
2217 5301 2455 5370 judicati,
2479 5300 2750 5355 declarant
2768 5302 2857 5370 qui
2881 5317 3005 5356 vere
3029 5301 3136 5355 sint
3155 5302 3370 5370 divites,

1800 5395 1890 5463 qui
1923 5409 2046 5448 vere
2073 5409 2326 5462 pauperes
2355 5412 2368 5446 :
2401 5396 2489 5464 qui
2518 5395 2780 5458 honorati,
2814 5404 2868 5448 et
2889 5395 2976 5464 qui
2998 5394 3234 5453 obscuri.

1871 5487 1922 5540 4.
1957 5486 2133 5538 Divitis
2171 5497 2357 5550 quanta
2403 5487 2554 5552 fuerit
2609 5497 2902 5556 paupertas.
2935 5486 3203 5557 —|taque
3259 5487 3368 5542 free

1801 5588 2027 5647 quenter
2070 5579 2159 5639 lit,
2199 5586 2255 5629 ut
2299 5578 2387 5645 qui
2440 5577 2525 5632 hic
2566 5578 2615 5631 in
2668 5579 2888 5631 divitum
2939 5595 3161 5633 numero
3197 5579 3374 5646 fuerit,

1804 5669 1911 5723 illic
1960 5669 2252 5737 reperiatur
2303 5668 2537 5720 omnium
2582 5668 2967 5738 pauperrimus,
3015 5669 3064 5722 id
3101 5673 3240 5738 quod
3283 5684 3374 5722 ac-

1804 5762 1928 5816 cidit
1950 5761 2071 5815 huic
2097 5758 2264 5814 diviti.
2294 5758 2423 5813 Nam
2451 5758 2769 5829 simulatque
2807 5761 3116 5816 incubuerat
3137 5775 3376 5830 vespera,
