3906 6254
533 344 631 398 937

533 462 636 516 hoc
661 466 742 514 est
786 471 966 521 mors,
1010 469 1158 524 teque
1207 453 1484 522 praesentis
1509 450 1630 503 vitae
1659 448 1872 503 theatro
1913 459 2105 516 egres-

536 567 628 606 sus
674 558 757 605 est
779 589 796 611 .
827 561 1216 617 personamque
1237 544 1486 613 deposuit
1507 583 1522 608 ,
1553 542 1702 596 visus
1735 548 1816 594 est
1859 538 1966 593 illic
1990 552 2110 591 om-

535 643 680 696 nium
720 654 839 694 esse
869 636 1234 707 pauperrimus
1265 651 1281 687 :
1311 633 1446 689 adeo
1493 645 1624 687 vero
1675 643 1904 700 pauper,
1937 637 1994 680 ut
2045 640 2114 682 ne

538 745 739 804 guttam
770 731 981 802 quidem
1009 745 1160 801 aquae
1211 728 1430 784 haberet
1476 726 1529 782 in
1567 741 1662 782 sua
1690 733 1949 794 potestate
1972 764 1991 788 ,
2019 721 2112 778 sed

540 843 637 898 pro
687 829 786 880 hac
830 833 1078 894 rogaret,
1119 837 1293 892 neque
1337 819 1478 891 quod
1554 819 1812 890 petebat,
1861 815 2114 886 consequi

543 921 792 991 potuerit.
820 918 957 985 Quid
982 918 1083 974 hac
1131 923 1436 987 paupertate
1462 913 1742 983 pauperius
1768 927 1886 967 esse
1910 908 2115 981 posset?

538 1013 768 1068 Sublatis
781 1013 920 1066 enim
934 1011 1101 1066 oculis
1111 1009 1320 1074 suis,ait
1331 1009 1398 1062 ad
1409 1004 2116 1071 Abraham:Pater,miserere

539 1105 658 1169 mei,
681 1115 728 1158 et
753 1105 892 1157 mitte
919 1103 1189 1166 Lazarum,
1213 1110 1266 1155 ut
1291 1101 1506 1170 intingat
1525 1113 1774 1154 summum
1792 1095 1936 1166 digiti
1961 1096 2041 1150 sui
2064 1095 2119 1148 in

539 1212 766 1266 aquam,
817 1204 864 1249 et
912 1195 1120 1248 instillet
1188 1193 1266 1246 ori
1314 1207 1424 1245 meo
1474 1190 1621 1263 (Luc.
1673 1190 1760 1244 l6.
1790 1189 1907 1259 24).
1957 1186 2119 1242 Vides

542 1296 740 1357 quanta
781 1301 869 1341 res
897 1285 967 1340 sit
1014 1283 1272 1338 afﬂictio?
1300 1283 1431 1338 Cum
1463 1282 1738 1352 proximus
1782 1289 1927 1336 esset
1956 1280 2122 1334 Laza-

544 1393 669 1444 rus,
704 1376 1007 1448 prtcteribat
1038 1395 1053 1430 :
1081 1391 1222 1430 nunc
1250 1390 1370 1430 cum
1420 1374 1602 1444 procul
1643 1373 1815 1437 absit,
1865 1373 2074 1426 invocat
2102 1389 2116 1425 :

543 1484 704 1537 quem
754 1467 1058 1537 frequenter
1085 1466 1386 1537 ingrediens
1427 1474 1482 1519 et
1516 1463 1794 1534 egrediens
1842 1477 1948 1516 non
1974 1461 2122 1516 vide~

546 1559 669 1627 bat,
702 1559 842 1613 hunc
890 1558 1074 1628 procul
1123 1566 1386 1612 semotum
1432 1555 1715 1626 diligenter
1754 1555 1961 1624 aspicit.
2015 1552 2124 1607 Sed

547 1664 705 1718 quam
752 1648 822 1702 ob
863 1663 1076 1702 causam
1127 1647 1276 1700 illum
1323 1646 1601 1700 intuetur?
1646 1645 1974 1714 Frequenter
2011 1642 2123 1697 for-

549 1752 690 1795 tasse
717 1741 921 1795 dixerat
949 1741 1097 1794 dives
1137 1739 1236 1794 iste
1256 1780 1272 1806 ,
1304 1755 1556 1808 quorsum
1597 1737 1726 1792 mihi
1763 1752 1897 1808 opus
1929 1737 2126 1807 pietate

546 1846 610 1886 ac
639 1830 874 1884 virtute?
899 1831 1098 1884 Cuncta
1127 1827 1257 1884 mibi
1282 1828 1424 1883 velut
1458 1844 1488 1883 e
1516 1827 1660 1882 fonte
1687 1826 1932 1892 afﬂuunt,
1958 1827 2125 1880 multa

548 1921 697 2002 fruor
740 1921 1123 1990 prosperitate,
1185 1918 1370 1974 multis
1417 1919 1650 1988 opibus,
1705 1917 1841 1973 nihil
1888 1917 2127 1976 sustineo

549 2029 726 2068 rerum
757 2013 1146 2082 in0pinatarnm
1181 2029 1193 2064 :
1236 2026 1395 2081 quam
1425 2011 1494 2065 ob
1520 2025 1632 2065 rem
1685 2019 1928 2078 expetam
1960 2009 2126 2062 virtu-

457 2112 460 2113 ⁷
548 2105 702 2160 tem?
731 2105 828 2159 llic
873 2119 1073 2173 pauper
1096 2103 1184 2172 qui
1211 2102 1352 2172 juste
1398 2103 1589 2171 pieque
1629 2101 1799 2165 vivit,
1852 2102 2126 2155 innumera

550 2197 747 2267 patitur
794 2197 954 2250 mala.
1007 2195 1131 2250 llaec
1169 2209 1309 2248 nunc
1360 2208 1572 2263 quoque
1619 2193 1767 2246 multi
1822 2192 2127 2260 frequenter

548 2290 752 2344 dicunt.
782 2288 851 2344 Ut
903 2288 1060 2358 igitur
1084 2286 1339 2341 radicitus
1367 2285 1464 2340 has
1491 2300 1678 2354 pravas
1712 2285 1994 2339 revelleret
2021 2285 2130 2353 opi-

551 2384 736 2435 niones
763 2420 780 2444 ,
813 2380 1140 2434 demonstrat
1190 2378 1304 2443 illi,
1355 2377 1496 2448 quod
1545 2377 1762 2431 malitia:
1800 2377 2028 2446 reposita
2061 2377 2130 2431 sit

553 2473 683 2527 ultio
711 2489 728 2526 t
753 2480 938 2526 contra
985 2470 1160 2524 honor
1199 2479 1252 2524 et
1279 2485 1474 2524 corona
1513 2469 1785 2523 laboribus
1811 2483 1908 2538 pro
1935 2471 2128 2539 pietate

548 2565 827 2632 susceptis.
866 2562 980 2616 Nor.
1011 2572 1228 2632 propter
1253 2561 1354 2616 hoc
1381 2561 1554 2616 solum
1581 2572 1758 2616 autem
1787 2560 1916 2614 vidit
1958 2560 2126 2625 illttm,

550 2657 642 2711 sed
688 2666 744 2710 ut
791 2672 908 2724 qua:
938 2671 1126 2725 passus
1167 2655 1355 2710 fuisset
1375 2669 1594 2724 pauper,
1631 2654 1743 2709 lucc
1782 2669 1922 2708 nunc
1967 2664 2018 2708 et
2047 2653 2129 2707 di-

549 2764 644 2804 ves
671 2757 945 2818 pateretur
994 2748 1160 2801 multo
1211 2748 1444 2815 gravius.
1475 2745 1930 2814 Quemadmodum
1983 2745 2128 2800 enim

550 2841 626 2895 illi
673 2839 1034 2894 molestiorem
1081 2837 1310 2894 reddidit
1358 2838 1685 2901 cruciatum,
1739 2837 1879 2906 quod
1926 2837 1976 2890 in
2034 2850 2129 2890 ve-

550 2933 745 2988 stibulo
769 2931 946 2986 divitis
965 2931 1189 3000 jaceret,
1209 2929 1348 3000 quod
1381 2931 1586 2984 videret
1611 2930 1780 2984 aliena
1808 2928 2084 2984 commoda
2110 2945 2125 2982 :

557 3025 635 3079 sic
663 3035 716 3079 et
756 3023 882 3078 huic
929 3023 1228 3092 graviorem
1265 3021 1492 3075 reddidit
1540 3021 1829 3076 cruciatum
1854 3061 1870 3086 ,
1905 3021 2046 3090 quod
2077 3021 2128 3074 in

552 3115 794 3186 geltcnna
817 3115 1019 3184 jaceret
1041 3155 1056 3179 ,
1086 3111 1226 3183 quod
1256 3112 1442 3166 Lazari
1480 3113 1684 3167 videret
1717 3113 1936 3168 delicias
1959 3154 1974 3180 ,
2023 3127 2129 3182 quo

555 3221 662 3260 non
710 3207 882 3260 solum
914 3214 1099 3258 natura
1134 3204 1513 3274 suppliciorum
1540 3245 1554 3266 ,
1583 3219 1770 3258 verum
1807 3205 1965 3258 etiam
1992 3219 2131 3258 com-

549 3298 825 3367 paratione
851 3295 1071 3350 honoris
1094 3295 1233 3350 illius
1263 3295 1732 3350 intolerabiliorem
1763 3294 1985 3350 haberet
2004 3311 2127 3349 cru-

545 3389 766 3444 ciatum.
794 3388 863 3443 Et
881 3386 1326 3458 quemadmodum
1350 3386 1518 3440 Adam
1545 3400 1576 3440 e
1602 3385 1848 3455 paradiso
1874 3387 2126 3458 ejectum,

549 3498 581 3536 e
608 3481 826 3550 regione
855 3479 1087 3550 paradisi
1132 3479 1372 3534 habitare
1392 3478 1552 3548 jussit
1583 3479 1722 3534 Deus
1745 3521 1760 3544 ,
1789 3488 1847 3534 ut
1884 3481 2129 3535 assiduus

547 3584 867 3645 conspectus
903 3588 1167 3628 renovans
1190 3573 1488 3627 molestiam
1513 3615 1528 3640 ,
1555 3575 1876 3629 exactiorem
1899 3575 1971 3628 illi
1995 3591 2130 3642 prte-

548 3668 698 3723 beret
741 3683 954 3723 sensum
999 3666 1327 3736 expulsionis
1358 3681 1389 3721 e
1414 3666 1570 3720 bonis
1597 3684 1611 3721 :
1635 3666 1707 3720 ita
1750 3680 1879 3720 sane
1907 3676 1961 3721 et
1990 3666 2130 3721 hunc

547 3775 579 3814 e
608 3761 825 3830 regione
875 3759 1060 3814 Lazari
1086 3758 1380 3823 constituit,
1402 3772 1508 3828 quo
1532 3758 1738 3811 videret
1757 3757 1947 3826 quibus
1978 3757 2129 3813 bouis

549 3853 784 3922 seipsum
830 3852 1110 3921 privasset.
1146 3850 1265 3905 Misi
1307 3850 1436 3915 tibi,
1491 3849 1689 3918 inquit,
1767 3849 1819 3903 in
1868 3850 2129 3904 vestibulo

546 3945 805 4000 Lazarum
833 3958 1116 4014 pauperem
1141 3985 1156 4008 ,
1182 3952 1238 3996 ut
1263 3942 1357 3996 tibi
1381 3941 1446 3996 ad
1469 3940 1717 3995 virtutem
1739 3939 1929 3994 doctor
1951 3949 2125 4003 esset,

544 4055 608 4094 ac
635 4038 973 4109 benignitatis
993 4037 1208 4090 materia
1228 4049 1242 4087 :
1259 4034 1623 4104 contempsisti
1650 4035 1854 4088 lucrum
1877 4050 1889 4084 :
1915 4033 2128 4086 noluisti

544 4132 608 4185 ad
635 4129 776 4200 quod
801 4128 1032 4197 oportuit
1067 4127 1142 4180 uti
1169 4126 1352 4180 salutis
1383 4125 1666 4180 occasione
1693 4166 1707 4188 ,
1731 4133 1881 4179 utere
1905 4122 2128 4192 posthac

544 4223 637 4276 illo
678 4221 745 4275 ad
783 4219 1002 4288 majoris
1020 4217 1287 4272 cruciatus
1306 4215 1660 4285 suppliciique
1690 4214 1990 4268 materiam.
2034 4213 2117 4268 Ex

543 4313 628 4369 bis
671 4311 955 4377 discimus,
981 4309 1122 4380 quod
1165 4323 1351 4365 omnes
1401 4308 1544 4378 quia
1595 4307 1750 4362 nobis
1790 4316 1914 4362 sunt
1941 4316 2130 4362 contu-

545 4405 721 4461 meliis
749 4413 806 4460 et
847 4403 1054 4470 injuriis
1083 4400 1293 4464 aﬂ‘ecti,
1341 4408 1465 4455 tunc
1490 4411 1613 4455 ante
1652 4399 1842 4454 faciem
1889 4408 2125 4454 nostram

544 4506 864 4554 statuantur.
892 4495 1224 4565 Quamquam
1271 4491 1358 4547 hic
1385 4491 1513 4547 nihil
1552 4507 1583 4546 a
1625 4491 1787 4546 divite
1810 4491 2014 4561 accepit
2043 4491 2126 4544 in-

548 4590 700 4660 jurias
727 4606 740 4641 :
765 4603 938 4656 neque
963 4587 1104 4642 enim
1130 4585 1275 4639 illius
1291 4585 1544 4655 pecunias
1558 4592 1838 4653 usurparat
1858 4581 2125 4645 dives,sed

546 4696 673 4736 suas
699 4695 802 4734 non
833 4678 1182 4749 imparticrat.
1217 4676 1368 4744 Quod
1407 4676 1451 4731 si
1477 4676 1520 4729 is
1549 4676 1638 4745 qui
1682 4689 1778 4728 sua
1807 4690 1910 4728 non
1934 4674 2129 4744 impar-

543 4774 645 4838 tiit,
700 4781 1065 4827 accusatorem
1093 4769 1252 4824 habet
1279 4783 1400 4822 eum
1427 4810 1442 4833 ,
1469 4768 1552 4823 cui
1583 4767 1793 4837 negavit
1821 4765 2125 4819 misericor-

548 4863 855 4934 diamzqui
908 4861 1081 4916 aliena
1134 4874 1344 4930 quoque
1401 4858 1669 4928 rapuerit,
1723 4872 1881 4927 quam
1915 4856 2122 4910 veniam

542 4963 931 5024 consequetur,
987 4950 1218 5020 undique
1258 4950 1429 5020 ipsum
1480 4946 1947 5002 circumstantibus
1991 4962 2124 5015 quos

546 5047 726 5103 affecit
755 5046 990 5117 injuria?
1011 5044 1128 5100 Non
1156 5043 1298 5098 enim
1329 5043 1436 5096 illic
1464 5056 1598 5110 opus
1621 5039 1723 5095 erit
1749 5041 2001 5104 testibus,
2031 5056 2125 5093 ue-

541 5157 649 5212 que
683 5137 1117 5204 accusatoribus,
1169 5151 1344 5207 neque
1387 5132 1785 5202 probationibus
1809 5171 1824 5195 ,
1851 5145 2020 5200 neque
2048 5131 2122 5184 si-

538 5235 680 5304 gnis,
708 5247 892 5287 verum
922 5229 1052 5300 ipsa:
1082 5242 1179 5297 per
1208 5243 1266 5280 se
1307 5240 1396 5280 res
1423 5225 1587 5288 tales,
1618 5221 1801 5292 quales
1826 5236 1919 5275 eas
1949 5221 2117 5291 gessi-

546 5341 687 5389 mus,
718 5334 843 5379 ante
871 5323 1057 5378 oculos
1089 5328 1304 5375 nostros
1329 5315 1676 5386 apparebunt.

605 5417 810 5486 Rapina
839 5425 911 5470 est
935 5430 1036 5467 non
1064 5410 1432 5465 communicare
1462 5406 1762 5477 pauperibus
1790 5395 2123 5459 suat—Ecce

544 5509 709 5574 enim,
738 5508 940 5576 inquit,
972 5505 1132 5558 homo
1157 5511 1213 5556 et
1239 5515 1401 5570 opera
1440 5498 1592 5569 ejus:
1625 5495 1886 5566 siquidem
1929 5507 1983 5548 et
2023 5495 2121 5548 hoe

546 5601 729 5669 rapina
757 5606 874 5661 est,
920 5611 1025 5649 non
1077 5591 1333 5663 impartiri
1370 5590 1436 5644 de
1492 5587 1593 5642 tuis
1642 5587 1994 5642 facultatibus.
2049 5587 2123 5639 Ac

545 5693 784 5748 fortassis
813 5690 964 5742 vobis
996 5689 1184 5742 mirum
1213 5682 1426 5737 videtur
1451 5696 1569 5736 esse
1595 5680 1733 5751 quod
1763 5680 1901 5740 dico,
1934 5694 2118 5731 verum

547 5801 616 5843 ne
643 5783 907 5839 miremini
935 5801 944 5835 :
973 5776 1332 5836 testimonium
1360 5775 1502 5830 enim
1531 5773 1682 5829 vobis
1709 5787 1738 5828 e
1763 5771 1954 5827 divinis
1981 5770 2119 5825 Scri-

1204 335 1260 392 S.
1299 329 1576 388 JOANNIS
1607 325 2076 386 CllRYSOSTOﬂI
2115 322 2424 382 ARCHIEP.
2463 322 2992 380 CONSTANTINOP.

3698 324 3800 378 988

2218 444 2384 514 pluris
2435 445 2739 515 proferam,
2782 445 3000 509 dicens,
3036 444 3177 515 quod
3222 459 3327 499 non
3381 445 3553 500 solum
3612 459 3802 514 rapere

2217 537 2386 590 aliena
2413 577 2429 602 ,
2457 551 2640 591 verum
2667 536 2829 591 etiam
2871 545 2958 590 tua
2999 551 3108 590 non
3157 536 3430 606 impertire
3458 540 3682 590 caeteris
3705 577 3719 598 ,
3751 547 3801 588 et
3880 537 3881 542 ‘

2216 627 2402 695 rapina
2429 626 2530 692 sit,
2561 638 2613 680 et
2638 625 2898 681 fraudatio
2921 668 2936 692 ,
2966 636 3022 681 et
3056 627 3320 696 spoliatio.
3364 628 3650 693 Quodnam
3675 629 3802 682 illud

2217 728 2298 772 est
2322 717 2348 771 ?
2377 718 2634 772 Dominus
2656 719 2868 774 Judzeos
2893 735 3146 774 accusans
3177 737 3270 789 per
3296 721 3610 790 prephetam
3637 723 3802 775 dixit:

2218 806 2470 862 Proditin
2500 820 2632 862 terra
2651 822 2941 880 prouentum
2962 829 3130 878 suum,
3145 823 3190 866 et
3206 830 3304 866 non
3321 815 3534 868 intulisti
3555 817 3801 876 decimas,

2219 899 2308 953 sed
2335 901 2517 971 rapina
2543 903 2776 972 pauperis
2796 912 2865 956 est
2895 905 2946 957 in
2967 904 3196 958 domibus
3223 905 3398 958 vestris
3425 905 3582 971 (Mal.
3612 908 3668 961 5.
3694 909 3803 973 HJ).

2220 992 2502 1060 Quoniam,
2543 995 2729 1064 inquit.
2762 995 3056 1051 oblationes
3084 997 3263 1052 solitas
3297 1014 3402 1052 non
3430 999 3659 1052 dedistis
3681 1041 3698 1060 ,
3726 1016 3807 1052 ra-

2221 1087 2410 1156 puistis
2449 1102 2508 1140 ea
2542 1102 2664 1156 quze
2707 1096 2831 1142 sunt
2872 1089 3133 1158 pauperis.
3159 1088 3270 1144 Hoc
3308 1100 3486 1144 autem
3527 1090 3682 1153 dicit,
3711 1092 3804 1146 de-

2223 1177 2434 1232 clarans
2476 1177 2767 1241 divitibus,
2817 1180 2956 1248 quod
3002 1195 3088 1234 res
3124 1195 3410 1249 pauperum
3459 1182 3804 1250 possideam,

2225 1272 2432 1326 etiamsi
2469 1279 2686 1341 paterna
2716 1271 3011 1329 hereditate
3038 1273 3368 1339 obvenerint,
3398 1277 3609 1330 etiamsi
3644 1277 3808 1331 unde-

2225 1375 2454 1432 cumque
2502 1362 2718 1420 aliunde
2778 1365 3089 1435 collegerint
3137 1367 3408 1436 pecunias.
3460 1370 3541 1420 Ac
3600 1383 3809 1422 rursum

2227 1452 2354 1506 alibi
2383 1453 2515 1507 dicit
2545 1473 2559 1506 :
2590 1453 2673 1509 Ne
2710 1455 2898 1524 spolies
2939 1457 3090 1510 vitam
3120 1459 3356 1526 pauperis
3406 1457 3594 1528 (Eccli.
3625 1459 3680 1512 4.
3716 1461 3766 1530 l)
3795 1477 3809 1513 :

2227 1546 2316 1613 qui
2347 1560 2478 1600 vero
2517 1547 2708 1616 spoliat
2738 1590 2753 1614 ,
2793 1548 2966 1603 aliena
3017 1549 3174 1603 tollit.
3211 1549 3341 1604 Nam
3385 1552 3640 1621 spotiatio
3669 1568 3813 1621 qua--

2229 1637 2350 1690 dam
2380 1637 2607 1706 dicitur,
2648 1653 2770 1694 cum
2796 1640 2970 1695 aliena
2994 1651 3207 1712 accepta
3234 1643 3558 1698 detincmus.
3592 1644 3815 1713 Propter

2232 1730 2333 1784 hoc
2380 1731 2541 1800 igitur
2597 1731 2902 1800 discamus,
2969 1735 3111 1804 quod
3161 1737 3368 1802 quoties
3419 1737 3813 1807 eleemosynam

2230 1836 2336 1875 non
2388 1823 2812 1891 praestiterimus,
2839 1825 2950 1893 pari
2980 1866 2996 1892 ,
3045 1842 3166 1880 cum
3196 1827 3260 1881 iis
3287 1827 3376 1898 qui
3404 1827 3664 1898 spoliant,
3695 1844 3814 1899 sup-

2232 1913 2391 1982 plicio
2435 1913 2749 1970 afﬁciemur.
2779 1915 2986 1972 lleriles
3023 1918 3165 1972 enim
3216 1920 3456 1989 pecunia:
3501 1929 3635 1974 sunt
3663 1922 3815 1974 unde-

2232 2022 2460 2078 cumque
2485 2023 2579 2064 eas
2608 2009 2969 2079 colligerimus
2998 2027 3011 2062 :
3043 2025 3176 2080 quos
3203 2012 3246 2065 si
3273 2011 3324 2065 in
3352 2027 3559 2081 egenos
3577 2027 3672 2066 eas
3700 2029 3816 2066 ero-

2230 2099 2572 2168 garet-imus,
2627 2099 2812 2154 multae
2859 2100 3012 2155 nobis
3051 2115 3180 2170 opes
3232 2116 3294 2156 ac
3323 2101 3610 2157 facultates
3663 2103 3816 2157 obve-

2235 2190 2403 2243 uient.
2434 2188 2662 2259 Ideoque
2706 2190 2799 2245 tibi
2829 2191 2978 2261 plura
3028 2191 3305 2262 possidere
3345 2195 3620 2249 concessit
3667 2197 3813 2255 Dens,

2235 2295 2340 2334 non
2387 2289 2446 2335 ut
2480 2281 2532 2335 in
2576 2283 2954 2348 scortationes,
2985 2285 3344 2339 temulentiam
3369 2327 3384 2350 ,
3411 2287 3701 2356 ingluviem
3727 2330 3739 2351 ,
3770 2290 3814 2340 in

2233 2385 2410 2428 vestes
2445 2383 2782 2444 sumptuosas
2802 2417 2816 2439 ,
2845 2376 3108 2447 aliamque
3137 2377 3413 2432 mollitiem
3453 2394 3812 2441 consumeres,

2237 2465 2332 2519 sed
2382 2473 2438 2519 ut
2505 2481 2567 2520 ea
2611 2458 2956 2522 distribueres
3011 2467 3306 2537 egentibus.
3362 2469 3814 2536 Quemadmodum

2233 2557 2374 2612 enim
2426 2567 2644 2612 exactor
2669 2559 2928 2628 quispiam
2973 2559 3060 2627 qui
3091 2560 3262 2629 regias
3299 2561 3558 2628 pecunias
3602 2565 3816 2629 accepit.

2233 2649 2278 2702 si
2308 2649 2607 2718 neglexerit
2635 2650 2718 2715 iis,
2765 2650 2958 2720 quibus
2983 2650 3164 2720 jussus
3192 2661 3273 2706 est
3295 2694 3311 2718 ,
3340 2652 3678 2709 distribuere
3698 2698 3712 2720 ,
3743 2657 3817 2708 iu-

2233 2756 2337 2810 qne
2393 2741 2638 2810 pr0prias
2688 2743 3080 2812 consumpserit
3129 2742 3382 2810 delicias,
3434 2747 3616 2814 poenis
3674 2757 3816 2814 atque

2233 2831 2402 2886 exitio
2448 2831 2674 2886 traditur
2703 2849 2718 2885 :
2750 2833 2822 2887 ita
2861 2847 2990 2886 sane
3015 2841 3069 2888 et
3105 2833 3252 2888 dives
3280 2845 3528 2904 receptor
3566 2837 3817 2906 quispiam

2235 2933 2317 2977 est
2346 2923 2690 2992 pecuniarum
2717 2965 2732 2990 ,
2758 2939 2877 2993 qua:
2903 2926 3220 2994 pauperibus
3247 2925 3490 2980 distribui
3537 2928 3817 2984 debebant.

2236 3013 2417 3084 Itaque
2462 3029 2580 3068 cum
2612 3015 2663 3068 in
2696 3015 2956 3069 mandatis
2980 3015 3206 3082 habeat,
3248 3031 3340 3071 eas
3367 3017 3696 3074 distribuere
3723 3023 3819 3074 suis

2233 3106 2505 3160 conservis
2529 3106 2804 3174 egentibus
2822 3147 2836 3168 ,
2894 3108 2938 3160 si
2964 3108 3089 3178 quid
3115 3109 3341 3178 amplius
3361 3151 3375 3173 ,
3407 3126 3574 3179 quam
3603 3114 3821 3180 postulet

2235 3199 2524 3253 necessitas
2545 3239 2560 3264 ,
2596 3198 2648 3252 in
2679 3200 2917 3269 seipsum
2941 3200 3282 3271 insumpserit
3304 3243 3319 3266 ,
3346 3204 3700 3272 gravissimas
3726 3207 3820 3260 illic

2233 3286 2452 3342 daturus
2479 3297 2563 3342 est
2589 3302 2792 3358 ptenas.
2816 3290 2930 3344 Non
2957 3292 3098 3345 enim
3125 3301 3248 3347 sunt
3297 3293 3466 3364 ipsius
3492 3311 3621 3366 qua:
3663 3299 3821 3366 possi-

2233 3378 2364 3443 det,
2415 3379 2509 3433 sed
2538 3395 2916 3436 conservorum
2941 3382 3101 3436 illius.

2307 3471 2362 3527 5.
2383 3469 2585 3525 Divitiae
2613 3484 2718 3526 tum
2743 3473 2943 3527 demum
2969 3484 3155 3529 nostra:
3177 3476 3302 3540 ﬁunt
3329 3492 3444 3530 cum
3471 3478 3670 3532 dantur
3697 3498 3820 3550 ρης
3880 3543 3881 3546 η

2237 3562 2534 3633 peribus.—
2551 3563 2840 3620 Parcamus
2889 3566 3047 3636 igitur
3086 3567 3148 3621 iis
3178 3577 3448 3638 tamquam
3478 3571 3674 3627 alienis
3703 3615 3717 3638 ,
3771 3586 3820 3629 tu

2236 3655 2365 3711 (iant
2395 3663 2598 3711 nostra.
2640 3656 2920 3723 Quomodo
2964 3669 3140 3713 autem
3190 3661 3294 3716 illis
3335 3677 3627 3731 parcemus
3681 3678 3813 3720 tam-

2235 3762 2394 3816 quam
2433 3748 2656 3802 alienis?
2685 3747 2740 3803 Si
2773 3750 2889 3804 illas
2940 3765 3047 3805 non
3092 3752 3142 3806 in
3184 3767 3309 3806 usus
3346 3768 3714 3823 supervacuos
3743 3759 3817 3812 in-

2237 3840 2654 3910 sumpserimus,
2692 3857 2864 3910 neque
2903 3842 3038 3897 adeo
3067 3843 3122 3897 in
3151 3854 3362 3900 nostros
3396 3855 3604 3902 tantum
3646 3866 3772 3905 usus
3799 3893 3814 3916 ,

2234 3933 2328 3988 sed
2369 3947 2658 4002 pauperum
2687 3934 2930 3988 manibus
2960 3935 3423 4004 impartirerimus.
3456 3937 3683 3995 Etiamsi
3713 3943 3817 3995 fus-

2234 4027 2308 4079 ris
2337 4025 2649 4094 opuientus,
2685 4025 2779 4080 sed
2805 4025 2923 4095 plus
2962 4041 3119 4096 quam
3149 4043 3282 4096 opus
3327 4039 3408 4082 est
3442 4030 3813 4101 insumpseris,

2233 4117 2492 4172 rationem
2553 4117 2742 4171 reddes
2793 4119 3134 4187 pecuniarum
3185 4119 3274 4173 tibi
3313 4122 3663 4177 creditarum.
3713 4125 3816 4180 Hoc
3880 4167 3881 4170 η

2235 4207 2376 4263 idem
2435 4208 2493 4262 ﬁt
2539 4209 2592 4262 in
2620 4210 2934 4278 optimatum
2963 4209 3185 4264 aedibus.
3225 4210 3370 4265 Multi
3399 4229 3524 4266 suas
3581 4216 3813 4284 ipsorum

2233 4300 2522 4370 apothecas
2538 4299 2747 4354 famulis
2769 4302 2878 4354 suis
2894 4302 3293 4367 commiserunt,
3315 4319 3496 4357 verum
3523 4305 3601 4360 illi
3628 4309 3814 4376 quibus

2232 4392 2535 4447 commissae
2592 4402 2746 4458 sunt,
2797 4403 3012 4448 servant
3079 4410 3196 4464 qua:
3244 4397 3430 4451 tradita
3478 4411 3642 4466 sunt,
3721 4419 3810 4457 nec

2232 4485 2522 4539 abutuntur
2566 4485 2864 4540 commissis
2893 4504 2906 4539 :
2931 4503 3116 4541 verum
3159 4490 3349 4558 quibus
3382 4501 3434 4544 et
3467 4492 3553 4546 ubi
3595 4495 3812 4562 jusserit

2233 4577 2510 4640 dominus,
2558 4575 2902 4630 distribuunt.
2930 4578 3045 4634 Hoc
3071 4590 3122 4632 tu
3152 4595 3360 4650 quoque
3389 4581 3569 4639 facito.
3605 4587 3809 4643 Etenim

2231 4668 2482 4736 accepisti
2526 4668 2678 4737 plura
2709 4669 2954 4733 cwteris,
3003 4685 3108 4723 non
3145 4680 3201 4723 ttt
3239 4686 3301 4725 ea
3331 4673 3475 4726 solus
3501 4690 3807 4743 consumas,

2231 4761 2324 4816 sed
2355 4773 2412 4815 ιιι
2459 4776 2642 4815 eorum
2687 4763 2894 4817 creteris
2934 4762 3104 4816 bonus
3151 4764 3244 4817 fias
3271 4764 3633 4830 dispensator.

2301 4853 2526 4908 Lazarus
2554 4870 2708 4924 quare
2751 4855 2800 4908 in
2836 4857 2950 4909 sinu
2992 4857 3224 4912 Abrahaz.
3255 4887 3326 4897 ——
3349 4860 3537 4927 Opem:
3585 4869 3805 4929 pretlum

2230 4957 2405 5002 autem
2438 4949 2591 5003 fuerit
2625 4957 2679 5002 et
2716 4947 2846 5002 illud
2875 4949 3239 5014 considerare,
3271 4966 3424 5021 quam
3471 4954 3708 5009 tamdem
3746 4956 3807 5010 ob

2229 5055 2441 5096 causam
2469 5035 2572 5094 non
2603 5038 2739 5109 apud
2766 5040 2922 5093 alium
2951 5039 3150 5109 justum
3180 5041 3454 5106 Lazarum,
3485 5042 3581 5096 sed
3615 5045 3668 5098 in
3698 5046 3805 5099 sinu

2230 5133 2420 5188 viderit
2463 5131 2707 5186 Abrahm.
2741 5130 3027 5198 Hospitalis
3055 5142 3168 5184 erat
3202 5131 3507 5193 Abraham;
3546 5143 3613 5187 ut
3662 5135 3806 5203 igitur

2231 5225 2574 5294 redarguatur
2597 5222 2772 5276 divitis
2799 5221 3214 5291 inhospitalitas,
3245 5232 3521 5292 propterea
3550 5224 3799 5281 Lazarum

2229 5331 2348 5370 cum
2378 5315 2467 5369 illo
2491 5314 2654 5369 videt.
2692 5313 2783 5368 llle
2821 5312 2978 5366 etiam
3012 5320 3388 5380 prretcreuutes
3416 5315 3728 5380 venabatur,
3755 5329 3802 5368 ct

2229 5407 2280 5459 in
2320 5405 2533 5459 domum
2584 5403 2920 5472 pet-trahebat
2962 5418 3112 5456 suam
3145 5421 3156 5454 :
3193 5403 3275 5458 hic
3317 5419 3442 5458 vero
3472 5407 3637 5461 etiam
3678 5410 3798 5462 intra

2227 5496 2441 5548 domum
2468 5493 2733 5563 jaceutem
2760 5493 3030 5560 despexit,
3059 5508 3284 5562 cumque
3315 5495 3470 5549 talem
3501 5497 3796 5566 thesaurum

2229 5585 2465 5650 haberet,
2489 5593 2542 5639 et
2563 5585 2744 5638 salutis
2766 5584 3010 5651 paranda:
3039 5586 3332 5649 materiam,
3362 5589 3669 5654 praeteribat
3691 5605 3798 5658 quo-

2229 5677 2354 5730 tidie
2373 5719 2388 5742 ,
2419 5691 2518 5729 nec
2546 5676 2596 5728 in
2628 5674 2765 5743 quod
2793 5675 3070 5741 Oportebat
3096 5691 3221 5729 usus
3248 5687 3329 5730 est
3359 5681 3605 5747 pauperis
3638 5695 3797 5750 patro-

2231 5768 2388 5822 cinio.
2432 5768 2500 5821 At
2539 5780 2646 5820 non
2680 5765 2746 5819 ita
2787 5765 3118 5834 patriarcha,
3148 5768 3238 5823 sed
3269 5771 3442 5824 omnia
3469 5783 3674 5826 contra.
3707 5764 3798 5817 Ρῖῡ
