3906 6250
152 347 259 403 987

154 460 303 529 ζωῆς
329 456 537 529 ἐξῆλθε,
567 458 659 510 καὶ
680 457 740 510 τὸ
764 460 1102 529 προσωπεῖον
1134 454 1386 517 ἀπέθετο,
1415 452 1570 520 ῶιρυη
1597 453 1726 502 πάν-

150 561 264 596 των
299 544 416 594 ἐκεῖ
443 540 762 612 πενέστερος
793 540 889 606 ὢν,
931 542 1026 594 καὶ
1077 539 1219 593 οὕτω
1263 537 1452 607 πένης,
1489 535 1564 598 ὡς
1595 533 1727 604 μηδὲ

155 625 416 692 σταγόνος
444 623 632 686 ὓδατος
656 619 792 677 εἶναι
814 623 1020 694 κύριος,
1044 621 1158 677 ἀλλ’
1183 623 1321 692 ὑπὲρ
1343 619 1543 688 ταύτης
1563 634 1730 688 προσα

153 710 350 768 αιτείν,
382 707 478 760 καὶ
527 705 648 776 μηδ’
674 706 843 775 αὐτῆς
894 707 1167 775 ἐπιτυχεῖν
1213 704 1309 772 τῆς
1353 703 1637 771 αἰτήσεως.
1665 698 1729 750 Τί

153 789 362 858 ταύτης
389 788 488 857 τῆς
518 789 706 851 πενίας
739 789 1058 860 πενέστερον
1086 787 1280 856 γένοιτ’
1307 785 1403 849 ἄν;
1433 785 1543 837 Καὶ
1567 783 1729 836 ἄκουε

153 875 306 937 πῶς·
340 874 552 944 ,ἐπάρας
587 873 694 942 γὰρ
728 875 851 934 τούς
878 872 1188 942 ὀφθαλμοὺς
1219 869 1406 932 αὐτοῦ,
1431 866 1563 938 φησὶ
1595 866 1729 934 πρὸς

152 959 246 1009 τὸν
273 956 522 1026 Ἀϐραάμ
539 974 550 986 ·
572 956 781 1023 Πάτερ,
797 955 1060 1022 ἐλεήσόν
1073 972 1170 1024 με,
1195 955 1292 1007 καί
1321 953 1562 1021 πέμψον
1579 948 1728 1021 [7'52]

155 1039 444 1106 Λάζαρον,
484 1041 584 1093 ἵνα
621 1039 797 1107 ,βά-ψῃ
840 1039 906 1092 τὸ
945 1039 1131 1107 ἄκρον
1157 1039 1261 1092 τοῦ
1297 1037 1597 1090 δακτύλου
1627 1036 1732 1090 αὐ-

151 1123 266 1177 τοῦ
299 1123 536 1188 ὕδατος,
573 1123 671 1176 καί
711 1121 1008 1190 ἐπιστάξῃ
1037 1121 1114 1186 τῷ
1143 1121 1394 1189 στόματί
1412 1136 1550 1188 μου.
1568 1118 1731 1188 Ὁρᾷς

153 1206 324 1258 πόσον
351 1207 496 1258 ἑστὶν
549 1206 581 1274 ή
625 1203 834 1273 θλῖψις;
865 1204 1100 1274 Πλησίον
1123 1205 1252 1256 ὄντα
1282 1203 1609 1272 παρέτρεχε,
1637 1200 1732 1253 καὶ

153 1289 351 1360 πόρρω
380 1305 444 1357 γε
473 1287 600 1341 ὄντα
621 1286 772 1340 καλεῖ
790 1287 885 1340 νῦν
904 1304 920 1319 ·
960 1287 1018 1339 ὃν
1060 1286 1317 1349 πολλάκις
1337 1284 1518 1338 εἰσιών
1540 1301 1602 1335 τε
1637 1283 1732 1335 καὶ

154 1372 317 1437 tam»
337 1372 434 1441 οὐχ
461 1371 627 1442 ἑώρα,
650 1369 834 1423 τοῦτον
869 1370 1138 1440 μακρόθεν
1166 1369 1294 1423 ὄντα
1319 1369 1433 1438 μετ’
1452 1365 1732 1438 ἀκριϐείας

156 1453 368 1522 βλέπει.
397 1454 552 1517 Τίνος
590 1453 646 1505 δὲ
684 1452 868 1505 ἕνεκεν
904 1452 1066 1505 αὐτὸν
1110 1453 1245 1522 ὀρᾷ;
1294 1450 1556 1512 Πολλάκις
1603 1449 1731 1510 ίσως

153 1535 314 1590 εἶπεν
344 1541 372 1590 ὁ
403 1536 654 1602 πλούσιος
686 1529 840 1598 οὗτος
859 1553 871 1565 ο
894 1534 948 1586 τί
979 1553 1068 1605 μοι
1094 1534 1374 1595 εὐλαϐείας
1409 1533 1501 1586 καὶ
1531 1531 1732 1603 ἀρετῆς

153 1620 350 1688 χρεία;
377 1619 553 1672 πάντα
583 1635 672 1688 μοι
699 1617 950 1688 καθάπερ
974 1619 1038 1669 ἑκ
1063 1617 1251 1688 πηγῶν
1275 1617 1507 1687 ἐπιρρεῖ.
1532 1613 1730 1682 πολλῆς

153 1702 417 1755 ἀπολαύω
447 1703 546 1772 τῆς
575 1700 857 1769 ἀφθονίας,
886 1699 1084 1770 πολλῆς
1114 1700 1213 1769 τῆς
1232 1698 1547 1769 εὐημερίας,
1579 1696 1731 1748 οὐδὲν

154 1785 417 1853 ὑπομένω
435 1783 543 1838 τῶν
571 1782 846 1853 ἀδοκήτων
868 1798 881 1812 '
908 1782 1051 1846 τίνος
1067 1783 1227 1834 ’ἑνεκα
1250 1781 1581 1851 μετέρχομαι
1603 1778 1731 1846 ἀρε-

153 1869 296 1938 τήν;
329 1862 494 1927 Οὗτος
523 1867 550 1918 6
580 1866 746 1936 πένης
778 1868 835 1917 ἑν
863 1863 1176 1934 δικαιοσύνῃ
1204 1864 1298 1916 καὶ
1329 1861 1578 1930 εὐσεϐείᾳ
1601 1860 1728 1923 ζῶν,

159 1949 338 2019 μυρία
365 1950 560 2019 πάσχει
580 1949 746 2002 δεινά.
779 1947 964 2002 Ταῦτα
986 1948 1050 2017 δὴ
1079 1946 1265 2000 πολλοὶ
1285 1947 1379 1998 καὶ
1408 1945 1502 1997 νῦν
1536 1943 1732 1997 πολλά-

155 2049 249 2094 κις
273 2032 535 2098 λέγουσιν.
563 2031 658 2083 Ἵν’
693 2027 786 2084 οὖν
814 2029 1084 2104 πρόρριζα
1116 2029 1286 2081 ταῦτα
1315 2024 1633 2096 ἀνασπασθῇ
1664 2026 1734 2078 τά

155 2115 309 2167 κακά
330 2114 595 2183 δόγματα,
616 2113 888 2166 δείκνυσιν
916 2112 1085 2182 αὐτῷ,
1120 2113 1200 2165 ὃτι
1230 2113 1322 2165 καὶ
1342 2114 1409 2181 τῇ
1440 2110 1606 2179 κακίᾳ
1645 2109 1734 2161 κό-

154 2197 316 2260 λασις
343 2200 541 2258 κεῖται,
572 2197 666 2248 καὶ
701 2195 834 2266 τιμή
862 2197 955 2249 καὶ
1005 2196 1264 2263 στέφανος
1293 2196 1404 2256 τοῖς
1443 2191 1580 2261 ὑπὲρ
1636 2191 1733 2259 τῆς

154 2279 444 2342 εὐσεϐείας
470 2278 673 2342 πόνοις.
709 2279 784 2332 Οὐ
812 2278 900 2332 διὰ
927 2278 1156 2333 τοῦτοδὲ
1197 2276 1358 2348 μόνον
1379 2274 1540 2328 αὐτὸν
1571 2269 1730 2336 εἶδεν,

151 2363 275 2415 ἀλλ’
308 2363 414 2423 ἴνα,
449 2362 586 2432 ὅπερ
609 2361 807 2415 ἔπαθεν
838 2364 866 2414 6
894 2361 1082 2430 πένης,
1103 2359 1262 2413 τοῦτο
1290 2359 1382 2411 καὶ
1417 2360 1446 2410 6
1483 2355 1734 2419 πλούσιος

153 2444 310 2516 πάθῃ
341 2445 436 2498 νῦν
469 2443 606 2514 μετὰ
658 2443 904 2514 μείζονος
949 2445 1047 2513 τῆς
1093 2441 1418 2511 ὑπερϐολῆς.
1473 2439 1732 2509 Καθάπερ

151 2528 271 2596 γάρ
296 2527 486 2597 ἑκείνῳ
514 2527 898 2597 χαλεπωτέραν
931 2529 1161 2580 ἐποιεῖτο
1186 2527 1285 2595 τήν
1323 2524 1551 2593 βάσανον
1590 2523 1650 2574 τὸ
1677 2524 1732 2574 ἐν

151 2610 236 2681 τῷ
271 2609 475 2664 πυλῶνι
506 2608 597 2662 τοῦ
624 2609 879 2661 πλουσίου
912 2608 1146 2672 κεῖσθαι,
1197 2607 1291 2660 καὶ
1318 2608 1449 2677 ὁρᾷν
1486 2606 1554 2659 τά
1582 2604 1733 2658 ἁλλό-

151 2709 292 2765 τρια
325 2692 523 2760 ἀγαθά,
547 2690 689 2744 οὕτω
715 2691 778 2762 δή
809 2692 900 2745 καὶ
931 2691 1102 2760 τούτῳ
1139 2689 1524 2761 χαλεπωτέραν
1562 2687 1734 2739 ἐποίει

151 2775 260 2846 τὴν
282 2775 551 2844 τιμωρίαν
584 2775 679 2826 νῦν
705 2773 764 2827 τὸ
793 2777 849 2828 ἑν
887 2778 950 2845 τῇ
980 2775 1172 2845 γεέννῃ
1212 2773 1446 2834 κεῖσθαι,
1477 2773 1571 2825 καὶ
1603 2772 1735 2842 ὁρᾷν

154 2858 264 2928 τὴν
293 2857 386 2909 τοῦ
421 2856 675 2928 Λαζάρου
704 2859 935 2928 τρυφήν,
980 2858 1068 2911 ίνα
1108 2860 1183 2928 μὴ
1211 2861 1276 2928 τῇ
1314 2855 1602 2926 φύσειτῶν
1643 2855 1736 2925 βα-

156 2943 342 2994 σάνων
369 2940 547 3010 μόνον,
575 2940 713 2994 ἀλλὰ
753 2942 846 2993 καὶ
872 2944 938 3011 τῇ
963 2939 1261 3011 παραθέσει
1286 2941 1382 3010 τῆς
1419 2938 1629 2992 ἐκείνου
1654 2956 1737 2990 τι-

156 3021 276 3091 μῆξ
301 3023 706 3092 ἀφορητοτέραν
732 3022 828 3093 ἔχῃ
852 3023 949 3092 τὴν
973 3023 1212 3076 κόλασιν.
1245 3025 1354 3076 Καὶ
1376 3022 1626 3094 καθάπερ
1647 3023 1737 3074 τὸν

168 3105 350 3174 Ἀδὰμ
386 3104 662 3159 ἑκϐάλλων
697 3117 722 3144 ιι
753 3105 845 3159 τοῦ
880 3106 1229 3177 παραδείσου,
1273 3105 1605 3174 καταντικρὺ
1643 3105 1736 3158 τοῦ

156 3189 496 3257 παραδείσου
525 3187 827 3258 κατῴκισεν
875 3190 903 3240 6
932 3188 1084 3250 Θεὸς,
1120 3189 1208 3242 ἵνα
1251 3190 1284 3258 ή
1343 3186 1568 3257 συνεχής
1616 3187 1733 3256 ὄψις

155 3271 462 3324 ἀ·τ·ανεοῦσα
512 3271 573 3324 τὸ
607 3271 801 3334 πάθος,
847 3271 1240 3344 ἀκριϐεστέραν
1292 3271 1439 3339 αὐτῷ
1478 3273 1738 3344 παράσχῃ

155 3356 266 3425 τῆς
295 3355 620 3419 ἐκπτώσεως
651 3355 758 3407 τῶν
797 3355 1013 3423 ἀγαθῶν
1044 3356 1141 3425 τὴν
1175 3355 1454 3426 αἴσθησινῇ
1501 3356 1644 3408 οὕτω
1673 3358 1736 3426 δὴ

159 3441 262 3490 καὶ
309 3439 495 3490 τοῦτον
539 3437 827 3491 κατέναντι
873 3439 966 3489 τοῦ
1000 3437 1248 3508 Λαζάρου
1291 3437 1616 3506 κατῴκισεν,
1651 3439 1737 3490 ἶνα

160 3521 254 3591 ἴδῃ
283 3520 443 3572 τίνων
472 3520 662 3572 ἑαυτὸν
681 3519 1074 3590 ἀπεστέρησεν.
1111 3521 1377 3590 Ἔπεμψά
1407 3539 1510 3588 σοι,
1549 3523 1735 3592 φησὶν,

156 3606 245 3665 εἰς
268 3603 357 3655 τὸν
392 3603 612 3654 πυλῶνα
633 3604 722 3656 τὸν
749 3603 954 3672 πένητα
977 3603 1246 3674 Λάζαρον,
1282 3604 1370 3656 ἵνα
1406 3621 1487 3656 σοι
1517 3605 1736 3674 γένηται

154 3687 485 3748 διδάσκαλος
515 3686 738 3756 ἀρετῆς,
762 3687 854 3739 καὶ
876 3686 1283 3757 φιλανθρωπίας
1300 3689 1574 3752 ὑπόθεσιςο
1595 3707 1737 3761 παρ-

158 3769 307 3830 εῖδες
354 3771 413 3820 τὸ
463 3768 654 3840 κέρδος
677 3810 692 3834 ,
738 3770 840 3822 οὐκ
864 3769 1138 3839 ἠθέλησας
1176 3771 1256 3833 είς
1283 3771 1400 3823 δέον
1433 3772 1736 3842 χρήσασθαι

157 3856 230 3922 τῇ
280 3852 381 3920 τῆς
429 3854 702 3924 σωτηρίας
752 3855 1012 3925 ἀφορμῇ·
1049 3855 1228 3926 χρήσῃ
1257 3855 1441 3909 λοιπὸν
1479 3855 1626 3926 αὐτῴ
1659 3859 1738 3920 εἰς

161 3934 392 4003 μείζονα
419 3935 690 3998 κολάσεως
717 3937 810 3989 καὶ
837 3937 1106 4008 τιμωρίας
1138 3937 1412 3994 ὑπόθεσιν.
1459 3939 1591 3991 Ἀπὸ
1616 3939 1738 3991 τού-

158 4036 278 4072 των
307 4019 668 4089 μανθάνομεν,
694 4021 776 4072 ὅτι
800 4022 996 4083 πάντες
1021 4022 1069 4073 οί
1099 4023 1227 4092 παρ’
1252 4020 1407 4091 ήμῶν
1436 4022 1737 4092 ἐπηρεαζό-

162 4118 322 4171 μενοι
359 4103 451 4154 καὶ
500 4101 880 4172 ἀδικούμενοι,
923 4104 1062 4157 κατά
1096 4104 1384 4176 πρόσωπον
1422 4106 1580 4176 ήμῶν
1611 4109 1738 4178 στή·

161 4201 354 4237 σονται
404 4184 544 4238 τότε.
589 4185 780 4238 Καίτοι
814 4179 969 4249 οὗτος
1012 4186 1164 4240 οὐδὲν
1195 4187 1415 4257 ἠδίκητο
1445 4188 1597 4259 παρὰ
1641 4189 1735 4243 τοῦ

159 4267 424 4319 πλουσίου
441 4282 453 4294 ⁸
479 4268 537 4318 οὐ
564 4267 670 4338 γάρ
698 4271 767 4321 τά
793 4269 1000 4320 ἑκείνου
1028 4269 1184 4323 ἔλαϐε
1220 4275 1473 4341 χρήματα
1505 4275 1534 4325 6
1574 4272 1737 4324 πλού-

161 4366 307 4414 σιος,
329 4349 461 4402 ἀλλά
479 4351 587 4402 τῶν
603 4351 797 4404 ἑαυτοῦ
824 4352 884 4404 οὐ
911 4352 1231 4422 μετέδωκεν.
1250 4355 1312 4406 El
1339 4354 1395 4406 δὲ
1415 4354 1522 4406 τῶν
1543 4355 1734 4408 ἑαυτοῦ

163 4433 249 4503 μὴ
279 4432 612 4502 μεταδιδοὺς,
647 4435 944 4504 κατήγορον
967 4434 1080 4504 ἔχει
1120 4436 1210 4489 τὸν
1239 4439 1338 4490 οὐκ
1371 4438 1678 4509 ἐλεηθέντα,
1708 4442 1736 4492 6

160 4517 266 4569 καὶ
290 4515 356 4567 τά
373 4514 624 4586 ἀλλότρια
653 4516 926 4584 ἁρπάσας,
949 4519 1103 4582 ποίας
1119 4517 1361 4583 τεύξεται
1383 4521 1732 4592 συγγνώμης,

161 4597 504 4667 πανταχόθεν
537 4599 699 4652 αὐτὸν
733 4599 761 4638 δ
795 4600 1173 4670 περιεστώτων
1204 4602 1312 4655 τῶν
1363 4603 1733 4674 ήδικημένων;

160 4683 246 4734 Οὐ
272 4682 378 4752 γάρ
405 4681 694 4752 μαρτύρων
721 4683 838 4734 ἐκεῖ
870 4683 1050 4752 χρεία,
1083 4685 1204 4737 οὐδὲ
1235 4687 1573 4758 κατηγόρων,
1613 4689 1735 4742 οὐδὲ⁹

159 4765 519 4829 ἀποδείξεων,
545 4766 666 4818 οὐδὲ
711 4768 1051 4838 τεκμηρίων·
1087 4767 1203 4820 ἀλλ’
1229 4769 1369 4821 αὐτά
1415 4771 1534 4823 καθ’
1569 4773 1736 4826 ἑαυτά

158 4848 236 4900 τὰ
293 4850 590 4918 πράγματα
615 4888 630 4912 ,
685 4844 880 4920 οἷάπερ
909 4851 1050 4903 αὐτά
1095 4852 1598 4924 κατεσκευάσαμεν,
1632 4856 1736 4924 πρὸ

158 4931 279 4984 τῶν
305 4931 597 5001 ὀφθαλμῶν
629 4933 875 5000 φαίνεται
913 4933 1019 4986 τῶν
1045 4936 1350 5007 ἡμετέρων.

255 5013 383 5067 Ἰδοὺ
409 5015 517 5085 γάρ
539 5057 554 5081 ,
585 5018 768 5086 φησιν,
808 5017 1112 5088 ἄνθρωπος,
1141 5021 1234 5072 καὶ
1270 5021 1336 5074 τά
1375 5021 1511 5094 ἑργα
1539 5024 1736 5076 αὐτοῦ’

161 5097 266 5151 καὶ
293 5096 402 5167 γὰρ
435 5098 528 5150 καί
571 5099 730 5151 τοῦτο
777 5101 999 5170 ἁρπαγὴ
1049 5101 1109 5154 τὸ
1144 5103 1218 5172 μή
1273 5106 1590 5172 μεταδοῦναι
1629 5107 1737 5160 τῶν

157 5182 358 5232 ὅντων.
389 5179 499 5232 Καὶ
529 5181 668 5250 τάχα
699 5183 825 5252 ὑμῖν
848 5183 1156 5253 θαυμαστὸν
1174 5181 1310 5238 εἷναι
1339 5185 1485 5240 δοκεῖ
1507 5189 1566 5241 τὸ
1591 5189 1739 5258 λεγό-

162 5278 355 5332 μενον,
406 5262 542 5316 ἀλλά
591 5266 667 5335 μή
708 5265 1062 5336 θαυμάσητεο
1110 5268 1415 5338 μαρτυρίαν
1468 5270 1577 5342 γὰρ
1609 5274 1737 5343 ύμῖν

159 5344 277 5399 ἀπὸ
300 5343 406 5396 τῶν
429 5345 585 5399 θείων
603 5347 904 5417 παρέξομαι
925 5350 1152 5420 Γραφῶν
1180 5351 1460 5419 λέγουσαν,
1483 5355 1564 5407 ὅτι
1589 5358 1648 5409 οὐ
1677 5358 1739 5408 τὸ

157 5430 230 5480 τὰ
254 5427 506 5499 ἀλλότρια
536 5429 803 5499 ἁρπάζειν
840 5432 1020 5501 μόνον,
1047 5432 1183 5487 ἀλλά
1207 5436 1298 5488 καὶ
1327 5436 1512 5490 τὺτῶν
1541 5439 1735 5493 ἑαυτοῦ

227 5653 256 5681 ⁸
275 5652 477 5712 Aliquot
496 5667 612 5702 mss.
633 5655 857 5702 éxCan.

227 5712 258 5752 δ
283 5716 483 5777 Aliquot
506 5727 616 5762 mss.
644 5719 786 5780 αὐτῷ.

1351 329 1440 386 DE
1475 328 1756 390 LAZARO—
1783 331 2031 394 CONCIO
2067 337 2136 395 Π.

3286 339 3391 395 983

1833 453 1907 523 μή
1929 451 2264 523 μεταδιδόναι
2291 450 2516 522 ἑτέροις,
2544 451 2636 504 καὶ
2660 449 2816 502 τοῦτο
2840 447 3064 519 ἀρπαγὴ
3094 449 3395 506 καὶπλεον-

1829 535 1947 598 εξία
1994 535 2088 587 καὶ
2111 533 2476 602 ἀποστέρησίς
2495 535 2636 586 ἐστι.
2673 533 2768 596 Τίς
2786 528 2876 585 οὖν
2895 535 3042 585 ἑστιν
3064 531 3201 603 αὐτη
3223 549 3236 596 ;
3269 534 3394 597 Τοῖς

1841 617 2117 680 Ἰουδαίοις
2142 615 2387 686 ἐγκαλῶν
2409 618 2436 668 6
2466 616 2600 676 Θεὸς
2630 615 2716 668 διὰ
2745 615 2836 668 τοῦ
2862 617 3161 687 προφήτου,
3196 616 3359 685 φησίν
3380 632 3393 646 ο

1843 699 2195 770 Ἐξήνεγκεν
2230 698 2265 761 ’ἡ
2284 697 2360 767 γῆ
2389 699 2460 753 τὰ
2489 699 2734 766 ἐκφόρια
2758 698 2974 766 αὐτῆς,
3005 699 3102 752 καὶ
3131 701 3240 752 οὐκ
3283 702 3398 752 εἱσ-

1828 782 2120 849 ηνέγκατε
2141 781 2210 833 τὰ
2230 779 2548 841 επιδέκατα
2567 798 2581 813 ·
2619 782 2754 834 ἀλλ’
2779 783 2815 848 ἡ
2847 781 3082 850 ἁρπαγὴ
3113 781 3217 834 τοῦ
3247 781 3395 853 [755]

1830 865 2068 933 πτωχοῦ
2093 865 2162 917 ἐν
2186 865 2310 920 τοῖο
2329 866 2516 930 οἴκοις
2553 864 2739 933 ὑμῶν.
2787 865 3002 936 Ἐπειδὴ
3026 868 3126 929 τὰς
3159 883 3399 937 προσφο-

1832 949 1952 1019 ράς,
1985 949 2138 1016 φησὶ,
2163 948 2263 1010 τάς
2290 947 2542 1015 εἰωθυίας
2562 950 2662 1002 οὐκ
2699 949 2958 1012 ἐδώκατε,
3006 952 3289 1020 ήρπάσατε
3329 951 3398 1003 τά

1827 1031 1923 1083 τοῦ
1953 1032 2204 1102 πένητος.
2238 1030 2410 1083 Τοῦτο
2436 1031 2492 1084 δὲ
2525 1031 2693 1100 λέγει,
2720 1032 2934 1095 δεικνὺς
2958 1036 3069 1096 τοῖς
3103 1035 3396 1100 πλουσίοις,

1829 1113 1910 1165 ὅτι
1934 1112 2001 1166 τά
2029 1113 2138 1165 τῶν
2183 1114 2430 1182 πενήτων
2457 1113 2660 1183 ἔχουσι,
2692 1114 2795 1167 κᾶν
2825 1115 3077 1184 πατρῷον
3116 1116 3398 1181 διαδέξων-

1828 1212 1920 1247 ται
1953 1195 2174 1266 κλῆρον,
2201 1196 2305 1250 κᾶν
2329 1196 2651 1266 όθενδήποτε
2693 1197 2984 1261 συλλέξωσι
3021 1198 3088 1250 τά
3122 1201 3396 1269 χρήματα.

1830 1279 1938 1330 Καὶ
1966 1279 2127 1331 πάλιν
2177 1279 2412 1348 ἀλλαχοῦ
2446 1279 2624 1347 λέγει’
2661 1279 2756 1348 Μὴ
2809 1281 3238 1349 ἀποστερήσῃς
3287 1283 3402 1350 τὴν

1831 1361 1982 1429 ζωὴν
2003 1362 2109 1416 τοῦ
2139 1362 2416 1431 πτωχοῦ’
2472 1365 2582 1416 ὧδὲ
2637 1364 2985 1436 ἀποστερῶν,
3032 1366 3100 1420 τά
3146 1367 3401 1439 ἀλλότρια

1829 1443 2153 1514 ἀποστερεῖ·
2190 1444 2554 1515 ἀποστέρησις
2586 1446 2693 1516 γάρ
2719 1446 2933 1515 λέγεται
2957 1489 2970 1508 .
3000 1449 3127 1502 ὅταν
3149 1450 3218 1502 τά
3244 1451 3400 1504 ἀλλό-

1830 1542 1955 1597 τρια
1985 1526 2238 1590 λαϐόντες
2259 1529 2595 1599 κατέχωμεν.
2622 1531 2728 1582 Κοιί
2757 1529 2843 1583 διὰ
2860 1530 3048 1583 τούτου
3077 1532 3256 1585 τοίνυν
3278 1537 3402 1586 παι-

1829 1608 2115 1680 δευόμεθα,
2147 1612 2228 1664 ὅτι
2256 1613 2384 1665 ὅταν
2407 1613 2775 1685 ἐλεημοσύνην
2809 1618 2881 1686 μή
2917 1617 3305 1688 παράσχωμεν,
3343 1621 3402 1671 ἐν

1834 1690 1932 1762 ἴσῳ
1966 1696 2078 1756 τοῖς
2104 1694 2463 1765 ἀποστεροῦσι
2497 1697 2836 1768 κολασόμεθα
2869 1709 2914 1751 ο.
2961 1702 3261 1754 Δεσποτικά
3293 1703 3401 1772 γάρ

1831 1775 1946 1828 ἑστι
1970 1776 2038 1829 τά
2060 1778 2165 1847 χρή
2176 1794 2340 1847 ματα,
2365 1777 2484 1831 ὅθεν
2513 1777 2578 1833 ἂν
2599 1780 2738 1834 αὐτὰ
2765 1782 3103 1852 συλλέξωμεν
3121 1799 3134 1814 '
3167 1784 3268 1837 κᾶν
3289 1789 3402 1850 τοῖς

1830 1860 2104 1930 δεομένοις
2151 1861 2291 1915 αὐτὰ
2341 1863 2682 1934 παρέξωμεν,
2754 1866 2953 1934 πολλῆς
3008 1866 3401 1940 ἑπιτευξόμεθα

1830 1943 1931 2012 τῆς
1955 1943 2232 2011 ἀφθονίας.
2259 1945 2369 1997 Καὶ
2406 1945 2494 1999 διὰ
2520 1946 2680 2000 τούτὸ
2730 1965 2814 2002 σοι
2852 1949 3073 2004 πλείονα
3107 1953 3250 2022 ἔχειν
3281 1970 3403 2006 συν-

1832 2025 2109 2096 εχώρησεν
2135 2029 2163 2079 6
2204 2027 2356 2091 Θεὸς,
2410 2030 2509 2098 οὐχ
2542 2029 2628 2083 ἵνα
2665 2033 2745 2095 είς
2776 2033 3048 2104 πορνείαν,
3085 2036 3178 2088 καὶ
3211 2035 3399 2105 μέθην,

1833 2109 1926 2161 καὶ
1951 2110 2278 2178 ἀδηφαγίαν,
2312 2111 2406 2164 καὶ
2427 2113 2654 2182 ίματίων
2683 2115 3048 2182 πολυτέλειαν,
3083 2119 3175 2171 καὶ
3203 2119 3296 2188 τὴν
3318 2119 3406 2172 ἄλ-

1831 2190 1929 2262 λην
1961 2191 2215 2262 βλακείαν
2231 2194 2540 2267 ἀναλώσῃς,
2571 2196 2684 2250 ἀλλ’
2717 2199 2802 2251 ἴνα
2827 2201 2940 2263 τοῖς
2970 2200 3244 2271 δεομένοις
3266 2203 3404 2254 αὐτά

1831 2276 2130 2349 διανείμῃς.
2196 2279 2464 2351 Καθάπερ
2496 2280 2604 2350 γάρ
2660 2282 2961 2354 ύποδέκτης
3014 2303 3099 2351 τις
3149 2286 3405 2357 βασιλικά

1831 2359 2122 2430 δεξάμενος
2153 2363 2427 2432 χρήματα,
2458 2363 2524 2416 ἂν
2558 2367 2716 2432 ἀφεὶς
2761 2361 2838 2430 οἷς
2867 2367 2930 2420 ἂν
2967 2368 3254 2441 κελεύηται
3293 2372 3406 2424 δια-

1833 2445 2050 2511 νεῖμαι,
2098 2446 2177 2507 είς
2226 2446 2428 2497 οἰκείαν
2468 2447 2822 2521 καταναλώσῃ
2863 2449 3140 2519 βλακείαν,
3176 2453 3404 2518 εὐθύνας

1833 2525 2014 2578 δίδωσι
2044 2527 2139 2578 καὶ
2174 2529 2612 2598 προσαπόλλυται
2630 2549 2643 2564 ο
2669 2532 2810 2587 οὕτω
2837 2535 2900 2604 δὴ
2928 2537 3017 2588 καὶ
3061 2539 3088 2590 6
3115 2538 3363 2603 πλούσιος
3383 2583 3400 2606 ,

1835 2607 2132 2678 ὐποδέκτης
2184 2612 2268 2674 τίς
2317 2615 2432 2664 ἑστι
2460 2613 2570 2667 τῶν
2600 2618 2706 2678 τοῖς
2763 2617 2988 2687 πένησιν
3039 2620 3404 2691 ὀφειλομένων

1832 2692 2131 2776 χρημάτων
2154 2693 2563 2766 διανεμηθῆναι,
2596 2699 2909 2770 ἐπιταχθεὶς
2939 2701 3079 2754 αύτά
3127 2703 3402 2776 διανέμειν

1833 2775 1940 2828 τῶν
1957 2775 2146 2828 ἑαυτοῦ
2173 2777 2468 2832 συνδούλων
2495 2783 2608 2843 τοῖς
2639 2781 2974 2852 πενομένοις.
3015 2787 3108 2838 Ἂν
3127 2783 3218 2839 οὐν
3245 2789 3403 2843 πλέον

1835 2876 1886 2912 τι
1922 2859 2024 2929 τῆς
2056 2859 2246 2929 χρείας
2303 2862 2383 2924 είς
2432 2863 2621 2917 ἑαυτὸν
2653 2865 2903 2939 ἀναλώσῃ
2949 2869 3048 2938 τῆς
3081 2871 3400 2939 ἀναγκαίας,

1835 2941 2222 3012 χαλεπωτάτας
2250 2945 2365 2996 ἐκεῖ
2399 2944 2561 2998 δώσει
2590 2947 2688 3010 τάς
2713 2949 2962 3015 εὐθύνας.
3007 2954 3080 3005 Οὐ
3120 2953 3227 3026 γάρ
3257 2957 3404 3009 ἑστιν

1835 3025 2000 3078 αὐτοῦ
2026 3025 2093 3078 τὰ
2116 3025 2278 3079 αὐτοῦ
2304 3065 2319 3089 ,
2354 3026 2491 3080 ἀλλά
2518 3028 2628 3082 τῶν
2661 3031 2955 3087 συνδούλων
2985 3036 3090 3089 τῶν
3117 3025 3329 3092 ἑαυτοῦ.

1907 3137 1968 3186 ε’.
1991 3130 2304 3202 Φειδώμεθα
2328 3133 2505 3187 τοίνυν
2531 3135 2730 3199 αὐτῶν,
2756 3138 2831 3200 ὡς
2855 3139 3166 3212 ἀλλοτρίων,
3200 3144 3285 3198 ἵνα
3313 3145 3403 3213 γέ-

1835 3231 1992 3285 νηται
2020 3213 2286 3288 ἡμέτερα.
2305 3219 2434 3283 Πῶς
2453 3217 2509 3270 δὲ
2545 3219 2724 3273 αὐτῶν
2763 3224 3060 3293 φεισόμεθα
3087 3269 3100 3290 ,
3151 3227 3226 3290 ὡς
3251 3229 3405 3282 ἀλλο-

1838 3296 2033 3382 τρίων;
2075 3297 2243 3382 Ὅταν
2278 3299 2353 3370 μή
2410 3301 2489 3364 εἰς
2541 3303 2801 3372 περιττὰς
2839 3307 2978 3360 αὐτὰ
3029 3310 3404 3382 ἀναλίσκωμεν

1836 3381 2057 3449 χρείας,
2097 3381 2231 3452 μηδὲ
2281 3385 2360 3446 είς
2404 3386 2682 3456 ήμετέρας
2713 3388 2893 3456 μόνον,
2945 3392 3080 3446 ἀλλά
3129 3397 3247 3458 ταῖς
3296 3381 3404 3448 τῶν

1837 3465 2085 3551 πενήτων
2128 3465 2268 3551 αὐτὰ
2314 3470 2742 3540 συμμερίζωμεν
2798 3475 2988 3542 χερσί·
3027 3477 3133 3531 κᾶν
3175 3478 3405 3551 εὔπορος

1836 3542 1922 3620 ᾖς,
1958 3547 2117 3600 πλέον
2149 3549 2205 3600 δέ
2228 3566 2279 3601 τι
2310 3551 2408 3619 τῆς
2449 3553 2638 3622 χρείας
2669 3555 2985 3629 ἀναλίσκῃς,
3027 3560 3181 3628 λόγον
3212 3542 3402 3628 δώσεις

1835 3629 1943 3682 τῶν
1985 3629 2451 3700 ἑμπιστευθέντων
2482 3651 2562 3685 σοι
2600 3638 2914 3708 χρημάτων.
2967 3642 3135 3697 Τοῦτο
3184 3649 3277 3699 καὶ
3307 3649 3399 3700 ἐπὶ

1835 3711 1943 3764 τῶν
1968 3713 2154 3765 οἰκιῶν
2183 3713 2392 3781 γίνεται
2411 3714 2517 3768 τῶν
2541 3720 2811 3788 μεγάλων.
2843 3723 3032 3778 Πολλοὶ
3066 3727 3194 3794 γοῦν
3223 3731 3291 3783 τά
3311 3748 3403 3784 τα-

1841 3799 1966 3865 μεῖα
1999 3797 2064 3848 τὰ
2092 3797 2297 3851 ἑαυτῶν
2324 3802 2436 3862 τοῖς
2466 3802 2704 3865 οἰκέταις
2719 3808 2829 3870 τοῖς
2857 3809 3063 3862 ἑαυτῶν
3094 3814 3402 3866 ἐνεπίστευ-

1839 3896 1936 3931 σαν
1955 3897 1970 3910 σ
2001 3880 2117 3932 ἀλλ’
2145 3881 2294 3952 ὅμως
2322 3885 2371 3934 οί
2415 3887 2794 3951 πιστευθέντες
2835 3893 3030 3946 ἐκεῖνοι
3077 3896 3403 3963 φυλάττουσι

1836 3964 1904 4016 τά
1921 3964 2196 4033 δεδομένα,
2211 3967 2306 4018 καὶ
2327 3970 2424 4020 οὐκ
2447 3970 2792 4048 ἀποχρῶνται
2813 3977 2926 4038 τοῖς
2945 3978 3400 4049 ἑμπιστευθεῖσιν,

1837 4047 1952 4100 ἀλλ’
1996 4044 2075 4111 οἷς
2112 4048 2178 4102 ἂν
2219 4053 2247 4103 6
2274 4051 2566 4123 δεσπότης,
2611 4044 2704 4107 καὶ
2748 4058 2907 4127 ήνίκα
2948 4044 3196 4134 κελεύσῃ,
3227 4044 3402 4118 διανὲλ

1839 4149 2018 4218 μουσι.
2044 4134 2212 4187 Τοῦτο
2243 4136 2337 4188 καὶ
2365 4138 2428 4189 σὺ
2460 4138 2701 4208 ποίησον.
2720 4141 2831 4193 Καὶ
2858 4144 2965 4214 γὰρ
2989 4145 3173 4209 ἔλαϐες
3203 4150 3404 4218 ἑτέρων

1837 4216 2076 4274 πλείονα,
2106 4219 2202 4270 καὶ
2220 4219 2482 4283 ὐπεδέξω,
2515 4223 2612 4292 οὐχ
2639 4224 2725 4274 ἵνα
2745 4224 2881 4278 αὐτά
2911 4227 3190 4300 ἀναλώτῃς
3221 4216 3402 4302 μόνος,

1836 4300 1950 4352 ἀλλ’
1981 4301 2068 4356 ἵνα.
2094 4302 2188 4356 καὶ
2229 4305 2438 4374 ἑτέροις
2470 4308 2749 4379 οἰκονόμος
2788 4315 2923 4386 γένῃ
2955 4313 3138 4379 καλός.

1908 4404 2090 4494 ῖΑξιον
2110 4405 2177 4494 δὲ-
2193 4408 2414 4494 κάκεῖνο
2443 4409 2679 4494 ,ζητῆσαι
2709 4414 2758 4478 ά,
2792 4415 2843 4467 τί
2871 4416 3070 4486 δήποτε
3114 4421 3234 4490 οὐχὶ
3273 4433 3407 4494 παρ’

1837 4488 2007 4559 ἑτέρῳ
2034 4489 2224 4556 δικαίῳ
2252 4493 2344 4544 τὸν
2375 4493 2624 4565 Λάζαρον
2655 4500 2774 4568 ὁρᾷ,
2806 4499 2919 4552 ἀλλ’
2950 4504 3008 4554 ἑν
3042 4506 3153 4566 τοῖς
3181 4488 3401 4569 κόλποίς

1819 4569 1944 4624 ἐἶδε
1975 4572 2069 4656 τοῦ
2117 4572 2388 4656 Ἀϐραάμ.
2419 4577 2695 4644 Φιλόξενος
2721 4578 2789 4650 ἦν
2824 4584 2852 4634 6
2897 4585 3145 4656 Ἀϐραάμ
3165 4607 3176 4619 ·
3216 4588 3281 4642 ἵν’
3305 4587 3398 4643 οὖν

1836 4657 1929 4738 καί
1954 4650 2110 4718 οὗτος
2145 4655 2361 4727 ἔλεγχος
2384 4662 2532 4730 αὐτῴ
2569 4664 2793 4734 γένηται
2819 4667 2918 4738 τῆς
2952 4650 3273 4738 μίσοξενίας,
3311 4673 3398 4726 διὰ

1836 4736 1993 4790 τοῦτο
2013 4738 2172 4792 αὐτὸν
2212 4741 2328 4810 μετ’
2364 4745 2571 4796 ἐκείνου
2608 4747 2815 4816 βλέπει.
2875 4736 3116 4818 Ἐκεῖνος
3169 4736 3277 4827 γάρ
3306 4759 3397 4810 καὶ

1835 4821 1960 4884 τούς
2006 4822 2301 4892 παριόντας
2352 4826 2598 4896 ἐθήρευε,
2643 4831 2735 4882 καί
2763 4833 2843 4894 είς
2880 4836 2978 4905 τήν
3017 4840 3192 4892 οἰκίαν
3224 4836 3400 4894 εἷλκεν

1836 4903 1965 4954 εἴσω
1997 4904 2094 4973 τήν
2117 4906 2308 4958 ἑαυτοῦ
2326 4925 2338 4936 ·
2366 4904 2521 4973 οὗτος
2546 4911 2600 4962 δὲ
2631 4915 2723 4964 καὶ
2747 4915 2838 4967 τὸν
2863 4903 2969 4970 ἔσω
2986 4924 3233 4989 κείμενον
3265 4942 3403 4997 παρ-

1839 4984 2006 5055 εώρα,
2044 4989 2137 5039 καὶ
2202 4989 2474 5061 θησαυρὸν
2516 4995 2768 5048 τοσοῦτον
2817 4999 2952 5068 ἔχων
2997 4984 3090 5055 καί
3131 4984 3402 5076 σωτηρίάς

1839 5067 2114 5154 ὐπόθεσιν,
2165 5072 2465 5143 παρέτρεχε
2519 5077 2639 5128 καθ’
2671 5067 2906 5149 ἑκάστην
2927 5085 3156 5154 ἡμέραν.
3187 5067 3404 5143 καῖοωὶ

1836 5151 2107 5221 ἐχρήσατο
2140 5155 2220 5215 είς
2266 5154 2382 5208 δέον
2406 5159 2471 5225 τῇ
2501 5157 2592 5210 τοῦ
2623 5161 2850 5230 πένητος
2892 5151 3215 5239 προστασία.
3261 5171 3404 5224 Ἀλλ’

1836 5232 1932 5302 οὐχ
1959 5235 1986 5285 6
2016 5237 2362 5307 πατριάρχης
2404 5239 2660 5305 τοιοῦτος,
2699 5244 2835 5297 ἀλλά
2885 5232 3190 5304 τούναντίον
3221 5253 3364 5307 άπαν
3386 5269 3399 5282 ⁶

1839 5315 1945 5383 πρὸ
1968 5317 2075 5370 τῶν
2098 5317 2276 5390 θυρῶν
2303 5320 2609 5392 καθήμενος
2631 5328 2925 5400 ἐσαγήνευε
2955 5334 3078 5395 τούς
3110 5338 3404 5408 παριόντας

1957 5560 2058 5624 Duo
2077 5564 2517 5624 ηκδνκολαζὸμεθα.

1899 5617 1927 5688 εἰ
1951 5620 2047 5692 Alii
2068 5622 2258 5694 κάκεῖνο
2281 5617 2522 5702 ςῃοῆσαιε
2551 5628 2672 5677 infra
2697 5633 2874 5702 a_liquol
2907 5651 3019 5686 mss.
3053 5645 3131 5690 καὶ
3163 5647 3189 5691 6
3217 5646 3405 5702 Παύὶος

1839 5680 2004 5788 τοῦτρῖ
2031 5683 2231 5790 ἐπαινῶν
2277 5680 2417 5746 ἐλεγε-
2445 5689 2639 5739 διώκετε
2681 5680 3197 5764 τὴντφζλοξενίφῖδιξ

1842 5757 1927 5790 γαο
1948 5758 1966 5790 ε
1998 5760 2027 5789 α
2056 5760 2124 5790 ον.

1842 5757 1927 5804 γαρ
1948 5757 2124 5793 ελαηον.
