3906 6236
96 362 197 419 939

95 480 295 535 for.lms
345 474 537 531 sedens
588 473 877 555 venabatur;
927 480 1304 541 przetereuntes
1351 482 1571 535 omnes,
1622 475 1675 519 et

93 567 540 638 quemadmodum
587 567 836 634 piscator,
877 562 1019 634 j‘acto
1048 563 1099 617 in
1139 576 1284 616 mare
1315 561 1445 625 reti,
1478 561 1675 629 piscem

93 660 307 728 quidem
351 658 597 721 attrahit,
627 656 844 710 attrahit
879 666 1053 709 autem
1086 657 1384 723 frequenter
1413 663 1465 706 ct
1490 666 1674 705 aurmn

93 765 143 806 et
184 752 539 822 margaritas:
574 750 753 805 itidem
796 760 849 804 et
894 749 978 802 hic
1021 749 1115 802 reti
1156 756 1371 815 captans
1400 746 1673 808 homines,

97 847 325 914 piscatus
367 852 448 897 est
492 841 718 896 tamdem
763 850 815 894 et
862 840 1115 909 angelus,
1156 838 1399 907 quodque
1434 836 1672 900 mireris,

94 938 252 989 etiam
292 935 524 989 insciens
558 932 705 998 (Gen.
740 933 823 985 18.
855 932 932 999 2).

165 1026 505 1096 liospitalitas
530 1027 581 1078 in
608 1042 793 1078 omnes.
816 1055 883 1064 —
910 1024 963 1077 ld
991 1023 1128 1092 quod
1154 1030 1206 1075 et
1231 1021 1420 1075 Paulus
1444 1020 1494 1073 in
1523 1019 1677 1087 hujus

95 1118 338 1172 laudibus
366 1117 500 1171 dixit
530 1134 543 1169 :
578 1115 952 1182 Hospitalitatis
978 1114 1129 1166 nolite
1156 1111 1375 1165 oblivisci
1398 1125 1416 1163 :
1438 1126 1525 1178 per
1546 1110 1677 1161 hanc

93 1211 221 1261 enim
256 1209 497 1278 quidam,
540 1208 799 1260 inscientes
820 1248 833 1265 ,
868 1206 1081 1271 hospitio
1119 1208 1416 1271 exceperunt
1466 1201 1675 1271 angelos

93 1297 283 1359 (Hebr.
309 1296 394 1349 15.
416 1294 498 1359 2).
525 1293 600 1347 Ac
619 1292 931 1355 rectcdixit,
959 1291 1253 1343 inscientes.
1283 1291 1411 1344 Nam
1437 1291 1480 1344 si
1506 1290 1678 1344 sciens

95 1390 212 1442 illos
241 1388 540 1456 excepisset
568 1395 711 1440 tanta
747 1401 865 1441 cum
897 1383 1264 1440 benevolentia
1285 1422 1300 1449 ,
1333 1382 1462 1435 nihil
1502 1380 1676 1450 magni

96 1481 281 1534 mirive
310 1478 543 1533 fecisset.
570 1477 676 1533 Sed
703 1479 815 1532 haec
845 1486 951 1530 tota
982 1478 1115 1540 laus,
1139 1474 1275 1544 quod
1298 1474 1543 1543 ignorans
1564 1476 1679 1541 qui-

96 1588 213 1625 nam
249 1580 431 1625 essent
470 1572 559 1639 qui
601 1570 942 1640 prmteribant
964 1608 980 1634 ,
1014 1584 1111 1622 nec
1138 1567 1280 1620 aliud
1309 1581 1427 1620 esse
1456 1566 1678 1639 credens

94 1678 249 1732 quam
292 1662 537 1715 homines
568 1663 825 1725 viatores,
854 1676 971 1713 cum
1004 1668 1145 1713 tanta
1173 1658 1443 1712 alacritate
1474 1656 1679 1710 vocavit

98 1755 253 1807 intro.
284 1752 365 1807 Tu
394 1752 607 1822 quidem
639 1752 797 1820 igitur
835 1750 878 1804 si
912 1766 1067 1819 quem
1103 1749 1329 1803 nobilem
1360 1762 1422 1801 ac
1447 1745 1679 1815 splendi-

96 1846 215 1898 dum
253 1843 562 1913 exceperis,
610 1843 931 1911 multamque
975 1841 1282 1911 prazstiteris
1318 1839 1675 1902 alacritatem,

97 1936 165 1988 nil
202 1936 397 1988 mirum
428 1944 526 1987 est.
570 1932 701 1988 Nam
734 1934 898 1986 virtus
931 1933 1045 2000 ejus
1074 1931 1163 2001 qui
1198 1930 1484 1999 excipitur,
1519 1930 1677 1981 etiam

98 2029 471 2098 inhospitalem
519 2026 825 2095 frequenter
865 2026 1059 2094 adigit,
1093 2034 1148 2078 ut
1183 2038 1394 2077 omnem
1435 2020 1681 2076 exhibeat

99 2119 475 2173 humanitatem
506 2135 520 2171 :
550 2124 800 2171 caeterum
831 2115 955 2168 illud
988 2114 1271 2167 maximum
1297 2121 1349 2167 et
1375 2111 1681 2165 admiratio-

97 2227 159 2265 ne
186 2211 442 2276 dignum,
475 2210 682 2278 quoties
716 2217 766 2262 et
803 2208 1046 2277 vulgares
1081 2218 1133 2261 et
1171 2206 1405 2276 abjectos
1441 2220 1503 2259 ac
1549 2204 1680 2258 viles

98 2304 258 2355 multa
300 2316 423 2354 cum
474 2300 842 2355 benevolentia
881 2298 1191 2368 excipimus.
1234 2298 1515 2366 Propterea
1554 2296 1682 2351 dicit

97 2394 339 2448 Christus
373 2392 681 2446 collaudans
707 2408 800 2447 eos
827 2393 912 2462 qui
955 2393 1022 2445 ita
1054 2390 1252 2446 faciunt
1283 2408 1296 2443 :
1330 2389 1577 2459 Quicquid
1603 2392 1680 2457 [e-

99 2487 257 2539 ccritis
285 2486 376 2539 uni
401 2502 463 2539 ea:
490 2486 566 2539 his
593 2486 811 2539 minimis
831 2526 845 2549 ,
876 2485 961 2553 qui
990 2484 1194 2537 credunt
1223 2485 1276 2537 in
1303 2500 1411 2547 me,
1450 2483 1573 2535 mihi
1603 2486 1680 2552 [c-

98 2579 277 2630 ceritis.
327 2580 405 2631 Ac
449 2594 632 2631 rursus
654 2618 669 2642 ,
713 2576 795 2629 Ita
831 2594 930 2628 non
966 2586 1036 2628 est
1068 2577 1298 2628 voluntas
1334 2591 1501 2627 coram
1534 2575 1683 2628 Patre

104 2680 257 2722 vestro
277 2711 291 2734 ,
326 2680 378 2721 ut
410 2679 581 2739 pereat
610 2685 739 2721 unus
767 2685 827 2721 ea“.
858 2669 1053 2737 pusillis
1088 2669 1193 2720 istis
1220 2665 1430 2736 (Matth.
1458 2666 1547 2719 25.
1576 2665 1678 2728 45ς

101 2773 141 2813 et
170 2761 255 2815 18.
298 2761 387 2829 14)
412 2775 426 2822 ;
454 2775 515 2813 ac
558 2760 744 2813 iterum
767 2800 781 2821 ,
816 2759 1122 2827 Quicumque
1150 2756 1411 2823 o/Tenderit
1441 2772 1591 2808 unum
1622 2771 1683 2809 ea:

103 2852 296 2920 pusillis
346 2852 485 2915 istis,
516 2852 717 2920 expedit
760 2852 807 2903 ei
842 2861 893 2903 ut
937 2851 1252 2921 appendatur
1288 2848 1423 2901 mola
1460 2848 1683 2901 asinaria

102 2946 230 2996 circa
258 2942 449 2996 collum
476 2943 637 3009 illius,
660 2952 707 2996 et
730 2942 994 3013 abjiciatur
1019 2943 1071 2994 in
1096 2958 1234 2993 mare
1267 2939 1367 3007 (Ib.
1401 2956 1448 2992 v.
1481 2940 1554 3008 6).
1587 2939 1683 2991 De-

105 3035 253 3104 nique
291 3034 494 3088 multus
536 3034 730 3103 ubique
764 3045 845 3088 est
871 3033 1082 3086 Christo
1109 3033 1175 3086 de
1213 3032 1417 3101 pusillis
1443 3041 1496 3085 et
1526 3031 1683 3084 mini-

104 3126 197 3179 tnis
223 3142 405 3180 sermo
441 3142 456 3180 :
486 3126 625 3195 quod
654 3126 866 3195 quidem
893 3124 1158 3179 Abraham
1190 3126 1362 3177 sciens
1390 3138 1493 3177 non
1519 3138 1683 3176 excu-

106 3220 258 3274 tiebat
282 3220 471 3290 quales
495 3228 672 3273 essent
698 3228 1074 3287 praetereuntes
1092 3258 1107 3283 ,
1130 3232 1227 3271 nec
1250 3216 1387 3271 unde
1409 3216 1680 3278 venirent,

105 3310 549 3379 quemadmodum
597 3324 693 3363 nos
732 3323 871 3362 nunc
905 3307 1160 3374 facimus,
1196 3308 1289 3362 sed
1326 3307 1441 3361 sine
1477 3307 1683 3360 delectu

105 3411 483 3471 pr:etcrcnntes
508 3400 804 3470 excipiebat
827 3416 1031 3455 omnes.
1054 3400 1184 3455 Nam
1210 3415 1330 3454 eum
1358 3400 1443 3468 qui
1470 3407 1687 3468 przestat

108 3494 483 3548 humanitatem
508 3536 522 3556 ,
553 3508 658 3547 non
687 3502 894 3562 oportet
922 3506 1208 3561 exposcere
1233 3492 1352 3545 vita:
1386 3490 1641 3544 rationem
1666 3530 1682 3556 ,

106 3584 194 3637 sed
220 3585 416 3653 inopia:
442 3583 665 3647 mederi,
696 3583 1101 3651 necessitatique
1129 3582 1423 3650 providere.

173 3675 360 3746 Egenli
398 3677 473 3729 vel
515 3676 883 3747 improbissimo
924 3676 1323 3744 impertiendum.
1365 3704 1438 3715 —
1463 3673 1685 3729 Unicum

110 3765 261 3821 habet
279 3767 633 3835 patrocinium
661 3781 876 3835 pauper,
902 3773 1187 3835 egestatem
1210 3780 1271 3819 ac
1293 3766 1682 3831 necessitatem,

109 3872 171 3911 ne
198 3858 325 3926 quid
356 3857 423 3911 ab
464 3858 552 3911 illo
580 3857 813 3926 postules
850 3857 1074 3925 amplius
1103 3874 1115 3909 :
1149 3856 1240 3911 sed
1285 3856 1489 3909 etiamsi
1533 3854 1689 3908 fuerit

107 3948 343 4000 omnium
376 3946 793 4016 improbissimus
816 3988 829 4009 ,
858 3956 910 4000 ct
939 3946 1143 4015 eguerit
1185 3946 1484 4000 necessario
1511 3946 1649 4000 victu
1668 3987 1683 4010 ,

110 4037 356 4091 sedemus
399 4037 539 4090 illius
584 4037 793 4091 famem.
829 4036 898 4089 Ita
929 4046 980 4090 et
1009 4036 1246 4090 Christus
1285 4035 1399 4091 fieri
1440 4038 1690 4105 praecepit

111 4128 287 4181 dicens
324 4148 338 4181 :
371 4127 571 4193 Estote,
608 4127 807 4197 inquit,
836 4129 1020 4182 similes
1045 4126 1215 4181 Patris
1242 4128 1390 4181 vestri
1421 4128 1504 4199 qui
1538 4138 1608 4180 est
1636 4129 1689 4182 in

110 4219 262 4283 ctelis,
292 4219 382 4287 qui
412 4219 565 4271 solent
593 4235 739 4271 suum
770 4220 893 4271 oriri
919 4220 1040 4289 facit
1079 4235 1230 4287 super
1255 4219 1409 4272 bonos
1434 4231 1477 4273 et
1508 4221 1684 4286 malos,

112 4318 153 4362 et
178 4311 303 4381 pluit
338 4327 488 4380 super
513 4315 677 4376 iustos
704 4322 747 4363 et
779 4311 992 4381 injustas
1018 4310 1229 4380 (Matth.
1258 4312 1311 4365 5.
1343 4312 1457 4379 45).
1498 4310 1690 4366 Portus

114 4414 188 4457 ist
236 4404 287 4458 in
343 4404 657 4458 necessitate
707 4405 1109 4458 constitutorum
1159 4404 1318 4458 homo
1364 4405 1687 4459 misericors.

117 4493 299 4547 Portus
340 4504 514 4548 autem
541 4509 761 4558 omnes,
796 4495 882 4563 qui
922 4496 974 4548 in
1014 4495 1334 4565 naufragium
1375 4494 1689 4561 inciderint,

114 4586 303 4655 excipit
337 4586 651 4653 liberatquc,
679 4600 789 4639 szve
820 4586 940 4638 mali
974 4586 1186 4650 fuerint,
1216 4589 1327 4640 sive
1364 4587 1505 4650 boni,
1540 4585 1692 4639 deni-

115 4692 214 4744 que
246 4678 572 4746 quicumque
600 4676 793 4730 fuerint
823 4678 910 4745 qui
943 4678 1323 4745 periclitantur,
1352 4678 1403 4730 in
1430 4678 1578 4731 sinus
1607 4678 1694 4732 ille

116 4784 238 4824 suos
264 4770 484 4835 excipit.
515 4769 594 4823 Tu
627 4769 845 4837 proinde
885 4771 928 4823 si
965 4771 1158 4824 videris
1190 4771 1455 4826 hominem
1475 4811 1489 4835 ,
1520 4771 1610 4841 qui
1640 4773 1693 4826 in

117 4861 365 4927 egestatis
401 4859 729 4930 naufragium
760 4861 1019 4925 inciderit,
1050 4877 1116 4915 ne
1139 4861 1337 4931 judica,
1365 4878 1431 4917 ne
1458 4864 1577 4917 vitze
1602 4879 1692 4932 ge-

118 4959 193 5001 sta
214 4951 457 5004 examina
481 4991 496 5012 ,
524 4951 617 5005 sed
652 4951 866 5005 medere
904 4952 1149 5005 tttiseriw.
1178 4953 1313 5017 Quid
1345 4954 1454 5020 ipse
1482 4954 1569 5007 tibi
1599 4970 1694 5008 ne-

120 5040 312 5104 gotium
351 5042 620 5095 accersis?
658 5042 927 5097 Liberavit
955 5051 1003 5097 te
1040 5042 1177 5096 Deus
1209 5044 1352 5096 omni
1380 5045 1467 5097 tali
1496 5045 1694 5098 sollici-

120 5131 326 5197 tudine,
357 5142 413 5186 et
449 5132 773 5187 curiositate.
811 5136 977 5199 Quam
1018 5134 1179 5187 multa
1219 5133 1455 5204 plerique
1491 5134 1698 5190 fuerant

121 5222 338 5288 dicturi,
372 5241 635 5295 quamque
662 5226 904 5280 difficiles
929 5237 1077 5280 erant
1104 5226 1263 5279 futuri
1283 5268 1297 5288 ,
1326 5227 1369 5281 si
1397 5226 1537 5282 Deus
1563 5244 1697 5296 pra:-

122 5318 367 5385 cepisset,
398 5328 454 5371 ut
478 5320 621 5386 prius
646 5328 890 5373 accurate
916 5321 1074 5372 vitam
1108 5323 1343 5388 tactaque
1371 5320 1695 5389 singulorum

122 5406 570 5477 disquireremus,
598 5426 659 5463 ac
684 5421 792 5464 tum
823 5410 1034 5465 demum
1063 5411 1425 5466 conferremus
1460 5413 1695 5468 elccmo-

122 5512 305 5567 symm
328 5500 351 5551 'l
376 5500 525 5555 Nunc
552 5501 650 5556 hac
675 5503 816 5556 omni
842 5504 1147 5559 curiositate
1176 5520 1273 5559 nos
1301 5505 1562 5559 liberavit.
1592 5505 1697 5575 cur

122 5606 246 5657 ergo
268 5608 423 5648 curas
446 5608 864 5663 supervacaneas
890 5597 1042 5650 nobis
1062 5598 1414 5653 aceersimus?
1439 5598 1595 5654 Aliud
1615 5610 1697 5654 est

118 5680 307 5747 iudex,
332 5684 473 5737 aliud
504 5686 855 5757 eleemosynm
886 5687 1102 5757 largitor
1130 5706 1144 5743 :
1175 5689 1293 5743 ideo
1319 5701 1533 5745 vocatur
1558 5690 1697 5745 elec-

123 5785 362 5842 Iuesyna,
387 5776 526 5846 quod
548 5792 665 5833 eam
692 5788 745 5834 et
770 5777 993 5849 indignis
1016 5778 1222 5834 damus.
1248 5780 1396 5836 Unde
1421 5792 1473 5836 et
1497 5782 1690 5837 Paulus

1335 353 1423 409 DE
1461 346 1737 406 LAZARO
1773 345 2015 404 CONCIO
2054 348 2115 403 ll.

3247 346 3350 402 990

1782 461 2110 527 cohortatur,
2140 473 2195 517 ut
2222 464 2289 517 ita
2317 463 2585 527 faciamus,
2618 474 2671 518 et
2699 464 2771 518 ait
2801 481 2813 516 :
2856 463 2954 517 Vos
2980 473 3143 517 autent
3176 464 3356 517 bonum

1780 554 2017 624 facientes
2050 572 2149 608 non
2184 555 2455 623 deﬁciatis,
2500 572 2617 625 erga
2649 571 2819 608 onmcs
2838 595 2853 619 ,
2883 555 2970 607 sed
3001 555 3215 607 maxime
3241 571 3359 623 erga

1781 648 2076 701 domesticos
2106 647 2224 715 fidei
2251 648 2267 715 ζ
2290 646 2459 699 Calat.
2491 648 2544 701 6.
2580 647 2632 702 9.
2667 647 2732 701 10
2754 650 2793 717 ).
2833 646 2982 712 Quod
3028 647 3070 698 si
3117 645 3358 713 indignus

1781 742 1989 795 curiose
2016 739 2360 794 discutiamus
2386 741 2859 808 disquiramnsqne,
2890 756 2953 793 ne
2979 740 3120 808 digni
3148 740 3357 806 quidem

1781 830 1933 885 facile
1973 832 2023 884 in
2056 847 2152 884 nos
2187 832 2437 884 incident.
2466 831 2615 897 Quod
2644 832 2685 884 si
2718 832 2942 899 indignis
2970 848 3177 901 quoque
3218 847 3357 900 pra:-

1780 924 2068 976 stiterimus
2098 922 2408 977 beneficium
2428 963 2443 987 ,
2476 923 2719 976 nimirum
2754 932 2806 975 ct
2835 923 2996 991 uigni,
3024 923 3218 992 quique
3244 937 3360 975 οω-

1782 1014 1924 1066 nium
1970 1013 2179 1065 illorum
2220 1014 2471 1066 malitiam
2516 1014 2708 1066 virtute
2755 1023 3010 1080 pensent,
3054 1013 3262 1066 venient
3300 1010 3353 1061 in

1782 1120 1968 1158 manus
2008 1116 2214 1159 nostras
2246 1123 2258 1158 :
2291 1107 2421 1159 sicut
2451 1106 2623 1159 evenit
2654 1105 2808 1158 beato
2838 1105 3062 1158 Abrahae
3088 1146 3102 1170 ,
3136 1106 3216 1159 cui
3258 1105 3358 1158 mi-

1782 1196 1924 1249 nime
1948 1196 2190 1261 curioso,
2218 1196 2401 1264 quales
2428 1206 2605 1250 essent
2630 1196 2715 1265 qui
2749 1198 3082 1265 pra3teribant
3100 1237 3114 1260 ,
3145 1196 3360 1265 contigit

1783 1288 1991 1341 tandem
2024 1298 2077 1341 ut
2107 1297 2161 1342 et
2196 1288 2414 1358 angelos
2439 1288 2708 1357 exciperet
2737 1287 2984 1356 hospitio.
3016 1288 3166 1342 Ilunc
3205 1289 3362 1355 igitur

1781 1389 1834 1432 et
1866 1395 1961 1432 nos
1993 1379 2257 1433 imitemur
2279 1420 2294 1443 ,
2327 1379 2590 1448 simulque
2631 1394 2749 1433 cum
2798 1378 2897 1433 hoc
2943 1390 3186 1447 nepotem
3224 1381 3361 1433 illius

1779 1470 1897 1525 Joh.
1927 1471 2362 1541 Quandoquidem
2389 1480 2442 1526 et
2474 1471 2559 1525 hic
2600 1472 2947 1541 progenitoris
2971 1472 3050 1526 sui
3090 1473 3363 1541 magnani-

1780 1564 2016 1617 mitatem
2057 1578 2261 1617 summa
2304 1578 2424 1617 cum
2463 1563 2732 1632 diligentia
2768 1573 2848 1616 cst
2889 1564 3159 1616 imitatus:
3192 1578 3362 1632 eoque

1780 1654 1989 1709 dicebat
2016 1673 2028 1706 :
2060 1655 2254 1709 Ostium
2281 1672 2443 1709 meum
2461 1656 2656 1725 jugiter
2682 1655 2877 1725 patebat
2904 1658 3058 1709 cuivis
3084 1656 3362 1708 advenienti

1782 1745 1909 1815 (Job
1940 1748 2027 1801 51.
2060 1746 2184 1816 5‘2).
2240 1746 2351 1800 Non
2384 1750 2459 1801 sic
2490 1746 2611 1800 huic
2641 1747 2889 1816 patebat,
2930 1756 2987 1800 ut
3028 1747 3179 1800 alteri
3222 1755 3363 1799 esset

1780 1839 2073 1905 occlusum,
2103 1838 2195 1893 sed
2225 1839 2586 1893 indifferenter
2614 1849 2852 1907 apertum
2883 1849 2996 1893 erat
3023 1840 3287 1892 omnibus.

1852 1929 1905 1985 6.
1936 1931 2046 1985 Hoc
2080 1931 2377 2000 exemplum
2406 1940 2460 1986 et
2489 1947 2618 1995 nos,
2647 1946 2827 2000 quzeso
2851 1972 2864 1995 ,
2908 1931 3204 1995 imitemur,
3235 1931 3361 1985 nihil

1781 2024 2117 2093 exquirentes
2140 2024 2272 2077 ultra
2299 2040 2462 2093 quam.
2477 2032 2704 2093 oportet.
2728 2022 2857 2076 Nam
2882 2024 2946 2077 ad
2978 2026 3076 2078 hoc
3093 2035 3147 2076 ut
3168 2039 3364 2093 pauper

1781 2113 1970 2183 dignus
1998 2113 2252 2167 habeatur
2276 2114 2612 2183 eleemosyna
2635 2154 2649 2178 ,
2683 2114 2811 2167 satis
2838 2122 2919 2169 est
2957 2126 3181 2183 egestas.
3212 2115 3362 2181 Quod

1782 2206 1825 2260 si
1852 2206 1970 2275 quis
1993 2221 2112 2259 cum
2149 2204 2247 2259 bac
2271 2206 2729 2261 commendatione
2763 2222 2860 2261 nos
2899 2206 3117 2270 adierit,
3147 2223 3212 2261 ne
3238 2209 3363 2277 quid

1782 2297 2009 2364 amplius
2028 2298 2235 2351 curiose
2256 2307 2557 2351 scrutemur
2580 2316 2591 2350 :
2618 2313 2715 2351 nec
2735 2298 2873 2352 enim
2902 2298 3134 2351 moribus
3155 2298 3363 2364 damus,

1782 2389 1875 2441 sed
1918 2387 2115 2441 homini
2150 2408 2163 2442 :
2195 2403 2292 2442 nec
2328 2389 2396 2442 ob
2430 2390 2676 2443 virtutem
2700 2405 2798 2442 nos
2827 2389 2942 2458 ejus
2971 2390 3237 2453 misereat,
3272 2385 3395 2445 διιιΓ

1784 2481 1853 2534 ob
1875 2481 2258 2544 calamitatem,
2288 2496 2393 2549 quo
2418 2482 2663 2534 nimirum
2693 2493 2745 2535 ct
2780 2481 2877 2549 ipsi
2905 2482 3173 2550 copiosam
3200 2499 3227 2534 a
3260 2484 3365 2535 Du-

1786 2573 1930 2625 mino
1956 2573 2374 2626 misericordiam
2414 2574 2567 2627 nobis
2592 2574 2938 2628 conciliemus
2957 2615 2971 2639 ,
2996 2586 3050 2627 ut
3076 2586 3127 2628 ct
3156 2576 3206 2628 in
3234 2592 3329 2629 nos
3348 2617 3363 2641 ,

1784 2666 1870 2733 qui
1896 2665 2091 2733 indigni
2122 2680 2337 2730 sumus,
2370 2666 2456 2719 ille
2499 2681 2646 2719 suam
2690 2666 2929 2721 conferat
2965 2667 3364 2737 benignitatem.

1784 2758 1913 2811 Nam
1950 2759 1993 2811 si
2025 2758 2074 2811 in
2105 2760 2374 2812 conservis
2406 2760 2599 2812 nostris
2627 2760 2945 2827 cmperimus
2974 2762 3253 2829 exquirere
3282 2762 3365 2813 di-

1784 2851 2059 2919 gnitatem,
2093 2866 2370 2919 moresque
2398 2851 2678 2919 vestigare,
2708 2850 2844 2903 idem
2874 2863 2927 2905 et
2970 2852 3107 2905 Deus
3135 2851 3365 2906 facturus

1786 2949 1867 2995 est
1892 2940 1943 2993 in
1974 2942 2123 2994 nobis
2144 2983 2157 3004 ,
2184 2941 2414 3009 dumque
2442 2942 2716 2995 studemus
2740 2957 2769 2995 a
2791 2942 3062 2995 conservis
3084 2959 3365 3011 reposci-re

1786 3032 1905 3085 vita:
1932 3046 2116 3086 causas
2141 3073 2155 3098 ,
2187 3033 2283 3101 ipsi
2308 3033 2521 3101 snperni
2551 3033 2779 3086 runninis
2806 3032 3179 3101 benignitatem
3208 3034 3359 3087 amit—

1788 3132 1979 3179 temus.
2007 3123 2072 3177 In
2097 3141 2195 3193 quo
2223 3126 2373 3189 enim,
2406 3125 2592 3193 inquit,
2612 3125 2809 3195 judicio
2828 3125 3193 3196 judicaveritis,
3224 3126 3362 3189 iudi-

1787 3216 2020 3269 cabimini
2046 3215 2257 3286 (Matth.
2293 3217 2343 3270 7.
2369 3216 2447 3286 2).
2479 3215 2583 3270 Sed
2614 3216 2679 3269 ad
2719 3232 2830 3270 rem
2862 3216 3158 3271 redeamus.
3188 3218 3367 3286 Itaque

1787 3324 1908 3364 cum
1938 3308 2139 3363 videret
2178 3308 2323 3361 illum
2362 3308 2411 3361 in
2440 3310 2559 3361 sinu
2589 3307 2815 3361 Abraha:
2836 3348 2848 3371 ,
2877 3308 2950 3361 ait
2982 3325 2995 3360 :
3025 3306 3177 3361 Pater
3208 3310 3367 3362 Abra-

1790 3401 1925 3461 ham,
1953 3400 2185 3452 miserere
2210 3400 2326 3460 mei,
2357 3409 2402 3452 et
2432 3400 2571 3451 mitte
2602 3398 2851 3451 Lazarum
2874 3398 3019 3465 (Luc.
3048 3400 3131 3454 16.
3155 3399 3269 3469 24).

1861 3490 2010 3543 Dives
2045 3506 2134 3543 cur
2163 3490 2416 3543 Abraham
2440 3492 2664 3559 appellat
2700 3490 2863 3558 potius
2901 3507 3051 3559 quant
3094 3487 3365 3543 Lazarum.

1788 3614 1859 3625 —
1886 3582 2237 3651 Quamobrem
2268 3598 2370 3635 non
2406 3582 2471 3634 ad
2519 3583 2686 3649 ipsum
2732 3581 2984 3634 Lazarum
3026 3582 3217 3635 direxit
3252 3598 3368 3635 ser-

1791 3674 2044 3729 monem?
2070 3673 2263 3735 Pudor,
2293 3683 2346 3726 ut
2375 3672 2619 3726 existimo
2638 3712 2653 3736 ,
2678 3672 2921 3725 obstabat
2944 3688 3005 3725 ac
3032 3674 3367 3725 verecundia.

1792 3767 1868 3821 Ex
1910 3766 1974 3819 iis
2006 3766 2145 3819 enim
2176 3781 2292 3833 qua:
2321 3765 2371 3817 in
2404 3764 2546 3817 illum
2576 3764 2771 3818 fecerat
2792 3805 2803 3821 .
2836 3764 3190 3818 arbitrabatur
3221 3765 3365 3818 illum

1791 3857 2007 3913 omnino
2046 3858 2348 3910 meminisse
2388 3857 2645 3909 malorum
2676 3857 3079 3923 prmteritorum.
3109 3858 3367 3922 Quoniam

1791 3951 1835 4003 si
1861 3965 1958 4018 ego
1981 3990 1996 4015 ,
2028 3950 2235 4017 inquit,
2269 3959 2409 4001 tanta
2456 3964 2631 4002 rerum
2670 3948 2893 4003 afllueus
2929 3950 3112 4017 Copia,
3144 3949 3271 4002 nihil
3305 3951 3370 4003 ab

1794 4041 1883 4095 illo
1912 4041 2067 4095 lmsus
2091 4082 2104 4102 ,
2137 4040 2268 4093 adeo
2306 4039 2525 4108 despexi
2569 4042 2833 4093 hominem
2876 4040 2924 4092 in
2959 4051 3033 4093 tot
3070 4042 3219 4094 malis
3247 4057 3370 4093 ver-

1793 4140 2021 4195 santem,
2050 4140 2104 4185 ut
2133 4148 2197 4185 ue
2224 4132 2387 4185 micas
2415 4130 2628 4201 quidem
2655 4132 3020 4201 impertierim,
3044 4143 3239 4201 quanto
3262 4151 3373 4187 ma-

1792 4223 1872 4291 gis
1912 4222 1997 4277 ille
2034 4223 2110 4277 sic
2154 4232 2519 4291 contemptus,
2562 4238 2665 4276 non
2706 4235 2900 4279 annuet
2932 4226 3129 4294 petenti
3169 4227 3371 4281 benefi-

1793 4316 1966 4371 cium?
1988 4315 2109 4370 Hmc
2136 4332 2240 4369 non
2270 4326 2326 4369 ut
2352 4316 2607 4370 Lazarum
2635 4331 2961 4381 accusemus,
2986 4318 3211 4373 dicimus
3240 4336 3253 4373 :
3282 4318 3374 4373 ne-

1794 4424 1896 4479 que
1921 4409 2060 4465 enim
2092 4408 2192 4463 hoc
2221 4410 2396 4461 animo
2426 4407 2520 4463 fuit
2549 4408 2795 4474 Lazarus,
2825 4410 2959 4463 absit
2991 4428 3003 4463 :
3035 4410 3125 4464 sed
3156 4427 3369 4465 causam

1796 4502 2175 4565 indicavimus,
2206 4501 2328 4570 quid
2373 4500 2455 4555 hic
2492 4501 2693 4555 veritus
2728 4518 2831 4554 non
2870 4502 3163 4569 implorarit
3201 4503 3369 4572 ipsum

1795 4593 2070 4656 Lazarum,
2105 4592 2195 4646 sed
2229 4593 2403 4659 potius
2433 4592 2697 4646 Abraham
2736 4593 3047 4655 inclamarit,
3078 4610 3231 4663 quem
3262 4596 3371 4648 cxi-

1797 4683 2041 4737 stimabat
2070 4684 2274 4737 nescire
2303 4700 2419 4752 quae
2461 4682 2667 4739 fuerant
2695 4696 2829 4738 acta.
2865 4688 3033 4755 Atque
3072 4686 3208 4739 illius
3236 4688 3371 4756 digi-

1797 4784 1907 4829 tum
1959 4790 2094 4828 nunc
2141 4774 2491 4842 implorabat,
2538 4792 2691 4844 quem
2742 4777 2929 4829 crebro
2981 4793 3162 4845 passus
3205 4778 3373 4831 fuerat

1798 4865 2123 4934 circumlingi
2152 4881 2341 4919 canum
2372 4866 2578 4935 linguis.
2612 4867 2746 4935 Quid
2780 4869 2933 4935 igitur
2966 4868 3092 4920 ille?
3125 4867 3257 4928 Fili,
3288 4886 3366 4922 re-

1798 4956 1972 5025 cepisti
2008 4959 2137 5009 bona
2163 4967 2248 5009 tua
2278 4957 2329 5009 in
2354 4958 2455 5009 vita
2479 4959 2605 5029 tua(
2633 4956 2711 5010 Ib.
2741 4974 2788 5010 v.
2818 4957 2889 5012 ‘25
2909 4960 2947 5026 ).
2977 4958 3103 5011 Vide
3132 4958 3371 5027 philoso-

1800 5050 1997 5119 phiam,
2024 5048 2144 5104 vide
2171 5050 2547 5104 humanitatem
2564 5049 2714 5120 justi.
2740 5049 2851 5103 Non
2883 5050 3036 5116 dixit,
3065 5051 3361 5119 inhumane,

1800 5140 2049 5205 crudelis,
2079 5141 2509 5205 sceleratissime,
2542 5156 2662 5195 cum
2692 5152 2794 5194 tam
2828 5142 2989 5196 multa
3019 5143 3151 5195 mala
3181 5142 3369 5198 intule-

1800 5234 1873 5289 ris
1904 5234 2124 5298 homini,
2157 5248 2295 5288 nunc
2324 5235 2641 5287 mentionem
2674 5233 2825 5287 nobis
2856 5234 2983 5288 facis
3010 5234 3370 5300 humanitatis,

1800 5325 2175 5379 misericordia!
2196 5364 2210 5387 ,
2244 5333 2297 5379 et
2324 5325 2527 5378 Venite?
2552 5324 2663 5379 Non
2693 5325 2850 5395 pudet
2876 5367 2890 5392 ,
2930 5341 3032 5379 non
3060 5324 3373 5380 erubescis?

1800 5416 1903 5471 Sed
1935 5416 2058 5486 quid
2097 5416 2259 5470 dicit?
2286 5415 2423 5481 Fili,
2466 5416 2653 5487 inquit,
2684 5418 2907 5483 recepisti
2947 5418 3073 5470 bona
3104 5429 3209 5471 tua.
3240 5418 3370 5473 Nam

1800 5509 1999 5569 animm,
2017 5508 2202 5576 inquit,
2234 5508 2438 5578 dejecta:
2466 5524 2564 5560 non
2582 5508 2734 5562 addes
2747 5512 3167 5578 perturbationem
3184 5511 3367 5579 (Ecclt.

1799 5600 1851 5653 4.
1877 5598 1910 5651 5
1934 5601 1969 5665 ).
1987 5597 2127 5652 Satis
2153 5607 2233 5652 est
2262 5598 2333 5651 illi
2361 5614 2487 5653 suus
2512 5600 2799 5665 cruciatus,
2819 5611 2875 5654 ut
2905 5617 2970 5656 ne
2992 5602 3131 5656 illius
3152 5603 3370 5656 calami-

1804 5690 1996 5744 tatibus
2024 5690 2355 5744 insultemus.
2390 5691 2467 5745 Ac
2491 5708 2556 5745 ne
2585 5700 2814 5760 putares,
2844 5693 2981 5763 quod
3012 5710 3213 5748 memor
3241 5711 3370 5759 pm

1810 5782 2082 5836 teritorum
2134 5782 2390 5837 malorum
2438 5784 2661 5838 vetuerit
2706 5784 2853 5839 abire
2892 5786 3179 5854 Lazarum,
3206 5785 3370 5841 ﬁlium
