3906 6250
536 334 631 391 9ΟΙ

543 451 692 504 illum
720 452 951 520 appellat
979 451 1128 522 quasi
1169 465 1288 506 sese
1330 467 1396 506 ex
1440 453 1531 506 tali
1571 453 1922 522 appellatione
1958 466 2120 506 excu-

540 559 687 597 sans.
722 547 872 610 Quod
903 545 954 598 in
985 560 1102 599 mea
1129 586 1143 607 ,
1183 545 1386 616 iuqmt,
1427 555 1691 616 potestate
1730 555 1808 599 est
1836 587 1850 610 ,
1880 543 2124 613 impertio

543 635 634 686 tibi
669 652 682 688 :
711 643 962 689 cteterum
1007 644 1066 687 ut
1108 635 1232 689 hinc
1281 637 1534 690 abeamus
1564 636 1688 689 illuc
1712 677 1728 699 ,
1758 651 1862 689 non
1901 647 1984 690 est
2013 635 2123 703 jam

542 735 738 776 nostrze
769 725 1056 778 facnitatis.
1090 725 1335 795 Recepisti
1363 728 1490 778 bona
1513 737 1619 778 tua.
1642 726 1817 792 Quare
1841 741 1944 779 non
1970 725 2122 788 dixit,

539 814 749 881 cepisti,
782 815 874 867 sed
902 857 916 879 ,
945 817 1219 881 recepisti?
1251 816 1381 869 llinc
1416 815 1571 869 video
1601 831 1845 885 maguum
1873 813 2124 868 conside-

540 905 808 958 rationum
852 921 999 959 mare
1031 906 1184 959 nobis
1225 907 1441 975 aperiri.
1484 906 1816 976 Quapmpter
1841 922 1958 974 qua:
1985 905 2122 960 dicta

539 1005 665 1048 sunt
689 1009 894 1049 summa
944 1013 1073 1051 cura
1120 1009 1427 1061 servantes,
1463 1008 1566 1052 tam
1611 1014 1729 1068 qua:
1769 997 1924 1052 hodie
1964 1012 2124 1067 quam

541 1100 660 1153 qum
691 1102 858 1154 nuper
883 1087 1107 1142 disserta
1135 1097 1253 1142 sunt
1279 1131 1292 1154 ,
1321 1103 1529 1142 summo
1555 1104 1674 1143 cum
1701 1088 1876 1142 studio
1902 1102 2124 1156 repona-

540 1192 683 1242 mus,
712 1188 765 1232 et
789 1193 852 1232 ex
887 1181 948 1233 iis
974 1197 1091 1249 qua:
1121 1181 1266 1236 dicta
1298 1191 1422 1236 sunt
1443 1221 1457 1242 .
1490 1182 1554 1236 ad
1587 1181 1847 1236 audienda
1868 1198 1986 1252 qua:
2010 1189 2128 1247 post

541 1265 820 1334 dicentur,
853 1285 946 1324 vos
985 1271 1129 1340 ipsos
1160 1273 1330 1342 magis
1371 1273 1592 1328 idoneos
1633 1272 1856 1327 reddite.
1899 1274 1962 1327 Et
2003 1272 2125 1340 qui-

542 1360 662 1414 dem
690 1362 734 1416 si
783 1361 896 1416 fieri
942 1365 1141 1432 possit,
1174 1364 1332 1419 facite
1367 1376 1423 1419 ut
1450 1366 1686 1420 omnium
1733 1364 2120 1428 memineritis;

1252 338 1311 394 S.
1351 338 1629 394 JOANNIS
1668 337 2135 394 CIIRYSOSTOMI
2167 338 2479 397 ARCHiEP.
2519 335 3055 396 CONSTANTINOP.

3704 333 3809 392 ως

2226 453 2364 520 quod
2392 454 2435 507 si
2475 453 2526 509 id
2573 451 2686 508 fieri
2729 467 2835 507 non
2883 457 3098 520 potest,
3125 449 3312 503 hortor
3350 459 3408 503 ut
3438 465 3535 519 pro
3561 452 3808 506 omnbus

2226 543 2352 596 illud
2378 552 2631 613 perpetuo
2657 541 3024 602 memineritis,
3053 538 3193 608 quod
3218 553 3324 594 non
3347 555 3571 610 erogare
3600 555 3805 610 paupe-

2226 634 2394 697 ribus,
2426 643 2510 688 est
2532 634 2770 702 rapinam
2795 635 2846 685 in
2879 631 2997 685 illos
3025 646 3298 697 exercere,
3323 632 3648 700 illorumque
3670 631 3810 684 frau-

2227 726 2354 780 dare
2384 726 2543 778 vitam
2578 742 2589 776 :
2630 724 2877 792 quodque
2921 740 3026 778 non
3073 733 3318 785 nostras,
3358 723 3451 777 sed
3482 723 3699 777 illorum
3727 739 3812 776 res

2228 815 2553 869 detinemus.
2583 814 2715 868 Nam
2742 815 2784 867 si
2815 815 2913 868 hoc
2940 815 3118 866 animo
3148 813 3396 866 fuerimus
3420 855 3436 878 ,
3463 813 3695 866 omnino
3721 828 3810 881 pe-

2227 907 2435 959 cuniam
2457 905 2810 963 ell'undemus.
2836 919 2897 958 ac
2917 902 3185 958 Christum
3209 905 3530 958 e5urientem
3555 905 3646 958 hic
3666 905 3811 958 alen-

2230 1004 2343 1060 tes,
2375 995 2698 1064 multamque
2727 995 2879 1049 nohis
2925 996 3032 1050 illic
3059 994 3388 1063 opulentiam
3421 995 3808 1057 recondentes,

2230 1088 2520 1156 poterimus
2546 1086 2843 1140 futurorum
2874 1101 2993 1141 esse
3018 1096 3291 1156 compotes
3322 1085 3613 1150 bonorum,
3646 1087 3809 1154 gratia

2227 1194 2290 1234 ac
2326 1179 2648 1248 benignitate
2676 1174 2899 1232 ‘Domini
2943 1179 3109 1232 nostri
3145 1178 3270 1234 Jesu
3305 1178 3503 1233 Christi
3528 1220 3544 1242 ,
3571 1179 3666 1232 cui
3694 1195 3808 1232 cum

2229 1271 2386 1326 Patre
2411 1281 2465 1324 et
2487 1270 2685 1339 Spiritu
2711 1281 2895 1324 sancto
2913 1271 3080 1340 gloria
3103 1311 3118 1332 ,
3147 1269 3337 1335 honor,
3369 1280 3612 1339 potestas
3634 1312 3649 1335 ,
3678 1287 3808 1323 nunc

2227 1371 2282 1417 et
2306 1377 2517 1432 semper
2539 1403 2554 1427 ,
2585 1372 2640 1417 et
2666 1363 2716 1416 in
2745 1362 2937 1416 saecula
2963 1361 3300 1418 seculorum.
3348 1363 3541 1416 Amen.

545 1605 627 1646 ne
672 1607 908 1653 uzano
953 1609 1178 1652 CONCIO
1221 1611 1452 1654 'ren'ru
1482 1589 1645 1675 1/11,
1671 1611 1750 1653 ET
1792 1579 2001 1662 Quane
2044 1609 2166 1651 non
2209 1608 2496 1661 ntxenrr,
2525 1608 2762 1651 CEPISTI
2805 1607 2968 1650 non
3009 1608 3134 1650 τω
3179 1607 3242 1649 ιη
3285 1608 3431 1651 νιτιι
3471 1609 3597 1650 τω
3633 1589 3808 1670 (Luc.

622 1693 719 1750 16.
763 1691 917 1773 25.)
982 1712 1134 1765 san,
1183 1687 1472 1773 recepisti
1516 1715 1530 1754 :

621 1809 697 1850 tu
747 1809 1140 1854 reccarones
1187 1803 1596 1858 EFFUGIANT'.

1578 1713 1657 1754 ΕΤ
1711 1710 2107 1763 QUAMOBREM
2150 1709 2324 1752 JUSTI
2369 1707 2803 1752 SEPENUMERO
2849 1708 3149 1749 INCIDUNT
3192 1707 3255 1748 1N
3301 1707 3638 1760 PERICULA,
3686 1707 3809 1749 CCII

1934 1973 2338 2014 σπππδγστδ

611 2084 664 2137 1.
708 2083 1123 2155 Haudquaquam
1171 2087 1489 2142 mediocrem
1529 2090 1680 2143 nobis
1725 2089 2006 2144 utilitatem
2029 2099 2113 2145 at-

537 2175 658 2226 tulit
681 2174 748 2229 de
778 2175 980 2230 Lazaro
1015 2177 1284 2244 parabola,
1319 2188 1428 2232 tum
1456 2179 1705 2233 divitibus
1730 2221 1743 2242 ,
1775 2189 1886 2234 tttm
1919 2195 2118 2250 panpe-

537 2267 705 2332 ribus,
745 2277 801 2321 ut
837 2286 953 2335 qttze
980 2271 1074 2323 bos
1102 2271 1316 2340 quidem
1338 2271 1580 2326 docuerit
1607 2273 1755 2327 facile
1783 2271 2017 2342 perferre
2039 2275 2117 2328 in-

537 2361 736 2425 opiam,
762 2361 876 2414 illos
904 2377 1030 2416 vero
1053 2381 1156 2418 non
1181 2379 1332 2433 passa
1356 2366 1425 2418 sit
1452 2365 1651 2433 efferri,
1679 2367 1884 2436 sibiqtte
1913 2367 2119 2436 placere

539 2451 609 2504 ob
637 2452 845 2508 divitias
866 2496 880 2516 ,
915 2472 1034 2510 cum
1065 2473 1129 2511 ex
1172 2458 1299 2526 ipsis
1341 2459 1498 2513 rebus
1526 2459 1937 2524 demonstrarit,
1971 2461 2117 2515 illum

539 2543 775 2597 oumium
801 2559 920 2598 esse
948 2548 1176 2603 maxime
1202 2549 1557 2604 miserabilem
1579 2593 1593 2618 ,
1627 2553 1714 2620 qui
1744 2552 1903 2605 vitam
1935 2553 2042 2622 agit
2068 2553 2119 2607 in

539 2633 776 2699 deliciis,
819 2638 944 2691 nulli
974 2656 1066 2693 sua
1111 2641 1246 2695 bona
1286 2644 1705 2698 cnmmunicans.
1743 2646 1854 2715 Age
1887 2644 2044 2714 igitur
2067 2654 2122 2699 et

542 2725 700 2782 hodie
737 2729 912 2784 denuo
943 2742 1232 2791 tractemus
1265 2735 1405 2790 idem
1443 2745 1813 2807 argumentum
1835 2779 1850 2802 ,
1879 2717 2120 2807 quando-

540 2819 752 2887 qn'dem
775 2822 864 2891 qui
893 2823 942 2876 in
972 2826 1197 2879 metallis
1224 2837 1534 2896 operantur,
1558 2829 1876 2898 ubicumque
1897 2829 2124 2883 viderint

543 2911 734 2965 tuultas
758 2917 871 2967 auri
898 2931 1080 2977 venas,
1112 2918 1215 2972 illic
1245 2918 1447 2974 fodiunt
1474 2924 1666 2982 acrius,
1691 2937 1789 2976 nec
1814 2922 1962 2991 prius
1981 2921 2125 2976 absi-

544 3009 709 3064 stunt,
736 3018 894 3072 quam
927 3013 1092 3061 totum
1121 3009 1260 3078 quod
1288 3012 1510 3081 reperiri
1538 3013 1727 3082 potuit,
1759 3013 2123 3068 exhauserint.

545 3093 844 3151 Redeamus
868 3099 1024 3167 igitur
1047 3101 1191 3167 illuc,
1217 3103 1303 3156 ubi
1331 3121 1632 3159 sermonem
1655 3123 1820 3176 nuper
1838 3109 2123 3173 finivimns,

546 3196 598 3239 ut
645 3187 787 3243 illinc
829 3193 1074 3246 eumdem
1126 3195 1503 3252 instauremus.
1555 3199 1866 3256 Poteramus
1909 3201 2124 3270 quidem

550 3279 710 3333 unius
737 3280 844 3336 diei
875 3298 1036 3352 Opera
1061 3287 1212 3341 vobis
1239 3296 1403 3342 totam
1432 3289 1568 3345 hanc
1595 3291 1883 3358 explanare
1908 3294 2129 3362 parabo-

545 3370 650 3424 lam
685 3389 699 3424 :
731 3389 914 3428 verum
949 3392 1052 3431 non
1080 3378 1181 3433 hoc
1207 3382 1430 3448 agimus,
1460 3393 1516 3436 ut
1540 3385 1704 3439 multa
1733 3385 1937 3456 loquuti
1965 3387 2129 3444 disce-

544 3463 733 3518 damus
752 3505 766 3529 ,
796 3465 891 3520 sed
923 3477 979 3520 nt
1008 3485 1103 3524 vos
1127 3471 1410 3540 diligenter
1447 3477 1709 3544 acceptis,
1737 3479 2023 3546 animoque
2050 3480 2130 3533 in-

548 3554 666 3609 fixis
687 3572 804 3625 quae
824 3557 964 3612 dicta
988 3570 1131 3625 sunt,
1160 3579 1222 3615 ex
1253 3563 1350 3617 ista
1376 3566 1614 3620 costodia
1637 3568 1877 3622 sentiatis
1898 3567 2126 3624 fructum

544 3647 774 3717 aliquem
799 3650 1113 3718 spiritalem.
1138 3653 1269 3708 Nam
1295 3663 1349 3710 et
1377 3666 1547 3711 mater
1578 3659 1738 3727 prolis
1764 3674 1968 3726 amans,
1999 3659 2126 3714 dum

544 3751 698 3791 suum
746 3738 1002 3796 infantem
1053 3744 1336 3800 lactentem
1383 3759 1533 3817 parat
1573 3750 1638 3803 ad
1678 3751 1908 3806 solidum
1949 3753 2126 3806 cibum

543 3829 846 3895 adducere,
879 3834 923 3888 si
965 3835 1124 3890 simul
1156 3838 1376 3894 multum
1419 3842 1550 3895 meri
1590 3843 1832 3898 infundat
1857 3845 1967 3909 ori,
1997 3845 2127 3899 nihil

543 3921 762 3992 prodest
795 3924 980 3980 infanti
1001 3969 1015 3990 ,
1043 3928 1356 3985 refundente
1385 3947 1550 4001 puero
1579 3935 1720 4004 quod
1749 3935 1922 4003 datur,
1953 3951 2017 3992 ac
2047 3945 2128 3990 tu-

545 4015 796 4079 niculam,
831 4033 932 4085 qua
965 4028 1150 4086 pectus
1179 4022 1374 4090 tegitur
1394 4063 1409 4088 ,
1435 4023 1706 4094 irrigante.
1738 4027 1891 4092 Quod
1920 4028 1965 4082 si
2000 4041 2128 4082 sen-

544 4107 644 4160 sim
676 4121 740 4160 ac
785 4108 1036 4176 paulatim
1074 4110 1346 4175 infundat,
1386 4129 1514 4180 puer
1547 4117 1688 4184 quod
1729 4117 1978 4171 traditum
2002 4127 2084 4172 est
2108 4159 2124 4183 ,
2177 4154 2183 4159 -

543 4197 744 4266 absque
776 4199 1017 4253 molestia
1044 4203 1374 4255 transmittit.
1405 4204 1632 4260 Proinde
1661 4222 1727 4261 ne
1757 4209 2126 4264 vobis'itidem

545 4288 688 4355 quod
719 4291 966 4344 traditum
1015 4291 1210 4358 fuerit,
1257 4297 1440 4349 effluat
1472 4316 1484 4349 :
1518 4313 1624 4352 non
1667 4301 1946 4355 confertim
1979 4304 2127 4357 vobis

545 4381 915 4436 inclinavimus
952 4383 1204 4438 doctrinm
1244 4389 1486 4455 poculum
1509 4431 1524 4453 ,
1551 4391 1645 4444 sed
1686 4391 1738 4444 in
1775 4391 1892 4447 dies
1928 4394 2128 4464 aliquot

541 4474 719 4541 partiti
752 4489 960 4540 sumus,
987 4477 1128 4546 passi
1155 4479 1303 4532 vobis
1330 4481 1540 4535 interim
1571 4481 1715 4537 hisce
1747 4483 1934 4538 diebus
1964 4486 2130 4540 inter-

541 4567 819 4634 quiescere
848 4569 916 4623 ah
959 4570 1207 4624 audiendi
1259 4573 1440 4628 labore
1464 4615 1478 4636 ,
1507 4591 1612 4644 quo
1649 4577 1805 4630 simul
1834 4587 1888 4631 et
1917 4594 1977 4633 ea
2008 4596 2126 4648 qua:

542 4657 906 4725 deposuimus,
940 4660 1017 4715 sic
1049 4662 1330 4730 inligantur
1353 4667 1534 4719 animo
1562 4679 1752 4721 vestra:
1779 4669 2038 4738 caritatis,
2072 4682 2127 4726 ιιι

541 4750 789 4802 e\citlere
829 4767 932 4806 non
962 4755 1206 4821 possint,
1239 4764 1292 4810 et
1332 4772 1392 4811 ea
1419 4773 1535 4825 qum
1564 4757 1808 4814 dicentur
1831 4761 2030 4817 sedatis
2063 4779 2127 4818 ac

542 4843 742 4910 vegetis
768 4843 1037 4897 mentibus
1065 4846 1360 4914 excipiatis.
1394 4848 1577 4916 quue
1603 4845 1793 4906 crebro
1813 4853 1962 4909 vobis
1984 4869 2124 4922 prte-

539 4934 766 4988 dieimus
785 4937 964 4989 multis
981 4947 1104 4991 ante
1120 4940 1307 4993 diebus
1323 4952 1690 5010 argumentum
1713 4943 1781 5000 de
1818 4961 1924 5014 quo
1940 4962 2124 5001 smnus

540 5025 840 5095 loquuturi,
867 5039 923 5083 ut
954 5029 1033 5084 his
1057 5031 1108 5084 in
1137 5032 1312 5086 medio
1339 5033 1523 5088 diebus
1559 5047 1770 5105 sumpto
1797 5038 1930 5092 libro
1954 5079 1968 5103 ,
1997 5055 2124 5108 pcr-

540 5132 810 5188 peusaque
837 5121 909 5174 rei
952 5137 1155 5175 summa
1199 5133 1304 5178 tota
1328 5166 1341 5187 ,
1373 5135 1716 5196 posteaquam
1758 5129 2123 5183 intellexeritis

540 5210 664 5275 quid
703 5212 900 5266 dictum
931 5214 1037 5278 sit,
1065 5215 1189 5284 quid
1238 5227 1400 5271 restet
1429 5217 1711 5273 dicendum
1737 5261 1750 5278 ,
1783 5231 2011 5274 mentem
2038 5239 2126 5278 ve-

541 5312 706 5356 snam
740 5305 1134 5361 instrnctiorem
1175 5308 1410 5363 reddalis
1449 5309 1516 5364 ad
1559 5311 1820 5365 audienda
1861 5328 1978 5381 quae
2007 5323 2126 5382 post

541 5394 888 5451 disseruntur.

619 5487 860 5542 Hortatur
886 5493 953 5544 ad
971 5495 1228 5547 lectionem
1249 5512 1506 5549 sacrorum
1529 5498 1858 5551 voluminum.
1877 5529 1946 5539 ——
1967 5499 2124 5568 idque

537 5728 834 5839 “imitata
866 5743 973 5778 eum
994 5737 1098 5780 Mss.
1123 5737 1280 5794 Regiis
1309 5734 1442 5794 l819,
1472 5736 1608 5796 1960,
1636 5738 1756 5788 1965
1775 5749 1822 5788 et
1853 5738 2122 5788 Colbertmo

2226 2106 2438 2160 semper
2468 2090 2652 2144 hortor
2691 2101 2746 2146 et
2786 2090 2980 2144 hortari
3030 2107 3133 2144 non
3176 2091 3453 2156 desinam,
3478 2103 3538 2145 ut
3591 2109 3701 2145 non
3732 2091 3809 2144 hic

2228 2192 2425 2236 tantum
2454 2182 2736 2237 attendatis
2768 2183 2830 2236 iis
2850 2199 2966 2251 qum
2986 2183 3254 2246 dicuntur,
3283 2199 3466 2236 verum
3494 2183 3660 2236 etiam
3698 2198 3808 2234 eum

2227 2273 2377 2326 duini
2422 2271 2661 2336 fueritis,
2713 2273 2924 2327 assidue
2963 2273 3255 2326 divinarum
3295 2274 3691 2341 Seripturarum
3740 2273 3808 2323 le-

2223 2365 2388 2419 ctioni
2430 2364 2650 2420 vacetis.
2708 2363 2858 2429 Quod
2937 2363 3150 2432 quidem
3197 2373 3252 2418 et
3300 2363 3363 2416 iis
3426 2365 3514 2430 qui
3572 2363 3806 2431 privatim

2227 2473 2435 2511 mecum
2484 2457 2752 2526 congreSsi
2781 2466 2905 2509 sunt
2930 2472 3032 2509 non
3077 2455 3252 2509 destiti
3302 2455 3590 2508 inculcare.
3635 2455 3806 2521 Neque

2225 2566 2354 2604 vero
2381 2550 2506 2604 mibi
2533 2550 2808 2618 quisquam
2839 2549 3070 2617 proferat
3114 2548 3305 2617 frigida
3349 2548 3436 2601 illa
3488 2549 3656 2600 verba
3704 2550 3806 2614 pla-

2230 2643 2864 2712 nequedamnandazego
2881 2638 3179 2694 forensibus
3208 2639 3380 2693 causis
3415 2637 3613 2692 affixus
3663 2653 3805 2697 sum,

2231 2732 2440 2802 publica
2496 2748 2624 2800 gero
2673 2733 2923 2799 negotia,
2963 2730 3240 2783 artificium
3278 2743 3539 2793 exerceo,
3597 2743 3808 2781 uxorem

2230 2825 2422 2888 habeo,
2452 2825 2538 2877 alo
2579 2825 2772 2878 liberos
2792 2865 2806 2887 ,
2835 2823 3047 2878 familia:
3073 2838 3252 2878 curam
3283 2837 3411 2892 gero
3436 2863 3451 2885 ,
3512 2821 3810 2874 mimdanus

2235 2919 2396 2970 homo
2423 2933 2577 2979 sum,
2613 2932 2718 2970 non
2769 2929 2850 2971 est
2896 2932 3070 2971 meum
3125 2916 3298 2984 legere
3341 2914 3691 2981 Scripturas,
3725 2913 3810 2967 sed

2231 3027 2414 3064 eorum
2457 3012 2545 3079 qui
2573 3009 2774 3063 mundo
2801 3011 3049 3063 dixerunt
3076 3009 3196 3063 vale
3217 3049 3232 3073 ,
3262 3007 3353 3076 qui
3399 3008 3667 3060 montium
3700 3022 3810 3058 ver—

2234 3105 2365 3158 tices
2409 3113 2754 3170 occuparunt,
2805 3105 2892 3173 qui
2947 3105 3106 3158 vitam
3157 3101 3420 3171 ejusmodi
3476 3103 3813 3156 continenter

2233 3205 2414 3266 agunt.
2441 3195 2694 3263 Quidais.
2713 3196 2912 3250 homo?
2939 3195 3051 3251 Non
3083 3204 3167 3250 est
3195 3197 3267 3248 tui
3291 3195 3488 3262 negotii
3519 3193 3813 3262 Scriptor-as

2232 3292 2512 3352 evolvere,
2541 3289 2791 3356 quoniam
2819 3288 3116 3342 innumeris
3139 3287 3282 3340 curis
3324 3284 3686 3338 distraheris?
3716 3284 3814 3336 lmo

2235 3391 2379 3436 tamn
2409 3383 2576 3452 magis
2601 3392 2854 3451 estquam
2884 3381 3116 3435 illorum.
3136 3379 3314 3447 Neque
3338 3379 3481 3432 enim
3511 3379 3593 3432 illi
3611 3377 3815 3446 perinde

2237 3470 2634 3540 Seripturarutn
2683 3481 2842 3540 egent
2884 3471 3160 3541 pravsidio,
3191 3478 3349 3539 atque
3398 3483 3500 3522 vos
3553 3470 3606 3521 in
3640 3468 3817 3522 mediis

2235 3564 2566 3632 negotiorum
2620 3564 2774 3618 undis
2820 3564 3022 3631 jactati.
3071 3562 3198 3616 Nam
3257 3561 3501 3616 monachi
3545 3563 3756 3632 quidem
3791 3575 3816 3610 a

2231 3655 2354 3710 foro
2382 3657 2786 3726 forensibusque
2816 3657 3040 3726 negotiis
3062 3656 3210 3710 libi-ri
3232 3697 3246 3721 ,
3271 3656 3467 3724 quique
3512 3655 3568 3706 in
3617 3654 3816 3708 deserta

2234 3748 2400 3801 ﬁxere
2439 3747 2696 3816 tuguriola
2719 3789 2733 3808 ,
2763 3762 2933 3816 neque
2977 3763 3094 3800 eum
3123 3762 3384 3814 quoquam
3435 3744 3644 3798 habent
3685 3759 3813 3796 eom-

2235 3840 2494 3893 mercium
2514 3880 2529 3902 ,
2557 3838 2648 3892 sed
2683 3839 2736 3892 in
2775 3839 2863 3894 illa
2891 3839 3066 3907 quieta
3099 3836 3478 3904 tranquillitate
3518 3851 3653 3890 cum
3682 3836 3813 3886 οωιιί

2233 3931 2516 3986 Securitate
2542 3930 2999 3999 philosophantur.
3026 3944 3088 3982 ac
3114 3930 3252 3982 velut
3279 3927 3330 3980 in
3365 3937 3518 3994 portu
3549 3925 3812 3984 sedentes,

2234 4024 2394 4078 rebus
2421 4022 2766 4077 vehementer
2795 4023 2921 4076 tutis
2948 4022 3218 4074 fruuntur:
3245 4034 3340 4072 nos
3376 4028 3569 4070 contra
3601 4017 3745 4071 velut
3771 4018 3815 4066 in

2234 4115 2411 4168 medio
2441 4117 2574 4170 mari
2621 4115 2966 4176 fluctuantes,
2995 4112 3387 4178 innumerisque
3407 4151 3422 4172 ,
3452 4109 3688 4162 velimus
3732 4123 3816 4160 no~

2233 4207 2426 4270 limus,
2477 4187 2710 4275 peccatis
2774 4205 3050 4270 obstricti,
3093 4215 3305 4269 semper
3360 4214 3497 4268 opus
3559 4199 3811 4252 habemus

2234 4310 2491 4368 perpetuo
2540 4299 2755 4368 jugique
2801 4297 3189 4365 Scripturarum
3237 4294 3445 4348 solatio.
3497 4293 3575 4346 llli
3638 4295 3815 4347 sedent

2235 4392 2416 4460 procul
2438 4407 2465 4444 a
2483 4389 2751 4454 conflictu,
2779 4404 2951 4460 eoque
2975 4404 3073 4444 nec
3092 4387 3358 4456 accipiunt
3379 4388 3546 4440 multa
3565 4388 3809 4440 vulnera:

2235 4484 2327 4539 tibi
2353 4499 2480 4538 vero
2499 4525 2514 4549 ,
2537 4485 2659 4553 quia
2690 4493 2946 4552 perpetuo
2974 4489 3084 4535 stas
3114 4479 3166 4533 in
3194 4479 3308 4534 acie
3328 4519 3343 4542 ,
3367 4479 3487 4546 quia
3510 4477 3813 4543 frequentes

2232 4575 2431 4645 accipis
2462 4576 2645 4645 plagas
2665 4616 2678 4640 ,
2712 4573 2913 4628 idcirco
2951 4572 3120 4642 magis
3159 4586 3291 4640 opus
3319 4582 3398 4625 εει
3444 4571 3737 4630 remediis,
3766 4581 3814 4620 ut

2231 4684 2388 4736 quem
2411 4675 2465 4722 et
2495 4681 2628 4720 uxor
2656 4674 2944 4735 provocat,
2973 4673 3029 4718 et
3051 4665 3187 4717 filius
3213 4664 3523 4727 contristat,
3566 4674 3730 4730 atque
3753 4662 3810 4713 ad

2233 4759 2365 4813 iram
2396 4766 2714 4822 commovet,
2747 4765 2802 4810 et
2831 4756 3110 4810 insidiatur
3133 4754 3298 4808 hostis
3317 4795 3331 4817 ,
3364 4763 3416 4806 et
3440 4753 3644 4806 invidet
3681 4754 3808 4804 ami-

2231 4868 2357 4917 cus,
2391 4860 2444 4905 et
2483 4851 2686 4906 vicinus
2724 4851 3030 4910 insectatur,
3061 4857 3113 4904 et
3141 4847 3430 4901 commilito
3475 4845 3807 4911 supplantat,

2229 4941 2536 5012 frequenter
2554 4952 2608 4996 et
2629 4941 2790 5011 judex
2819 4941 3066 5004 minatur,
3086 4949 3138 4994 et
3161 4949 3436 5008 paupertas
3457 4948 3539 4990 est
3569 4939 3806 4995 took-sta,

2230 5048 2278 5089 et
2303 5033 2716 5089 domesticorum
2756 5033 2973 5088 amissio
3023 5032 3217 5085 luctum
3247 5029 3398 5084 affert
3424 5071 3436 5091 ,
3463 5040 3515 5082 et
3545 5041 3805 5096 prospers

2231 5135 2313 5180 tas
2335 5128 2504 5191 inllat,
2541 5125 2832 5178 adversitas
2859 5123 3144 5178 contrahit.
3175 5114 3406 5175 Breviier
3436 5121 3583 5172 vatia
3603 5121 3805 5173 iracmt-

2231 5221 2354 5283 diae,
2382 5220 2524 5272 varia
2559 5233 2826 5279 curarum,
2857 5217 3001 5268 varia
3042 5213 3454 5285 perturbationis
3493 5227 3558 5267 ac
3615 5228 3804 5265 nitere-

2231 5313 2305 5364 ris
2323 5351 2337 5375 ,
2362 5311 2503 5364 varia
2529 5310 2818 5378 jactantize,
2843 5310 2984 5361 varia
3018 5309 3258 5369 tumoris,
3289 5316 3394 5357 tum
3422 5305 3641 5358 occasio
3659 5347 3673 5364 ,
3705 5315 3803 5355 tum

2231 5404 2521 5458 necessitas
2564 5417 2659 5456 nos
2705 5401 3056 5471 undequaqne
3085 5398 3474 5460 circumvallat,
3507 5396 3802 5450 innumera-

2231 5511 2333 5564 que
2371 5511 2436 5548 ex
2481 5493 2627 5548 omni
2672 5503 2824 5563 parte
2853 5492 2954 5546 tela
3000 5491 3250 5544 volitant:
3281 5488 3418 5542 unde
3468 5502 3691 5542 necesse
3731 5497 3802 5538 est

2235 5587 2595 5644 indesinenter
2609 5601 2637 5639 a
2657 5586 2770 5640 Seri
2780 5587 2948 5653 pturis
2961 5595 3278 5637 armaturam
3307 5595 3541 5634 sumere.
3571 5583 3798 5649 Agno~re

2235 5683 2426 5750 igitur,
2481 5679 2685 5747 inquit,
2713 5677 2853 5748 quod
2906 5677 2958 5731 in
3006 5676 3180 5730 medio
3225 5675 3530 5741 laqueorum
3575 5670 3795 5726 incedis.

2228 5771 2475 5842 quodque
2503 5772 2551 5824 in
2577 5773 2873 5840 pinnacubs
2908 5768 3131 5822 civitatis
3151 5764 3390 5818 ambulas
3419 5762 3590 5831 (Eccl.
3623 5764 3672 5818 9.
3693 5761 3798 5824 '20}.
