3906 6240
103 350 185 404 91H
1255 355 1342 410 DE
1383 357 1659 416 LAZARO
1697 360 1950 420 CONCIO
1984 365 2076 421 Ill.

104 463 272 517 τέκνον
311 461 470 514 αὑτὸν
504 462 676 526 καλεῖ,
727 466 988 536 μονονοίιχ
1025 465 1166 538 ὑπὲρ
1205 469 1400 523 ἑαυτοῦ
1433 471 1522 526 διά
1563 475 1664 543 τῆς

99 545 453 615 προσηγορίας
467 545 920 615 ἀπολογούμενος.
939 543 1014 604 Οῦ
1026 549 1212 618 κύριός
1229 553 1366 621 είμι,
1385 554 1488 618 σοὶ,
1503 557 1660 625 φησὶ,

101 627 412 698 μεταδίδωμι
439 644 451 656 ·
491 629 553 681 τὸ
579 629 634 681 δὲ
664 629 914 682 ἐντεῦθεν
949 632 1203 685 ἀπελθεῖν
1243 638 1359 687 ἐκεῖ
1393 639 1492 689 οὑκ
1519 638 1664 690 ἐστιν

99 712 350 782 ἡμέτερον
378 712 580 764 λοιπόν.
617 712 945 781 Ἀπέλαϐες
977 718 1048 770 τὰ
1067 718 1258 785 ἀγαθὰ
1279 735 1415 772 σου.
1445 723 1551 774 Καὶ
1578 723 1666 776 διά

95 797 140 848 τί
161 797 254 848 οὑκ
271 791 444 858 εἶπεν,
476 796 688 860 ἔλαϐες,
713 798 863 860 ἀλλὰ,
899 799 1196 865 ἀπέλαϐες
1213 819 1232 865 ;
1250 802 1389 856 Πολὺ
1408 803 1554 876 [756]
1571 806 1666 858 πέο

97 881 243 946 λαγος
294 878 541 934 ἐντεῦθεν
603 883 732 952 ἡμῖν
783 884 1072 954 νοημάτων
1119 886 1230 956 ὁρῶ
1291 888 1661 958 ἀνοιγόμενον.

96 967 172 1016 Διὸ
195 964 254 1034 δὴ
277 966 454 1018 πάντα
486 965 556 1018 τά
597 967 861 1037 εἰρημένα
899 969 1038 1038 μετά
1071 969 1355 1040 ἀκριϐείας
1395 973 1663 1040 φυλάξαν-

96 1067 191 1111 τες.
223 1049 288 1101 τά
309 1065 367 1100 τε
401 1048 516 1109 νῦν,
542 1049 612 1102 τά
644 1066 703 1101 τε
749 1049 941 1121 πρώην
977 1051 1256 1121 λεχθέντα,
1304 1055 1442 1122 μετά
1483 1058 1661 1126 ἀσφα-

94 1131 224 1193 λείας
264 1131 479 1199 ἀπάσης
512 1131 876 1202 ἀποθώμεθα,
921 1137 1015 1186 καὶ
1053 1134 1186 1204 πρὸς
1233 1136 1330 1206 τὴν
1373 1138 1484 1190 τῶν
1532 1139 1660 1209 μελ-

93 1215 274 1268 λόντων
341 1213 678 1284 ῥηθήσεσθαι
736 1216 1002 1286 ἀκρόασιν
1068 1219 1131 1269 ὲκ
1189 1218 1298 1271 τῶν
1356 1221 1659 1291 εἰρημένων

92 1296 537 1366 ἐπιτηδειοτέρους
573 1299 798 1360 ἑαυτοὺς
836 1301 1281 1353 κατασκευάσατε
1303 1319 1318 1332 ·
1354 1303 1448 1354 καὶ
1481 1305 1528 1354 εἰ
1560 1304 1658 1374 μὲν

89 1379 296 1432 δυνατὸν
323 1382 450 1449 ὑμῖν
479 1380 710 1448 γένοιτο,
743 1381 920 1434 πάντα
961 1400 1049 1451 μοι
1090 1384 1477 1454 μνημονεύετε·
1520 1389 1568 1440 εἰ
1599 1389 1657 1441 δὲ

93 1465 156 1532 μὴ
185 1461 410 1514 δύνασθε
447 1463 644 1522 πάντα,
675 1464 796 1516 ἀντὶ
833 1464 1050 1518 πάντων
1094 1467 1294 1531 έκεῖνο,
1332 1469 1654 1539 παρακαλῶ,

93 1687 462 1700 .——————————

3235 372 3342 429 99?.

1769 478 2047 563 μέμνησθε
2076 481 2358 552 διηνεκῶς,
2403 489 2486 540 ὅτι
2517 488 2578 542 τὸ
2616 490 2689 560 μὴ
2750 489 3088 559 μεταδιδόναι
3117 491 3346 563 πένησιν

1766 561 1974 644 ὲκτῶν
2013 565 2229 618 οἰκείων
2272 569 2605 638 χρημάτων,
2658 573 2882 644 ἁρπαγὴ
2927 574 3175 643 πενήτων
3225 561 3346 627 ἐστὶ

1766 643 1860 694 καὶ
1907 645 2274 718 ἀποστέρησις
2307 650 2406 721 τῆς
2434 652 2659 706 ἐκείνων
2689 643 2879 724 ζωῆς(
2903 656 2998 708 καί⁵
3029 656 3092 708 οὑ
3120 657 3188 710 τά
3208 657 3347 727 ήμέ-

1764 740 1919 811 τερα,
1949 727 2084 783 ἀλλὰ
2120 733 2187 784 τά
2230 733 2452 787 ἐκείνων
2506 737 2828 808 κατέχομεν.
2875 742 2971 791 Ἂν
3015 740 3123 811 γὰρ
3171 739 3344 804 οὕτως

1761 802 1912 880 ὦμεν
1940 813 2291 884 διακείμενοι,
2327 821 2544 883 πάντως
2579 824 2929 893 προησόμεθα
2958 824 3027 876 τά
3052 825 3342 894 χρήματα,

1762 896 1856 946 καὶ
1883 898 2153 952 πεινῶντα
2185 901 2487 972 θρέψαντες
2537 905 2626 959 τὸν
2673 907 2906 975 Χριστὸν
2954 907 3218 972 ἐνταῦθα,
3249 910 3343 960 καί

1761 979 1961 1050 πολλὴν
2007 983 2124 1035 ἐκεῖ
2150 983 2250 1055 τὴν
2276 988 2545 1056 ἐμπορίαν
2562 998 2582 1019 ⁸
2612 984 2966 1060 ἀποθέμενοι,
3001 991 3344 1060 δυνησόμεθα

1759 1060 1866 1113 τῶν
1898 1063 2198 1131 μελλόντων
2229 1070 2500 1139 ἐπιτυχεῖν
2534 1072 2772 1138 ἀγαθῶν,
2814 1073 2994 1142 χάριτι
3029 1077 3122 1126 καὶ
3156 1074 3343 1140 φιλαν-

1759 1143 1975 1217 θρωπίᾳ
1997 1147 2088 1200 τοῦ
2125 1151 2326 1219 Κυρίου
2352 1152 2507 1222 ἡμῶν
2553 1154 2725 1223 Ἰησοῦ
2756 1157 3013 1227 Χριστοῦ,
3045 1157 3162 1226 μεθ’
3183 1151 3242 1208 οῦ
3268 1154 3343 1224 τῷ

1767 1228 1962 1300 Πατρὶ,
2003 1233 2116 1300 ἅμα
2140 1233 2217 1303 τῷ
2246 1236 2384 1305 άγίῳ
2415 1236 2692 1307 Πνεύματι
2721 1241 2868 1302 δόξα.
2905 1243 3036 1310 τιμὴ
3057 1281 3070 1302 ,
3109 1242 3338 1310 κράτος,

1767 1312 1860 1364 νῦν
1905 1314 1996 1366 καὶ
2047 1318 2170 1379 ἀεὶ,
2237 1319 2329 1372 καὶ
2379 1321 2459 1382 είς
2510 1325 2635 1384 τοὺς
2692 1323 2894 1386 αἰῶνας
2946 1325 3052 1377 τῶν
3108 1323 3336 1377 αἰώνων.

1778 1395 1970 1446 Ἀμήν.

1843 1397 1970 1467 μήνο

1827 1480 1853 1508 ⁸
1878 1482 1977 1530 Alii
2003 1481 2239 1546 εὐπορίαν.

479 1685 3282 1722 W‘...

92 1859 182 1920 Εἰς
218 1856 322 1908 τὸν
357 1853 622 1924 Λάζαρον
667 1857 853 1926 λόγος
881 1858 1098 1926 τρίτος,
1130 1860 1228 1913 καὶ
1259 1859 1425 1924 τίνος
1455 1857 1666 1912 ἕνεκεν
1702 1860 1812 1912 οὐκ
1845 1855 2033 1926 εἶπεν,
2079 1863 2315 1928 Ἐλαϐες
2349 1863 2421 1916 τὰ
2443 1863 2633 1932 ἀγαθά
2663 1880 2780 1919 σου
2819 1865 2889 1918 ἐν
2917 1863 2990 1932 τῇ
3033 1863 3146 1934 ζωῇ
3198 1883 3334 1930 σου,

149 1950 297 2010 ἀλλ’,
342 1949 658 2014 ’Δπέλαϐεςο
693 1950 791 2003 καὶ
825 1949 922 2003 διὰ
966 1952 1024 2004 τί
1055 1955 1108 2006 οἱ
1165 1953 1283 2022 μὲν
1329 1952 1543 2006 δίκαιοι
1567 1950 1883 2022 ⁴κινδύνοις
1927 1956 2224 2024 πολλάκις
2262 1960 2746 2024 περιπίπτουσιν,
2791 1962 2846 2012 οὶ
2879 1957 2962 2011 δὲ·
3011 1959 3338 2028 ἁμαρτωλοὶ

158 2043 397 2104 αι’·τοιυς
426 2041 880 2110 διαφεύγουσιν.

149 2316 209 2362 α’.
223 2309 297 2361 Οὑ
317 2308 386 2361 τὰ
404 2309 636 2380 τυχόντα
657 2309 804 2380 ἡμᾶς
822 2308 1028 2379 ὤνησεν
1049 2311 1082 2382 ή
1109 2309 1249 2363 κατά
1281 2309 1371 2362 τὸν
1403 2306 1651 2378 Λάζαρον

90 2392 371 2462 παραϐολὴ,
407 2395 499 2446 καὶ
523 2394 811 2456 πλουσίους
845 2393 938 2445 καὶ
972 2393 1231 2462 πένητας,
1271 2393 1394 2454 τοὺς
1427 2392 1525 2462 μὲν
1558 2392 1650 2444 εὑ-

90 2483 240 2543 κόλως
277 2483 464 2551 φέρειν
504 2482 602 2552 τὴν
651 2479 839 2532 πενίαν
898 2478 1254 2543 παιδεύσασα,
1284 2481 1410 2539 τοὺς
1450 2479 1506 2532 δὲ
1551 2480 1652 2533 οὑκ

87 2567 283 2632 ἀφιεῖσα
309 2566 452 2635 μέγα
480 2567 697 2635 φρονεῖν
720 2565 811 2616 ἐπὶ
839 2562 914 2632 τῷ
947 2563 1180 2633 πλούτῳ,
1208 2563 1342 2616 ἀλλά
1374 2563 1442 2616 δι’
1470 2563 1650 2616 αὑτῶν

83 2647 172 2698 τῶν
228 2648 403 2719 ἔργων
452 2646 731 2711 διδάξασα,
794 2646 876 2698 ὅτι
937 2647 1156 2698 πάντων
1213 2645 1569 2716 ἐλεεινότερος
1621 2648 1650 2698 ὁ

81 2734 244 2801 τρυφῇ
267 2729 473 2792 συζῶν.
499 2732 594 2782 καί⁵
627 2729 813 2798 μηδενὶ
839 2727 947 2780 τῶν
970 2728 1137 2781 όντων
1163 2727 1492 2798 μεταδιδιύς.
1513 2730 1646 2798 Φέρε

80 2810 158 2864 οὖν
181 2815 270 2865 καὶ
305 2814 548 2884 σήμερον
597 2811 694 2881 τῆς
715 2811 883 2881 αὐτῆς
913 2811 1076 2864 πάλιν
1109 2810 1375 2881 ἁψώμεθα
1395 2823 1420 2850 ι
1454 2811 1648 2864 ὑποθέο

82 2913 219 2959 σεωςο
245 2897 366 2950 ἐπεὶ
395 2898 489 2949 καὶ
517 2896 568 2948 οἱ
629 2895 696 2947 τὰ
735 2893 970 2971 μέταλλα
1003 2893 1380 2965 ἐργαζόμενοι,
1407 2893 1533 2946 ἔνθα
1583 2897 1648 2946 ἂν

81 2979 210 3032 ἴδωσι
237 2981 436 3043 πολλάς
467 2978 562 3032 τοῦ
580 2979 805 3048 χρυσίου
833 2977 930 3040 τὰς
952 2973 1091 3042 ἶνας,
1116 2979 1232 3030 ἐκεῖ
1252 2977 1646 3031 διασκάπτουσι

78 3063 238 3127 πάλιν,
263 3064 358 3116 καὶ
381 3064 483 3116 οὑκ
512 3063 840 3130 ἀφίστανται
863 3059 1149 3132 πρότερον,
1183 3061 1287 3124 ἓως
1314 3061 1379 3114 ἂν
1411 3060 1556 3114 ἆπαν
1588 3061 1648 3112 τὸ

78 3147 374 3218 φαινόμενον
433 3143 854 3216 ἑξαντλήσωσιν.
909 3144 1250 3215 Ἐπανίωμεν
1283 3144 1482 3206 τοίνυν,
1519 3143 1646 3197 ἔνθα

76 3229 245 3300 πρώην
276 3229 640 3298 κατελίπομεν
668 3230 758 3280 τὸν
789 3227 945 3294 λόγον
990 3228 1075 3280 ἴνα
1110 3226 1316 3280 ἐκεῖθεν
1348 3228 1509 3280 αὑτὸν
1546 3229 1646 3280 ἀν·

76 3314 321 3383 ελώμεθα.
351 3311 512 3380 Ἐνῆν
537 3307 636 3382 μὲν
659 3310 768 3381 γὰρ
791 3312 881 3363 καὶ
909 3313 966 3363 έν
987 3311 1172 3382 ἡμέρᾳ
1191 3313 1290 3382 μιᾷ
1320 3313 1497 3364 πᾶσαν
1517 3312 1645 3382 ὑμῖν

72 3395 254 3467 ταύτην
298 3393 614 3460 ὲξαπλῶσαι
653 3393 750 3463 τὴν
806 3394 1138 3466 παραϐολήν·
1190 3393 1304 3446 ἀλλ’
1353 3395 1452 3464 οὑχ
1497 3395 1646 3457 ὅπως

74 3479 222 3532 πολλὰ
245 3480 491 3541 εἰπόντες
516 3476 866 3547 ἀπέλθωμεν,
885 3477 1044 3530 τοῦτο
1069 3476 1505 3548 ἐσπουδάκαμεν,
1530 3477 1644 3530 ἀλλ’

70 3563 202 3628 ὅπως
227 3564 362 3636 μετά
400 3561 683 3633 ἀκριϐείας
711 3561 782 3613 τά
809 3561 1072 3631 λεχθέντα
1109 3561 1394 3632 δεξάμενοι
1418 3562 1513 3614 καὶ
1546 3579 1645 3614 κα-

70 3649 361 3718 τασχόντες,
423 3645 638 3698 λάϐοιτέ
683 3662 804 3698 τινα
858 3645 965 3698 ἀπὸ
1021 3645 1124 3716 τῆς
1153 3645 1397 3716 φυλακῆς
1441 3645 1645 3714 ταύτης

71 3730 301 3802 αἴσθησιν
334 3729 606 3799 ὠφελείας
639 3727 1038 3800 πνευματικῆς.
1068 3729 1180 3782 Καὶ
1208 3729 1318 3800 γάρ
1341 3730 1526 3799 μήτηρ
1556 3745 1646 3796 φι-

71 3812 336 3886 λόστοργος
375 3813 644 3884 μέλλουσα
693 3812 786 3864 ἐπὶ
817 3811 1042 3882 στερεάν
1079 3811 1139 3864 τὸ
1168 3811 1641 3884 γαλακτοτροφού-

74 3915 218 3968 μενον
247 3897 462 3952 παιδίον
492 3898 646 3964 ἄγειν
663 3896 869 3967 τροφὴν
887 3935 901 3960 ,
928 3895 994 3949 ἂν
1031 3896 1128 3965 μὲν
1157 3895 1351 3971 ἀθρόον
1375 3895 1539 3968 ἐγχέῃ
1567 3894 1644 3964 τῷ

73 3983 281 4052 στόματι
333 3983 429 4035 τὸν
480 3980 737 4051 ἄκρατον,
773 3979 926 4032 οὐδὲν
954 3979 1210 4050 ὀνίνησιν,
1251 3978 1645 4051 ἀποϐλύζοντος

69 4067 149 4120 τοῦ
177 4069 390 4121 παιδίου
423 4066 486 4119 τὸ
507 4065 807 4136 διδόμενον,
838 4065 932 4118 καὶ
978 4063 1354 4136 διαϐρέχοντος
1393 4065 1520 4135 περί
1567 4065 1644 4136 τῷ

71 4152 236 4222 στήθει
263 4153 353 4206 τὸν
384 4149 721 4221 χιτωνίσκον·
760 4149 826 4202 ἂν
854 4148 911 4200 δὲ
942 4148 1126 4219 ἠρέμα
1164 4148 1257 4201 καὶ
1285 4148 1424 4201 κατά
1449 4149 1642 4220 μικρὸν

70 4236 239 4308 ἐγχέῃ,
291 4233 659 4305 παραπέμπει
692 4231 752 4284 τὸ
809 4231 962 4284 δοθὲν
987 4231 1228 4296 ἀλύπως.
1267 4231 1364 4284 ’Ὶν’
1421 4229 1514 4285 οῦν
1553 4235 1644 4286 καὶ

69 4319 208 4389 ὑμεῖς
244 4319 302 4372 τὸ
327 4317 480 4372 δοθὲν
513 4316 586 4388 μὴ
619 4314 981 4384 ἀποϐλύσητε,
1031 4317 1131 4368 οὑκ
1163 4315 1358 4386 ἀθρόον
1392 4316 1519 4386 ὑμῖν
1548 4317 1645 4369 ὲπ-

69 4403 345 4473 εκ).ίναμεν
377 4401 438 4453 τὸ
456 4401 554 4470 τῆς
585 4398 932 4462 διδασκαλίας
971 4399 1248 4470 ποτήριον,
1272 4399 1386 4452 ἀλλ’
1413 4403 1492 4463 εἰς
1512 4400 1644 4452 πολ-

67 4483 153 4546 λάς
177 4488 300 4557 ὑμῖν
324 4485 456 4539 αὑτὸ
479 4482 1033 4552 κατεκερματίσαμεν
1055 4482 1292 4556 ἡμέρας,
1318 4485 1378 4535 ὲν
1398 4486 1519 4546 ταῖς
1549 4501 1645 4554 με-

66 4568 186 4633 ταξὺ
197 4569 418 4632 ταύταις
431 4570 464 4637 ἡ
475 4567 542 4637 μέ
550 4583 671 4636 ραις
685 4563 1110 4619 διαναπαύεσθαι
1127 4567 1498 4638 παρασχόντες
1515 4568 1642 4637 ὑμῖν

64 4652 125 4706 ἐκ
150 4654 239 4707 τοῦ
270 4653 374 4724 τῆς
409 4650 562 4723 [737]
591 4650 908 4722 ἀκροάσεως
937 4649 1120 4714 πόνου,
1148 4649 1236 4703 ἵνα
1259 4649 1353 4702 καὶ
1372 4651 1440 4703 τά
1473 4667 1643 4702 κατα-

66 4733 318 4807 δληθέντα
375 4737 525 4805 παγῇ
579 4733 716 4805 μετά
750 4733 1048 4800 ἀσφαλείας
1101 4735 1162 4786 ὲν
1196 4735 1262 4805 τῇ
1294 4732 1500 4804 διανοίᾳ
1544 4735 1644 4804 τῆς

67 4819 325 4892 ὑμετέρας
354 4819 595 4888 ἀγάπης,
617 4817 713 4870 καὶ
741 4817 808 4870 τά
843 4816 1176 4887 ῥηθήσεσθαι
1205 4816 1467 4888 μέλλοντα
1497 4818 1645 4869 ἀνει-

70 4907 195 4980 μένῃ
221 4908 313 4960 καὶ
343 4903 672 4975 ἀκμαζούσῃ
721 4901 948 4973 δέξησθε
995 4902 1164 4972 ψυχῇ.
1217 4901 1317 4955 Διά
1367 4901 1644 4955 τοῦτοκαὶ

66 4991 156 5060 τὴν
181 4991 434 5044 ὑπόθεσιν
479 4988 589 5042 τῶν
641 4986 944 5058 μελλόντων
1003 4984 1335 5056 ῥηθήσεσθαι
1383 4984 1642 5049 πολλάκις

68 5074 188 5142 ὑμῖν
216 5073 553 5146 προλέγομεν
584 5071 689 5140 πρὸ
733 5069 942 5122 πολλῶν
994 5067 1248 5146 ἡμερῶν,
1301 5069 1388 5143 ἵνα
1439 5071 1495 5121 ἐν
1522 5072 1641 5133 ταῖς

72 5141 272 5225 μεταξὺ.
296 5141 522 5219 ταύταις
575 5155 808 5226 ἡμέραις
851 5153 912 5206 τὸ
973 5141 1175 5222 βιϐλίον
1219 5151 1492 5214 λαϐόντες,
1547 5153 1642 5205 καὶ

66 5240 156 5310 την
200 5240 502 5312 περικοπὴν
543 5238 759 5293 ἃπασαν
795 5237 1061 5300 ἐπιόντες,
1107 5236 1200 5289 καὶ
1234 5235 1643 5304 καταμαθόντες

71 5323 114 5372 τί
163 5324 258 5393 μὲν
288 5325 524 5395 εἴρηται,
574 5323 626 5375 τί
680 5323 734 5374 δὲ
781 5320 1186 5382 ὑπολέλειπται,
1234 5317 1642 5388 εὑμαθεστὲραν

70 5404 212 5475 ὑμῶν
247 5410 507 5478 ποιήσητε
537 5408 633 5477 τὴν
683 5406 919 5458 διάνοιαν
954 5403 1089 5476 πρὸς
1117 5402 1214 5473 τήν
1240 5403 1502 5473 ἀκρόασιν
1533 5403 1640 5456 τῶν

75 5491 393 5558 μετϊταῦτα
417 5490 822 5564 ῥηθησομένων.
1266 5541 1272 5554 ,

138 5575 241 5627 Καὶ
263 5574 419 5628 τοῦτο
451 5575 536 5626 ἀεὶ
571 5570 897 5644 παρακαλῶ,
919 5571 1014 5624 καὶ
1045 5569 1382 5641 παρακαλῶν
1410 5571 1470 5623 οὑ
1500 5569 1641 5622 παύ-

79 5669 251 5726 σομαι,
277 5659 363 5712 ἵνα
404 5659 478 5730 μὴ
506 5658 664 5728 μόνον
698 5655 932 5710 ἐνταῦθα
964 5658 1076 5718 τοῖς
1118 5655 1436 5724 λεγομένοις
1465 5671 1640 5728 προσ-

129 5823 157 5857 δ
180 5825 312 5878 Unus
330 5842 446 5879 mss.
467 5838 519 5880 et
538 5829 686 5877 Savil.
713 5831 760 5876 in
785 5841 936 5888 marg.
960 5827 1305 5887 ἐπιὶαῧώμεθα.

1753 2308 1936 2380 έχητε,
1968 2306 2107 2362 ἀλλὰ
2144 2306 2238 2360 καὶ
2265 2308 2402 2360 οῐκοι
2430 2309 2728 2377 γινόμενοι,
2762 2313 2828 2381 τῇ
2871 2310 2978 2364 τῶν
3008 2311 3168 2365 θείων
3196 2311 3337 2380 Γηρα-

1753 2391 1870 2459 φῶν
1902 2392 2204 2460 ἀναγνώσει
2234 2391 2471 2460 συνεχῶς
2504 2392 2894 2463 ἐνδιατρίϐητε.
2923 2394 3092 2448 Τοῦτο
3120 2395 3340 2459 καὶτοῖς

1756 2476 1860 2547 ἰδία
1884 2475 2293 2545 συγγινομένοις
2336 2478 2469 2545 ἡμῖν
2498 2477 2558 2528 οὑ
2589 2476 2825 2529 διέλιπον
2858 2479 2944 2530 ἀεὶ
2987 2477 3334 2550 παρεγγυῶν.

1750 2560 1841 2630 Μὴ
1866 2561 1974 2631 γάρ
2001 2577 2090 2630 μοι
2115 2558 2317 2626 λεγέτω
2333 2575 2416 2621 τις
2435 2558 2503 2610 τὰ
2537 2559 2722 2630 ψυχρά
2761 2562 2981 2630 ῥήματα
3007 2563 3208 2626 ἐκεῖνα,
3242 2562 3340 2614 καὶ

1751 2641 1950 2711 πολλῆς
1983 2640 2380 2708 καταγνώσεως
2431 2642 2588 2707 ἀξια,
2642 2643 2725 2694 ὅτι
2775 2641 3119 2715 Δικαστηρίῴ
3169 2661 3339 2716 προσ-

1750 2726 1988 2796 ήλωμαι,
2024 2725 2095 2778 τὰ
2123 2725 2222 2802 τῆς
2261 2725 2468 2788 πόλεως
2507 2726 2731 2795 πράττω
2764 2727 3082 2796 πράγματα,
3143 2728 3336 2798 τέχνην

1753 2809 2109 2878 μετέρχομαι,
2132 2810 2364 2876 γυναῖκα
2390 2807 2518 2877 ἔχω,
2552 2807 2739 2860 παιδία
2765 2809 2970 2879 τρέφω,
3000 2813 3176 2873 οἰκίας
3201 2828 3338 2881 προ-

1744 2893 1998 2960 ΐσταμαι,
2028 2893 2167 2961 ἀνήρ
2191 2893 2306 2959 εἰμι
2343 2891 2614 2960 βιωτικός’
2644 2892 2744 2942 οὐκ
2771 2892 2915 2942 ἔστιν
2957 2893 3086 2963 ἐμὸν
3115 2895 3338 2964 Γραφᾲις

1748 2974 2162 3043 ἀναγινώσκειν,
2188 2975 2301 3028 ἀλλ’
2338 2974 2560 3027 ἐκείνων
2607 2973 2714 3028 τῶν
2744 2975 3193 3047 ἀποταξαμένων,
3225 2979 3336 3032 τῶν

1747 3058 1846 3121 τὰς
1899 3059 2142 3131 κορυφάς
2169 3059 2276 3111 τῶν
2310 3059 2481 3130 ὀρέων
2513 3059 2940 3129 κατειληφότων,
3003 3061 3107 3113 τῶν
3146 3061 3336 3115 τοῦτον

1745 3142 1838 3193 τὸν
1868 3141 1981 3210 βίον
2010 3143 2243 3212 ἐχόντων
2275 3141 2556 3212 διηνεκῶς.
2591 3141 2653 3193 Τί
2684 3142 2881 3210 λέγεις.
2914 3142 3200 3215 ἀνθρωπες
3235 3147 3338 3200 οὑκ

1748 3226 1864 3278 ἐστι
1900 3226 1990 3278 σὸν
2020 3226 2181 3298 ἔργον
2229 3227 2473 3298 Γραφαῖς
2503 3225 2815 3297 προσέχειν,
2871 3228 3058 3298 ἐπειδὴ
3110 3231 3336 3301 μυρίαις

1747 3309 2011 3381 περιέλκῃ
2071 3310 2348 3381 φροντίσι;
2411 3311 2510 3362 Σὺν
2573 3310 2672 3380 μὲν
2718 3305 2811 3362 οῦν
2853 3311 3053 3380 μᾶλλόν
3102 3314 3333 3386 ἐστιν,ῆ

1749 3394 1992 3446 ἐκείνων.
2025 3394 2099 3445 Οὑ
2125 3395 2232 3464 γὰρ
2267 3394 2437 3455 οὕτως
2469 3395 2665 3446 ἐκεῖνοι
2686 3391 2947 3464 χρῄζουσι
2971 3395 3068 3464 τῆς
3098 3396 3204 3448 άπὸ
3230 3397 3337 3450 τῶν

1747 3475 1906 3529 θείων
1933 3478 2160 3547 Γραφῶν
2191 3476 2459 3546 βοηθείας,
2520 3477 2595 3540 ὡς
2627 3479 2676 3529 οἰ
2709 3479 2766 3529 ἐν
2803 3479 2955 3548 μέσῳ
2982 3484 3336 3552 στρεφόμενοι

1747 3563 2088 3631 πραγμάτων
2123 3561 2351 3615 πολλῶν.
2384 3562 2444 3613 UE
2479 3562 2574 3631 μὲν
2598 3561 2707 3632 γάρ
2751 3565 2972 3632 μοναχοί
3003 3565 3101 3632 τῆς
3129 3568 3335 3636 ἀγορᾶς

1747 3646 1974 3698 καὶτῶν
2007 3648 2069 3698 ἐκ
2085 3645 2186 3714 τῆς
2219 3647 2423 3716 ἀγορᾶς
2483 3645 2889 3712 ἀπαλλαγέντες
2923 3647 3185 3718 θορύϐων,
3241 3653 3335 3705 καὶ

1744 3727 1842 3791 τὰς
1872 3729 2115 3791 καλύϐας
2142 3732 2198 3781 ἐν
2229 3729 2435 3800 ἐρημίᾳ
2468 3728 2788 3799 πηξάμενοι,
2847 3730 2936 3782 καὶ
2975 3733 3109 3801 πρὸς
3145 3735 3334 3787 οὑδένα

1744 3812 1924 3865 κοινὸν
1957 3813 2109 3865 οὐδὲν
2163 3813 2397 3882 ἔχοντες,
2457 3813 2573 3866 ἀλλ’
2637 3813 3125 3883 ὲμφιλοσοφοῦντες
3195 3820 3334 3887 μετά

1745 3895 1929 3959 ἀδείας
1962 3899 2028 3966 τῇ
2056 3896 2155 3966 τῆς
2186 3897 2417 3966 ἡσυχίας
2450 3898 2664 3966 ἐκείνης
2708 3897 2936 3969 γαλήνῃ,
2993 3901 3242 3970 καθάπερ
3276 3905 3333 3955 ἐν

1744 3978 1926 4048 λιμένι
1955 3978 2278 4050 καθήμενοι,
2330 3979 2528 4050 πολλῆς
2563 3982 2661 4050 τῆς
2703 3979 3002 4049 ἀσφαλείας
3028 3983 3331 4038 ἀπολαύου-

1746 4080 1850 4116 σιν·
1877 4061 2039 4134 ἡμεῖς
2084 4063 2140 4116 δὲ
2167 4065 2215 4116 οἰ
2246 4063 2499 4135 καθάπερ
2523 4065 2580 4116 ἐν
2621 4063 2770 4135 μέσῳ
2805 4065 3029 4134 πελάγει
3081 4069 3334 4124 σαλεύον-

1742 4163 1856 4211 τες,
1920 4146 2013 4198 καὶ
2081 4147 2292 4219 μυρίων
2334 4148 2753 4218 ἁμαρτημάτων
2797 4148 3039 4216 ἀνάγκας
3094 4152 3331 4222 ἔχοντες,

1747 4229 2003 4300 συνεχοῦς
2055 4231 2150 4283 καὶ
2197 4229 2480 4300 διηνεκοῦς
2535 4231 2623 4282 ἀεὶ
2671 4229 2903 4302 δεόμεθα
2939 4233 3039 4304 τῆς
3070 4235 3178 4288 ἀπὸ
3223 4237 3332 4290 τῶν

1745 4314 1976 4384 Γραφῶν
2023 4314 2444 4386 παρακλήσεως.
2499 4316 2727 4368 Ἐκεῖνοι
2781 4317 2972 4389 πόρῥω
3015 4319 3115 4389 τῆς
3152 4321 3332 4394 μάχης
3403 4351 3405 4354 -

1745 4399 2032 4470 κάθηνται,
2053 4399 2239 4470 διόπερ
2281 4399 2401 4452 οὑδὲ
2430 4397 2600 4452 πολλά
2637 4399 2879 4469 δέχονται
2923 4402 3232 4472 τραύματα’
3264 4407 3330 4459 σὺ

1743 4482 1801 4536 δὲ
1833 4482 2095 4554 διηνεκῶς
2121 4483 2215 4535 ἐπὶ
2255 4484 2354 4552 τῆς
2400 4482 2754 4563 παρατάξεως
2789 4483 3047 4554 ἕστηκας,
3079 4489 3172 4541 καὶ
3205 4505 3330 4541 συν-

1743 4569 1887 4637 εχεῖς
1906 4567 2038 4636 δέχῃ
2071 4567 2170 4628 τὰς
2197 4565 2430 4634 πληγάς·
2463 4565 2541 4620 διὸ
2586 4569 2680 4620 καὶ
2711 4567 2971 4620 πλειόνων
3007 4587 3088 4623 σοι
3115 4571 3195 4624 δεῖ
3221 4573 3331 4627 τῶν

1745 4649 2201 4719 φαρμάκων.Καὶ
2226 4649 2335 4719 γάρ
2357 4651 2450 4702 καὶ
2480 4651 2616 4720 γυνὴ
2641 4651 2955 4720 παροξύνει,
2989 4654 3080 4706 καὶ
3106 4655 3218 4717 υίὸς
3233 4656 3331 4708 λυ-

1699 4759 1714 4774 -
1745 4736 1856 4796 πεῖ,
1891 4734 1984 4785 καὶ
2037 4732 2256 4801 οἰκέτης
2307 4734 2385 4795 εἰς
2439 4732 2607 4803 ὀργὴν
2656 4733 2953 4804 ἐμϐάλλει,
3001 4737 3095 4788 καὶ
3137 4738 3330 4810 ἐχθρὸς

1745 4816 2109 4875 ἐπιϐουλεύει,
2141 4817 2236 4868 καὶ
2272 4816 2426 4884 φίλος
2455 4817 2765 4885 βασκαίνει,
2819 4820 2912 4871 καὶ
2954 4821 3152 4887 γείτων
3187 4823 3326 4892 ἐπη-

1751 4900 1953 4972 ρεάζει,
1981 4900 2073 4952 καὶ
2100 4899 2512 4970 συστρατιώτης
2549 4900 2913 4964 ὑποσκελίζει,
2955 4903 3211 4967 πολλάκις
3236 4907 3329 4958 καὶ

1745 4985 2005 5056 δικαστὴς
2049 4983 2294 5045 ἀπειλεῖ,
2345 4985 2440 5035 καὶ
2487 4986 2645 5036 πενία
2692 4985 2885 5045 λυπεῖ,
2945 4988 3038 5038 καί
3086 4987 3328 5061 ἀποϐολὴ

1740 5069 1850 5122 τῶν
1878 5069 2094 5122 οἰκείων
2122 5067 2316 5130 πένθος
2352 5068 2679 5138 ἐργάζεται,
2713 5070 2807 5122 καὶ
2850 5070 3123 5141 εὑημερία
3156 5075 3323 5142 φυσᾷ.

1741 5155 1837 5207 καὶ
1883 5152 2192 5223 δυσπραγία
2237 5151 2534 5215 συστέλλει,
2587 5154 2680 5206 καὶ
2736 5153 2929 5206 πολλαὶ
2985 5155 3084 5224 μὲν
3132 5157 3324 5226 ὀργῆς,

1741 5234 1936 5288 πολλαὶ
1985 5236 2042 5289 δὲ
2096 5235 2410 5305 φροντίδων,
2473 5234 2665 5288 πολλαὶ
2713 5236 2770 5288 δὲ
2816 5237 3053 5306 ἀθυμίας
3095 5240 3189 5292 καὶ
3234 5240 3326 5293 λύ-

1742 5337 1870 5389 πης,
1902 5319 2093 5371 πολλαὶ
2117 5319 2174 5371 δὲ
2195 5317 2496 5381 κενοδοξίας
2530 5320 2622 5371 καὶ
2653 5321 2912 5383 ἀπονοίας
2945 5321 3192 5392 ἀφορμαὶ
3232 5325 3326 5376 καί.

1741 5403 1977 5470 ἀνάγκαι
2007 5400 2272 5454 πάντοθεν
2306 5403 2338 5472 ή
2349 5403 2455 5470 μᾶς
2484 5402 2992 5473 περιστοιχίζονται,
3039 5405 3130 5456 καὶ
3157 5408 3324 5478 μυρία

1742 5485 2081 5556 πανταχόθεν
2108 5483 2177 5537 τά
2208 5484 2335 5555 βέλη
2371 5486 2618 5556 φέρεται’
2654 5487 2735 5540 διὸ
2758 5488 2856 5558 τῆς
2895 5489 3002 5541 ἀπ’)
3034 5489 3144 5542 τῶν
3183 5492 3323 5562 Γρα-

1742 5569 1856 5638 φῶν
1915 5567 2216 5630 πανοπλίας
2261 5568 2419 5638 χρεία
2483 5568 2766 5638 διηνεκῶς.
2834 5571 3125 5639 Ἐπίγνωθι
3178 5574 3319 5646 γάρ,

1741 5653 1926 5724 φησὶν,
1987 5654 2068 5705 δτι
2118 5655 2175 5705 ὲν
2232 5653 2381 5724 μέσῳ
2437 5656 2678 5722 παγίδων
2726 5655 3040 5720 διαϐαίνεις.
3096 5660 3189 5714 καὶ
3230 5663 3323 5714 ἐπὶ

1743 5737 2017 5801 ἐπάλξεων
2049 5737 2253 5800 πόλεως
2280 5742 2622 5808 περιπατεῖς.
2655 5740 2764 5791 Καὶ
2786 5739 2894 5811 γὰρ
2920 5743 2974 5794 αἰ
3000 5742 3097 5812 τῆς
3121 5744 3322 5814 σαρκὸς

1747 5822 2029 5890 ἐπιθυμίαι
2077 5822 2453 5892 χαλεπώτερον
2493 5823 2597 5877 τῶν
2641 5825 2696 5878 ἐν
2746 5826 2896 5896 μέσῳ
2941 5827 3319 5896 στρεφομένων
