3790 6276
57 363 149 419 993

61 475 232 534 Carnis
260 473 399 528 enim
428 477 870 546 concupiscentia:
898 479 1073 533 acrius
1102 479 1380 550 insurgunt
1423 478 1612 534 adver-

60 586 139 625 sus
163 583 249 622 eos
269 608 282 631 ,
313 573 399 637 qul
439 569 489 621 in
521 568 795 624 hominum
823 571 1006 624 vivunt
1033 571 1359 641 frequentia.
1392 587 1522 641 quos
1566 579 1620 625 et

61 663 234 715 decora
282 657 437 711 facies
460 699 476 724 ,
507 668 562 713 et
580 663 822 730 corporis
847 663 988 715 nitor
1026 665 1163 731 capit
1193 679 1287 731 per
1326 664 1541 728 oculos,
1566 673 1619 717 et

62 753 266 805 verbum
298 750 608 805 obscmnum
639 768 732 822 per
755 770 910 809 aures
937 759 1231 826 ingressum
1261 756 1438 809 turbat
1465 755 1618 809 nobis

63 846 334 898 rationem:
367 844 672 912 frequenter
695 855 749 900 et
776 857 890 902 arte
917 848 1183 902 modulata
1213 849 1388 904 mollis
1439 850 1617 903 cantio

61 935 208 990 animi
252 938 599 990 constantiam
652 938 913 993 labefacit.
950 939 1054 995 Sed
1081 940 1204 1010 quid
1247 941 1360 996 luec
1388 957 1622 998 comme-

63 1025 238 1078 moro?
261 1023 412 1092 Quod
441 1026 523 1080 his
547 1029 793 1083 omnibus
816 1031 1020 1085 videtur
1041 1047 1160 1087 esse
1182 1033 1357 1096 vilius,
1385 1050 1622 1102 unguen-

65 1127 225 1168 torum
264 1116 396 1170 odor
421 1118 666 1172 alicunde
689 1121 930 1190 aspirans
955 1138 983 1175 a
1016 1123 1344 1178 mulierculis
1374 1125 1426 1178 in
1454 1124 1621 1178 forni-

61 1208 198 1261 cibus
226 1215 484 1275 quiestum
504 1212 859 1266 meretricium
889 1215 1280 1282 exercentibus,
1305 1233 1368 1271 ex
1394 1218 1620 1286 simplici

61 1315 273 1352 occursu
304 1300 705 1368 comprehendit
730 1312 783 1358 et
801 1304 1012 1359 abducit
1037 1307 1326 1376 captivum.

125 1393 172 1445 2.
194 1390 356 1462 Magis
377 1403 633 1448 tentantur
651 1398 736 1464 qui
756 1409 1013 1452 versantur
1028 1401 1080 1454 in
1101 1401 1621 1458 civitatibus.—Adeo

63 1485 212 1538 multa
228 1496 346 1538 sunt
362 1503 478 1555 qua:
493 1498 725 1542 nostram
739 1503 1040 1562 oppugnant
1053 1495 1476 1567 auintam,eoque
1489 1514 1622 1566 opus

63 1577 302 1631 habemus
319 1579 510 1634 divinis
527 1583 904 1654 remediis,quo
917 1587 1072 1640 simul
1087 1588 1259 1657 etjam
1275 1592 1504 1659 acceptis
1519 1592 1624 1646 vul-

62 1671 264 1724 neribus
295 1671 624 1740 medeamur,
656 1683 708 1728 et
750 1692 868 1745 qua:
911 1679 1140 1732 nondum
1169 1681 1381 1750 quidem
1428 1683 1620 1737 inﬂicta

60 1771 190 1822 sunt,
209 1761 297 1814 sed
340 1771 460 1832 post
508 1765 828 1834 infligentur,
859 1769 1262 1836 prohibeamus,
1295 1773 1502 1827 eminus
1529 1790 1621 1828 ve-

62 1851 241 1903 nientia
256 1850 448 1905 diaboli
465 1855 664 1922 spicula
678 1858 1072 1927 exstingueutes
1085 1860 1517 1931 dt'pellCllleStml‘.
1533 1880 1624 1933 per

59 1943 310 1995 assiduam
351 1945 646 2000 divinarum
683 1948 1071 2018 Scripturarunt
1110 1953 1414 2010 lectionem.
1443 1956 1623 2026 Neque

60 2038 188 2089 enim
220 2038 328 2089 fieri
370 2047 577 2108 potest,
604 2057 709 2095 non
737 2053 930 2113 potest,
962 2045 1193 2115 inquam,
1224 2048 1357 2112 fieri,
1398 2059 1454 2102 ut
1480 2051 1625 2118 quis.-

60 2142 204 2194 quam
225 2128 446 2182 salutem
463 2141 794 2200 assequatur,
811 2135 864 2188 ni
885 2135 1095 2191 assidue
1110 2148 1350 2192 versetur
1375 2141 1426 2193 in
1449 2140 1626 2193 lectio-

62 2234 123 2273 ne
149 2221 422 2288 spirituali.
473 2223 583 2278 lmo
611 2226 865 2294 praeclare
908 2243 1090 2283 revera
1129 2230 1400 2285 nobiscum
1431 2235 1620 2301 agitur,

57 2313 250 2366 etiamsi
297 2326 552 2383 perpetuo
583 2317 738 2387 hujus
764 2320 1137 2376 medicamenti
1169 2325 1484 2393 participes,
1523 2326 1623 2376 ali-

59 2404 257 2472 quando
297 2407 522 2461 salutem
551 2411 802 2478 consequi
830 2413 1113 2479 possimus.
1141 2413 1292 2478 Quod
1317 2415 1359 2469 si
1389 2415 1625 2484 quotidie

58 2495 403 2561 vulneremur,
437 2499 694 2553 medelam
724 2517 846 2555 vero
874 2503 1067 2556 nullam
1095 2504 1472 2574 adipiscamur,
1502 2522 1623 2575 qua:

59 2585 204 2638 fuerit
224 2602 348 2656 spes
373 2590 600 2644 salutis?
628 2593 817 2646 Annon
840 2593 985 2647 vides
1011 2595 1186 2648 fabros
1207 2600 1443 2662 aerarios,
1480 2597 1624 2650 auri-

58 2680 171 2732 fices
189 2723 204 2746 ,
234 2681 414 2736 fabros
440 2685 767 2753 argentarios
788 2729 802 2750 ,
828 2685 1054 2755 denique
1082 2703 1174 2742 eos
1200 2689 1286 2758 qui
1316 2705 1624 2758 quamcum-

56 2788 152 2839 que
181 2785 432 2829 exercent
455 2786 620 2830 artem
643 2820 657 2840 ,
682 2778 856 2832 omnia
882 2780 1012 2833 artis
1037 2779 1383 2836 instrumenta
1431 2781 1622 2836 habere

56 2874 224 2932 parata
247 2873 300 2917 et
325 2866 525 2935 integra
551 2885 562 2920 :
588 2869 828 2937 quamvis
849 2871 1132 2939 compellat
1157 2869 1326 2925 fames
1347 2913 1360 2933 ,
1385 2872 1624 2940 quamvis

53 2952 242 3022 afﬂigat
282 2955 458 3024 inopia
483 2998 496 3016 ,
523 2959 697 3012 omnia
729 2970 1080 3029 pranptantcs
1124 2962 1385 3016 sustinere
1415 2962 1621 3030 potius,

55 3061 202 3114 quam
248 3058 303 3102 ut
346 3065 412 3103 ex
453 3051 814 3106 instrumentis
853 3054 1060 3107 artificii
1099 3054 1363 3123 quidpiam
1395 3053 1624 3108 vendere

54 3137 242 3202 velint,
273 3149 434 3208 atque
459 3139 580 3194 hinc
601 3141 709 3194 ali?
736 3143 914 3212 Itaque
942 3144 1090 3198 multi
1131 3143 1431 3213 frequenter
1453 3143 1624 3212 potius

59 3225 342 3284 habuerunt
369 3241 603 3286 mutuam
640 3236 914 3303 pecuniam
956 3237 1230 3304 accipere,
1274 3245 1332 3289 ttt
1375 3235 1620 3291 familiam

55 3328 103 3371 et
124 3320 315 3375 liberos
337 3323 576 3387 alerent,
605 3341 762 3395 quam
792 3327 875 3380 vel
898 3326 1169 3380 minimum
1194 3327 1388 3396 aliquid
1410 3343 1473 3380 ex
1495 3328 1624 3381 artis

57 3408 418 3468 instrumentis
459 3415 725 3471 vendere:
767 3418 922 3487 idque
963 3418 1082 3489 jure
1149 3419 1369 3488 Optimo.
1420 3419 1625 3473 Norunt

53 3501 184 3554 enim
205 3505 345 3572 quod
369 3505 652 3561 divenditis
682 3509 786 3563 illis
808 3549 822 3574 ,
856 3524 943 3563 ars
970 3511 1212 3564 universa
1258 3510 1384 3578 ipsis
1427 3511 1494 3564 sit
1539 3510 1623 3564 itt-

55 3592 222 3657 utilis,
274 3604 549 3666 totmnque
592 3611 826 3668 qumstus
876 3600 1270 3656 fundamentum
1318 3601 1618 3656 sublatum:

54 3681 150 3735 illis
169 3694 347 3739 autem
377 3688 712 3742 manentibus
735 3731 749 3754 ,
782 3690 893 3743 ﬁeri
920 3700 1090 3759 potest
1113 3701 1167 3744 ut
1193 3701 1521 3746 contractum
1548 3707 1623 3745 aes

51 3774 270 3830 alienum
337 3793 620 3848 progressu
674 3782 925 3850 temporis
981 3783 1264 3852 aliquamlo
1329 3771 1623 3838 dissolvant

48 3867 232 3938 jugiter
253 3881 466 3927 utentes
487 3873 730 3927 artificio.
756 3873 906 3941 Quod
947 3875 991 3928 si
1021 3877 1324 3945 priusquam
1370 3876 1623 3930 solverint

51 3976 120 4012 :es
147 3963 381 4019 alienum
403 4006 419 4031 ,
448 3965 567 4018 aliis
591 3981 651 4019 ea
683 3967 946 4033 vendant,
971 3967 1078 4036 jam
1109 3983 1211 4021 non
1236 3977 1316 4022 cst
1343 3969 1480 4021 unde
1501 3983 1623 4037 pos-

49 4053 150 4106 sint
197 4057 448 4110 solatium
492 4057 704 4127 aliquod
756 4057 906 4113 l‘amis
954 4060 1249 4130 inopimque
1298 4059 1617 4128 excogitare.

49 4143 154 4199 Hoc
181 4161 311 4200 sane
360 4149 539 4201 animo
583 4165 679 4203 nos
703 4165 913 4220 quoque
946 4150 1193 4218 prmditos
1235 4165 1353 4204 esse
1390 4160 1617 4220 oportet.

46 4234 501 4299 Quemadmodum
558 4243 696 4294 enim
747 4242 851 4296 illis
893 4243 1021 4296 artis
1075 4240 1423 4296 mstrumeuta
1465 4253 1617 4311 sunt,

49 4328 302 4396 malleus,
335 4333 518 4396 incus,
563 4333 801 4403 forceps:
849 4337 926 4389 sic
966 4346 1018 4390 et
1060 4336 1210 4392 nobis
1251 4339 1379 4390 artis
1424 4338 1619 4392 instru-

47 4430 217 4474 menta
257 4434 386 4477 sunt
409 4425 767 4493 apostolorum
795 4442 856 4481 ac
886 4428 1258 4498 prophetarum
1281 4429 1398 4483 libri
1423 4431 1622 4483 omnis-

46 4526 144 4578 que
169 4512 448 4584 Scriptura
492 4516 741 4571 divinitus
781 4518 1029 4588 inspirata
1053 4531 1104 4574 et
1131 4521 1272 4574 utilis
1302 4519 1375 4591 (‘2.
1404 4521 1535 4574 Tim.
1565 4523 1616 4576 5.

47 4600 152 4672 lli).
187 4604 254 4658 Et
281 4607 731 4676 quemadmodum
774 4611 846 4664 illi
875 4628 966 4680 per
993 4613 1338 4668 instrumenta
1368 4615 1620 4684 quidquid

47 4692 343 4752 faciendum
367 4702 697 4770 susceperint
725 4703 1034 4772 perficiunt:
1067 4706 1136 4760 ita
1176 4722 1305 4762 sane
1329 4719 1377 4762 et
1409 4723 1502 4763 nos
1528 4725 1622 4777 per

44 4782 139 4840 ltos
183 4788 506 4845 fabricamur
565 4793 797 4847 animam
859 4806 1130 4862 nostram,
1177 4797 1621 4867 depravatamque

43 4879 390 4948 corrigimus,
445 4890 500 4937 et
546 4883 890 4939 inveteratam
940 4903 1280 4941 renovamus.
1329 4891 1502 4958 Atque
1549 4889 1620 4943 illi

45 4968 253 5034 quidem
297 4971 557 5028 hactenus
582 4974 740 5030 modo
764 4987 1016 5045 praestant
1041 4994 1189 5032 suam
1214 4989 1385 5034 artem
1431 4990 1486 5034 ut
1513 4981 1620 5032 for-

45 5074 180 5113 mam
209 5061 417 5117 addant
457 5065 652 5119 rebus:
685 5081 858 5137 neque
895 5070 1036 5123 enim
1090 5081 1311 5138 possunt
1347 5074 1621 5127 materiam

43 5164 289 5206 vasorum
319 5163 676 5212 transmutare
695 5201 710 5224 ,
742 5175 912 5231 neque
941 5176 1008 5215 ex
1041 5172 1260 5232 argento
1281 5180 1465 5218 aurum
1496 5165 1622 5219 ι’εά-

41 5239 166 5295 dere
203 5261 217 5298 :
258 5247 358 5300 sed
408 5247 594 5303 harum
641 5266 817 5304 rerum
863 5253 1055 5322 figuras
1106 5267 1431 5323 componunt
1470 5257 1623 5312 dum-

44 5343 202 5389 taxat.
263 5338 349 5392 Tu
414 5355 540 5396 vero
610 5359 712 5398 non
764 5345 872 5411 ita,
923 5347 1014 5400 sed
1081 5348 1306 5416 amplius
1374 5350 1620 5418 quiddam

42 5443 191 5497 potes
242 5450 256 5485 :
306 5449 430 5489 nam
477 5437 704 5506 ligneum
771 5455 865 5494 vas
928 5450 1199 5509 acceptum
1272 5442 1467 5510 poteris
1525 5444 1624 5496 ali-

43 5523 254 5587 quando
294 5524 522 5582 reddere
571 5545 817 5584 aureum:
859 5531 942 5585 cui
989 5533 1063 5586 rei
1098 5533 1244 5586 testis
1287 5543 1367 5587 est
1398 5533 1620 5598 Paulus,

44 5611 94 5654 ίη
117 5613 260 5670 hunc
283 5617 512 5687 loquens
537 5622 784 5677 modum:
812 5621 878 5677 In
919 5641 1102 5695 magna
1131 5637 1293 5679 autem
1334 5626 1482 5680 domo
1528 5645 1628 5680 non

45 5714 206 5761 totum
234 5721 360 5765 sunt
391 5729 509 5767 vasa
537 5732 690 5769 aurea
718 5727 763 5771 et
783 5729 1017 5789 argentea
1035 5761 1050 5786 ,
1077 5720 1166 5774 sed
1209 5728 1254 5774 et
1302 5721 1468 5791 lignea
1499 5722 1629 5784 ﬁcti-

43 5795 227 5866 liuqae.
264 5801 328 5854 Si
380 5806 487 5866 quis
514 5806 666 5894 igitur
693 5813 1040 5880 expurgaverit
1070 5811 1287 5880 scit-sum
1317 5815 1378 5867 ab
1403 5813 1498 5880 Itis,
1531 5815 1624 5867 erit

1263 365 1350 420 DE
1390 363 1658 421 LAZARO
1695 364 1936 423 CONCIU
1975 368 2060 424 Ill.

3184 372 3284 432 9M

1705 495 1814 534 ‘uas
1835 481 1885 535 in
1915 483 2152 538 honorem
2181 487 2570 556 sanctiﬁcatum,
2597 501 2642 542 et
2665 491 2790 545 utile
2813 491 3030 546 Domino
3055 495 3122 547 ad
3149 511 3296 548 omne

1725 589 1852 640 opus
1872 574 2055 628 bonum
2077 589 2414 646 praeparatum
2443 581 2516 652 (‘2.
2539 581 2670 636 Tim.
2694 582 2748 636 2.
2771 584 2858 638 20.
2881 584 2995 653 εει).
3015 594 3198 654 Itaque
3229 603 3295 640 ue

1727 667 2050 734 negligamus
2076 669 2227 722 nobis
2263 684 2448 738 parare
2469 672 2734 738 libros,ne
2751 676 2891 729 circa
2911 676 3087 730 vitalia
3107 679 3297 749 νιὼιιιε
3345 673 3358 680 ’

1725 755 2075 823 accipiamus:
2108 773 2203 811 nec
2229 774 2412 813 aurum
2441 761 2769 817 defodiamus
2791 807 2805 830 ,
2837 766 2930 820 sed
2971 767 3122 822 nobis
3168 775 3297 836 ipsss

1727 846 2077 901 recondamus
2107 849 2408 904 thesaurum
2437 852 2686 907 librorum
2733 857 3066 923 spiritalium.
3097 862 3296 912 Aurum

1727 937 1939 1004 quidem
1961 954 2083 992 cum
2111 942 2339 995 maxime
2367 944 2594 1007 crescit,
2626 955 2732 997 tum
2769 948 2995 1001 maxime
3026 949 3300 1003 insidiatur

1727 1027 2154 1094 possidentibus:
2193 1031 2309 1084 libri
2356 1047 2484 1085 vero
2533 1036 2746 1100 repositi
2792 1036 3008 1090 multant
3057 1038 3302 1093 adferunt

1730 1122 2045 1177 habentibus
2086 1125 2385 1179 utilitatem.

1798 1215 2075 1269 Sacrorum
2097 1218 2336 1271 librorum
2377 1220 2510 1272 laus.
2551 1249 2622 1259 ——
2660 1220 3112 1286 Quemadmodum
3157 1223 3298 1275 enim

1727 1321 1870 1358 arma
1899 1307 2095 1376 regalia
2125 1309 2374 1378 reposita,
2403 1310 2608 1362 etiamsi
2643 1327 2796 1364 nemo
2825 1312 2923 1363 illis
2952 1327 3078 1364 usus
3103 1313 3189 1374 sit,
3221 1323 3300 1364 ta-

1729 1413 1848 1450 men
1880 1399 1961 1464 iis,
1986 1400 2075 1468 qui
2107 1393 2344 1454 hahitant
2389 1402 2440 1454 in
2483 1403 2684 1454 :cdibus
2734 1404 2820 1455 ubi
2870 1403 3098 1469 reposita
3143 1413 3298 1464 sunt,

1729 1492 1945 1545 multam
1971 1493 2205 1561 praebent
2240 1493 2531 1548 custodiam
2574 1511 2635 1548 ac
2665 1505 2929 1560 tutamen,
2962 1496 3085 1548 dum
3131 1511 3303 1564 neque

1729 1585 1981 1649 latrones,
1998 1600 2168 1655 neque
2186 1588 2442 1655 parietum
2463 1587 2809 1656 perfossores,
2827 1603 2996 1656 neque
3011 1588 3146 1641 alius
3163 1588 3305 1655 quis-

1731 1677 1866 1745 piam
1888 1678 2266 1732 sceleratorum
2289 1679 2443 1734 audet
2459 1696 2575 1734 eam
2597 1682 2808 1752 aggredi
2823 1681 3037 1734 domum
3060 1698 3072 1733 :
3093 1682 3170 1734 sic
3185 1680 3303 1733 tibi-

1728 1783 1955 1839 cumque
1980 1771 2172 1824 fuerint
2194 1771 2308 1824 lihri
2336 1773 2619 1840 spiritales,
2649 1773 2792 1825 illinc
2818 1773 2991 1827 omnis
3021 1772 3300 1838 eitpellitur

1729 1860 1809 1914 vis
1833 1861 2127 1927 diabolica,
2157 1870 2426 1932 mmlaque
2482 1865 2896 1918 inhabitantibus
2944 1863 3147 1917 accedit
3198 1863 3303 1915 vir-

1731 1953 1856 2005 tutis
1905 1953 2229 2007 consolatio:
2260 1954 2684 2024 quandoquidem
2738 1956 2848 2024 ipse
2893 1957 3051 2009 etiam
3105 1971 3198 2023 per
3242 1971 3302 2009 se

1730 2043 1980 2097 librormn
2025 2055 2267 2114 aspectus
2310 2046 2580 2115 segniores
2611 2061 2705 2099 nos
2751 2046 2924 2099 reddit
2971 2045 3037 2099 ad
3087 2061 3305 2114 peccan-

1729 2133 1876 2188 dum.
1921 2135 2041 2188 Sive
2091 2136 2230 2188 enim
2286 2136 2557 2206 quidpiam
2609 2138 2723 2190 ausi
2775 2136 3029 2190 fuerimus
3081 2151 3300 2202 eorum,

1729 2239 1846 2292 quae
1871 2226 2130 2293 prohibita
2159 2235 2315 2291 sunt,
2365 2229 2729 2296 nosqueipsos
2769 2227 3155 2281 reddiderimus
3196 2230 3276 2296 po!

1732 2317 2170 2379 lutos,reversos
2217 2322 2554 2387 dotnum,ac
2605 2321 2765 2376 libros
2816 2322 3084 2376 intuentes
3131 2323 3305 2376 ειη-ἓως

1731 2425 1828 2464 nos
1872 2411 2187 2466 condemnat
2225 2414 2581 2481 conscientia,
2631 2415 3001 2484 retldimurque
3057 2414 3306 2468 lentiores

1729 2502 1794 2556 ad
1850 2503 2033 2557 eadem
2077 2505 2382 2574 repetenda.
2416 2505 2643 2559 Rursum
2697 2507 2808 2559 sive
2858 2506 2910 2559 in
2959 2508 3304 2560 sanctimonia

1730 2595 2144 2664 perstiterimus,
2200 2595 2455 2665 majorem
2511 2596 2634 2649 inde
2683 2597 2958 2649 utilitatem
2990 2596 3300 2666 accipimus.

1727 2686 1858 2739 Nam
1904 2686 2058 2739 simul
2110 2695 2268 2755 atque
2324 2687 2491 2755 tetigit
2529 2687 2717 2756 aliquis
2774 2687 3146 2756 Evangelium.
3181 2704 3303 2741 max

1728 2777 2025 2846 composuit
2050 2793 2198 2831 suam
2229 2778 2392 2846 ipsius
2433 2788 2692 2840 mentem,
2724 2788 2776 2832 et
2802 2793 2833 2832 a
2881 2779 3040 2833 rebus
3083 2779 3304 2832 munda-

1730 2869 1812 2920 nis
1862 2869 2111 2934 ahduxit,
2167 2869 2326 2938 idque
2376 2885 2438 2923 ex
2496 2870 2608 2938 ipso
2646 2869 2759 2922 solo
2807 2878 3042 2938 aspectu.
3075 2869 3223 2934 Quod
3253 2871 3302 2922 si

1728 2957 2013 3012 accesserit
2040 2958 2264 3028 diligens
2304 2959 2490 3023 lectio,
2520 2975 2624 3012 non
2657 2960 2812 3013 aliter
2849 2974 3007 3026 quam
3039 2960 3089 3011 in
3135 2960 3302 3013 sacris

1728 3048 1900 3118 adytis
1921 3091 1934 3114 ,
1958 3050 2116 3104 rebus
2141 3050 2331 3104 divinis
2361 3051 2562 3104 initiata
2605 3051 2778 3104 anima
2801 3091 2814 3116 ,
2841 3051 2918 3104 sic
2969 3059 3301 3120 repurgatur.

1729 3142 2020 3210 meliorque
2051 3142 2303 3208 redditur,
2333 3143 2446 3197 Deo
2472 3159 2592 3196 cum
2648 3144 2755 3212 ipsa
2797 3158 2894 3213 per
2919 3144 3033 3198 illas
3063 3144 3302 3213 Scriptu-

1728 3249 1814 3288 ras
1839 3235 2190 3303 colloquente.

1799 3325 1965 3380 Lectio
1988 3327 2268 3397 Scriptura:
2285 3329 2434 3380 etiam
2457 3344 2558 3380 non
2586 3327 2852 3381 intellecta:
2875 3329 3033 3381 utilis.
3057 3358 3130 3369 -—
3165 3327 3303 3395 Quid

1728 3413 1904 3486 igitur,
1938 3417 2214 3485 inquiunt,
2252 3418 2294 3470 si
2345 3433 2449 3471 non
2493 3417 2844 3487 intelligamus
2878 3433 2938 3472 ea
2969 3435 3086 3488 quae
3129 3419 3302 3472 conti-

1727 3518 1919 3562 nentur
1946 3509 2131 3562 libris?
2160 3508 2386 3562 Maxime
2406 3509 2618 3578 quidem
2647 3510 2854 3563 etiamsi
2901 3527 3004 3563 non
3038 3510 3300 3580 intelligas

1729 3600 1837 3654 illic
1876 3599 2182 3666 recondita,
2213 3609 2388 3654 tamen
2421 3615 2484 3653 ex
2531 3599 2646 3667 ipsa
2674 3600 2898 3653 lectione
2925 3601 3089 3653 multa
3131 3600 3304 3654 nasci-

1728 3701 1812 3747 tur
1837 3691 2205 3745 sanctimonia.
2227 3691 2554 3760 Quamquam
2597 3690 2708 3743 fieri
2733 3705 2838 3744 non
2871 3699 3047 3758 potest
3073 3700 3126 3744 ut
3175 3705 3294 3743 om-

1727 3783 1812 3836 nia
1839 3797 1905 3836 ex
1951 3798 2100 3850 sequo
2130 3783 2338 3851 ignores
2377 3797 2390 3834 :
2421 3789 2698 3850 propterea
2751 3780 3010 3848 siquidem
3065 3780 3294 3849 Spiritus

1725 3875 1891 3944 gratia
1922 3873 2246 3943 dispensavit
2271 3887 2332 3926 ac
2371 3870 2626 3941 providit,
2662 3881 2718 3923 ut
2739 3870 2998 3939 publicani
3021 3913 3036 3935 ,
3069 3873 3299 3939 piscato-

1726 3981 1846 4029 res,
1887 3964 2345 4020 tabernaculorum
2375 3961 2623 4032 opiﬁces,
2671 3971 2912 4030 pastores
2942 3971 2995 4015 et
3038 3962 3298 4030 caprarii,

1726 4057 1905 4112 idiotre
1926 4099 1941 4120 ,
1966 4056 2218 4121 illiterati,
2243 4056 2340 4108 hos
2368 4055 2532 4109 libros
2556 4061 2974 4124 componerent,
3005 4063 3060 4108 et
3090 4069 3155 4107 ne
3183 4055 3302 4123 quis

1726 4149 2004 4203 idiotarum
2025 4148 2090 4202 ad
2119 4147 2254 4201 hanc
2281 4145 2608 4201 difﬁcultatis
2633 4144 2916 4215 confugere
2934 4152 3114 4214 posset
3137 4160 3302 4200 excu-

1725 4241 1981 4296 sationem
2000 4282 2012 4302 ,
2038 4249 2094 4294 ut
2121 4239 2368 4293 omnibus
2391 4236 2561 4292 facilia
2587 4247 2872 4306 conspectu
2899 4245 3078 4291 essent
3095 4251 3156 4290 ea
3183 4253 3302 4305 quze

1725 4332 1993 4398 dicuntur,
2018 4340 2075 4385 ut
2099 4340 2153 4385 et
2181 4329 2384 4400 opifex,
2415 4337 2468 4384 et
2500 4329 2726 4383 famulus
2747 4369 2761 4392 ,
2790 4339 2844 4382 et
2889 4328 3042 4382 vidua
3083 4327 3296 4393 mulier,

1725 4434 1778 4479 et
1806 4424 2042 4478 omnium
2075 4421 2345 4476 hominum
2377 4419 2770 4475 indoctissimus
2789 4433 2852 4473 ex
2878 4418 3050 4471 audita
3072 4417 3301 4472 lectione

1724 4517 1920 4586 aliquid
1961 4515 2090 4569 lucri
2120 4515 2469 4584 utilitatisque
2521 4520 2840 4582 reportaret.
2880 4511 2994 4566 Non
3043 4511 3184 4566 enim
3234 4511 3300 4565 ad

1727 4613 1936 4666 inanem
1997 4609 2256 4679 gloriam,
2303 4607 2748 4677 quemadmodum
2794 4605 3042 4672 Ethnici,
3086 4607 3181 4662 sed
3235 4605 3300 4660 ad

1725 4702 2049 4756 audientium
2071 4701 2297 4755 salutem
2324 4700 2438 4754 haze
2465 4701 2642 4754 omnia
2663 4709 3078 4769 composuerunt
3098 4700 3152 4764 ii,
3169 4713 3302 4768 quos

1725 4795 1792 4849 ab
1818 4794 1967 4848 initio
1996 4794 2134 4850 Deus
2158 4791 2401 4863 dignatus
2425 4801 2506 4847 est
2523 4791 2688 4863 gratia
2705 4791 2948 4861 Spiritus.

1797 4886 1848 4940 '5.
1891 4885 2162 4955 Siquidem
2191 4885 2332 4955 iiqui
2354 4893 2477 4940 sunt
2501 4901 2532 4939 a
2558 4883 2769 4939 Christo
2798 4884 2952 4939 alieni
2980 4882 3300 4953 phil050phi,

1726 4977 1956 5041 dicendi,
2000 4976 2251 5044 artifices,
2280 4977 2523 5032 rhetores
2543 5017 2558 5041 ,
2591 4990 2652 5029 ac
2682 4975 2937 5028 librorum
2983 4975 3300 5041 scriptores,

1728 5087 1833 5126 non
1861 5069 2002 5140 quod
2027 5071 2080 5124 in
2119 5084 2398 5124 commune
2421 5067 2671 5123 conducit
2695 5074 2992 5134 quzerentes
3012 5105 3027 5131 ,
3056 5064 3148 5118 sed
3175 5063 3301 5122 illud

1727 5171 2030 5232 spectantes
2055 5170 2114 5215 ut
2150 5161 2249 5230 ipsi
2279 5159 2473 5214 suntin
2503 5157 2882 5218 admiratione,
2916 5154 3122 5209 etiamsi
3176 5154 3300 5222 quid

1728 5255 1860 5309 utile
1888 5253 2152 5318 dixerint,
2183 5252 2283 5305 hoc
2302 5265 2511 5320 quoque
2537 5246 2982 5317 quemadmodum
3005 5246 3056 5298 in
3079 5245 3300 5314 caligine

1727 5347 1952 5418 quadam
1972 5388 1988 5413 ,
2015 5353 2267 5399 consueta
2295 5342 2393 5396 sibi
2415 5342 2744 5396 occultarent
2778 5340 3118 5393 obscuritate.
3161 5339 3296 5407 Ap0~

1728 5439 1848 5493 stoli
1876 5455 2002 5494 vero
2025 5452 2086 5491 ac
2114 5435 2384 5505 propheta:
2412 5433 2589 5487 omnia
2619 5441 2800 5486 contra
2828 5431 3097 5487 fecerunt:
3129 5433 3267 5485 mani
3285 5459 3301 5470 -

1729 5530 1862 5587 festa
1940 5530 2223 5597 claraque,
2288 5540 2405 5596 quae
2479 5523 2855 5594 prodiderunt,
2940 5533 3300 5592 exposuerunt

1730 5621 2005 5685 omnibus,
2029 5618 2188 5674 veluti
2211 5631 2521 5672 communes
2543 5616 2686 5670 orbis
2715 5615 2964 5670 doctores
2983 5655 2997 5678 ,
3034 5623 3090 5667 ut
3118 5629 3213 5683 per
3242 5628 3300 5668 se

1730 5715 1956 5784 quisque
1972 5711 2178 5766 discere
2197 5709 2362 5779 possit
2381 5723 2443 5762 ea
2465 5722 2582 5777 quae
2606 5707 2850 5761 dicuntur
2865 5720 2894 5760 e
2914 5703 3024 5760 sola
3053 5703 3277 5758 lectione

1737 5811 1846 5865 lloc
1866 5818 1987 5861 ante
2017 5805 2374 5877 praenuntians
2399 5801 2650 5874 propheta
2669 5800 2875 5855 dicebat
2905 5817 2914 5851 :
2942 5797 3107 5852 ιιῖηιηι
3131 5809 3299 5849 omnes
