3906 6252
514 323 618 378 005

513 442 698 490 doctus
727 436 831 490 Deo
851 477 863 499 ,
894 445 938 487 et
963 451 1062 487 non
1104 433 1233 485 dicet
1267 432 1473 502 quisque
1498 429 1730 498 proximo
1768 444 1891 491 suo,
1915 427 2081 480 Nosce

517 528 682 581 Deum
705 565 722 593 ,
753 526 990 597 quoniam
1018 539 1187 576 omnes
1213 531 1412 574 noscent
1444 536 1522 573 me
1558 537 1590 572 α
1616 519 1823 572 minimo
1863 519 2086 585 ipsorum

513 637 670 693 νινε
709 636 774 670 αα
823 618 1098 679 maximum
1140 630 1311 666 eorum
1342 611 1474 683 (Jer.
1506 613 1590 665 51.
1615 611 1702 666 δι.
1747 620 1796 664 ct
1843 609 1996 662 Joan.
2024 606 2082 662 6.

513 713 583 764 45
608 715 644 779 ).
681 711 746 764 Ει
775 709 966 762 Paulus
995 707 1163 775 inquit
1194 724 1206 760 :
1241 705 1308 757 Et
1337 721 1424 775 ego
1447 745 1462 768 ,
1490 704 1668 770 fratres
1693 745 1706 764 ,
1733 703 1843 754 veni
1884 701 1950 753 ad
1979 716 2084 763 eos,

515 819 615 855 non
641 817 729 869 pcr
755 799 1099 853 excellentiam
1132 797 1372 850 sermonis
1397 806 1484 848 aut
1511 795 1772 857 sapientia:
1789 835 1804 855 ,
1849 794 2087 846 nuntians

514 893 648 946 nobis
672 892 962 962 mysterium
993 889 1086 944 Dei
1113 890 1186 954 (I.
1215 888 1326 941 Cor.
1361 889 1412 940 2.
1449 889 1516 954 l).
1549 888 1612 938 lit
1642 887 1830 939 iterum
1861 902 1877 936 :
1908 885 2088 937 Sermo

514 1001 655 1035 meus
698 993 744 1034 ct
773 982 1064 1050 pra'dicatio
1092 997 1193 1032 non
1223 980 1272 1032 in
1302 977 1703 1048 persuasibililms
1738 980 1970 1028 huntana:
1997 991 2084 1027 sn-

516 1075 714 1143 picntia!
751 1075 941 1137 verbis,
993 1072 1082 1125 sed
1130 1071 1178 1124 in
1218 1066 1500 1122 ostensione
1543 1069 1749 1136 spiritus
1800 1083 1859 1118 ac
1910 1066 2088 1119 virtute

514 1164 627 1233 (Id.
657 1180 702 1216 υ.
731 1165 808 1231 4).
844 1163 906 1216 Et
948 1177 1156 1214 rursum
1180 1179 1191 1212 :
1217 1159 1488 1220 Loquiinur
1507 1160 1635 1210 enim
1657 1157 1984 1224 sapientiam,
2010 1156 2089 1206 in-

517 1256 662 1324 quit,
696 1270 793 1305 non
815 1253 987 1306 seaculi
1018 1253 1167 1318 hujus
1186 1291 1200 1314 ,
1234 1267 1389 1317 neque
1410 1249 1691 1316 principum
1721 1248 1870 1316 linjus
1896 1247 2084 1308 stecnli,

512 1346 600 1413 qui
626 1353 1016 1412 corrumpuntur
1046 1342 1150 1413 (Ib.
1186 1358 1231 1395 υ.
1263 1343 1340 1409 6).
1369 1339 1465 1394 Cui
1511 1341 1654 1392 cniin
1685 1356 1787 1391 non
1825 1345 1947 1391 sunt
1971 1352 2087 1389 ma-

516 1435 701 1489 nifesta
728 1449 1071 1503 qurccumque
1096 1434 1146 1486 in
1171 1432 1456 1502 Evangelio
1494 1432 1686 1499 scripta
1710 1439 1832 1482 sunt
1873 1427 2085 1499 (Matth.

514 1526 569 1580 5.
593 1527 644 1579 4.
675 1542 780 1594 sqq.
807 1524 822 1592 )
847 1525 870 1577 ?
893 1525 1022 1589 Quis
1052 1533 1225 1577 autem
1257 1523 1480 1577 audiens
1509 1522 1689 1575 beatus
1729 1535 1849 1575 esse
1891 1521 2048 1573 mites
2069 1559 2084 1583 ,

518 1615 702 1670 beatos
744 1614 1120 1668 misericordes
1141 1655 1156 1677 ,
1188 1613 1370 1666 beatos
1412 1611 1608 1665 mundo
1649 1609 1809 1664 corde
1829 1650 1842 1672 ,
1869 1621 2090 1662 cauera-

514 1722 616 1775 que
646 1705 968 1774 hujusmodi,
997 1703 1171 1773 egebit
1201 1712 1522 1772 prmeeptore
1545 1743 1559 1768 ,
1592 1710 1647 1755 ut
1671 1700 1866 1770 aliquid
1905 1714 2087 1753 eorum

513 1797 654 1850 dicat
683 1812 799 1865 qua:
840 1793 1122 1849 dicuntur?
1161 1793 1354 1848 Verum
1403 1793 1546 1862 signa
1571 1831 1588 1857 ,
1625 1792 1898 1850 miracula,
1928 1791 2093 1843 histo-

515 1890 608 1942 ria:
633 1929 647 1952 ,
679 1904 783 1940 non
826 1888 992 1941 cuivis
1017 1895 1139 1940 nota
1184 1885 1565 1952 manifestaque
1610 1885 1767 1938 sunt?
1794 1884 2089 1937 Praetextus

513 1979 617 2032 iste
639 1987 722 2033 est
741 1987 794 2032 et
817 1978 1054 2031 causatio
1079 2017 1094 2042 ,
1129 1978 1451 2045 pigritia-que
1479 1975 1851 2028 velamentum.

586 2067 752 2122 Lectio
780 2070 960 2120 iterata
987 2069 1146 2136 aperit
1180 2067 1410 2118 obscura.
1441 2093 1511 2104 —-
1551 2065 1664 2118 Non
1696 2065 1945 2132 intelligis
1971 2080 2090 2134 qua:

517 2155 739 2214 insunt:
787 2140 1054 2227 quomodo
1099 2155 1267 2224 possis
1306 2155 1590 2224 aliquando
1634 2156 1947 2224 intelligere,
2000 2156 2091 2224 qui

516 2267 587 2306 ne
617 2252 803 2306 leviter
827 2250 1039 2319 quidem
1081 2249 1339 2318 inspicere
1385 2247 1556 2302 velis?
1600 2248 1760 2301 Sume
1808 2247 1994 2299 librum
2036 2247 2088 2299 in

515 2355 725 2403 manus,
755 2340 871 2408 lege
895 2338 1166 2392 historiam
1197 2353 1428 2400 onmem,
1457 2346 1510 2390 et
1535 2353 1652 2405 qua:
1679 2346 1801 2389 nota
1831 2345 1953 2388 sunt
1973 2351 2088 2390 tne-

517 2431 685 2484 moria
713 2439 930 2493 tenens,
962 2444 1022 2482 ea
1056 2443 1173 2497 qum
1202 2428 1426 2481 obscura
1454 2434 1579 2481 sunt
1607 2441 1894 2496 parumque
1923 2427 2091 2480 maui-

517 2521 676 2587 lesta,
707 2524 1008 2590 frequenter
1036 2535 1306 2589 percurre.
1339 2519 1488 2587 Quod
1529 2521 1572 2574 si
1599 2534 1701 2572 non
1730 2521 1926 2588 poteris
1952 2521 2084 2572 assi-

516 2615 717 2671 duitate
746 2615 985 2669 lectionis
1012 2613 1250 2668 invenire
1277 2613 1417 2683 quod
1443 2612 1656 2678 dicitur,
1698 2613 1892 2666 accede
1917 2613 1981 2664 ad
2005 2626 2090 2666 sa-

516 2709 849 2778 pientiorem,
874 2705 1007 2760 vade
1027 2706 1092 2759 ad
1121 2706 1414 2770 doctorem,
1437 2706 1764 2758 communica
1786 2703 1850 2756 dc
1882 2704 1944 2757 iis
1971 2719 2088 2772 qua:

518 2800 712 2867 scripta
740 2809 884 2863 sunt,
912 2797 1123 2852 declara
1149 2797 1432 2851 vehemens
1452 2795 1703 2849 studium.
1735 2795 1802 2848 Et
1826 2795 1870 2849 si
1898 2795 2089 2848 viderit

515 2901 567 2945 te
597 2894 735 2945 Deus
763 2901 960 2944 tantam
1005 2891 1165 2944 animi
1205 2890 1526 2944 alacritatem
1563 2889 1838 2954 adhibete,
1866 2903 1968 2942 non
1996 2888 2088 2940 de-

516 2985 701 3053 spiciet
750 2994 891 3038 tuam
937 2983 1257 3053 vigilantiam
1301 2997 1363 3036 ac
1409 2980 1838 3036 sollicitudinem.
1890 2979 2085 3033 Verum

513 3078 672 3130 etiam
703 3077 747 3129 si
791 3077 966 3130 nullus
1009 3075 1166 3128 homo
1194 3086 1243 3128 te
1279 3072 1518 3127 docuerit
1547 3072 1689 3142 quod
1735 3071 1948 3140 quieris,
1977 3071 2086 3139 ipse

513 3170 629 3222 sine
655 3169 815 3221 dubio
834 3167 1109 3222 reserabit.
1130 3166 1390 3220 Memento
1411 3163 1637 3218 eunuchi
1655 3164 1849 3231 regina:
1876 3161 2085 3216 Ethio-

516 3277 660 3329 pntu,
710 3259 801 3328 qui
843 3275 962 3313 cum
1008 3268 1148 3312 esset
1189 3257 1347 3311 homo
1377 3257 1659 3320 barbarus,
1688 3256 2084 3324 inninnerisque

513 3354 776 3407 distentus
835 3351 1308 3416 sollicitudinibus,
1359 3359 1412 3404 et
1471 3349 1802 3416 uudiqnaque
1853 3348 2082 3402 circum-

513 3453 695 3513 septus
723 3444 977 3514 negotiis,
1009 3457 1106 3497 nec
1136 3442 1451 3511 intelligeret
1477 3455 1594 3509 qua:
1621 3439 1846 3509 legebat,
1879 3439 2085 3508 legebat

514 3547 686 3590 tamen
716 3537 765 3589 in
786 3551 942 3590 curru
963 3535 1173 3590 sedens.
1194 3533 1342 3602 Quod
1367 3533 1412 3587 si
1443 3533 1492 3586 in
1519 3532 1601 3585 via
1623 3539 1818 3586 tantam
1842 3529 2085 3599 praestitit

513 3627 870 3697 diligentiam,
918 3626 1088 3695 Cogita
1133 3624 1304 3696 qualis
1344 3623 1503 3679 fuerit
1541 3623 1685 3676 domi
1730 3635 1992 3676 verSans:
2037 3621 2082 3675 si

519 3728 755 3788 tempore
796 3716 1139 3789 profectionis
1184 3731 1286 3768 non
1333 3714 1581 3768 sustinuit
1610 3713 1811 3780 absque
1859 3712 2083 3764 lectione

515 3826 752 3876 manere,
795 3812 964 3864 multo
995 3810 1168 3864 minus
1196 3807 1336 3862 domi
1375 3806 1568 3861 sedens
1596 3822 1609 3858 :
1641 3806 1685 3860 si
1715 3805 1844 3859 nihil
1885 3803 2079 3857 intelli-

511 3917 644 3973 gens
687 3901 920 3970 legebat,
952 3916 1048 3955 nec
1090 3899 1294 3952 destitit
1321 3913 1350 3950 a
1395 3898 1654 3960 lectione,
1695 3897 1861 3949 multo
1905 3895 2082 3948 minus

514 4002 789 4062 postquam
827 3991 1105 4046 didicerat.
1141 3990 1269 4044 Nam
1302 3999 1359 4042 ut
1386 3988 1554 4052 scias,
1589 3987 1739 4062 quod
1771 4001 1876 4040 non
1922 3985 2078 4038 intel—

512 4061 702 4139 lexerit
725 4101 844 4153 qua:
874 4084 1097 4152 legebat,
1131 4081 1252 4134 audi
1292 4079 1414 4149 quid
1442 4079 1570 4133 dicit
1594 4061 1904 4146 Philippus:
1939 4076 2080 4129 Nam

511 4177 748 4245 intelligis
776 4190 888 4242 qua:
915 4174 1036 4240 legis
1063 4171 1200 4240 (Act.
1233 4170 1285 4225 8.
1308 4169 1397 4241 50)
1417 4171 1440 4223 ?
1461 4172 1632 4238 Atque
1662 4169 1752 4222 ille
1782 4168 1862 4221 his
1884 4167 2080 4221 auditis

511 4283 616 4319 non
649 4265 958 4334 pudefactus
994 4272 1096 4326 est,
1131 4277 1228 4315 nec
1253 4261 1493 4325 erubuit,
1521 4260 1612 4314 sed
1642 4260 1901 4314 inscitiam
1927 4275 2077 4312 suam

515 4359 789 4410 Confessus
815 4363 897 4408 est
922 4353 1136 4421 aitque:
1169 4352 1387 4416 Quinam
1426 4352 1638 4420 possint,
1681 4351 1777 4404 nisi
1805 4351 1916 4421 quis
1956 4350 2079 4402 mihi

509 4447 778 4502 ostenderit
807 4445 910 4516 (Ib.
941 4460 984 4498 υ.
1017 4443 1144 4513 51)?
1171 4444 1302 4497 Cum
1331 4444 1563 4496 nondum
1592 4441 1805 4494 haberet
1830 4440 1918 4510 qui
1942 4440 2075 4493 viam

508 4546 985 4602 cmnmonstraret,
1035 4546 1208 4590 tamen
1265 4535 1489 4604 legebat,
1531 4548 1700 4602 eoque
1748 4534 1856 4586 cito
1892 4548 2078 4586 conse-

507 4641 701 4700 quutus
731 4641 810 4684 est
833 4629 1127 4683 ductorem.
1157 4627 1312 4681 Novit
1335 4641 1647 4696 propensam
1680 4626 1817 4678 illius
1847 4627 2074 4678 animam

509 4724 685 4788 licus,
740 4723 968 4776 studium
1016 4721 1290 4789 amplexus
1333 4730 1447 4781 est,
1495 4718 1637 4770 misit
1675 4718 1747 4770 illi
1803 4719 2073 4771 doctorem

508 4815 667 4869 illico.
705 4814 894 4866 Verum
927 4828 1031 4866 non
1069 4812 1219 4865 adest
1251 4810 1520 4879 Philippus
1553 4826 1565 4860 :
1599 4809 1690 4862 sed
1737 4809 2074 4879 Spiritus-qui

509 4918 746 4962 moverat
773 4907 1072 4975 Philippum
1109 4905 1276 4958 adest.
1311 4904 1383 4957 Ne
1411 4903 1800 4972 neglexerimus
1841 4911 2072 4954 nostram

507 5003 754 5062 salutem,
785 4997 1146 5052 dilectissimi:
1177 4997 1288 5050 lucc
1309 4997 1481 5048 omnia
1515 4995 1717 5060 Scripta
1737 5001 1850 5047 sunt
1871 5003 2074 5062 propter

508 5108 595 5144 nos
630 5089 696 5141 ad
736 5090 1091 5141 correctionem
1133 5088 1309 5151 nostri,
1357 5089 1410 5138 in
1454 5102 1577 5155 quos
1609 5087 1734 5152 ﬁnes
1775 5084 2073 5138 «sculorum

507 5183 803 5236 devenerunt
829 5179 905 5249 (-l.
936 5178 1050 5232 Cor.
1077 5178 1161 5231 10.
1186 5178 1296 5245 Η).

578 5271 835 5342 Ignoratio
877 5271 1156 5340 Scriptura:
1197 5269 1405 5323 Increscs
1447 5269 1596 5336 parit.
1640 5297 1712 5307 —
1757 5267 1940 5335 Magna
1975 5267 2073 5318 ad-

507 5378 691 5417 versus
729 5371 998 5431 peccatum
1043 5360 1265 5414 munitio
1313 5369 1392 5412 est
1446 5359 1834 5427 Scripturarum
1874 5357 2067 5410 lectio:

508 5469 752 5522 magnum
812 5451 1175 5520 principitium,
1227 5449 1541 5519 profundum
1588 5449 1891 5502 barathrum
1929 5447 2073 5501 Scri-

508 5558 778 5617 pturarum
809 5546 1080 5614 ignoratio,
1107 5558 1288 5612 magna
1319 5543 1503 5598 salutis
1526 5541 1751 5610 perditio
1779 5541 1906 5593 nihil
1936 5541 2071 5596 scire

505 5654 571 5690 ex
609 5635 802 5690 divinis
842 5635 1044 5704 legibus
1081 5651 1093 5685 :
1140 5650 1200 5687 ea
1246 5648 1331 5686 res
1370 5643 1423 5686 et
1467 5633 1696 5688 hmrcses
1732 5631 1966 5700 peperit,
2008 5646 2068 5683 ea

499 5725 664 5782 vitam
680 5736 978 5796 corruptam
1003 5724 1217 5790 invexit,
1247 5727 1343 5778 hoc.
1365 5738 1572 5778 sursum
1591 5723 1835 5778 deorsum
1861 5722 2068 5776 miscuit

1253 317 1309 372 S.
1349 315 1622 372 JOANNIS
1657 313 2127 370 CllﬂYSOSTOMI
2164 313 2479 369 ARCIIIEP.
2517 309 3058 366 CONSTANTINOP.

3658 314 3758 370 996

2197 425 2396 478 omnia.
2439 423 2569 478 Nam
2609 424 2720 477 ﬁeri
2752 438 2856 478 non
2897 435 3092 493 potest,
3142 439 3245 477 non
3291 433 3484 494 potest,
3527 425 3762 496 inquam,

2187 515 2326 582 fieri,
2354 525 2412 570 ut
2453 515 2572 585 quis
2599 516 2715 570 sine
2742 515 2911 570 {ructu
2947 517 3206 582 discedat,
3233 519 3322 587 qui
3346 519 3564 572 assidua
3593 531 3764 572 atten-

2191 615 2349 676 taque
2375 606 2603 661 lectione
2628 607 2850 660 l'ruatur.
2874 607 3010 661 Ecce
3026 623 3128 662 una
3153 608 3417 675 parabola,
3446 624 3610 677 quam
3638 612 3765 662 mul-

2191 698 2424 766 tiplicem
2461 697 2615 751 nobis
2655 698 2830 751 attulit
2868 698 3182 752 utilitatem?
3226 699 3494 768 quomodo
3533 701 3760 753 animam

2195 800 2427 844 nostram
2457 791 2728 844 meliorem
2754 791 3014 846 reddidit?
3029 791 3161 845 Nam
3177 792 3476 860 complures
3493 834 3510 857 ,
3529 803 3613 846 sat
3635 793 3758 852 scio,

2185 893 2335 944 sunt,
2364 882 2455 950 qui
2483 896 2549 934 ex
2580 879 2660 933 bis
2700 883 3034 936 sermonibus
3062 882 3329 950 copiosam
3365 883 3650 936 utilitatem
3694 884 3761 937 fe-

2191 984 2373 1028 rentes
2412 973 2673 1027 abieruut.
2713 973 2864 1040 Quod
2891 974 2934 1027 si
2976 976 3064 1044 qui
3091 983 3232 1037 sunt,
3262 975 3347 1043 qui
3393 990 3501 1027 non
3550 975 3765 1044 perinde

2194 1081 2440 1136 magnum
2489 1068 2714 1119 fructum
2761 1075 3119 1134 reportartint,
3149 1077 3378 1120 attamen
3423 1082 3491 1120 eo
3531 1067 3624 1119 die
3667 1081 3761 1133 quo

2193 1159 2345 1212 nobis
2374 1157 2647 1212 audiendis
2677 1168 2958 1221 vacarunt,
2991 1160 3206 1212 omnino
3236 1159 3480 1211 meliores
3529 1157 3757 1210 inerunt.

2191 1248 2303 1303 Non
2325 1258 2500 1303 autem
2527 1252 2770 1317 exiguum
2799 1260 2881 1304 est
2905 1249 2988 1303 vel
3021 1250 3182 1311 istud,
3209 1265 3366 1302 unum
3387 1249 3532 1302 diem
3563 1248 3615 1301 in
3645 1263 3759 1318 peo-

2191 1351 2432 1393 catorum
2458 1340 2777 1395 contritione
2816 1343 3124 1408 transigere,
3161 1350 3214 1394 et
3241 1339 3306 1392 ad
3334 1339 3606 1393 Caelestcm
3655 1339 3760 1407 pbf-

2190 1428 2485 1498 losophiam
2533 1431 2816 1498 respicere,
2869 1431 3163 1497 animaeque
3211 1430 3545 1498 permittere,
3590 1439 3646 1482 ut
3685 1430 3760 1483 vel

2192 1523 2458 1590 pauliSpcr
2496 1537 2526 1575 a
2567 1521 2846 1575 mundanis
2888 1522 3111 1587 resl-iret
3156 1523 3316 1573 euris.
3368 1521 3581 1574 Etenim
3625 1521 3670 1575 si
3716 1521 3760 1572 id

2193 1613 2412 1682 singulis
2439 1615 2674 1668 collectis
2700 1614 2976 1668 fecerimus
3007 1629 3104 1667 nec
3129 1613 3509 1674 deiecerimns,
3543 1614 3764 1666 assidui-

2195 1715 2274 1760 tas
2304 1705 2550 1760 audiendi
2574 1722 2818 1776 magnum
2844 1705 3104 1776 quoddam
3129 1706 3547 1776 praeclarumque
3571 1705 3761 1758 bonum

2193 1798 2348 1852 nobis
2379 1799 2568 1867 pariet.

2263 1891 2317 1944 4.
2345 1892 2499 1960 Agite
2530 1891 2718 1960 igitur,
2744 1900 2798 1944 et
2824 1904 2884 1942 ea
2922 1903 3041 1958 qnne
3086 1899 3378 1957 sequuntur
3417 1887 3468 1940 in
3515 1889 3761 1958 parabit:

2191 1982 2341 2036 vobis
2369 1982 2748 2050 persolvamus.
2776 1980 2901 2048 Quae
2928 1989 3047 2034 sunt
3075 1992 3249 2034 autem
3287 1996 3407 2049 qua:
3435 1980 3763 2048 sequuntur?

2193 2074 2323 2127 Cum
2351 2074 2572 2128 dixisset
2594 2074 2761 2136 dives,
2794 2072 2938 2126 Mitte
2967 2071 3235 2137 Lazarum,
3268 2083 3320 2124 ut
3341 2073 3549 2124 instillet
3577 2088 3764 2124 summa

2193 2166 2372 2235 digito,
2397 2183 2458 2219 ac
2483 2166 2737 2236 refrigeret
2763 2165 2987 2235 linguam
3021 2180 3178 2216 meam
3206 2162 3355 2227 (Luc.
3393 2164 3479 2217 16.
3503 2162 3600 2232 24)
3627 2180 3641 2214 :
3671 2178 3752 2214 au-

2193 2259 2484 2312 scultemus
2520 2258 2644 2326 quid
2683 2258 2824 2312 dicat
2862 2257 3160 2320 Abraham,
3191 2255 3315 2318 Fili,
3355 2267 3609 2308 memento
3641 2257 3766 2324 quod

2196 2349 2424 2419 recepisti
2448 2359 2499 2400 tu
2524 2349 2653 2401 bona
2683 2349 2736 2401 in
2755 2350 2856 2400 vita
2883 2358 2968 2400 tua
2987 2389 3000 2411 ,
3027 2356 3073 2401 et
3098 2346 3318 2399 Lazarus
3342 2346 3580 2399 similiter
3609 2348 3762 2405 mala,

2194 2448 2240 2492 et
2271 2455 2404 2492 nunc
2427 2439 2520 2491 iste
2546 2438 2778 2490 solatium
2813 2437 3024 2505 accipit,
3054 2447 3105 2488 tu
3141 2452 3253 2488 vero
3290 2436 3559 2487 cruciaris.
3605 2435 3764 2502 Super

2193 2530 2362 2582 omnia
2385 2538 2550 2581 autem
2577 2529 2681 2581 haec
2708 2529 2860 2580 chaos
2885 2543 3120 2596 magnum
3149 2526 3498 2592 ron/innatum
3537 2535 3612 2578 est
3647 2528 3767 2576 inter

2195 2636 2286 2673 nos
2327 2630 2375 2673 et
2401 2637 2516 2686 vos,
2549 2629 2602 2672 ut
2648 2621 2732 2688 qui
2776 2618 2945 2672 volunt
2989 2619 3136 2670 istinc
3165 2618 3378 2670 transire
3416 2617 3485 2668 ad
3532 2633 3647 2678 nos,
3675 2633 3767 2668 non

2193 2711 2406 2779 possint,
2436 2727 2592 2781 neque
2631 2713 2716 2780 qni
2741 2711 2857 2763 hinc
2897 2710 3023 2763 istuc
3051 2710 3264 2760 transire
3304 2707 3410 2778 (Ib.
3443 2724 3487 2758 υ.
3530 2705 3623 2760 9.5.
3653 2707 3762 2774 26}.

2191 2803 2381 2858 Gravia
2413 2814 2536 2857 sunt
2560 2819 2676 2874 qua:
2704 2803 2972 2867 dicuntur,
2998 2803 3386 2870 plurimumque
3414 2801 3571 2854 nobis
3595 2800 3765 2854 omin-

2192 2894 2324 2949 dunt
2367 2895 2627 2949 dolorem.
2672 2895 2780 2948 lloc
2828 2895 2939 2964 ipse
2984 2893 3147 2946 novi:
3193 2893 3284 2946 sed
3315 2891 3764 2961 quemadmodum

2191 2989 2440 3045 mordent
2478 2990 2877 3055 conscientiam,
2929 2991 2997 3042 ita
3027 3004 3129 3041 non
3174 3003 3356 3056 parum
3400 2988 3636 3042 alierum
3665 2989 3764 3042 uti.

2193 3081 2354 3136 litatis
2377 3082 2569 3136 animis
2607 3096 2791 3136 eorum
2821 3083 2907 3152 qui
2951 3081 3276 3136 mordentur.
3307 3081 3517 3134 Etenim
3563 3083 3606 3134 si
3659 3082 3766 3134 hac

2190 3175 2340 3229 nobis
2368 3175 2472 3228 illic
2513 3173 2847 3240 dicerentur,
2875 3172 3316 3242 quemadmodum
3356 3171 3496 3225 dicta
3530 3183 3658 3226 sunt
3681 3172 3765 3224 dt-

2189 3264 2304 3329 viti,
2328 3279 2509 3319 revera
2540 3263 2850 3333 plorandum
2869 3272 3031 3326 esset,
3054 3263 3334 3318 dolendum
3361 3276 3424 3315 ac
3455 3263 3762 3331 lugendum,

2189 3355 2328 3424 quod
2374 3371 2473 3409 nos
2521 3355 2846 3424 ptenitentiae
2895 3363 3100 3422 tempus
3147 3353 3446 3407 defecisset.
3495 3353 3762 3406 Caeterum

2187 3445 2434 3514 quoniam
2463 3444 2548 3499 hic
2575 3454 2792 3514 agentes
2817 3444 2930 3497 haec
2957 3442 3218 3505 audimus,
3252 3442 3337 3495 ubi
3367 3452 3420 3493 et
3447 3443 3766 3509 resipiscere

2189 3535 2329 3596 licet,
2362 3544 2415 3589 et
2441 3538 2723 3589 commissa
2771 3535 2994 3595 diluere,
3040 3532 3265 3601 denique
3311 3531 3533 3588 multam
3581 3546 3766 3599 parare

2189 3627 2456 3693 ﬁduciam,
2484 3637 2645 3696 atque
2665 3643 2730 3682 ex
2757 3625 2944 3703 alienis
2972 3625 3124 3679 malis
3145 3631 3402 3692 concepto
3431 3626 3631 3678 timore
3653 3639 3766 3676 mn-

2186 3717 2307 3783 tari,
2339 3733 2556 3788 agamus
2599 3719 2794 3787 gratias
2815 3717 3060 3771 clementi
3091 3717 3220 3776 Deo,
3269 3716 3356 3782 qui
3389 3730 3488 3783 per
3534 3715 3761 3768 alienun

2185 3809 2444 3878 supplicia
2498 3820 2733 3864 nostram
2777 3808 3127 3878 expergefacit
3166 3807 3475 3875 segnitiem,
3504 3807 3764 3874 nobisque

2184 3899 2592 3954 dormitantibus
2624 3915 2868 3955 somnum
2914 3899 3131 3953 excutit.
3183 3897 3457 3966 Siquidem
3497 3898 3623 3951 ideo
3651 3897 3762 3950 haec

2184 4001 2308 4046 ante
2332 3993 2471 4046 dicta
2501 4001 2642 4057 sunt,
2672 4007 2739 4046 ne
2762 3993 2880 4046 talia
2909 3993 3180 4060 patiamur.
3208 3990 3412 4043 Etenim
3443 3991 3486 4042 si
3511 3991 3764 4045 voluisset

2187 4084 2370 4152 punire
2410 4083 2566 4148 Deus,
2601 4099 2703 4137 non
2743 4083 2841 4136 ista
2881 4081 3250 4152 praedixisset:
3281 4095 3466 4133 verum
3505 4083 3759 4150 quoniam

2183 4173 2350 4226 noluit
2372 4187 2470 4226 nos
2497 4173 2709 4242 adigere
2737 4172 2804 4226 ad
2832 4172 3145 4241 supplicium
3167 4212 3183 4237 ,
3212 4171 3407 4224 idcirco
3428 4172 3680 4240 praedicit
3709 4183 3764 4226 ut

2185 4262 2528 4331 prmdictione
2553 4263 2809 4331 Castigati,
2846 4263 3070 4316 viteums
3091 4277 3266 4316 rerum
3289 4263 3695 4330 experimenta.

2256 4352 2410 4406 Malis
2431 4369 2622 4422 quoque
2647 4354 2795 4406 datur
2820 4369 2912 4422 pro
2950 4352 3218 4422 benefactis
3244 4368 3429 4405 merces
3466 4353 3668 4422 aliqua.
3696 4382 3762 4394 —-

2185 4445 2252 4496 At
2289 4444 2440 4512 cujus
2469 4444 2680 4497 tandem
2709 4445 2874 4513 gratia
2915 4459 3018 4497 non
3046 4444 3205 4505 dixit,
3233 4443 3416 4510 cepisti
3456 4443 3601 4497 bona
3643 4454 3753 4505 tua,

2183 4534 2274 4588 sed
2304 4535 2580 4600 recepisti?
2606 4534 2914 4589 Meministis
2951 4534 3114 4599 enim,
3159 4542 3240 4586 sat
3277 4535 3422 4593 scio,
3454 4549 3545 4587 me
3582 4534 3760 4588 dicere

2182 4625 2306 4680 hinc
2335 4626 2488 4680 nobis
2517 4641 2660 4679 mare
2681 4626 3158 4680 consideratiouum
3186 4638 3431 4692 magnum
3458 4633 3510 4676 et
3536 4625 3762 4678 immen-

2177 4735 2298 4773 sum
2322 4719 2534 4787 aperiri.
2566 4718 2697 4771 Nam
2728 4717 2763 4770 h
2780 4734 2841 4772 ec
2868 4734 2989 4780 vox,
3013 4716 3261 4786 recepisti,
3283 4715 3448 4769 debiti
3474 4715 3754 4784 cujusdam

2179 4809 2614 4878 signiﬁcationem
2644 4807 2835 4869 habet,
2863 4824 2927 4861 eo
2954 4807 3093 4876 quod
3131 4807 3348 4874 recipiat
3381 4807 3613 4872 aliquis,
3639 4820 3755 4874 qu:

2179 4901 2526 4956 debebantur.
2558 4899 2788 4954 Proinde
2816 4900 2858 4952 si
2889 4899 3038 4954 dives
3081 4899 3181 4950 iste
3215 4897 3472 4950 scelestus
3498 4910 3565 4949 ac
3588 4899 3756 4950 scele-

2177 5007 2333 5046 rosus
2358 5001 2411 5045 et
2459 4991 2774 5044 inhumanus
2801 4990 2915 5053 fuit,
2955 4989 3296 5059 quamobrem
3345 5001 3449 5038 non
3486 4985 3623 5039 dicit
3649 4983 3749 5048 illi,

2177 5083 2386 5150 cepisti,
2430 5082 2546 5142 sed,
2578 5081 2806 5150 recepisti
2845 5081 2974 5133 bona
3012 5090 3130 5141 tua.
3160 5080 3305 5148 quasi
3329 5079 3453 5144 jure
3483 5078 3560 5130 illi
3609 5091 3748 5131 com-

2177 5176 2444 5246 pelicrint,
2484 5176 2741 5244 quasique
2773 5172 3134 5226 dcberentur?
3164 5171 3295 5237 Quid
3335 5171 3490 5237 igitur
3513 5166 3651 5223 hinc
3676 5169 3753 5221 dt-

2183 5269 2420 5322 scinius?
2447 5267 2596 5332 Quod
2623 5266 2827 5320 etiamsi
2844 5266 2931 5334 qui
2955 5266 3058 5318 sint
3080 5264 3346 5325 scelernsi,
3367 5261 3433 5314 ad
3458 5272 3750 5314 extremam

2181 5355 2544 5426 improbitatis
2578 5357 2767 5410 lineam
2798 5356 3024 5418 devecti,
3057 5364 3227 5406 tamen
3257 5352 3563 5420 frequenter
3593 5368 3747 5404 ttnunt

2177 5449 2412 5517 aliquod,
2444 5447 2613 5502 dnovc
2639 5457 2728 5500 aut
2755 5447 2848 5500 tria
2883 5446 3150 5500 benefacta
3191 5454 3309 5496 sunt
3338 5442 3566 5509 operati.
3600 5443 3748 5506 Ουοὐ

2178 5553 2355 5595 autem
2385 5542 2496 5594 haec
2522 5555 2624 5593 non
2650 5541 2832 5607 loquar
2857 5555 2886 5592 e
2906 5537 3240 5605 coniecturis,
3263 5536 3381 5586 hinc
3410 5533 3746 5600 perspicuum

2177 5640 2277 5685 est.
2309 5630 2442 5698 Quid
2471 5631 2609 5683 enim
2648 5629 2741 5682 fuit
2766 5630 2854 5681 illo
2883 5629 3166 5696 iniquitatis
3199 5625 3375 5693 judice
3398 5620 3719 5675 sceleratius
3741 5659 3753 5676 .

2177 5721 2300 5793 quid
2358 5721 2726 5784 inhumanius,
2785 5718 2906 5787 quid
2959 5717 3120 5789 magis
3174 5711 3425 5782 ἐκείνωιηῖ
3474 5711 3524 5768 Is
3569 5728 3742 5785 neque
