3906 6246
133 296 223 353 εθτ
1280 285 1366 341 DE
1407 284 1681 340 LAZAliO
1706 285 1945 341 CONCIO
1985 286 2068 341 tu.
3286 286 3385 342 998

42 408 45 431 ⁵
132 412 285 463 Deum
334 401 631 467 metuebat,
661 416 832 471 neque
874 399 1117 454 homines
1160 399 1503 453 reverebatur
1538 398 1688 469 (Luc.

42 514 45 517 ’
132 499 207 554 18.
231 496 265 549 9.
286 524 309 536 ο
327 494 404 563 5),
424 502 657 546 attamen
701 507 821 545 cum
846 501 952 545 tam
980 491 1238 559 improbis
1266 501 1409 545 esset
1436 491 1693 553 moribus,

131 590 243 642 fecit
267 584 389 640 boni
411 583 684 655 quiddam,
714 584 998 636 miseratus
1022 582 1234 636 viduam
1265 582 1363 651 ipsi
1390 581 1697 653 frequenter

128 679 378 749 negotium
410 678 757 731 facessentem
780 717 794 738 ,
823 690 1063 730 annuens
1103 675 1387 747 postulanti
1430 674 1694 738 oﬂicium,

127 783 477 843 prastansque
505 769 645 840 quod
680 769 978 837 petebatur,
1018 768 1266 822 cohibitis
1299 767 1388 837 qui
1416 767 1556 821 illam
1581 766 1698 820 affi-

126 866 325 921 ciebant
354 863 565 933 injuria.
600 862 673 916 Ita
694 860 998 928 frequenter
1032 860 1224 915 accidit
1250 870 1308 914 ut
1349 860 1540 929 aliquis
1574 860 1695 913 vita:

128 958 190 1011 sit
230 954 667 1024 intemperantis,
701 962 755 1007 ct
796 962 971 1007 tamen
1014 953 1083 1006 sit
1123 952 1466 1006 misericors:
1506 959 1599 1005 aut
1640 959 1698 1004 ut

126 1047 233 1116 quis
259 1046 326 1099 sit
354 1046 699 1108 inhumanus,
742 1044 962 1113 pudicus
1006 1055 1203 1098 tamen.
1244 1043 1395 1109 Quod
1427 1043 1471 1096 si
1499 1044 1693 1097 intem-

127 1152 308 1206 perans
334 1135 492 1190 fuerit
519 1146 573 1188 et
614 1134 751 1187 idem
776 1134 1040 1199 crudelis,
1074 1143 1249 1188 tamen
1292 1150 1451 1188 unum
1479 1133 1694 1203 aliquod

125 1228 256 1283 aliud
285 1228 481 1283 bonum
513 1242 648 1296 epos
676 1226 801 1281 fecit
833 1227 883 1279 in
920 1225 1048 1279 vita.
1080 1226 1285 1280 Rursus
1314 1226 1413 1279 hoc
1443 1224 1582 1279 idem
1604 1240 1693 1278 ar-

124 1319 416 1374 hitrandum
455 1329 533 1372 est
581 1318 651 1372 de
704 1317 874 1371 bonis.
918 1316 1372 1383 Quemadmodum
1407 1317 1549 1370 enim
1604 1315 1691 1383 qui

126 1409 331 1478 pessimi
359 1416 505 1473 sunt,
533 1407 730 1460 faciunt
758 1406 1061 1477 frequenter
1083 1406 1205 1459 boni
1226 1404 1474 1475 quiddam
1501 1422 1515 1460 :
1542 1404 1622 1459 sic
1640 1414 1695 1458 et

124 1501 239 1552 Itoni
273 1499 574 1566 virtuteque
619 1496 825 1566 praediti
858 1511 1227 1567 saepenumero
1274 1506 1514 1564 peccant.
1567 1494 1694 1559 Quis

122 1592 264 1655 enim,
297 1591 488 1660 inquit,
517 1590 815 1660 gloriabitur
840 1604 892 1641 se
920 1596 1113 1641 castum
1140 1587 1320 1641 habere
1339 1603 1447 1651 cor,
1479 1597 1565 1639 aut
1584 1588 1694 1656 quis

122 1682 331 1751 conﬁdet
354 1700 408 1736 se
435 1698 616 1750 purum
641 1697 746 1734 esse
763 1697 794 1733 a
826 1690 1031 1749 peccato
1057 1679 1242 1749 (Prov.
1268 1678 1357 1732 Q0.
1390 1677 1485 1747 9)?

183 1771 314 1826 Boni
341 1788 443 1825 non
471 1780 641 1824 carent
668 1770 905 1840 peccatis.
934 1799 1006 1808 —
1027 1768 1290 1837 Quoniam
1319 1769 1477 1839 igitur
1509 1767 1693 1822 verisi-

121 1864 235 1917 mile
270 1871 357 1917 est
398 1861 615 1916 divitem
648 1861 825 1925 illum,
868 1859 993 1914 licet
1030 1858 1098 1913 ad
1137 1868 1432 1913 extremum
1477 1856 1691 1910 malitia:

122 1964 450 2025 provectum,
480 1951 680 2021 aliquid
704 1950 896 2006 fecisse
920 1949 1044 2004 boni
1075 1959 1296 2003 :contra
1321 1949 1575 2001 Lazarum
1611 1956 1690 2000 ta-

123 2043 269 2097 metsi
299 2056 507 2095 summa
536 2042 731 2095 virtute
755 2039 1110 2111 prmstitisset,
1142 2038 1338 2107 aliquid
1370 2048 1544 2091 tamen
1578 2039 1692 2090 leve

118 2133 439 2202 deliquisse:
470 2131 588 2187 vide
629 2130 895 2201 quomodo
935 2128 1224 2185 declaravit
1270 2137 1552 2198 utrumque
1598 2142 1692 2196 pa-

121 2223 367 2287 triarcha,
390 2224 575 2278 dicens
607 2241 620 2277 :
659 2219 912 2294 Recepisti
954 2222 1084 2276 bona
1122 2230 1209 2275 tua
1252 2223 1303 2275 in
1354 2222 1454 2274 vita
1494 2230 1611 2283 tua,
1645 2230 1690 2272 et

119 2312 337 2368 Lazarus
378 2315 612 2369 similiter
646 2316 802 2367 mala.
844 2313 909 2367 Et
950 2322 1023 2378 tu,
1054 2312 1244 2383 inquit,
1294 2313 1453 2366 etiam
1493 2312 1539 2365 si
1564 2312 1689 2381 quid

117 2406 231 2459 boni
256 2404 448 2470 fecisti,
478 2405 524 2459 si
548 2421 651 2476 qua
679 2420 886 2460 merces
915 2404 1010 2459 tibi
1035 2404 1346 2467 debebatur,
1378 2404 1491 2457 lucc
1511 2404 1689 2458 omnia

116 2498 164 2549 in
209 2496 301 2551 illo
332 2496 532 2552 mundo
565 2496 832 2566 recepisti,
863 2496 1066 2551 deliciis
1116 2495 1331 2563 fruens,
1377 2496 1571 2550 divitiis
1609 2495 1689 2549 af-

116 2591 297 2655 fluens,
330 2590 492 2644 rebus
517 2589 788 2659 prosperis
816 2597 999 2654 utens,
1033 2589 1306 2659 multoque
1346 2604 1523 2642 rerum
1564 2603 1685 2643 suc-

112 2694 261 2734 cessu
290 2678 550 2750 gaudens.
592 2678 660 2734 Et
697 2680 783 2734 hic
811 2679 854 2734 si
883 2679 1008 2750 quid
1042 2679 1166 2733 mali
1204 2678 1364 2743 fecit;
1395 2679 1574 2733 omnia
1600 2694 1686 2734 re-

111 2773 268 2841 cepit,
295 2787 418 2828 cum
445 2772 612 2838 fame,
645 2771 845 2843 inopia,
874 2772 1126 2826 ex‘tremis
1153 2773 1307 2827 malis
1334 2770 1684 2842 at't'ligeretnr.

110 2860 287 2932 Itaque
335 2871 575 2917 vestrum
632 2872 855 2932 uterque
894 2862 1070 2917 nudus
1120 2863 1221 2917 huc
1269 2863 1542 2932 pervenit,
1598 2863 1687 2919 ille

109 2954 365 3021 peccatis,
402 2962 458 3008 tu
482 2953 726 3024 iustitia:
767 2954 1113 3024 quamobrem
1145 2965 1199 3010 et
1240 2955 1329 3011 hic
1357 2972 1561 3012 merum
1593 2956 1686 3011 ha-

108 3044 196 3100 bet
221 3045 497 3112 solatium,
523 3055 579 3101 tu
636 3046 1072 3103 inconsolabilem
1118 3047 1349 3104 sustines
1369 3051 1682 3107 cruciatum.

106 3136 311 3192 Etenim
354 3154 477 3193 cum
517 3139 705 3210 exigua
744 3149 869 3194 sunt
912 3139 1153 3210 leviaque
1197 3141 1473 3196 benefacta
1509 3142 1681 3207 nobis,

103 3226 287 3299 ingens
315 3238 567 3284 autemet
587 3229 904 3285 immensum
934 3238 1269 3299 peccatorum
1298 3246 1468 3288 onus:
1491 3232 1684 3289 deinde

104 3317 186 3373 hic
228 3320 588 3389 prosperitate
635 3319 882 3388 fruimur,
926 3336 1097 3391 neque
1129 3322 1416 3392 quidquam
1457 3326 1685 3394 patimur

100 3411 297 3473 acerbi.
330 3427 551 3481 prorsus
585 3412 712 3467 nudi
738 3413 1082 3485 destitutique
1121 3414 1518 3471 benefactorum
1546 3433 1685 3488 prae-

100 3503 215 3555 miis
278 3502 409 3557 hinc
470 3503 833 3571 discedimus,
898 3506 1091 3576 utqui
1171 3507 1256 3562 hic
1321 3509 1683 3579 receperimus

101 3594 301 3648 omnia.
354 3593 735 3667 Similiterque,
765 3610 888 3651 cum
932 3597 1095 3651 multa
1139 3613 1433 3670 magnaque
1473 3602 1683 3657 fuerunt

97 3685 250 3740 nobis
287 3684 589 3751 benefacta,
642 3686 734 3741 sed
787 3688 975 3757 exigua
1028 3702 1303 3759 paucaque
1342 3691 1568 3757 delicta,
1627 3703 1681 3749 et

94 3787 211 3846 post
270 3778 670 3849 litec‘patimur
732 3780 931 3850 aliquid
998 3782 1175 3837 acerbi
1223 3800 1237 3837 :
1286 3783 1371 3838 hic
1425 3784 1681 3856 depositis

93 3868 383 3925 levioribus
424 3871 526 3926 illis
563 3870 771 3927 delictis
808 3887 995 3943 puram
1039 3874 1146 3929 illic
1184 3884 1238 3929 et
1266 3875 1553 3945 perfectam
1586 3879 1681 3934 bo-

88 3976 277 4017 norum
303 3977 526 4031 operum
558 3964 1036 4019 remunerationem
1062 3964 1369 4036 accipimus.
1394 3967 1495 4024 Ubi
1520 3985 1676 4040 quem

88 4053 248 4120 igitur
276 4053 478 4108 videris
501 4095 516 4118 ,
563 4054 856 4124 improbam
890 4064 1136 4127 agentem
1169 4058 1329 4113 vitam
1354 4101 1369 4125 ,
1398 4074 1498 4115 nec
1521 4061 1677 4131 quid-

86 4158 244 4212 quam
278 4142 368 4198 hic
392 4143 568 4198 acerbi
592 4146 879 4213 patientem
905 4162 919 4198 :
948 4161 1015 4201 ne
1039 4147 1240 4216 putaris
1265 4147 1413 4203 illum
1439 4149 1671 4219 beatum,

84 4237 178 4294 sed
203 4238 346 4294 defle
374 4239 548 4309 potius
584 4254 647 4293 ac
675 4238 893 4307 deplora
916 4279 932 4305 ,
961 4239 1106 4295 velut
1144 4240 1252 4297 illic
1289 4242 1465 4297 omnia
1505 4245 1675 4301 tristia

83 4345 490 4402 perpessurum,
518 4330 967 4401 quemadmodum
1020 4331 1171 4387 dives
1196 4333 1305 4389 ille.
1348 4334 1550 4391 Rursus
1587 4338 1675 4394 ubi

81 4438 243 4493 quem
272 4422 474 4477 videris
498 4422 709 4477 virtutis
734 4421 1055 4491 studiosum,
1083 4432 1138 4479 et
1156 4424 1402 4481 eumdem
1434 4427 1675 4485 innmne—

80 4518 156 4572 ris
180 4516 349 4587 affligi
380 4515 660 4583 molestiis,
689 4516 902 4573 beatum
931 4517 1195 4583 existima,
1226 4516 1434 4575 felicem
1457 4520 1633 4590 judica
1658 4540 1671 4577 :

81 4621 136 4664 ut
165 4611 258 4680 qui
288 4620 345 4663 et
374 4609 460 4663 hic
485 4609 664 4664 omnia
693 4624 785 4665 sua
814 4618 1028 4679 peccata
1056 4610 1292 4677 diluerit,
1319 4620 1375 4667 et
1398 4612 1507 4667 illic
1535 4614 1673 4668 mul-

79 4714 187 4757 tam
217 4702 420 4758 habeat
442 4710 679 4772 paratam
704 4702 970 4772 patientia:
990 4703 1313 4771 mercedem,
1336 4707 1676 4775 quemadmo-

74 4796 203 4851 dum
235 4795 367 4849 huic
393 4794 571 4851 evenit
598 4794 819 4849 Lazaro.

142 4890 201 4943 5.
251 4887 392 4943 Nam
433 4902 502 4942 ex
551 4886 856 4943 hominibus
903 4887 992 4942 alii
1028 4888 1241 4958 quidem
1284 4888 1369 4946 hic
1400 4890 1673 4949 dumtaxat

72 4983 413 5053 puniuntur,
461 4979 548 5035 alii
590 4994 773 5037 rursus
814 4979 946 5036 nihil
984 4980 1071 5036 hic
1102 4982 1205 5037 tale
1248 4984 1534 5053 patiuntur,
1576 4988 1669 5043 sed

70 5089 301 5130 omnem
344 5072 633 5128 vindictam
679 5072 786 5129 illic
827 5075 1091 5145 recipiunt
1120 5091 1134 5127 :
1163 5074 1249 5129 alii
1279 5091 1406 5132 vero
1434 5087 1543 5132 tum
1586 5079 1672 5135 hic

71 5178 185 5222 tum
214 5166 331 5221 illic
356 5165 664 5235 puniuntur.
697 5166 897 5220 Horum
923 5166 1082 5236 igitur
1104 5166 1283 5234 trium,
1302 5184 1435 5238 quos
1457 5171 1668 5227 tandem

66 5257 333 5329 judicatis
360 5258 584 5313 beatos?
609 5258 721 5314 Non
750 5258 952 5325 dubito,
971 5259 1098 5330 quin
1115 5260 1315 5330 primos
1338 5262 1451 5317 illos
1472 5265 1559 5334 qui
1586 5266 1671 5321 hic

69 5352 379 5422 puniuntur
400 5391 416 5417 ,
446 5359 606 5421 atque
636 5352 705 5405 ita
736 5361 951 5421 peccata
996 5352 1290 5423 deponunt.
1328 5353 1521 5410 Verum
1552 5368 1671 5426 post

69 5445 199 5499 illos
232 5455 377 5514 quos
410 5442 655 5514 proximo
683 5441 952 5499 felicitatis
988 5443 1108 5499 loco
1150 5445 1345 5515 ponitis
1368 5446 1515 5502 ?Vos
1555 5447 1667 5504 for-

65 5535 242 5592 tassis
268 5549 385 5599 eos,
411 5535 501 5604 qui
530 5535 659 5589 nihil
685 5534 770 5590 hic
791 5536 942 5590 triste
968 5536 1260 5606 patiuntur,
1292 5536 1385 5592 sed
1412 5538 1521 5594 illic
1547 5555 1667 5596 om-

72 5645 205 5686 nem
241 5628 401 5682 luunt
432 5642 677 5696 pinnam:
706 5636 763 5682 at
785 5642 884 5697 ego
912 5644 1020 5684 non
1044 5629 1198 5695 istos,
1222 5630 1317 5686 sed
1343 5630 1441 5686 hos
1465 5633 1661 5703 potius,

66 5723 165 5792 qui
204 5720 301 5775 hic
333 5718 491 5773 simul
520 5729 576 5774 et
605 5718 709 5773 illic
740 5718 1047 5789 puniuntur.
1079 5721 1210 5781 Nam
1251 5722 1338 5778 hic
1362 5723 1452 5795 qui
1478 5738 1665 5795 pinnas

1805 398 2034 465 dederit,
2058 400 2256 455 sentiet
2282 401 2387 455 illic
2417 417 2623 472 pmnam
2670 400 3076 474 leviorem:qui
3120 420 3248 463 vero
3287 419 3381 461 co-

1804 499 1958 558 getur
1985 489 2093 545 illic
2124 500 2285 544 totam
2316 507 2525 561 pinnam
2555 496 2851 564 sustinere,
2882 498 3239 554 inevitabilem
3270 500 3382 551 vin—

1802 578 1998 634 dictam
2024 596 2037 631 :
2062 583 2507 651 quemadmodum
2553 585 2703 643 dives
2741 585 2857 652 hic,
2886 589 2977 660 qui
3021 591 3217 645 nullam
3256 606 3381 661 pec-

1805 679 2045 725 catorum
2080 682 2281 740 partem
2316 674 2504 739 abluit,
2537 677 2671 731 adeo
2708 692 2895 733 severe
2927 678 3142 749 punitus
3168 689 3287 749 est,
3331 692 3384 735 ut

1806 777 1874 817 ne
1915 764 2186 819 minimam
2213 766 2426 836 quidem
2454 778 2651 837 guttam
2684 770 3063 838 impetraverit.
3094 771 3291 828 Verum
3322 773 3389 828 iis

1803 870 2034 925 quoque,
2066 857 2154 927 qui
2182 857 2269 913 hic
2296 873 2415 913 cum
2448 869 2706 929 peccant,
2736 860 2864 917 nihil
2896 873 3069 920 tamen
3095 880 3256 936 grave
3287 882 3382 936 pa-

1806 948 2042 1013 tiuntur,
2075 948 2194 1003 illos
2223 949 2382 1020 longe
2422 951 2742 1009 infeliciores
2764 954 2973 1023 judico,
3000 957 3090 1026 qui
3130 971 3250 1011 eum
3298 956 3385 1011 hic

1803 1054 1909 1093 non
1950 1041 2272 1108 puniantur,
2320 1043 2476 1097 simul
2524 1053 2700 1099 tamen
2746 1044 2955 1113 deliciis
2992 1062 3055 1101 ac
3097 1048 3384 1103 securitate

1803 1129 2069 1183 fruuntur.
2099 1131 2554 1197 Quemadmodum
2583 1134 2724 1189 enim
2769 1136 2855 1189 hic
2880 1151 2987 1190 non
3026 1135 3155 1191 dare
3196 1152 3383 1207 ptenas

1803 1235 1900 1288 pro
1922 1223 2245 1288 commissis,
2268 1222 2381 1277 illic
2405 1224 2695 1278 cruciatum
2721 1224 2898 1280 reddit
2922 1227 3241 1283 atrociorem
3268 1246 3282 1283 :
3308 1229 3379 1285 ita

1802 1308 1928 1363 dmn
1974 1320 2225 1379 peccant,
2255 1313 2547 1385 voluptati,
2583 1313 2824 1381 deliciis,
2872 1317 3157 1387 multmque
3203 1333 3375 1373 rerum

1800 1399 2089 1456 afﬂuentite
2118 1403 2390 1473 indulgere
2410 1444 2425 1469 ,
2458 1405 2674 1473 majoris
2700 1421 2872 1475 poma:
2902 1407 3154 1463 viaticum
3190 1408 3294 1463 illis
3321 1424 3381 1461 ac

1784 1493 2077 1563 materiam
2112 1493 2221 1547 illic
2248 1495 2471 1565 colligit.
2502 1494 2633 1549 Nam
2659 1512 2779 1550 cum
2808 1507 3091 1568 peccantes
3113 1513 3210 1553 nos
3242 1498 3381 1554 Deus

1800 1581 1965 1635 afficit
2008 1585 2319 1651 honoribus,
2359 1600 2422 1641 ea
2446 1601 2533 1641 res
2578 1589 2913 1657 potissimum
2951 1602 3052 1644 nos
3080 1588 3131 1643 in
3166 1589 3379 1660 gravius

1800 1673 2103 1728 incendium
2127 1675 2346 1745 injicere
2372 1678 2585 1746 poterit.

1871 1762 2116 1833 Impietas
2156 1765 2284 1837 felix
2326 1768 2771 1837 periculosissima.
2812 1799 2884 1810 —
2930 1770 3138 1824 Etenim
3178 1770 3221 1824 si
3260 1771 3377 1839 quis

1800 1854 1893 1910 Dei
1922 1856 2142 1913 lenitate
2161 1857 2368 1914 fruatur
2396 1869 2637 1926 tantum,
2670 1875 2768 1916 nec
2788 1876 2851 1917 ea
2884 1861 2952 1916 ad
2978 1861 3028 1916 id
3052 1860 3194 1931 quod
3219 1876 3376 1931 opor-

1799 1950 1899 2004 tuit
1920 1959 2118 2018 utatur,
2140 1954 2375 2008 atrocius
2395 1954 2710 2025 supplicium
2741 1955 2841 2010 sibi
2866 1965 3036 2026 parat.
3058 1954 3158 2011 Ubi
3186 1963 3375 2024 praeter

1802 2039 1893 2095 Dei
1920 2041 2186 2097 lenitatem
2208 2043 2368 2098 etiam
2392 2044 2684 2099 honoribus
2705 2046 2903 2113 potitur
2922 2045 3187 2111 maximis,
3208 2045 3373 2099 nihilo

1799 2133 1973 2187 secius
2003 2141 2181 2189 tamen
2226 2136 2461 2206 persistit
2482 2137 2533 2190 in
2583 2137 2848 2207 nequitia:
2878 2138 2996 2207 quis
3036 2153 3157 2192 eum
3188 2137 3374 2207 eripiet

1798 2226 1867 2279 ab
1917 2225 2007 2280 illo
2057 2227 2355 2296 supplicio?
2403 2226 2612 2283 Etenim
2659 2240 2716 2283 ut
2754 2230 3050 2299 intelligas,
3100 2229 3237 2299 quod
3282 2230 3371 2299 qui

1800 2316 1894 2371 Dei
1943 2316 2216 2373 lenitatem
2263 2318 2350 2374 hic
2400 2322 2779 2390 experiuntur,
2832 2321 3027 2377 malum
3070 2321 3372 2374 universmn

1798 2407 1907 2463 illic
1958 2409 2059 2463 sibi
2131 2423 2482 2478 coacervant,
2532 2413 2589 2466 ni
2660 2413 3009 2482 resipuerint,
3060 2411 3181 2466 audi
3245 2411 3370 2481 quid

1796 2500 1939 2556 dicat
1975 2502 2209 2558 Paulus:
2255 2502 2530 2559 Existimas
2575 2516 2761 2571 autem,
2789 2520 2820 2559 ο
2861 2505 3039 2568 homo,
3070 2506 3154 2574 qui
3193 2503 3375 2556 conde-

1795 2610 1939 2648 mnas
1983 2611 2069 2650 eos
2111 2596 2197 2665 qui
2245 2597 2368 2650 talia
2415 2596 2638 2666 faciunt,
2668 2607 2714 2650 et
2756 2598 2883 2668 facis
2924 2597 3098 2650 eadem
3119 2636 3134 2659 ,
3165 2594 3299 2663 quod
3319 2603 3371 2647 tu

1794 2687 2004 2758 effugies
2060 2688 2313 2758 judicium
2344 2688 2481 2742 Dei?
2522 2690 2601 2743 An
2639 2690 2838 2743 divitias
2868 2689 3098 2743 bonitatis
3134 2688 3272 2742 illius
3313 2700 3375 2740 ac

1793 2782 2066 2853 patientite,
2091 2781 2404 2851 lenitatisque
2428 2783 2718 2846 contemnis,
2746 2783 2985 2853 ignorans
3010 2779 3144 2851 quod
3170 2779 3372 2833 bonitas

1794 2873 1889 2928 Dei
1942 2873 2011 2927 ad
2062 2874 2400 2943 ptenitentiam
2447 2884 2494 2927 te
2530 2875 2747 2929 invitat?
2791 2873 2897 2929 Sed
2924 2873 3079 2943 juxta
3135 2872 3369 2926 duritiem

1793 2974 1966 3032 tuam,
2006 2974 2052 3019 et
2095 2981 2182 3018 cor
2231 2964 2564 3035 impaenitens,
2617 2965 2845 3020 recondis
2894 2963 2981 3018 tibi
3014 2964 3113 3035 ipsi
3160 2964 3288 3016 iram
3317 2962 3369 3016 in

1791 3056 1874 3111 die
1918 3059 2010 3112 ira:
2057 3074 2117 3110 ac
2162 3054 2479 3111 reuelationis
2519 3067 2565 3110 et
2590 3057 2719 3128 justi
2749 3056 2932 3127 judicii
2976 3054 3067 3108 Dei
3094 3053 3271 3125 (Rom.
3310 3052 3365 3108 2.

1791 3149 1845 3205 5.
1876 3146 1956 3221 5).
1990 3147 2130 3219 Ergo
2158 3162 2277 3203 cum
2304 3146 2595 3203 viderimus
2623 3148 2828 3218 aliquos
2848 3147 3036 3218 opibus
3065 3145 3364 3212 affluentes,

1790 3242 1994 3298 deliciis
2018 3242 2276 3311 fruentes,
2321 3253 2590 3314 unguenta
2620 3243 2845 3308 olentes,
2875 3242 2927 3298 in
2958 3239 3263 3298 temulentis
3288 3247 3369 3294 to-

1748 3378 1749 3381 η
1792 3343 1875 3390 tos
1920 3335 2035 3391 dies
2077 3335 2445 3402 traducentes,
2494 3335 2546 3390 in
2589 3334 2900 3407 magistratu
2939 3344 2995 3390 et
3032 3332 3268 3398 honore,
3312 3331 3366 3386 in

1789 3428 1952 3483 multa
1978 3443 2168 3499 pompa
2212 3438 2266 3484 et
2288 3428 2602 3483 claritudine
2622 3469 2637 3490 ,
2665 3437 2977 3497 peccantes,
3019 3440 3189 3497 neque
3222 3422 3367 3495 quid-

1786 3534 1944 3590 quam
1968 3519 2120 3575 triste
2146 3520 2434 3589 patientes,
2482 3519 2579 3573 hac
2617 3520 2729 3590 ipsa
2754 3519 2821 3574 de
2844 3533 3001 3573 causa
3026 3518 3254 3572 maxime
3281 3515 3366 3571 de-

1789 3610 2011 3666 ﬂeamus
2039 3626 2102 3666 ac
2125 3610 2462 3680 deploremus
2492 3610 2611 3664 illos
2634 3650 2649 3676 ,
2677 3609 2818 3680 quod
2845 3608 2971 3663 dum
3010 3616 3231 3678 peccant
3258 3620 3365 3660 non

1786 3703 2093 3772 puniuntur.
2125 3702 2193 3757 Ut
2218 3703 2360 3757 enim
2388 3702 2432 3755 si
2458 3716 2614 3771 quem
2647 3700 2845 3755 videris
2870 3698 3095 3770 bydropi
3121 3704 3212 3751 aut
3229 3695 3365 3751 vitio

1786 3792 1988 3862 splenis
2012 3792 2320 3855 obnoxium,
2353 3802 2444 3845 aut
2469 3792 2592 3845 tabo
2631 3790 2879 3861 quopiam
2913 3794 3324 3843 marcescentem
3344 3826 3361 3851 ,

1786 3887 2080 3941 innumeris
2118 3885 2351 3956 undique
2395 3884 2609 3954 plenum
2651 3883 2951 3947 ulceribus,
2984 3880 3152 3936 nihilo
3189 3878 3363 3935 secius

1787 3986 1963 4034 tamen
2006 3994 2127 4033 cum
2157 3976 2240 4032 his
2265 3976 2511 4031 omnibus
2529 4016 2545 4043 ,
2593 3974 2915 4031 temulentim
2943 3987 3005 4027 ac
3030 3971 3235 4027 deliciis
3274 3969 3357 4024 in-

1784 4070 2114 4142 dulgentem,
2134 4069 2359 4126 reddere
2385 4069 2629 4124 morbum
2659 4067 2946 4131 acriorem,
2974 4064 3109 4120 adeo
3134 4077 3239 4119 non
3265 4062 3363 4116 mi-

1784 4163 1919 4219 raris
1944 4172 2036 4218 aut
2058 4162 2270 4219 beatum
2290 4160 2497 4232 judicas
2536 4176 2658 4215 eum
2683 4160 2753 4215 ob
2777 4157 2995 4214 delicias
3013 4198 3029 4223 ,
3057 4165 3117 4211 ut
3153 4154 3223 4210 ob
3260 4153 3365 4210 hoc

1783 4255 1956 4327 ipsum
1981 4254 2140 4310 etiam
2179 4253 2409 4310 maxime
2432 4252 2687 4308 miserum
2709 4250 3019 4307 existimes:
3045 4247 3290 4303 similiter
3309 4254 3365 4301 et

1783 4348 1851 4405 de
1879 4349 2055 4404 anima
2077 4348 2325 4420 cogitato.
2358 4347 2459 4404 Ubi
2486 4346 2681 4403 videris
2713 4345 2984 4402 hominem
3012 4357 3265 4414 perverse
3286 4340 3366 4397 vi-

1782 4453 2035 4510 ventem,
2089 4444 2361 4512 multaque
2428 4440 2688 4496 fruentem
2752 4439 3142 4510 prosperitate,
3189 4450 3364 4508 neque

1782 4532 1933 4587 triste
1957 4532 2247 4603 quidquam
2278 4532 2561 4601 patientem
2582 4572 2597 4594 ,
2635 4530 2704 4586 ob
2729 4529 2832 4585 hoc
2860 4530 3033 4599 ipsum
3074 4527 3244 4599 magis
3269 4525 3366 4581 de-

1782 4622 1948 4694 plora,
1981 4622 2121 4693 quod
2167 4637 2289 4676 cum
2332 4621 2520 4676 morbo
2553 4620 2975 4691 gravissimoque
3016 4618 3140 4674 tabo
3167 4618 3238 4674 sit
3275 4618 3366 4673 ob-

1782 4713 1971 4769 noxius
1995 4754 2010 4777 ,
2059 4722 2235 4767 tamen
2275 4711 2510 4767 deterior
2550 4713 2651 4774 sit,
2706 4712 2950 4767 morbum
2979 4711 3185 4767 deliciis
3229 4711 3364 4765 vita-

1781 4820 1886 4875 que
1910 4804 2164 4859 dissoluta
2195 4819 2537 4875 exasperatis.
2567 4804 2681 4859 Non
2709 4806 2850 4859 enim
2876 4804 3048 4875 puniri
3069 4845 3086 4869 ,
3125 4803 3221 4859 sed
3248 4817 3365 4874 pee-

1780 4912 1903 4952 care
1932 4896 2128 4951 malum
2149 4906 2251 4952 est.
2274 4895 2405 4951 Nam
2430 4897 2534 4951 hoc
2554 4895 2765 4966 quidem
2791 4910 2819 4948 a
2844 4895 2954 4950 Deo
2976 4902 3209 4964 separat,
3232 4894 3361 4949 illud

1778 5003 1907 5043 vero
1929 5001 2026 5042 nos
2044 4986 2109 5042 ad
2135 4988 2300 5043 Deum
2322 4987 2602 5056 recolligit,
2637 4987 2879 5055 iramque
2908 4985 3170 5039 dissolvit.
3211 4984 3362 5040 Unde

1781 5078 1882 5132 hoc
1900 5078 2101 5147 liquet?
2137 5077 2274 5133 Audi
2314 5076 2628 5147 prophetam
2664 5076 2929 5131 dicentem
2955 5094 2967 5129 :
2993 5074 3356 5138 Consolamini.

1777 5171 2106 5225 consolamini
2131 5170 2374 5241 populum
2393 5185 2557 5223 meum
2577 5168 2881 5233 sacerdotes,
2896 5168 3158 5238 loquimini
3184 5168 3251 5221 ad
3273 5184 3361 5221 cor

1776 5263 2081 5328 Jerusalem,
2115 5264 2355 5334 quoniam
2401 5262 2592 5333 accepit
2617 5262 2681 5316 de
2711 5278 2866 5315 manu
2900 5260 3108 5315 Domini
3136 5262 3360 5332 duplicia

1777 5365 1979 5429 peccata
1998 5372 2091 5410 sua
2115 5354 2269 5426 (Isai.
2294 5355 2383 5411 40.
2407 5356 2462 5410 1.
2486 5352 2565 5425 2).
2585 5355 2662 5409 Ac
2684 5368 2904 5409 rursus:
2926 5350 3162 5419 Domine,
3185 5371 3358 5425 pacem

1776 5449 1847 5503 da
1885 5449 2028 5504 nobis
2056 5466 2075 5503 :
2104 5466 2224 5503 nam
2244 5450 2412 5504 omnia
2440 5449 2704 5505 reddidisti
2731 5450 2872 5503 nobis
2901 5448 3009 5518 (Id.
3029 5448 3120 5503 26.
3152 5448 3264 5521 12).
3289 5448 3358 5506 Ut

1774 5551 1952 5598 autem
1970 5542 2271 5613 intelligatis
2297 5544 2430 5598 alios
2458 5542 2566 5610 hic,
2597 5542 2731 5597 alios
2755 5542 2861 5597 illic
2880 5542 3074 5612 puniri,
3091 5542 3227 5597 alios
3243 5552 3354 5597 tum

1776 5634 1863 5690 hic
1889 5644 1999 5690 tum
2031 5634 2158 5702 illic,
2188 5635 2368 5691 audite
2395 5635 2520 5706 quid
2557 5635 2685 5691 dicit
2707 5635 2919 5701 Paulus,
2960 5633 3356 5704 reprehendens

1775 5742 1868 5786 eos
1893 5729 1982 5800 qui
2012 5727 2224 5799 indigne
2251 5729 2712 5785 communicabant
2737 5728 3023 5801 mysteriis.
3053 5726 3185 5782 Cum
3206 5726 3352 5782 enim
