3906 6250
484 303 611 360 ‘999

493 425 759 487 .disisset,
797 420 897 489 Qui
922 418 1021 474 edit
1049 432 1108 470 ac
1134 416 1255 468 bibit
1284 413 1490 482 indigne
1518 427 1700 478 corpus
1723 420 1768 464 et
1793 406 2092 478 sanguinem

500 517 747 582 ~‘Domini,
778 531 892 567 reus
916 512 1007 567 erit
1037 509 1264 576 corporis
1289 516 1334 560 et
1360 505 1618 575 sanguinis
1649 500 1836 556 Christi
1865 500 1944 568 (1.
1973 495 2092 551 Cor.

510 610 606 665 "li.
629 607 746 676 27),
776 602 998 672 subjecit
1029 601 1202 654 illico:
1234 596 1359 650 Ideo
1397 596 1528 648 inter
1557 610 1642 647 vos
1670 592 1816 645 multi
1837 588 2028 658 inﬁrmi
2052 596 2097 640 et

518 697 808 760 imbecilles,
841 703 886 748 et
915 692 1170 747 dormiunt
1193 689 1362 742 multi.
1394 685 1594 740 Etenim
1615 685 1656 738 si
1688 700 1778 736 nos
1801 683 1938 751 ipsos
1959 679 2099 743 diiu-

519 794 821 852 dicaremus,
849 802 952 842 non
981 785 1151 853 utique
1183 781 1554 853 judicarcmur.
1587 776 1740 831 Nunc
1782 785 1949 829 autem
1987 789 2100 827 cum

519 883 828 952 iudicamur,
855 895 885 930 α
921 875 1140 930 Domino
1169 873 1490 942 corripimur,
1537 885 1600 922 ne
1628 884 1742 920 cum
1767 865 1953 918 mundo
1977 880 2099 917 con-

519 968 941 1036 demnemurUb.
972 985 1020 1022 v.
1053 964 1267 1036 30-52).
1302 963 1460 1018 Vides
1485 959 1751 1030 quomodo
1780 958 1864 1011 hic
1900 955 2099 1010 inﬂicta

523 1081 680 1138 poma
710 1079 810 1119 nos
833 1063 1022 1117 liberat
1047 1076 1077 1114 ιι
1109 1073 1261 1130 paena
1287 1072 1405 1128 qua:
1452 1055 1559 1110 illic
1593 1053 1708 1108 est?
1736 1051 1799 1106 Et
1827 1052 1893 1104 de
1921 1067 1986 1104 eo
2014 1049 2103 1119 qui

523 1168 769 1228 stuprum
793 1155 1154 1218 commiserat,
1183 1151 1387 1221 inquit:
1412 1146 1624 1202 Tradite
1649 1143 1894 1217 ejusmodi
1943 1141 2106 1197 homi-

523 1265 641 1307 nem
664 1259 857 1306 satana:
885 1249 937 1302 in
963 1247 1218 1300 interitum
1244 1243 1434 1307 carnis,
1453 1251 1515 1294 .ut
1535 1239 1741 1308 spiritus
1765 1237 1932 1291 salvus
1961 1235 2024 1288 sit
2053 1234 2107 1287 in

525 1345 607 1398 die
636 1341 842 1397 Domini
869 1339 1028 1393 nostri
1051 1337 1176 1392 Jesu
1201 1334 1388 1390 Christi
1427 1333 1506 1404 (1.
1541 1330 1662 1385 Cor.
1691 1330 1743 1384 5.
1773 1329 1848 1396 5).
1889 1327 2025 1395 Quin
2053 1334 2107 1380 et

524 1454 590 1492 ex
623 1437 737 1505 ipso
757 1434 960 1489 Lazaro
986 1431 1085 1485 hoc
1102 1428 1436 1499 perSpicuum
1453 1433 1556 1489 est,
1580 1423 1718 1494 quod
1737 1423 1895 1477 etiam
1921 1421 1964 1474 si
1982 1418 2107 1488 quid

529 1529 651 1583 mali
679 1526 1035 1585 commiserat,
1067 1521 1155 1577 hic
1180 1521 1427 1585 abluerit,
1447 1520 1624 1588 itaque
1651 1517 1774 1570 illuc
1791 1529 1948 1584 purus
1966 1514 2111 1566 abic-

529 1622 620 1675 rit.
665 1618 808 1672 Idem
840 1633 967 1670 vero
1005 1625 1058 1670 et
1086 1629 1154 1669 ex
1189 1613 1280 1667 illo
1297 1611 1594 1683 paralytico
1621 1607 1958 1663 manifestum
2003 1614 2106 1671 est,

531 1712 618 1780 qui
646 1711 856 1780 triginta
879 1717 1000 1762 octo
1020 1720 1186 1760 annos
1211 1704 1462 1760 laborans
1489 1700 1816 1760 infirmitate.
1846 1713 1939 1768 per
1965 1713 2110 1750 mor-

533 1803 656 1856 bum
699 1801 1003 1855 diuturuum
1031 1806 1244 1867 peccata
1282 1794 1547 1864 deposuit.
1595 1791 1860 1846 Cmterum
1891 1797 1948 1843 ut
1975 1789 2112 1842 scias

534 1895 682 1948 illum
711 1893 780 1947 ob
806 1901 1016 1962 peccata
1064 1890 1142 1943 sic
1169 1887 1420 1942 afﬂictum
1451 1885 1633 1948 fuisse,
1664 1884 1784 1937 audi
1811 1883 1934 1952 quid
1986 1881 2114 1936 dicit

533 1983 812 2040 Christus:
839 1981 972 2036 Ecce
997 1997 1150 2034 sanus
1181 1979 1346 2050 {actus
1374 1993 1462 2043 es;
1499 1992 1562 2030 ne
1592 1975 1800 2047 posthac
1835 1989 2025 2044 pecces,
2051 1988 2114 2028 ne

533 2075 656 2143 quid
679 2074 938 2144 contingat
962 2071 1048 2126 tibi
1076 2071 1295 2125 deterius
1318 2069 1495 2139 (Joan.
1526 2068 1580 2123 5.
1609 2065 1719 2137 14).
1751 2067 1828 2121 Ex
1851 2065 1932 2120 bis
1955 2065 2114 2136 igitur

534 2165 736 2220 clarum
766 2171 869 2228 est,
892 2177 1011 2217 esse
1037 2159 1295 2231 quosdam
1318 2158 1410 2230 qui
1448 2158 1532 2213 hic
1558 2158 1868 2228 puniuntur,
1896 2170 1960 2211 ac
1986 2169 2115 2227 pec-

537 2267 653 2310 cata
674 2255 966 2325 deponunt.

611 2347 666 2402 6.
689 2345 908 2414 Quidam
922 2346 1034 2399 etin
1060 2344 1154 2398 hoc
1179 2352 1226 2397 et
1246 2343 1298 2396 in
1325 2342 1485 2396 altera
1505 2342 1688 2395 sceculo
1721 2340 2020 2410 puniuntur.
2045 2369 2119 2381 —-

540 2436 691 2506 Quod
719 2447 896 2490 autem
925 2433 1090 2504 aliqui
1130 2443 1240 2489 tum
1281 2433 1365 2486 hic
1389 2473 1403 2496 ,
1437 2439 1547 2485 tum
1578 2429 1687 2485 illic
1727 2430 2008 2500 puniantur
2028 2469 2044 2495 ,
2073 2429 2120 2485 si

545 2528 718 2582 minus
744 2537 851 2598 pro
885 2533 1218 2595 peccatorum
1264 2521 1624 2593 magnitudine
1653 2521 1738 2576 hic
1780 2521 1976 2577 luerint
2005 2533 2120 2590 pm-

542 2635 639 2675 nns
662 2663 677 2685 ,
699 2618 820 2674 audi
862 2618 986 2689 quid
1016 2617 1083 2672 de
1111 2616 1400 2672 Sodotnitis
1431 2615 1572 2669 dicat
1609 2615 1848 2669 Christus
1881 2632 1894 2668 :
1925 2614 2122 2670 etenim

543 2727 662 2766 cmn
693 2710 937 2777 dixisset,
969 2709 1279 2776 Quicumque
1305 2724 1403 2762 non
1425 2707 1664 2776 receperit
1694 2723 1798 2770 vos,
1829 2707 1975 2760 etiam
2005 2705 2123 2777 pul-

543 2819 701 2859 verem
734 2801 914 2871 pedum
934 2811 1207 2855 vestrorum
1229 2800 1282 2853 in
1312 2817 1394 2853 eos
1420 2800 1633 2854 exattite
1659 2799 1808 2870 (Luc.
1831 2799 1885 2854 9.
1909 2799 1986 2870 5),
2010 2799 2126 2855 sub-

543 2893 710 2962 junin
735 2907 752 2942 :
774 2889 1104 2945 Tolerabilius
1142 2889 1236 2942 erit
1278 2899 1423 2943 terrae
1465 2888 1802 2943 Sodomorum
1836 2898 1882 2944 et
1909 2888 2123 2943 Gomor-

545 2987 672 3046 rhte,
701 3000 850 3054 quam
875 2982 1063 3037 civitati
1105 2981 1182 3036 illi
1217 2981 1326 3051 (Id.
1353 2981 1439 3038 10.
1473 2981 1583 3052 12).
1613 2981 1763 3048 Quod
1789 2991 1964 3038 autem
1993 2982 2128 3039 dixit

549 3074 874 3138 tolerabilius,
901 3072 1044 3128 hunc
1067 3072 1228 3128 habet
1247 3087 1483 3139 sensum,
1505 3073 1647 3143 quod
1673 3072 1746 3127 illi
1769 3083 1878 3128 tum
1894 3088 2124 3144 quoque,

551 3166 758 3221 tametsi
801 3164 1008 3228 levius.
1060 3165 1235 3220 forent
1285 3165 1534 3236 puniendi
1558 3165 2034 3241 ,quandoquidem
2073 3168 2130 3222 in

553 3256 654 3310 hac
684 3255 788 3309 vita
819 3255 1080 3311 dederunt
1106 3269 1312 3326 ptenas.
1345 3256 1518 3311 Porro
1559 3255 1847 3312 nonnullos
1886 3268 2006 3313 esse
2040 3259 2130 3329 qui

554 3346 641 3400 hic
665 3345 877 3415 quidem
917 3346 1048 3400 nihil
1095 3347 1306 3402 molesti
1347 3347 1620 3417 patiuntur
1644 3388 1660 3412 ,
1687 3347 1784 3403 sed
1828 3347 1935 3404 illic
1965 3357 2130 3405 totam

555 3446 861 3508 exspectant
886 3438 1173 3511 ultionem,
1203 3435 1494 3494 declaravit
1535 3438 1688 3495 nobis
1714 3439 1801 3495 hic
1834 3439 2133 3508 dives,'in-

556 3529 857 3584 evitabilem
887 3530 994 3585 illic
1021 3531 1292 3600 perferens
1331 3532 1645 3598 cruciatum,
1669 3545 1734 3586 ac
1759 3545 1827 3587 ne
1856 3531 2131 3588 minimum

557 3625 770 3696 quidem
822 3626 1082 3697 refrigerii
1110 3634 1465 3696 consequens
1494 3667 1509 3693 ,
1535 3642 1600 3682 eo
1625 3626 1767 3698 quod
1795 3626 1903 3682 illic
1930 3629 1980 3683 ei
2025 3636 2135 3684 tota

559 3715 786 3771 vindicta
811 3715 967 3772 fuerit
992 3725 1285 3772 reservata.
1311 3716 1770 3783 Quemadmodum
1800 3718 1960 3788 igitur
1990 3719 2041 3773 in
2070 3718 2136 3774 iis

558 3811 646 3879 qui
671 3820 907 3879 peccant,
939 3809 972 3864 ii
1000 3809 1091 3880 qui
1118 3807 1249 3864 nihil
1279 3807 1365 3864 hic
1384 3809 1562 3864 acerbi
1585 3809 1873 3879 patiuntur,
1901 3809 2007 3864 illic
2025 3825 2136 3865 ma-

561 3903 733 3971 jorem
763 3903 1025 3957 sustinent
1065 3901 1355 3957 cruciatum
1380 3919 1394 3956 :
1419 3902 1496 3957 sic
1537 3900 1676 3958 inter
1717 3915 1812 3958 eos
1853 3903 1944 3972 qui
1995 3912 2138 3957 recte

540 3993 780 4058 faciunt,
807 3996 895 4064 qui
923 3996 1090 4049 multa
1119 3995 1390 4065 patiuntur
1415 3995 1471 4049 in
1500 3994 1600 4050 hac
1624 3994 1732 4050 vita
1757 3995 2003 4062 molesta,
2033 3995 2140 4050 illic

566 4085 731 4139 multo
759 4087 1028 4155 patientur
1053 4081 1373 4140 honore.'El
1400 4084 1844 4156 quemadmodum
1865 4087 1918 4140 si
1945 4103 1974 4140 e
2001 4085 2140 4140 duo-

572 4175 674 4230 bus
698 4176 1064 4246 peccatoribus
1083 4191 1220 4231 unus
1240 4175 1329 4231 hic
1356 4177 1626 4247 puniatur,
1645 4177 1790 4232 alter
1815 4191 1918 4232 non
1951 4177 2139 4246 punia-

540 4273 670 4330 tur,
694 4266 896 4321 beatior
913 4276 996 4322 est
1023 4267 1113 4322 ille
1135 4269 1348 4338 punitus
1365 4282 1432 4323 eo
1455 4269 1542 4338 qui
1569 4268 1781 4337 punitus
1795 4275 1898 4321 non
1928 4278 2010 4322 est
2035 4265 2142 4323 :sic

558 4357 702 4412 ‘sa'ne
749 4357 886 4413 inter
929 4357 1064 4413 duos
1087 4357 1280 4427 justos,
1303 4359 1348 4412 si
1374 4358 1510 4414 alter
1521 4357 1615 4414 hic
1643 4359 1780 4428 plus,
1807 4358 1948 4412 alter
1967 4359 2144 4414 minus

565 4447 1230 4521 pertuleritafﬁictionum,
1259 4449 1463 4504 beatior
1487 4449 1590 4503 erit
1633 4448 1724 4503 ille
1769 4447 1856 4518 qui
1886 4447 2004 4518 plus
2027 4463 2144 4504 sus-

565 4542 802 4608 tinuerit,
847 4541 1057 4613 quando
1091 4542 1372 4614 unicuique
1411 4541 1596 4598 reddet
1636 4541 1786 4612 juxta
1838 4547 2002 4612 opera
2047 4555 2145 4596 sua

565 4633 781 4704 (Matth.
807 4634 1031 4706 16.27).

533 4721 536 4725 '
637 4723 736 4776 Aut
781 4724 863 4777 hic
907 4733 994 4777 aut
1046 4723 1099 4778 in
1139 4727 1311 4796 futuro
1349 4723 1658 4795 patiendum.
1683 4753 1754 4764 —
1781 4723 1917 4793 Quid
1948 4724 2146 4795 igitur?

557 4819 687 4875 ﬁcu
716 4830 799 4875 est
824 4820 1084 4890 quispiam
1103 4859 1120 4886 ,
1152 4819 1359 4889 inquies
1383 4859 1398 4886 ,
1423 4819 1512 4889 qui
1542 4827 1596 4874 et
1619 4819 1705 4873 hic
1742 4827 1798 4874 et
1833 4818 1939 4872 illic
1965 4819 2148 4888 requie

555 4912 978 4966 'l‘ruatur?lstud
1028 4910 1353 4980 impossibile
1411 4919 1590 4976 est,o
1638 4909 1797 4965 homo
1829 4951 1844 4977 ,
1874 4918 2033 4981 atque
2081 4924 2147 4964 ex

567 5017 750 5059 eorum
769 5016 990 5057 numero
1015 5017 1133 5073 quae
1154 4999 1350 5057 frustra
1377 5013 1578 5070 speres.
1605 4999 1742 5056 Fieri
1763 5001 1902 5055 enim
1924 5015 2028 5053 nun
2052 5014 2149 5068 po-

571 5106 694 5160 test,
722 5109 826 5150 non
861 5103 1036 5166 potest
1061 5097 1278 5166 inquam
1297 5133 1312 5159 ,
1339 5101 1397 5147 ut
1417 5093 1505 5162 qui
1529 5091 1616 5148 hic
1639 5093 1693 5146 in
1721 5091 1964 5146 socordia
1995 5105 2149 5146 secu-

569 5191 834 5260 ritateque
859 5188 1067 5254 vixerit,
1099 5188 1190 5259 qui
1216 5188 1268 5241 in
1299 5186 1506 5246 deliciis
1531 5185 1778 5240 omnibus
1797 5183 2009 5238 assidue
2034 5183 2150 5239 dies

571 5281 980 5351 consumpserit,
994 5281 1092 5351 qui
1106 5288 1311 5336 temere
1331 5279 1672 5349 neglecteque
1695 5277 2010 5346 transegerit
2025 5285 2151 5331 teta—

575 5381 683 5434 tem
708 5413 725 5440 ,
752 5373 858 5428 illic
885 5373 1140 5426 honorem
1164 5380 1538 5441 consequatur.
1568 5370 1698 5423 Nam
1738 5369 1837 5423 etsi
1867 5377 2150 5439 paupertas

574 5467 620 5520 ei
651 5483 754 5520 non
774 5468 841 5521 sit
873 5467 1111 5532 molesta,
1141 5463 1400 5534 Cupiditas
1429 5472 1605 5518 tamen
1627 5461 1846 5516 molesta
1866 5471 1967 5524 est,
1996 5469 2153 5530 atque

578 5555 700 5611 huic
725 5558 985 5612 obnoxius
1013 5566 1094 5612 est
1121 5575 1134 5612 :
1162 5571 1264 5612 nec
1284 5555 1408 5609 hinc
1425 5553 1710 5609 mediocris
1735 5552 1909 5607 labor.
1932 5551 2083 5617 Quod
2108 5551 2155 5607 si

577 5651 792 5705 morbus
825 5665 928 5702 nou
953 5646 1186 5715 infestat,
1211 5646 1306 5703 sed
1330 5633 1622 5702 inflammat
1644 5645 1719 5699 ira
1743 5685 1758 5710 ,
1776 5658 1850 5698 ne
1875 5643 1917 5696 is
1942 5642 2154 5712 quidem

578 5743 862 5799 Illetitou'ls
889 5741 1039 5797 dolor
1073 5741 1286 5797 vincere
1315 5737 1636 5795 iracundiam
1663 5755 1676 5792 :
1702 5736 1803 5795 etsi
1840 5733 2156 5792 afﬂictiones

1223 301 1278 356 S.
1319 295 1599 354 JOANNIS
1635 287 2113 350 CIIRYSOSTOMI
2150 288 2474 346 ARCHIEP.
2513 291 3049 352 CONSTANTINOP.

3663 307 3797 363 ηοω

2200 419 2304 458 non
2333 404 2635 476 irruperint,
2663 418 2840 464 tamen
2874 413 3223 481 cogitationes
3248 415 3400 471 mala:
3427 419 3800 477 indesinenter

2203 493 2492 567 insurgunt.
2523 499 2636 554 Non
2681 511 2761 555 est
2798 513 2975 557 autem
3006 505 3238 576 vulgaris
3279 511 3475 578 negmii
3523 513 3801 571 refrenare

2199 587 2484 644 absurdam
2510 592 2885 660 cupiditatem,
2909 595 3160 652 cohibere
3194 598 3336 652 sitim
3368 601 3551 655 iuauis
3578 604 3795 673 glorize.

2199 695 2452 738 coercere
2481 683 2672 738 fastum
2692 728 2707 751 ,
2743 701 2775 740 a
2801 687 3008 743 deliciis
3031 698 3328 760 temperate
3347 735 3362 759 ,
3393 694 3446 747 iu
3475 709 3678 764 aSpera
3708 700 3789 752 de-

2203 785 2328 839 gere
2367 771 2668 842 disciplina.
2698 775 2828 832 Nam
2858 779 2946 848 qui
2983 779 3082 834 ista
3132 795 3236 835 non
3277 781 3502 844 fecerit.
3533 787 3655 840 fieri
3700 804 3800 841 non

2205 871 2380 930 potest
2410 873 2467 917 ut
2491 881 2738 934 umquam
2766 869 2946 922 salvus
2974 869 3081 923 ﬂat.
3109 871 3177 927 Ut
3201 882 3374 927 autem
3408 877 3691 945 intelligas
3727 881 3800 929 vi-

2203 963 2389 1006 ventes
2417 954 2467 1007 iu
2489 954 2712 1015 deliciis.
2735 974 2838 1011 non
2857 959 2969 1013 ﬂeri
2993 961 3188 1025 salvos,
3213 964 3334 1016 audi
3364 965 3491 1032 quid
3515 967 3592 1018 de
3617 967 3802 1021 mulie-

2203 1057 2266 1097 re
2288 1043 2449 1099 vidua
2479 1045 2607 1100 dicit
2631 1047 2826 1103 Paulus
2853 1066 2869 1104 :
2902 1050 3028 1114 Qua:
3047 1069 3159 1105 vero
3179 1055 3229 1106 in
3261 1055 3452 1108 deliciis
3478 1058 3626 1121 vivit,
3645 1059 3804 1111 virens

2203 1146 2406 1188 mortua
2435 1145 2505 1189 est
2529 1138 2606 1206 (1.
2638 1137 2774 1194 Tim.
2802 1141 2854 1195 5.
2885 1141 2963 1214 6).
2992 1142 3144 1209 Quod
3183 1146 3225 1197 si
3256 1145 3321 1198 de
3348 1147 3581 1201 muliere
3603 1149 3709 1201 hoc
3732 1149 3805 1201 di-

2208 1236 2350 1281 ctum
2380 1237 2463 1282 est
2484 1269 2499 1292 ,
2523 1231 2690 1284 multo
2716 1233 2882 1302 magis
2923 1233 2990 1288 de
3017 1235 3128 1286 viro
3154 1234 3436 1289 dicendum
3468 1278 3483 1300 ,
3517 1248 3802 1306 promere:

2210 1335 2314 1372 nou
2340 1335 2498 1393 posse
2531 1321 2644 1375 ﬂeri
2674 1333 2730 1376 ut
2753 1322 2911 1378 homo
2946 1325 3034 1394 qui
3066 1327 3222 1379 talem
3250 1328 3374 1380 vivit
3404 1328 3573 1380 vitam
3600 1370 3616 1391 ,
3639 1328 3802 1397 adipi.
3880 1327 3881 1397 γ

2209 1421 2388 1466 scatur
2416 1414 2594 1466 caelos.
2630 1413 2740 1468 Iloc
2785 1417 2958 1483 ipsum
2986 1424 3040 1472 et
3076 1416 3317 1472 Christus
3341 1419 3641 1474 declaravit
3668 1421 3803 1475 hunc

2212 1503 2262 1555 iu
2285 1504 2499 1558 modum
2522 1505 2741 1572 loquens
2766 1521 2781 1558 :
2804 1505 3032 1575 Angusta
3063 1517 3108 1561 et
3133 1519 3276 1560 arcta
3301 1520 3372 1561 est
3400 1511 3504 1576 via,
3521 1527 3647 1578 qua:
3675 1512 3806 1564 ducit
3880 1511 3881 1578 ᾗ

2211 1595 2278 1648 ad
2303 1597 2472 1659 vitam,
2489 1605 2534 1650 et
2550 1597 2699 1665 pauci
2722 1607 2838 1650 sunt
2861 1599 2946 1664 qui
2975 1599 3228 1652 inveniunt
3256 1615 3363 1652 eam
3383 1599 3605 1669 (Matth.
3623 1603 3682 1654 7.
3700 1603 3802 1673 11).

2297 1685 2387 1740 Via
2414 1686 2621 1741 Domini
2658 1688 2908 1754 quomodo
2933 1705 3111 1757 aspera
3131 1700 3177 1743 et
3204 1707 3306 1743 non
3331 1707 3536 1759 aspera.
3572 1721 3651 1733 --
3671 1692 3804 1758 Quo-

2215 1777 2376 1833 modo
2426 1778 2620 1849 igitur,
2651 1779 2846 1834 dixerit
2869 1779 3079 1850 aliquis,
3107 1781 3304 1835 dictum
3330 1790 3412 1836 est
3434 1782 3594 1849 illud,
3620 1780 3805 1854 Jugu—

2213 1885 2380 1923 meum
2415 1885 2565 1923 suave
2588 1879 2660 1923 est
2683 1911 2697 1936 ,
2718 1879 2765 1923 et
2791 1886 2918 1925 unus
2946 1887 3109 1925 meum
3137 1872 3239 1926 leve
3263 1873 3283 1941 (
3305 1871 3492 1926 Matth.
3520 1875 3619 1928 11.
3665 1873 3806 1944 50)?

2214 1960 2345 2016 Nam
2383 1962 2428 2016 si
2457 1971 2679 2032 angusta
2703 1970 2787 2017 est
2821 1963 2906 2016 via
2939 1971 2994 2018 et
3034 1977 3253 2032 aspera,
3281 1965 3559 2032 quomodo
3597 1980 3802 2019 rursum

2216 2066 2334 2107 eam
2381 2052 2550 2107 levem
2596 2051 2917 2124 facilemque
2939 2053 3134 2109 vocat?
3161 2053 3295 2108 Illud
3344 2053 3564 2124 quidem
3605 2055 3806 2110 dictum

2217 2153 2302 2199 est
2345 2154 2564 2214 propter
2607 2152 2850 2198 naturam
2891 2143 3235 2199 aﬂlictionum
3257 2184 3271 2208 ,
3302 2143 3403 2198 hoc
3430 2159 3565 2199 vero
3599 2155 3807 2216 propter

2219 2246 2569 2306 spontaneum
2599 2237 2932 2292 voluntatem
2961 2236 3290 2291 adeuntium.
3323 2235 3458 2291 Nam
3489 2237 3614 2292 fieri
3643 2248 3806 2307 potest

2220 2337 2280 2382 ut
2299 2327 2440 2398 quod
2465 2335 2652 2382 natura
2677 2337 2761 2383 est
2784 2327 3137 2392 intolerabile,
3161 2327 3380 2392 sitleve,
3397 2329 3441 2382 si
3465 2342 3594 2382 cum
3625 2329 3806 2382 alacri-

2223 2429 2331 2476 tate
2373 2419 2541 2475 animi
2585 2421 2975 2492 suscipiamus:
3005 2420 3450 2490 quemadmodum
3489 2430 3543 2474 et
3588 2423 3805 2489 apostoit

2222 2515 2401 2586 ﬂagris
2426 2515 2549 2570 caesi
2572 2515 2774 2569 reversi
2799 2522 2927 2567 sunt
2953 2511 3264 2582 gaudentes,
3292 2511 3431 2580 quod
3458 2511 3610 2582 digni
3641 2522 3808 2566 essent

2225 2609 2388 2664 habiti
2415 2624 2510 2679 pro
2530 2608 2744 2662 nomine
2763 2607 2969 2661 Domini
2997 2605 3278 2676 ignominia
3297 2605 3433 2659 affici
3458 2604 3605 2673 (Act.
3625 2605 3680 2659 5.
3705 2606 3809 2671 ill.

2225 2700 2556 2769 Quamquam
2583 2707 2768 2752 natura
2795 2697 3124 2751 cruciatuum
3167 2694 3508 2749 alﬂictionem
3545 2694 3808 2749 dolorem-

2226 2808 2328 2862 que
2349 2792 2483 2846 solet
2499 2792 2737 2862 gignere,
2752 2804 2934 2853 verum
2957 2789 3165 2843 animus
3191 2799 3469 2858 promptus
3495 2803 3710 2849 eorum),
3729 2791 3808 2854 qui

2229 2883 2651 2952 ﬂagellabautur,
2681 2896 2859 2936 rerum
2891 2889 3132 2934 naturam
3165 2879 3308 2934 vicit.
3338 2879 3576 2934 Proinde
3605 2891 3663 2934 et
3689 2881 3810 2933 I‘au—

2230 2973 2314 3028 Ius
2337 2974 2503 3040 dicit,
2529 2971 2715 3028 Omnes
2753 2973 2838 3043 qui
2863 2971 3033 3025 volunt
3063 2972 3143 3040 pie
3167 2971 3326 3024 vivere
3364 2970 3418 3024 in
3463 2970 3670 3024 Clu-isto
3697 2970 3812 3023 Iesu
3880 2987 3881 3043 ᾗ

2231 3071 2662 3138 persequuttonem
2692 3065 2946 3134 patientur
2972 3061 3048 3136 (2.
3075 3061 3210 3117 Tim.
3237 3063 3291 3118 '5.
3321 3052 3433 3135 i2).
3457 3061 3534 3118 Et
3571 3065 3616 3116 si
3663 3062 3812 3116 homo

2230 3174 2336 3213 non
2384 3166 2769 3228 persequatur,
2823 3155 3068 3211 diabolus
3111 3165 3287 3211 tamen
3331 3164 3639 3225 oppugnat.
3676 3153 3814 3210 Umie

2233 3251 2396 3304 multa
2424 3251 2578 3305 nobis
2603 3264 2734 3320 opus
2759 3258 2843 3304 est
2867 3247 3200 3318 phil050phia
3225 3289 3241 3314 ,
3272 3237 3779 3302 multa'furtitudine
3800 3287 3813 3310 ,

2235 3349 2292 3395 ut
2321 3341 2375 3395 in
2404 3340 2652 3411 precibus
2676 3339 2952 3410 vigilemus
2970 3381 2986 3408 ,
3011 3352 3112 3394 nec
3141 3351 3389 3408 umquam
3415 3337 3777 3393 donnitemus
3800 3378 3815 3400 ,

2235 3447 2304 3488 ne
2355 3447 2443 3488 res
2487 3431 2689 3486 alienas
2731 3431 3166 3502 concupiscamus
3195 3439 3291 3485 :‘ut
3326 3444 3447 3500 qua:
3507 3430 3744 3496 adsunt,
3771 3430 3816 3482 in

2235 3538 2432 3594 egenos
2470 3522 2885 3590 distribuamus,
2909 3531 2969 3577 ut
3008 3522 3254 3578 omnibus
3278 3520 3488 3576 deliciis
3509 3521 3638 3576 vale
3679 3521 3816 3574 dics-
3880 3577 3881 3580 η

2236 3628 2377 3680 mus,
2406 3628 2471 3670 ac
2489 3614 2731 3668 nuntium
2752 3613 3104 3679 remittamus,
3133 3621 3244 3667 tum
3268 3611 3333 3667 iis
3357 3625 3479 3681 qua:
3504 3621 3636 3666 sunt
3656 3611 3708 3664 iu
3731 3626 3815 3663 rc-

2237 3706 2427 3770 stibus,
2458 3714 2567 3760 tum
2595 3705 2660 3760 iis
2676 3721 2795 3775 qua:
2818 3713 2941 3760 sunt
2962 3704 3014 3758 iu
3044 3718 3248 3770 mensa,
3265 3710 3326 3758 ut
3347 3701 3641 3757 avaritiam
3665 3701 3816 3771 iugi:-

2238 3815 2358 3856 mus
2383 3841 2398 3866 ,
2428 3807 2487 3854 ut
2534 3798 2844 3854 ebrietatem
2873 3839 2889 3865 ,
2915 3806 2975 3851 ut
3019 3794 3444 3850 maledicentiam
3471 3795 3741 3857 vitemus,
3770 3802 3818 3845 ut

2221 3892 2432 3963 lingua:
2463 3900 2840 3961 temperemus,
2869 3903 3044 3960 neque
3068 3887 3422 3943 vociferemur
3446 3886 3816 3956 incomposite,

2243 3985 2448 4058 (Omnis
2471 3985 2603 4039 enim
2627 3983 2962 4037 amat-utentia
2989 4023 3004 4047 ,
3036 3981 3298 4036 commotio
3317 4021 3334 4047 ,
3366 3989 3416 4033 et
3439 3979 3714 4034 iracundia
3737 4023 3752 4044 ,
3781 3991 3818 4032 et

2242 4079 2434 4132 clamor
2456 4118 2472 4145 ,
2494 4086 2540 4130 et
2577 4077 2886 4146 blasphemia
2922 4075 3129 4129 tollatur
3154 4090 3186 4126 a
3205 4072 3339 4126 vobis
3360 4070 3591 4144 lEphes.
3613 4073 3668 4127 4.
3693 4071 3814 4142 3111.

2225 4169 2322 4228 'Ne
2345 4171 2573 4225 obscena
2602 4169 2878 4238 loquamur
2898 4207 2911 4231 ,
2935 4181 3002 4220 ne
3033 4165 3188 4220 dictis
3221 4163 3440 4218 urbanis
3474 4163 3818 4218 delectatum.

2225 4259 2359 4317 ‘Non
2402 4269 2484 4317 est
2523 4260 2808 4315 mediocris
2838 4258 3033 4313 laboris
3061 4257 3111 4311 in
3141 4255 3222 4310 bis
3247 4255 3542 4324 perfectam
3574 4265 3818 4323 pra-stare

2246 4353 2556 4410 custodiam.
2582 4352 2756 4421 Atque
2777 4358 2832 4405 ut
2859 4349 3120 4419 intelligas
3147 4355 3338 4416 quanta
3366 4361 3460 4400 res
3498 4346 3572 4400 sit
3606 4345 3819 4416 philoso-

2248 4445 2399 4516 phari
2425 4485 2440 4510 ,
2467 4458 2733 4514 quamque
2758 4456 2862 4496 non
2886 4441 3081 4496 habeat
3099 4439 3482 4494 relaxationem
3505 4480 3523 4502 ,
3551 4439 3678 4492 audi
3713 4437 3819 4507 quid

2248 4534 2376 4592 dicit
2401 4535 2592 4590 Paulus
2617 4552 2628 4587 :
2651 4532 2852 4603 Castigo
2868 4547 3052 4602 corpus
3065 4547 3251 4598 meum,
3271 4539 3316 4582 et
3335 4529 3389 4582 in
3409 4530 3706 4583 seruitutem
3724 4530 3820 4581 rd.

2247 4621 2331 4691 igo
2347 4621 2421 4690 (1.
2445 4618 2564 4672 Cor.
2609 4617 2660 4674 9.
2681 4617 2778 4686 ‘27)
2803 4634 2815 4671 :
2839 4616 2940 4671 hoc
2964 4615 3148 4670 dicens
3171 4613 3395 4684 aperuit,
3414 4623 3621 4684 quanta
3638 4615 3706 4669 sit
3722 4615 3820 4666 τῆο-

2251 4713 2430 4778 lentia,
2457 4719 2788 4782 quantusque
2817 4708 2988 4774 labor,
3010 4721 3168 4778 quem
3188 4714 3400 4775 oportet
3425 4706 3700 4759 sustinere
3722 4717 3819 4765 ωε..

2251 4807 2338 4876 qui
2363 4803 2543 4859 volunt
2581 4816 2774 4870 corpus
2803 4799 3028 4855 reddere
3072 4799 3124 4852 in
3155 4797 3402 4852 omnibus
3423 4797 3732 4866 subjectum
3772 4811 3821 4848 ac
3880 4797 3881 4862 ἦ

2252 4895 2546 4951 tractabile.
2587 4893 2726 4961 Quin
2765 4903 2821 4947 et
2838 4891 3086 4947 Christus
3114 4888 3384 4958 discipulis
3399 4888 3483 4941 ait
3515 4906 3534 4942 ξ
3565 4888 3629 4941 In
3655 4887 3819 4940 inuade

2253 5003 2538 5059 pressuram
2591 4985 2828 5039 habebitis
2858 5025 2873 5051 ,
2909 4983 2997 5036 sed
3037 4981 3294 5050 conﬁdite,
3320 4995 3413 5050 ego
3453 4981 3560 5033 vici
3601 4981 3819 5033 mundun
3880 4983 3881 5010 ξ

2255 5081 2431 5152 (Joan.
2460 5080 2547 5135 16.
2593 5079 2708 5149 55).
2735 5077 2881 5141 Hzec,
2910 5075 3113 5145 inquit,
3141 5071 3357 5126 afﬂictio
3407 5073 3658 5140 requiem
3696 5069 3818 5122 vobis

2253 5172 2576 5229 conciliabit.
2600 5169 2959 5226 Certaminum
2976 5175 3059 5221 est
3073 5179 3231 5220 arena
3250 5173 3484 5233 praesens
3509 5163 3621 5216 vita
3653 5180 3668 5215 :
3691 5175 3817 5229 petra

2247 5267 2308 5321 in
2339 5264 2713 5321 certaminibus
2742 5276 2897 5317 nemo
2915 5267 3093 5329 potest
3118 5256 3220 5311 frui
3241 5254 3423 5324 requie
3441 5253 3540 5324 qui
3585 5265 3819 5308 coronan-

2257 5357 2357 5413 dus
2383 5357 2470 5412 sit.
2499 5357 2679 5426 Itaque
2699 5352 2936 5424 qui-velit
2961 5349 3228 5413 coronari,
3251 5360 3497 5416 asperam
3521 5360 3590 5402 ac
3609 5347 3818 5401 labet-io.

2257 5462 2372 5503 sam
2385 5448 2549 5501 vitam
2572 5444 2845 5513 suscipiat,
2864 5451 2921 5496 ut
2942 5447 3218 5512 postquam
3245 5435 3330 5490 hic
3355 5435 3584 5492 brevem
3610 5436 3816 5490 laborem

2261 5539 2593 5606 sustinuerit,
2617 5537 2726 5592 illic
2745 5535 3017 5606 perpetuis
3043 5530 3332 5588 honoribus
3349 5528 3586 5583 fruatur.

2332 5634 2385 5688 7.
2423 5632 2563 5701 Quot
2606 5629 2824 5700 singulis
2852 5626 3039 5683 diebus
3064 5624 3304 5678 accidunt
3328 5621 3635 5676 molestia?
3659 5617 3814 5687 Qtnlis

2262 5739 2440 5788 autem
2475 5733 2559 5782 est
2585 5719 2788 5788 animi,
2814 5735 2920 5776 non
2946 5713 3244 5787 indignari,
3273 5726 3378 5770 non
3405 5711 3640 5769 moleste
3674 5707 3811 5762 lem.
