3906 6244
36 430 154 488 999

49 1043 298 1097 ἱκανοί.
336 1043 407 1096 El
430 1040 541 1112 γὰρ
564 1038 821 1104 ἑαυτοὺς
838 1038 1176 1105 ἐκρίνομεν,
1205 1034 1318 1088 οὐκ
1344 1030 1421 1085 ἂν
1438 1030 1673 1098 ἐκρινό-

44 1130 240 1196 μεθα·
308 1126 430 1182 νῦν
469 1123 539 1177 δὲ
576 1124 919 1191 κρινόμενοι
962 1118 1082 1175 ὑπὸ
1122 1116 1230 1171 τοῦ
1263 1114 1521 1196 Κυρίου,
1540 1127 1675 1165 παι·

51 1195 398 1280 δευόμεθιι,
440 1210 542 1262 ἵνα
579 1207 666 1279 μὴ
709 1206 833 1260 σὺν
866 1205 945 1270 τῷ
974 1205 1180 1272 κόσμῳ
1209 1195 1673 1267 κατακριθῶμεν.

64 1297 251 1368 Ὁρᾷς
298 1294 419 1357 πῶς
463 1294 496 1363 ἡ
539 1289 778 1345 ἐνταῦθα
824 1287 1046 1351 κόλασις
1084 1282 1383 1356 ἐξαρπάζει
1417 1281 1517 1352 τῆς
1561 1280 1679 1333 ἐκεῖ

51 1364 358 1451 τιμώρίας
387 1378 569 1448 ἠμᾶς;
610 1375 720 1429 Καὶ
749 1373 878 1444 περὶ
903 1372 997 1425 τοῦ
1022 1368 1457 1442 πεπορνευκότος
1482 1364 1539 1419 δέ
1574 1381 1679 1433 φηο

52 1482 137 1519 σι’
157 1463 486 1533 Παράδοτε
507 1460 613 1516 τὸν
638 1459 913 1514 τοιοῦτον
939 1456 1020 1523 τῷ
1047 1452 1283 1521 Σατανᾷ
1307 1456 1394 1522 εὶς
1428 1452 1680 1533 ὀλεθρον

53 1546 177 1615 τῆς
217 1532 484 1614 σαρκὸς,
525 1545 627 1597 ἵνα
668 1542 735 1596 τὸ
770 1542 1009 1611 πνεῦμα
1058 1538 1227 1606 σωθῇ
1272 1538 1343 1591 ἐν
1384 1534 1459 1604 τῇ
1486 1532 1680 1615 ἡμέρα

55 1613 175 1685 τοῦ
226 1613 462 1697 Κύρίου
508 1625 680 1697 ἡμῶν
720 1624 928 1693 Ἰησοῦ
969 1622 1249 1693 Χριστοῦ.
1288 1619 1397 1675 Καὶ⁸
1436 1616 1544 1672 ἀπὸ
1581 1613 1677 1669 τοῦ

57 1716 346 1787 Λαζάρου
391 1714 447 1767 δὲ
492 1715 651 1766 τοῦτο
680 1710 860 1780 δῆλον,
902 1708 984 1762 ὅτι
1027 1709 1081 1760 εί
1105 1725 1158 1759 τι
1191 1706 1363 1760 κακὸν
1400 1702 1676 1787 ἐποίησεν,

58 1799 327 1852 ἐνταῦθα
370 1796 529 1851 τοῦτο
572 1793 1002 1863 ἀπονιψάμενος,
1062 1789 1236 1853 οὑτως
1286 1786 1527 1855 ἀπῆλθεν
1565 1786 1682 1838 ἐκεῖ

385 1882 481 1935 καὶ
510 1880 622 1934 ἀπὸ
659 1878 755 1933 τοῦ
800 1876 1249 1947 παραλελυμένου
1286 1873 1345 1927 δὲ
1377 1870 1535 1925 τοῦτό
1563 1871 1679 1923 ἐστι

58 1954 260 2039 δῆλον,
291 1968 356 2033 ὃς
391 1968 692 2038 τριάκοντα
721 1962 818 2019 κα)⁵
840 1960 987 2016 ὀκτὼ
1021 1959 1116 2030 ἔτη
1152 1959 1291 2029 έχων
1325 1959 1385 2011 ἐν
1413 1959 1481 2027 τῇ
1518 1954 1681 2010 ἀσθε-

60 2053 217 2121 νείᾳ,
267 2050 363 2107 διὰ
397 2048 495 2103 τοῦ
529 2050 739 2120 μήκους
769 2047 869 2118 τῆς
907 2042 1223 2118 ἀρρωστίας
1268 2042 1363 2094 καὶ
1393 2040 1465 2094 τὰ
1502 2039 1683 2108 ἁμαρ-

63 2120 311 2208 τήματα
367 2134 624 2187 ἀπέθετο.
686 2133 809 2186 Ὀτι
870 2130 928 2184 δὲ
971 2128 1033 2194 ἐξ
1080 2126 1494 2208 ἁμαρτημάτων
1538 2120 1685 2208 οὑτω

61 2203 344 2282 διέκειτο,
383 2218 614 2271 ἄκουσον
658 2215 711 2269 τί
749 2232 914 2288 φησιν
951 2216 980 2267 6
1022 2209 1277 2283 Χριστός·
1330 2207 1475 2272 Ἴδε,
1505 2203 1683 2275 ὑγιὴς

64 2303 364 2374 γέγονας·
392 2300 608 2371 μηκέτι
648 2299 970 2369 ἁμάρτανε,
1005 2298 1108 2351 ἵνα
1133 2294 1219 2365 μὴ
1250 2292 1454 2362 χεῖρόν
1484 2290 1547 2374 τί
1585 2304 1684 2342 σοι

67 2388 357 2457 γένηται.
390 2387 513 2439 Ὅτι
554 2385 652 2456 μὲν
692 2379 785 2437 οὖν
837 2399 983 2444 τινες
1036 2378 1273 2434 ἐνταῦθα
1339 2373 1681 2438 κολάζονται,

68 2473 172 2526 καὶ
206 2471 281 2525 τὰ
313 2470 685 2543 ἁμαρτήματα
708 2465 1078 2529 ἀποτίθενται,
1106 2462 1263 2534 δῆλον
1290 2462 1355 2514 ὲκ
1382 2458 1613 2543 τούτων.

32 2578 47 2589 ·
148 2562 234 2620 ς’.
275 2540 403 2607 Ὀτι
436 2553 494 2606 δέ
520 2540 665 2616 τινες
690 2551 783 2605 καὶ
808 2548 1044 2603 ἐνταῦθα
1083 2548 1177 2601 καὶ
1201 2547 1316 2598 ἐκεῖ
1342 2540 1683 2607 κολάζονται,

66 2642 215 2695 ὅταν
256 2641 337 2709 μὴ
371 2638 471 2709 τὴν
496 2636 653 2700 ἀξίαν
682 2635 777 2688 τοῦ
819 2633 1084 2705 μεγέθους
1125 2630 1237 2683 τῶν
1269 2625 1687 2699 ἁμαρτημάτων

71 2723 335 2779 ἐνταῦθα
357 2721 674 2777 ἀπολάϐωσι
701 2718 997 2790 τιμωρίαν,
1027 2717 1259 2770 ἀκουσον
1294 2712 1423 2783 περὶ
1453 2710 1560 2763 τῶν
1592 2709 1687 2761 Σο-

69 2806 336 2877 δομιτῶν
372 2806 426 2858 τί
461 2822 627 2876 φησιν
656 2806 686 2858 6
714 2801 971 2875 Χριστός·
1007 2797 1177 2853 εἰπὼν
1211 2794 1341 2866 γὰρ,
1375 2796 1457 2847 ὅτι
1483 2796 1581 2859 Ὃς
1611 2790 1689 2877 ᾂν

73 2875 165 2962 μη
236 2889 487 2957 δέξηται
526 2875 715 2957 ὑμᾶς,
771 2882 1165 2947 ἁποτινὰξετε
1220 2881 1330 2934 τὸν
1376 2875 1690 2945 κονιορτὸν

74 2976 218 3029 τῶν
249 2972 457 3028 ποδῶν
485 2970 675 3041 ὑμῶν,
727 2970 976 3040 ἐπήγαγε
1026 2966 1219 3035 λέγων·
1273 2962 1691 3029 Ἀνεκτότερον

74 3061 271 3115 ἔσται
309 3054 389 3126 τῇ
420 3055 701 3125 Σοδόμων
737 3054 839 3108 καὶ
871 3053 1183 3122 Γομόρρας
1215 3051 1287 3105 ἐν
1328 3047 1519 3119 ἡμέρᾳ
1566 3044 1693 3113 κρί-

77 3160 277 3209 σεως,
311 3141 350 3209 ἣ
375 3139 450 3209 τῇ
474 3140 649 3194 πόλει
673 3138 902 3206 ἐκείνη.
925 3135 1017 3207 Τῷ
1047 3134 1157 3206 γὰρ
1185 3135 1361 3188 εἰπεῖν
1385 3131 1694 3188 ἀνεκτότε-

76 3247 229 3298 ρον,
285 3226 445 3279 τοῦτο
486 3224 775 3295 ἐδήλωσεν,
821 3223 905 3275 ὅτι
956 3222 1201 3275 κάκεῖνοι
1260 3217 1693 3289 κολασθήσονται

85 3313 228 3383 μὲν,
261 3308 594 3380 κουφότερον
620 3307 698 3372 δὲ,
736 3305 926 3376 ἐπειδὴ
974 3304 1067 3358 καὶ
1096 3302 1328 3357 ἐνταῦθα
1370 3301 1578 3358 ἑδωκαν
1613 3298 1693 3351 δί-

86 3414 228 3468 κην.
260 3394 383 3447 Ὀτι
412 3392 469 3446 δέ
503 3391 610 3445 εἰσί
643 3408 789 3454 τινες
823 3391 871 3443 οἱ
895 3387 1131 3443 ἐνταῦθα
1162 3388 1262 3459 μὲν
1288 3386 1442 3440 οὐδὲν
1469 3386 1697 3454 πάσχον-

85 3498 192 3543 τες
241 3478 438 3539 δεινὸν,
474 3477 592 3528 ἐκεῖ
641 3475 699 3528 δὲ
751 3475 932 3527 πᾶσαν
986 3472 1350 3542 ὑπομένοντες
1403 3468 1695 3540 τιμωρίαν,

10 3600 13 3609 ι
86 3563 379 3635 ἐδήλωσεν
414 3562 546 3632 ἡμῖν
590 3561 619 3613 6
652 3558 907 3621 πλούσιος
947 3549 1123 3622 οὗτος,
1168 3555 1543 3628 ἀπαραίτητον
1582 3555 1699 3607 ἐκεῖ

10 3668 16 3701 ι
88 3650 335 3703 κόλασιν
364 3644 672 3715 ὑπομένων,
699 3642 795 3697 καὶ
827 3641 963 3713 μηδὲ
995 3642 1197 3712 μικρᾶς
1219 3638 1508 3693 ἀπολαύων
1529 3653 1699 3709 παρα-

10 3760 17 3795 ι
94 3732 315 3806 μυθίας
347 3730 436 3783 διά
469 3729 534 3782 τὸ
566 3730 749 3782 πᾶσαν
788 3726 907 3779 ἐκεῖ
940 3725 1246 3798 τηρηθῆναι
1293 3723 1444 3795 αὐτῷ
1477 3722 1575 3794 τὴν
1612 3740 1697 3775 τι·

10 3876 15 3883 _
98 3805 351 3889 μωρίαν.
389 3815 602 3887 Ὥσπερ
625 3806 719 3865 οὖν
746 3808 971 3863 ἐπὶτῶν
1003 3808 1424 3881 ἁμαρτανόντων
1449 3808 1499 3860 οἱ
1530 3805 1698 3877 μηδὲν

10 3960 17 3969 ,
93 3900 381 3962 παθόντες
412 3896 648 3952 ἐνταῦθα
677 3894 870 3959 δεινὸν,
901 3892 1121 3966 μείζονα
1144 3892 1466 3961 ὑφίστανται
1496 3890 1596 3962 τὴν
1620 3906 1701 3942 τι-

10 4048 13 4051 _
100 3986 332 4060 μωρίαν
370 3985 508 4045 ἐκεῖ,
540 3981 716 4045 οὑτως
747 3980 844 4034 ἐπὶ
875 3978 985 4031 τῶν
1018 3975 1429 4060 κατορθούντων
1456 3976 1507 4029 οἱ
1533 3973 1704 4029 πολλὰ

97 4058 386 4131 παθόντες
411 4064 646 4121 ἐνταῦθα
674 4062 845 4127 δεινά,
867 4060 1074 4131 πολλῆς
1108 4058 1505 4114 ἀπολαύσονται
1537 4058 1705 4129 τιμῆς

98 4160 255 4213 ἐκεῖ.
288 4153 401 4207 Καὶ
431 4151 683 4222 καθάπερ
721 4146 1064 4220 ἁμαρτωλῶν
1101 4146 1270 4200 ὄντων
1299 4145 1412 4211 δύο,
1446 4145 1514 4199 ἂν
1551 4145 1580 4197 6
1606 4144 1706 4216 μὲν

10 4240 15 4245 ’
98 4240 359 4298 ἐνταῦθα
401 4236 662 4307 κολασθῇ,
697 4235 728 4288 6
779 4234 837 4286 δὲ
875 4231 952 4304 μὴ
986 4230 1247 4301 κολασθῇ,
1290 4228 1707 4302 μακαριώτερός

100 4331 267 4382 ἐστιν
314 4324 343 4375 ό
375 4318 660 4383 κολασθεὶς
691 4314 785 4371 τοῦ
820 4316 896 4387 μὴ
932 4315 1306 4377 κολασθέντος
1342 4312 1486 4368 οὑτω
1512 4313 1578 4386 δὴ
1612 4314 1708 4367 καὶ

100 4410 346 4467 δικαίων
391 4404 627 4460 ἐνταῦθα
674 4403 843 4456 ὄντων
873 4400 987 4467 δύο,
1011 4399 1077 4455 ἂν
1116 4400 1145 4453 ὁ
1183 4399 1282 4469 μὲν
1320 4398 1560 4464 πλείους,
1594 4400 1623 4453 6
1650 4398 1710 4452 δὲ

104 4496 383 4555 ἐλάττους
418 4487 684 4560 ὑπομείνῃ
710 4484 810 4548 τὰς
837 4483 1066 4553 θλίψεις,
1101 4481 1515 4555 μακαριώτερος
1548 4481 1577 4535 6
1611 4481 1712 4546 τάς

10 4610 13 4633 ί
107 4578 345 4640 πλείους
394 4574 682 4645 ὑπομένων
733 4568 902 4636 ἐστὶν,
947 4568 1137 4639 ἐπειδὴ
1182 4568 1398 4641 ἑκάστῳ
1442 4568 1712 4623 ἀποδώσει

10 4692 19 4703 ν·
107 4661 269 4721 κατὰ
291 4659 363 4714 τά
392 4658 530 4731 ἔργα
554 4654 741 4711 αὑτοῦ.

191 4791 264 4847 Τί
289 4784 420 4856 οὐν;
463 4789 566 4844 οὐκ
593 4787 710 4841 ἐστι
750 4803 837 4850 τις
870 4783 965 4839 καὶ
994 4782 1250 4847 ἐνταῦθα,
1280 4783 1435 4855 φησὶ,
1473 4782 1568 4837 καὶ⁸
1600 4782 1718 4834 ἐκεῖ

12 4878 21 4889 ²
108 4874 371 4938 ἀνέσεως
412 4872 731 4937 ἁπολαύων;
771 4870 1078 4942 Ἀμήχανον
1106 4866 1264 4921 τοῦτό
1296 4867 1465 4933 ἐστιν,
1510 4865 1719 4937 ἄνθρω-

114 4979 222 5025 πε,
254 4957 353 5012 καὶ
378 4956 488 5012 τῶν
520 4954 797 5011 ἀδυνάτων
822 4952 903 5005 ἒν.
929 4948 1006 5005 Οὐ
1026 4949 1135 5022 γάρ
1160 4950 1327 5015 ἔστιν,
1357 4951 1457 5004 οὐκ
1486 4949 1601 5003 ἔστι
1624 4948 1718 5003 τὸν

114 5042 371 5101 ἐνταῦθα
407 5039 680 5115 ῥᾳθυμίας
714 5038 810 5092 καὶ
836 5035 1020 5099 ἀδείας
1052 5033 1415 5099 ἀπολαύοντα,
1456 5034 1551 5087 καὶ
1587 5051 1720 5103 τρυ-

10 5158 21 5177 ι
118 5129 327 5202 φῶντα
380 5124 619 5196 συνεχῶς
661 5124 719 5177 ὲν
769 5122 925 5185 πᾶσι,
970 5118 1065 5173 καὶ
1100 5118 1191 5172 τὸν
1225 5120 1347 5188 είκῆ
1396 5118 1491 5172 καὶ
1534 5118 1720 5182 ἁπλῶς

98 5200 321 5280 ,ζῶντα
366 5207 504 5279 βίον,
546 5207 714 5278 τιμῆς
754 5203 1061 5258 ἀπολαῦσαι
1095 5202 1230 5255 ἐκεῖ.
1275 5201 1394 5255 Κᾶν
1422 5200 1531 5272 γὰρ
1565 5201 1723 5254 πενία

10 5346 17 5376 ι
125 5296 219 5369 μὴ
250 5292 466 5364 ένοκλῇν
515 5287 932 5376 ἀλλ’,ὲπιθνμιᾳ
981 5285 1205 5376 ἐνοχλεῖ,
1247 5285 1353 5339 καὶ*
1390 5284 1478 5338 διά
1519 5284 1724 5355 ταύτης

10 5524 27 5555 η

124 5368 452 5447 κατέχεται,
479 5376 575 5428 καὶ
600 5374 661 5427 οὐ
684 5372 881 5444 μικρὸς
906 5371 965 5424 ὲν
989 5368 1166 5440 τούτῳ
1187 5370 1217 5424 6
1238 5369 1420 5432 πόνος·
1450 5369 1553 5423 κᾶν
1573 5369 1727 5433 νόσος

20 5456 27 5538 μ
131 5463 222 5538 μὴ
249 5458 559 5531 ἐπηρεάζῃ,
592 5456 729 5511 ἀλλά
757 5454 928 5526 θυμὸς
956 5454 1191 5520 ἐκκαίει,
1221 5454 1314 5507 καὶ
1334 5453 1434 5524 οὐχ
1461 5455 1495 5522 ή
1528 5452 1726 5524 τυχού-

131 5566 215 5606 σα
246 5544 409 5615 ὀδύνη
451 5541 601 5616 [745]
637 5539 1019 5612 περιγενέσθαι
1055 5539 1246 5610 ὀργῆς·
1293 5538 1397 5593 κᾶν
1430 5539 1730 5610 πειρασμοὶ

10 5640 17 5657 ⁸
135 5634 223 5706 μὴ
251 5627 641 5699 ὲπενεχθῶσιν,
672 5625 809 5679 ἀλλὰ
840 5624 1092 5695 λογισμοὶ
1119 5624 1343 5695 πονηροὶ
1372 5623 1611 5693 συνεχῶς
1638 5626 1730 5677 ἐπ-

10 5730 21 5747 δ
132 5715 484 5773 ανίστανται.
518 5711 633 5764 Οὐκ
673 5709 788 5762 ἔστι
833 5708 890 5761 δὲ
921 5708 982 5760 τὸ
1008 5707 1169 5777 τυχὸν
1203 5707 1495 5778 χαλινῶσαι
1542 5708 1731 5761 ἐπιθυ-

14 5810 29 5837 ε
140 5800 281 5875 μίαν
315 5798 539 5860 ἄτοπον,
578 5792 782 5847 παῦσαι
827 5792 1152 5857 κενοδοξίαν,
1203 5791 1551 5846 καταστεῖλαι
1598 5793 1732 5847 ἁπό-

137 5901 317 5949 νοιαν,
366 5880 575 5952 τρυφῆς
621 5877 945 5948 ἀποστῆναι,
988 5877 1044 5929 ὲν
1075 5876 1463 5949 σκληραγωγίᾳ
1502 5876 1727 5945 διάγειν-

1362 414 1452 470 DE
1492 411 1777 467 LAZARO
1806 408 2057 466 CONCIO
2097 407 2183 463 lll.

39 542 91 592 τί
140 555 333 608 φησιν
370 536 401 590 ὁ
440 536 652 601 Παῦλος
688 534 1011 607 κατηγορῶν
1056 531 1167 585 τῶν
1201 527 1435 593 ἀναξίως
1479 542 1667 579 κοινω-

40 624 311 678 νούντων
342 625 454 685 τοῖς
482 621 822 692 μυστηρίοις·
862 619 1032 673 εἰπὼν
1056 617 1187 687 γὰρ,
1221 616 1302 669 ὃτι
1345 614 1411 666 '0
1447 612 1668 665 ἐσθίων

40 710 147 762 καὶ
188 709 404 760 πίνων
432 707 497 758 τὸ
526 704 699 773 σῶμα
720 704 818 757 καὶ
848 698 992 772 αἷμα
1011 699 1275 765 ἀναξίως
1308 696 1416 751 τοῦ
1444 694 1670 762 Κυρίου

41 793 291 860 ἔνοχος
332 790 507 844 ἔσται
545 788 652 843 τοῦ
682 787 964 856 σώματος
999 784 1099 838 καὶ
1128 782 1237 836 τοῦ
1273 781 1522 850 αἵματος
1564 774 1672 830 τοῦ

42 874 363 942 Χριστοῦ,
421 875 704 944 ἐπήγαγεν
753 868 978 933 εὐθέως·
1032 867 1136 922 Διά
1188 866 1364 920 τοῦτο
1415 864 1487 917 ἐν
1528 860 1674 930 ὑμῖν

45 958 298 1015 πολλοὶ
343 955 623 1022 ἀσθενεῖς
672 954 773 1008 καὶ
819 952 1135 1021 ἄρρωστοι,
1195 949 1297 1003 καὶ
1355 945 1676 1016 κοιμῶνται

3223 399 3371 456 ἴθθῦ

1779 525 1869 578 τὸν
1904 526 2012 596 γὰρ
2052 526 2125 596 μὴ
2148 521 2323 576 ταῦτα
2364 522 2458 575 καὶ
2490 521 2557 574 τά
2585 519 2808 574 τοιαῦτα
2850 515 3105 571 ποιοῦντα
3140 515 3369 587 amp-

1778 636 1867 672 vov
1896 615 2137 687 σωθῆναί
2160 628 2310 668 ποτε.
2338 615 2450 667 Καὶ
2474 614 2554 666 ὅτι
2582 614 2632 665 οί
2656 611 2972 684 τρυφῶντες
2991 608 3052 661 οὐ
3077 608 3375 673 σώζονται,.

1779 710 2011 764 ἄκουσον
2043 707 2094 762 τί
2130 723 2294 779 φησιν
2321 707 2350 759 6
2372 702 2584 770 Παῦλος
2611 706 2741 778 περὶ
2767 704 3025 773 γυναικὸς
3055 702 3248 774 χήρας
3294 699 3377 759 'H-

1780 801 1849 856 δὲ
1880 796 2279 863 σπαταλῶσα,
2307 794 2464 859 ζῶσα
2482 797 2796 863 τέθνηκεν.
2830 797 2892 849 Εἰ
2923 795 2983 850 δὲ
3014 795 3143 865 περὶ
3171 810 3364 862 γυναι-

1781 897 1877 960 κὸς
1918 896 2077 950 τοῦτο
2117 895 2353 967 εἴρηται,
2389 890 2571 963 πολλῷ
2603 890 2804 962 μᾶλλον
2834 889 2965 962 περὶ
3006 887 3219 960 ἀνδρός.
3256 884 3372 939 Kal’

1782 992 1867 1044 ὅτι
1907 989 2010 1043 οὐκ
2054 988 2171 1041 ἐστι
2209 986 2333 1040 τινά
2374 985 2561 1039 ἁνετον
2597 982 2777 1048 ζῶντα
2807 982 2922 1053 βίον
2949 981 3230 1052 ἐπιτυχεῖν
3256 979 3388 1032 τῶνν

1781 1080 2048 1151 οὐρανῶν,
2082 1081 2176 1132 καὶ
2212 1080 2242 1132 6
2267 1076 2501 1151 Χριστὸς
2531 1075 2691 1130 τοῦτο
2717 1074 2851 1128 αὐτὸ
2897 1072 3053 1145 δῆλον
3090 1070 3365 1141 ἐποίησεν,

1783 1172 1958 1236 οὑτως
1980 1171 2169 1226 εἰπών’
2213 1170 2404 1239 Στενῆ
2427 1170 2524 1225 καί
2556 1167 2919 1239 τεθλιμμένη
2950 1166 2990 1236 ἠ
3018 1163 3162 1232 ὁδὸς
3186 1165 3229 1233 ἠ
3256 1163 3370 1218 ἀπ·

1784 1265 2021 1336 άγουσα
2075 1265 2163 1330 είς
2212 1260 2329 1331 τὴν
2367 1258 2541 1331 ζωὴν,
2598 1259 2697 1313 καὶ
2749 1259 2941 1328 ὀλίγοι
2986 1255 3148 1311 εισὶν
3188 1255 3243 1309 οί
3270 1253 3369 1308 εὐ-

1782 1360 2107 1430 ρίσκοντες
2138 1356 2353 1424 αὑτήν.
2666 1358 2673 1365 ’

1855 1513 1983 1578 Πῶς
2026 1507 2121 1566 οὖν
2161 1510 2332 1580 λέγει,
2368 1509 2553 1579 φησὶν,
2610 1507 2666 1558 '0
2715 1476 2889 1573 ζυγός
2932 1518 3052 1571 μου
3104 1494 3373 1569 χρηστός

1785 1608 1940 1669 ἐστι,
1967 1602 2065 1659 καὶ
2098 1603 2167 1658 τὸ
2194 1600 2441 1672 φορτίον
2465 1617 2585 1669 μου
2620 1596 2921 1665 ἐλαφρόν;
2959 1593 3023 1646 Et
3065 1590 3174 1662 γὰρ
3211 1589 3371 1656 στενὴ

1785 1699 1821 1770 ἡ
1858 1698 1975 1761 ὁδὸς
2019 1694 2115 1751 καὶ
2145 1691 2505 1765 τεθλιμμένη,
2540 1690 2659 1753 πῶς
2704 1687 2865 1742 πάλιν
2912 1685 3080 1756 αὐτὴν
3131 1678 3375 1752 ὲλαφράν

1787 1792 1884 1847 καὶ
1922 1790 2132 1861 κούφην
2160 1788 2345 1847 καλεῖς
2376 1784 2451 1839 Τὸ
2502 1785 2599 1856 μὲν
2632 1781 2722 1835 διά
2768 1779 2867 1851 τὴν
2914 1778 3076 1849 φύσιν
3101 1775 3213 1829 τῶν
3254 1790 3375 1827 πει-

1790 1883 2036 1956 ρασμῶν,
2068 1882 2130 1935 τὸ
2161 1876 2219 1934 δὲ
2261 1879 2351 1933 διὰ
2382 1877 2480 1949 τὴν
2532 1873 2852 1946 προαίρεσιν
2902 1870 3011 1923 τῶν
3054 1866 3371 1939 μετιόντων.

1792 1955 1950 2030 Ἔστι
1984 1974 2092 2046 γάρ
2124 1991 2175 2027 τι
2235 1970 2330 2026 καὶ
2378 1967 2440 2023 τὸ
2483 1967 2757 2037 ἀφόρητον
2801 1966 2868 2035 τῇ
2919 1961 3081 2032 φύσει
3118 1955 3373 2029 γενέσθαι

1790 2067 2010 2136 κοῦφον,
2033 2068 2162 2119 ὅταν
2190 2063 2328 2135 μετὰ
2350 2060 2661 2133 προθυμίας
2684 2056 2817 2111 αὐτὸ
2841 2052 3129 2125 δεχώμεθα
3145 2068 3159 2082 °
3185 2051 3375 2121 ῶσπερ

1789 2156 1883 2216 οὖν
1935 2160 2031 2214 καὶ
2084 2160 2133 2212 οἱ
2188 2154 2480 2211 ἀπόστολοι
2545 2148 2983 2223 μαστιγωθέντες
3034 2146 3378 2216 ὑπέστρεφον

1792 2249 2077 2321 χαίροντες
2113 2249 2197 2302 ὅτι
2228 2240 2650 2316 κατηξιώθησαν
2679 2240 2820 2311 ὑπὲρ
2858 2236 2953 2291 τοῦ
2986 2235 3253 2306 ὀνόματος
3281 2230 3395 2285 τοῦ

1792 2344 2004 2417 Κυρίου
2053 2341 2455 2413 ἀτιμασθῆναι*
2488 2337 2669 2391 καίτοι
2699 2337 2733 2406 ή
2772 2334 2934 2404 φύσις
2977 2330 3088 2384 τῶν
3130 2328 3380 2399 βασάνων

1794 2437 1974 2508 θλῖψιν
2022 2434 2214 2489 εἴωθεν
2260 2432 2512 2504 ἐμποιεῖν
2555 2430 2651 2483 καὶ
2698 2427 2922 2497 ὀδύνην,
2970 2423 3089 2478 ἀλλ’
3117 2424 3151 2493 ή
3185 2420 3382 2491 προαί-

1796 2548 1947 2602 ρεσις
1976 2529 2087 2582 τῶν
2119 2523 2578 2597 μαστιγωθέντων
2619 2521 2715 2574 καὶ
2746 2520 2848 2588 τὴν
2889 2516 3054 2586 φύσιν
3090 2514 3213 2567 τῶν
3237 2529 3382 2583 πρα-

1793 2623 2023 2694 γμάτων
2074 2618 2315 2689 ἐνίκησε.
2365 2613 2465 2668 Διά
2516 2612 2675 2666 τοῦτο
2732 2610 2827 2663 καὶ
2870 2610 2899 2661 6
2946 2605 3161 2668 Παῦλός
3207 2618 3381 2675 φησιο

1793 2692 2026 2779 Πάντες
2067 2711 2136 2765 δὲ
2172 2712 2227 2764 οἱ
2259 2707 2540 2773 θέλοντες
2577 2703 2685 2775 ζῇν
2715 2699 2981 2765 εὐσεϐῶς
3025 2698 3095 2751 ἐν
3146 2692 3385 2765 Χριστῷ

1808 2803 2004 2876 Ἰησοῦ
2057 2801 2521 2872 διωχθήσονται.
2567 2798 2732 2850 Ὥστε
2800 2794 2903 2848 κᾶν
2964 2792 3251 2860 ἄνθρωπος
3305 2789 3382 2859 μὴ

1796 2898 1990 2972 διώκῃ,
2014 2896 2131 2951 ἀλλ’
2155 2897 2183 2949 6
2211 2892 2459 2956 διάὸολος
2489 2890 2718 2962 πολεμεῖ
2736 2904 2750 2918 ο
2786 2887 2881 2941 καὶ
2908 2884 3111 2953 πολλῆς
3146 2885 3277 2953 ἡμῖν
3303 2882 3387 2937 δεῖ

1795 2996 1895 3067 τῆς
1930 2989 2249 3063 φιλοσοφίας
2291 2987 2386 3041 καὶ
2421 2985 2665 3057 μεγάλης
2690 2981 2793 3051 τῆς
2827 2978 3155 3051 καρτερίας,
3193 2977 3282 3029 ἴνα
3325 2975 3385 3027 ὲν

1797 3065 1919 3149 ταῖς
1978 3084 2160 3155 εὐχαῖς
2210 3081 2473 3151 νήφωμεν
2532 3075 2628 3129 καὶ
2686 3070 3079 3143 ἀγρυπνῶμεν,
3132 3068 3221 3121 ἵνα
3274 3065 3387 3119 τῶν

1798 3178 2097 3251 ἀλλοτρίων
2143 3175 2219 3247 μὴ
2268 3168 2649 3242 ὲπιθυμῶμεν,
2681 3167 2770 3219 ἵνα
2815 3164 2886 3217 τά
2916 3164 3047 3216 ὄντα
3092 3161 3227 3232 πρὸς
3259 3158 3387 3224 τοὺς

1799 3274 2092 3345 δεομένους
2120 3270 2267 3322 διανε
2277 3263 2527 3338 μώμεθα,
2557 3262 2645 3316 ἵνα
2673 3260 2822 3331 πάσῃ
2846 3258 3028 3328 τρυφῇ
3057 3253 3265 3307 στένειν
3292 3252 3389 3306 καὶ

1800 3362 2060 3437 οἰμώζειν
2094 3359 2361 3428 εἴπωμεν,
2393 3354 2489 3409 καὶ
2524 3355 2591 3425 τῇ
2624 3351 2713 3404 διά
2746 3350 2854 3403 τῶν
2892 3347 3146 3419 ἱματίων,
3185 3346 3281 3397 καὶ
3318 3345 3389 3414 τῇ

1802 3436 1890 3511 διά
1923 3456 2024 3526 τῆς
2058 3448 2362 3524 τραπέζης,
2391 3446 2479 3500 ἴνα
2508 3441 2822 3507 πλεονεξίαν
2855 3439 3141 3511 φύγωμεν,
3175 3437 3264 3490 ἵνα
3295 3436 3392 3505 μέ-

1805 3551 1927 3620 θην,
1952 3525 2041 3602 ἴνα
2064 3543 2354 3614 λοιδορίαν,
2382 3540 2472 3593 ἵνα
2504 3534 2753 3607 γλώττης
2784 3532 3098 3602 κρατῶμεν.
3130 3529 3218 3581 ἵνα
3257 3525 3392 3597 μηδὲ

1808 3617 2022 3714 βοῶμεν
2046 3637 2297 3699 ἀτάκτως
2332 3631 2527 3706 (Πᾶσα
2560 3631 2670 3701 γὰρ
2702 3625 2910 3695 πικρία
2942 3624 3039 3678 καί
3068 3620 3256 3690 θυμὸς
3293 3617 3393 3672 καί

1808 3709 1955 3805 όργνή
2011 3730 2113 3786 καὶ
2154 3725 2386 3799 κραυγὴ
2441 3723 2542 3779 καὶ
2590 3717 2960 3788 βλασφημία
3010 3711 3244 3782 ἀρθήτω
3291 3709 3394 3805 ᾆξί

1807 3800 2022 3896 ὑμῶν),
2055 3822 2145 3876 ἵνα
2182 3819 2258 3892 μὴ
2302 3812 2773 3896 αἰσχρολογῶμεν,
2823 3810 2913 3862 ἵνα
2945 3806 3021 3879 μὴ
3067 3806 3260 3859 ἀστεῖα
3302 3800 3393 3853 λέ-

1809 3890 2019 3990 γώμεν.
2050 3915 2127 3969 Οὐ
2170 3890 2366 3984 μικρὸς
2401 3909 2460 3963 δὲ
2497 3905 2661 3967 πόνος
2684 3894 2864 3969 οὗτος,
2904 3895 3109 3970 ἀκριϐῆ
3146 3895 3245 3965 τὴν
3270 3890 3395 3945 τού-

1808 3985 1919 4065 των
1971 4006 2359 4078 παρατήρησιν
2414 3995 2845 4054 ἐπιδείκνυσθαι.
2908 3992 3018 4047 Καὶ
3073 3991 3162 4044 ἵνα
3217 3985 3396 4058 μάθῃς

1814 4103 1979 4157 πόσον
2002 4098 2121 4154 ἐστὶ
2140 4097 2202 4151 τὸ
2224 4094 2556 4166 φιλοσοφεῖν,
2588 4090 2685 4144 καὶ
2704 4087 2782 4152 ὡς
2805 4086 2907 4141 οὐκ
2937 4084 3053 4155 ἔχει
3072 4082 3135 4137 τὸ
3164 4081 3398 4151 πρᾶγμα

1813 4198 2016 4261 ἄνεσιν,
2051 4193 2284 4248 ἄκουσον
2315 4188 2369 4243 τί
2402 4202 2567 4258 φησιν
2595 4186 2625 4238 6
2655 4180 2894 4242 Παῦλος
2926 4173 3256 4234 ’Υπωπιάζω
3277 4190 3399 4240 μου

1814 4287 1883 4341 τὸ
1915 4286 2087 4355 σῶμα
2138 4280 2239 4336 καὶ
2274 4271 2667 4346 δουλαιχοιινιρῶ⁹
2703 4270 2864 4325 τοῦτο
2904 4266 3017 4339 γὰρ
3058 4264 3252 4329 εἰπὼν,
3282 4262 3400 4334 ῂνί-

1819 4380 1947 4445 ξατο
1989 4376 2086 4449 τὴν
2138 4374 2263 4446 βίαν
2306 4371 2403 4425 καὶ
2434 4369 2527 4423 τὸν
2576 4365 2747 4421 πολὺν
2791 4361 2978 4427 πόνον,
3015 4358 3075 4412 ὃν
3107 4356 3402 4427 ὑπομένειν

1819 4474 2035 4543 ἀνάγκη
2078 4469 2206 4531 τοὺς
2248 4462 2606 4536 βουλομένους
2636 4460 2693 4512 ὲν
2734 4457 2938 4512 ἅπασιν
2976 4451 3191 4520 εὐήνιον
3229 4465 3399 4501 κατα-

1820 4539 2106 4626 σκευάζειν
2133 4558 2195 4611 τὸ
2220 4557 2401 4627 σῶμα.
2435 4551 2545 4607 Καὶ
2571 4553 2600 4604 6
2632 4546 2867 4620 Χριστὸς
2895 4545 2953 4597 δὲ
2984 4544 3099 4604 τοῖς
3132 4539 3402 4610 μαθηταῖς

1820 4660 2034 4726 ἔλεγεν·
2080 4655 2176 4705 ‘Er
2221 4649 2302 4715 τῷ
2346 4648 2554 4716 κόσμῳ
2603 4636 2816 4710 θλῖψιν
2841 4637 3037 4703 ἕξετεο
3070 4634 3234 4689 ἀλλά
3268 4636 3405 4699 θαρ·

1821 4722 2005 4809 σεῖτε,
2030 4743 2146 4813 ἐγὼ
2187 4740 2478 4806 νενίκηκα
2510 4734 2620 4789 τόν
2650 4732 2903 4801 κόσμον.
2938 4726 3111 4795 Αὕτη,
3138 4724 3325 4795 φησὶν,
3371 4722 3406 4790 ή

1824 4838 2002 4909 θλῖψις
2027 4833 2213 4888 ἄνεσιν
2249 4831 2378 4902 ὑμῖν
2404 4825 2690 4898 προξενεῖ·
2718 4820 2950 4890 σκάμμα
2983 4816 3131 4869 ἐστὶν
3160 4817 3188 4868 6
3217 4812 3408 4883 παρὼν

1998 4927 2056 4979 ὲν
2083 4925 2139 4977 δὲ
2167 4922 2247 4993 τῷ
2278 4900 2566 4991 σκάμματι
2599 4916 2693 4969 καὶ
2732 4914 2791 4966 ὲν
2816 4912 2930 4972 τοῖς
2967 4906 3173 4975 ἀγῶσιν
3197 4904 3297 4956 οὐκ
3341 4900 3409 4955 ἂν

1825 5024 2023 5079 δύναιτ’
2068 5018 2359 5075 ἀπολαύειν
2409 5012 2646 5073 ἀνέσεως
2681 5010 2711 5060 6
2746 4999 3141 5075 στεφανοῦσθαι
3178 4996 3407 5069 μέλλων.

1829 5119 1996 5171 Ὥστε
2037 5116 2090 5167 εἴ
2137 5130 2221 5177 τις
2260 5108 2503 5180 βούλοιτο
2547 5098 2988 5173 στεφανωθῆναι,
3035 5093 3129 5146 τὸν
3174 5089 3412 5180 σκληρόν

1829 5207 1924 5263 καὶ
1974 5205 2229 5259 ἐπίπονον
2262 5178 2548 5269 ήαίρείσθω
2593 5191 2728 5263 βίον,
2773 5189 2864 5243 ἵνα
2917 5182 3124 5257 βραχὺν
3178 5178 3417 5235 ἐνταῦθα

1831 5301 2075 5371 πονήσας
2151 5293 2365 5367 χρόνον,
2438 5282 2726 5359 διηνεκοῦς
2802 5279 3090 5349 ἀπολαύσῃ
3149 5287 3177 5316 ι
3244 5270 3414 5343 τιμῆς

1832 5395 1967 5447 ἐκεῖ.

1906 5525 2059 5600 [746]
2081 5525 2145 5589 ζ’.
2174 5522 2345 5577 Πόσαι
2369 5515 2775 5590 προσπίπτουσι
2800 5509 2919 5565 καθ’
2942 5506 3181 5575 ἑκάστην
3204 5502 3418 5573 ἡμέραν

1835 5621 2097 5691 ἁθυμίαι;
2124 5616 2321 5688 ήλίκης
2362 5612 2420 5667 δέ
2467 5607 2789 5678 ἐστιψυχῆς
2832 5604 2908 5676 μὴ
2942 5601 3417 5668 ἀποδυσπετῆσαι,

1903 5838 1925 5865 ⁸
1951 5835 2047 5885 Alii
2070 5834 2356 5889 πονήσαντες
2375 5829 2540 5892 χρόνον
2565 5823 2806 5885 διηνεκοῦς
2826 5820 3147 5877 ἀπολαύσητε,
3192 5815 3340 5867 δέδηε.
3381 5821 3425 5869 iu

1843 5912 1996 5957 marg.
2022 5894 2404 5945 ἀπολαύσωνται.
