3906 6328
84 407 257 462 1001

86 618 313 675 milli;
354 623 459 679 has
481 626 797 680 mutationes
815 622 1024 695 ittﬂigi?
1047 629 1216 696 Quam
1245 628 1408 682 multa
1431 629 1759 698 inexspecta-

90 718 189 775 ιε,
231 726 439 780 quam
470 716 650 770 multa:
675 718 967 787 angustize?
994 720 1061 772 Et
1085 730 1257 773 tamen
1284 727 1492 788 oportet
1518 734 1760 788 premere

90 803 328 859 malas
358 807 730 877 cogitationes,
754 825 924 880 neque
945 812 1251 879 permittere
1271 810 1461 879 lingua:
1481 819 1539 863 ut
1559 810 1758 880 aliquid

91 904 309 949 sonet
351 898 607 964 absurdi,
636 901 1083 970 quemadmodum
1123 901 1309 956 beatus
1349 901 1449 956 Job
1480 902 1760 956 innumera

98 998 463 1053 perpessus
490 991 625 1044 mala
656 992 1011 1059 perseveravit
1034 993 1230 1062 gratias
1258 1007 1415 1062 agere
1443 993 1571 1046 Deo.

196 1075 581 1146 [inpatientia
609 1081 930 1151 blasphemia:
960 1093 1134 1136 mater.
1160 1110 1233 1123 -
1254 1083 1388 1137 Sunt
1422 1092 1598 1136 autem
1630 1096 1764 1135 non—

105 1167 285 1220 milli
316 1209 340 1232 ,
379 1171 467 1239 qui
500 1172 542 1225 si
564 1171 687 1240 joco
711 1173 1017 1228 conviciove
1041 1190 1067 1227 a
1098 1174 1343 1243 quopiam
1372 1173 1496 1227 tacti
1528 1173 1759 1238 fuerint,

106 1269 231 1313 aut
265 1257 346 1314 in
373 1262 653 1341 adversam
681 1262 1033 1317 valetudinem
1062 1262 1375 1329 inciderint,
1403 1263 1564 1317 veluti
1596 1261 1762 1332 poda-

106 1363 315 1417 gram
353 1392 367 1414 ,
396 1362 487 1405 aut
527 1354 715 1421 capitis
745 1353 980 1408 dolorem
1008 1395 1022 1421 ,
1053 1364 1144 1408 aut
1172 1355 1331 1409 alium
1363 1354 1519 1423 hujus
1554 1353 1763 1421 generis

116 1443 451 1507 morbum,
487 1446 631 1500 illico
656 1446 1010 1517 blasphemias
1036 1446 1311 1502 eﬂ‘undunt
1340 1466 1355 1501 :
1380 1461 1443 1501 ac
1469 1447 1764 1501 molestiam

114 1534 395 1601 quidem
437 1537 608 1590 morbi
648 1536 948 1602 sustinent,
980 1548 1230 1592 ccclerum
1259 1536 1431 1592 fructu
1470 1537 1760 1606 privantur.
1788 1562 1791 1565 ν

118 1624 303 1690 Quid
344 1625 478 1679 facis
498 1668 512 1689 ,
542 1642 574 1679 o
602 1626 783 1691 homo,
816 1628 867 1681 in
896 1627 1216 1695 beneficum,
1249 1628 1301 1681 in
1334 1628 1678 1690 salvatorem,
1710 1626 1763 1680 in

122 1715 537 1782 provisorem,
572 1717 623 1769 in
656 1717 728 1770 tui
754 1733 934 1772 curam
960 1727 1224 1787 agentem,
1265 1719 1502 1773 convicia
1524 1717 1765 1787 jacieus?

119 1804 277 1859 Non
335 1817 391 1862 te
419 1809 585 1863 sentis
615 1809 666 1862 in
697 1809 1042 1879 praecipitium
1072 1810 1278 1881 abripi,
1310 1817 1468 1880 teque
1498 1810 1669 1878 ipsum
1710 1809 1763 1862 in

123 1902 405 1954 extremi
444 1901 586 1954 exitii
616 1901 919 1957 barathrum
945 1903 1215 1972 dejicere?
1241 1903 1374 1957 Num
1405 1903 1547 1956 enim
1576 1902 1621 1956 si
1648 1900 1764 1955 bla-

125 1992 477 2062 sphemiam
508 1994 743 2062 proferas
764 2038 777 2059 ,
811 1995 1066 2051 leviorem
1094 1996 1274 2052 reddis
1304 1994 1589 2050 morbum?
1619 1995 1764 2049 Exa-

131 2084 368 2138 cerbas
391 2088 568 2155 potius
588 2087 757 2153 illum,
785 2103 846 2141 ac
869 2090 1230 2145 molestiorem
1252 2088 1431 2144 reddis
1451 2088 1761 2143 cruciatum.

132 2175 407 2244 Propter
432 2176 532 2230 hoc
559 2178 701 2231 enim
730 2177 970 2235 diabolus
997 2181 1303 2235 innumeras
1332 2180 1571 2249 impingit
1601 2179 1768 2234 mole-

134 2267 331 2331 stias,
354 2276 412 2320 ut
434 2268 485 2320 in
508 2267 636 2321 illud
658 2269 961 2326 barathrum
986 2280 1038 2327 te
1060 2272 1370 2342 prmcipitet.
1396 2272 1524 2326 Etsi
1550 2271 1763 2341 quidem

139 2360 379 2415 viderit
417 2370 469 2417 te
512 2362 868 2433 blasphemias
905 2364 1259 2434 proferentem
1286 2407 1301 2431 ,
1330 2365 1572 2434 protinus
1611 2372 1768 2434 auget

142 2453 421 2508 dolorem
462 2468 525 2510 ac
565 2455 819 2525 majorem
860 2454 1071 2523 reddit,
1095 2471 1203 2527 quo
1240 2455 1542 2510 stimulatus
1580 2470 1768 2510 rursus

142 2544 397 2615 indigne
422 2547 559 2599 feras
588 2547 765 2615 :quod
791 2546 835 2600 si
865 2547 1057 2601 viderit
1082 2556 1133 2601 te
1156 2546 1362 2601 fortiter
1382 2543 1764 2615 perferentem,

142 2652 390 2706 quoque
416 2636 631 2691 morbus
656 2635 812 2692 fuerit
836 2638 1033 2705 acrior,
1064 2636 1165 2692 hoc
1191 2637 1358 2707 magis
1381 2647 1623 2707 agentem
1645 2650 1739 2707 gr:
1755 2665 1769 2679 -

146 2727 273 2779 tias
312 2726 424 2780 Deo
456 2743 467 2778 :
500 2727 640 2780 illico
674 2727 923 2794 desistit,
957 2735 1014 2781 ut
1049 2728 1136 2796 qui
1169 2727 1432 2781 incassum
1462 2726 1770 2797 frustraque

150 2831 372 2892 pergat
415 2822 672 2876 insidiari.
719 2823 785 2876 Et
831 2822 1276 2892 quemadmodum
1322 2822 1470 2877 canis
1516 2821 1769 2877 assistens

148 2930 379 2970 mensa:
404 2916 450 2970 si
476 2916 666 2970 viderit
693 2914 964 2971 hominem
999 2925 1298 2971 vescentem
1325 2914 1547 2969 subinde
1571 2912 1768 2985 aliquid

157 3024 369 3063 eorum
411 3025 529 3079 qua:
557 3009 607 3062 in
650 3024 834 3063 mensa
875 3019 998 3063 sunt
1026 3009 1123 3079 ipsi
1160 3008 1558 3078 projicientem,
1590 3016 1769 3063 manet

156 3101 396 3154 assidue
425 3119 439 3154 :
468 3099 611 3170 quod
654 3101 697 3153 si
739 3101 903 3156 semel
942 3109 1100 3169 atque
1142 3101 1331 3153 iterum
1368 3098 1445 3154 sic
1477 3098 1664 3161 astitit,
1709 3106 1768 3153 ut

158 3192 489 3247 discesserit
516 3191 649 3246 nihil
676 3192 897 3262 adeptus
917 3234 931 3259 ,
964 3193 1205 3262 protinus
1233 3191 1464 3246 abstinet
1489 3190 1651 3245 veluti
1678 3191 1767 3260 qui

153 3287 281 3356 jam
332 3286 525 3341 frustra
553 3298 607 3341 et
643 3286 905 3340 incassum
941 3284 1155 3340 assistat
1186 3302 1199 3337 :
1229 3284 1409 3338 itidem
1446 3291 1501 3338 et
1526 3282 1768 3338 diabolus

155 3379 369 3450 jugiter
397 3378 549 3433 nobis
576 3377 763 3442 inhiat,
791 3378 833 3432 si
857 3376 996 3447 quod
1026 3376 1394 3446 blasphemum
1414 3374 1632 3429 verbum
1655 3374 1755 3444 ipsi

155 3485 271 3525 ceu
298 3472 419 3524 cani
450 3467 810 3539 projiciamus,
839 3467 940 3522 hoc
966 3478 1184 3537 accepto
1210 3481 1394 3521 rursus
1419 3466 1759 3536 aggreditur:

154 3560 317 3630 quod
356 3560 399 3615 si
439 3559 861 3629 perseveraveris
898 3558 1093 3629 gratias
1132 3572 1314 3628 agere,
1339 3556 1662 3627 jugulaverjs
1698 3556 1764 3609 il-

159 3652 279 3706 lum
309 3651 471 3718 fame,
499 3651 847 3720 celeriterque
874 3650 1115 3721 abegeris
1140 3658 1191 3704 et
1223 3648 1474 3719 aufugere
1497 3650 1759 3718 coegeris.

160 3742 374 3799 Verum
402 3758 507 3797 non
534 3752 685 3812 potes
715 3751 889 3797 tacere
917 3743 1152 3795 cruciatu
1179 3740 1498 3795 stimulatus.
1527 3739 1635 3794 Nec
1661 3755 1760 3810 ego

162 3835 437 3904 prohibeo
462 3832 516 3889 te
544 3834 723 3904 loqui,
751 3831 844 3888 sed
886 3832 1007 3887 volo
1041 3840 1092 3886 te
1128 3846 1226 3901 pro
1264 3830 1590 3900 blasphemia
1623 3830 1766 3899 loqui

158 3929 468 3997 gratiarum
499 3910 768 3981 actionem
790 3968 803 3991 ,
842 3940 940 3995 pro
974 3924 1152 3979 verbis
1196 3922 1569 3994 indignationis
1607 3922 1767 3974 verba

159 4021 515 4080 laudationis.
563 4020 829 4074 Conﬁtere
868 4018 1128 4081 Domino,
1169 4017 1337 4071 clama
1375 4015 1725 4070 vehementer
1748 4055 1763 4077 ,

160 4113 510 4173 obsecrando
535 4130 547 4167 ε
574 4112 741 4166 clama
764 4109 1131 4173 vehementer,
1160 4106 1505 4176 glorificando
1532 4123 1545 4159 :
1570 4106 1647 4159 sic
1674 4104 1765 4158 tibi

161 4222 223 4265 ct
251 4208 478 4264 morbus
508 4204 748 4259 redditur
776 4203 962 4268 levior,
984 4198 1293 4255 discedente
1317 4197 1528 4268 quidem
1554 4196 1766 4252 diabolo

163 4311 394 4372 propter
433 4309 578 4354 tuam
618 4296 904 4367 gratiarum
942 4295 1208 4349 actionem
1236 4333 1249 4355 ,
1281 4292 1374 4347 Dei
1414 4305 1541 4346 vero
1569 4290 1767 4344 auxilio

163 4393 487 4451 accedente.
524 4388 659 4447 Nam
690 4389 735 4442 si
773 4386 1132 4457 blasphemias
1168 4383 1419 4439 effuderis
1440 4425 1458 4449 ,
1488 4383 1687 4454 pariter
1713 4392 1769 4436 et

164 4486 267 4542 Dei
291 4484 547 4539 auxilium
574 4479 912 4546 submovisti,
936 4488 990 4533 et
1014 4478 1280 4533 diabolum
1302 4474 1555 4530 adversus
1582 4483 1769 4529 temet-

164 4579 351 4648 ipsum
382 4574 663 4632 reddidisti
688 4573 991 4639 Steviorem,
1019 4580 1073 4626 et
1100 4572 1325 4640 teipsum
1352 4573 1519 4640 magis
1546 4568 1770 4623 involvi-

165 4672 237 4725 sti
263 4667 566 4725 doloribus.
595 4664 689 4720 Sin
716 4664 913 4736 gratias
939 4662 1130 4733 egeris,
1159 4670 1214 4716 et
1240 4659 1458 4714 insidias
1485 4658 1767 4729 propulisti

165 4761 298 4817 mali
336 4758 617 4825 daemonis,
648 4750 712 4811 et
750 4756 847 4811 Dei
886 4769 982 4825 pro
1021 4751 1330 4808 te‘solliciti
1368 4750 1629 4806 medelam
1669 4748 1769 4803 tibi

162 4847 503 4906 conciliasti.

251 4963 462 5033 Lingua
490 4960 787 5016 cohibenda.
811 4990 881 5001 —
907 4959 1101 5014 Verum
1129 4973 1196 5012 ex
1225 4956 1608 5012 consuetudine
1651 4956 1759 5011 fre-

176 5064 411 5124 quenter
457 5052 657 5123 impetu
705 5050 908 5120 rapitur
937 5050 1112 5117 lingua
1137 5089 1152 5113 ,
1186 5058 1245 5101 ut
1288 5063 1596 5116 perversum
1642 5045 1771 5100 illud

169 5146 401 5202 verbum
439 5152 614 5199 sonet.
646 5141 838 5195 Verum
867 5156 987 5194 cum
1019 5140 1123 5193 huc
1172 5140 1428 5207 rapietur,
1464 5138 1769 5208 priusquam

174 5237 408 5294 verbum
434 5234 681 5289 eﬂ‘uderit
705 5275 720 5297 ,
754 5232 1061 5287 commorde
1090 5231 1236 5285 illam
1265 5230 1499 5300 undique
1524 5228 1772 5285 dentibus

170 5331 389 5386 acriter.
434 5326 660 5382 Praestat
705 5324 847 5378 illam
893 5339 1034 5378 nunc
1074 5323 1241 5377 fluere
1286 5322 1576 5391 sanguine,
1614 5336 1770 5390 quam

172 5436 303 5477 tunc
329 5419 710 5490 concupiscere
736 5426 936 5487 guttam
964 5459 977 5478 ,
1013 5432 1111 5471 nec
1157 5417 1442 5485 impetrare
1484 5428 1644 5484 posse
1670 5414 1773 5468 tale

173 5514 516 5585 refrigerium
544 5530 558 5567 :
589 5519 809 5581 praestat
848 5510 990 5564 illam
1023 5510 1407 5579 temporarium
1450 5506 1591 5561 ferre
1618 5506 1771 5560 dolo-

176 5622 291 5663 rem
327 5648 341 5667 ,
374 5619 532 5675 quam
578 5614 705 5658 tunc
752 5603 1053 5672 perenniter
1095 5611 1149 5656 et
1196 5600 1580 5655 immortalibus
1623 5599 1776 5653 malis

178 5696 442 5763 cruciari,
487 5693 933 5766 quemadmodum
979 5694 1156 5747 divitis
1198 5692 1337 5746 illius
1380 5693 1554 5762 lingua
1584 5690 1775 5745 ardore

181 5799 419 5845 a-stuans
448 5788 650 5842 nullum
677 5786 980 5856 impetravit
1024 5786 1379 5857 refrigerium.
1412 5786 1548 5840 Deus
1577 5799 1775 5854 prtecc-

180 5894 254 5953 ptt
281 5892 338 5936 ut
359 5880 604 5936 inimicos
632 5888 751 5934 tuos
772 5878 978 5949 diligas,
1012 5887 1063 5933 tu
1089 5894 1215 5935 vero
1242 5879 1407 5933 Deum
1436 5887 1484 5934 te
1505 5884 1771 5931 amantem

1382 421 1469 476 DE
1510 419 1781 477 LAZARO
1820 420 2069 478 CONCIO
2102 421 2188 478 Ill.

81 531 206 578 sed
246 532 490 595 gratias
515 548 672 603 agere
690 574 705 599 ,
732 535 1061 606 glorificare,
1096 535 1321 591 adorare
1344 552 1485 598 eum,
1517 537 1603 604 qui
1630 551 1754 606 per-
1782 562 1787 569 ι

3308 414 3444 475 16οΞ

1867 535 2166 591 aversaris?
2195 536 2335 590 Deus
2358 535 2517 605 jussit
2544 546 2604 591 ut
2628 536 2881 591 conviciis
2909 535 3308 594 insectantilms,
3353 536 3444 587 bc-

1871 629 2031 698 nigne
2068 628 2342 698 loquaris,
2391 628 2826 684 maledicentibus
2851 629 3139 684 benedicas‘
3184 628 3349 696 (Luc.
3392 634 3447 681 ti.

1863 720 1956 775 27.
1982 721 2054 775 28
2077 722 2095 789 )
2120 738 2132 770 :
2167 730 2219 775 tu
2248 735 2375 775 vero
2404 721 2480 775 illi
2506 720 2854 775 benefacienti
2885 729 2938 775 et
2964 721 3039 775 tui
3063 735 3247 774 curam
3273 698 3449 789 agenti

1866 814 2137 869 maledicis
2157 854 2170 877 ,
2201 829 2321 869 cum
2363 814 2507 868 nulla
2554 815 2607 868 in
2633 828 2693 869 re
2730 814 2889 867 laesus
2918 813 3030 868 sis?
3060 800 3479 882 AnnonpOtttit~

1868 904 2075 959 solvere
2103 904 2485 959 tentationem?
2508 903 2701 966 Potuit,
2731 904 2822 958 sed
2850 904 3103 972 permisit,
3128 914 3184 958 ut
3210 905 3303 956 tias
3328 917 3454 972 pro-

1870 995 2063 1049 batior.
2093 995 2283 1049 Verum
2307 1009 2450 1056 ecce,
2479 995 2672 1063 inquis,
2698 995 3159 1049 collabor‘interim
3182 1010 3243 1049 ac
3270 1008 3450 1063 pereo.

1868 1084 1986 1140 Non
2027 1096 2244 1157 propter
2272 1086 2573 1140 amictionis
2605 1094 2847 1138 naturam
2888 1085 3069 1154 peris,
3110 1086 3204 1139 sed
3236 1094 3455 1155 propter

1866 1184 2009 1233 tuam
2040 1178 2359 1233 socordiam.
2412 1178 2503 1231 Dic
2538 1177 2669 1230 mihi
2690 1218 2704 1241 ,
2736 1188 2852 1230 utra
2880 1190 2966 1231 res
2990 1186 3072 1230 est
3097 1174 3314 1239 facilior,
3344 1175 3455 1229 bla.

1871 1269 2133 1339 sphemia,
2158 1285 2223 1324 an
2249 1270 2537 1339 gratiarum
2564 1268 2734 1322 actio?
2760 1266 2947 1321 Nonne
2972 1267 3059 1320 illa
3080 1281 3173 1321 eos
3190 1266 3275 1335 qui
3300 1264 3435 1318 audi-

1869 1370 1963 1416 unt
1988 1361 2169 1416 hostes
2195 1371 2252 1416 et
2275 1361 2519 1416 inimicos
2546 1360 2641 1414 tibi
2677 1360 2883 1425 reddit,
2916 1370 2969 1415 et
2996 1359 3047 1412 in
3077 1358 3441 1429 aegritudinem

1868 1453 2030 1508 animi
2051 1453 2267 1519 conjicit
2289 1470 2302 1507 :
2331 1453 2443 1507 hmc
2465 1466 2592 1506 vero
2617 1452 2920 1505 innumeras
2942 1449 3094 1504 all'ert
3113 1448 3454 1519 philosophire

1869 1558 2114 1608 coronas,
2145 1542 2616 1613 incredibilemque
2641 1542 2709 1596 ab
2738 1541 2983 1596 omnibus
3023 1539 3452 1603 admirationem,

1868 1636 2099 1706 denique
2130 1636 2365 1706 ingentia
2388 1652 2416 1689 a
2440 1635 2551 1689 Deo
2572 1634 2825 1704 praemia?
2852 1634 2959 1687 Cur
2986 1633 3143 1703 igitur
3164 1631 3302 1702 quod
3320 1632 3464 1686 utile

1872 1734 1973 1788 est,
2004 1726 2146 1796 quod
2189 1726 2342 1780 facile
2367 1766 2384 1792 ,
2417 1724 2558 1794 quod
2586 1724 2875 1794 jucundum
2904 1723 3153 1777 omittens
3177 1763 3194 1789 ,
3239 1722 3290 1776 id
3317 1722 3458 1792 quod

1872 1815 2017 1871 laedit
2038 1858 2053 1881 ,
2085 1816 2225 1885 quod
2255 1817 2565 1880 contristat,
2592 1814 2731 1884 quod
2761 1811 3026 1878 tabefacit,
3060 1813 3200 1866 illius
3226 1813 3345 1867 loco
3367 1827 3457 1867 se-

1870 1909 2065 1964 ctaris?
2103 1909 2242 1975 Quin
2284 1916 2338 1962 et
2375 1908 2568 1976 alioqui
2585 1907 2640 1962 .si
2678 1904 2988 1960 tentationis
3026 1919 3088 1958 ac
3126 1904 3453 1973 paupertatis

1870 2002 2087 2056 alllictio
2112 2016 2269 2056 causa
2295 2011 2438 2056 esset
2459 1998 2903 2069 blasphemiarum
2929 2038 2944 2061 ,
2976 2003 3247 2067 oporteret
3268 2010 3457 2051 omnes

1881 2095 1973 2164 qui
2003 2094 2054 2147 in
2083 2102 2391 2163 paupertate
2420 2094 2600 2146 vivunt
2628 2091 2967 2159 blasphemos
3013 2104 3151 2143 esse.
3177 2088 3327 2144 Nunc
3354 2105 3453 2144 au-

1871 2195 1976 2241 tem
2023 2189 2160 2241 inter
2210 2201 2303 2241 eos
2354 2186 2443 2256 qui
2489 2186 2539 2238 in
2584 2194 2821 2239 extrema
2869 2183 3065 2253 degunt
3109 2191 3454 2252 paupertate,

1870 2280 2023 2334 multi
2059 2279 2256 2349 jugiter
2285 2288 2448 2349 agunt
2489 2278 2723 2348 gratias:
2752 2276 2837 2329 alii
2865 2287 3083 2339 contra,
3129 2276 3219 2345 qui
3262 2275 3453 2345 opibus

1871 2386 1933 2425 ac
1958 2370 2155 2424 divitiis
2180 2369 2421 2433 affluunt,
2444 2383 2548 2422 non
2575 2374 2788 2422 cessant
2806 2380 3051 2421 evomere
3073 2364 3447 2434 blaSphemias.

1872 2463 2053 2533 Itaque
2078 2480 2182 2517 non
2209 2463 2320 2533 ipsa
2349 2478 2524 2517 rerum
2553 2469 2761 2525 natura,
2789 2458 2884 2515 sed
2910 2467 3089 2515 nostra
3118 2458 3360 2514 voluntas
3390 2468 3445 2514 et
3472 2460 3473 2465 “

1872 2553 1970 2608 hoc
1992 2564 2046 2609 et
2079 2554 2203 2607 illud
2230 2554 2412 2608 efﬁcit.

1942 2643 2231 2711 Paupertas
2264 2660 2389 2711 quos
2419 2658 2521 2695 non
2550 2641 2809 2696 lwdat.—
2828 2640 3057 2710 Propter
3084 2638 3186 2694 hoc
3227 2640 3367 2695 enim
3408 2648 3462 2696 et

1872 2734 2009 2789 hanc
2052 2734 2391 2789 recitavimus
2433 2732 2738 2803 parabolam
2763 2772 2779 2795 ,
2829 2740 2886 2785 ut
2926 2744 3280 2800 cognosceres
3320 2730 3462 2799 quod

1872 2824 2140 2881 hominem
2166 2825 2443 2879 socordem
2486 2838 2555 2879 ne
2582 2822 2781 2877 divitia:
2807 2820 3019 2891 quidem
3043 2820 3232 2890 juvent
3249 2862 3263 2886 ,
3292 2830 3463 2875 atten-

1874 2932 1984 2978 tum
2028 2937 2160 2978 vero
2201 2938 2269 2977 ne
2313 2930 2599 2993 paupertas
2628 2920 2841 2991 quidem
2872 2920 3065 2974 laedere
3108 2920 3292 2989 possit.
3323 2918 3461 2986 Quid

1872 3014 2015 3083 dico,
2041 3026 2325 3085 paupertas
2344 3014 2370 3068 ?
2400 3013 2617 3067 Etiamsi
2648 3012 2825 3066 omnia
2853 3010 3321 3081 conglomerentur
3345 3024 3463 3076 quae

1875 3117 2001 3163 sunt
2042 3109 2181 3162 inter
2207 3106 2450 3161 homines
2493 3105 2655 3171 mala,
2681 3118 2969 3173 numquam
3013 3101 3302 3171 percellent
3346 3100 3463 3153 ani-

1873 3215 2020 3255 mum
2051 3198 2280 3255 hominis
2308 3199 2474 3253 Deum
2503 3196 2732 3251 amantis
2752 3237 2767 3261 ,
2796 3194 3173 3264 sapientiaeque
3199 3190 3458 3254 studiosi,

1872 3305 2044 3361 neque
2074 3288 2489 3359 persuadebunt,
2521 3297 2581 3341 ut
2608 3303 2638 3340 a
2662 3286 2856 3339 virtute
2887 3282 3120 3338 discedat
3145 3298 3159 3337 :
3193 3290 3246 3335 et
3273 3280 3463 3335 horum

1874 3383 2023 3439 testis
2048 3391 2131 3439 est
2157 3381 2409 3436 Lazarus.
2440 3376 2900 3447 Quemadmodum
2949 3391 2978 3429 e
3003 3375 3215 3430 diverso
3245 3373 3463 3427 mollem

1871 3491 1935 3530 ac
1961 3475 2276 3529 dissolutum
2306 3487 2410 3524 non
2448 3470 2667 3535 divitiae,
2695 3483 2799 3522 non
2825 3466 3045 3532 sanitas,
3078 3481 3182 3519 non
3209 3472 3463 3534 perpetua

1873 3565 2197 3637 prosperitas
2216 3606 2231 3630 ,
2263 3580 2367 3620 non
2398 3563 2540 3617 aliud
2569 3560 2835 3631 quidpiam
2873 3573 3121 3629 umquam
3147 3557 3332 3627 juvare
3367 3570 3465 3625 po-

1872 3662 2016 3715 terit.

1941 3752 1994 3807 8.
2034 3749 2113 3805 Ne
2141 3748 2301 3819 igitur
2345 3746 2582 3800 dicamus
2623 3741 2766 3812 quod
2796 3747 3114 3811 paupertas.
3161 3738 3378 3792 morbus
3411 3745 3466 3791 et

1873 3841 2225 3912 periculorum
2250 3837 2475 3892 insultus
2493 3833 2816 3903 compellant
2836 3830 2902 3885 ad
2925 3829 3326 3899 blasphemiam.
3349 3827 3465 3882 Non

1872 3941 2169 4002 paupertas,
2191 3928 2284 3984 sed
2310 3927 2551 3989 stultitia,
2578 3940 2681 3979 non
2711 3922 2948 3985 morbus,
2969 3920 3061 3975 sed
3093 3928 3450 3989 contemptus.

1872 4041 1976 4078 non
2005 4022 2362 4092 periculorum
2390 4017 2644 4082 insultus,
2670 4015 2763 4069 sed
2793 4012 3001 4082 pietatis
3021 4010 3253 4066 desertio
3271 4052 3286 4076 ,
3319 4017 3377 4063 ut
3398 4008 3467 4063 ad

1872 4116 2277 4186 blasphemiam,
2310 4112 2381 4166 ita
2407 4111 2473 4165 ad
2501 4123 2659 4164 omne
2685 4105 2897 4161 malitia:
2926 4119 3093 4175 genus
3121 4101 3334 4157 adducit
3361 4101 3469 4155 mi.

1872 4228 1972 4266 nus
2001 4217 2253 4264 attentos.

1951 4302 2054 4358 Cur
2101 4317 2203 4355 non
2251 4314 2422 4353 omnes
2463 4297 2544 4351 hic
2588 4294 2731 4365 punit
2771 4291 3023 4346 Deus.—-
3054 4287 3161 4344 Sed
3197 4300 3355 4358 quam
3399 4285 3470 4341 ob

1872 4409 2085 4451 causam
2111 4435 2126 4459 ,
2158 4390 2363 4461 inquiet
2385 4388 2574 4460 aliquis
2594 4429 2611 4455 ,
2639 4386 2729 4440 alii
2759 4382 2974 4454 quidem
3014 4382 3099 4435 hic
3142 4379 3429 4450 puniuntur
3449 4417 3468 4445 ,

1872 4487 1963 4541 alii
2010 4500 2140 4541 vero
2179 4483 2310 4547 illic,
2353 4496 2416 4537 ac
2443 4495 2548 4535 non
2590 4478 2767 4548 potius
2811 4488 2998 4530 omnes
3044 4472 3169 4526 hic?
3205 4470 3373 4538 Quam
3402 4468 3472 4523 ob

1874 4592 2090 4634 causam
2112 4575 2137 4628 ?
2161 4574 2421 4642 Quoniam
2452 4572 2495 4625 si
2526 4570 2629 4623 hoc
2655 4577 2821 4631 esset,
2852 4578 3040 4620 omnes
3070 4562 3251 4632 utique
3274 4560 3466 4630 periis-

1874 4685 2085 4727 semus:
2110 4682 2300 4722 omnes
2323 4666 2466 4719 enim
2493 4676 2679 4717 sumus
2701 4659 2916 4715 obnoxii
2949 4656 3139 4728 ptenis.
3163 4654 3395 4710 Rursum
3425 4652 3472 4707 si

1876 4762 2051 4816 nullus
2079 4760 2167 4814 hic
2186 4758 2486 4828 puniretur,
2517 4755 2697 4824 plures
2722 4750 3074 4807 redderentur
3101 4744 3437 4802 socordiores
3457 4784 3475 4810 ,

1876 4855 2132 4923 multique
2145 4853 2385 4907 dicerent
2401 4864 2503 4903 non
2517 4862 2637 4903 esse
2651 4844 3058 4917 providentiam.
3069 4839 3273 4895 Etenim
3290 4838 3334 4892 si
3350 4850 3473 4891 cum

1878 4962 2019 5003 nunc
2038 4945 2251 5001 videant
2272 4944 2469 4997 multos
2489 4940 2764 5011 improbos
2787 4936 2979 5006 puniri,
3002 4934 3194 4988 multas
3214 4929 3475 4999 ejusmodi

1878 5038 2238 5109 blasphemias
2266 5043 2519 5090 evomunt
2544 5050 2556 5085 :
2584 5033 2628 5086 si
2657 5046 2725 5085 ne
2756 5030 2857 5083 hoc
2887 5026 3099 5097 quidem
3128 5030 3291 5086 esset,
3318 5020 3469 5091 quid-

1881 5150 2004 5189 nam
2046 5130 2329 5187 dicerent?
2359 5128 2425 5182 ad
2454 5125 2594 5196 quod
2638 5122 2855 5177 malitia:
2886 5133 3052 5189 genus
3080 5131 3184 5171 non
3212 5128 3460 5184 raperen-

1881 5228 2009 5283 tur?
2034 5226 2141 5282 Has
2167 5226 2236 5280 ob
2275 5238 2362 5278 res
2394 5222 2533 5275 Deus
2573 5217 2706 5273 alios
2737 5215 2950 5286 quidem
2994 5211 3079 5264 hic
3104 5208 3292 5279 punit,
3336 5205 3473 5260 alios

1879 5337 2009 5376 vero
2034 5335 2141 5374 non
2172 5316 2343 5388 punit.
2371 5313 2529 5369 Punit
2555 5311 2767 5379 quidem
2798 5306 3001 5374 aliquos
3019 5344 3035 5369 ,
3066 5299 3317 5356 excidens
3345 5298 3463 5350 illo-

1882 5428 2001 5468 rum
2032 5411 2215 5465 vitium
2241 5449 2254 5472 ,
2284 5418 2601 5476 pmnamque
2639 5402 2745 5456 illic
2790 5397 3019 5453 reddens
3046 5393 3301 5448 leviorem
3328 5431 3342 5453 ,
3390 5397 3474 5441 aut

1883 5505 2117 5559 etiamin
2151 5510 2316 5557 totum
2350 5500 2579 5553 liberans
2611 5496 2759 5558 illos,
2791 5503 2845 5546 et
2878 5505 2972 5545 eos
3000 5488 3090 5559 qui
3120 5499 3366 5556 perverse
3396 5483 3471 5533 vi-

1885 5607 2016 5653 vunt
2045 5594 2407 5665 castigatiores
2436 5588 2665 5645 reddens
2705 5587 2803 5640 hac
2835 5583 3105 5654 punitione
3139 5597 3153 5633 :
3182 5579 3315 5631 alios
3343 5591 3468 5630 vero

1885 5704 2094 5744 rursum
2126 5701 2231 5740 non
2260 5684 2411 5751 punit
2434 5725 2449 5748 ,
2476 5693 2536 5735 ut
2562 5682 2604 5735 si
2636 5678 3009 5748 resipisceutes
3036 5673 3134 5728 sibi
3159 5670 3288 5741 ipsis
3311 5684 3463 5721 cavr-

1885 5783 2028 5845 rint,
2086 5794 2146 5833 ac
2183 5777 2273 5831 Dei
2322 5774 2705 5845 benignitatem
2744 5770 2959 5826 reveriti
3003 5765 3234 5827 fuerint,
3283 5770 3335 5814 et
3376 5758 3459 5815 hit:

1887 5874 2178 5928 liberentur
2224 5885 2252 5923 a
2286 5882 2438 5940 ptena
2480 5875 2534 5922 et
2568 5865 2675 5921 illic
2709 5879 2737 5918 a
2768 5861 3064 5933 supplicio:
3100 5858 3183 5915 sin
3218 5852 3463 5926 perstite-
