3790 6260
83 383 113 437 ὖ
1179 386 1268 449 DE
1305 387 1586 449 LAzARO
1626 393 1878 452 CONCIO
1916 395 2005 451 Ill.

109 492 213 567 τῆς
248 498 606 563 ἀνεξικακίας
628 490 997 575 ὠφελούμενοι
1025 504 1119 558 τοῦ
1151 504 1310 570 Θεοῦ,
1344 505 1564 576 μείζονα

82 581 249 634 στῶσι
280 583 385 651 τὴν
426 585 694 653 τιμωρίαν
738 586 827 639 διὰ
867 589 966 655 τὴν
1000 588 1139 657 ἄγαν
1170 589 1349 642 αὐτῶν
1392 605 1565 643 κατα-

80 682 255 734 νησιν.
288 667 355 717 Εἰ
398 666 454 718 δὲ
488 666 634 733 λέγοι
663 686 747 730 τις
779 669 890 723 τῶν
934 666 992 723 εὗ
1027 671 1247 724 εἰδότων
1282 673 1363 725 ὅτι
1395 673 1444 725 οί
1475 690 1568 725 κο-

77 746 261 816 όμενοι
305 749 702 818 ὲπηρεάζονται
732 753 1011 820 (ἠδύναντο
1042 753 1152 823 γάρ
1182 754 1563 825 μετανοῆσαι),

75 834 144 885 Eva
193 831 265 884 ἂν
316 834 588 903 εἴποιμεν,
620 835 701 889 ὅτι
759 835 808 890 εί
850 837 1072 908 προῄδει
1129 839 1563 908 μετανοήσοντας

75 918 165 976 οὺς
208 916 238 967 6
280 916 436 977 Θεὸς,
468 918 569 970 οὐκ
613 917 677 970 ἂν
710 918 985 971 ἐκόλασεν.
1015 920 1079 972 Εἰ
1126 920 1237 991 γάρ
1273 920 1366 985 οὓς
1418 918 1562 976 οἶδεν

73 998 336 1067 ιρθώτους
384 999 665 1068 μένοντας,
702 1001 851 1071 ὅμως
895 1003 1107 1071 ἀφίησι,
1148 1004 1328 1075 πολλῷ
1360 1004 1561 1075 μᾶλλον

95 1082 211 1153 ᾔδει
262 1084 661 1153 κερδανοῦντας
705 1083 812 1138 ἀπὸ
847 1086 945 1156 τῆς
980 1086 1144 1140 αὐτοῦ
1181 1088 1563 1160 μακροθυμίας

71 1183 148 1218 τεν
195 1164 263 1219 ἂν
298 1168 359 1219 ἐν
407 1170 472 1239 τῇ
509 1169 756 1242 παρούσῃ
785 1169 919 1241 ζωῇ,
945 1170 1085 1225 ὥστε
1116 1172 1427 1227 ἀπολαῦσαι
1462 1173 1561 1244 τῆς

69 1249 316 1319 ιθεσμίας
360 1252 441 1313 εἰς
476 1253 784 1322 μετάνοιαν.
826 1254 965 1307 Νυνὶ
1002 1252 1059 1307 δὲ
1118 1255 1560 1328 προαναρπάζων

71 1336 183 1396 οὺς,
217 1334 499 1397 κάκείνοις
555 1335 893 1407 κουφοτέραν
934 1337 1032 1407 τὴν
1073 1339 1191 1392 ἐκεῖ
1220 1339 1375 1410 δίκην
1423 1338 1559 1392 καθ-

67 1436 175 1487 ιισι,
215 1419 315 1471 καὶ
370 1416 594 1480 τούτους
648 1423 1125 1492 σωφρονεστέρους
1173 1425 1293 1486 ταῖς
1333 1422 1558 1477 ἐκείνων

66 1503 262 1573 ωρίαις
308 1504 731 1576 κατεργάζεται.
778 1505 889 1558 Καὶ
930 1506 1074 1569 τίνος
1115 1506 1301 1559 ἕνεκεν
1330 1506 1430 1560 οὐκ
1464 1509 1559 1561 ἐπὶ

63 1605 184 1641 οτων
234 1588 403 1641 τοῦτο
440 1592 583 1641 ποιεῖ
631 1589 742 1643 τῶν
798 1590 1093 1660 πονηρῶν;
1132 1590 1252 1643 Ἵνα
1287 1590 1367 1661 τῷ
1406 1591 1558 1661 φόϐῳ

94 1674 211 1735 ταῖς
256 1666 464 1741 ἐτέρων
494 1672 787 1743 τιμωρίαις
835 1674 1088 1742 μένοντες
1129 1674 1558 1747 σωφρονέστεροι

62 1773 259 1813 νωνται.
294 1756 394 1809 καὶ
441 1756 541 1826 τὴν
590 1756 974 1827 μακροθυμίαν
1026 1758 1415 1822 ἐπαινέσαντες
1460 1758 1557 1811 τοῦ

59 1840 101 1893 ›ῦ
140 1839 237 1892 καὶ
275 1841 383 1909 τὴν
416 1840 717 1893 ἐπιείκειαν
757 1840 1118 1904 αἰδεσθέντες,
1149 1842 1251 1911 τῆς
1289 1841 1559 1912 πονηρίας

60 1924 301 1976 ῡστῶσιν.
338 1923 479 1976 Ἀλλ’
504 1924 656 1977 οὐδὲν
683 1923 889 1977 τούτων
919 1923 1151 1989 ποιοῦσι,
1187 1925 1373 1994 φησίν.
1414 1924 1554 1977 Ἀλλ’

57 2007 285 2077 [όΘεὸς
331 2008 507 2070 αίτιος
553 2007 760 2071 λοιπὸν,
805 2007 920 2060 ἀλλ’
966 2009 999 2078 ἡ
1042 2008 1265 2061 ἐκείνων
1313 2007 1555 2079 ῥᾳθυμία

76 2092 442 2162 βουληθέντων
470 2092 744 2155 τοσούτοις
772 2091 1085 2163 φαρμάκοις
1110 2094 1190 2155 εἰς
1220 2092 1317 2163 τὴν
1349 2092 1556 2145 οἰκείαν

55 2174 385 2246 οχρήσασθαι
409 2175 704 2246 σωτηρίαν.
738 2174 843 2228 Καὶ
872 2177 961 2228 ἵνα
991 2173 1169 2246 μάθῃς
1184 2176 1268 2227 ὅτι
1289 2174 1381 2228 διὰ
1398 2175 1557 2228 τοῦτο

53 2261 124 2311 ito
152 2261 318 2319 ποιεῖ,
345 2258 583 2329 πρόσεχε
609 2265 651 2312 ⁸.
686 2257 879 2328 Ἔμιξέ
902 2275 1032 2311 ποτε
1064 2258 1125 2311 τὸ
1149 2252 1291 2328 αἷμα
1313 2257 1423 2311 τῶν
1449 2258 1488 2310 Γ
1490 2276 1554 2311 a-

52 2342 184 2395 aiwv
221 2344 250 2394 6
284 2342 522 2404 Πιλᾶτος
554 2340 694 2412 μετά
720 2342 829 2395 τῶν
856 2341 1080 2405 θυσιῶν,
1115 2341 1209 2394 καὶ
1232 2341 1557 2413 προσελθόν-

49 2446 61 2490 ;
91 2427 230 2490 τινὲς
256 2427 606 2497 ἀπήγγειλαν
622 2425 699 2496 τῷ
720 2426 943 2497 Χριστῷ
966 2426 1098 2479 αὐτὸ
1118 2425 1278 2479 τοῦτο
1296 2444 1309 2457 ·
1344 2427 1438 2480 καὶ
1468 2426 1556 2479 λέ-

49 2528 83 2563 ι·
118 2512 178 2564 Τί
200 2510 437 2564 δοκεῖτε
452 2510 542 2563 ὅτι
568 2510 785 2564 ἐκεῖνοι
813 2514 864 2563 οἱ
882 2510 1198 2563 Γαλιλαῖοι
1217 2510 1555 2578 ἁμαρτωλοὶ

48 2612 132 2648 rat
160 2590 325 2664 ἦσαν
345 2609 366 2658 ;
390 2594 559 2662 Οὐχί,
592 2593 749 2664 λέγω
786 2594 930 2663 ὑμῖν
950 2610 963 2625 ο
1000 2595 1141 2648 ἀλλ’
1160 2632 1177 2656 ,
1205 2595 1314 2647 ἐὰν
1336 2594 1423 2664 μὴ
1448 2613 1554 2663 με·

48 2679 322 2748 νοήσητε,
350 2679 451 2732 καί
480 2678 651 2748 ὑμεῖς
682 2680 899 2748 ὁμοίως
925 2679 1275 2733 ἀπολεῖσθε.
1326 2679 1496 2734 Πάλιν
1524 2681 1553 2721 b

45 2780 143 2834 εροι
162 2763 293 2817 δέκα
323 2764 420 2816 καὶ
453 2761 599 2816 ὀκτὼ
636 2761 1064 2832 κατεχώσθησαν
1090 2761 1195 2815 ὐπὸ
1237 2761 1449 2834 πύργου
1472 2782 1554 2817 τι-

43 2864 94 2909 ;-
124 2846 215 2900 καὶ
262 2846 396 2917 περ)⁵
444 2846 671 2899 ἐκείνων
710 2846 779 2898 τὰ
820 2844 962 2899 αὐτά
990 2842 1113 2898 εἷπε
1137 2861 1150 2875 ·
1212 2846 1291 2915 τῷ
1320 2848 1419 2916 μὲν
1445 2848 1553 2919 γὰρ

43 2932 159 2994 τεῖν,
188 2929 255 2983 Τί
281 2929 513 2983 δοκεῖτε
537 2929 625 2982 ὅτι
654 2929 872 2983 ἐκεῖνοι
898 2928 1237 2997 ἁμαρτωλοί
1263 2929 1429 2998 ἦσαν
1452 2933 1553 3000 μό-

42 3014 283 3083 νηοὺχὶ,
342 3013 499 3083 λέγω
540 3014 717 3083 ὑμῖν-ο
761 3014 964 3080 ἔδειξεν
1020 3015 1103 3068 ὃτι
1131 3015 1226 3067 καὶ
1266 3016 1317 3067 οἱ
1350 3014 1552 3080 ζῶντες

40 3100 80 3149 ιν
108 3098 280 3150 αὐτῶν
308 3093 452 3167 ἦσαν
480 3097 801 3152 ὑπεύθυνον
834 3098 914 3168 τῷ
940 3098 998 3151 δέ
1031 3101 1204 3151 εἰπεῖν
1231 3137 1244 3159 ,
1281 3098 1364 3150 ὅτι
1410 3098 1551 3152 Ἐὰν

40 3184 55 3245 ‘7
70 3181 503 3250 μετανοήσητε.
534 3183 631 3236 καὶ
670 3181 841 3251 ὑμεῖς
872 3182 1156 3248 ὡσαύτως
1198 3181 1548 3247 ἀπολεῖσθε,

40 3266 165 3329 ειξεν
197 3267 277 3319 ὅτι
304 3266 583 3329 κάκείνοις
621 3265 966 3337 συνεχώρησε
997 3265 1086 3319 διὰ
1111 3265 1271 3319 τοῦτο
1318 3265 1546 3327 παθεῖν.

39 3365 63 3399 1
88 3350 129 3401 οἱ
156 3348 357 3414 ζῶντες
392 3352 455 3402 ἐκ
484 3349 589 3402 τῶν
610 3349 819 3421 ἐτέροις
858 3346 1182 3418 συμϐάντων
1217 3348 1549 3417 φοϐηθέντες

39 3433 71 3483 ιὶ
101 3434 559 3502 μετανοήσαντες,
590 3431 864 3503 βασιλείας
898 3431 1225 3502 κληρονόμοι
1262 3429 1544 3498 γένωνται.

39 3514 44 3562 ἶ
70 3512 153 3567 οὖν
173 3559 185 3570 .
220 3517 305 3569 ἵνα
336 3516 585 3587 γένωμαι
609 3516 720 3585 ἐγὼ
742 3516 968 3587 βελτίων
1000 3518 1210 3579 ἐκεῖνος
1244 3512 1548 3580 κολᾴζεταις

39 3599 135 3667 γσίν
157 3617 170 3664 ;
208 3603 279 3653 υύ
302 3600 396 3653 διὰ
418 3600 595 3665 τοῦτο,
627 3600 763 3653 ἀλλά
787 3599 1078 3663 κολάζεται
1112 3598 1213 3670 μὲν
1235 3597 1324 3651 διὰ
1346 3598 1445 3669 τὴν
1466 3600 1547 3651 οἰ-

50 3685 123 3734 ίαν
150 3684 455 3755 ἁμαρτίαν
485 3684 696 3752 γίνεται
724 3684 781 3737 δὲ
809 3685 873 3737 ἐκ
894 3682 1212 3753 περιουσίας
1233 3685 1347 3745 τοῖς
1374 3700 1547 3754 προσ-

40 3783 153 3833 ουτι
182 3768 454 3840 σωτηρίας
478 3767 735 3831 ὑπόθεσις
754 3808 770 3831 ,
797 3767 874 3838 τῷ
913 3768 1065 3838 φόϐῳ
1097 3766 1207 3821 τῶν
1231 3765 1380 3836 αὐτῴ
1406 3783 1548 3837 συμ-

39 3852 178 3904 ιντων
205 3853 658 3924 σπουδαιοτέρους
685 3852 883 3915 αὐτοὺς
922 3850 1115 3905 ποιῶν.
1162 3849 1318 3903 Οὐτω
1345 3850 1439 3901 καὶ
1461 3850 1547 3901 δε-

39 3934 165 3987 ιόται
190 3936 437 3989 ποιοῦσιν
456 3954 470 3968 ο
500 3936 599 3989 ἕνα
630 3934 891 3999 πολλάκις
933 3932 1379 4005 μαστιγώσαντες
1401 3934 1547 3986 οἰκέ-

39 4034 91 4085 iv,
119 4020 236 4082 τοὺς
250 4020 471 4083 λοιποὺς
492 4018 966 4091 σωφρονεστέρους
993 4016 1259 4087 ἐποίησαν
1274 4016 1352 4088 τῷ
1374 4017 1543 4086 φόϐῳ.

40 4103 139 4153 ίταν
163 4098 252 4155 οὖν
273 4104 390 4176 ἴδῃς
411 4104 561 4166 τινὰς
591 4104 625 4174 ἢ
653 4103 900 4172 ναυαγίῳ
930 4101 1350 4172 περιπεσόντας,
1379 4101 1412 4171 ἢ
1443 4101 1548 4153 ὐπὸ

39 4184 146 4249 κίας
178 4188 654 4257 καταχωσθέντας,
688 4188 721 4259 ἢ
755 4186 859 4239 ὐπὸ
881 4186 1217 4257 ἐμπρησμοῦ
1265 4184 1547 4255 παραπολ-

40 4269 246 4337 ιμένους,
269 4268 302 4344 ἢ
330 4272 435 4324 ὑπὸ
462 4270 725 4341 ποταμῶν
748 4270 1190 4342 παρασυρέντας,
1214 4269 1249 4341 ἢ
1271 4268 1415 4341 ἄλλῳ
1440 4270 1547 4322 τινὶ

39 4353 151 4423 ιόπῳ
170 4357 396 4427 τοιούτῳ
425 4355 588 4426 βιαίῳ
614 4356 712 4427 τὴν
756 4355 903 4425 ζωὴν
947 4352 1382 4417 καταλύσαντας,
1427 4349 1546 4405 εἶτα

41 4435 183 4507 έρους
203 4439 268 4493 τά
292 4439 435 4494 αὐτά
471 4440 653 4503 αὐτοῖς
682 4440 715 4511 ἢ
747 4440 841 4492 καὶ
866 4438 936 4492 τὰ
965 4438 1183 4509 χείρονα
1206 4438 1547 4511 ἁμαρτάνον-

40 4536 88 4584 ις,
112 4522 201 4574 καὶ
232 4524 398 4595 μηδὲν
422 4524 696 4587 παθόντας
723 4522 990 4589 τοιοῦτον,
1029 4523 1104 4593 μὴ
1133 4520 1441 4593 θορυϐηθῇς
1464 4520 1547 4573 λέ-

40 4620 103 4655 JV‘
128 4605 188 4658 Τί
235 4608 437 4678 δήποτε
468 4608 536 4661 τά
560 4608 700 4661 αὐτά
746 4606 1179 4679 ἁμαρτάνοντες,
1206 4606 1267 4658 οὐ
1301 4605 1369 4658 τὰ
1408 4605 1547 4658 αὐτὰ

40 4690 294 4746 μπόνθασιν
319 4710 334 4758 ;
365 4693 501 4746 ἀλλά
527 4693 683 4746 τοῦτο
714 4691 953 4761 λογίζου,
993 4692 1076 4744 ὅτι
1109 4690 1203 4744 τὸν
1236 4691 1335 4760 μὲν
1362 4689 1545 4743 εἴασεν

40 4774 310 4845 αιρεθῆναι
332 4777 428 4830 καὶ
451 4775 842 4845 ἀποπνιγῆναι,
867 4774 1228 4846 ἡμερωτέραν
1262 4773 1413 4843 αὐτῷ
1437 4790 1544 4826 πα-

40 4858 312 4924 μσκευάζων
338 4870 361 4899 ο
388 4861 488 4931 τὴν
512 4862 629 4913 ἐκεῖ
650 4858 946 4929 τιμωρίαν,
975 4858 1008 4928 ἢ
1038 4858 1132 4911 καὶ
1162 4857 1346 4909 τέλεον
1376 4858 1540 4910 αὐτὸν

39 4942 343 4999 ιαλλάττων·
372 4944 563 4998 τοῦτον
589 4943 646 4997 δὲ
676 4943 827 4996 οὐδὲν
852 4942 1030 5011 ἀφῆκε
1051 4940 1289 4993 τοιοῦτον
1324 4941 1536 5007 παθεῖν,

39 5040 59 5073 ι
90 5028 149 5095 τῇ
174 5027 362 5082 τούτου
390 5028 635 5098 τιμωρίᾳ
675 5024 1063 5096 σωφρονισθεὶς
1083 5064 1097 5088 ,
1140 5024 1540 5094 ἐπιεικέστερος

43 5124 187 5177 νηται
206 5128 219 5141 '
249 5112 316 5165 ἂν
340 5111 399 5165 δὲ
429 5110 666 5182 ἐπιμένῃ
689 5111 801 5171 τοῖς
836 5109 1019 5170 αὐτοῖς
1045 5149 1060 5172 ,
1104 5106 1542 5178 ἀπαραμύθητον

44 5190 142 5261 ντῷ
173 5196 322 5267 παρά
373 5198 485 5259 τοῖς
514 5194 712 5248 ἐαυτοῦ
753 5189 904 5265 [749]
954 5192 1227 5264 ῥᾳθυμίας
1278 5189 1541 5260 σωρεύσει

40 5291 70 5339 ν
94 5280 353 5350 τιμωρίαν
372 5296 386 5308 ο
416 5278 513 5332 καὶ
562 5278 591 5330 6
622 5278 754 5341 Θεὸς
787 5277 886 5330 οὐκ
915 5278 1085 5339 αίτιος
1133 5276 1233 5345 τῆς
1262 5275 1539 5346 ἀφορήτου

40 5354 253 5424 κλάσεως.
311 5363 476 5417 Πάλιν
533 5362 601 5416 ἂν
632 5360 748 5434 ἴδῃς
794 5360 1003 5414 δίκαιον
1041 5359 1377 5429 θλιϐόμενον,
1410 5358 1442 5429 ἢ
1476 5358 1542 5412 τά

40 5456 191 5514 ιοειρη
200 5447 331 5515 μένα
356 5447 574 5502 ἅπαντα
604 5446 904 5515 πάσχοντα,
938 5443 1011 5514 μὴ
1052 5443 1372 5515 καταπέσῃς
1393 5457 1407 5472 ο
1447 5441 1541 5495 καὶ

39 5539 81 5592 ιρ
101 5528 328 5602 κάκείνῳ
358 5530 777 5604 λαμπροτέρους
807 5531 933 5591 τοὺς
978 5529 1274 5597 στεφάνους
1312 5530 1540 5599 ἐργάζεσ-

40 5689 63 5718 ⁸
83 5693 439 5805 Πρᾷπγεάεεςι
461 5698 508 5747 in
530 5698 723 5748 duobus
742 5711 859 5747 mss.

40 5748 65 5791 δ
86 5757 125 5804 Α
144 5759 177 5805 ιι
193 5750 269 5805 καὶ
286 5764 413 5805 om:
430 5764 490 5805 τὰ
510 5763 630 5805 αὐτὰ.
649 5763 859 5805 {moenia

40 5748 65 5824 ξ
86 5748 177 5824 Alii
193 5748 269 5809 κάὶ
286 5764 413 5824 ὑμεῖς
430 5764 490 5810 τὰ
510 5763 630 5810 αύτά
649 5763 993 5817 summaque,
1015 5760 1165 5807 πάλιν.

42 5818 63 5885 (ξ
84 5818 173 5885 ᾼΙίί
191 5829 240 5869 ει
260 5818 403 5874 δείνὶί.
434 5825 481 5871 in
504 5839 655 5885 marg.
681 5823 1064 5875 κατασκευάζων.

43 5874 66 5915 δ
96 5882 179 5930 Alii
199 5885 335 5934 δεινά’
364 5888 552 5943 καὶγὰρ
578 5874 776 5943 τῖίιωρία
798 5892 945 5941 πᾶσα,
972 5886 1027 5930 ἂν
1053 5886 1147 5941 μέν.

3116 395 3139 448 1
3151 394 3254 451 003

1670 526 1761 563 ται
1792 509 1861 563 τά
1887 508 2057 563 δεινά.
2081 508 2192 562 Καὶ
2223 508 2412 573 ἁπλῶς
2436 512 2587 566 πᾶσα
2608 512 2850 577 κόλασις,
2879 512 2946 566 ἂν
2974 513 3071 583 μὲν
3091 512 3118 550 ἀ
3156 514 3253 569 ἐπὶ

1671 593 2012 665 ἁμαρτωλῶν
2033 592 2276 663 γίνηται,
2327 595 2690 667 ὑποτέμνεται
2741 599 2801 651 τὸ
2826 597 2926 667 τῆς
2974 597 3253 668 ἁμαρτίας

1668 676 1888 746 φορτίον
1906 694 1919 706 ·
1944 676 2011 730 ἂν
2031 676 2088 729 δὲ
2110 676 2205 729 ἐπὶ
2229 677 2474 743 δικαίων,
2502 679 2863 751 φαιδροτέραν
2882 680 3061 733 αὐτῶν
3082 682 3252 752 ἐργά-

1667 759 1821 823 ζεται
1849 760 1949 831 τὴν
1981 758 2181 831 ψυχὴν,
2212 761 2309 815 καὶ
2345 761 2599 831 μέγιστον
2649 764 2936 835 ἑκατέροις
2970 764 3033 816 τὸ
3059 764 3252 836 κέρδος

1667 844 1775 897 ἀπὸ
1796 843 1899 913 τῆς
1947 843 2183 913 θλίψεως
2240 845 2549 914 συμϐαίνει,
2601 845 2763 915 μόνον
2788 848 2883 900 ἐὰν
2911 848 3252 919 εὐχαρίστως

1666 927 1956 998 φέρωμεν·
1986 925 2145 981 τοῦτο
2176 926 2286 999 γάρ
2314 930 2431 981 ἐστι
2451 926 2511 981 τὸ
2544 927 2899 999 ζητούμενον.

1736 1058 1922 1116 θ’..Διά
1951 1059 2108 1113 τοῦτο
2134 1061 2342 1132 μυρίων
2372 1060 2629 1115 τοιούτων
2660 1063 3124 1137 παραδειγμάτων
3148 1070 3249 1138 τῆς

1664 1139 1816 1205 θείας
1843 1142 2068 1213 Γραφῆς
2092 1146 2127 1215 ἠ
2160 1144 2371 1216 ἱστορία
2408 1156 2431 1184 θ
2454 1145 2863 1217 ἐμπέπλησται,
2884 1148 2978 1201 καὶ
3006 1150 3250 1216 δικαίους

1662 1225 1755 1278 καὶ
1779 1226 2049 1297 πονηροὺς
2084 1228 2273 1290 κακῶς
2316 1228 2625 1299 πάσχοντας
2675 1232 2810 1299 ἡμῖν
2847 1230 3245 1296 ὑποδείκνυσιν,

1662 1308 1751 1363 ἵνα
1778 1307 1843 1363 ἄν
1866 1326 1925 1362 τε
1950 1308 2156 1373 δίκαιος
2242 1328 2347 1374 τις,
2373 1310 2438 1364 ἄν
2472 1328 2531 1364 τε
2591 1312 2939 1384 ἁμαρτωλὸς,
2996 1315 3135 1385 ἔχων
3181 1317 3249 1370 τὰ

1662 1392 2058 1462 ὑποδείγματα,
2094 1393 2235 1467 φέρῃ
2275 1394 2558 1463 γενναίως.
2590 1397 2663 1448 Οὐ
2701 1397 3008 1468 πάσχοντας
3046 1400 3102 1452 δὲ
3144 1418 3246 1453 κα-

1661 1475 1773 1539 κῶς
1803 1475 1983 1545 μόνον,
2010 1475 2150 1529 ἀλλά
2176 1477 2272 1530 καὶ
2306 1477 2721 1547 εὐπραγοῦντάς
2751 1497 2833 1533 σοι
2871 1480 3108 1534 δείκνυσι
3151 1501 3248 1536 πο-

1660 1560 1879 1631 νηρούς,
1907 1559 1993 1612 ἵνα
2026 1559 2101 1631 μὴ
2127 1562 2248 1623 ταῖς
2290 1560 2514 1613 ἐκείνων
2541 1562 2870 1634 εὐπραγίαις
2917 1565 3244 1637 θορυϐηθῇς,

1664 1641 1850 1711 μαθὼν
1888 1642 1997 1696 ἀπὸ
2026 1643 2135 1696 τῶν
2174 1642 2252 1714 τῷ
2288 1644 2531 1714 πλουσίῳ
2566 1645 2742 1715 τούτῳ
2792 1648 3244 1718 συμϐεϐηκότων,

1659 1719 1770 1777 οἷον
1796 1726 1995 1790 αὐτοὺς
2032 1726 2170 1795 μετά
2209 1725 2383 1781 ταῦτα
2417 1728 2567 1797 μένει
2598 1728 2659 1781 τὸ
2704 1728 2837 1802 πῦρ,
2867 1730 2917 1782 εί
2966 1732 3041 1802 μὴ
3078 1750 3243 1801 μετα-

1660 1802 1911 1878 ϐληθεῖεν
1950 1808 1996 1860 ί.
2026 1810 2135 1862 Καὶ
2159 1810 2260 1863 οὐκ
2279 1809 2417 1870 ἔστι,
2451 1811 2607 1881 φησὶ,
2635 1811 2729 1864 καὶ
2752 1812 2989 1867 ἐνταῦθα
3017 1817 3111 1868 καὶ
3133 1818 3248 1869 ἐκεῖ

1662 1888 1898 1955 ἀνέσεως
1928 1892 2263 1959 ἀπολαύειν;
2303 1894 2415 1946 Οὐκ
2438 1893 2574 1949 ἔστι.

1729 2030 1831 2085 Διά
1860 2029 2021 2085 τοῦτο
2046 2032 2283 2087 ἐνταῦθα
2304 2033 2575 2087 οίδίκαιοι
2599 2034 2692 2087 τὸν
2720 2035 2979 2088 ἐπίπονον
3010 2036 3248 2092 ἐϐίωσαν

1665 2113 1799 2183 βίον.
1837 2113 1904 2167 Τί
1932 2110 2059 2180 οὖν,
2114 2117 2305 2186 φησὶν,
2334 2118 2365 2169 6
2402 2118 2689 2188 Ἀϐραάμ;
2730 2118 2840 2172 Καὶ
2878 2119 2967 2182 τίς
3010 2120 3249 2174 τοσαῦτα

1658 2197 1829 2251 ἔπαθε
1855 2198 2039 2266 δεινά;
2061 2199 2185 2271 οὐχὶ
2214 2201 2313 2271 τῆς
2336 2202 2597 2272 πατρίδος
2632 2203 2927 2269 ἐξέπεσενς
2974 2204 3097 2275 οὐχὶ
3136 2206 3249 2258 τῶν

1656 2282 1876 2336 οἰκείων
1906 2282 2179 2355 ἐχωρίσθη
2203 2284 2455 2348 πάντων;
2489 2285 2593 2337 οὐκ
2619 2286 2677 2338 ἐν
2700 2285 2960 2357 ἀλλοτρίᾳ
2987 2290 3057 2358 γῇ
3090 2287 3249 2359 λιμὸν

1658 2365 1983 2436 ὐπέμεινεν;
2012 2365 2153 2436 οὐχὶ,
2192 2366 2445 2438 καθάπερ
2497 2367 2731 2440 ἀλήτης,
2762 2370 3003 2441 συνεχῶς
3047 2388 3246 2441 μεταν-

1659 2448 1846 2503 ίστατο
1866 2493 1880 2516 ,
1911 2450 2019 2503 ἀπὸ
2058 2450 2375 2515 Βαϐυλῶνος
2406 2453 2485 2514 εἰς
2511 2453 2963 2526 Μεσοποταμίαν,
2992 2456 3249 2509 κάκεῖθεν

1655 2534 1736 2597 είς
1764 2533 2155 2604 Παλαιστίνην,
2188 2531 2310 2588 εἶτα
2329 2534 2581 2588 ἐντεῦθεν
2606 2536 2687 2599 είς
2724 2536 3040 2605 Αίγυπτον;
3075 2538 3141 2591 Τί
3181 2539 3249 2593 ἀν

1653 2633 1738 2680 τις
1770 2618 1915 2671 εἴποι
1942 2618 2073 2680 τοὺς
2093 2618 2194 2688 τῆς
2214 2615 2498 2686 γυναικὸς,
2521 2618 2651 2681 τοὺς
2675 2619 2785 2672 τῶν
2818 2619 3113 2691 βαρϐάρων
3145 2638 3246 2673 πο-

1655 2698 1854 2769 λέμους
1884 2699 1981 2753 καὶ
2012 2700 2227 2770 σφαγάς
2246 2716 2260 2763 ;
2278 2701 2376 2770 τὴν
2398 2699 2781 2770 αἰχμαλωσίαν
2802 2702 2902 2772 τῆς
2924 2701 3018 2755 τοῦ
3050 2719 3248 2770 συγγε⁴

1655 2781 1779 2845 νοῦς
1816 2780 2021 2847 οἰκίας;
2055 2783 2225 2852 μυρία
2250 2783 2413 2854 ἕτερα
2444 2781 2706 2849 τοιαῦτα;
2740 2784 2869 2837 Ὅτε
2908 2784 2966 2837 δὲ
3008 2787 3105 2838 καὶ
3152 2786 3247 2839 τὸν

1655 2863 1769 2917 υίὸν
1800 2865 2013 2929 ἔλαϐεν,
2042 2866 2105 2919 οὐ
2142 2865 2209 2919 τὰ
2244 2867 2462 2920 πάντων
2507 2866 2784 2936 ἀνήκεστα
2828 2867 3116 2938 ὑπέμεινε,
3152 2868 3245 2921 τὸν

1654 2947 1804 3019 αὐτῴ
1834 2948 2084 3003 ποθεινὸν
2100 2950 2192 3001 καὶ
2214 2948 2517 3020 ἐπέραστον
2539 2952 2660 3013 ταῖς
2676 2949 2845 3003 αὐτοῦ
2869 2951 3067 3020 σφάξαι
3086 2953 3246 3022 χερσὶ

1652 3032 2038 3103 κελευόμενος;
2067 3034 2134 3086 Τί
2163 3032 2221 3086 δὲ
2249 3033 2456 3097 αὐτὸςὸ
2478 3034 2839 3102 σφαγιασθεὶς
2876 3035 3095 3100 Ἰσαάκ;
3123 3036 3246 3106 οὐχὶ

1654 3114 1922 3170 πάντοθεν
1952 3115 2215 3185 ἠλαύνετο
2245 3118 2396 3189 παρὰ
2428 3115 2538 3171 τῶν
2577 3118 2795 3189 ὁμόρων
2836 3119 3100 3190 συνεχῶς,
3150 3121 3246 3174 καὶ⁵

1650 3199 1752 3272 τὴν
1781 3202 2017 3269 γυναῖκα
2040 3200 2316 3272 ἀφῃρέθη,
2350 3200 2603 3273 καθάπερ
2633 3202 2773 3256 καὶὸ
2799 3201 3006 3275 πατὴρ,
3049 3203 3144 3256 καὶ
3183 3205 3243 3256 ἐν

1652 3284 1884 3356 ἀπαιδία
1912 3284 2167 3338 τοσοῦτον
2195 3285 2433 3357 διέμεινε
2466 3286 2659 3359 χρόνον
2679 3302 2695 3353 ;
2718 3286 2783 3339 Τί
2807 3287 2863 3340 δὲ
2890 3289 2918 3341 6
2956 3286 3173 3350 Ἰακὼϐ,
3212 3288 3243 3340 6

1650 3368 1708 3420 ἐν
1729 3367 1877 3437 οἰκίᾳ
1902 3368 2154 3439 τραφεὶς,
2187 3368 2311 3439 οὐχὶ
2347 3368 2442 3422 τοῦ
2476 3370 2704 3423 πάππου
2740 3368 3098 3441 χαλεπώτερα
3139 3371 3243 3423 ὐπ-

1652 3448 1832 3520 έμεινε
1850 3467 1863 3514 ;
1879 3449 1982 3503 Καὶ
2006 3452 2093 3506 ἵνα
2118 3448 2193 3521 μὴ
2218 3452 2398 3506 πάντα
2410 3450 2808 3521 καταλέγοντες
2836 3452 3051 3525 μακρὸν
3073 3452 3243 3506 ποιῶ-

1654 3550 1753 3604 μεν
1790 3534 1879 3588 τὸν
1926 3534 2104 3604 λόγον,
2165 3536 2398 3590 ἄκουσον
2451 3537 2502 3589 τί
2532 3554 2667 3608 φησι
2716 3537 2845 3608 περὶ
2891 3538 2991 3606 τῆς
3019 3538 3243 3606 ἀπάσης

1649 3617 1815 3672 αὐτοῦ
1848 3617 2027 3689 ζωῆς
2056 3620 2269 3687 Μικραί
2302 3620 2403 3673 καί
2445 3622 2704 3689 πονηραί
2762 3623 2822 3673 αἱ
2856 3619 3073 3688 ἡμέραι
3095 3638 3237 3689 μου,

1648 3701 1748 3755 καί
1772 3704 1883 3756 οὐκ
1933 3703 2224 3772 ἀφίκοντο
2263 3706 2351 3771 εις
2378 3706 2487 3770 τὰς
2525 3705 2750 3774 ἡμέρας
2801 3705 2919 3758 τῶν
2964 3705 3245 3773 πατέρων

1642 3803 1784 3854 μου.
1820 3784 2015 3839 Καίτοι
2042 3787 2125 3850 τίς
2154 3784 2276 3839 ἰδὼν
2307 3786 2421 3840 υἱὸν
2450 3787 2543 3840 ἐπὶ
2569 3788 2759 3858 θρόνου
2790 3786 3075 3857 βασιλικοῦ
3104 3788 3239 3840 καθ-

1648 3871 1679 3941 ή
1690 3887 1851 3941 μενον
1882 3872 1974 3923 καὶ
2002 3870 2273 3942 τοσαύτης
2307 3872 2649 3925 ἀπολαύοντα
2676 3872 2857 3940 δόξης,
2887 3872 2988 3925 οὐκ
3037 3871 3104 3925 ἄν
3140 3874 3239 3925 ἐπα

1648 3953 1850 4025 ελήσθη
1865 3954 1974 4007 τῶν
1994 3954 2380 4025 παρελθουσῶν
2402 3973 2465 4008 συ
2474 3955 2727 4026 μφορῶν;
2766 3956 2905 4009 Ἀλλ’
2921 3956 3078 4026 ὅμως
3096 3955 3239 4007 ἐκεῖ-

1647 4024 1737 4100 νος
1760 4036 1933 4100 οὕτως
1961 4032 2031 4107 ἦν
2055 4024 2546 4111 τεταριχευμένος,
2574 4024 2651 4103 ὧς
2694 4040 2828 4109 μηδέ
2869 4042 2928 4092 ἐν
2960 4024 3237 4110 εὐημερίᾳ

1645 4121 1885 4193 τοσαύτῃ
1906 4121 2260 4177 ἐπιλαθέσθαι
2292 4124 2399 4177 τῶν
2431 4123 2817 4194 γεγενημένων
2834 4123 3045 4177 δεινῶν.
3089 4123 3131 4173 Τ
3139 4124 3153 4173 ἰ
3179 4121 3241 4173 δὲ

1646 4209 1674 4260 6
1712 4209 1875 4262 Δαυῖδ
1900 4225 1914 4271 ;
1944 4208 2118 4271 πόσας
2146 4209 2407 4279 ὑπέμεινε
2438 4208 2785 4281 τραγῳδίας;
2815 4209 2936 4279 οὐχὶ
2984 4206 3053 4260 τὰ
3096 4205 3243 4259 αὐτά

1646 4290 1796 4361 αὐτῷ
1840 4292 1934 4344 καὶ
1983 4283 2139 4355 οὗτος
2186 4292 2483 4362 φθέγγεται
2532 4291 2737 4361 λέγων·
2766 4295 2838 4347 AI.
2876 4290 3087 4361 ἡμέραι
3118 4289 3239 4343 τῶν

1646 4372 1797 4427 ἑτῶν
1822 4373 1991 4443 ἡμῶν
2020 4375 2090 4428 ἐν
2117 4375 2322 4440 αὐτοῖς
2349 4375 2760 4444 ἐϐδομήκοντα
2786 4376 2892 4443 ἔτη
2910 4392 2923 4404 ·
2952 4374 3060 4427 ἐὰν
3079 4374 3148 4426 δὲ
3168 4374 3241 4426 ἐν

1646 4457 2051 4524 δυναστείαις,
2066 4457 2434 4527 ὀγδοήκοντα
2454 4460 2581 4525 ἔτη,
2600 4458 2778 4511 καὶτὸ
2802 4458 3015 4511 πλεῖον
3036 4457 3237 4510 αὐτῶν

1647 4541 1835 4606 κόπος
1860 4541 1957 4595 καὶ
2001 4543 2227 4607 πόνος;
2260 4542 2324 4594 Τί
2353 4542 2410 4594 δὲ
2436 4544 2465 4595 6
2493 4542 2795 4613 Ἱερεμίας;
2843 4541 2965 4611 οὐχ).
3012 4541 3106 4593 καὶ
3132 4540 3241 4610 τὴν

1646 4623 1859 4694 ἡμέραν
1876 4622 2040 4676 αὐτοῦ
2058 4624 2156 4693 τῆς
2173 4626 2482 4695 γεννήσεως
2511 4625 2819 4694 καταρᾶται
2857 4624 2945 4676 διά
2966 4623 3035 4676 τά
3062 4622 3234 4675 ἐπάλ-

1644 4706 1785 4778 ληλα
1816 4708 1993 4774 δεινά;
2025 4707 2089 4759 Τί
2115 4708 2173 4761 δὲ
2199 4709 2228 4762 6
2256 4710 2497 4779 Μωῡσῆς
2520 4726 2536 4775 ;
2562 4709 2684 4778 οὐχὶ
2714 4709 2808 4760 καὶ
2841 4706 3003 4771 αὐτὸς
3030 4709 3235 4774 ἀπαγο-

1648 4790 1819 4862 ρεύων
1844 4793 2031 4862 φησὶν,
2076 4792 2462 4847 Ἀπόκτεινόν
2481 4810 2578 4862 με,
2599 4795 2651 4846 εί
2678 4792 2831 4846 οὕτω
2856 4810 2959 4861 μοι
2981 4792 3232 4861 μέλλεις

1644 4874 1870 4940 ποιεῖν;
1905 4875 1963 4929 Ὀ
2000 4874 2059 4928 δὲ
2102 4875 2309 4941 Ἠλίας,
2339 4878 2371 4947 ή
2397 4876 2785 4947 οὐρανομήκης
2812 4875 2979 4945 ψυχὴ,
3018 4872 3172 4945 [750]
3201 4874 3232 4925 6

1642 4960 1735 5014 τὸν
1767 4961 1997 5031 οὐρανὸν
2026 4960 2380 5025 ἀποκλείσας,
2408 4960 2470 5013 οὐ
2504 4958 2643 5029 μετὰ
2662 4959 2731 5012 τὰ
2759 4958 2929 5011 πολλά
2973 4958 3230 5027 θαύματα

1644 5042 1859 5116 θρηνῶν
1878 5043 2105 5097 διετέλει
2139 5044 2275 5113 πρὸς
2296 5044 2389 5096 τὸν
2417 5042 2581 5107 Θεὸν,
2633 5044 2812 5111 λέγων
2832 5082 2847 5107 ,
2900 5039 3079 5110 Ἆρον
3113 5040 3231 5108 τὴν

1642 5128 1856 5197 ψυχήν
1868 5145 1989 5198 μου
2006 5128 2109 5182 ἀπ’
2129 5127 2296 5197 ἐμοῦ,
2317 5128 2409 5181 ὅτι
2425 5130 2538 5181 οὐκ
2556 5128 2673 5197 εἰμί
2688 5128 2954 5192 βελτίων
2975 5124 3094 5180 τῶν
3116 5137 3228 5179 πα·-

1641 5211 1828 5281 τέρων
1850 5228 1971 5281 μου
2001 5213 2053 5277 l3;
2092 5210 2202 5264 Καὶ
2244 5210 2296 5263 τί
2326 5210 2431 5282 χρὴ
2468 5209 2673 5265 τούτων
2707 5209 2938 5264 ἕκαστον
2979 5209 3227 5276 ἐπιέναι;

1643 5296 1857 5358 Πάντας
1880 5296 1989 5367 γάρ
2018 5294 2215 5358 αὐτοὺς
2238 5295 2377 5364 ὁμοῦ
2402 5294 2683 5349 συλλαϐὼν
2712 5295 2741 5347 6
2765 5292 2976 5355 Παῦλος
3003 5292 3227 5359 διέξεισι

1642 5378 1840 5448 λέγων’
1880 5376 2304 5446 Περιῆλθονέν
2326 5378 2653 5447 μηλωταῖς,
2688 5379 2759 5431 ἐν
2808 5377 3056 5446 αἰγείοις
3089 5375 3225 5445 δέρ-

1636 5467 1846 5533 μασιν,
1866 5452 2314 5530 ὑστερούμενοι,
2343 5462 2701 5531 θλιϐόμενοι,
2727 5462 3226 5529 κακουχούμενοι,

1641 5541 1728 5601 ὧν
1748 5549 1860 5602 οὐκ
1890 5542 1969 5616 ἦν
1989 5545 2161 5611 ἄξιος
2189 5548 2222 5600 ό
2251 5547 2499 5615 κόσμος.
2533 5547 2643 5600 Καὶ
2667 5546 2850 5610 ἁπλῶς
2875 5547 3026 5600 πᾶσα
3056 5545 3225 5615 ἀνάγ-

1711 5764 1731 5824 °_
1754 5758 1848 5810 Alii
1869 5762 1897 5815 ἡ
1923 5760 2016 5807 τῶν
2035 5760 2175 5824 θείων.
2186 5762 2374 5824 γραφῶν
2394 5764 2489 5809 ίστ.

1716 5822 1731 5858 ί
1764 5824 1879 5870 Post
1900 5821 2227 5883 perablnesie‘i
2252 5821 2331 5871 alii
2349 5824 2531 5871 addunt
2558 5821 2780 5871 ἐντεῦθεν.

1714 5885 1735 5921 ε
1762 5884 1903 5932 Alius
1928 5884 2119 5943 βελτίων
2144 5887 2257 5933 ὑπὲρ
2284 5886 2388 5935 τοὺς
2412 5887 2611 5946 πατέρας
2632 5901 2742 5945 μου.
