3906 6244
511 377 652 436 1005

501 517 572 572 ιη
607 500 702 553 τὸν
733 498 996 571 μέλλοντα
1048 488 1366 570 εὐαρεστεῖν
1417 499 1496 570 τῷ
1542 500 1661 570 Θεῷ
1715 505 1810 553 καὶ
1869 500 2093 570 δόκιμον

502 581 643 640 εἶναι
676 586 770 638 καὶ
799 584 984 654 ἁγνὸν,
1012 584 1086 654 μὴ
1113 583 1203 635 τὸν
1235 584 1422 637 ἄνετον
1453 584 1549 636 καὶ
1578 584 1745 655 ὐγρὸν
1780 584 1875 637 καὶ¹
1913 582 2094 636 διαλε-

503 667 738 738 λυμένον
775 665 994 720 διώκειν
1024 665 1158 736 βίον,
1194 665 1332 720 ἀλλά
1362 668 1453 720 τὸν
1471 667 1727 721 ἐπίπονον
1753 667 1849 721 καὶ
1877 666 2093 736 μόχθων

506 749 745 820 γέμοντα
774 750 985 804 πολλῶν
1027 750 1123 804 καὶ
1163 749 1432 822 ἱδρώτων·
1463 750 1676 816 Οὐδεὶς
1717 751 1828 822 γάρ
1873 765 2095 818 στεφα-

504 831 737 895 νοῦται,
767 835 953 904 φησὶν,
989 833 1099 887 ἐὰν
1117 833 1204 903 μὴ
1230 835 1494 903 νομίμως
1527 833 1792 902 ἀθλήσῃ.
1834 834 1945 886 Καὶ
1979 832 2096 886 ἐτέ-

509 918 664 988 ρωθι,
687 917 812 984 Πᾶς
827 917 894 971 δὲ
913 921 946 972 ό
967 915 1407 988 ἀγωνιζόμενος
1432 918 1628 972 πάντα
1657 917 2092 988 ἐγκρατεύεται,

505 998 746 1060 καίἀπὸ
767 999 1058 1070 ῥήματος,
1084 1002 1238 1072 φησὶ,
1276 1000 1378 1055 καί
1413 1001 1532 1056 ἀπὸ
1572 1000 1942 1070 βλέμματος,
1967 1047 1972 1052 .
1993 998 2096 1052 καί

505 1085 624 1138 ἀπὸ
645 1084 854 1154 φωνῆς
874 1083 1156 1154 αἰσχρᾶς.
1189 1086 1287 1142 καί
1314 1085 1435 1139 ἀπὸ
1476 1085 1802 1153 λοιδορίας,
1842 1083 1943 1137 καί
1976 1084 2096 1137 ἀπὸ

510 1168 924 1238 βλασφημίας,
977 1167 1078 1222 καὶ
1127 1169 1246 1222 ἀπὸ
1304 1169 1758 1238 αἰσχρολογίας.
1814 1164 2097 1220 Ἐντεῦθεν

512 1251 878 1323 μανθάνομεν,
910 1253 992 1305 ὅτι
1029 1252 1133 1306 κάν
1175 1251 1250 1323 μὴ
1301 1251 1612 1323 πειρασμὸς
1655 1252 1787 1321 ἡμῖν
1828 1248 2097 1320 ἐπενεχθῇ

509 1333 676 1388 ποθεν
716 1334 944 1399 ἔξωθεν,
981 1336 1211 1399 ἑαυτοὺς
1254 1333 1555 1406 γυμνάζειν
1587 1334 1669 1388 δεῖ
1699 1332 1821 1387 καθ’
1857 1332 2098 1402 ἑκάστην

509 1417 729 1490 ἡμέραν
785 1418 1084 1490 νηστείαις,
1141 1417 1602 1490 σκληραγωγίαις,
1643 1418 1851 1470 εὐτελεῖ
1897 1417 2098 1488 τροφῇ,

509 1500 632 1572 λιτῇ
670 1500 940 1574 τραπέζῃ,
969 1500 1068 1565 τάς
1093 1501 1446 1565 πολυτελείας
1473 1500 1752 1570 πανταχοῦ
1771 1499 2096 1569 φεύγοντας·

511 1584 688 1648 ἄλλως
716 1584 825 1655 γὰρ
850 1585 951 1637 οὐκ
979 1584 1127 1638 ἔστιν
1161 1585 1529 1656 εὐαρεστῆσαι
1571 1583 1706 1654 Θεῴ.
1744 1583 1837 1655 Μὴ
1874 1581 1983 1652 γάρ
2010 1597 2101 1652 μοι

509 1671 573 1722 τὸ
597 1669 806 1740 ψυχρὸν
843 1669 995 1740 ῥῆμα
1022 1671 1199 1722 ἐκεῖνο
1233 1669 1440 1737 λεγέτω
1459 1686 1564 1732 τις,
1595 1668 1678 1721 ὅτι
1707 1668 1802 1720 καὶ
1827 1667 1898 1720 τὰ
1917 1663 2102 1719 ἐνταῦ-

512 1753 580 1807 θα
603 1755 632 1805 ὁ
659 1753 805 1806 δεῖνα
832 1753 966 1824 ἔχει,
986 1754 1080 1807 καὶ
1102 1754 1172 1808 τά
1197 1753 1317 1806 ἐκεῖ
1335 1770 1350 1786 ο
1375 1754 1658 1824 ἀμήχανον
1683 1751 1843 1805 τοῦτο
1869 1753 1962 1804 ἐπὶ
1990 1750 2100 1804 τῶν

513 1837 891 1892 πλουτούντων
912 1838 1005 1890 καὶ
1034 1835 1371 1908 τρυφώντων
1393 1838 1488 1891 καὶ
1517 1835 1942 1906 ἁμαρτανόντων
1961 1852 2024 1887 συ
2033 1852 2102 1904 μ-

513 1921 678 1991 ϐῆναι
699 1938 714 1953 θ
752 1921 889 1990 ἀλλ’,
923 1923 970 1975 εἰ
995 1921 1104 1994 χρὴ
1123 1921 1281 1976 τοῦτο
1306 1923 1499 1985 εἰπεῖν,
1523 1920 1617 1973 ἐπὶ
1635 1921 1745 1974 τῶν
1771 1919 2102 1989 θλιϐομένων

513 2006 663 2059 ἔστιν
693 2007 892 2071 εἰπεῖν,
923 2005 1034 2060 τῶν
1067 2008 1128 2059 ἐν
1157 2006 1513 2077 στενοχωρίᾳ,
1541 2007 1625 2060 ὄτι
1645 2005 1740 2059 καὶ
1767 2004 1838 2058 τά
1868 2002 2105 2058 ἐνταῦθα

512 2090 720 2160 ἔχουσι,
750 2091 846 2144 καὶ
882 2090 953 2144 τά
982 2092 1120 2144 ἐκεῖ.
1152 2089 1236 2144 Τὰ
1264 2090 1362 2160 μὲν
1391 2091 1502 2162 γάρ
1529 2091 1648 2145 ἐκεῖ
1670 2090 1908 2160 ἔχουσιν,
1944 2089 2103 2158 άμοιο

513 2175 619 2245 ϐῆς
655 2173 1022 2239 ἀπολαύοντες
1043 2191 1058 2206 ο
1081 2174 1150 2228 τά
1164 2175 1222 2228 δὲ
1245 2173 1481 2229 ἐνταῦθα
1507 2173 1715 2244 ἔχουσι,
1743 2176 1866 2237 ταῖς
1890 2173 2104 2226 ἐλπίσιν

512 2258 741 2312 ἐκείνων
771 2257 1218 2330 συντρεφόμενοι,
1238 2259 1335 2312 καὶ
1361 2259 1422 2312 οὐ
1447 2259 1820 2330 λαμϐάνοντες
1850 2256 2105 2328 αἴσθησιν

515 2341 625 2394 τῶν
682 2341 966 2413 παρόντων
995 2341 1188 2395 δεινῶν
1213 2344 1280 2413 τῇ
1321 2341 1620 2413 προσδοκίᾳ
1664 2340 1774 2394 τῶν
1802 2339 2106 2410 μελλόντων

514 2423 762 2492 ἀγαθῶν.
802 2423 943 2477 Ἀλλ’
968 2424 1294 2496 ἀκούσωμεν
1322 2425 1417 2479 καὶ
1450 2425 1561 2478 τῶν
1594 2424 1741 2496 ἑξῆς.
1798 2422 1930 2477 Ἐπὶ
1955 2420 2106 2476 πᾶσι

516 2507 586 2561 δὲ
618 2510 854 2576 τούτοις
894 2508 1102 2578 χάσμα
1151 2507 1308 2579 μέγα
1341 2508 1712 2579 ἐστήρικται,
1743 2507 1944 2579 φησὶν,
1987 2507 2108 2562 ἀνὰ

512 2591 708 2662 μέσον
735 2593 906 2662 ἡμῶν
929 2591 1236 2662 καίὐμῶν.
1274 2592 1470 2656 Καλῶς
1494 2593 1604 2663 ἄρα
1649 2587 1804 2644 εἶπεν
1841 2592 1870 2644 ὁ
1909 2589 2103 2655 Δαυῖδ,

516 2677 600 2729 ὅτι
642 2676 921 2748 Ἀδελφὸς
945 2680 1019 2732 οὐ
1041 2675 1364 2746 λυτροῦται
1382 2691 1396 2705 °
1421 2677 1493 2731 οὐ
1529 2675 1710 2730 δώσει
1736 2674 1818 2740 τῷ
1841 2673 1964 2740 Θεῷ
2006 2673 2111 2740 ἐξ-

518 2759 752 2831 ιλασμα
779 2761 1023 2817 ἑαυτοῦ.
1095 2801 1098 2804 η

589 2866 726 2921 Οὐδὲ
753 2867 864 2941 γὰρ
884 2867 1128 2932 δυνατὸν,
1155 2867 1255 2922 κᾶν
1289 2866 1539 2936 ἀδελφὸς,
1567 2866 1672 2920 κᾶν
1701 2865 1884 2938 πατὴρ
1913 2859 1970 2940 ᾖ,
2005 2863 2108 2918 κάν

518 2951 654 3014 υἱός.
691 2952 835 3023 Ὅρα
881 2951 1025 3024 γάρ·
1064 2953 1258 3006 τέκνον
1309 2949 1569 3004 ἐκάλεσεν
1614 2951 1643 3003 ὁ
1710 2949 1966 3020 Ἀϐραάμ
2016 2945 2108 3002 *ὢν

518 3033 810 3101 πλούσιον,
845 3036 942 3090 καί
973 3035 1045 3089 τὰ
1079 3035 1288 3105 πατρὸς
1331 3033 1701 3100 ἐπιδείξασθαι
1737 3034 1840 3087 οὐκ
1875 3033 2066 3103 ῖσχυσε
2091 3048 2106 3064 ’

517 3119 736 3192 πατέρα
769 3122 1034 3192 προσεῖπε
1066 3131 1095 3161 ι
1123 3119 1215 3172 τὸν
1265 3119 1519 3191 Ἀϐραάμ
1549 3121 1578 3173 ὁ
1609 3117 1886 3182 πλούσιος,
1921 3116 2016 3170 καὶ
2042 3110 2112 3189 ἧς

518 3202 666 3266 εἰκὸς
698 3202 1004 3256 ἀπολαῦσαι
1029 3202 1223 3255 τέκνον
1255 3203 1530 3273 πατρικῆς
1566 3202 1780 3266 εὐνοίας
1800 3243 1815 3268 ,
1841 3201 1944 3254 οὐκ
1981 3201 2113 3271 ἡδυ-

519 3285 680 3357 νήθη,
716 3285 804 3339 ἴνα
826 3284 1027 3357 μάθῃς,
1052 3287 1133 3339 ὅτι
1159 3283 1284 3338 οὐτε
1313 3285 1624 3353 συγγένεια,
1649 3284 1774 3337 οὐτε
1794 3283 1970 3354 φιλία,
1987 3283 2114 3337 οὐτε

519 3370 886 3442 προσπάθεια,
908 3368 1032 3423 οὔτε
1061 3369 1190 3424 ἀλλο
1218 3388 1270 3424 τι
1306 3369 1416 3422 τῶν
1449 3367 1620 3423 ὄντων
1663 3369 1853 3441 ὀνῆσαι
1890 3368 2113 3422 δύναται

519 3455 608 3510 τὸν
641 3455 748 3509 ὑπὸ
777 3453 881 3526 τῆς
909 3455 1118 3520 οἰκείας
1146 3456 1293 3527 ζωῆς
1322 3452 1743 3526 προδεδομένον.

592 3569 643 3618 ι’.
658 3561 845 3616 Ταῦτα
859 3562 916 3616 δὲ
931 3562 1094 3633 λέγω,
1111 3561 1296 3634 ἐπειδὴ
1311 3561 1503 3616 πολλοὶ
1518 3560 1798 3624 πολλάκις,
1811 3560 1968 3633 ήμῶν
1984 3578 2057 3614 πα
2064 3578 2116 3632 ρ-

519 3646 818 3703 αινούντων
873 3648 1172 3720 προσέχειν
1193 3647 1408 3711 ἑαυτοῖς
1439 3647 1535 3701 καὶ
1564 3648 1782 3716 νήφειν,
1809 3645 2116 3718 ῥᾳθυμοῦσι

522 3732 616 3787 καὶ
646 3733 726 3795 εἰς
752 3731 967 3801 γέλωτα
1003 3730 1102 3802 τὴν
1129 3730 1452 3800 παραίνεσιν
1473 3728 1819 3794 ἐκϐάλλουσι,
1843 3729 2114 3799 λέγοντεςο

522 3816 595 3869 Σύ
622 3833 722 3888 μου
749 3815 1058 3888 προστήσῃ,
1105 3814 1264 3886 φησὶ,
1298 3813 1422 3868 κατ’
1453 3813 1671 3887 ἐκείνην
1717 3814 1819 3885 τὴν
1868 3813 2114 3886 ἡμέρανο

521 3902 618 3954 καὶ
651 3899 860 3972 θαρρῶ,
881 3902 977 3954 καὶ
998 3901 1057 3952 οὐ
1079 3898 1315 3953 δέδοικα.
1347 3899 1518 3953 Πάλιν
1538 3899 1718 3962 ἄλλος,
1742 3898 1964 3969 Πατέρα
1981 3900 2121 3970 μάρ-

521 4003 660 4056 τυρα
686 3986 813 4056 ἔχω,
841 3985 996 4056 φησί,
1033 3987 1126 4038 καὶ
1150 3984 1359 4056 ἕτερος,
1397 3985 1627 4038 Πάππον
1662 3983 1991 4038 ἐπίσκοπον’
2023 3981 2119 4038 άλ-

522 4067 604 4122 λοι
633 4069 794 4123 πάλιν
849 4069 977 4132 τούς
1022 4069 1123 4140 τῆς
1155 4070 1330 4133 οἰκίας
1359 4070 1568 4132 πάντας
1605 4069 1707 4138 τῆς
1746 4068 1956 4122 ἑαυτῶν
1983 4084 2121 4139 προ-

525 4151 832 4209 ϐάλὶονται.
899 4152 1061 4206 Ἀλλά
1108 4152 1289 4208 πάντα
1334 4152 1520 4223 ψυχρά
1554 4152 1729 4206 ταῦτα
1755 4151 1828 4206 τὰ
1863 4153 2114 4223 ῥήματα·

525 4235 647 4289 οὐδὲ
687 4237 794 4307 γάρ
816 4237 963 4305 ἡμᾶς
991 4238 1025 4306 ἡ
1061 4237 1264 4308 ἐτέρων
1293 4237 1465 4309 ἀρετὴ
1491 4236 1772 4308 ὠφελῆσαι
1797 4236 1918 4290 τότε
1954 4235 2119 4307 δυνή-

529 4335 703 4372 σεται.
734 4320 1140 4391 Ἀναμνήσθητι
1173 4319 1281 4373 τῶν
1311 4319 1600 4392 παρθένων
1628 4320 1874 4386 ἐκείνων,
1902 4321 1960 4374 αἳ
1993 4322 2115 4384 ταῖς

589 4480 620 4511 ⁸
638 4477 737 4531 Alii
759 4481 942 4544 πατέρα
965 4479 1181 4529 ἐκάλεσε.

1450 4662 1790 4672 —-———————————

1793 4661 2010 4670 ...ι’-.-

1221 375 1280 433 S.
1320 375 1612 434 JOANNIS
1650 375 2147 434 CHRYSOSTOMI
2187 377 2508 435 ARCHIEP.
2547 378 3094 436 CONSTANTlNOP.

2014 4659 2296 4670 .—_-————_

3650 382 3788 438 ιοοσ

2197 502 2357 554 πέντε
2397 499 2686 572 παρθένοις
2732 501 2790 553 οὐ
2833 498 3146 569 μετέδωκαν
3184 497 3277 551 τοῦ
3321 498 3509 553 ἐλαίου
3532 517 3545 528 ·
3585 499 3710 553 ἀλλ’
3738 500 3793 553 αἰ

2199 587 2298 656 μὲν
2327 586 2575 658 εἰσῆλθον
2604 587 2684 648 εἰς
2715 585 2806 637 τὸν
2830 584 3114 655 νυμφῶνα,
3141 587 3195 638 αἱ
3225 584 3282 637 δὲ
3315 583 3790 655 ἀπεκλείσθησαν.

2195 670 2356 740 Μέγα
2385 670 2588 739 ἀγαθον
2620 671 2676 721 ὲν
2695 671 2808 731 τοῖς
2836 667 3054 731 οἰκείοις
3084 668 3475 739 κατορθώμασι
3502 669 3610 730 τὰς
3642 667 3793 720 ἐλπί-

2195 754 2292 817 δας
2318 755 2419 824 τῆς
2444 753 2721 823 σωτηρίας
2736 751 2882 822 ἔχειν
2898 768 2912 782 ο
2941 750 3094 820 φίλος
3113 751 3171 804 δὲ
3187 754 3304 804 ἐκεῖ
3329 751 3516 814 οὐδεὶς
3535 750 3792 804 οὐδέποτε

2198 839 2524 907 προΐσταται
2552 837 2603 889 ι).
2631 835 2693 887 Εἰ
2722 835 2832 906 γὰρ
2859 833 3098 888 ἐνταῦθά
3120 851 3253 906 φησι
3277 834 3355 904 τῷ
3393 834 3669 905 Ἱερεμίᾳ,
3698 833 3792 899 Μὴ

2197 922 2376 986 ἀξίου
2407 922 2540 988 περὶ
2566 920 2676 974 τοῦ
2697 919 2853 973 λαοῦ
2873 919 3110 981 τούτου,
3137 918 3264 971 ἔνθα
3296 917 3452 989 [751]
3482 918 3674 988 κύριοι
3700 918 3793 972 τοῦ

2203 1004 2606 1079 μεταϐαλέσθαι
2625 1019 2638 1033 ·
2661 1003 2840 1074 πολλῷ
2868 1002 3070 1074 μᾶλλον
3095 1003 3229 1057 ἐκεῖ.
3245 1002 3309 1054 Τί
3325 1003 3508 1072 λέγεις
3531 1020 3548 1067 ;
3578 1004 3795 1074 Πατέρα

2203 1093 2456 1162 μάρτυρα
2477 1089 2653 1160 ἑχεις;
2687 1088 2830 1141 Αὐτὸ
2871 1089 2970 1155 μὲν
2997 1082 3089 1141 οὖν
3120 1104 3178 1138 σε
3211 1087 3370 1139 τοῦτο
3417 1086 3668 1158 μάλιστα
3697 1104 3795 1139 κα·

2197 1173 2485 1229 ταδικάσαι
2514 1173 2804 1243 δυνήσεται
2827 1170 3011 1235 πλέον,
3037 1171 3168 1223 ὅταν
3188 1169 3398 1223 οἴκοθεν
3434 1172 3583 1241 ἔχων
3615 1169 3683 1222 τὰ

2202 1257 2544 1330 ραδείγματα
2568 1255 2670 1326 τῆς
2698 1255 2922 1326 ἀρετῆς,
2954 1252 3174 1317 ἀνάξιον
3210 1252 3440 1305 σεαυτὸν
3466 1253 3578 1323 τῆς
3606 1269 3797 1322 προγο-

2200 1340 2355 1412 νικῆς
2381 1339 2670 1411 παράσχῃς
2699 1338 2923 1410 ἀρετῆς.
2969 1335 3134 1389 Ἀλλά
3160 1335 3312 1406 φίλον
3348 1335 3496 1405 ἔχεις
3547 1338 3796 1404 γενναῖον

2202 1425 2297 1479 καὶ
2330 1423 2682 1493 θαυμαστόν;
2718 1422 2854 1476 Οὐδὲ
2882 1413 3039 1484 οὗτός
3077 1437 3161 1473 σοι
3203 1420 3628 1490 παραστήσεται
3655 1419 3794 1472 τότε.

2203 1507 2328 1572 Πῶς
2354 1502 2448 1561 οὐν
2487 1523 2644 1578 φησι,
2668 1505 2968 1572 Ποιήσατε
2989 1503 3133 1573 ὑμῖν
3159 1504 3379 1572 φίλους
3400 1503 3472 1556 ἐκ
3503 1500 3619 1555 τοῦ
3640 1520 3797 1571 μαμ-
3825 1527 3828 1529 λ

2197 1590 2367 1663 μωνᾶ
2406 1589 2518 1658 τῆς
2540 1589 2800 1654 ἀδικίας,
2833 1589 2909 1642 ἵν’
2949 1587 3096 1642 ὅταν
3131 1587 3451 1653 ἐκλίπητε,
3505 1585 3798 1648 δέξωνται

2203 1674 2362 1747 ὑμᾶς
2383 1677 2471 1741 εἰς
2493 1675 2601 1739 τὰς
2629 1673 2909 1739 αἰωνίους
2935 1671 3172 1738 σκηνάς
3197 1689 3216 1736 ;
3249 1671 3361 1740 Οὐχ
3390 1673 3426 1739 ἡ
3455 1671 3616 1739 φιλία
3656 1671 3798 1721 ἐστὶν

2203 1759 2496 1828 ἐνταῦθαὴ
2548 1755 2947 1828 προῖσταμένη,
3003 1755 3120 1810 ἀλλ’
3159 1758 3192 1826 ἡ
3248 1754 3623 1825 ἐλεημοσύνη.
3673 1752 3797 1806 Ἐὰν

2202 1845 2365 1916 γάρὴ
2393 1842 2542 1912 φιλία
2570 1841 2704 1912 μόνη
2719 1841 3032 1912 προϊστατο,
3062 1838 3168 1891 ἔδει
3191 1837 3378 1899 ἁπλῶς
3399 1840 3606 1900 εἰπεῖν,
3640 1838 3798 1906 Had-‘-

2205 1947 2336 1983 σατε
2384 1929 2515 1999 ὑμῖν
2562 1927 2751 1997 φίλους
2776 1941 2790 1955 ·
2828 1925 2948 1977 νυνὶ
2977 1924 3034 1977 δὲ
3066 1923 3305 1986 δεικνὺς,
3333 1923 3415 1974 ὅτι
3446 1922 3548 1992 οὐχ
3582 1923 3617 1992 ἡ
3650 1921 3795 1989 φιλία

2207 2014 2343 2085 μόνη
2400 2015 2748 2085 προΐσταται,
2808 2007 3172 2080 προσέθηκεν,
3218 2007 3314 2059 Ἐκ
3356 2005 3466 2060 τοῦ
3499 2004 3798 2074 μαμμωνᾶ

2204 2097 2317 2166 τῆς
2336 2097 2593 2162 ἀδικίας.
2630 2094 2824 2148 Καίτοι
2855 2095 2984 2155 ἴσως
3013 2091 3157 2144 εἴποι
3189 2108 3272 2155 τις
3305 2090 3370 2144 ἂν
3391 2131 3404 2154 ,
3433 2089 3516 2142 ὅτι
3549 2089 3798 2157 Δύναμαι

2205 2182 2375 2253 χωρὶς
2404 2179 2498 2233 τοῦ
2525 2179 2810 2252 μαμμωνᾶ
2831 2177 3056 2248 ποιῆσαι
3091 2175 3242 2244 φίλον
3264 2216 3278 2237 ,
3313 2175 3406 2226 καὶ
3443 2172 3797 2225 σπουδαιότε-

2211 2284 2302 2338 ρον
2328 2264 2550 2336 μᾶλλον,
2575 2265 2608 2335 ἢ
2643 2263 2732 2316 διὰ
2760 2260 2852 2315 τοῦ
2883 2261 3186 2332 μαμμωνά.
3225 2259 3366 2311 Ἀλλ’
3391 2257 3480 2310 ἴνα
3510 2257 3696 2327 μάθῃς
3722 2257 3796 2307 ὅτι

2206 2347 2548 2421 ἐλεημοσύνη
2582 2347 2782 2418 ὲστὶνή
2808 2343 3210 2417 προῖσταμένη,
3235 2342 3330 2396 καὶ
3355 2341 3415 2394 το
3435 2341 3603 2411 ἔργον
3632 2341 3694 2392 τὸ
3715 2340 3798 2390 σὸν

2208 2434 2393 2488 καὶτὸ
2437 2431 2808 2502 κατόρθωμα,
2844 2428 2944 2481 οὐκ
2995 2429 3056 2480 ἐν
3105 2429 3224 2490 ταῖς
3268 2425 3478 2494 φιλίαις
3525 2425 3651 2486 ταῖς
3693 2423 3798 2474 τῶν

2207 2518 2381 2587 ἁγίων
2409 2515 2619 2581 ἀπλῶς,
2655 2514 2770 2568 ἀλλ’
2793 2515 2852 2566 ἐν
2877 2514 2997 2575 ταῖς
3029 2510 3234 2581 φιλίαις
3263 2511 3380 2573 ταῖς
3412 2507 3502 2560 διά
3532 2507 3635 2560 τοῦ
3660 2525 3804 2576 μαμο

2211 2602 2370 2672 μωνᾶ
2396 2598 2711 2669 γινομέναις
2763 2595 2951 2650 ἔπεισέ
2981 2612 3041 2648 σε
3098 2594 3346 2666 θαρρεῖν.
3385 2592 3567 2661 "Amp
3622 2587 3717 2643 οὖν
3745 2593 3802 2642 ά-

2208 2702 2390 2738 παντα
2423 2683 2643 2746 εἰδότες,
2668 2681 2963 2752 ἀγαπητοὶ,
2995 2678 3357 2750 προσέχωμεν
3408 2677 3633 2745 ἑαυτοῖς
3670 2675 3801 2744 μετά

2209 2767 2499 2841 ἀκριϐείας
2520 2767 2774 2838 ἀπάσης⁹
2805 2765 2910 2820 κᾶν
2945 2760 3324 2832 κολαζώμεθα,
3355 2758 3798 2829 εὐχαριστῶμεν·

2210 2852 2316 2906 κᾶν
2341 2853 2400 2904 ἐν
2418 2849 2690 2922 εὐημερίᾳ
2709 2850 2988 2918 διάγωμεν
3015 2858 3063 2909 ο,
3092 2842 3523 2914 ἀσφώιζὼμθα
3547 2844 3801 2903 ἑαυτοὺς,

2210 2936 2306 2988 καὶ
2322 2937 2440 2998 ταῖς
2453 2934 2658 3006 ἐτέρων
2681 2932 2975 3004 τιμωρίαις
2998 2927 3479 3001 σωφρονιζόμενοι,
3513 2925 3609 2978 διὰ
3635 2943 3805 2996 μετα-

2209 3019 2359 3082 νοίας
2393 3019 2489 3072 καὶ
2540 3016 2884 3082 κατανύξεως
2922 3015 3016 3068 καὶ
3056 3011 3310 3083 συνεχοῦς
3361 3009 3807 3080 ἐξομολογήσεως

2211 3101 2627 3174 εὐχαριστῶμεν
2651 3117 2666 3132 ·
2701 3102 2797 3154 καὶ
2840 3099 2893 3152 εί
2931 3116 2986 3152 τι
3020 3094 3484 3168 πεπλημμέληται
3529 3093 3679 3148 κατά
3718 3093 3808 3145 τὸν

2211 3188 2456 3259 παρόντα
2482 3185 2596 3256 βίον
2635 3185 2785 3256 ἡμῖν,
2812 3182 3163 3253 ἀποθέμενοι,
3192 3181 3285 3233 καὶ
3314 3178 3456 3249 μετὰ
3480 3178 3690 3248 πολλῆς
3707 3177 3807 3244 τῆς

2213 3271 2450 3340 σπουδῆς
2474 3271 2656 3324 πᾶσαν
2687 3268 2789 3338 τῆς
2827 3267 3006 3338 ψυχῆς
3054 3264 3210 3336 ἡμῶν
3245 3261 3674 3333 ἀποσμήξαντες
3711 3263 3808 3331 ὴν

2213 3356 2422 3428 κηλῖδα,
2469 3351 2880 3426 παρακαλῶμεν
2922 3351 3011 3403 τὸν
3043 3350 3176 3402 Θεὸν
3211 3347 3548 3413 καταξιῶσαι
3597 3345 3808 3406 πάντας

2213 3440 2361 3511 ἡμᾶς
2387 3437 2638 3491 ἐντεῦθεν
2655 3434 3087 3506 διαλυσαμένους
3116 3431 3350 3495 ι’,οὐτως
3381 3429 3646 3483 ἀπελθεῖν
3671 3431 3810 3482 ἐκεῖ-

2216 3541 2295 3589 σε,
2324 3524 2411 3576 ῖνα
2437 3521 2512 3592 μὴ
2544 3519 2684 3591 μετά
2712 3518 2807 3571 τοῦ
2839 3517 3120 3583 πλουσίου,
3143 3515 3282 3569 ἀλλά
3319 3513 3458 3584 μετά
3484 3512 3581 3566 τοῦ
3625 3511 3808 3573 Λαζά-

2219 3624 2313 3678 ρου
2341 3605 2452 3660 τῶν
2485 3604 2579 3658 τοῦ
2604 3602 2948 3675 πατριάρχου
2973 3601 3190 3654 κόλπων
3230 3597 3673 3659 ἀπολαύσαντες,
3697 3598 3807 3654 τοῖς

2215 3677 2505 3753 ἀθανάτοις
2531 3686 2890 3759 ἐντρυφῶμεν
2921 3684 3176 3753 ἀγαθοῖ;’
3210 3677 3284 3737 ὧν
3327 3683 3546 3750 γένοιτο
3598 3683 3806 3741 πάντας

2217 3778 2363 3848 ἡμᾶς
2388 3775 2686 3844 ἐπιτυχεῖν,
2717 3772 2900 3841 χάριτι
2927 3771 3022 3823 καὶ
3055 3767 3436 3838 φιλανθρωπία
3461 3763 3806 3848 τοῦῗΚυρΞου

2216 3847 2372 3930 ἡμῶν
2413 3857 2592 3928 Ἰησοῦ
2622 3853 2879 3926 Χριστοῦ,
2911 3853 3030 3924 μεθ’
3063 3848 3124 3907 οὐ
3243 3850 3421 3920 Πατρὶ
3445 3851 3479 3919 ἡ
3502 3847 3656 3912 δόξα,
3695 3847 3807 3916 ἃμα

2214 3941 2294 4014 τῷ
2340 3941 2483 4012 ἀγίῳ
2517 3938 2836 4010 Πνεύματι,
2898 3939 2980 4000 εἰς
3015 3937 3142 4000 τοὺς
3180 3934 3380 3998 αἰῶνας
3417 3933 3532 3987 τῶν
3571 3931 3805 3986 αἰώνων.

2243 4027 2425 4097 Ἀμήν.

2274 4162 2305 4203 1³
2337 4161 2438 4214 Alii
2455 4163 2832 4226 παραστήσεται.

2283 4229 2304 4256 ε
2334 4227 2433 4300 Αἰξί
2457 4216 2789 4304 διατρίςαξμεν,
2815 4228 2869 4273 et
2889 4221 3034 4286 paulo
3069 4227 3184 4284 post
3206 4219 3599 4283 ἐξομολογήσεως
3619 4219 3701 4266 καὶ
3732 4216 3806 4264 :6-

2219 4288 2483 4389 xagwriac,
2506 4287 2586 4335 καὶ
2605 4287 2648 4335 εἰ
2661 4303 2723 4334 τι.
3167 4344 3176 4354 ι

2311 4345 2414 4398 'Sic
2439 4362 2751 4416 pmpes_ms_s.
2773 4351 2925 4416 a_t_qu_e
2954 4345 3023 4396 ita
3058 4345 3315 4416 rSanrl.__in
3351 4355 3510 4416 marg.
3556 4343 3806 4416 ῐιιιειτιςςς

2219 4423 2418 4474 quoque
2439 4413 2506 4460 ita
2531 4413 2671 4473 legit.
2697 4406 2857 4460 SavilI
2889 4411 2940 4459 in
2965 4415 3106 4460 textu
3145 4415 3200 4457 el.
3222 4406 3396 4456 Morel.
3417 4406 3580 4453 πάντα

2221 4474 2608 4536 διαλυσαμένους.

2297 4659 2822 4669 -_—-.————-—..—__-_——

530 4795 556 4817 ⁶
582 4793 687 4859 Εἰς
714 4790 823 4845 τὸν
849 4791 1154 4844 πλούσιον
1213 4789 1311 4843 καί
1353 4787 1463 4842 τὸν
1498 4785 1768 4854 Λάζαρον
1798 4789 1836 4806 ’⁸
1871 4783 2056 4852 λόγος
2119 4779 2437 4848 τέταρτος·
2487 4781 2583 4833 καὶ
2634 4779 2725 4833 ὅτι
2763 4779 2830 4833 τὸ
2878 4776 3161 4844 συνειδὸς
3199 4777 3408 4829 εἴωθεν
3449 4774 3615 4844 ἡμᾶς
3675 4774 3807 4827 ἁνα-

1301 4879 1672 4951 μιμνήσκειν
1705 4878 1933 4933 παλαιὰ
1963 4877 2372 4946 ἁμαρτήματα,
2405 4877 2501 4930 καὶ
2529 4877 2617 4940 εἰς
2647 4871 2753 4927 τὸν
2795 4869 3026 4940 Ἰωσήφ.

603 5113 674 5162 α’.
687 5106 801 5177 Τῆς
814 5104 908 5159 τοῦ
938 5101 1191 5174 Λαζάρου
1217 5099 1536 5175 παραϐολῆς
1547 5100 1608 5154 τὸ
1631 5100 1786 5164 τέλος
1801 5099 2015 5173 ἀνάγκη
2033 5104 2122 5175 τή.

536 5209 698 5264 μερον
727 5188 1042 5244 ἀποδοῦναι.
1087 5187 1278 5258 Ὑμεῖς
1311 5185 1411 5257 μὲν
1437 5183 1547 5256 γάρ
1581 5184 1710 5248 ίσως
1741 5184 1802 5237 τὸ
1845 5186 1954 5238 πᾶν
1988 5186 2120 5257 ἡμῖν

531 5274 866 5347 ἁπηρτίσθαι
899 5269 1168 5343 νομίζετεο
1201 5270 1261 5323 οὐ
1296 5269 1402 5341 μὴν
1439 5267 1616 5338 ἔγωγε
1650 5268 1927 5339 χρήσομαι
1965 5268 2120 5340 ὐμῶν

532 5360 614 5422 εἰς
649 5358 865 5428 ἀπάτην
898 5360 966 5428 τῇ
1003 5353 1216 5424 ἀγνοίᾳ,
1251 5352 1372 5406 οὐδὲ
1409 5353 1790 5421 ἀποστήσομαι
1829 5351 2114 5423 πρότερον,

531 5442 637 5505 ιως
678 5443 743 5495 ἂν
785 5441 846 5494 τὸ
887 5440 1210 5511 φαινόμενον
1239 5448 1266 5476 α
1312 5436 1459 5490 ἆπαν
1498 5434 1721 5489 ἀπέλθω
1753 5433 1952 5490 λαϐών
1997 5435 2119 5489 ἐπεὶ

598 5619 617 5640 ⁶
643 5619 827 5669 Co!lala
847 5631 956 5667 cum
979 5617 1154 5666 iisdem
1165 5631 1282 5666 mss.

595 5682 637 5700 "
661 5682 857 5755 Τὶἰιιιιιδ
882 5683 931 5730 in
954 5680 1102 5729 Savil.
1129 5678 1224 5729 sic:
1254 5680 1336 5735 Εἰς
1352 5677 1435 5726 τὸν
1457 5677 1686 5727 πλούσιον
1702 5679 1784 5726 καὶ
1805 5679 1882 5726 τὸν
1905 5677 2121 5740 Λάζαρον

531 5743 1056 5864 1610§:::'itlafp‘irgCinarg.
1083 5802 1140 5852 τὸ
1182 5803 1500 5867 ὀφειλόμενον.
1527 5801 1684 5854 Paulo
1722 5804 1832 5863 post
1864 5812 1990 5849 unus
2026 5813 2116 5850 ms.

523 5876 631 5932 τοὺς

2225 5100 2318 5155 καὶ
2369 5096 2612 5168 γεωργὸς
2649 5095 2746 5165 τῆς
2777 5092 3025 5164 ἀμπέλου
3065 5087 3430 5162 τρυγηθείσης
3466 5088 3715 5159 ἀπάσης,
3751 5097 3805 5149 οὐ

2226 5183 2492 5255 πρότερον
2518 5178 2836 5250 ἀφίσταται,
2865 5175 2969 5238 ἕως
3001 5174 3067 5228 ἂν
3102 5174 3196 5227 καί
3235 5173 3334 5235 τάς
3361 5174 3543 5244 ῥᾶγας
3585 5175 3799 5244 ἐκτέμῃ.

2236 5267 2392 5320 Ἐπεὶ
2423 5260 2517 5318 οὖν
2557 5261 2652 5316 καὶ
2694 5260 2788 5314 νῦν
2816 5258 3010 5330 ἐνορῶ,
3042 5257 3232 5327 ὥσπερ
3267 5255 3372 5308 ὐπὸ
3420 5255 3672 5325 φύλλοις,
3703 5261 3802 5318 τοῖς

2225 5349 2549 5421 γράμμασιν
2582 5342 3112 5415 ὲναποκεκρυμμένα
3156 5341 3400 5412 νοήματα
3444 5338 3550 5405 ἔτι,
3590 5342 3720 5412 φέρε
3743 5341 3804 5406 δὴ

2225 5432 2322 5487 καὶ
2349 5430 2542 5495 ταῦτα,
2565 5429 2688 5483 ἀντὶ
2721 5429 2994 5500 δρεπάνης
3028 5425 3105 5496 τῷ
3129 5425 3272 5494 λόγῳ
3307 5423 3676 5494 χρησάμενοι,
3709 5425 3803 5476 πάν

2227 5518 2310 5571 λιν
2361 5515 2479 5587 μετ’
2531 5514 2818 5586 ἀκριϐείας
2864 5510 3354 5582 ἀποτρυγήσωμεν.
3391 5507 3676 5578 Ἀμπελος
3719 5508 3806 5576 μὲν

2227 5603 2337 5673 γάρ
2364 5598 2699 5672 τρυγηθεῖσα
2720 5595 2996 5662 καθάπαξ,
3024 5595 3221 5665 ἔστηκε
3247 5592 3429 5662 γυμνὴ
3456 5590 3554 5644 τοῦ
3580 5591 3804 5662 καρποῦ.

2228 5685 2404 5756 φύλλα
2447 5683 2644 5754 ἔχουσα
2696 5681 2876 5752 μόνον⁹
2926 5681 2959 5750 ἡ
3015 5678 3071 5731 δὲ
3110 5677 3354 5747 ἄμπελος
3401 5677 3435 5745 ἡ
3471 5677 3806 5745 πνευματικὴ

2231 5768 2383 5842 [.752]
2412 5769 2520 5822 τῶν
2560 5767 2720 5820 θείων
2747 5766 2786 5817 Γ
2791 5765 2978 5837 ραφῶν
3003 5764 3101 5834 οὐχ
3125 5761 3314 5827 οὓτως,
3345 5759 3461 5813 ἀλλ’
3487 5759 3558 5813 ἂν
3595 5760 3658 5812 τὸ
3685 5777 3802 5829 φαιο

2226 5854 2451 5925 νόμενον
2492 5851 2639 5909 ἅπαν
2677 5847 3014 5920 ἀνελώμεθα,
3043 5849 3105 5901 τὸ
3140 5845 3302 5900 πλέον
3336 5843 3667 5915 ἐναπομένει
3701 5852 3796 5900 πά·
