3906 6328
87 475 260 531 1005

85 598 344 651 metatis
378 640 401 665 ,
444 599 496 651 in
525 597 737 667 pellibus
762 594 986 665 caprinis
1013 604 1232 665 egentes,
1281 593 1449 663 amicti
1478 632 1494 658 ,
1524 594 1741 648 calami-

88 690 210 740 tosi
242 730 260 749 ,
302 690 507 757 quibus
540 690 725 757 dignus
769 703 871 740 non
909 696 1016 740 erat
1059 685 1276 739 mundus
1305 683 1488 754 (Hebr.
1520 688 1606 740 11.
1635 686 1750 757 57).

84 779 388 834 Prorsus
430 782 499 835 ita
525 791 746 835 necesse
773 787 856 834 est
884 794 1028 843 eum,
1055 777 1147 847 qui
1197 776 1407 845 placere
1456 776 1587 831 velit
1610 777 1745 845 Deo,

86 874 196 940 qui
269 873 560 941 probatus
607 887 671 925 ac
737 886 902 940 purus
956 884 1077 924 esse
1121 869 1284 932 velit,
1339 868 1750 938 haudquaquam

89 964 344 1017 sectari
385 965 549 1017 vitam
586 962 799 1016 mollem
822 1001 836 1026 ,
882 960 1159 1014 remissam
1187 975 1250 1014 ac
1275 959 1587 1013 dissolutam
1608 1001 1624 1026 ,
1655 958 1750 1014 sed

92 1055 483 1111 laboriosam
511 1098 526 1122 ,
555 1055 841 1123 multisque
862 1052 1146 1107 sudoribus
1172 1053 1402 1122 plenam.
1425 1049 1750 1119 Audiipsum

94 1149 434 1204 «licentem
452 1166 464 1201 :
482 1148 672 1202 Nullus
696 1155 989 1213 coronatur,
1012 1146 1110 1199 nisi
1137 1146 1221 1215 qui
1252 1144 1467 1215 legitime
1492 1144 1751 1197 certauerit

102 1240 195 1310 (Ξ.
244 1238 413 1294 Tim.
461 1239 516 1293 2.
547 1240 629 1308 5).
677 1238 747 1292 Ει
785 1237 912 1291 alibi
939 1254 952 1291 :
979 1236 1217 1306 Quisquis
1257 1244 1424 1289 autem
1469 1243 1666 1301 certat,
1696 1234 1751 1287 in

94 1332 393 1387 erunibus
413 1333 676 1387 continens
704 1341 776 1387 est
800 1372 814 1397 ,
846 1339 891 1385 et
920 1330 975 1383 in
998 1330 1157 1383 verbis
1181 1371 1196 1396 ,
1229 1339 1276 1382 et
1324 1329 1377 1382 in
1406 1337 1615 1397 aspectu
1641 1367 1657 1394 ,
1703 1336 1750 1381 et

96 1439 158 1477 in
210 1440 371 1479 voce
398 1464 415 1492 ,
448 1435 495 1479 et
522 1442 556 1477 α
603 1424 841 1479 conviciis
892 1431 1217 1493 temperans,
1264 1431 1312 1474 et
1356 1437 1389 1474 a
1438 1419 1751 1489 blasphemia

93 1528 156 1571 et
214 1536 259 1572 a
299 1519 627 1591 turpiloquio
652 1516 730 1589 (1.
764 1516 885 1572 Cor.
914 1515 967 1571 9.
995 1515 1108 1586 25).
1140 1514 1274 1569 Hinc
1305 1513 1612 1580 ediscimus,
1642 1511 1745 1569 etsi

97 1610 385 1666 tentatio
405 1625 509 1665 non
543 1609 676 1664 foris
705 1607 951 1673 infestet,
976 1609 1185 1677 seipsos
1212 1621 1467 1663 exercere
1495 1616 1749 1676 Oportere

101 1701 484 1769 quotidianis
505 1700 746 1771 jejuniis,
777 1714 1074 1770 asperaque
1099 1699 1204 1753 vita
1234 1739 1252 1766 ,
1302 1698 1391 1752 vili
1420 1699 1540 1753 cibo
1565 1738 1579 1763 ,
1604 1698 1747 1752 tenui

104 1809 340 1848 mensa
362 1834 380 1858 ,
419 1794 617 1864 ubique
657 1793 894 1848 vitantes
921 1801 1167 1863 sumptus
1215 1791 1547 1860 magnificos.
1577 1789 1749 1846 Aliter

108 1903 241 1941 non
290 1895 484 1956 potest
507 1888 626 1956 quis
654 1886 864 1955 placere
896 1886 1027 1940 Deo.
1059 1884 1241 1955 Neque
1273 1885 1413 1939 enim
1462 1884 1591 1938 mihi
1640 1884 1746 1939 fri-

113 1979 345 2051 gidum
402 1978 535 2034 illud
589 1978 789 2033 dictum
834 1977 1092 2047 obiecerit
1125 1977 1417 2047 quiSpiam,
1464 1976 1605 2045 quod
1661 1976 1749 2031 hic

112 2081 223 2126 aut
281 2071 391 2126 ille
439 2069 600 2125 simul
649 2069 843 2124 habeat
881 2078 936 2123 et
988 2067 1147 2136 hujus
1177 2068 1300 2121 vita:
1345 2076 1401 2121 et
1438 2067 1581 2120 illius
1608 2080 1753 2120 com-

113 2161 337 2216 moda.
393 2161 509 2215 Hoc
550 2162 603 2216 in
631 2160 921 2225 divitibus,
973 2174 1037 2214 ac
1074 2158 1277 2214 deliciis
1317 2157 1613 2212 fruentibus
1671 2157 1747 2211 si-

120 2254 379 2325 mulque
444 2253 786 2323 peccantibus
839 2251 1083 2306 accidere
1136 2266 1468 2320 nequaquam
1520 2258 1744 2319 potest:

120 2361 346 2398 verum
394 2346 441 2398 si
471 2344 613 2399 istud
638 2343 922 2399 dicendum
951 2351 1063 2407 est,
1090 2342 1157 2397 de
1186 2342 1250 2396 iis
1279 2343 1367 2412 qui
1399 2342 1485 2395 hic
1510 2342 1752 2411 affligun-

126 2446 228 2489 tur
283 2435 401 2491 dici
468 2444 687 2505 potest,
751 2435 839 2505 qui
893 2439 1077 2488 vivunt
1126 2434 1180 2487 in
1220 2433 1548 2503 angoribus,
1600 2432 1748 2487 vide-

127 2526 276 2580 licet
325 2525 472 2595 quod
526 2525 616 2580 hic
638 2534 693 2580 et
721 2524 838 2580 haec
863 2537 916 2580 et
956 2526 1047 2578 illa
1100 2523 1352 2580 habeant.
1397 2525 1509 2579 lllic
1556 2523 1753 2578 habent

132 2617 372 2686 praemii
400 2616 628 2671 fructum
659 2633 673 2670 :
702 2616 790 2671 hic
816 2615 1051 2682 habent,
1074 2615 1216 2685 quod
1240 2616 1451 2668 illorum
1477 2630 1575 2684 spe
1600 2615 1751 2669 alano

132 2721 240 2765 tur
268 2750 289 2776 ,
324 2725 430 2765 nec
466 2710 699 2766 sentiant
751 2710 889 2764 mala
946 2708 1233 2779 praesentia
1258 2749 1272 2769 ,
1324 2707 1394 2762 ob
1450 2707 1752 2762 futurorum

134 2804 432 2858 bonorum
473 2803 950 2873 exspectationem.
998 2799 1104 2855 Sed
1154 2798 1432 2853 audiamus
1468 2808 1524 2854 et
1545 2797 1752 2868 reliqua

135 2912 278 2965 qua:
309 2903 612 2966 sequuntur
639 2911 653 2947 :
685 2895 858 2965 Super
902 2898 1011 2947 hac
1039 2892 1210 2947 omnia
1246 2906 1361 2945 vero
1389 2892 1545 2945 chaos
1576 2891 1754 2961 ingens

138 2988 497 3055 conﬁrmatus
551 2996 624 3041 est
678 2987 811 3041 inter
864 2974 955 3039 nos
1003 2994 1052 3038 et
1104 2999 1191 3037 vos
1244 2981 1424 3055 (Luc.
1476 2981 1562 3037 16.
1614 2982 1751 3053 26).

141 3080 332 3135 [tecte
364 3080 543 3149 itaque
586 3078 722 3133 dixit
768 3076 932 3131 David
957 3117 973 3143 ,
1025 3074 1212 3128 Frater
1259 3090 1361 3127 non
1402 3074 1621 3138 redimit,
1652 3088 1755 3126 non

140 3172 300 3225 dabit
326 3170 439 3225 Deo
461 3171 796 3242 placatiouem
821 3184 967 3223 suam
994 3166 1166 3239 (Psal.
1209 3165 1297 3220 48.
1327 3165 1431 3236 8)..

224 3261 521 3315 Parentum
564 3260 786 3331 probitas
833 3277 936 3313 non
982 3260 1186 3327 prodest
1226 3256 1469 3328 improba:
1512 3255 1756 3326 proli.—

144 3354 277 3409 Non
323 3353 471 3409 enim
517 3353 634 3407 fieri
680 3361 875 3422 potest,
921 3352 1020 3406 etsi
1064 3351 1248 3418 frater,
1291 3351 1392 3406 etsi
1438 3358 1607 3420 pater,
1653 3349 1755 3404 etsi

147 3446 307 3502 filius
337 3445 518 3501 fuerit.
545 3444 683 3499 Vide
711 3459 940 3513 namque
970 3443 1276 3498 :Abraham
1304 3441 1590 3511 appellavit
1615 3440 1757 3495 divi-

150 3549 268 3592 tem
300 3536 470 3592 filium
494 3579 510 3603 ,
540 3551 639 3591 nec
670 3546 847 3591 tamen
875 3535 946 3589 illi
974 3544 1230 3604 priestare
1260 3534 1451 3603 potuit,
1483 3549 1603 3604 qum
1632 3542 1757 3587 sunt

150 3629 356 3699 patris.
404 3628 565 3682 Dives
591 3637 798 3698 patrem
828 3627 1116 3697 appellavit
1140 3626 1410 3680 Abraham
1435 3666 1451 3693 ,
1500 3634 1555 3680 et
1596 3639 1757 3695 quam

149 3729 589 3776 consentaneum
629 3730 747 3774 erat
784 3720 932 3772 illum
978 3721 1264 3788 impetrare
1306 3718 1752 3782 benevolentiam,

151 3829 325 3881 quam
359 3824 537 3881 patres
564 3821 758 3882 gerunt
786 3812 838 3865 in
869 3812 1029 3874 ﬁlios,
1066 3826 1170 3865 non
1202 3811 1373 3882 potuit
1405 3827 1418 3863 :
1452 3812 1525 3864 uti
1555 3824 1757 3879 cogno-

154 3919 286 3958 scas
336 3902 478 3974 quod
508 3918 682 3974 neque
729 3903 1013 3972 cognatio,
1057 3918 1229 3972 neque
1267 3901 1498 3956 amicitia
1523 3942 1539 3967 ,
1583 3914 1759 3970 neque

154 3996 391 4051 affectus
415 4035 429 4058 ,
474 4009 646 4064 neque
688 3994 790 4048 alia
822 4009 908 4049 res
947 3993 1048 4048 ulla
1080 4009 1149 4049 ex
1181 3992 1431 4048 omnibus
1460 4008 1579 4062 qua:
1608 4000 1754 4059 sunt,

150 4087 354 4156 juvare
374 4094 549 4155 potest
573 4101 716 4151 eum,
748 4087 836 4155 qui
878 4100 909 4139 a
948 4101 1045 4139 sua
1072 4086 1238 4154 ipsius
1262 4086 1364 4139 vita
1392 4084 1628 4154 proditus
1649 4095 1754 4140 est.

234 4178 329 4234 10.
373 4178 501 4233 Hinc
542 4188 721 4233 autem
751 4193 817 4232 eo
860 4178 981 4233 dico
1005 4220 1021 4245 ,
1053 4178 1193 4249 quod
1235 4180 1536 4248 complures
1558 4218 1573 4243 ,
1606 4178 1759 4233 nobis

158 4271 482 4341 frequenter
510 4269 923 4325 admonentibus
946 4281 1003 4324 ut
1031 4271 1132 4325 sibi
1160 4280 1391 4325 caveant
1416 4270 1757 4341 vigilentque,

160 4363 445 4433 negligunt
475 4371 530 4417 et
562 4362 981 4417 admonitionem
1012 4372 1223 4416 vertunt
1254 4362 1306 4415 in
1337 4362 1523 4417 risum.
1550 4362 1631 4416 'l‘u
1658 4362 1762 4416 ini-

164 4456 243 4521 lii,
275 4456 564 4525 inquiunt,
612 4455 756 4511 adsis
781 4456 836 4509 in
882 4456 973 4510 illo
1001 4456 1107 4522 die,
1146 4464 1201 4510 et
1227 4457 1371 4511 bono
1413 4471 1531 4511 smn
1558 4457 1757 4523 animo,

163 4564 349 4618 neque
372 4548 661 4618 quidquam
694 4558 894 4602 metuo.
939 4547 1173 4603 Rursum
1202 4549 1339 4603 alius
1367 4564 1380 4601 :
1413 4557 1644 4619 patrem,
1676 4549 1762 4602 in-

162 4642 311 4709 quit,
338 4640 506 4694 habeo
528 4650 836 4711 martyrem.
869 4640 933 4693 Et
959 4640 1096 4694 alius
1121 4657 1135 4694 :
1163 4656 1341 4706 avum,
1370 4640 1562 4710 inquit,
1592 4639 1763 4694 habeo

1371 477 1458 532 DE
1513 476 1791 537 LAZARO
1827 480 2076 538 CONCIO
2104 482 2194 540 IV.

3308 505 3451 560 1006

1855 596 2183 667 episcopum.
2237 599 2340 654 Alii
2367 614 2477 656 sua:
2506 601 2721 661 familia:
2749 606 2883 662 alios
2911 611 3198 679 objiciunt.
3223 612 3437 685 Frigida

1858 698 1985 742 sunt
2027 690 2126 743 ista
2154 692 2338 755 verba,
2372 691 2503 747 nihil
2550 695 2704 750 nobis
2732 697 2955 752 aliorutn
2988 700 3153 754 virtus
3183 707 3446 775 prodesse

1860 778 2077 834 valebit.
2130 781 2401 837 Memento
2449 785 2709 854 virginum
2755 788 3000 856 illarum,
3046 806 3164 861 qua:
3206 791 3443 862 quinque

1856 869 2149 939 virginibus
2194 886 2302 926 non
2349 877 2812 931 communicarunt
2854 880 3071 946 oleum,
3102 881 3197 936 sed
3237 885 3319 936 ha:
3350 884 3439 936 in-

1854 976 2051 1030 gressa:
2077 973 2200 1017 sunt
2228 964 2281 1017 in
2311 967 2491 1034 sponsi
2523 967 2813 1023 thalamum
2839 1011 2855 1037 ,
2906 971 3012 1024 illze
3040 982 3164 1027 sunt
3204 974 3441 1028 exclusa:

1857 1049 2069 1123 (Matth.
2098 1053 2215 1124 25).
2247 1054 2442 1125 Ingens
2473 1056 2669 1111 bonum
2694 1098 2709 1121 ,
2740 1059 2791 1113 in
2824 1060 2927 1115 tuis
2956 1061 3122 1129 ipsius
3148 1063 3439 1120 benefactis

1854 1143 2121 1198 collocare
2165 1159 2315 1215 spem
2363 1146 2569 1201 salutis.
2621 1149 2735 1203 lllie
2779 1152 2922 1205 enim
2971 1154 3144 1206 nullus
3187 1171 3437 1225 umquam

1854 1234 2056 1289 amicus
2084 1235 2189 1289 erit
2232 1235 2453 1293 auxilio.
2485 1236 2617 1292 Nam
2648 1239 2695 1294 si
2725 1240 2812 1295 hic
2840 1240 2976 1296 dixit
3002 1242 3254 1297 Dominus
3280 1245 3437 1301 Jere-

1855 1326 1975 1380 mia:
2006 1344 2018 1379 :
2054 1325 2137 1380 Ne
2160 1344 2305 1397 roges
2346 1346 2439 1400 pro
2467 1332 2656 1401 populo
2682 1333 2776 1386 hoc
2801 1332 2947 1405 (Jer.
2979 1336 3032 1390 7.
3062 1336 3128 1392 16
3151 1332 3314 1407 ),hic.
3357 1339 3436 1392 in-

1852 1431 2047 1486 quam,
2095 1418 2185 1473 ubi
2232 1419 2286 1474 in
2336 1430 2599 1489 potestate
2646 1432 2829 1479 nostra
2877 1434 2961 1480 est
3002 1427 3161 1481 vitam
3208 1439 3435 1496 mutare,

1852 1520 2051 1579 quanto
2087 1512 2256 1581 magis
2300 1512 2440 1567 idem
2470 1513 2679 1571 dicetur
2723 1516 2875 1570 illic?
2904 1517 3040 1585 Quid
3070 1519 3193 1573 ais?
3222 1520 3437 1576 Patrem

1855 1602 2018 1657 habes
2049 1604 2385 1675 martyrem?
2432 1604 2575 1659 lstud
2605 1607 2777 1675 ipsum
2803 1609 2977 1677 potius
3018 1608 3175 1664 faciet
3202 1609 3267 1664 ad
3307 1627 3437 1682 gra-

1854 1693 2055 1747 viorem
2104 1694 2178 1748 tui
2222 1695 2761 1765 condemnationem,
2807 1700 2927 1769 qui,
2974 1715 3095 1755 cum
3127 1702 3325 1757 habeas
3368 1704 3439 1759 ad

1854 1786 2103 1841 virtutem
2132 1787 2382 1857 exempla
2410 1787 2702 1843 domestica
2727 1830 2743 1855 ,
2777 1801 2951 1846 tamen
2994 1801 3048 1847 te
3093 1796 3265 1862 ipsum
3296 1795 3436 1849 indi-

1852 1894 2015 1949 gnum
2064 1880 2326 1948 majorum
2369 1890 2579 1936 tuorum
2621 1882 2816 1938 virtute
2858 1884 3191 1953 praestiteris.
3224 1885 3436 1942 Verum

1855 1972 2021 2029 habes
2051 1973 2279 2029 amicum
2311 1975 2581 2045 egregium
2610 1975 3110 2047 admirandumque.
3142 1979 3211 2033 At
3238 1995 3307 2035 ne
3337 1980 3439 2036 iste

1853 2066 2067 2133 quidem
2094 2073 2221 2119 tunc
2244 2065 2338 2119 tibi
2364 2074 2447 2120 est
2466 2064 2767 2123 adfuturus.
2795 2066 3075 2135 Quomodo
3098 2069 3258 2140 igitur
3278 2070 3432 2131 dicit:

1854 2155 2032 2210 Facite
2060 2155 2197 2211 vobis
2222 2157 2411 2212 amicos
2439 2174 2503 2211 ea:
2538 2174 2777 2211 mamona
2825 2159 3139 2229 iniquitatis,
3190 2170 3279 2226 ut,
3319 2178 3435 2215 cum

1853 2250 2169 2321 defeceritis,
2216 2250 2465 2321 recipiant
2491 2266 2577 2306 vos
2619 2251 2674 2305 in
2720 2262 2909 2305 externa
2949 2252 3237 2307 habitacula
3263 2254 3284 2327 (
3310 2252 3437 2310 Luc.

1855 2342 1943 2396 16.
1972 2341 2031 2413 9)
2055 2341 2079 2395 ?
2104 2341 2219 2396 Non
2246 2341 2335 2397 hic
2360 2351 2444 2397 est
2470 2342 2706 2398 amicitia
2736 2344 3064 2414 opitulatrix,
3090 2345 3184 2400 sed
3209 2346 3439 2401 eleemo-

1853 2449 2007 2505 syna.
2036 2432 2247 2488 Etenim
2274 2433 2318 2487 si
2346 2434 2460 2488 sola
2490 2434 2837 2489 auxiliaretur
2859 2434 3086 2490 amicitia
3107 2477 3123 2501 ,
3152 2434 3440 2493 dicendum

1856 2537 2060 2581 tantum
2085 2537 2221 2591 erat,
2256 2526 2413 2582 facite
2438 2527 2591 2582 vobis
2616 2528 2820 2583 amicos
2849 2546 2864 2583 :
2891 2543 3032 2583 nunc
3057 2537 3235 2583 autem
3260 2538 3440 2585 osten-

1855 2618 1988 2673 deus
2017 2617 2160 2688 quod
2187 2632 2295 2673 non
2335 2617 2450 2672 sola
2481 2617 2764 2673 subveniat
2806 2618 3037 2673 amicitia
3060 2660 3076 2683 ,
3108 2618 3312 2674 addidit
3335 2661 3348 2682 ,
3378 2636 3441 2674 ex

1854 2724 2093 2762 mamona
2140 2707 2441 2777 iniquitatis.
2466 2708 2544 2761 Ac
2571 2709 2796 2762 fortasse
2841 2707 3037 2761 dixerit
3062 2707 3441 2778 aliquis:pos-

1854 2818 1974 2859 sum
2016 2810 2074 2858 et
2113 2801 2314 2872 absque
2346 2813 2595 2855 mamona
2648 2800 2934 2855 conciliare
2982 2800 3213 2855 amicum
3238 2840 3254 2867 ,
3282 2816 3439 2856 eum-

1855 2911 1960 2967 que
1990 2894 2269 2951 meliorem
2316 2908 2477 2964 quam
2504 2909 2572 2949 ex
2623 2906 2894 2947 mamona.
2928 2892 3123 2948 Verum
3155 2894 3229 2947 uti
3272 2894 3441 2949 scires

1856 2986 1998 3058 quod
2041 2986 2382 3057 eleemosyna
2429 2991 2548 3048 est,
2596 3000 2715 3054 quae
2759 2983 3157 3053 patrocinatur,
3201 2999 3442 3055 opusque

1858 3089 2007 3134 tuum
2037 3096 2049 3131 :
2080 3092 2186 3132 non
2212 3075 2529 3146 simpliciter
2553 3074 2606 3129 in
2632 3084 2938 3129 sanctorum
2965 3076 3236 3141 amicitiis,
3264 3076 3356 3131 sed
3387 3077 3441 3132 in

1856 3170 2105 3226 amicitiis
2144 3184 2237 3239 per
2289 3183 2592 3223 mamonam
2636 3169 2802 3238 partis
2844 3168 3001 3237 jussit
3043 3177 3096 3223 te
3146 3168 3435 3230 confidere.

1857 3264 1982 3320 Haec
2008 3264 2167 3333 igitur
2188 3262 2366 3317 omnia
2397 3275 2520 3315 cum
2547 3260 2801 3324 sciamus,
2830 3259 3092 3314 carissimi
3117 3301 3133 3327 ,
3163 3261 3305 3314 omni
3336 3262 3444 3315 sol-

1860 3356 2039 3411 licitud
2048 3356 2133 3410 ine
2156 3354 2547 3425 prospiciainus
2568 3354 2723 3409 nobis
2748 3353 2895 3423 ipsis,
2919 3362 2975 3407 et
2994 3354 3107 3407 sive
3126 3353 3444 3423 corripimur

1856 3449 2056 3517 gratias
2082 3462 2302 3517 agamus
2326 3486 2341 3511 ,
2387 3446 2500 3500 sive
2545 3445 2898 3515 prosperitate
2937 3445 3163 3500 fruimur
3184 3487 3200 3511 ,
3232 3446 3443 3500 munia-

1860 3558 1981 3598 mus
2008 3556 2105 3597 iios
2131 3542 2297 3610 ipsos,
2330 3540 2665 3609 aliorumque
2692 3539 2963 3608 suppliciis
2995 3538 3116 3594 facti
3142 3539 3446 3608 castigatio-

1860 3648 1971 3700 res,
1996 3648 2090 3703 per
2118 3632 2483 3703 ptenitentiam
2514 3639 2570 3685 et
2590 3630 3082 3706 compunctionem,
3112 3631 3446 3685 continuam-

1859 3740 1964 3795 que
1988 3724 2378 3780 confessionem
2405 3720 2605 3793 gratias
2631 3736 2880 3791 agamus,
2913 3729 2968 3775 et
2990 3720 3034 3774 si
3062 3720 3190 3790 quid
3214 3721 3445 3790 deliqui-

1859 3831 1978 3870 mus
2032 3816 2084 3869 in
2138 3815 2238 3869 hac
2285 3817 2391 3868 vita
2420 3854 2436 3880 ,
2486 3813 2853 3882 deponentes,
2905 3826 3221 3882 summoque
3268 3810 3445 3865 studio

1861 3906 2084 3961 maculis
2135 3905 2383 3961 omnibus
2431 3904 2728 3958 animarum
2797 3910 3101 3955 nostrarum
3154 3901 3444 3967 abstersis,

1859 3996 2206 4053 Obsecremus
2266 3995 2471 4059 Deum,
2518 4002 2577 4048 ut
2641 3991 2890 4048 omnibus
2959 3991 3085 4046 hinc
3133 3991 3445 4061 emigranti-

1863 4091 1960 4145 bus
2009 4091 2079 4145 ita
2118 4088 2380 4145 concedat
2429 4087 2553 4143 illuc
2592 4085 2893 4157 pervenire,
2934 4092 2994 4139 ut
3035 4100 3144 4139 non
3172 4086 3447 4139 veniamus

1863 4183 1915 4238 in
1965 4189 2165 4236 sortem
2211 4178 2414 4243 divitis,
2456 4178 2549 4233 sed
2593 4192 2714 4231 cum
2764 4176 2966 4231 Lazaro
3014 4175 3277 4244 patiamur
3322 4174 3438 4228 sinu

1864 4272 2219 4344 patriarcha},
2264 4271 2427 4341 inque
2473 4268 2627 4323 bonis
2678 4266 3066 4321 immortalibus
3112 4264 3443 4321 deliciemur.

1864 4366 1993 4434 Quae
2024 4364 2178 4419 nobis
2207 4362 2457 4418 omnibus
2483 4359 2693 4429 assequi
2720 4358 3029 4427 contingat,
3070 4357 3239 4426 gratia
3265 4371 3331 4411 ac
3356 4356 3447 4411 be-

1864 4455 2124 4525 nignitate
2151 4450 2362 4507 Domini
2393 4449 2557 4504 nostri
2587 4448 2713 4503 Jesu
2740 4447 2940 4502 Christi
2965 4488 2980 4510 ,
3017 4461 3141 4501 eum
3169 4460 3274 4512 quo
3303 4444 3450 4500 Patri

1864 4557 1919 4601 et
1965 4544 2185 4615 Spiritui
2236 4551 2421 4598 sancto
2469 4540 2635 4610 gloria
2662 4580 2680 4607 ,
2734 4539 2786 4592 in
2840 4536 3036 4591 smcula
3088 4536 3446 4603 sutculorum,

1868 4642 2058 4696 Amen.

2474 4792 2696 4800 ——-...

252 4894 340 4935 DE
384 4894 601 4939 DIVITE
646 4894 724 4935 ET
767 4892 1008 4936 LAZARO
1050 4891 1277 4935 CONCIO
1318 4891 1595 4945 QUARTA,
1640 4889 1938 4943 QUODQUE
1980 4884 2390 4931 CONSCIENTIA
2432 4882 2627 4927 SOLET
2661 4880 2774 4924 NOS
2816 4877 3372 4923 COMMONEFACEBB

1137 4994 1437 5047 VETEBUM
1480 4992 1915 5047 DELICTOBUM,
1947 4989 2104 5033 ITEM
2147 4988 2231 5029 DE
2263 4985 2517 5030 JOSEPH.

1510 5120 2125 5200 W©W

249 5275 303 5328 1.
345 5270 499 5339 Quod
538 5278 782 5339 superest
826 5268 893 5322 de
932 5266 1119 5321 Lazari
1160 5266 1407 5336 parabola
1433 5307 1448 5332 ,
1492 5281 1771 5321 necessum

173 5375 281 5427 est,
312 5373 372 5417 ut
402 5362 777 5432 persolvamus
804 5359 984 5413 hodie.
1014 5358 1147 5413 Nam
1173 5374 1267 5412 vos
1304 5358 1527 5412 fortasse
1552 5358 1770 5413 creditis

176 5468 353 5509 totum
382 5455 539 5509 nobis
582 5453 886 5508 absolutum
912 5465 1056 5506 esse.
1087 5449 1246 5518 Atqui
1277 5464 1377 5519 ego
1425 5465 1527 5502 non
1557 5458 1675 5503 utar
1702 5447 1770 5503 ad

177 5548 405 5603 fallaciae
433 5546 771 5601 occasionem
802 5553 977 5599 vestra
1028 5542 1323 5612 ignorantia
1353 5583 1367 5607 ,
1402 5556 1577 5610 neque
1625 5540 1770 5611 prius

177 5640 437 5696 desistam
463 5678 479 5703 ,
512 5653 670 5705 quam
705 5645 871 5690 totum
898 5634 1041 5705 quod
1086 5633 1214 5687 mihi
1245 5635 1414 5687 visum
1444 5642 1526 5687 est
1570 5642 1769 5687 tracta-

180 5746 333 5795 vin'o,
362 5730 539 5797 itaque
586 5728 907 5783 discessero.
936 5728 1161 5795 Quando
1202 5726 1414 5795 quidem
1457 5735 1510 5779 et
1540 5724 1770 5794 agricola

185 5833 533 5895 insteaqiiam
568 5822 728 5875 totius
754 5821 925 5875 vineae
954 5818 1277 5873 vindemiam
1306 5817 1578 5889 peregerit
1600 5859 1615 5880 ,
1664 5832 1770 5871 non

188 5916 331 5987 prius
362 5914 602 5980 desistit,
646 5927 805 5984 quam
846 5911 1082 5983 singulos
1122 5910 1283 5965 etiam
1313 5910 1544 5965 minutos
1586 5908 1767 5962 acinus

1865 5259 2215 5331 decerpserit.
2263 5257 2397 5312 Cum
2448 5255 2609 5325 igitur
2636 5266 2778 5307 nunc
2807 5264 3019 5321 quoque
3046 5248 3256 5304 videam
3289 5257 3451 5302 veluti

1873 5352 1974 5408 sub
2002 5351 2140 5406 foliis
2168 5350 2340 5404 latere
2381 5361 2572 5401 sensus
2614 5344 2876 5408 occultos,
2907 5358 3003 5413 age
3041 5350 3095 5397 et
3137 5340 3232 5395 bos
3266 5354 3454 5394 rursus

1873 5447 2158 5516 diligenter
2197 5441 2547 5511 decerpamus
2570 5479 2584 5502 ,
2617 5452 2717 5509 pro
2763 5436 2899 5491 falce
2941 5448 3192 5489 sermone
3222 5442 3451 5487 utentes.

1872 5538 2147 5610 Siquidem
2176 5537 2329 5590 vinea
2380 5543 2499 5601 post
2546 5530 2751 5587 fructus
2793 5529 2958 5585 semel
3000 5544 3032 5583 a
3068 5527 3456 5582 vindemiatore

1874 5631 2118 5685 desectus
2143 5636 2247 5681 stat
2276 5625 2415 5680 nuda
2445 5626 2637 5688 fructu,
2669 5622 2799 5676 nihil
2826 5620 3028 5674 habens
3074 5630 3269 5688 printer
3296 5617 3461 5676 folia:

1875 5736 2063 5775 verum
2092 5716 2383 5789 spiritualis
2424 5714 2722 5770 divinarum
2745 5711 3140 5780 Scripturarum
3163 5707 3319 5762 vinea
3345 5717 3455 5755 non

1876 5816 2025 5874 item,
2071 5810 2162 5865 sed
2194 5808 2435 5879 quamvis
2462 5805 2717 5876 quidquid
2746 5802 3026 5858 videbatur
3053 5789 3465 5851 Sllsllllcl'lllluss

1878 5916 2055 5963 tamen
2112 5904 2287 5959 adhuc
2347 5900 2576 5972 amplius
2626 5907 2869 5968 superest
2930 5896 3248 5953 tollendum.
3278 5893 3463 5964 itaque
