3906 6296
474 459 612 514 1007

471 578 776 650 complures
804 581 927 630 ante
948 584 1045 628 nos
1071 571 1441 626 disseruerunt
1469 567 1522 620 in
1549 566 1686 619 hanc
1722 563 2049 633 parabolam,

475 669 777 738 complures
802 663 1046 719 fortassis
1069 669 1126 716 et
1147 667 1265 729 post
1290 672 1389 712 nos
1413 655 1690 710 disserturi
1711 663 1834 708 sunt
1856 670 1874 707 εν
1893 665 2054 708 nemo

475 771 654 816 tamen
681 755 876 827 poterit
909 761 1049 807 totas
1077 763 1208 819 opes
1235 762 1447 803 eruere.
1472 745 1607 800 Nam
1637 758 1701 798 ea
1725 752 1809 798 est
1832 741 2056 812 opulen-

476 851 564 904 tia:
591 857 776 902 natura
807 862 824 899 :
859 857 966 915 quo
995 841 1190 898 foderis
1226 838 1406 903 altius,
1437 837 1540 890 hoc
1577 833 1746 904 magis
1783 832 2056 888 exundant

473 939 639 996 divini
665 950 894 992 sensus:
925 933 1044 988 fons
1065 931 1208 987 enim
1234 937 1317 983 est
1342 941 1628 996 numquam
1655 923 1932 979 deficiens.

548 1030 610 1083 S.
648 1028 860 1098 Babyla:
892 1035 939 1079 et
975 1031 1255 1092 martyrum
1292 1018 1478 1072 habita:
1525 1017 1782 1081 orationes
1825 1029 2054 1085 panegy-

473 1124 611 1177 τίσω.
638 1149 711 1162 --
733 1116 1026 1188 Oportebat
1050 1112 1262 1185 quidem
1291 1109 1570 1181 superiore
1595 1119 1864 1163 conventu
1900 1104 2054 1160 debi-

475 1221 589 1267 tum
615 1211 720 1265 hoc
748 1207 1076 1264 dissolvisse.
1103 1203 1304 1268 Verum
1344 1216 1454 1257 non
1490 1199 1910 1256 existimavimus
1936 1210 2056 1252 esse

479 1314 649 1359 tutum
694 1299 836 1356 beati
875 1296 1090 1367 Babylaa
1129 1303 1184 1350 et
1227 1294 1362 1364 biga:
1389 1301 1695 1348 sanctorum
1738 1296 2054 1360 martyrum,

478 1395 568 1465 qui
592 1400 714 1464 post
740 1391 889 1446 illum
908 1393 1274 1451 occurrerunt,
1294 1383 1550 1454 praeclara
1576 1392 1722 1452 gesta
1744 1380 2051 1452 praeterire:

477 1499 649 1555 eoque
676 1480 980 1538 distulimus
1008 1477 1328 1533 solutionem
1350 1516 1366 1542 ,
1399 1473 1709 1529 diﬁerentes
1734 1473 1786 1526 in
1818 1485 2056 1541 praesen-

480 1586 588 1630 tem
611 1572 774 1638 diem,
801 1580 861 1626 ut
890 1577 1063 1625 totum
1081 1567 1320 1624 debitum
1341 1563 1716 1619 dissolvamus.
1739 1565 1851 1632 Age
1876 1562 2056 1632 igitur,

479 1667 731 1736 quoniam
760 1671 816 1718 et
839 1660 1082 1738 patribus
1106 1673 1232 1714 suas
1261 1655 1446 1712 laudes
1475 1654 1846 1725 persolvimus,
1872 1667 1978 1707 non
2003 1659 2060 1706 ut

479 1757 556 1812 illi
584 1752 1048 1826 promerebantur,
1095 1748 1191 1803 sed
1231 1762 1326 1816 pro
1351 1744 1552 1799 viribus
1581 1743 1780 1798 nostris
1801 1783 1816 1809 ,
1851 1741 2061 1812 persol-

482 1863 672 1904 vamus
695 1857 751 1902 et
777 1845 932 1900 vobis
972 1841 1134 1912 hujus
1159 1837 1509 1910 expositionis
1546 1835 1817 1905 reliquias.
1861 1833 2059 1888 Verum

480 1959 550 1997 ne
579 1955 676 1996 vos
717 1935 1058 1994 delassemini
1081 1974 1098 2002 ,
1142 1933 1447 2004 priusquam
1473 1928 1540 1984 ad
1565 1929 1726 1984 tinem
1753 1926 2060 1997 perveneri-

481 2049 622 2098 mus,
667 2030 815 2086 illinc
858 2033 1163 2097 repetemus
1205 2035 1510 2078 sermonem
1535 2058 1551 2084 ,
1581 2018 1672 2074 ubi
1716 2017 1863 2072 illum
1893 2030 2064 2085 nuper

481 2124 771 2181 finivimus.
793 2119 1023 2176 Ubinam
1043 2117 1190 2170 illum
1214 2112 1516 2169 linivimus?
1541 2110 1600 2165 In
1619 2109 1756 2164 chao
1775 2107 2062 2163 dirimente

476 2216 651 2287 justos
676 2228 706 2267 a
732 2208 1125 2282 peccatoribus.
1150 2205 1286 2260 Cum
1311 2204 1454 2259 enim
1481 2201 1705 2258 dixisset
1722 2199 1898 2265 dives,
1925 2198 2064 2252 mitte

483 2309 738 2364 Lazarum
759 2349 774 2373 ,
815 2306 892 2361 illi
933 2303 1210 2375 respondit
1232 2299 1502 2357 Abraham
1530 2315 1545 2351 :
1571 2296 1737 2352 Chaos
1764 2295 1940 2365 ingens
1967 2294 2063 2360 ﬁr-

481 2409 675 2453 matum
699 2409 772 2452 est
795 2399 928 2452 inter
953 2412 1046 2450 nos
1069 2404 1119 2450 et
1143 2410 1250 2460 vos,
1274 2402 1330 2446 ut
1353 2391 1440 2461 qui
1463 2389 1618 2444 uelint
1644 2387 1828 2441 isthinc
1853 2387 2066 2439 transire

481 2493 550 2544 ad
579 2506 670 2543 nos
697 2505 798 2543 non
827 2487 1042 2558 possint,
1088 2501 1244 2556 neque
1273 2483 1390 2536 hinc
1415 2483 1581 2535 istim:
1605 2487 1862 2533 transeunt
1893 2475 2060 2550 (Luc.

482 2581 571 2638 16.
621 2580 734 2650 2t).
778 2579 1062 2648 Multisque
1111 2576 1290 2632 verbis
1335 2571 1861 2638 demonstravimus,
1915 2567 2059 2640 quod

480 2682 826 2744 posteaquam
851 2671 994 2726 Deus
1014 2670 1232 2725 multam
1273 2664 1658 2721 humanitatem
1684 2677 1809 2733 erga
1837 2676 1937 2716 nos
1964 2675 2061 2715 ex-

480 2763 673 2831 hibuit,
719 2770 962 2833 oporteat
1005 2761 1057 2815 in
1083 2758 1313 2829 propriis
1353 2756 1650 2813 benefactis
1687 2769 1837 2824 spem
1876 2752 2065 2810 salutis

480 2855 765 2919 collocare,
801 2868 905 2906 non
938 2861 1154 2921 patres,
1197 2864 1347 2911 avos,
1394 2863 1458 2902 ac
1501 2859 1730 2918 proavos
1756 2857 2060 2907 recensere,

482 2961 657 3014 neque
683 2953 962 3014 cognatos,
989 2942 1210 3004 amicos,
1240 2939 1562 2993 domesticos
1590 2952 1654 2991 ac
1676 2935 1900 2990 vicinos.
1930 2932 2066 2987 Fra-

482 3050 558 3090 ter
581 3035 723 3089 enim
753 3050 855 3088 non
881 3031 1086 3086 redimit
1119 3030 1367 3083 :rcdimet
1414 3029 1562 3082 homo
1589 3026 1762 3098 (Paul.
1810 3026 1900 3082 48.
1947 3022 2063 3096 8)?

484 3124 590 3178 Sed
616 3121 874 3194 quidquid
899 3118 1171 3189 deprecati
1219 3118 1416 3172 fuerint
1442 3117 1893 3188 supplicarintque
1915 3155 1932 3182 ,
1973 3115 2065 3184 qui

484 3217 610 3272 hinc
633 3230 754 3270 eum
781 3213 1013 3284 peccatis
1057 3209 1358 3280 migrarint,
1389 3209 1654 3263 incassum
1683 3207 1795 3278 jam
1836 3206 2064 3262 frustra-

482 3326 587 3379 que
613 3310 917 3379 loquentur.
950 3307 1157 3361 Etenim
1184 3304 1415 3374 virgines
1459 3303 1561 3357 illae
1590 3301 1826 3372 quinque
1868 3299 2064 3369 implo-

484 3401 676 3456 rabant
697 3400 766 3454 ab
794 3397 1090 3468 :equalihus
1113 3395 1312 3460 oleum,
1343 3409 1444 3449 nec
1471 3394 1824 3462 impetrarunt
1851 3390 2062 3464 (Matth.

483 3491 576 3560 25)
603 3509 616 3545 :
642 3498 698 3544 et
737 3489 784 3542 is
819 3488 910 3557 qui
939 3487 1192 3541 talentum
1220 3485 1273 3540 in
1303 3494 1444 3540 terra
1465 3483 1762 3548 defoderat,
1785 3496 1905 3537 cum
1933 3480 2068 3536 mul-

487 3592 596 3636 tam
639 3579 1036 3634 excusationem
1083 3576 1378 3641 attulisset,
1423 3573 1637 3630 tandem
1681 3573 2066 3632 condemnatus

484 3682 589 3730 est.
623 3672 756 3727 Item
796 3671 886 3742 qui
928 3671 1104 3740 ipsum
1130 3668 1452 3724 esurientem
1481 3682 1588 3720 non
1632 3674 1923 3736 paverant,
1967 3677 2068 3718 nec

485 3766 683 3822 sitienti
711 3774 892 3834 potum
917 3761 1177 3817 dederant
1209 3777 1224 3814 :
1252 3773 1374 3813 cum
1412 3766 1470 3815 et
1509 3757 1611 3828 ipsi
1640 3756 1923 3813 crederent
1947 3770 2068 3812 sese

485 3857 553 3913 ad
584 3854 896 3926 ignorantia:
939 3851 1290 3923 patrocinium
1320 3863 1478 3920 posse
1501 3849 1809 3919 confugere,
1839 3862 1938 3902 nec
1968 3862 2065 3902 ve-

485 3949 627 4003 niam
653 3988 670 4013 ,
721 3960 822 4000 nec
858 3943 1256 3998 excusationem
1298 3948 1616 4011 repererunt
1657 3938 1890 4009 (Matth.
1931 3937 2064 4008 22).

487 4040 682 4097 Caeteri
707 4053 835 4093 vero
861 4051 961 4092 nec
983 4035 1124 4106 quod
1155 4035 1426 4089 hiscerent
1470 4033 1774 4099 habebant,
1804 4032 1948 4086 velut
1978 4030 2066 4084 ille

485 4131 719 4188 sordidis
762 4129 977 4186 indutus
1017 4126 1280 4184 vestibus.
1325 4127 1458 4182 Nam
1505 4136 1785 4182 accusatus
1823 4125 2064 4179 obticuit.

486 4222 602 4278 Non
630 4229 807 4276 autem
839 4220 925 4273 hic
951 4218 1132 4284 modo,
1162 4234 1345 4273 verum
1370 4229 1424 4272 et
1466 4218 1599 4272 alius
1641 4217 1728 4270 ille
1751 4256 1764 4277 ,
1810 4216 1897 4285 qui
1924 4214 2065 4284 quod

485 4315 747 4369 adversus
775 4311 1075 4380 proximum
1109 4309 1496 4379 praeteritarum
1522 4307 1844 4362 offensarum
1874 4306 2065 4360 memi-

489 4404 681 4468 nisset,
724 4411 1045 4471 centumque
1071 4399 1322 4455 denarios
1359 4398 1428 4452 ab
1453 4413 1518 4452 eo
1545 4397 1900 4466 postulasset.
1948 4407 2067 4466 post

488 4511 654 4566 super
677 4495 760 4550 his
787 4493 918 4564 ipsis
935 4507 964 4547 a
985 4491 1203 4547 domino
1232 4489 1590 4559 reprehensus
1611 4489 1680 4544 ob
1701 4487 2066 4543 crudelitatem

491 4597 548 4643 et
589 4585 1064 4647 inhumanitatem,
1112 4582 1245 4637 nihil
1293 4580 1474 4635 habuit
1528 4578 1669 4648 quod
1721 4578 2069 4648 responderet

491 4677 599 4752 (Ib.
623 4676 738 4748 18).
763 4675 918 4732 Unde
943 4674 1282 4744 perspicuum
1308 4681 1408 4736 est,
1431 4670 1572 4741 quod
1598 4685 1770 4740 neque
1795 4685 1893 4724 nos
1915 4671 2070 4739 quid-

490 4785 648 4842 quam
671 4768 782 4823 illic
801 4766 1121 4829 sublevabit,
1145 4765 1190 4820 si
1214 4781 1317 4819 non
1340 4764 1678 4818 habuerimus
1705 4763 1842 4815 bona
1869 4775 2062 4831 opera:

489 4876 674 4916 verum
701 4861 814 4914 sive
853 4857 1122 4927 supplices
1163 4855 1419 4910 fuerimus
1443 4853 1920 4923 obsceremusque,
1953 4853 2067 4907 sive

490 4952 857 5016 tacuerimus,
903 4963 1057 5018 teque
1101 4961 1262 5017 super
1303 4961 1401 5001 nos
1429 4945 1608 5000 veniet
1649 4944 1970 5014 supplicium
2006 4959 2069 4998 ac

492 5041 747 5098 vindicta.
775 5039 1028 5095 Ausculta
1060 5037 1220 5107 igitur
1259 5035 1527 5106 quomodo
1564 5035 1651 5090 hic
1689 5049 1810 5090 cum
1837 5034 1946 5090 duo
1974 5049 2069 5104 po-

492 5137 719 5189 stularet
743 5132 812 5187 ab
833 5130 1124 5193 Abraham,
1147 5138 1374 5198 utroque
1400 5127 1684 5181 frustratus
1713 5127 1801 5181 sit.
1832 5126 2066 5180 Primum

491 5225 633 5279 enim
663 5238 758 5294 pro
784 5222 961 5292 seipso
988 5219 1307 5290 deprecatus
1331 5225 1442 5283 est,
1466 5217 1632 5285 Mitte,
1663 5217 1928 5286 inquiens,
1961 5216 2067 5270 ια-

491 5330 666 5368 sarum
687 5329 707 5367 :
733 5328 856 5367 mox
887 5326 993 5366 non
1037 5325 1134 5379 pro
1157 5310 1354 5379 seipso,
1382 5307 1478 5363 sed
1523 5322 1618 5378 pro
1649 5307 1898 5363 fratribus
1929 5327 1941 5362 :
1975 5324 2069 5363 ve-

493 5418 612 5458 rum
659 5402 790 5456 nihil
839 5400 1226 5471 postulatorum
1277 5397 1527 5453 obtinuit.
1580 5397 1853 5466 Siquidem
1902 5397 2067 5452 altera

492 5492 803 5563 postulatio,
847 5505 1039 5560 nemw
1067 5490 1214 5561 prior
1241 5531 1256 5554 ,
1289 5489 1408 5542 talis
1435 5496 1572 5553 erat,
1604 5499 1660 5542 ut
1685 5487 1824 5557 quod
1855 5489 2070 5557 peteba-

495 5593 584 5638 tur
609 5582 724 5636 ﬁeri
767 5595 873 5636 non
917 5590 1098 5651 posset
1126 5597 1140 5632 :
1171 5579 1338 5634 altera
1363 5593 1491 5633 vero
1515 5621 1532 5645 ,
1561 5579 1808 5634 videlicet
1836 5596 1932 5649 pro
1957 5579 2067 5634 fra-

497 5674 689 5738 tribus,
716 5680 832 5727 crat
864 5685 1210 5741 supervacua.
1236 5671 1372 5738 Quin
1403 5671 1599 5739 potius,
1628 5672 1672 5724 si
1701 5671 1928 5736 videtur,
1958 5672 2068 5738 ipsa

495 5767 659 5824 verba
701 5765 865 5820 multo
907 5777 1027 5818 cum
1075 5763 1250 5816 studio
1278 5762 1574 5816 audiamus.
1613 5763 1833 5817 'Etenim
1874 5763 1917 5816 si
1948 5779 2067 5816 cuin

491 5861 846 5918 Yttagistratus
877 5858 928 5911 in
971 5855 1145 5910 medio
1174 5855 1288 5909 foro
1319 5870 1468 5910 reum
1512 5853 1747 5918 adducit,
1795 5856 2068 5911 carnifices

1173 453 1230 508 S.
1267 448 1545 508 JOANNIS
1573 443 2044 503 CHRYSUSTOMI
2083 441 2394 498 AllCﬂlEP.
2435 441 2968 500 CONSTANTINOP.

3610 451 3747 507 ιοθε

2156 561 2394 628 adhibet,
2435 571 2848 633 accusatumque
2887 563 3089 629 laniat,
3120 579 3308 620 omnes
3339 581 3540 637 magno
3566 571 3746 623 studio

2155 661 2502 718 concurrunt,
2545 653 2825 722 cupientes
2851 653 3036 710 audire
3075 655 3202 724 quid
3228 655 3530 727 interroget
3556 658 3742 726 jltdex,

2155 743 2282 814 quid
2326 757 2454 798 reus
2493 743 2818 813 respondeat
2861 762 2873 798 :
2906 745 3075 800 multo
3115 746 3284 815 magis
3327 747 3418 801 hic
3457 748 3748 817 diligenter

2156 833 2558 889 auscultandum
2609 842 2711 899 est,
2757 834 2884 904 quid
2931 850 3096 901 reus,
3140 836 3394 892 nimirum
3439 837 3534 892 hic
3574 839 3744 900 dives,

2158 925 2430 996 postulet;
2476 925 2603 995 quid
2643 935 2828 980 contra
2866 927 3042 996 justus
3078 928 3238 996 judex
3278 929 3612 999 respondeat
3654 945 3748 998 per

2157 1016 2446 1072 Abraham.
2496 1017 2612 1072 Non
2640 1019 2784 1076 enim
2812 1020 3112 1088 patriarcha
3151 1031 3268 1075 erat
3309 1022 3403 1092 qui
3443 1022 3741 1092 judicabat,

2157 1122 2478 1178 quamquam
2521 1109 2568 1164 is
2608 1111 2986 1179 pronuntiabat
3016 1129 3030 1165 :
3060 1127 3244 1167 verum
3285 1113 3743 1182 quemadmodum

2159 1199 2211 1254 in
2239 1200 2522 1254 mundanis
2561 1200 2676 1255 istis
2709 1200 2922 1270 judiciis
2961 1204 3170 1272 quoties
3211 1202 3412 1260 fuerit
3449 1205 3623 1274 aliqui
3648 1208 3742 1265 rei.

2159 1299 2287 1361 puta
2310 1290 2566 1356 latrones,
2597 1301 2688 1347 aut
2715 1293 3014 1361 homicidae,
3044 1294 3145 1353 hos
3170 1295 3315 1366 leges
3341 1299 3540 1366 procul
3569 1313 3600 1351 a
3623 1313 3744 1352 eon-

2158 1392 2342 1452 spectu
2383 1383 2582 1452 judicis
2604 1394 2946 1455 segregantes
2974 1394 3030 1439 et
3065 1396 3335 1451 arcentes,
3375 1402 3488 1442 non
3516 1390 3743 1456 permit-

2163 1481 2279 1527 tunt
2301 1481 2360 1528 ut
2382 1473 2601 1530 audiant
2624 1489 2807 1530 vocem
2830 1475 3045 1545 judicia,
3069 1477 3211 1545 quod
3238 1477 3314 1532 illi
3337 1486 3394 1533 et
3421 1480 3530 1534 hoc
3555 1489 3616 1533 et
3632 1481 3746 1535 aliis

2162 1562 2454 1618 honoribus
2474 1563 2783 1633 jndieentur
2832 1565 3076 1636 indigni;
3118 1567 3214 1622 sed
3241 1567 3451 1623 medius
3477 1570 3743 1639 quispiam

2161 1653 2449 1724 interpres,
2488 1666 2543 1711 et
2576 1657 2769 1726 judicia
2807 1657 3267 1728 interrogationes,
3307 1668 3362 1714 et
3401 1660 3483 1715 rei
3523 1675 3742 1730 respon-

2161 1746 2341 1800 siones
2367 1746 2605 1816 perfert:
2639 1747 2739 1802 hoc
2777 1763 2908 1804 sane
2947 1757 3102 1818 pacto
3134 1757 3188 1804 et
3225 1757 3352 1804 tunc
3390 1749 3596 1806 factum
3641 1760 3740 1806 est.

2161 1835 2276 1890 Non
2304 1837 2470 1891 Deum
2516 1837 2616 1908 ipsi
2655 1839 2960 1906 loquentem
2990 1837 3190 1892 audivit
3218 1853 3364 1904 reus,
3406 1840 3502 1894 sed
3541 1840 3742 1895 medius

2162 1939 2280 1984 erat
2317 1929 2584 1986 Abraham
2605 1970 2622 1997 ,
2664 1931 2754 2001 qui
2788 1929 2983 2001 judicis
3003 1945 3187 1986 vocem
3210 1931 3259 1985 ei
3287 1932 3375 2000 qui
3407 1931 3740 2000 indicabatur

2163 2021 2367 2076 retulit.
2403 2020 2518 2076 Non
2540 2021 2685 2076 enim
2724 2037 2790 2076 ex
2830 2036 2952 2077 sese
2990 2020 3200 2076 dicebat
3225 2036 3346 2091 qua:
3370 2020 3612 2087 dicebat,
3647 2025 3740 2078 sed

2163 2109 2368 2166 divinas
2405 2110 2556 2166 diviti
2586 2111 2731 2181 leges
2771 2110 3061 2174 recitabat,
3095 2125 3316 2180 quaeque
3343 2111 3555 2166 ctelitus
3598 2111 3736 2168 fere-

2164 2201 2378 2267 bantur,
2409 2204 2703 2258 sententias
2731 2201 3073 2274 proferebat;
3121 2201 3242 2257 ideo
3269 2217 3370 2258 nec
3395 2203 3636 2260 habebat
3661 2206 3740 2258 hic

2163 2294 2305 2365 quod
2331 2294 2740 2351 contradiceret.

2233 2386 2294 2441 2.
2316 2386 2685 2444 Auscultemus
2709 2387 2883 2457 itaque
2905 2387 3183 2464 diligenter
3207 2385 3291 2448 his
3314 2401 3435 2465 quae
3461 2386 3732 2444 dicuntur.

2166 2478 2299 2534 Nam
2322 2479 2376 2534 in
2399 2479 2496 2534 hac
2516 2481 2764 2549 parabola
2783 2481 2904 2536 data
2923 2501 3083 2557 Opera
3102 2489 3372 2555 immorer,
3395 2501 3494 2543 nec
3511 2481 3738 2548 desisto.

2168 2570 2377 2626 tametsi
2402 2580 2650 2640 quartum
2672 2572 2779 2641 jam
2821 2572 2963 2633 dient
3011 2578 3064 2631 in
3093 2579 3191 2632 hac
3213 2593 3397 2634 versor
3415 2622 3432 2644 ,
3463 2593 3743 2650 propterea

2165 2661 2306 2732 quod
2329 2677 2395 2717 ex
2425 2663 2526 2718 hac
2548 2663 2884 2720 enarratione
2903 2668 3184 2739 plurimum
3203 2669 3402 2726 fruetus
3422 2675 3569 2728 nasci
3592 2674 3744 2730 video

2168 2762 2276 2808 tum
2315 2753 2564 2809 divitibus
2584 2796 2600 2821 ,
2651 2762 2762 2809 tum
2792 2759 3110 2828 pauperibus
3129 2800 3146 2827 ,
3180 2769 3291 2816 tum
3318 2761 3384 2816 iis
3407 2763 3496 2832 qui
3525 2775 3745 2834 propter

2167 2844 2524 2914 improborum
2547 2844 2866 2916 felicitatem,
2887 2857 3044 2920 atque
3066 2851 3222 2906 etiam
3243 2862 3458 2922 propter
3475 2854 3746 2922 justorum

2167 2936 2400 3006 inopiam
2437 2946 2495 2993 et
2539 2937 2882 2997 afﬂictionem
2925 2943 3326 2998 conturbantur.
3370 2945 3554 3016 Neque
3598 2949 3743 3002 enim

2166 3028 2271 3082 ulla
2306 3043 2393 3084 res
2433 3029 2653 3099 perinde
2693 3029 2832 3086 solet
2875 3033 3145 3090 hominum
3173 3035 3359 3106 vulgus
3385 3036 3661 3093 attendere
3685 3053 3746 3093 ac

2168 3121 2476 3192 perturbare
2499 3162 2516 3189 ,
2564 3130 2623 3176 ut
2665 3123 2807 3192 quod
2857 3125 3047 3181 divites
3087 3142 3251 3196 prave
3299 3129 3532 3184 viventes
3578 3131 3747 3185 multa

2169 3213 2410 3270 fruantur
2432 3215 2782 3284 prosperitate
2800 3232 2818 3272 :
2836 3227 3040 3284 contra,
3063 3219 3192 3288 justi
3218 3233 3338 3274 cum
3364 3221 3561 3275 virtute
3579 3223 3744 3276 vitam

2167 3315 2405 3376 agentes,
2431 3305 2497 3360 ad
2535 3313 2834 3362 extremam
2877 3308 3180 3379 redigantur
3222 3310 3453 3379 in0piam
3473 3351 3490 3374 ,
3537 3312 3746 3381 aliaque

2171 3399 2535 3468 perpetiantur
2561 3398 2840 3454 innumera
2868 3409 3176 3470 paupertate
3202 3400 3313 3469 ipsa
3339 3402 3605 3470 graviora.

2241 3487 2368 3555 Quis
2409 3491 2603 3560 fructus
2647 3504 2711 3543 ea:
2746 3488 2841 3543 hac
2887 3490 3128 3560 parabola
3163 3491 3744 3563 cotiigatun—Verum

2169 3581 2285 3636 haec
2323 3581 2570 3650 parabola
2601 3580 2798 3637 sufﬁcit
2832 3582 2895 3636 ad
2933 3584 3228 3652 praestanda
3267 3584 3746 3642 remediazdivites

2167 3671 2382 3741 quidem
2426 3671 2670 3742 redigens
2709 3671 2776 3726 ad
2824 3672 3136 3728 modestiam
3162 3715 3178 3740 ,
3227 3689 3484 3744 pauperes
3525 3691 3658 3731 vero
3695 3680 3743 3731 in

2169 3761 2518 3831 pratsetttihus
2548 3761 2704 3816 malis
2740 3763 3019 3817 consolans
3043 3781 3056 3817 :
3079 3773 3133 3818 et
3175 3764 3294 3818 illos
3323 3764 3536 3834 quidem
3555 3767 3743 3820 adma-

2169 3868 2324 3920 nens,
2351 3869 2419 3911 ne
2447 3853 2761 3917 efferantur,
2803 3855 3009 3924 quoties
3040 3854 3096 3918 ii,
3143 3854 3233 3924 qui
3259 3856 3500 3926 improbe
3525 3857 3742 3922 vivunt,

2169 3945 2256 4001 hic
2284 3962 2469 4016 pmnas
2496 3962 2603 4002 non
2646 3946 2808 4010 dant,
2851 3947 3046 4016 quippe
3082 3961 3203 4005 eum
3247 3963 3342 4003 eos
3385 3959 3596 4004 maneat
3643 3950 3743 4005 illic

2168 4037 2511 4106 gravissimus
2548 4035 2844 4099 cruciatus;
2886 4036 2983 4090 hos
3013 4052 3139 4092 vero
3165 4037 3480 4104 consolans,
3511 4055 3578 4092 ne
3606 4039 3740 4093 alio-

2170 4144 2286 4183 rum
2306 4129 2552 4186 felicitate
2575 4130 2964 4197 perturbentur,
2989 4144 3158 4198 neque
3177 4138 3364 4199 putent
3382 4146 3470 4184 res
3487 4130 3743 4186 humanas

2169 4220 2370 4289 absque
2410 4219 2502 4274 Dei
2535 4219 2860 4288 providentia
2901 4219 3046 4286 ferri,
3086 4235 3209 4276 cum
3255 4219 3343 4275 hic
3378 4221 3557 4289 justus
3593 4224 3742 4277 malis

2170 4311 2438 4381 afﬂigitur,
2466 4311 2739 4380 improbus
2756 4320 2940 4366 contra
2967 4326 3030 4367 ac
3053 4312 3342 4368 sceleratus
3361 4311 3528 4370 homo
3557 4330 3740 4384 perpe-

2172 4412 2259 4459 tua
2279 4402 2471 4460 fruitur
2497 4404 2867 4472 prosperitate.
2890 4404 3060 4460 Ambo
3083 4404 3342 4473 siquidem
3365 4419 3460 4474 pro
3488 4405 3742 4476 dignitate

2171 4493 2430 4564 recipient
2453 4493 2581 4557 illic,
2614 4492 2701 4547 hic
2724 4493 2938 4562 quidem
2962 4508 3185 4549 coronas
3211 4495 3478 4563 patientiae
3511 4497 3740 4551 toleran-

2173 4583 2396 4652 tiaeque,
2439 4582 2525 4637 ille
2563 4596 2692 4636 vero
2734 4583 2993 4652 supplicia
3039 4597 3327 4654 ptenasque
3367 4585 3739 4654 improbitatis.

2173 4673 2318 4727 Hanc
2333 4672 2636 4742 parabolam
2659 4671 2932 4728 inscribite
2947 4673 3137 4728 divites
3155 4676 3352 4743 pariter
3370 4691 3433 4730 ac
3453 4691 3738 4747 pauperes:

2170 4765 2359 4818 divites
2387 4762 2599 4832 quidem
2629 4763 2682 4818 in
2711 4764 3001 4833 parietibus
3027 4763 3218 4820 domus
3242 4775 3452 4830 vestrm,
3480 4783 3741 4838 pauperes

2170 4864 2346 4909 autem
2375 4854 2428 4908 in
2457 4854 2746 4924 parietibus
2766 4855 2929 4909 animi
2958 4855 3118 4909 vestri
3142 4873 3157 4909 :
3180 4864 3234 4910 et
3259 4857 3304 4910 si
3332 4857 3550 4924 quando
3575 4859 3739 4913 deleta

2163 4945 2335 5002 fuerit
2375 4946 2559 5002 oborta
2589 4947 2887 5030 oblivione,
2919 4946 3106 5002 illinite
3132 4947 3308 5002 denuo
3329 4988 3344 5011 ,
3375 4948 3446 5002 ab
3473 4949 3631 5004 initio
3660 4965 3740 5004 re-

2173 5039 2535 5093 miniscentes.
2569 5037 2680 5092 lmo
2709 5039 2840 5092 vero
2867 5039 3023 5092 etiam
3068 5037 3258 5094 divites
3283 5039 3431 5108 prius
3470 5040 3526 5094 in
3573 5051 3743 5096 mente

2172 5144 2330 5199 quam
2352 5129 2404 5184 in
2434 5127 2635 5184 aedibus
2666 5128 2802 5182 hanc
2831 5129 3113 5184 deseribite
3132 5172 3147 5196 ,
3179 5145 3492 5199 semperque
3517 5132 3741 5186 circum-

2174 5219 2326 5284 ferte,
2371 5226 2426 5273 et
2465 5218 2566 5273 erit
2592 5217 2745 5273 vobis
2787 5217 3161 5273 documentum
3183 5261 3198 5285 ,
3231 5221 3565 5289 materiaque
3596 5225 3744 5275 totius

2174 5307 2543 5378 philosophiae.
2581 5307 2716 5362 Nam
2741 5308 2785 5362 si
2817 5307 2952 5362 hanc
2983 5308 3179 5378 jugiter
3222 5309 3536 5378 inscriptam
3575 5313 3742 5364 animo

2175 5410 2468 5464 teneamus,
2490 5414 2658 5467 neque
2679 5398 2840 5468 hujus
2861 5399 2981 5454 vitm
3001 5399 3119 5456 beta
3143 5408 3391 5470 poterunt
3410 5416 3512 5456 nos
3541 5401 3740 5466 inﬂare,

2176 5507 2350 5562 neque
2380 5491 2544 5546 tristia
2572 5491 2805 5560 dejicere
2837 5501 3305 5562 prosternereque;
3344 5491 3439 5547 sed
3465 5507 3576 5548 non
3601 5495 3744 5548 aliter

2176 5598 2334 5653 quam
2362 5581 2620 5636 afﬁcimur
2657 5583 2878 5652 picturis
2920 5583 2973 5637 in
3016 5582 3214 5652 pariete
3239 5581 3454 5648 additis,
3484 5598 3614 5653 erga
3641 5583 3744 5636 hmo

2178 5681 2396 5742 utraque
2411 5673 2466 5725 af
2465 5672 2720 5728 ﬁeiemur.
2734 5671 3186 5740 Quemadmodum
3202 5673 3344 5728 enim
3360 5673 3746 5742 conSpieientcs

2181 5765 2231 5818 in
2263 5764 2466 5832 pariete
2491 5764 2688 5832 pictum
2726 5765 2942 5820 divitem
2987 5779 3048 5820 ac
3074 5779 3356 5834 pauperem
3378 5804 3394 5828 ,
3435 5780 3539 5820 nec
3568 5767 3641 5819 illi
3673 5766 3744 5818 in-

2180 5853 2454 5919 videmus,
2500 5868 2598 5910 nec
2636 5872 2931 5930 pauperem
2970 5854 3322 5925 deSpicimus,
3371 5870 3438 5911 eo
3463 5855 3607 5926 quod
3632 5874 3746 5928 τιυὲῖ

3857 819 3860 984 l
