3790 6244
35 277 133 330 0οἹ

35 417 99 452 ιν.
137 397 345 452 Πολλοὶ
376 399 504 468 γοῦν
539 400 637 471 μὲν
669 401 761 454 καὶ.
791 401 899 474 πρὸ
926 402 1081 474 ἡμῶν
1108 405 1189 467 εἰς
1210 405 1413 473 ταύτην
1438 401 1589 471 εἰρή-

35 500 125 537 ασι
154 483 262 551 τὴν
291 483 568 546 ὑπόθεσιν,
603 485 788 537 πολλοὶ
832 488 926 539 καὶ
954 486 1072 552 μεθ’
1100 488 1250 558 ἡμᾶς
1278 486 1407 546 ίσως
1436 484 1591 555 ἐροῦ-

35 584 99 621 ιν·
124 567 248 620 ἀλλ’
279 568 456 630 οὐδεὶς
472 568 566 620 τὸν
602 570 816 623 ἅπαντα
844 570 1071 624 πλοῦτον
1102 571 1338 624 κενῶσαι
1369 570 1593 637 δυνήσε-

35 668 106 705 ιι.
145 650 393 722 Τοιαύτη
440 652 548 720 γάρ
593 653 693 723 τῆς
736 654 1053 725 περιουσίας
1090 653 1294 725 ταύτης
1330 655 1365 723 ή
1404 652 1586 723 φύσις

35 751 216 805 σῳπερ
252 734 324 788 ἂν
366 734 669 808 διασκάψῃς
714 738 771 790 ἐν
813 737 891 808 τῷ
931 737 1106 807 βάθει,
1141 738 1379 807 τοσούτῳ
1431 736 1593 790 πλέον

35 814 298 867 ναϐλύσει
321 815 391 870 τά
421 815 537 868 θεῖα
565 818 830 888 νοήματα·
864 818 1017 889 πηγή
1032 819 1143 890 γάρ
1162 820 1311 873 ἐστιν
1334 818 1591 872 οὐδέποτε

35 898 288 950 πιλείπου
298 916 386 951 σα.

69 981 178 1033 Καὶ
210 980 323 1033 ἔδει
351 980 450 1051 μὲν
473 984 537 1053 τῇ
572 983 816 1055 προτέρᾳ
852 983 1069 1050 συνάξει
1098 984 1257 1037 τοῦτο
1285 985 1414 1055 ὑμῖν
1455 984 1593 1037 ἁπο-

35 1065 180 1117 οῦναι
208 1064 273 1117 τὸ
303 1066 487 1134 χρέος,
527 1065 640 1118 ἀλλ’
672 1067 774 1119 οὐκ
796 1067 1038 1136 ἀσφαλὲς
1069 1063 1207 1122 εἶναι
1241 1069 1592 1138 ἐνομίσαμεν,

36 1149 92 1201 οῦ
129 1149 413 1221 μακαρίου
449 1148 669 1203 Βαϐύλα
704 1150 796 1202 καὶ
828 1151 927 1219 τῆς
960 1149 1251 1222 ξυνωρίδος
1280 1152 1388 1204 τῶν
1423 1151 1593 1219 ἁγίων

35 1231 307 1303 μαρτύρων
349 1232 457 1285 τῶν
498 1232 616 1302 μετ’
646 1234 851 1286 ἐκεῖνον
888 1235 1177 1306 παρελθεῖν
1212 1236 1279 1289 τά
1311 1234 1591 1307 κατορθώ-

35 1334 172 1369 ιατα.
231 1316 329 1369 Διὸ
368 1317 469 1387 τήν
506 1316 811 1388 καταϐολὴν
852 1318 1251 1389 ὐπερεθέμεθα,
1298 1319 1594 1390 τηροῦντες

38 1402 82 1462 ίς
125 1400 227 1468 τὴν
254 1401 543 1470 παροῦσαν
576 1403 706 1470 ὑμῖν
733 1402 948 1472 ἡμέραν
989 1402 1285 1473 ὁλόκληρον
1324 1403 1423 1474 τὴν
1449 1404 1595 1456 ἐκτι-

35 1502 109 1536 ·ιν.
138 1484 280 1553 Φέρε
309 1479 429 1547 οὖν,
460 1485 645 1557 ἐπειδὴ
670 1486 762 1539 καὶ
788 1488 903 1549 τοῖς
927 1486 1169 1558 πατράσι
1196 1487 1295 1550 τάς
1319 1487 1593 1557 εὐφημίας

35 1566 456 1637 ιποδεδώκαμεν,
485 1569 547 1622 οὐ
578 1568 678 1631 τὰς
709 1570 831 1624 κατ’
862 1570 1021 1634 ἀξίαν
1051 1570 1149 1642 τὴν
1175 1571 1423 1636 ἐκείνων,
1459 1570 1595 1624 ἀλλὰ

43 1652 102 1714 ἀς
126 1650 273 1705 κατὰ
304 1652 537 1723 δύναμιν
563 1653 663 1724 τὴν
694 1654 989 1725 ἡμετέραν,
1018 1655 1309 1726 ἀποδῶμεν
1340 1656 1436 1709 καὶ
1464 1657 1593 1725 ὑμῖν

36 1736 100 1789 ’οὖ
129 1736 475 1806 διηγήματος
513 1738 701 1791 τούτου
739 1738 801 1791 τὸ
831 1739 1105 1807 λείψανον.
1145 1739 1306 1793 Ἀλλά
1342 1740 1416 1813 μή
1455 1742 1595 1793 ἀπο-

35 1822 243 1891 ιάμητε,
277 1819 387 1883 ἕως
427 1820 493 1873 ἂν
526 1822 664 1893 πρὸς
712 1821 773 1874 τὸ
812 1822 964 1885 τέλος
993 1821 1342 1894 ἀφικώμεθα,
1387 1824 1597 1877 ἐκεῖθεν

35 1905 378 1967 ίναλαϐόντες
436 1905 526 1959 τὸν
588 1905 776 1975 λόγον,
829 1906 957 1959 ἔνθα
1011 1909 1175 1961 αὐτὸν
1234 1908 1596 1979 κατελίπομεν

35 1989 223 2059 πρώην.
259 1989 375 2042 Ποῦ
411 1990 469 2043 δὲ
490 1990 653 2044 αὐτὸν
681 1991 1079 2062 κατελίπομεν;
1117 1994 1205 2046 Ἐν
1241 1993 1318 2064 τῷ
1356 1994 1596 2066 χάσματι

109 2073 400 2144 διείργοντι
426 2075 553 2138 τοὺς
576 2074 820 2138 δικαίους
848 2076 955 2129 ἀπὸ
980 2076 1089 2129 τῶν
1118 2077 1476 2147 ἁμαρτωλῶν.
1506 2080 1597 2131 El-

35 2157 203 2219 τόν-τος
243 2156 357 2226 γάρ
394 2158 489 2210 τοῦ
533 2157 811 2221 πλουσίου,
866 2159 1115 2228 Πέμψον
1143 2159 1427 2229 Λάζαρον,
1473 2157 1595 2215 εἰπε

35 2240 149 2310 πρὸς
196 2240 362 2293 αὐτὸν
393 2242 424 2293 6
471 2240 743 2312 Ἀϐραάμ·
792 2241 948 2308 Χάος
987 2254 1014 2282 ει
1054 2243 1210 2312 μέγα
1253 2241 1597 2311 ἐστήρικται

36 2322 237 2387 ,μεταξὺ
272 2320 446 2393 ἡμῶν
473 2324 573 2379 καὶ
604 2324 791 2393 ὑμῶν,
818 2326 978 2392 ὅπως
1003 2329 1058 2380 οἱ
1079 2327 1361 2393 θέλοντες
1391 2326 1598 2395 διαϐῆ-

35 2427 111 2462 ναι
136 2408 366 2461 ἐκεῖθεν
394 2409 544 2476 πρὸς
577 2408 755 2477 ἡμᾶς,
783 2408 869 2477 μὴ
893 2409 1206 2475 δύνωνται,
1232 2411 1388 2479 μηδὲ
1416 2414 1470 2464 οἱ
1501 2412 1598 2465 ἐν-

35 2493 225 2547 τεῦθεν·
244 2491 373 2545 ἐκεῖ
403 2490 747 2559 διαπερῶσι.
785 2492 894 2543 Καὶ
920 2492 1235 2563 ἐδείκνυμεν
1274 2494 1362 2547 διὰ
1386 2494 1596 2548 πολλῶν

35 2578 124 2628 τῶν
151 2575 479 2645 εἰρημένων,
510 2575 585 2636 ὡς
611 2575 692 2628 ὃτι
728 2573 868 2645 μετά
890 2575 987 2645 τὴν
1024 2577 1118 2630 τοῦ
1142 2576 1276 2630 Θεοῦ
1304 2576 1599 2648 φιλανθρω-

35 2659 170 2719 πίαν,
210 2660 268 2711 ἐν
307 2661 421 2721 τοῖς
450 2657 669 2720 οἰκείοις
707 2657 1096 2729 κατορθώμασι
1124 2659 1222 2722 τὰς
1244 2660 1464 2725 ἐλπίδας
1496 2663 1598 2733 τῆς

35 2743 291 2813 σωτηρίας
324 2741 473 2811 ἔχειν
506 2740 636 2812 χρὴ,
679 2741 753 2813 μὴ
801 2741 1043 2813 πατέρας
1084 2743 1179 2797 καὶ
1215 2744 1473 2808 πάππους
1505 2747 1599 2800 καὶ

36 2827 369 2889 ἐπιπάππους
397 2824 786 2897 ἀριθμοῦντας,
819 2826 952 2897 μηδὲ
985 2829 1265 2895 συγγενεῖς
1288 2830 1381 2881 καὶ
1412 2828 1600 2898 φίλους

36 2910 117 2962 καὶ
160 2909 393 2973 οἰκείους
437 2908 532 2962 καὶ
570 2909 835 2978 γείτονας·
893 2908 1173 2979 Ἀδελφὸς
1225 2911 1333 2983 γάρ
1378 2915 1450 2967 οὐ
1493 2919 1601 2967 λυ·-

36 2993 276 3060 τροῦται·
335 2991 707 3060 λυτρώσεται
766 2991 1113 3062 ἅνθρωπος;
1179 2994 1318 3047 Ἀλλ’
1381 2996 1481 3049 ὅσα
1534 2995 1600 3050 ἂν

36 3077 445 3145 παρακαλέσωσι
476 3077 574 3130 καὶ
599 3078 1058 3132 καθικετεύσωσιν
1091 3080 1163 3131 οί·
1187 3079 1323 3149 μετά
1354 3082 1603 3153 ἁμαρτη-

38 3161 209 3230 μάτων
246 3160 503 3215 ἐντεῦθεν
547 3160 896 3228 ἀπελθόντες,
931 3162 1108 3216 πάντα
1137 3163 1257 3233 είκῆ
1301 3164 1396 3218 καὶ
1424 3165 1603 3236 μάτην

36 3245 204 3299 λοιπὸν
236 3246 444 3317 ἐροῦσι.
490 3245 603 3301 Καὶ
639 3244 749 3315 γάρ
781 3245 836 3297 αἰ
879 3246 1140 3319 παρθένοι
1175 3247 1232 3299 αἱ
1264 3247 1425 3301 πέντε
1462 3266 1604 3322 παρ-

37 3329 287 3383 εκάλεσαν
315 3329 419 3393 τὰς
450 3328 719 3399 ὁμήλικας
747 3328 889 3399 ὺπέρ
912 3327 1125 3389 ἐλαίου,
1156 3329 1253 3383 καὶ
1282 3330 1383 3384 οὐκ
1408 3331 1605 3386 ἐπέτυ-

38 3428 140 3482 χονο
170 3411 260 3466 καὶ
284 3411 312 3462 6
337 3410 399 3464 τὸ
421 3411 683 3467 τάλαντον
710 3412 1067 3483 κατακρύψας
1089 3413 1149 3466 τὸ
1176 3415 1233 3467 ἐν
1266 3418 1331 3485 τῇ
1358 3418 1450 3487 γῇ,
1475 3416 1606 3470 πολι

38 3496 99 3547 λὰ
124 3496 619 3566 ἀπολογησάμενος,
649 3495 947 3568 κατεκρίθη
976 3497 1155 3550 πάλιν·
1179 3498 1275 3552 καὶ
1298 3499 1348 3553 οἰ
1384 3498 1458 3568 μὴ
1479 3500 1606 3571 θρέ-

38 3579 224 3648 ψαντες
269 3580 431 3633 αὐτὸν
474 3578 770 3644 πεινῶντα,
813 3579 948 3650 μηδὲ
995 3580 1315 3645 ποτίσαντες
1343 3582 1603 3652 διψῶντα,

41 3664 127 3717 καὶ
166 3666 317 3720 αὐτοὶ
355 3663 641 3728 δοκοῦντες
689 3666 771 3725 εἰς
815 3664 1041 3733 ἄγνοιαν
1082 3666 1469 3735 καταφεύγειν,
1495 3669 1604 3726 οὐδ’

42 3756 223 3809 ἐκεῖνοι
258 3754 588 3826 συγγνώμης
615 3755 710 3809 καὶ
735 3754 1032 3823 ἀπολογίας
1058 3756 1269 3827 ἔτυχον.
1299 3757 1517 3829 ’Έτεροι
1548 3760 1606 3812 δὲ

42 3839 150 3892 οὐδέ
180 3841 348 3893 εἰπεῖν
380 3857 435 3892 τι
466 3836 723 3909 ἴσχυσαν,
758 3837 946 3910 ὥσπερ
981 3839 1188 3903 ἐκεῖνος
1220 3842 1249 3894 6
1284 3839 1354 3893 τὰ
1386 3841 1607 3913 ῥυπαρὰ

44 3920 375 3993 ἐνδεδυμένος
412 3923 624 3994 ίμάτιαο
670 3921 1072 3992 ἐγκαλούμενος
1106 3923 1220 3994 γὰρ
1260 3923 1441 3993 ἐσίγα.
1495 3924 1608 3997 Οὐχ

45 4000 182 4071 οὗτος
209 4006 263 4059 δὲ
288 4007 469 4077 μόνον,
494 4006 629 4061 ἀλλά
666 4008 761 4060 καὶ
791 4006 948 4070 ἄλλος
973 4007 1050 4078 τῷ
1084 4007 1311 4078 πλησίον
1346 4027 1610 4080 μνησικα-

46 4090 227 4157 κήσας,
275 4091 369 4144 καὶ
422 4090 618 4144 ἐκατὸν
658 4092 970 4161 ἀπαιτήσας
1013 4091 1264 4162 δηνάρια,
1319 4089 1435 4147 εἶτα
1468 4094 1608 4165 ὑπὲρ

47 4173 232 4227 τούτων
269 4175 450 4229 αὐτῶν
484 4173 637 4244 παρά
664 4172 759 4228 τοῦ
796 4173 1056 4228 δεσπότου
1085 4175 1488 4247 ἐγκαλούμενος
1515 4176 1609 4229 ἐπὶ

46 4255 272 4329 ὠμότητι
300 4260 393 4313 καὶ
425 4259 808 4331 ἀπανθρωπίᾳ,
834 4259 988 4314 οὐδὲν
1022 4259 1182 4331 ἔσχεν
1212 4261 1403 4315 εἰπεῖν.
1447 4261 1609 4315 Ὅθεν

46 4342 211 4413 δῆλον,
243 4344 325 4398 ὅτι
369 4342 522 4397 οὐδὲν
568 4342 728 4414 ήμῶν
770 4344 887 4396 ἐκεῖ
913 4346 1300 4415 προστήσεται,
1331 4346 1425 4399 ἐὰν
1471 4344 1610 4416 ἔργα

53 4426 120 4497 μὴ
158 4427 361 4497 ἔχωμεν
409 4426 613 4495 ἀγαθά’
669 4425 785 4481 ἀλλ’
815 4426 882 4481 ἄν
926 4444 985 4479 τε
1026 4427 1467 4499 καθικετεύωμεν
1515 4430 1610 4482 καὶ

50 4512 463 4584 παρακαλῶμεν,
487 4512 553 4567 ἄν
585 4529 645 4565 τε
668 4510 932 4582 σιγῶμεν,
962 4511 1164 4582 ὁμοίως
1191 4514 1277 4583 ἐφ’
1311 4515 1460 4583 ήμᾶς
1489 4513 1609 4585 ἥξει

51 4597 112 4649 τὰ
146 4599 239 4668 τῆς
269 4599 545 4661 κολάσεως
585 4598 680 4651 καὶ
721 4597 823 4667 τῆς
855 4596 1146 4667 τιμωρίας.
1176 4598 1444 4651 ’Ἄκουσον
1478 4598 1610 4666 γοῦν

54 4680 158 4744 πῶς
202 4684 291 4736 καὶ
318 4678 473 4745 οὗτος
507 4682 738 4752 αἰτήσας
779 4681 1025 4751 αἰτήσεις
1067 4679 1162 4734 δύο
1203 4680 1295 4734 τὸν
1336 4680 1608 4753 Ἀϐραὰμ,

54 4763 359 4837 ἀμφοτέρων
387 4766 647 4837 ἀπέτυχε.
679 4764 949 4837 Πρότερον
974 4765 1072 4836 μὲν
1098 4764 1207 4837 γὰρ
1240 4766 1380 4837 ὑπὲρ
1416 4766 1609 4821 ἐαυτοῦ

53 4846 141 4917 τὴν
167 4850 441 4923 ἱκετηρίαν
494 4852 728 4903 ἐποιεῖτο
774 4850 969 4919 λέγων,
1016 4849 1268 4918 Πέμψον
1321 4848 1607 4917 Λάζαρον*

56 4928 265 5004 ὕστερον
312 4935 369 4989 δὲ
423 4936 524 4990 οὐκ
566 4934 647 4989 ἐτι
688 4934 829 5005 ὑπὲρ
881 4932 1098 4996 ἐαυτοῦ,
1145 4933 1284 4987 ἀλλά
1331 4935 1473 5007 ὺπέρ
1505 4935 1613 4989 τῶν

58 5016 305 5087 ἀδελφῶν⁸
328 5020 465 5074 ἀλλὰ
496 5020 756 5090 οὐδεμίαν
780 5021 976 5090 ἤνυσεν
1004 5018 1242 5087 αῇησιν.
1286 5018 1349 5071 Ἥ
1379 5019 1478 5089 μὲν
1503 5019 1612 5089 γάρ

57 5095 118 5168 ἦν
138 5101 389 5170 ἀδύνατος
421 5106 455 5174 ή
495 5104 757 5175 προτέρα,
790 5103 939 5174 [755]
968 5104 1001 5173 ή
1026 5103 1253 5174 δευτέρα
1289 5103 1347 5156 δὲ
1386 5105 1612 5174 περιττὴ

61 5182 91 5251 ἡ
122 5184 250 5256 ὑπὲρ
278 5187 382 5242 τῶν
411 5186 673 5256 ἀδελφῶν.
704 5187 851 5257 Πλὴν
872 5185 1028 5249 ἀλλὰ,
1053 5188 1103 5238 εἰ
1132 5185 1296 5249 δοκεῖ,
1319 5186 1415 5238 καὶ
1435 5185 1614 5240 αὐτῶν

62 5265 362 5341 ἀκούσωμεν
416 5272 525 5325 τῶν
575 5270 833 5341 ῥημάτων
875 5267 1012 5338 μετά
1060 5267 1261 5338 πολλῆς
1309 5270 1410 5340 τῆς
1450 5287 1615 5324 σπου-

36 5327 150 5418 λῆς
183 5350 229 5408 δ.
268 5327 363 5415 Ἐί,
386 5356 495 5426 γὰρ
540 5327 799 5427 ἄρχοντος
836 5327 893 5407 ἐν
935 5354 1110 5424 ἀγορᾷ
1152 5327 1293 5427 μέσῃ
1324 5327 1615 5409 καταδικω

65 5433 363 5504 ἀγαγόντος,
390 5441 481 5492 καὶ
509 5438 736 5509 δημίους
759 5440 1209 5509 περιστήσαντος,
1236 5438 1330 5492 καί
1363 5438 1617 5503 καταξαί-

66 5533 228 5581 νοντος
265 5521 350 5575 τὸν
385 5522 704 5586 ὑπεύθυνον,
753 5521 892 5591 μετά
924 5520 1124 5593 πολλῆς
1162 5521 1263 5591 τῆς
1306 5522 1616 5594 προθυμίας

70 5603 425 5673 συντρέχουσιν
462 5607 700 5670 ἅπαντες
745 5606 972 5661 ἀκοῦσαι
1005 5606 1335 5678 βουλόμενοι,
1361 5607 1414 5663 τί
1458 5609 1555 5681 μὲν
1587 5610 1617 5664 ὁ

123 5693 149 5761 ξ
282 5700 457 5761 χάσμα.

126 5752 153 5794 δ
172 5758 263 5808 Alii
282 5752 361 5821 τῆς
379 5752 632 5827 ἀκριϐείας.

1214 280 1297 336 DE
1338 279 1615 336 LAZABO
1653 280 1910 338 CONCIO
1953 283 2044 338 IV.

3149 283 3286 340 1008

1662 468 1669 475 ἱ
1698 399 1958 473 δικαστὴς
1991 405 2194 475 ἐρωτᾷ,
2219 403 2271 456 τί
2299 402 2356 456 δέ
2377 403 2406 455 6
2434 401 2724 463 κατάδικος
2758 399 3130 468 ἀποκρίνελταιο
3163 400 3289 454 πολι

1699 487 1776 557 λῷ
1812 487 2011 558 μᾶλλον
2042 486 2275 541 ἐνταῦθα
2317 486 2453 557 μετὰ
2489 485 2777 556 ἀκριϐείας
2810 483 3032 536 ἀκούειν
3071 483 3196 555 χρὴ,
3232 483 3290 538 τί

1703 573 1803 643 μὲν
1837 572 1866 624 6
1894 572 2184 634 κατάδικος
2214 562 2391 634 οὗτος.
2418 573 2446 622 6
2473 569 2727 631 πλούσιος
2757 568 2923 635 λέγω,
2958 567 3118 632 ἀξιοῖ,
3148 569 3202 620 τί
3229 568 3290 621 δὲ

1699 659 1727 710 6
1756 657 1961 721 δίκαιος
1992 654 2251 725 δικαστὴς
2276 653 2630 724 ἀποκρίνεται
2652 652 2740 705 διὰ
2774 653 2867 705 τοῦ
2901 650 3172 722 Ἀϐραάμ.
3209 652 3286 704 Οὐ

1696 742 1809 810 γὰρ
1840 742 1868 793 6
1899 741 2246 811 πατριάρχης
2272 734 2342 807 ἦν
2363 738 2391 789 6
2419 735 2679 799 δικάζων,
2703 737 2751 788 εἰ
2777 737 2873 789 καὶ
2903 735 3070 798 αὐτὸς
3089 734 3291 803 ἐφθέγγ-

1699 839 1846 890 γετο·
1884 822 2000 876 ἀλλ’
2034 816 2223 891 ὥσπερ
2254 819 2483 873 ἐπὶτῶν
2521 819 2720 883 ἔξωθεν
2762 818 3132 889 δικαστηρίων
3161 816 3289 871 τού-

1699 925 1828 972 των,
1854 909 1980 961 ὅταν
2025 901 2126 959 ὦσί
2166 922 2312 967 τινες
2343 902 2635 957 ὑπεύθυνοι
2668 902 2863 975 λῃσταί
2910 903 3005 956 καὶ
3032 902 3291 974 ἀνδροφό-

1700 1008 1803 1053 νοι,
1844 991 2035 1062 πόρρω
2061 990 2160 1059 τῆς
2188 987 2364 1057 ὅψεως
2401 987 2492 1039 τοῦ
2529 985 2843 1049 δικάζοντος
2879 985 3291 1055 ἀποστήσαντες

1699 1072 1920 1137 τούτους
1948 1075 1996 1126 οἱ
2018 1072 2195 1141 νόμοι,
2224 1071 2323 1140 τῆς
2346 1069 2441 1123 τοῦ
2473 1069 2751 1141 κρίνοντος
2775 1069 2876 1121 οὐκ
2902 1069 3290 1139 ἐπιτρέπουσιν

1698 1156 1931 1210 ἀκοῦσαι
1972 1156 2174 1225 φωνῆς,
2207 1154 2309 1207 κᾶν
2355 1153 2530 1222 τούτῳ
2573 1151 2711 1222 μετὰ
2740 1152 2849 1204 τῶν
2878 1151 3053 1205 ἄλλων
3092 1153 3290 1213 αὐτοὺς

1702 1239 2081 1309 ἀτιμάζοντες,
2118 1236 2253 1291 ἀλλά
2276 1236 2440 1307 μέσος
2463 1253 2547 1298 τις
2570 1236 2811 1288 διακονεῖ
2836 1237 2958 1298 ταῖς
2986 1236 3288 1305 ἐρωτήσεσι

1700 1322 1792 1375 τοῦ
1822 1319 2155 1385 δικάζοντος,
2196 1321 2287 1372 καὶ
2327 1321 2448 1381 ταῖς
2490 1318 2817 1389 ἀποκρίσεσι
2857 1317 2965 1371 τῶν
3006 1316 3290 1387 δικαζομέ-

1701 1423 1806 1459 νων
1830 1417 1878 1445 ε·
1910 1403 2053 1459 οὕτω
2086 1404 2150 1476 δή
2178 1404 2274 1456 καὶ
2298 1403 2419 1455 τότε
2451 1401 2678 1469 ἐγίνετο.
2717 1402 2793 1454 Οὐ
2819 1400 2914 1454 τοῦ
2941 1401 3078 1454 Θεοῦ
3116 1401 3291 1470 φθεγ-

1702 1489 1934 1561 γομένου
1964 1488 2103 1559 πρὸς
2135 1487 2297 1540 αὐτὸν
2321 1486 2521 1556 ήκουεν
2551 1488 2580 1538 6
2619 1486 2928 1549 κατάδικος,
2958 1486 3094 1539 ἀλλά
3127 1487 3291 1556 μέσος

1699 1567 1768 1642 ἦν
1797 1573 1825 1624 ὁ
1860 1571 2131 1642 Ἀϐραὰμ,
2156 1569 2224 1623 τὰ
2246 1567 2400 1639 παρὰ
2424 1568 2518 1621 τοῦ
2539 1568 2855 1633 δικάζοντος
2872 1570 3290 1639 διακονούμενος

1701 1656 1780 1727 τῷ
1816 1656 2175 1726 δικαζομένῳ.
2205 1654 2279 1707 Οὐ
2307 1652 2417 1724 γὰρ
2450 1652 2661 1705 οῐκοθεν
2690 1654 2875 1722 ἔλεγεν
2903 1654 3047 1723 άπερ
3080 1654 3290 1721 ἔλεγεν,

1703 1740 1840 1793 ἀλλά
1861 1740 2038 1803 θείους
2063 1737 2395 1807 ἀνεγίνωσκε
2419 1736 2618 1807 νόμους
2644 1736 2814 1807 αὐτῷ,
2842 1739 2939 1790 καὶ
2962 1738 3059 1799 τὰς
3082 1737 3291 1792 ἄνωθεν

1704 1823 2009 1895 φερομένας
2038 1822 2221 1891 ἔλεγεν
2242 1817 2568 1889 ἀποφάσεις.
2596 1819 2794 1892 Διόπερ
2818 1813 2972 1885 οὗτος
2999 1820 3120 1873 οὐδέ
3144 1822 3292 1873 ἀντι-

1706 1906 1887 1975 λέγειν
1918 1902 2053 1976 εἶχε.

1777 1991 1840 2061 β’.
1860 1989 2226 2060 Προσέχωμεν
2243 1988 2424 2042 τοίνυν
2457 1991 2594 2063 μετα
2609 1988 2894 2059 ἀκριϐείας
2918 1990 3031 2049 τοῖς
3057 1985 3291 2056 λεγομέ-

1703 2089 1834 2135 νοις.
1873 2071 1982 2125 Kal
2007 2072 2119 2143 γὰρ
2152 2071 2407 2143 ἐπίτηδες
2439 2072 2758 2143 ἐνδιατρίϐω
2802 2070 2976 2144 ταύτῃ
3006 2073 3072 2141 τῇ
3109 2086 3290 2139 παρακ

1704 2156 1855 2226 ϐολῇ,
1922 2157 2015 2208 καὶ
2080 2156 2346 2226 τετάρτην
2416 2156 2630 2229 ἡμέραν
2692 2155 2852 2225 ἔχων,
2921 2153 3126 2224 ταύτης
3189 2154 3292 2205 οὐκ

1702 2239 2033 2308 ἀφίσταμαι,
2079 2238 2268 2309 ἐπειδὴ
2314 2240 2412 2292 καὶ
2446 2239 2581 2293 πολὺ
2624 2237 2685 2291 τὸ
2736 2238 2926 2309 κέρδος
2980 2238 3043 2289 ἐκ
3099 2235 3295 2288 τούτου

1702 2321 1797 2375 τοῦ
1825 2322 2159 2392 διηγήματος
2183 2321 2293 2391 ὁρῶ
2319 2322 2606 2393 γινόμενον
2634 2322 2730 2375 καὶ
2758 2319 3041 2382 πλουσίοις
3072 2317 3169 2372 καὶ
3197 2316 3294 2368 πέ-

1704 2424 1851 2473 νησι,
1885 2407 1978 2460 καὶ
2008 2408 2120 2468 τοῖς
2151 2406 2291 2477 ὑπὲρ
2320 2406 2417 2475 τῆς
2446 2405 2555 2457 τῶν
2583 2404 2834 2475 πονηρῶν
2868 2402 3172 2473 εὐπραγίας
3198 2401 3296 2454 καὶ

1700 2491 1803 2560 τῆς
1846 2490 1955 2543 τῶν
1985 2488 2209 2543 δικαίων
2239 2490 2431 2552 πενίας
2471 2490 2566 2543 καὶ
2591 2487 2822 2558 θλίψεως
2850 2486 3290 2559 θορυϐουμένοις.

1704 2573 1816 2626 Καὶ
1835 2572 1945 2643 γὰρ
1974 2572 2126 2625 οὐδὲν
2154 2571 2298 2625 οὓτω
2326 2572 2455 2634 τούς
2478 2572 2706 2634 πολλοὺς
2733 2570 3109 2634 σκανδαλίζειν
3136 2569 3294 2621 εἴωθε

1706 2656 1802 2710 καὶ
1833 2657 2141 2727 ταράττειν,
2181 2655 2256 2717 ὡς
2293 2655 2354 2707 τὸ
2388 2654 2677 2718 πλουσίους
2720 2655 2777 2707 ἐν
2811 2654 3049 2724 πονηρίᾳ
3082 2652 3295 2717 ζῶντας

1705 2740 2007 2811 εὐημερίας
2037 2730 2331 2793 ἀπολαύειν
2357 2739 2578 2809 πολλῆς,
2608 2738 2703 2791 καὶ
2735 2738 2976 2800 δικαίους
3001 2736 3139 2808 μετά
3160 2738 3295 2807 ἀρε-

1704 2823 1805 2893 τῆς
1824 2823 2033 2887 ζῶντας
2052 2821 2189 2892 πρὸς
2204 2823 2439 2892 ἐσχάτην
2454 2821 2774 2875 ἐλαύνεσθαι
2793 2820 3005 2884 πενίαν,
3022 2820 3114 2873 καὶ
3127 2820 3294 2890 ἕτερα

1710 2907 1878 2978 μυρία
1908 2907 2005 2977 τῆς
2028 2905 2221 2968 πενίας
2254 2906 2549 2977 ὑπομένειν
2571 2904 2928 2977 χαλεπώτερα
2957 2904 3294 2975 πράγματα.

1793 2988 1953 3042 Ἀλλά
1985 2987 2124 3059 αῦτη
2157 2989 2314 3060 ἱκανὴ
2340 2991 2374 3060 ή
2406 2989 2691 3061 παραϐολὴ
2723 2989 3024 3059 παρασχεῖν
3052 2987 3122 3039 τά
3151 2989 3294 3059 φάρ-

1712 3090 1886 3144 μακα,
1917 3071 2043 3135 τοὺς
2071 3071 2172 3143 μὲν
2205 3072 2572 3137 πλουτοῦντας
2617 3070 3048 3144 σωφρονίζουσα,
3075 3072 3202 3133 τοὺς
3235 3070 3297 3123 δὲ

1711 3156 1951 3227 πένητας
1998 3156 2487 3227 παραμυθουμένη⁸
2534 3158 2779 3220 ἐκείνους
2830 3157 2927 3227 μὲν
2965 3155 3297 3210 παιδεύουσα

1714 3241 1789 3312 μὴ
1822 3240 1964 3311 μέγα
2003 3242 2241 3311 φρονεῖν,
2285 3241 2413 3304 τοὺς
2449 3239 2507 3293 δέ
2544 3241 2784 3312 πένητας
2823 3238 3294 3311 παραμυθουμένη

1711 3325 1805 3377 ἐπὶ
1860 3326 1974 3386 τοῖς
2014 3323 2272 3395 παροῦσιο
2324 3323 2613 3387 κάκείνους
2662 3324 2761 3394 μὲν
2800 3323 2875 3395 μὴ
2930 3322 3297 3394 μεγαλαυχεῖν

1700 3406 2043 3469 ’πείθουσαίκ
2090 3408 2217 3460 ὅταν
2257 3406 2685 3479 πονηρευόμενοι
2731 3406 2807 3477 μὴ
2849 3406 3011 3461 δῶσιν
3061 3404 3297 3458 ἐνταῦθα

1700 3493 1890 3564 δίκην,
1927 3492 2004 3555 ὼς
2032 3491 2424 3563 χαλεπωτάτης
2461 3491 2920 3563 ἀπαντησομένης
2966 3491 3150 3552 αὐτοῖς
3178 3492 3299 3544 ἐκεῖ

1711 3575 1813 3646 τῆς
1840 3576 2132 3647 τιμωρίας·
2159 3575 2383 3637 τούτους
2401 3575 2459 3629 δέ
2486 3574 2900 3646 παρακαλοῦσα,
2929 3574 3003 3645 μὴ
3039 3578 3159 3637 ταῖς
3180 3573 3296 3626 ἐτέ-

1718 3677 1826 3731 ρων
1868 3658 2196 3729 εὐπραγίαις
2246 3657 2612 3730 θορυϐεἰσθαι,
2668 3659 2803 3729 μηδέ
2844 3656 3089 3728 νομίζειν
3130 3659 3298 3727 ἀπροη

1714 3743 1882 3813 νόητα
1910 3738 2049 3795 εἶναι
2080 3742 2148 3796 τά
2172 3743 2296 3795 καθ’
2328 3744 2497 3812 ἡμᾶς,
2531 3743 2658 3797 ὅταν
2695 3743 2905 3805 δίκαιος
2937 3742 3035 3813 μὲν
3058 3742 3297 3797 ἐνταῦθα.

1714 3826 1901 3896 πάσχῃ
1958 3824 2164 3888 κακῶς,
2216 3825 2453 3896 πονηρὸς
2492 3825 2551 3880 δὲ
2595 3826 2689 3879 καὶ
2751 3825 2945 3896 μιαρὸς
3004 3824 3299 3895 ἄνθρωπος

1698 3908 2017 3980 εὐημερίας
2069 3906 2318 3981 ἀπολαύῃ
2363 3908 2663 3980 διηνεκοῦς.
2715 3909 3040 3980 Ἀμφότεροι
3087 3908 3195 3979 γάρ
3236 3910 3301 3963 τὸ

1716 3996 1837 4048 κατ’
1883 3993 2039 4060 ἀξίαν
2071 3992 2445 4062 ἀπολήψονται
2487 3993 2626 4057 ἐκεῖ,
2662 3995 2692 4047 6
2722 3994 2818 4064 μὲν
2848 3995 2975 4057 τοὺς
3001 3994 3300 4061 στεφάνους

1714 4078 1816 4149 τῆς
1844 4078 2122 4148 ὑπομονῆς
2159 4076 2255 4130 καὶ
2291 4077 2392 4147 τῆς
2424 4075 2743 4148 καρτερίας,
2778 4079 2805 4129 6
2837 4076 2893 4129 δὲ
2919 4078 3016 4140 τὰς
3046 4077 3301 4140 κολάσεις

1713 4163 1812 4216 καὶ
1843 4161 1943 4224 τὰς
1978 4160 2251 4232 τιμωρίας
2289 4159 2391 4230 τῆς
2428 4160 2711 4231 πονηρίας.
2742 4159 2963 4233 Ταύτην
2992 4161 3090 4232 τὴν
3118 4177 3300 4232 παρα·-

1717 4244 1878 4316 6ολὴν
1898 4243 2211 4313 ἐγγράψατε
2247 4244 2342 4296 καὶ
2367 4242 2610 4299 πλούσιοι
2644 4244 2740 4297 καὶ
2763 4244 3017 4316 πένητες·
3053 4244 3309 4305 πλούσιοι

1717 4331 1775 4383 ἐν
1820 4330 1931 4392 τοῖς
1973 4327 2172 4394 τοίχοις
2214 4327 2315 4397 τῆς
2348 4328 2617 4400 ὑμετέρας
2659 4328 2859 4398 οἰκίας,
2897 4329 3130 4399 πένητες
3158 4330 3215 4383 δὲ
3242 4332 3310 4383 ὲν.

1715 4415 1830 4477 τοῖς
1856 4412 2056 4483 τοίχοις
2090 4411 2194 4481 τῆς
2219 4410 2479 4474 διανοίας*
2512 4410 2614 4466 κᾶν
2640 4411 2931 4484 ἐξαλειφθῇ
2970 4430 3103 4465 ποτε
3128 4413 3304 4484 λήθης

1718 4495 2099 4567 ἐγγινομένης,
2151 4494 2472 4567 ἐπιχρίσατε
2537 4494 2700 4550 πάλιν
2754 4496 2844 4549 διὰ
2910 4496 3013 4566 τῆς
3078 4497 3306 4566 μνήμης

1717 4580 1946 4635 ἀνωθεν.
1979 4579 2199 4634 Μᾶλλον
2226 4579 2285 4633 δέ
2311 4581 2405 4634 καὶ
2431 4581 2480 4633 οί
2503 4580 2749 4634 πλούσιοι
2780 4580 2887 4650 πρὸ
2908 4580 3009 4651 τῆς
3033 4580 3211 4643 οἰκίας
3241 4582 3310 4633 ἐν

1717 4667 1784 4736 τῇ
1819 4663 2027 4735 διανοίᾳ
2050 4662 2409 4733 διαγράψατε,
2442 4664 2537 4716 καί
2565 4662 2806 4733 συνεχῶς
2832 4663 3180 4734 περιφέρετε,
3207 4664 3304 4717 καὶ

1720 4749 1873 4802 ἐσται
1918 4747 2291 4802 διδασκαλεῶν
2353 4747 2482 4817 ὑμῖν
2538 4746 2633 4800 καὶ
2676 4747 2934 4810 ὑπόθεσις
2980 4748 3303 4817 φιλοσοφίας

1721 4834 1958 4903 ἀπάσης.
2024 4830 2149 4885 Ἐἀν
2212 4830 2323 4902 γὰρ
2380 4830 2584 4901 ταύτην
2633 4829 2895 4901 διηνεκῶς
2938 4829 3090 4902 [754]
3140 4833 3304 4899 ἐγγεσ

1720 4914 2045 4988 γραμμένην
2080 4915 2292 4985 ἔχωμεν
2328 4915 2386 4968 ἐν
2415 4916 2480 4985 τῇ
2509 4913 2735 4984 διανοίᾳ,
2773 4913 2895 4966 οὔτε
2932 4913 3000 4966 τὰ
3026 4914 3303 4987 περιχαρῆ

1720 4999 1813 5054 τοῦ
1847 4999 2115 5070 παρόντος
2142 4999 2257 5069 βίου
2286 5000 2433 5068 ήμᾶς
2467 4999 2708 5068 φυσῆσαι
2738 4998 3049 5067 δυνήσεται,
3072 4996 3193 5051 οὔτε
3232 4999 3303 5052 τά

1720 5083 1941 5155 λυπηρά
1966 5081 2302 5136 ταπεινῶσαι
2337 5083 2429 5133 καὶ
2463 5080 2734 5133 καθελεῖν’
2767 5079 2903 5133 ἀλλὰ
2933 5080 3006 5143 ὡς
3038 5079 3175 5150 πρὸς
3203 5081 3304 5145 τὰς

1722 5167 2041 5238 ζωγραφίας
2072 5166 2171 5229 τὰς
2194 5168 2217 5195 ε
2246 5167 2302 5219 ἐν
2326 5168 2437 5228 τοῖς
2467 5165 2687 5234 τοίχοις,
2722 5163 2863 5216 οὕτω
2893 5163 3029 5232 πρὸς
3062 5164 3303 5234 ἑκάτερα

1720 5254 1896 5307 ταῦτα
1933 5249 2341 5319 διακεισὸμεθα.
2377 5249 2645 5318 Καθάπερ
2692 5247 2801 5319 γὰρ
2845 5251 2902 5302 ἐν
2945 5251 3059 5311 τοῖς
3100 5252 3302 5320 τοίχοις

1721 5334 2106 5408 γεγραμμένον
2154 5333 2387 5405 ὁρῶντες
2440 5333 2691 5386 πλούσιον
2752 5331 2846 5385 καὶ
2886 5332 3113 5405 πένητα,
3174 5333 3300 5390 οὐτε

1722 5419 1916 5492 ἐκείνῳ
1969 5416 2294 5487 φθονοῦμεν,
2346 5414 2469 5468 οὐτε
2516 5414 2609 5468 τοῦ
2659 5415 2891 5487 πένητος
2940 5422 3304 5497 ὑπερορῶμεν

1721 5506 1808 5561 διὰ
1845 5506 1906 5559 τὸ
1934 5501 2091 5558 σκιὰν
2122 5500 2260 5555 ἀλλά
2296 5500 2372 5573 μή
2401 5499 2741 5571 πραγμάτων
2770 5500 3028 5575 ἀλήθειαν
3065 5498 3204 5560 εἶναι
3228 5518 3263 5559 τ
3282 5509 3312 5561 ὸ

1785 5644 1811 5673 θ
1836 5638 1937 5692 Alii
1964 5636 2050 5687 τοῦ
2070 5637 2393 5699 δικαζομένου.

1785 5702 1815 5745 d
1846 5702 2085 5751 Πείοουσα
2102 5694 2247 5748 deest
2270 5701 2317 5746 in
2341 5694 2531 5745 duobus
2552 5708 2669 5745 mss.

1793 5769 1816 5798 θ
1838 5765 1939 5821 Alii
1960 5762 2061 5813 ἀλλ’
2086 5762 2246 5824 ὥσπερ
2263 5760 2363 5816 ταῖς
2387 5757 2804 5823 ζωγραφίαιςηταῖς.
