  <div class='ocr_page' id='page_1' title='image "/cluster/home/n/w/nwhite01/storage/ocr_20150623/48/hvd.32044014784250/491.png"; bbox 0 0 3790 6286; ppageno 0'>
   <div class='ocr_carea' id='block_1_1' title="bbox 477 285 616 351">
    <p class='ocr_par' dir='ltr' id='par_1_1' title="bbox 477 285 616 351">
     <span class='ocr_line' id='line_1_1' title="bbox 477 285 616 351; baseline 0.058 -9"><span class='ocrx_word' id='word_1_1' title='bbox 477 285 616 351; x_wconf 71' lang='grc' dir='ltr'>Ιθῦθ</span> 
     </span>
    </p>
   </div>
   <div class='ocr_carea' id='block_1_2' title="bbox 470 402 2058 479">
    <p class='ocr_par' dir='ltr' id='par_1_2' title="bbox 470 402 2058 479">
     <span class='ocr_line' id='line_1_2' title="bbox 470 402 2058 479; baseline -0.004 -16"><span class='ocrx_word' id='word_1_2' title='bbox 470 404 741 479; x_wconf 73' lang='grc' dir='ltr'>ὁρώμενα·</span> <span class='ocrx_word' id='word_1_3' title='bbox 765 403 908 458; x_wconf 78' lang='grc' dir='ltr'>οὕτω</span> <span class='ocrx_word' id='word_1_4' title='bbox 935 404 1027 458; x_wconf 79' lang='grc' dir='ltr'>καὶ</span> <span class='ocrx_word' id='word_1_5' title='bbox 1050 403 1278 457; x_wconf 87' lang='grc' dir='ltr'>πλούτου</span> <span class='ocrx_word' id='word_1_6' title='bbox 1305 405 1398 458; x_wconf 75' lang='grc' dir='ltr'>καὶ</span> <span class='ocrx_word' id='word_1_7' title='bbox 1420 405 1634 469; x_wconf 83' lang='grc' dir='ltr'>πενίας,</span> <span class='ocrx_word' id='word_1_8' title='bbox 1659 405 1752 479; x_wconf 65' lang='grc' dir='ltr'>καὶ.</span> <span class='ocrx_word' id='word_1_9' title='bbox 1774 402 1934 476; x_wconf 81' lang='grc' dir='ltr'>δόξης</span> <span class='ocrx_word' id='word_1_10' title='bbox 1963 405 2058 458; x_wconf 77' lang='grc' dir='ltr'>καὶ</span> 
     </span>
    </p>
   </div>
   <div class='ocr_carea' id='block_1_3' title="bbox 467 478 2057 562">
    <p class='ocr_par' dir='ltr' id='par_1_3' title="bbox 467 478 2057 562">
     <span class='ocr_line' id='line_1_3' title="bbox 467 478 2057 562; baseline -0.001 -18"><span class='ocrx_word' id='word_1_11' title='bbox 467 478 718 560; x_wconf 85' lang='grc' dir='ltr'>ἀτιμίας,</span> <span class='ocrx_word' id='word_1_12' title='bbox 749 490 842 542; x_wconf 73' lang='grc' dir='ltr'>καὶ</span> <span class='ocrx_word' id='word_1_13' title='bbox 867 489 977 542; x_wconf 89' lang='grc' dir='ltr'>τῶν</span> <span class='ocrx_word' id='word_1_14' title='bbox 1004 488 1179 543; x_wconf 84' lang='grc' dir='ltr'>ἄλλων</span> <span class='ocrx_word' id='word_1_15' title='bbox 1211 489 1466 542; x_wconf 87' lang='grc' dir='ltr'>ἁπάντων</span> <span class='ocrx_word' id='word_1_16' title='bbox 1495 489 1604 542; x_wconf 90' lang='grc' dir='ltr'>τῶν</span> <span class='ocrx_word' id='word_1_17' title='bbox 1626 506 1687 542; x_wconf 88' lang='grc' dir='ltr'>τε</span> <span class='ocrx_word' id='word_1_18' title='bbox 1716 478 2057 562; x_wconf 84' lang='grc' dir='ltr'>σκυθρωπῶν</span> 
     </span>
    </p>
   </div>
   <div class='ocr_carea' id='block_1_4' title="bbox 471 571 2060 645">
    <p class='ocr_par' dir='ltr' id='par_1_4' title="bbox 471 571 2060 645">
     <span class='ocr_line' id='line_1_4' title="bbox 471 571 2060 645; baseline -0.001 -18"><span class='ocrx_word' id='word_1_19' title='bbox 471 574 570 628; x_wconf 59' lang='grc' dir='ltr'>καὶ⁹</span> <span class='ocrx_word' id='word_1_20' title='bbox 629 572 872 645; x_wconf 87' lang='grc' dir='ltr'>φαιδρῶν</span> <span class='ocrx_word' id='word_1_21' title='bbox 921 573 1020 642; x_wconf 85' lang='grc' dir='ltr'>τὴν</span> <span class='ocrx_word' id='word_1_22' title='bbox 1071 571 1234 641; x_wconf 89' lang='grc' dir='ltr'>φύσιν</span> <span class='ocrx_word' id='word_1_23' title='bbox 1274 571 1340 626; x_wconf 81' lang='grc' dir='ltr'>ἂν</span> <span class='ocrx_word' id='word_1_24' title='bbox 1381 571 1812 643; x_wconf 76' lang='grc' dir='ltr'>καταμάθωμεν,</span> <span class='ocrx_word' id='word_1_25' title='bbox 1856 573 1957 643; x_wconf 80' lang='grc' dir='ltr'>τῆς</span> <span class='ocrx_word' id='word_1_26' title='bbox 1998 572 2060 638; x_wconf 80' lang='grc' dir='ltr'>ἐξ</span> 
     </span>
    </p>
   </div>
   <div class='ocr_carea' id='block_1_5' title="bbox 479 655 2057 727">
    <p class='ocr_par' dir='ltr' id='par_1_5' title="bbox 479 655 2057 727">
     <span class='ocr_line' id='line_1_5' title="bbox 479 655 2057 727; baseline -0.001 -16"><span class='ocrx_word' id='word_1_27' title='bbox 479 657 713 712; x_wconf 68' lang='grc' dir='ltr'>ἑκάστου</span> <span class='ocrx_word' id='word_1_28' title='bbox 761 656 967 710; x_wconf 89' lang='grc' dir='ltr'>τούτων</span> <span class='ocrx_word' id='word_1_29' title='bbox 1010 656 1367 727; x_wconf 79' lang='grc' dir='ltr'>ἐγγινομένης</span> <span class='ocrx_word' id='word_1_30' title='bbox 1417 658 1552 727; x_wconf 83' lang='grc' dir='ltr'>ἡμῖν</span> <span class='ocrx_word' id='word_1_31' title='bbox 1589 655 1914 726; x_wconf 78' lang='grc' dir='ltr'>ἀνωμαλίας·</span> <span class='ocrx_word' id='word_1_32' title='bbox 1951 655 2057 709; x_wconf 90' lang='grc' dir='ltr'>ἀπ-</span> 
     </span>
    </p>
   </div>
   <div class='ocr_carea' id='block_1_6' title="bbox 477 739 2057 812">
    <p class='ocr_par' dir='ltr' id='par_1_6' title="bbox 477 739 2057 812">
     <span class='ocr_line' id='line_1_6' title="bbox 477 739 2057 812; baseline -0.001 -18"><span class='ocrx_word' id='word_1_33' title='bbox 477 740 918 812; x_wconf 67' lang='grc' dir='ltr'>αλλαγησόμεθα.</span> <span class='ocrx_word' id='word_1_34' title='bbox 953 741 1118 803; x_wconf 81' lang='grc' dir='ltr'>Σκιάς</span> <span class='ocrx_word' id='word_1_35' title='bbox 1147 741 1255 812; x_wconf 92' lang='grc' dir='ltr'>γάρ</span> <span class='ocrx_word' id='word_1_36' title='bbox 1285 744 1434 793; x_wconf 86' lang='grc' dir='ltr'>ἐστιν</span> <span class='ocrx_word' id='word_1_37' title='bbox 1467 739 1853 811; x_wconf 88' lang='grc' dir='ltr'>ἀπατηλότερα</span> <span class='ocrx_word' id='word_1_38' title='bbox 1881 740 2057 794; x_wconf 80' lang='grc' dir='ltr'>ἀπαν-</span> 
     </span>
    </p>
   </div>
   <div class='ocr_carea' id='block_1_7' title="bbox 472 822 2059 895">
    <p class='ocr_par' dir='ltr' id='par_1_7' title="bbox 472 822 2059 895">
     <span class='ocr_line' id='line_1_7' title="bbox 472 822 2059 895; baseline -0.001 -17"><span class='ocrx_word' id='word_1_39' title='bbox 472 842 543 879; x_wconf 87' lang='grc' dir='ltr'>τα</span> <span class='ocrx_word' id='word_1_40' title='bbox 591 824 781 884; x_wconf 86' lang='grc' dir='ltr'>ταῦτα.</span> <span class='ocrx_word' id='word_1_41' title='bbox 835 827 929 878; x_wconf 81' lang='grc' dir='ltr'>καὶ</span> <span class='ocrx_word' id='word_1_42' title='bbox 957 825 1047 878; x_wconf 86' lang='grc' dir='ltr'>τὸν</span> <span class='ocrx_word' id='word_1_43' title='bbox 1074 824 1278 895; x_wconf 72' lang='grc' dir='ltr'>ὑψηλὸν</span> <span class='ocrx_word' id='word_1_44' title='bbox 1322 825 1416 878; x_wconf 75' lang='grc' dir='ltr'>καὶ</span> <span class='ocrx_word' id='word_1_45' title='bbox 1459 827 1706 892; x_wconf 88' lang='grc' dir='ltr'>γενναῖον</span> <span class='ocrx_word' id='word_1_46' title='bbox 1748 824 1902 877; x_wconf 78' lang='grc' dir='ltr'>οὐδὲν</span> <span class='ocrx_word' id='word_1_47' title='bbox 1933 822 2059 877; x_wconf 75' lang='grc' dir='ltr'>οὕτε</span> 
     </span>
    </p>
   </div>
   <div class='ocr_carea' id='block_1_8' title="bbox 471 907 2061 980">
    <p class='ocr_par' dir='ltr' id='par_1_8' title="bbox 471 907 2061 980">
     <span class='ocr_line' id='line_1_8' title="bbox 471 907 2061 980; baseline -0.001 -18"><span class='ocrx_word' id='word_1_48' title='bbox 471 908 582 962; x_wconf 81' lang='grc' dir='ltr'>τῶν</span> <span class='ocrx_word' id='word_1_49' title='bbox 605 909 872 980; x_wconf 79' lang='grc' dir='ltr'>λαμπρῶν</span> <span class='ocrx_word' id='word_1_50' title='bbox 909 911 1002 962; x_wconf 75' lang='grc' dir='ltr'>καὶ</span> <span class='ocrx_word' id='word_1_51' title='bbox 1032 909 1292 974; x_wconf 77' lang='grc' dir='ltr'>ἐπιδόξων</span> <span class='ocrx_word' id='word_1_52' title='bbox 1321 909 1545 979; x_wconf 80' lang='grc' dir='ltr'>ἐπᾶραι,</span> <span class='ocrx_word' id='word_1_53' title='bbox 1573 907 1697 960; x_wconf 79' lang='grc' dir='ltr'>οὔτε</span> <span class='ocrx_word' id='word_1_54' title='bbox 1726 908 1833 962; x_wconf 89' lang='grc' dir='ltr'>τῶν</span> <span class='ocrx_word' id='word_1_55' title='bbox 1865 925 2061 963; x_wconf 87' lang='grc' dir='ltr'>ταπει-</span> 
     </span>
    </p>
   </div>
   <div class='ocr_carea' id='block_1_9' title="bbox 473 992 2060 1064">
    <p class='ocr_par' dir='ltr' id='par_1_9' title="bbox 473 992 2060 1064">
     <span class='ocr_line' id='line_1_9' title="bbox 473 992 2060 1064; baseline 0.001 -19"><span class='ocrx_word' id='word_1_56' title='bbox 473 992 581 1045; x_wconf 92' lang='grc' dir='ltr'>νῶν</span> <span class='ocrx_word' id='word_1_57' title='bbox 622 993 716 1045; x_wconf 76' lang='grc' dir='ltr'>καὶ</span> <span class='ocrx_word' id='word_1_58' title='bbox 760 994 1188 1064; x_wconf 73' lang='grc' dir='ltr'>ἀπερριμμένων</span> <span class='ocrx_word' id='word_1_59' title='bbox 1233 992 1507 1045; x_wconf 82' lang='grc' dir='ltr'>συστεῖλαι</span> <span class='ocrx_word' id='word_1_60' title='bbox 1535 992 1846 1064; x_wconf 85' lang='grc' dir='ltr'>δυνήσεται.</span> <span class='ocrx_word' id='word_1_61' title='bbox 1899 992 2060 1046; x_wconf 88' lang='grc' dir='ltr'>Ἀλλά</span> 
     </span>
    </p>
   </div>
   <div class='ocr_carea' id='block_1_10' title="bbox 473 1075 2060 1148">
    <p class='ocr_par' dir='ltr' id='par_1_10' title="bbox 473 1075 2060 1148">
     <span class='ocr_line' id='line_1_10' title="bbox 473 1075 2060 1148; baseline 0 -18"><span class='ocrx_word' id='word_1_62' title='bbox 473 1076 585 1147; x_wconf 79' lang='grc' dir='ltr'>γὰρ</span> <span class='ocrx_word' id='word_1_63' title='bbox 625 1075 743 1148; x_wconf 87' lang='grc' dir='ltr'>ῶρα</span> <span class='ocrx_word' id='word_1_64' title='bbox 764 1077 949 1129; x_wconf 80' lang='grc' dir='ltr'>λοιπὸν</span> <span class='ocrx_word' id='word_1_65' title='bbox 973 1079 1104 1147; x_wconf 79' lang='grc' dir='ltr'>ἡμῖν</span> <span class='ocrx_word' id='word_1_66' title='bbox 1136 1076 1230 1130; x_wconf 76' lang='grc' dir='ltr'>καὶ</span> <span class='ocrx_word' id='word_1_67' title='bbox 1261 1077 1371 1130; x_wconf 90' lang='grc' dir='ltr'>τῶν</span> <span class='ocrx_word' id='word_1_68' title='bbox 1401 1076 1662 1148; x_wconf 82' lang='grc' dir='ltr'>ῥημάτων</span> <span class='ocrx_word' id='word_1_69' title='bbox 1691 1076 1921 1131; x_wconf 89' lang='grc' dir='ltr'>ἀκοῦσαι</span> <span class='ocrx_word' id='word_1_70' title='bbox 1949 1078 2060 1130; x_wconf 88' lang='grc' dir='ltr'>τῶν</span> 
     </span>
    </p>
   </div>
   <div class='ocr_carea' id='block_1_11' title="bbox 472 1159 2058 1232">
    <p class='ocr_par' dir='ltr' id='par_1_11' title="bbox 472 1159 2058 1232">
     <span class='ocr_line' id='line_1_11' title="bbox 472 1159 2058 1232; baseline 0 -18"><span class='ocrx_word' id='word_1_71' title='bbox 472 1160 568 1214; x_wconf 87' lang='grc' dir='ltr'>τοῦ</span> <span class='ocrx_word' id='word_1_72' title='bbox 614 1159 893 1214; x_wconf 86' lang='grc' dir='ltr'>πλουσίου.</span> <span class='ocrx_word' id='word_1_73' title='bbox 943 1160 1164 1228; x_wconf 85' lang='grc' dir='ltr'>Ἐρωτῶ</span> <span class='ocrx_word' id='word_1_74' title='bbox 1195 1178 1286 1225; x_wconf 87' lang='grc' dir='ltr'>σε,</span> <span class='ocrx_word' id='word_1_75' title='bbox 1333 1162 1489 1232; x_wconf 78' lang='grc' dir='ltr'>φησὶ,</span> <span class='ocrx_word' id='word_1_76' title='bbox 1530 1161 1739 1230; x_wconf 75' lang='grc' dir='ltr'>πάτερ,</span> <span class='ocrx_word' id='word_1_77' title='bbox 1788 1161 2058 1225; x_wconf 78' lang='grc' dir='ltr'>τουτέστι,</span> 
     </span>
    </p>
   </div>
   <div class='ocr_carea' id='block_1_12' title="bbox 475 1242 2062 1316">
    <p class='ocr_par' dir='ltr' id='par_1_12' title="bbox 475 1242 2062 1316">
     <span class='ocr_line' id='line_1_12' title="bbox 475 1242 2062 1316; baseline 0.001 -19"><span class='ocrx_word' id='word_1_78' title='bbox 475 1243 802 1315; x_wconf 78' lang='grc' dir='ltr'>παρακαλῶ,</span> <span class='ocrx_word' id='word_1_79' title='bbox 833 1242 1044 1316; x_wconf 86' lang='grc' dir='ltr'>δέομαι,</span> <span class='ocrx_word' id='word_1_80' title='bbox 1089 1243 1338 1310; x_wconf 73' lang='grc' dir='ltr'>ἱκετεύω,</span> <span class='ocrx_word' id='word_1_81' title='bbox 1379 1245 1481 1298; x_wconf 79' lang='grc' dir='ltr'>ἵνα</span> <span class='ocrx_word' id='word_1_82' title='bbox 1520 1245 1766 1315; x_wconf 70' lang='grc' dir='ltr'>πέμψῃς</span> <span class='ocrx_word' id='word_1_83' title='bbox 1814 1246 1902 1311; x_wconf 80' lang='grc' dir='ltr'>είς</span> <span class='ocrx_word' id='word_1_84' title='bbox 1953 1245 2062 1298; x_wconf 82' lang='grc' dir='ltr'>τὸν</span> 
     </span>
    </p>
   </div>
   <div class='ocr_carea' id='block_1_13' title="bbox 475 1324 2062 1398">
    <p class='ocr_par' dir='ltr' id='par_1_13' title="bbox 475 1324 2062 1398">
     <span class='ocr_line' id='line_1_13' title="bbox 475 1324 2062 1398; baseline 0.001 -19"><span class='ocrx_word' id='word_1_85' title='bbox 475 1324 646 1381; x_wconf 70' lang='grc' dir='ltr'>οἷκον</span> <span class='ocrx_word' id='word_1_86' title='bbox 696 1328 802 1382; x_wconf 87' lang='grc' dir='ltr'>τοῦ</span> <span class='ocrx_word' id='word_1_87' title='bbox 857 1330 1082 1395; x_wconf 76' lang='grc' dir='ltr'>πατρός</span> <span class='ocrx_word' id='word_1_88' title='bbox 1125 1346 1245 1396; x_wconf 80' lang='grc' dir='ltr'>μου</span> <span class='ocrx_word' id='word_1_89' title='bbox 1295 1326 1580 1396; x_wconf 77' lang='grc' dir='ltr'>Λάζαρονο</span> <span class='ocrx_word' id='word_1_90' title='bbox 1629 1328 1747 1382; x_wconf 83' lang='grc' dir='ltr'>είσὶ</span> <span class='ocrx_word' id='word_1_91' title='bbox 1803 1326 1915 1398; x_wconf 67' lang='grc' dir='ltr'>γάρ</span> <span class='ocrx_word' id='word_1_92' title='bbox 1960 1345 2062 1397; x_wconf 83' lang='grc' dir='ltr'>μοι</span> 
     </span>
    </p>
   </div>
   <div class='ocr_carea' id='block_1_14' title="bbox 475 1409 2061 1480">
    <p class='ocr_par' dir='ltr' id='par_1_14' title="bbox 475 1409 2061 1480">
     <span class='ocr_line' id='line_1_14' title="bbox 475 1409 2061 1480; baseline 0.001 -18"><span class='ocrx_word' id='word_1_93' title='bbox 475 1409 656 1463; x_wconf 82' lang='grc' dir='ltr'>πέντε</span> <span class='ocrx_word' id='word_1_94' title='bbox 695 1410 965 1479; x_wconf 65' lang='grc' dir='ltr'>ἀδελφοίν</span> <span class='ocrx_word' id='word_1_95' title='bbox 995 1412 1095 1464; x_wconf 77' lang='grc' dir='ltr'>ἵνα</span> <span class='ocrx_word' id='word_1_96' title='bbox 1129 1411 1594 1480; x_wconf 79' lang='grc' dir='ltr'>διαμαρτύρηται</span> <span class='ocrx_word' id='word_1_97' title='bbox 1635 1413 1862 1478; x_wconf 81' lang='grc' dir='ltr'>αὐτοῖς,</span> <span class='ocrx_word' id='word_1_98' title='bbox 1902 1411 2061 1477; x_wconf 82' lang='grc' dir='ltr'>ὅπως</span> 
     </span>
    </p>
   </div>
   <div class='ocr_carea' id='block_1_15' title="bbox 469 1490 2058 1564">
    <p class='ocr_par' dir='ltr' id='par_1_15' title="bbox 469 1490 2058 1564">
     <span class='ocr_line' id='line_1_15' title="bbox 469 1490 2058 1564; baseline 0.001 -18"><span class='ocrx_word' id='word_1_99' title='bbox 469 1490 560 1564; x_wconf 80' lang='grc' dir='ltr'>μὴ</span> <span class='ocrx_word' id='word_1_100' title='bbox 591 1495 850 1547; x_wconf 78' lang='grc' dir='ltr'>ἔλθωσιν</span> <span class='ocrx_word' id='word_1_101' title='bbox 889 1496 978 1559; x_wconf 82' lang='grc' dir='ltr'>είς</span> <span class='ocrx_word' id='word_1_102' title='bbox 1010 1494 1120 1548; x_wconf 83' lang='grc' dir='ltr'>τὸν</span> <span class='ocrx_word' id='word_1_103' title='bbox 1144 1496 1334 1549; x_wconf 86' lang='grc' dir='ltr'>τόπον</span> <span class='ocrx_word' id='word_1_104' title='bbox 1363 1495 1580 1549; x_wconf 80' lang='grc' dir='ltr'>τοῦτον</span> <span class='ocrx_word' id='word_1_105' title='bbox 1611 1494 1721 1562; x_wconf 86' lang='grc' dir='ltr'>τῆς</span> <span class='ocrx_word' id='word_1_106' title='bbox 1753 1493 2058 1560; x_wconf 77' lang='grc' dir='ltr'>βασάνου.</span> 
     </span>
    </p>
   </div>
   <div class='ocr_carea' id='block_1_16' title="bbox 489 1576 2062 1648">
    <p class='ocr_par' dir='ltr' id='par_1_16' title="bbox 489 1576 2062 1648">
     <span class='ocr_line' id='line_1_16' title="bbox 489 1576 2062 1648; baseline 0.001 -20"><span class='ocrx_word' id='word_1_107' title='bbox 489 1576 706 1646; x_wconf 83' lang='grc' dir='ltr'>Ἐπειδὴ</span> <span class='ocrx_word' id='word_1_108' title='bbox 763 1576 872 1630; x_wconf 87' lang='grc' dir='ltr'>τῶν</span> <span class='ocrx_word' id='word_1_109' title='bbox 923 1577 1046 1631; x_wconf 76' lang='grc' dir='ltr'>καθ’</span> <span class='ocrx_word' id='word_1_110' title='bbox 1093 1578 1284 1630; x_wconf 86' lang='grc' dir='ltr'>ἐαυτὸν</span> <span class='ocrx_word' id='word_1_111' title='bbox 1321 1578 1612 1647; x_wconf 76' lang='grc' dir='ltr'>ἀπέτυχεν,</span> <span class='ocrx_word' id='word_1_112' title='bbox 1665 1577 1808 1646; x_wconf 83' lang='grc' dir='ltr'>ὑπὲρ</span> <span class='ocrx_word' id='word_1_113' title='bbox 1857 1577 2062 1648; x_wconf 89' lang='grc' dir='ltr'>ἐτέρων</span> 
     </span>
    </p>
   </div>
   <div class='ocr_carea' id='block_1_17' title="bbox 477 1658 2063 1734">
    <p class='ocr_par' dir='ltr' id='par_1_17' title="bbox 477 1658 2063 1734">
     <span class='ocr_line' id='line_1_17' title="bbox 477 1658 2063 1734; baseline -0.001 -22"><span class='ocrx_word' id='word_1_114' title='bbox 477 1663 712 1713; x_wconf 85' lang='grc' dir='ltr'>ποιεῖται</span> <span class='ocrx_word' id='word_1_115' title='bbox 745 1660 844 1731; x_wconf 77' lang='grc' dir='ltr'>τὴν</span> <span class='ocrx_word' id='word_1_116' title='bbox 875 1661 1178 1733; x_wconf 79' lang='grc' dir='ltr'>ἱκετηρίαν.</span> <span class='ocrx_word' id='word_1_117' title='bbox 1211 1662 1355 1732; x_wconf 86' lang='grc' dir='ltr'>Ὅρα</span> <span class='ocrx_word' id='word_1_118' title='bbox 1388 1661 1506 1724; x_wconf 88' lang='grc' dir='ltr'>πῶς</span> <span class='ocrx_word' id='word_1_119' title='bbox 1549 1660 1932 1734; x_wconf 86' lang='grc' dir='ltr'>φιλάνθρωπος</span> <span class='ocrx_word' id='word_1_120' title='bbox 1967 1658 2063 1712; x_wconf 73' lang='grc' dir='ltr'>καὶ</span> 
     </span>
    </p>
   </div>
   <div class='ocr_carea' id='block_1_18' title="bbox 473 1743 2063 1817">
    <p class='ocr_par' dir='ltr' id='par_1_18' title="bbox 473 1743 2063 1817">
     <span class='ocr_line' id='line_1_18' title="bbox 473 1743 2063 1817; baseline -0.001 -20"><span class='ocrx_word' id='word_1_121' title='bbox 473 1745 682 1816; x_wconf 76' lang='grc' dir='ltr'>ἥμερος</span> <span class='ocrx_word' id='word_1_122' title='bbox 709 1745 932 1813; x_wconf 86' lang='grc' dir='ltr'>γέγονεν</span> <span class='ocrx_word' id='word_1_123' title='bbox 963 1745 1068 1797; x_wconf 82' lang='grc' dir='ltr'>ὑπὸ</span> <span class='ocrx_word' id='word_1_124' title='bbox 1107 1747 1206 1817; x_wconf 81' lang='grc' dir='ltr'>τῆς</span> <span class='ocrx_word' id='word_1_125' title='bbox 1244 1745 1538 1808; x_wconf 76' lang='grc' dir='ltr'>κολάσεως.</span> <span class='ocrx_word' id='word_1_126' title='bbox 1594 1745 1652 1798; x_wconf 86' lang='grc'>’0</span> <span class='ocrx_word' id='word_1_127' title='bbox 1683 1745 1790 1815; x_wconf 89' lang='grc' dir='ltr'>γάρ</span> <span class='ocrx_word' id='word_1_128' title='bbox 1828 1743 1921 1797; x_wconf 87' lang='grc' dir='ltr'>τοῦ</span> <span class='ocrx_word' id='word_1_129' title='bbox 1954 1745 2063 1797; x_wconf 91' lang='grc' dir='ltr'>Λα-</span> 
     </span>
    </p>
   </div>
   <div class='ocr_carea' id='block_1_19' title="bbox 474 1827 2066 1901">
    <p class='ocr_par' dir='ltr' id='par_1_19' title="bbox 474 1827 2066 1901">
     <span class='ocr_line' id='line_1_19' title="bbox 474 1827 2066 1901; baseline -0.001 -20"><span class='ocrx_word' id='word_1_130' title='bbox 474 1827 645 1898; x_wconf 82' lang='grc' dir='ltr'>ζάρου</span> <span class='ocrx_word' id='word_1_131' title='bbox 666 1829 1028 1899; x_wconf 77' lang='grc' dir='ltr'>καταφρονῶν</span> <span class='ocrx_word' id='word_1_132' title='bbox 1066 1829 1354 1900; x_wconf 84' lang='grc' dir='ltr'>παρόντος,</span> <span class='ocrx_word' id='word_1_133' title='bbox 1403 1829 1606 1901; x_wconf 86' lang='grc' dir='ltr'>ἐτέρων</span> <span class='ocrx_word' id='word_1_134' title='bbox 1633 1829 1883 1882; x_wconf 87' lang='grc' dir='ltr'>ἀπόντων</span> <span class='ocrx_word' id='word_1_135' title='bbox 1907 1844 2066 1898; x_wconf 82' lang='grc' dir='ltr'>φρον-</span> 
     </span>
    </p>
   </div>
   <div class='ocr_carea' id='block_1_20' title="bbox 473 1911 2066 1984">
    <p class='ocr_par' dir='ltr' id='par_1_20' title="bbox 473 1911 2066 1984">
     <span class='ocr_line' id='line_1_20' title="bbox 473 1911 2066 1984; baseline -0.001 -19"><span class='ocrx_word' id='word_1_136' title='bbox 473 1913 631 1978; x_wconf 68' lang='grc' dir='ltr'>τίιῖει⁸</span> <span class='ocrx_word' id='word_1_137' title='bbox 663 1913 692 1964; x_wconf 85' lang='grc' dir='ltr'>ὁ</span> <span class='ocrx_word' id='word_1_138' title='bbox 733 1912 824 1965; x_wconf 88' lang='grc' dir='ltr'>τὸν</span> <span class='ocrx_word' id='word_1_139' title='bbox 858 1916 966 1984; x_wconf 88' lang='grc' dir='ltr'>πρὸ</span> <span class='ocrx_word' id='word_1_140' title='bbox 1007 1913 1115 1966; x_wconf 91' lang='grc' dir='ltr'>τῶν</span> <span class='ocrx_word' id='word_1_141' title='bbox 1148 1912 1443 1984; x_wconf 82' lang='grc' dir='ltr'>ὀφθαλμῶν</span> <span class='ocrx_word' id='word_1_142' title='bbox 1492 1912 1744 1984; x_wconf 89' lang='grc' dir='ltr'>κείμενον</span> <span class='ocrx_word' id='word_1_143' title='bbox 1791 1911 2066 1983; x_wconf 86' lang='grc' dir='ltr'>παρατρέ-</span> 
     </span>
    </p>
   </div>
   <div class='ocr_carea' id='block_1_21' title="bbox 477 1993 2065 2068">
    <p class='ocr_par' dir='ltr' id='par_1_21' title="bbox 477 1993 2065 2068">
     <span class='ocr_line' id='line_1_21' title="bbox 477 1993 2065 2068; baseline -0.001 -20"><span class='ocrx_word' id='word_1_144' title='bbox 477 2013 613 2068; x_wconf 92' lang='grc' dir='ltr'>χων,</span> <span class='ocrx_word' id='word_1_145' title='bbox 643 1996 752 2049; x_wconf 89' lang='grc' dir='ltr'>τῶν</span> <span class='ocrx_word' id='word_1_146' title='bbox 780 1997 880 2066; x_wconf 83' lang='grc' dir='ltr'>οὐχ</span> <span class='ocrx_word' id='word_1_147' title='bbox 899 1997 1192 2066; x_wconf 80' lang='grc' dir='ltr'>ὁρωμένων</span> <span class='ocrx_word' id='word_1_148' title='bbox 1226 1997 1520 2067; x_wconf 82' lang='grc' dir='ltr'>μέμνηται,</span> <span class='ocrx_word' id='word_1_149' title='bbox 1556 1998 1648 2049; x_wconf 77' lang='grc' dir='ltr'>καὶ</span> <span class='ocrx_word' id='word_1_150' title='bbox 1690 1997 1829 2067; x_wconf 87' lang='grc' dir='ltr'>μετά</span> <span class='ocrx_word' id='word_1_151' title='bbox 1865 1993 2065 2065; x_wconf 83' lang='grc' dir='ltr'>πολλῆς</span> 
     </span>
    </p>
   </div>
   <div class='ocr_carea' id='block_1_22' title="bbox 477 2078 2066 2152">
    <p class='ocr_par' dir='ltr' id='par_1_22' title="bbox 477 2078 2066 2152">
     <span class='ocr_line' id='line_1_22' title="bbox 477 2078 2066 2152; baseline -0.002 -18"><span class='ocrx_word' id='word_1_152' title='bbox 477 2079 621 2144; x_wconf 79' lang='grc' dir='ltr'>ἀξιοῖ</span> <span class='ocrx_word' id='word_1_153' title='bbox 642 2083 743 2151; x_wconf 68' lang='grc' dir='ltr'>τῆς</span> <span class='ocrx_word' id='word_1_154' title='bbox 774 2079 940 2150; x_wconf 78' lang='grc' dir='ltr'>τιμῆς</span> <span class='ocrx_word' id='word_1_155' title='bbox 965 2080 1062 2133; x_wconf 74' lang='grc' dir='ltr'>καὶ</span> <span class='ocrx_word' id='word_1_156' title='bbox 1093 2081 1192 2152; x_wconf 78' lang='grc' dir='ltr'>τῆς</span> <span class='ocrx_word' id='word_1_157' title='bbox 1220 2080 1474 2151; x_wconf 81' lang='grc' dir='ltr'>σπουδῆς,</span> <span class='ocrx_word' id='word_1_158' title='bbox 1505 2080 1646 2133; x_wconf 80' lang='grc' dir='ltr'>ὥστε</span> <span class='ocrx_word' id='word_1_159' title='bbox 1672 2078 1922 2148; x_wconf 84' lang='grc' dir='ltr'>γενέσθαι</span> <span class='ocrx_word' id='word_1_160' title='bbox 1945 2078 2066 2131; x_wconf 87' lang='grc' dir='ltr'>τινά</span> 
     </span>
    </p>
   </div>
   <div class='ocr_carea' id='block_1_23' title="bbox 475 2161 2056 2236">
    <p class='ocr_par' dir='ltr' id='par_1_23' title="bbox 475 2161 2056 2236">
     <span class='ocr_line' id='line_1_23' title="bbox 475 2161 2056 2236; baseline -0.001 -20"><span class='ocrx_word' id='word_1_161' title='bbox 475 2164 660 2217; x_wconf 86' lang='grc' dir='ltr'>αὐτῶν</span> <span class='ocrx_word' id='word_1_162' title='bbox 695 2164 953 2234; x_wconf 89' lang='grc' dir='ltr'>πρόνοιαν</span> <span class='ocrx_word' id='word_1_163' title='bbox 985 2163 1122 2234; x_wconf 86' lang='grc' dir='ltr'>πρὸς</span> <span class='ocrx_word' id='word_1_164' title='bbox 1169 2163 1494 2236; x_wconf 75' lang='grc' dir='ltr'>ἀπαλλαγήν</span> <span class='ocrx_word' id='word_1_165' title='bbox 1533 2164 1640 2217; x_wconf 90' lang='grc' dir='ltr'>τῶν</span> <span class='ocrx_word' id='word_1_166' title='bbox 1683 2161 2056 2233; x_wconf 76' lang='grc' dir='ltr'>καταληψομέ-</span> 
     </span>
    </p>
   </div>
   <div class='ocr_carea' id='block_1_24' title="bbox 477 2246 2066 2319">
    <p class='ocr_par' dir='ltr' id='par_1_24' title="bbox 477 2246 2066 2319">
     <span class='ocr_line' id='line_1_24' title="bbox 477 2246 2066 2319; baseline -0.002 -17"><span class='ocrx_word' id='word_1_167' title='bbox 477 2267 586 2302; x_wconf 89' lang='grc' dir='ltr'>νων</span> <span class='ocrx_word' id='word_1_168' title='bbox 621 2249 822 2312; x_wconf 81' lang='grc' dir='ltr'>αύτοὺς</span> <span class='ocrx_word' id='word_1_169' title='bbox 865 2248 1073 2302; x_wconf 85' lang='grc' dir='ltr'>κακῶν.</span> <span class='ocrx_word' id='word_1_170' title='bbox 1113 2249 1223 2301; x_wconf 79' lang='grc' dir='ltr'>Καὶ</span> <span class='ocrx_word' id='word_1_171' title='bbox 1267 2248 1578 2318; x_wconf 84' lang='grc' dir='ltr'>παρακαλεῖ</span> <span class='ocrx_word' id='word_1_172' title='bbox 1617 2249 1936 2319; x_wconf 79' lang='grc' dir='ltr'>πεμφθῆναι</span> <span class='ocrx_word' id='word_1_173' title='bbox 1975 2246 2066 2299; x_wconf 89' lang='grc' dir='ltr'>τὸν</span> 
     </span>
    </p>
   </div>
   <div class='ocr_carea' id='block_1_25' title="bbox 479 2327 2068 2404">
    <p class='ocr_par' dir='ltr' id='par_1_25' title="bbox 479 2327 2068 2404">
     <span class='ocr_line' id='line_1_25' title="bbox 479 2327 2068 2404; baseline -0.001 -19"><span class='ocrx_word' id='word_1_174' title='bbox 479 2330 730 2403; x_wconf 78' lang='grc' dir='ltr'>Λάζαρον</span> <span class='ocrx_word' id='word_1_175' title='bbox 777 2334 857 2397; x_wconf 88' lang='grc' dir='ltr'>εἰς</span> <span class='ocrx_word' id='word_1_176' title='bbox 913 2332 1004 2385; x_wconf 89' lang='grc' dir='ltr'>τὸν</span> <span class='ocrx_word' id='word_1_177' title='bbox 1041 2327 1190 2385; x_wconf 81' lang='grc' dir='ltr'>οἷκον</span> <span class='ocrx_word' id='word_1_178' title='bbox 1219 2332 1315 2386; x_wconf 88' lang='grc' dir='ltr'>τοῦ</span> <span class='ocrx_word' id='word_1_179' title='bbox 1359 2331 1565 2404; x_wconf 75' lang='grc' dir='ltr'>πατρὸς</span> <span class='ocrx_word' id='word_1_180' title='bbox 1601 2331 1786 2394; x_wconf 84' lang='grc' dir='ltr'>αὐτοῦ,</span> <span class='ocrx_word' id='word_1_181' title='bbox 1834 2329 1964 2384; x_wconf 78' lang='grc' dir='ltr'>ἔνθα</span> <span class='ocrx_word' id='word_1_182' title='bbox 1997 2329 2068 2383; x_wconf 87' lang='grc' dir='ltr'>τά</span> 
     </span>
    </p>
   </div>
   <div class='ocr_carea' id='block_1_26' title="bbox 479 2412 2066 2487">
    <p class='ocr_par' dir='ltr' id='par_1_26' title="bbox 479 2412 2066 2487">
     <span class='ocr_line' id='line_1_26' title="bbox 479 2412 2066 2487; baseline -0.001 -19"><span class='ocrx_word' id='word_1_183' title='bbox 479 2417 787 2486; x_wconf 88' lang='grc' dir='ltr'>σκάμματα</span> <span class='ocrx_word' id='word_1_184' title='bbox 812 2412 880 2486; x_wconf 84' lang='grc' dir='ltr'>ἦν</span> <span class='ocrx_word' id='word_1_185' title='bbox 905 2415 1074 2487; x_wconf 81' lang='grc' dir='ltr'>αὐτῷ,</span> <span class='ocrx_word' id='word_1_186' title='bbox 1103 2417 1197 2469; x_wconf 77' lang='grc' dir='ltr'>καὶ</span> <span class='ocrx_word' id='word_1_187' title='bbox 1224 2417 1282 2470; x_wconf 89' lang='grc' dir='ltr'>τὸ</span> <span class='ocrx_word' id='word_1_188' title='bbox 1311 2417 1523 2471; x_wconf 88' lang='grc' dir='ltr'>στάδιον</span> <span class='ocrx_word' id='word_1_189' title='bbox 1551 2415 1782 2487; x_wconf 80' lang='grc' dir='ltr'>ἀνεῴγει</span> <span class='ocrx_word' id='word_1_190' title='bbox 1809 2415 1908 2486; x_wconf 84' lang='grc' dir='ltr'>τῆς</span> <span class='ocrx_word' id='word_1_191' title='bbox 1936 2415 2066 2486; x_wconf 86' lang='grc' dir='ltr'>ἀρε-</span> 
     </span>
    </p>
   </div>
   <div class='ocr_carea' id='block_1_27' title="bbox 478 2500 2068 2571">
    <p class='ocr_par' dir='ltr' id='par_1_27' title="bbox 478 2500 2068 2571">
     <span class='ocr_line' id='line_1_27' title="bbox 478 2500 2068 2571; baseline 0 -19"><span class='ocrx_word' id='word_1_192' title='bbox 478 2500 598 2570; x_wconf 86' lang='grc' dir='ltr'>τῆς.</span> <span class='ocrx_word' id='word_1_193' title='bbox 637 2501 863 2554; x_wconf 83' lang='grc' dir='ltr'>Ἐκεῖνοι</span> <span class='ocrx_word' id='word_1_194' title='bbox 895 2500 1240 2571; x_wconf 84' lang='grc' dir='ltr'>βλεπέτωσαν</span> <span class='ocrx_word' id='word_1_195' title='bbox 1277 2502 1437 2555; x_wconf 82' lang='grc' dir='ltr'>αὑτὸν</span> <span class='ocrx_word' id='word_1_196' title='bbox 1473 2500 1923 2570; x_wconf 79' lang='grc' dir='ltr'>στεφανούμενον,</span> <span class='ocrx_word' id='word_1_197' title='bbox 1963 2515 2068 2568; x_wconf 83' lang='grc' dir='ltr'>φη-</span> 
     </span>
    </p>
   </div>
   <div class='ocr_carea' id='block_1_28' title="bbox 482 2581 2066 2656">
    <p class='ocr_par' dir='ltr' id='par_1_28' title="bbox 482 2581 2066 2656">
     <span class='ocr_line' id='line_1_28' title="bbox 482 2581 2066 2656; baseline -0.001 -20"><span class='ocrx_word' id='word_1_198' title='bbox 482 2585 588 2646; x_wconf 75' lang='grc' dir='ltr'>σὶν,</span> <span class='ocrx_word' id='word_1_199' title='bbox 625 2585 676 2636; x_wconf 75' lang='grc' dir='ltr'>οἱ</span> <span class='ocrx_word' id='word_1_200' title='bbox 706 2584 1033 2654; x_wconf 85' lang='grc' dir='ltr'>θεασάμενοι</span> <span class='ocrx_word' id='word_1_201' title='bbox 1060 2585 1490 2656; x_wconf 90' lang='grc' dir='ltr'>ἀγωνισάμενον·</span> <span class='ocrx_word' id='word_1_202' title='bbox 1517 2587 1568 2638; x_wconf 83' lang='grc' dir='ltr'>οἱ</span> <span class='ocrx_word' id='word_1_203' title='bbox 1597 2586 1874 2656; x_wconf 88' lang='grc' dir='ltr'>μάρτυρες</span> <span class='ocrx_word' id='word_1_204' title='bbox 1901 2581 2066 2636; x_wconf 83' lang='grc' dir='ltr'>αὐτοῦ</span> 
     </span>
    </p>
   </div>
   <div class='ocr_carea' id='block_1_29' title="bbox 477 2667 2069 2740">
    <p class='ocr_par' dir='ltr' id='par_1_29' title="bbox 477 2667 2069 2740">
     <span class='ocr_line' id='line_1_29' title="bbox 477 2667 2069 2740; baseline 0 -20"><span class='ocrx_word' id='word_1_205' title='bbox 477 2669 578 2738; x_wconf 79' lang='grc' dir='ltr'>τῆς</span> <span class='ocrx_word' id='word_1_206' title='bbox 599 2669 788 2732; x_wconf 85' lang='grc' dir='ltr'>πενίας</span> <span class='ocrx_word' id='word_1_207' title='bbox 817 2669 911 2722; x_wconf 77' lang='grc' dir='ltr'>καὶ</span> <span class='ocrx_word' id='word_1_208' title='bbox 939 2668 1032 2739; x_wconf 82' lang='grc' dir='ltr'>τοῦ</span> <span class='ocrx_word' id='word_1_209' title='bbox 1063 2668 1224 2740; x_wconf 89' lang='grc' dir='ltr'>λιμοῦ</span> <span class='ocrx_word' id='word_1_210' title='bbox 1254 2669 1476 2724; x_wconf 74' lang='grc' dir='ltr'>καὶτῶν</span> <span class='ocrx_word' id='word_1_211' title='bbox 1507 2669 1718 2740; x_wconf 91' lang='grc' dir='ltr'>μυρίων</span> <span class='ocrx_word' id='word_1_212' title='bbox 1739 2667 1948 2731; x_wconf 81' lang='grc' dir='ltr'>κακῶν,</span> <span class='ocrx_word' id='word_1_213' title='bbox 1976 2683 2069 2736; x_wconf 89' lang='grc' dir='ltr'>γε-</span> 
     </span>
    </p>
   </div>
   <div class='ocr_carea' id='block_1_30' title="bbox 480 2751 2067 2826">
    <p class='ocr_par' dir='ltr' id='par_1_30' title="bbox 480 2751 2067 2826">
     <span class='ocr_line' id='line_1_30' title="bbox 480 2751 2067 2826; baseline 0.001 -22"><span class='ocrx_word' id='word_1_214' title='bbox 480 2751 760 2806; x_wconf 88' lang='grc' dir='ltr'>νέσθωσαν</span> <span class='ocrx_word' id='word_1_215' title='bbox 807 2753 1082 2824; x_wconf 89' lang='grc' dir='ltr'>μάρτυρες</span> <span class='ocrx_word' id='word_1_216' title='bbox 1119 2755 1220 2825; x_wconf 81' lang='grc' dir='ltr'>τῆς</span> <span class='ocrx_word' id='word_1_217' title='bbox 1257 2755 1442 2826; x_wconf 84' lang='grc' dir='ltr'>τιμῆς,</span> <span class='ocrx_word' id='word_1_218' title='bbox 1478 2754 1581 2824; x_wconf 84' lang='grc' dir='ltr'>τῆς</span> <span class='ocrx_word' id='word_1_219' title='bbox 1609 2752 1933 2824; x_wconf 85' lang='grc' dir='ltr'>μεταϐολῆς,</span> <span class='ocrx_word' id='word_1_220' title='bbox 1967 2753 2067 2822; x_wconf 85' lang='grc' dir='ltr'>τῆς</span> 
     </span>
    </p>
   </div>
   <div class='ocr_carea' id='block_1_31' title="bbox 477 2834 2068 2908">
    <p class='ocr_par' dir='ltr' id='par_1_31' title="bbox 477 2834 2068 2908">
     <span class='ocr_line' id='line_1_31' title="bbox 477 2834 2068 2908; baseline 0.001 -20"><span class='ocrx_word' id='word_1_221' title='bbox 477 2834 640 2906; x_wconf 78' lang='grc' dir='ltr'>δόξης</span> <span class='ocrx_word' id='word_1_222' title='bbox 666 2836 906 2908; x_wconf 79' lang='grc' dir='ltr'>ἀπάσης,</span> <span class='ocrx_word' id='word_1_223' title='bbox 935 2837 1022 2890; x_wconf 80' lang='grc' dir='ltr'>ἵνα</span> <span class='ocrx_word' id='word_1_224' title='bbox 1048 2837 1389 2908; x_wconf 82' lang='grc' dir='ltr'>ἑκατέρωθεν</span> <span class='ocrx_word' id='word_1_225' title='bbox 1412 2839 1794 2901; x_wconf 78' lang='grc' dir='ltr'>παιδευθέντες</span> <span class='ocrx_word' id='word_1_226' title='bbox 1829 2838 1923 2891; x_wconf 75' lang='grc' dir='ltr'>καὶ</span> <span class='ocrx_word' id='word_1_227' title='bbox 1960 2853 2068 2908; x_wconf 83' lang='grc' dir='ltr'>μα-</span> 
     </span>
    </p>
   </div>
   <div class='ocr_carea' id='block_1_32' title="bbox 483 2917 2070 2994">
    <p class='ocr_par' dir='ltr' id='par_1_32' title="bbox 483 2917 2070 2994">
     <span class='ocr_line' id='line_1_32' title="bbox 483 2917 2070 2994; baseline 0.001 -23"><span class='ocrx_word' id='word_1_228' title='bbox 483 2917 688 2983; x_wconf 88' lang='grc' dir='ltr'>θόντες,</span> <span class='ocrx_word' id='word_1_229' title='bbox 720 2920 802 2973; x_wconf 83' lang='grc' dir='ltr'>ὅτι</span> <span class='ocrx_word' id='word_1_230' title='bbox 840 2920 903 2973; x_wconf 85' lang='grc' dir='ltr'>οὐ</span> <span class='ocrx_word' id='word_1_231' title='bbox 935 2920 1098 2992; x_wconf 80' lang='grc' dir='ltr'>μέχρι</span> <span class='ocrx_word' id='word_1_232' title='bbox 1123 2921 1218 2975; x_wconf 87' lang='grc' dir='ltr'>τοῦ</span> <span class='ocrx_word' id='word_1_233' title='bbox 1253 2923 1522 2994; x_wconf 86' lang='grc' dir='ltr'>παρόντος</span> <span class='ocrx_word' id='word_1_234' title='bbox 1558 2922 1673 2992; x_wconf 88' lang='grc' dir='ltr'>βίου</span> <span class='ocrx_word' id='word_1_235' title='bbox 1713 2923 1782 2976; x_wconf 88' lang='grc' dir='ltr'>τά</span> <span class='ocrx_word' id='word_1_236' title='bbox 1819 2921 2070 2993; x_wconf 82' lang='grc' dir='ltr'>ἡμέτερα</span> 
     </span>
    </p>
   </div>
   <div class='ocr_carea' id='block_1_33' title="bbox 482 3005 2070 3078">
    <p class='ocr_par' dir='ltr' id='par_1_33' title="bbox 482 3005 2070 3078">
     <span class='ocr_line' id='line_1_33' title="bbox 482 3005 2070 3078; baseline 0.001 -23"><span class='ocrx_word' id='word_1_237' title='bbox 482 3005 740 3075; x_wconf 87' lang='grc' dir='ltr'>στήσεται</span> <span class='ocrx_word' id='word_1_238' title='bbox 791 3005 1115 3076; x_wconf 84' lang='grc' dir='ltr'>πράγματα,</span> <span class='ocrx_word' id='word_1_239' title='bbox 1177 3005 1318 3059; x_wconf 80' lang='grc' dir='ltr'>οὕτω</span> <span class='ocrx_word' id='word_1_240' title='bbox 1374 3007 1940 3078; x_wconf 82' lang='grc' dir='ltr'>παρασκευάσωνται,</span> <span class='ocrx_word' id='word_1_241' title='bbox 1993 3005 2070 3068; x_wconf 85' lang='grc' dir='ltr'>ὡς</span> 
     </span>
    </p>
   </div>
   <div class='ocr_carea' id='block_1_34' title="bbox 479 3087 2070 3161">
    <p class='ocr_par' dir='ltr' id='par_1_34' title="bbox 479 3087 2070 3161">
     <span class='ocr_line' id='line_1_34' title="bbox 479 3087 2070 3161; baseline 0.002 -21"><span class='ocrx_word' id='word_1_242' title='bbox 479 3087 781 3158; x_wconf 84' lang='grc' dir='ltr'>δυνηθῆναι</span> <span class='ocrx_word' id='word_1_243' title='bbox 833 3089 1036 3159; x_wconf 88' lang='grc' dir='ltr'>ταύτην</span> <span class='ocrx_word' id='word_1_244' title='bbox 1079 3089 1180 3161; x_wconf 85' lang='grc' dir='ltr'>τὴν</span> <span class='ocrx_word' id='word_1_245' title='bbox 1237 3089 1457 3144; x_wconf 82' lang='grc' dir='ltr'>κόλασιν</span> <span class='ocrx_word' id='word_1_246' title='bbox 1496 3091 1780 3160; x_wconf 85' lang='grc' dir='ltr'>διαφυγεῖν</span> <span class='ocrx_word' id='word_1_247' title='bbox 1838 3091 1934 3144; x_wconf 82' lang='grc' dir='ltr'>καὶ</span> <span class='ocrx_word' id='word_1_248' title='bbox 1970 3089 2070 3161; x_wconf 87' lang='grc' dir='ltr'>τὴν</span> 
     </span>
    </p>
   </div>
   <div class='ocr_carea' id='block_1_35' title="bbox 481 3167 2070 3244">
    <p class='ocr_par' dir='ltr' id='par_1_35' title="bbox 481 3167 2070 3244">
     <span class='ocr_line' id='line_1_35' title="bbox 481 3167 2070 3244; baseline 0.003 -22"><span class='ocrx_word' id='word_1_249' title='bbox 481 3170 777 3242; x_wconf 84' lang='grc' dir='ltr'>τιμωρίαν.</span> <span class='ocrx_word' id='word_1_250' title='bbox 848 3171 913 3224; x_wconf 88' lang='grc' dir='ltr'>Τί</span> <span class='ocrx_word' id='word_1_251' title='bbox 973 3167 1065 3225; x_wconf 79' lang='grc' dir='ltr'>οὖν</span> <span class='ocrx_word' id='word_1_252' title='bbox 1124 3175 1153 3226; x_wconf 88' lang='grc' dir='ltr'>ὁ</span> <span class='ocrx_word' id='word_1_253' title='bbox 1216 3173 1511 3244; x_wconf 79' lang='grc' dir='ltr'>Ἀϐραάμ;</span> <span class='ocrx_word' id='word_1_254' title='bbox 1577 3175 1829 3242; x_wconf 81' lang='grc' dir='ltr'>Ἔχουσι</span> <span class='ocrx_word' id='word_1_255' title='bbox 1897 3171 2070 3227; x_wconf 55' lang='lat' dir='ltr'>Mm!)-</span> 
     </span>
    </p>
   </div>
   <div class='ocr_carea' id='block_1_36' title="bbox 481 3253 2069 3327">
    <p class='ocr_par' dir='ltr' id='par_1_36' title="bbox 481 3253 2069 3327">
     <span class='ocr_line' id='line_1_36' title="bbox 481 3253 2069 3327; baseline 0.003 -21"><span class='ocrx_word' id='word_1_256' title='bbox 481 3253 600 3307; x_wconf 87' lang='grc' dir='ltr'>σέα</span> <span class='ocrx_word' id='word_1_257' title='bbox 647 3254 745 3306; x_wconf 77' lang='grc' dir='ltr'>καί</span> <span class='ocrx_word' id='word_1_258' title='bbox 805 3255 948 3321; x_wconf 85' lang='grc' dir='ltr'>τοὺς</span> <span class='ocrx_word' id='word_1_259' title='bbox 1002 3255 1336 3326; x_wconf 65' lang='grc' dir='ltr'>προφήτας,</span> <span class='ocrx_word' id='word_1_260' title='bbox 1392 3259 1581 3327; x_wconf 71' lang='grc' dir='ltr'>φησὶν,</span> <span class='ocrx_word' id='word_1_261' title='bbox 1629 3256 2069 3316; x_wconf 76' lang='grc' dir='ltr'>ἀκουσάτωσαν</span> 
     </span>
    </p>
   </div>
   <div class='ocr_carea' id='block_1_37' title="bbox 482 3337 2070 3414">
    <p class='ocr_par' dir='ltr' id='par_1_37' title="bbox 482 3337 2070 3414">
     <span class='ocr_line' id='line_1_37' title="bbox 482 3337 2070 3414; baseline 0.002 -25"><span class='ocrx_word' id='word_1_262' title='bbox 482 3337 707 3393; x_wconf 78' lang='grc' dir='ltr'>αὐτῶν.</span> <span class='ocrx_word' id='word_1_263' title='bbox 762 3338 875 3408; x_wconf 81' lang='grc' dir='ltr'>Οὐχ</span> <span class='ocrx_word' id='word_1_264' title='bbox 938 3337 1101 3404; x_wconf 78' lang='grc' dir='ltr'>οὕτω,</span> <span class='ocrx_word' id='word_1_265' title='bbox 1153 3341 1306 3409; x_wconf 79' lang='grc' dir='ltr'>φησὶ,</span> <span class='ocrx_word' id='word_1_266' title='bbox 1359 3342 1422 3394; x_wconf 79' lang='grc' dir='ltr'>σὺ</span> <span class='ocrx_word' id='word_1_267' title='bbox 1479 3339 1619 3414; x_wconf 83' lang='grc' dir='ltr'>κήδῃ</span> <span class='ocrx_word' id='word_1_268' title='bbox 1673 3339 1781 3394; x_wconf 91' lang='grc' dir='ltr'>τῶν</span> <span class='ocrx_word' id='word_1_269' title='bbox 1825 3338 2070 3408; x_wconf 87' lang='grc' dir='ltr'>ἀδελφῶν</span> 
     </span>
    </p>
   </div>
   <div class='ocr_carea' id='block_1_38' title="bbox 485 3421 2071 3495">
    <p class='ocr_par' dir='ltr' id='par_1_38' title="bbox 485 3421 2071 3495">
     <span class='ocr_line' id='line_1_38' title="bbox 485 3421 2071 3495; baseline 0.002 -22"><span class='ocrx_word' id='word_1_270' title='bbox 485 3438 606 3485; x_wconf 92' lang='grc' dir='ltr'>σου,</span> <span class='ocrx_word' id='word_1_271' title='bbox 669 3421 745 3484; x_wconf 85' lang='grc' dir='ltr'>ὡς</span> <span class='ocrx_word' id='word_1_272' title='bbox 796 3423 825 3474; x_wconf 86' lang='grc' dir='ltr'>ό</span> <span class='ocrx_word' id='word_1_273' title='bbox 876 3425 1107 3492; x_wconf 85' lang='grc' dir='ltr'>ποιήσας</span> <span class='ocrx_word' id='word_1_274' title='bbox 1161 3425 1357 3488; x_wconf 72' lang='grc' dir='ltr'>αὐτοὺς</span> <span class='ocrx_word' id='word_1_275' title='bbox 1405 3423 1558 3488; x_wconf 81' lang='grc' dir='ltr'>θεός.</span> <span class='ocrx_word' id='word_1_276' title='bbox 1603 3425 1846 3495; x_wconf 90' lang='grc' dir='ltr'>Μυρίους</span> <span class='ocrx_word' id='word_1_277' title='bbox 1887 3423 2071 3488; x_wconf 81' lang='grc' dir='ltr'>αὐτοῖς</span> 
     </span>
    </p>
   </div>
   <div class='ocr_carea' id='block_1_39' title="bbox 483 3504 2070 3578">
    <p class='ocr_par' dir='ltr' id='par_1_39' title="bbox 483 3504 2070 3578">
     <span class='ocr_line' id='line_1_39' title="bbox 483 3504 2070 3578; baseline 0.002 -19"><span class='ocrx_word' id='word_1_278' title='bbox 483 3505 758 3576; x_wconf 85' lang='grc' dir='ltr'>ἐπέστησε</span> <span class='ocrx_word' id='word_1_279' title='bbox 806 3504 1158 3571; x_wconf 81' lang='grc' dir='ltr'>διδασκάλους</span> <span class='ocrx_word' id='word_1_280' title='bbox 1206 3507 1632 3578; x_wconf 80' lang='grc' dir='ltr'>παραινοῦντας,</span> <span class='ocrx_word' id='word_1_281' title='bbox 1677 3507 2070 3578; x_wconf 85' lang='grc' dir='ltr'>συμϐουλεύον-</span> 
     </span>
    </p>
   </div>
   <div class='ocr_carea' id='block_1_40' title="bbox 485 3588 2069 3663">
    <p class='ocr_par' dir='ltr' id='par_1_40' title="bbox 485 3588 2069 3663">
     <span class='ocr_line' id='line_1_40' title="bbox 485 3588 2069 3663; baseline 0.003 -21"><span class='ocrx_word' id='word_1_282' title='bbox 485 3606 608 3653; x_wconf 85' lang='grc' dir='ltr'>τας,</span> <span class='ocrx_word' id='word_1_283' title='bbox 641 3589 1045 3654; x_wconf 85' lang='grc' dir='ltr'>νουθετοῦντας.</span> <span class='ocrx_word' id='word_1_284' title='bbox 1081 3591 1146 3643; x_wconf 91' lang='grc' dir='ltr'>Τί</span> <span class='ocrx_word' id='word_1_285' title='bbox 1182 3588 1276 3645; x_wconf 80' lang='grc' dir='ltr'>οῦν</span> <span class='ocrx_word' id='word_1_286' title='bbox 1302 3593 1466 3656; x_wconf 87' lang='grc' dir='ltr'>αὐτὸς</span> <span class='ocrx_word' id='word_1_287' title='bbox 1496 3593 1692 3658; x_wconf 87' lang='grc' dir='ltr'>πάλιν;</span> <span class='ocrx_word' id='word_1_288' title='bbox 1726 3593 1894 3662; x_wconf 80' lang='grc' dir='ltr'>Οὐχὶ,</span> <span class='ocrx_word' id='word_1_289' title='bbox 1915 3593 2069 3663; x_wconf 75' lang='grc' dir='ltr'>φησὶ,</span> 
     </span>
    </p>
   </div>
   <div class='ocr_carea' id='block_1_41' title="bbox 486 3673 2070 3746">
    <p class='ocr_par' dir='ltr' id='par_1_41' title="bbox 486 3673 2070 3746">
     <span class='ocr_line' id='line_1_41' title="bbox 486 3673 2070 3746; baseline 0.004 -20"><span class='ocrx_word' id='word_1_290' title='bbox 486 3673 674 3742; x_wconf 77' lang='grc' dir='ltr'>πάτερ</span> <span class='ocrx_word' id='word_1_291' title='bbox 703 3674 969 3742; x_wconf 72' lang='grc' dir='ltr'>Ἀϐραὰμ,</span> <span class='ocrx_word' id='word_1_292' title='bbox 993 3676 1157 3729; x_wconf 76' lang='grc' dir='ltr'><em>ἀλλὰ</em></span> <span class='ocrx_word' id='word_1_293' title='bbox 1181 3675 1290 3728; x_wconf 81' lang='grc' dir='ltr'>ἐάν</span> <span class='ocrx_word' id='word_1_294' title='bbox 1307 3694 1397 3742; x_wconf 86' lang='grc' dir='ltr'>τις</span> <span class='ocrx_word' id='word_1_295' title='bbox 1422 3677 1542 3732; x_wconf 81' lang='grc' dir='ltr'>ἀπὸ</span> <span class='ocrx_word' id='word_1_296' title='bbox 1566 3677 1796 3746; x_wconf 77' lang='grc' dir='ltr'>νεκρῶν</span> <span class='ocrx_word' id='word_1_297' title='bbox 1815 3676 2070 3746; x_wconf 75' lang='grc' dir='ltr'>ἀπέλθῃ,</span> 
     </span>
    </p>
   </div>
   <div class='ocr_carea' id='block_1_42' title="bbox 485 3756 2076 3832">
    <p class='ocr_par' dir='ltr' id='par_1_42' title="bbox 485 3756 2076 3832">
     <span class='ocr_line' id='line_1_42' title="bbox 485 3756 2076 3832; baseline 0.003 -21"><span class='ocrx_word' id='word_1_298' title='bbox 485 3756 648 3822; x_wconf 86' lang='grc' dir='ltr'>αὐτῷ</span> <span class='ocrx_word' id='word_1_299' title='bbox 676 3759 1100 3812; x_wconf 80' lang='grc' dir='ltr'>πιστεύσουσι.</span> <span class='ocrx_word' id='word_1_300' title='bbox 1129 3761 1315 3813; x_wconf 82' lang='grc' dir='ltr'>Ταῦτα</span> <span class='ocrx_word' id='word_1_301' title='bbox 1346 3761 1410 3832; x_wconf 83' lang='grc' dir='ltr'>δὴ</span> <span class='ocrx_word' id='word_1_302' title='bbox 1459 3761 1527 3814; x_wconf 89' lang='grc' dir='ltr'>τά</span> <span class='ocrx_word' id='word_1_303' title='bbox 1570 3761 1678 3814; x_wconf 89' lang='grc' dir='ltr'>τῶν</span> <span class='ocrx_word' id='word_1_304' title='bbox 1731 3761 1943 3815; x_wconf 86' lang='grc' dir='ltr'>πολλῶν</span> <span class='ocrx_word' id='word_1_305' title='bbox 1975 3763 2076 3832; x_wconf 80' lang='grc' dir='ltr'>ρή-</span> 
     </span>
    </p>
   </div>
   <div class='ocr_carea' id='block_1_43' title="bbox 490 3840 2072 3918">
    <p class='ocr_par' dir='ltr' id='par_1_43' title="bbox 490 3840 2072 3918">
     <span class='ocr_line' id='line_1_43' title="bbox 490 3840 2072 3918; baseline 0.002 -23"><span class='ocrx_word' id='word_1_306' title='bbox 490 3859 659 3914; x_wconf 86' lang='grc' dir='ltr'>ματα.</span> <span class='ocrx_word' id='word_1_307' title='bbox 690 3840 801 3895; x_wconf 90' lang='grc' dir='ltr'>Ποῦ</span> <span class='ocrx_word' id='word_1_308' title='bbox 835 3843 928 3896; x_wconf 88' lang='grc' dir='ltr'>νῦν</span> <span class='ocrx_word' id='word_1_309' title='bbox 969 3845 1106 3897; x_wconf 89' lang='grc' dir='ltr'>εἰσιν</span> <span class='ocrx_word' id='word_1_310' title='bbox 1132 3846 1180 3898; x_wconf 87' lang='grc' dir='ltr'>οί</span> <span class='ocrx_word' id='word_1_311' title='bbox 1211 3845 1476 3914; x_wconf 83' lang='grc' dir='ltr'>λέγοντες,</span> <span class='ocrx_word' id='word_1_312' title='bbox 1508 3847 1604 3910; x_wconf 85' lang='grc' dir='ltr'>Τίς</span> <span class='ocrx_word' id='word_1_313' title='bbox 1633 3843 1794 3918; x_wconf 81' lang='grc' dir='ltr'>ἦλθεν</span> <span class='ocrx_word' id='word_1_314' title='bbox 1824 3846 2072 3911; x_wconf 87' lang='grc' dir='ltr'>ἐκεῖθεν;</span> 
     </span>
    </p>
   </div>
   <div class='ocr_carea' id='block_1_44' title="bbox 487 3926 2073 4003">
    <p class='ocr_par' dir='ltr' id='par_1_44' title="bbox 487 3926 2073 4003">
     <span class='ocr_line' id='line_1_44' title="bbox 487 3926 2073 4003; baseline 0.001 -22"><span class='ocrx_word' id='word_1_315' title='bbox 487 3927 576 3991; x_wconf 80' lang='grc' dir='ltr'>τίς</span> <span class='ocrx_word' id='word_1_316' title='bbox 613 3928 677 3980; x_wconf 87' lang='grc' dir='ltr'>ἐκ</span> <span class='ocrx_word' id='word_1_317' title='bbox 698 3927 807 3980; x_wconf 91' lang='grc' dir='ltr'>τῶν</span> <span class='ocrx_word' id='word_1_318' title='bbox 839 3927 1048 3999; x_wconf 87' lang='grc' dir='ltr'>νεκρῶν</span> <span class='ocrx_word' id='word_1_319' title='bbox 1075 3929 1274 4002; x_wconf 81' lang='grc' dir='ltr'>ἀνέστη</span> <span class='ocrx_word' id='word_1_320' title='bbox 1297 3947 1311 3995; x_wconf 92' lang='grc'><strong>;</strong></span> <span class='ocrx_word' id='word_1_321' title='bbox 1331 3930 1416 3995; x_wconf 90' lang='grc' dir='ltr'>τίς</span> <span class='ocrx_word' id='word_1_322' title='bbox 1448 3926 1568 3984; x_wconf 80' lang='grc' dir='ltr'>εἶπε</span> <span class='ocrx_word' id='word_1_323' title='bbox 1595 3931 1662 3984; x_wconf 85' lang='grc' dir='ltr'>τά</span> <span class='ocrx_word' id='word_1_324' title='bbox 1690 3932 1749 3985; x_wconf 84' lang='grc' dir='ltr'>ἐν</span> <span class='ocrx_word' id='word_1_325' title='bbox 1781 3931 1941 4003; x_wconf 79' lang='grc' dir='ltr'>ᾇδου;</span> <span class='ocrx_word' id='word_1_326' title='bbox 1967 3929 2073 3983; x_wconf 87' lang='grc' dir='ltr'>Πό-</span> 
     </span>
    </p>
   </div>
   <div class='ocr_carea' id='block_1_45' title="bbox 491 4010 2078 4088">
    <p class='ocr_par' dir='ltr' id='par_1_45' title="bbox 491 4010 2078 4088">
     <span class='ocr_line' id='line_1_45' title="bbox 491 4010 2078 4088; baseline 0.001 -22"><span class='ocrx_word' id='word_1_327' title='bbox 491 4029 563 4066; x_wconf 86' lang='grc' dir='ltr'>σα</span> <span class='ocrx_word' id='word_1_328' title='bbox 585 4010 808 4065; x_wconf 86' lang='grc' dir='ltr'>τοιαῦτα</span> <span class='ocrx_word' id='word_1_329' title='bbox 832 4013 928 4065; x_wconf 81' lang='grc' dir='ltr'>καὶ</span> <span class='ocrx_word' id='word_1_330' title='bbox 956 4013 1258 4084; x_wconf 86' lang='grc' dir='ltr'>τηλικαῦτα</span> <span class='ocrx_word' id='word_1_331' title='bbox 1294 4015 1432 4088; x_wconf 84' lang='grc' dir='ltr'>πρὸς</span> <span class='ocrx_word' id='word_1_332' title='bbox 1455 4015 1648 4069; x_wconf 87' lang='grc' dir='ltr'>ἐαυτὸν</span> <span class='ocrx_word' id='word_1_333' title='bbox 1673 4011 1825 4068; x_wconf 82' lang='grc' dir='ltr'>εἶπεν</span> <span class='ocrx_word' id='word_1_334' title='bbox 1860 4017 1888 4069; x_wconf 86' lang='grc' dir='ltr'>ό</span> <span class='ocrx_word' id='word_1_335' title='bbox 1919 4013 2078 4068; x_wconf 78' lang='grc' dir='ltr'>πλούο</span> 
     </span>
    </p>
   </div>
   <div class='ocr_carea' id='block_1_46' title="bbox 491 4097 2078 4173">
    <p class='ocr_par' dir='ltr' id='par_1_46' title="bbox 491 4097 2078 4173">
     <span class='ocr_line' id='line_1_46' title="bbox 491 4097 2078 4173; baseline 0.001 -21"><span class='ocrx_word' id='word_1_336' title='bbox 491 4112 609 4159; x_wconf 74' lang='grc' dir='ltr'>σιος</span> <span class='ocrx_word' id='word_1_337' title='bbox 639 4097 864 4160; x_wconf 87' lang='grc' dir='ltr'>ἐκεῖνος,</span> <span class='ocrx_word' id='word_1_338' title='bbox 899 4097 1063 4167; x_wconf 78' lang='grc' dir='ltr'>ἡνίκα</span> <span class='ocrx_word' id='word_1_339' title='bbox 1089 4098 1329 4169; x_wconf 86' lang='grc' dir='ltr'>ἐτρύφα;</span> <span class='ocrx_word' id='word_1_340' title='bbox 1380 4100 1516 4153; x_wconf 80' lang='grc' dir='ltr'>Οὐδέ</span> <span class='ocrx_word' id='word_1_341' title='bbox 1553 4099 1660 4173; x_wconf 91' lang='grc' dir='ltr'>γάρ</span> <span class='ocrx_word' id='word_1_342' title='bbox 1707 4099 1894 4165; x_wconf 89' lang='grc' dir='ltr'>ἀπλῶς</span> <span class='ocrx_word' id='word_1_343' title='bbox 1937 4117 2078 4173; x_wconf 87' lang='grc' dir='ltr'>παρ-</span> 
     </span>
    </p>
   </div>
   <div class='ocr_carea' id='block_1_47' title="bbox 492 4180 2077 4260">
    <p class='ocr_par' dir='ltr' id='par_1_47' title="bbox 492 4180 2077 4260">
     <span class='ocr_line' id='line_1_47' title="bbox 492 4180 2077 4260; baseline 0.005 -26"><span class='ocrx_word' id='word_1_344' title='bbox 492 4180 750 4234; x_wconf 85' lang='grc' dir='ltr'>εκάλεσεν</span> <span class='ocrx_word' id='word_1_345' title='bbox 779 4181 1081 4251; x_wconf 78' lang='grc' dir='ltr'>ἀναστῆναί</span> <span class='ocrx_word' id='word_1_346' title='bbox 1104 4200 1226 4236; x_wconf 89' lang='grc' dir='ltr'>τινα</span> <span class='ocrx_word' id='word_1_347' title='bbox 1253 4185 1317 4237; x_wconf 89' lang='grc' dir='ltr'>ἐκ</span> <span class='ocrx_word' id='word_1_348' title='bbox 1345 4185 1454 4238; x_wconf 88' lang='grc' dir='ltr'>τῶν</span> <span class='ocrx_word' id='word_1_349' title='bbox 1476 4187 1689 4259; x_wconf 82' lang='grc' dir='ltr'>νεκρῶν</span> <span class='ocrx_word' id='word_1_350' title='bbox 1710 4203 1721 4216; x_wconf 88' lang='grc'><strong>·</strong></span> <span class='ocrx_word' id='word_1_351' title='bbox 1753 4187 1868 4241; x_wconf 87' lang='grc' dir='ltr'>ἀλλ’</span> <span class='ocrx_word' id='word_1_352' title='bbox 1889 4188 2077 4260; x_wconf 80' lang='grc' dir='ltr'>ἐπειδὴ</span> 
     </span>
    </p>
   </div>
   <div class='ocr_carea' id='block_1_48' title="bbox 491 4266 2079 4343">
    <p class='ocr_par' dir='ltr' id='par_1_48' title="bbox 491 4266 2079 4343">
     <span class='ocr_line' id='line_1_48' title="bbox 491 4266 2079 4343; baseline 0.004 -23"><span class='ocrx_word' id='word_1_353' title='bbox 491 4266 604 4320; x_wconf 86' lang='grc' dir='ltr'>τῶν</span> <span class='ocrx_word' id='word_1_354' title='bbox 647 4266 881 4338; x_wconf 88' lang='grc' dir='ltr'>Γραφῶν</span> <span class='ocrx_word' id='word_1_355' title='bbox 914 4266 1129 4320; x_wconf 89' lang='grc' dir='ltr'>ἀκούων</span> <span class='ocrx_word' id='word_1_356' title='bbox 1158 4269 1505 4340; x_wconf 82' lang='grc' dir='ltr'>κατεφρόνει,</span> <span class='ocrx_word' id='word_1_357' title='bbox 1548 4272 1840 4340; x_wconf 86' lang='grc' dir='ltr'>κατεγέλα,</span> <span class='ocrx_word' id='word_1_358' title='bbox 1877 4272 2079 4343; x_wconf 84' lang='grc' dir='ltr'>μύθους</span> 
     </span>
    </p>
   </div>
   <div class='ocr_carea' id='block_1_49' title="bbox 495 4346 2076 4428">
    <p class='ocr_par' dir='ltr' id='par_1_49' title="bbox 495 4346 2076 4428">
     <span class='ocr_line' id='line_1_49' title="bbox 495 4346 2076 4428; baseline 0.004 -24"><span class='ocrx_word' id='word_1_359' title='bbox 495 4348 634 4406; x_wconf 75' lang='grc' dir='ltr'>εἶναι</span> <span class='ocrx_word' id='word_1_360' title='bbox 663 4352 880 4423; x_wconf 80' lang='grc' dir='ltr'>ἐνόμιζε</span> <span class='ocrx_word' id='word_1_361' title='bbox 911 4353 978 4405; x_wconf 82' lang='grc' dir='ltr'>τὰ</span> <span class='ocrx_word' id='word_1_362' title='bbox 996 4351 1267 4423; x_wconf 83' lang='grc' dir='ltr'>λεγόμενα</span> <span class='ocrx_word' id='word_1_363' title='bbox 1285 4371 1298 4383; x_wconf 90' lang='grc'><strong>·</strong></span> <span class='ocrx_word' id='word_1_364' title='bbox 1331 4353 1424 4423; x_wconf 86' lang='grc' dir='ltr'>ἀφ’</span> <span class='ocrx_word' id='word_1_365' title='bbox 1445 4346 1520 4408; x_wconf 85' lang='grc' dir='ltr'>ὧν</span> <span class='ocrx_word' id='word_1_366' title='bbox 1545 4349 1640 4408; x_wconf 85' lang='grc' dir='ltr'>οῦν</span> <span class='ocrx_word' id='word_1_367' title='bbox 1663 4356 1827 4420; x_wconf 84' lang='grc' dir='ltr'>αὐτὸς</span> <span class='ocrx_word' id='word_1_368' title='bbox 1848 4356 2076 4428; x_wconf 76' lang='grc' dir='ltr'>ἔπασχε,</span> 
     </span>
    </p>
   </div>
   <div class='ocr_carea' id='block_1_50' title="bbox 492 4437 2081 4513">
    <p class='ocr_par' dir='ltr' id='par_1_50' title="bbox 492 4437 2081 4513">
     <span class='ocr_line' id='line_1_50' title="bbox 492 4437 2081 4513; baseline 0.002 -21"><span class='ocrx_word' id='word_1_369' title='bbox 492 4439 592 4493; x_wconf 78' lang='grc' dir='ltr'>καὶ</span> <span class='ocrx_word' id='word_1_370' title='bbox 617 4441 745 4510; x_wconf 81' lang='grc' dir='ltr'>περὶ</span> <span class='ocrx_word' id='word_1_371' title='bbox 776 4437 886 4490; x_wconf 89' lang='grc' dir='ltr'>τῶν</span> <span class='ocrx_word' id='word_1_372' title='bbox 913 4437 1158 4507; x_wconf 87' lang='grc' dir='ltr'>ἀδελφῶν</span> <span class='ocrx_word' id='word_1_373' title='bbox 1189 4438 1426 4509; x_wconf 77' lang='grc' dir='ltr'>ἐνόμιζε.</span> <span class='ocrx_word' id='word_1_374' title='bbox 1460 4440 1741 4507; x_wconf 82' lang='grc' dir='ltr'>Κάκεῖνοι,</span> <span class='ocrx_word' id='word_1_375' title='bbox 1777 4442 1963 4513; x_wconf 72' lang='grc' dir='ltr'>φησὶν,</span> <span class='ocrx_word' id='word_1_376' title='bbox 1988 4440 2081 4495; x_wconf 81' lang='grc' dir='ltr'>οὔ·</span> 
     </span>
    </p>
   </div>
   <div class='ocr_carea' id='block_1_51' title="bbox 490 4521 2077 4602">
    <p class='ocr_par' dir='ltr' id='par_1_51' title="bbox 490 4521 2077 4602">
     <span class='ocr_line' id='line_1_51' title="bbox 490 4521 2077 4602; baseline 0.003 -26"><span class='ocrx_word' id='word_1_377' title='bbox 490 4541 602 4586; x_wconf 85' lang='grc' dir='ltr'>τως</span> <span class='ocrx_word' id='word_1_378' title='bbox 634 4521 1062 4576; x_wconf 85' lang='grc' dir='ltr'>ὑποπτεύουσιν·</span> <span class='ocrx_word' id='word_1_379' title='bbox 1110 4521 1207 4576; x_wconf 85' lang='grc' dir='ltr'>ἐὰν</span> <span class='ocrx_word' id='word_1_380' title='bbox 1239 4523 1296 4576; x_wconf 92' lang='grc' dir='ltr'>δέ</span> <span class='ocrx_word' id='word_1_381' title='bbox 1330 4540 1414 4588; x_wconf 88' lang='grc' dir='ltr'>τις</span> <span class='ocrx_word' id='word_1_382' title='bbox 1446 4523 1555 4577; x_wconf 87' lang='grc' dir='ltr'>ἀπὸ</span> <span class='ocrx_word' id='word_1_383' title='bbox 1587 4526 1798 4598; x_wconf 88' lang='grc' dir='ltr'>νεκρῶν</span> <span class='ocrx_word' id='word_1_384' title='bbox 1845 4526 2077 4602; x_wconf 81' lang='grc' dir='ltr'>ἀπέλθῃ,</span> 
     </span>
    </p>
   </div>
   <div class='ocr_carea' id='block_1_52' title="bbox 492 4605 2081 4678">
    <p class='ocr_par' dir='ltr' id='par_1_52' title="bbox 492 4605 2081 4678">
     <span class='ocr_line' id='line_1_52' title="bbox 492 4605 2081 4678; baseline 0.003 -18"><span class='ocrx_word' id='word_1_385' title='bbox 492 4608 596 4660; x_wconf 75' lang='grc' dir='ltr'>οὐκ</span> <span class='ocrx_word' id='word_1_386' title='bbox 643 4608 1040 4678; x_wconf 81' lang='grc' dir='ltr'>ἀπιστήσουσιν</span> <span class='ocrx_word' id='word_1_387' title='bbox 1088 4605 1259 4678; x_wconf 79' lang='grc' dir='ltr'>αὐτῷ,</span> <span class='ocrx_word' id='word_1_388' title='bbox 1291 4607 1354 4659; x_wconf 83' lang='grc' dir='ltr'>οὐ</span> <span class='ocrx_word' id='word_1_389' title='bbox 1409 4608 1897 4678; x_wconf 84' lang='grc' dir='ltr'>καταγελάσονται,</span> <span class='ocrx_word' id='word_1_390' title='bbox 1944 4611 2081 4666; x_wconf 90' lang='grc' dir='ltr'>ἀλλά</span> 
     </span>
    </p>
   </div>
   <div class='ocr_carea' id='block_1_53' title="bbox 499 4689 2078 4766">
    <p class='ocr_par' dir='ltr' id='par_1_53' title="bbox 499 4689 2078 4766">
     <span class='ocr_line' id='line_1_53' title="bbox 499 4689 2078 4766; baseline 0.001 -21"><span class='ocrx_word' id='word_1_391' title='bbox 499 4689 702 4761; x_wconf 85' lang='grc' dir='ltr'>μᾶλλον</span> <span class='ocrx_word' id='word_1_392' title='bbox 721 4694 834 4754; x_wconf 85' lang='grc' dir='ltr'>τοῖς</span> <span class='ocrx_word' id='word_1_393' title='bbox 853 4690 1170 4761; x_wconf 86' lang='grc' dir='ltr'>λεγομένοις</span> <span class='ocrx_word' id='word_1_394' title='bbox 1191 4691 1539 4762; x_wconf 80' lang='grc' dir='ltr'>προσέξουσι.</span> <span class='ocrx_word' id='word_1_395' title='bbox 1554 4691 1620 4746; x_wconf 87' lang='grc' dir='ltr'>Τί</span> <span class='ocrx_word' id='word_1_396' title='bbox 1641 4689 1734 4747; x_wconf 79' lang='grc' dir='ltr'>οὖν</span> <span class='ocrx_word' id='word_1_397' title='bbox 1749 4696 1777 4748; x_wconf 85' lang='grc' dir='ltr'>ὁ</span> <span class='ocrx_word' id='word_1_398' title='bbox 1792 4694 2044 4766; x_wconf 83' lang='grc' dir='ltr'>Ἀϐραάμ</span> <span class='ocrx_word' id='word_1_399' title='bbox 2063 4712 2078 4762; x_wconf 90' lang='grc'>;</span> 
     </span>
    </p>
   </div>
   <div class='ocr_carea' id='block_1_54' title="bbox 496 4776 2080 4848">
    <p class='ocr_par' dir='ltr' id='par_1_54' title="bbox 496 4776 2080 4848">
     <span class='ocr_line' id='line_1_54' title="bbox 496 4776 2080 4848; baseline 0.001 -18"><span class='ocrx_word' id='word_1_400' title='bbox 496 4778 568 4830; x_wconf 82' lang='grc' dir='ltr'>Εἰ</span> <span class='ocrx_word' id='word_1_401' title='bbox 592 4776 890 4842; x_wconf 82' lang='grc' dir='ltr'>Μωῦσέως</span> <span class='ocrx_word' id='word_1_402' title='bbox 913 4776 1014 4831; x_wconf 78' lang='grc' dir='ltr'>καὶ</span> <span class='ocrx_word' id='word_1_403' title='bbox 1042 4776 1162 4832; x_wconf 86' lang='grc' dir='ltr'>τῶν</span> <span class='ocrx_word' id='word_1_404' title='bbox 1188 4776 1511 4848; x_wconf 75' lang='grc' dir='ltr'>προφητῶν</span> <span class='ocrx_word' id='word_1_405' title='bbox 1537 4781 1648 4833; x_wconf 81' lang='grc' dir='ltr'>οὐκ</span> <span class='ocrx_word' id='word_1_406' title='bbox 1679 4778 2016 4834; x_wconf 74' lang='grc' dir='ltr'>ἀκούουσιν</span> <span class='ocrx_word' id='word_1_407' title='bbox 2030 4792 2080 4844; x_wconf 73' lang='grc' dir='ltr'>ι,</span> 
     </span>
    </p>
   </div>
   <div class='ocr_carea' id='block_1_55' title="bbox 491 4857 2082 4931">
    <p class='ocr_par' dir='ltr' id='par_1_55' title="bbox 491 4857 2082 4931">
     <span class='ocr_line' id='line_1_55' title="bbox 491 4857 2082 4931; baseline 0.003 -20"><span class='ocrx_word' id='word_1_408' title='bbox 491 4858 640 4913; x_wconf 82' lang='grc' dir='ltr'>οὐδέ</span> <span class='ocrx_word' id='word_1_409' title='bbox 666 4857 818 4930; x_wconf 81' lang='lat'>[755]</span> <span class='ocrx_word' id='word_1_410' title='bbox 853 4858 965 4913; x_wconf 81' lang='grc' dir='ltr'>ἐάν</span> <span class='ocrx_word' id='word_1_411' title='bbox 996 4878 1087 4926; x_wconf 86' lang='grc' dir='ltr'>τις</span> <span class='ocrx_word' id='word_1_412' title='bbox 1125 4861 1196 4915; x_wconf 84' lang='grc' dir='ltr'>ἐκ</span> <span class='ocrx_word' id='word_1_413' title='bbox 1223 4861 1457 4931; x_wconf 80' lang='grc' dir='ltr'>νεκρῶν</span> <span class='ocrx_word' id='word_1_414' title='bbox 1487 4861 1745 4930; x_wconf 79' lang='grc' dir='ltr'>ἀναστῇ,</span> <span class='ocrx_word' id='word_1_415' title='bbox 1780 4864 2082 4917; x_wconf 79' lang='grc' dir='ltr'>ἀκούσον-</span> 
     </span>
    </p>
   </div>
   <div class='ocr_carea' id='block_1_56' title="bbox 493 4943 2082 5019">
    <p class='ocr_par' dir='ltr' id='par_1_56' title="bbox 493 4943 2082 5019">
     <span class='ocr_line' id='line_1_56' title="bbox 493 4943 2082 5019; baseline 0.004 -24"><span class='ocrx_word' id='word_1_416' title='bbox 493 4959 612 4996; x_wconf 78' lang='grc' dir='ltr'>ται.</span> <span class='ocrx_word' id='word_1_417' title='bbox 648 4943 758 4995; x_wconf 73' lang='grc' dir='ltr'>Καὶ</span> <span class='ocrx_word' id='word_1_418' title='bbox 793 4943 875 4996; x_wconf 77' lang='grc' dir='ltr'>ᾶτι</span> <span class='ocrx_word' id='word_1_419' title='bbox 905 4943 1066 4997; x_wconf 87' lang='grc' dir='ltr'>τοῦτό</span> <span class='ocrx_word' id='word_1_420' title='bbox 1098 4946 1244 4998; x_wconf 86' lang='grc' dir='ltr'>ἐστιν</span> <span class='ocrx_word' id='word_1_421' title='bbox 1285 4945 1507 5016; x_wconf 84' lang='grc' dir='ltr'>ἀληθὲς,</span> <span class='ocrx_word' id='word_1_422' title='bbox 1537 4946 1618 4999; x_wconf 85' lang='grc' dir='ltr'>ὅτι</span> <span class='ocrx_word' id='word_1_423' title='bbox 1655 4947 1683 4998; x_wconf 89' lang='grc' dir='ltr'>ὁ</span> <span class='ocrx_word' id='word_1_424' title='bbox 1711 4946 1818 4999; x_wconf 90' lang='grc' dir='ltr'>τῶν</span> <span class='ocrx_word' id='word_1_425' title='bbox 1852 4946 2082 5019; x_wconf 86' lang='grc' dir='ltr'>Γραφῶν</span> 
     </span>
    </p>
   </div>
   <div class='ocr_carea' id='block_1_57' title="bbox 491 5025 2080 5100">
    <p class='ocr_par' dir='ltr' id='par_1_57' title="bbox 491 5025 2080 5100">
     <span class='ocr_line' id='line_1_57' title="bbox 491 5025 2080 5100; baseline 0.003 -23"><span class='ocrx_word' id='word_1_426' title='bbox 491 5026 598 5079; x_wconf 77' lang='grc' dir='ltr'>οὐκ</span> <span class='ocrx_word' id='word_1_427' title='bbox 641 5025 857 5080; x_wconf 91' lang='grc' dir='ltr'>ἀκούων</span> <span class='ocrx_word' id='word_1_428' title='bbox 902 5028 1023 5081; x_wconf 84' lang='grc' dir='ltr'>ούδέ</span> <span class='ocrx_word' id='word_1_429' title='bbox 1073 5029 1286 5100; x_wconf 88' lang='grc' dir='ltr'>νεκρῶν</span> <span class='ocrx_word' id='word_1_430' title='bbox 1335 5029 1710 5100; x_wconf 85' lang='grc' dir='ltr'>ἀνισταμένων</span> <span class='ocrx_word' id='word_1_431' title='bbox 1762 5030 2080 5094; x_wconf 89' lang='grc' dir='ltr'>ἀκούσεται,</span> 
     </span>
    </p>
   </div>
   <div class='ocr_carea' id='block_1_58' title="bbox 498 5107 2084 5184">
    <p class='ocr_par' dir='ltr' id='par_1_58' title="bbox 498 5107 2084 5184">
     <span class='ocr_line' id='line_1_58' title="bbox 498 5107 2084 5184; baseline 0.004 -23"><span class='ocrx_word' id='word_1_432' title='bbox 498 5107 710 5174; x_wconf 77' lang='grc' dir='ltr'>ἔδειξαν</span> <span class='ocrx_word' id='word_1_433' title='bbox 755 5113 803 5164; x_wconf 88' lang='grc' dir='ltr'>οἰ</span> <span class='ocrx_word' id='word_1_434' title='bbox 848 5112 1110 5177; x_wconf 86' lang='grc' dir='ltr'>Ἰουδαῖοι,</span> <span class='ocrx_word' id='word_1_435' title='bbox 1140 5114 1190 5166; x_wconf 79' lang='grc' dir='ltr'>οἳ</span> <span class='ocrx_word' id='word_1_436' title='bbox 1221 5113 1410 5184; x_wconf 79' lang='grc' dir='ltr'>ἐπειδὴ</span> <span class='ocrx_word' id='word_1_437' title='bbox 1447 5112 1724 5178; x_wconf 83' lang='grc' dir='ltr'>Μωῦσέως</span> <span class='ocrx_word' id='word_1_438' title='bbox 1772 5115 1872 5168; x_wconf 68' lang='grc' dir='ltr'>οὐκ</span> <span class='ocrx_word' id='word_1_439' title='bbox 1919 5115 2084 5184; x_wconf 76' lang='grc' dir='ltr'>ἥκου-</span> 
     </span>
    </p>
   </div>
   <div class='ocr_carea' id='block_1_59' title="bbox 499 5194 2084 5268">
    <p class='ocr_par' dir='ltr' id='par_1_59' title="bbox 499 5194 2084 5268">
     <span class='ocr_line' id='line_1_59' title="bbox 499 5194 2084 5268; baseline 0.004 -23"><span class='ocrx_word' id='word_1_440' title='bbox 499 5207 602 5246; x_wconf 85' lang='grc' dir='ltr'>σαν</span> <span class='ocrx_word' id='word_1_441' title='bbox 650 5194 746 5248; x_wconf 72' lang='grc' dir='ltr'>καὶ</span> <span class='ocrx_word' id='word_1_442' title='bbox 798 5195 908 5250; x_wconf 89' lang='grc' dir='ltr'>τῶν</span> <span class='ocrx_word' id='word_1_443' title='bbox 956 5198 1274 5268; x_wconf 77' lang='grc' dir='ltr'>προφητῶν,</span> <span class='ocrx_word' id='word_1_444' title='bbox 1311 5198 1430 5250; x_wconf 82' lang='grc' dir='ltr'>ούδέ</span> <span class='ocrx_word' id='word_1_445' title='bbox 1478 5199 1704 5267; x_wconf 70' lang='grc' dir='ltr'>νεκροὺς</span> <span class='ocrx_word' id='word_1_446' title='bbox 1743 5198 2084 5261; x_wconf 80' lang='grc' dir='ltr'>ἀναστάντας</span> 
     </span>
    </p>
   </div>
   <div class='ocr_carea' id='block_1_60' title="bbox 502 5276 2086 5353">
    <p class='ocr_par' dir='ltr' id='par_1_60' title="bbox 502 5276 2086 5353">
     <span class='ocr_line' id='line_1_60' title="bbox 502 5276 2086 5353; baseline 0.005 -24"><span class='ocrx_word' id='word_1_447' title='bbox 502 5276 705 5338; x_wconf 66' lang='grc' dir='ltr'>ἰδόντες</span> <span class='ocrx_word' id='word_1_448' title='bbox 731 5279 1060 5334; x_wconf 88' lang='grc' dir='ltr'>ἐπίστευσαν</span> <span class='ocrx_word' id='word_1_449' title='bbox 1081 5298 1095 5311; x_wconf 90' lang='grc'><strong>·</strong></span> <span class='ocrx_word' id='word_1_450' title='bbox 1129 5280 1265 5335; x_wconf 88' lang='grc' dir='ltr'>ἀλλά</span> <span class='ocrx_word' id='word_1_451' title='bbox 1293 5282 1388 5335; x_wconf 85' lang='grc' dir='ltr'>νῦν</span> <span class='ocrx_word' id='word_1_452' title='bbox 1422 5281 1521 5350; x_wconf 83' lang='grc' dir='ltr'>μὲν</span> <span class='ocrx_word' id='word_1_453' title='bbox 1554 5283 1840 5353; x_wconf 73' lang='grc' dir='ltr'>ἀναιρεῖνι)</span> <span class='ocrx_word' id='word_1_454' title='bbox 1868 5283 1960 5336; x_wconf 85' lang='grc' dir='ltr'>τὸν</span> <span class='ocrx_word' id='word_1_455' title='bbox 1982 5284 2086 5337; x_wconf 88' lang='grc' dir='ltr'>Λά-</span> 
     </span>
    </p>
   </div>
   <div class='ocr_carea' id='block_1_61' title="bbox 500 5358 2083 5438">
    <p class='ocr_par' dir='ltr' id='par_1_61' title="bbox 500 5358 2083 5438">
     <span class='ocr_line' id='line_1_61' title="bbox 500 5358 2083 5438; baseline 0.004 -24"><span class='ocrx_word' id='word_1_456' title='bbox 500 5358 670 5431; x_wconf 73' lang='grc' dir='ltr'>ζαρον</span> <span class='ocrx_word' id='word_1_457' title='bbox 699 5363 1038 5435; x_wconf 86' lang='grc' dir='ltr'>ἐπεχείρουν,</span> <span class='ocrx_word' id='word_1_458' title='bbox 1065 5363 1160 5417; x_wconf 87' lang='grc' dir='ltr'>νῦν</span> <span class='ocrx_word' id='word_1_459' title='bbox 1189 5363 1245 5417; x_wconf 85' lang='grc' dir='ltr'>δὲ</span> <span class='ocrx_word' id='word_1_460' title='bbox 1276 5367 1387 5428; x_wconf 83' lang='grc' dir='ltr'>τοῖς</span> <span class='ocrx_word' id='word_1_461' title='bbox 1417 5365 1737 5429; x_wconf 89' lang='grc' dir='ltr'>ἀποστόλοις</span> <span class='ocrx_word' id='word_1_462' title='bbox 1771 5365 2083 5438; x_wconf 85' lang='grc' dir='ltr'>ἐπεπήδων,</span> 
     </span>
    </p>
   </div>
   <div class='ocr_carea' id='block_1_62' title="bbox 502 5444 2084 5523">
    <p class='ocr_par' dir='ltr' id='par_1_62' title="bbox 502 5444 2084 5523">
     <span class='ocr_line' id='line_1_62' title="bbox 502 5444 2084 5523; baseline 0.004 -24"><span class='ocrx_word' id='word_1_463' title='bbox 502 5444 684 5499; x_wconf 83' lang='grc' dir='ltr'>καίτοι</span> <span class='ocrx_word' id='word_1_464' title='bbox 711 5447 921 5501; x_wconf 86' lang='grc' dir='ltr'>πολλῶν</span> <span class='ocrx_word' id='word_1_465' title='bbox 949 5449 1298 5504; x_wconf 84' lang='grc' dir='ltr'>ἀναστάντων</span> <span class='ocrx_word' id='word_1_466' title='bbox 1327 5449 1539 5521; x_wconf 87' lang='grc' dir='ltr'>νεκρῶν</span> <span class='ocrx_word' id='word_1_467' title='bbox 1570 5452 1627 5504; x_wconf 87' lang='grc' dir='ltr'>ἐν</span> <span class='ocrx_word' id='word_1_468' title='bbox 1655 5449 1735 5522; x_wconf 81' lang='grc' dir='ltr'>τῷ</span> <span class='ocrx_word' id='word_1_469' title='bbox 1777 5449 1954 5523; x_wconf 81' lang='grc' dir='ltr'>καιρῷ</span> <span class='ocrx_word' id='word_1_470' title='bbox 1991 5452 2084 5506; x_wconf 87' lang='grc' dir='ltr'>τοῦ</span> 
     </span>
    </p>
   </div>
   <div class='ocr_carea' id='block_1_63' title="bbox 504 5541 764 5599">
    <p class='ocr_par' dir='ltr' id='par_1_63' title="bbox 504 5541 764 5599">
     <span class='ocr_line' id='line_1_63' title="bbox 504 5541 764 5599; baseline 0 -17"><span class='ocrx_word' id='word_1_471' title='bbox 504 5541 764 5599; x_wconf 80' lang='grc' dir='ltr'>σταύρου.</span> 
     </span>
    </p>
   </div>
   <div class='ocr_carea' id='block_1_64' title="bbox 566 5701 1071 5762">
    <p class='ocr_par' dir='ltr' id='par_1_64' title="bbox 566 5701 1071 5762">
     <span class='ocr_line' id='line_1_64' title="bbox 566 5701 1071 5762; baseline 0.008 -11"><span class='ocrx_word' id='word_1_472' title='bbox 566 5701 598 5734; x_wconf 75' lang='grc'>³</span> <span class='ocrx_word' id='word_1_473' title='bbox 619 5702 717 5752; x_wconf 75' lang='lat' dir='ltr'><strong>Alii</strong></span> <span class='ocrx_word' id='word_1_474' title='bbox 738 5703 826 5751; x_wconf 77' lang='grc' dir='ltr'>οὐκ</span> <span class='ocrx_word' id='word_1_475' title='bbox 843 5704 1071 5762; x_wconf 78' lang='grc' dir='ltr'>ἤκουσαν.</span> 
     </span>
    </p>
   </div>
   <div class='ocr_carea' id='block_1_65' title="bbox 566 5763 935 5816">
    <p class='ocr_par' dir='ltr' id='par_1_65' title="bbox 566 5763 935 5816">
     <span class='ocr_line' id='line_1_65' title="bbox 566 5763 935 5816; baseline -0.008 0"><span class='ocrx_word' id='word_1_476' title='bbox 566 5763 600 5806; x_wconf 75' lang='grc' dir='ltr'>δ</span> <span class='ocrx_word' id='word_1_477' title='bbox 615 5763 716 5816; x_wconf 74' lang='lat' dir='ltr'>Alii</span> <span class='ocrx_word' id='word_1_478' title='bbox 738 5765 935 5816; x_wconf 85' lang='grc' dir='ltr'>ἀνελεῖν.</span> 
     </span>
    </p>
   </div>
   <div class='ocr_carea' id='block_1_66' title="bbox 1174 259 3735 345">
    <p class='ocr_par' dir='ltr' id='par_1_66' title="bbox 1174 259 3735 345">
     <span class='ocr_line' id='line_1_66' title="bbox 1174 259 3735 345; baseline 0.001 -9"><span class='ocrx_word' id='word_1_479' title='bbox 1174 284 1228 336; x_wconf 89' lang='lat' dir='ltr'>S.</span> <span class='ocrx_word' id='word_1_480' title='bbox 1269 259 1555 338; x_wconf 71' lang='lat' dir='ltr'>JOANNIS</span> <span class='ocrx_word' id='word_1_481' title='bbox 1588 279 2086 338; x_wconf 76' lang='lat' dir='ltr'>CHRYSOSTOMI</span> <span class='ocrx_word' id='word_1_482' title='bbox 2129 283 2450 340; x_wconf 81' lang='lat' dir='ltr'>ARCHIEP.</span> <span class='ocrx_word' id='word_1_483' title='bbox 2492 285 3040 345; x_wconf 73' lang='lat' dir='ltr'>CONSTANTINOP.</span> <span class='ocrx_word' id='word_1_484' title='bbox 3655 283 3735 339; x_wconf 66' lang='grc' dir='ltr'>ιιι</span> 
     </span>
    </p>
   </div>
   <div class='ocr_carea' id='block_1_67' title="bbox 2239 399 3734 479">
    <p class='ocr_par' dir='ltr' id='par_1_67' title="bbox 2239 399 3734 479">
     <span class='ocr_line' id='line_1_67' title="bbox 2239 399 3734 479; baseline -0.011 -16"><span class='ocrx_word' id='word_1_485' title='bbox 2239 404 2437 474; x_wconf 87' lang='grc' dir='ltr'>γ’.’Ίνα</span> <span class='ocrx_word' id='word_1_486' title='bbox 2465 406 2522 461; x_wconf 83' lang='grc' dir='ltr'>δὲ</span> <span class='ocrx_word' id='word_1_487' title='bbox 2550 409 2646 461; x_wconf 67' lang='grc' dir='ltr'>καί⁸</span> <span class='ocrx_word' id='word_1_488' title='bbox 2670 407 2938 478; x_wconf 81' lang='grc' dir='ltr'>ἑτέρωθεν</span> <span class='ocrx_word' id='word_1_489' title='bbox 2956 405 3154 479; x_wconf 74' lang='grc' dir='ltr'>μάθῃς,</span> <span class='ocrx_word' id='word_1_490' title='bbox 3171 405 3257 458; x_wconf 78' lang='grc' dir='ltr'>ὅτι</span> <span class='ocrx_word' id='word_1_491' title='bbox 3289 399 3734 467; x_wconf 67' lang='grc' dir='ltr'>ἀξιοπιστοτέριξ</span> 
     </span>
    </p>
   </div>
   <div class='ocr_carea' id='block_1_68' title="bbox 2167 483 3737 562">
    <p class='ocr_par' dir='ltr' id='par_1_68' title="bbox 2167 483 3737 562">
     <span class='ocr_line' id='line_1_68' title="bbox 2167 483 3737 562; baseline -0.005 -20"><span class='ocrx_word' id='word_1_492' title='bbox 2167 489 2278 542; x_wconf 89' lang='grc' dir='ltr'>τῶν</span> <span class='ocrx_word' id='word_1_493' title='bbox 2310 491 2606 562; x_wconf 88' lang='grc' dir='ltr'>προφητῶν</span> <span class='ocrx_word' id='word_1_494' title='bbox 2640 490 2954 544; x_wconf 88' lang='grc' dir='ltr'>διδασκαλία</span> <span class='ocrx_word' id='word_1_495' title='bbox 2985 491 3085 560; x_wconf 77' lang='grc' dir='ltr'>τῆς</span> <span class='ocrx_word' id='word_1_496' title='bbox 3107 491 3218 543; x_wconf 88' lang='grc' dir='ltr'>τῶν</span> <span class='ocrx_word' id='word_1_497' title='bbox 3245 483 3654 553; x_wconf 62' lang='grc' dir='ltr'>ἀνισταμένων</span> <span class='ocrx_word' id='word_1_498' title='bbox 3679 486 3737 534; x_wconf 68' lang='grc' dir='ltr'>ἑτι</span> 
     </span>
    </p>
   </div>
   <div class='ocr_carea' id='block_1_69' title="bbox 2169 567 3736 645">
    <p class='ocr_par' dir='ltr' id='par_1_69' title="bbox 2169 567 3736 645">
     <span class='ocr_line' id='line_1_69' title="bbox 2169 567 3736 645; baseline -0.007 -18"><span class='ocrx_word' id='word_1_499' title='bbox 2169 572 2455 641; x_wconf 87' lang='grc' dir='ltr'>αγγελίας,</span> <span class='ocrx_word' id='word_1_500' title='bbox 2483 575 2658 627; x_wconf 87' lang='grc' dir='ltr'>ἐκεῖνο</span> <span class='ocrx_word' id='word_1_501' title='bbox 2684 575 2980 645; x_wconf 82' lang='grc' dir='ltr'>σκόπησον,</span> <span class='ocrx_word' id='word_1_502' title='bbox 3008 573 3093 627; x_wconf 81' lang='grc' dir='ltr'>ὃτι</span> <span class='ocrx_word' id='word_1_503' title='bbox 3120 571 3326 640; x_wconf 87' lang='grc' dir='ltr'>νεκρὸς</span> <span class='ocrx_word' id='word_1_504' title='bbox 3366 569 3488 639; x_wconf 78' lang='grc' dir='ltr'>μὲν</span> <span class='ocrx_word' id='word_1_505' title='bbox 3517 567 3655 626; x_wconf 68' lang='grc' dir='ltr'>ἅπας</span> <span class='ocrx_word' id='word_1_506' title='bbox 3670 567 3736 616; x_wconf 57' lang='grc' dir='ltr'>αλ.</span> 
     </span>
    </p>
   </div>
   <div class='ocr_carea' id='block_1_70' title="bbox 2167 649 3737 730">
    <p class='ocr_par' dir='ltr' id='par_1_70' title="bbox 2167 649 3737 730">
     <span class='ocr_line' id='line_1_70' title="bbox 2167 649 3737 730; baseline -0.01 -17"><span class='ocrx_word' id='word_1_507' title='bbox 2167 657 2258 721; x_wconf 89' lang='grc' dir='ltr'>λός</span> <span class='ocrx_word' id='word_1_508' title='bbox 2291 659 2440 711; x_wconf 83' lang='grc' dir='ltr'>ἐστιν</span> <span class='ocrx_word' id='word_1_509' title='bbox 2461 677 2473 688; x_wconf 77' lang='grc' dir='ltr'>ο</span> <span class='ocrx_word' id='word_1_510' title='bbox 2517 657 2554 712; x_wconf 80' lang='grc' dir='ltr'>ἃ</span> <span class='ocrx_word' id='word_1_511' title='bbox 2598 659 2656 712; x_wconf 83' lang='grc' dir='ltr'>δὲ</span> <span class='ocrx_word' id='word_1_512' title='bbox 2691 660 2750 712; x_wconf 82' lang='grc' dir='ltr'>αἱ</span> <span class='ocrx_word' id='word_1_513' title='bbox 2779 659 2818 711; x_wconf 90' lang='grc' dir='ltr'><strong>Γ</strong></span> <span class='ocrx_word' id='word_1_514' title='bbox 2824 659 2998 730; x_wconf 75' lang='grc' dir='ltr'>ραφαὶ</span> <span class='ocrx_word' id='word_1_515' title='bbox 3026 657 3399 728; x_wconf 87' lang='grc' dir='ltr'>φθέγγονται,</span> <span class='ocrx_word' id='word_1_516' title='bbox 3434 649 3621 704; x_wconf 77' lang='grc' dir='ltr'>ταῦτα</span> <span class='ocrx_word' id='word_1_517' title='bbox 3645 653 3666 700; x_wconf 69' lang='grc' dir='ltr'><strong>ζ</strong></span> <span class='ocrx_word' id='word_1_518' title='bbox 3688 655 3737 700; x_wconf 76' lang='grc' dir='ltr'>Δε-</span> 
     </span>
    </p>
   </div>
   <div class='ocr_carea' id='block_1_71' title="bbox 2168 697 3753 812">
    <p class='ocr_par' dir='ltr' id='par_1_71' title="bbox 2168 697 3753 812">
     <span class='ocr_line' id='line_1_71' title="bbox 2168 697 3753 812; baseline -0.005 -18"><span class='ocrx_word' id='word_1_519' title='bbox 2168 697 2759 811; x_wconf 60' lang='grc' dir='ltr'>ἓὲάξτῖξέφθέγξῖἑτῖ-</span> <span class='ocrx_word' id='word_1_520' title='bbox 2779 697 3346 812; x_wconf 57' lang='grc' dir='ltr'>⁵ιτῗσῗιζῗςέῗξρέξὲαζ</span> <span class='ocrx_word' id='word_1_521' title='bbox 3379 697 3642 803; x_wconf 51' lang='grc' dir='ltr'>’ἀναστῇ</span> <span class='ocrx_word' id='word_1_522' title='bbox 3679 697 3753 786; x_wconf 55' lang='grc' dir='ltr'>ψ</span> 
     </span>
    </p>
   </div>
   <div class='ocr_carea' id='block_1_72' title="bbox 2167 819 3734 898">
    <p class='ocr_par' dir='ltr' id='par_1_72' title="bbox 2167 819 3734 898">
     <span class='ocr_line' id='line_1_72' title="bbox 2167 819 3734 898; baseline -0.008 -18"><span class='ocrx_word' id='word_1_523' title='bbox 2167 825 2398 895; x_wconf 78' lang='grc' dir='ltr'>ἄγγελος</span> <span class='ocrx_word' id='word_1_524' title='bbox 2420 823 2480 891; x_wconf 83' lang='grc' dir='ltr'>ἐξ</span> <span class='ocrx_word' id='word_1_525' title='bbox 2500 825 2732 898; x_wconf 83' lang='grc' dir='ltr'>ούρανοῦ</span> <span class='ocrx_word' id='word_1_526' title='bbox 2760 825 2995 898; x_wconf 78' lang='grc' dir='ltr'>καταϐῇ,</span> <span class='ocrx_word' id='word_1_527' title='bbox 3019 825 3245 880; x_wconf 87' lang='grc' dir='ltr'>πάντων</span> <span class='ocrx_word' id='word_1_528' title='bbox 3271 823 3552 876; x_wconf 78' lang='grc' dir='ltr'>ἔστωσαν</span> <span class='ocrx_word' id='word_1_529' title='bbox 3578 819 3631 869; x_wconf 81' lang='grc' dir='ltr'>αἱ</span> 
     </span>
    </p>
   </div>
   <div class='ocr_carea' id='block_1_73' title="bbox 2169 900 3728 981">
    <p class='ocr_par' dir='ltr' id='par_1_73' title="bbox 2169 900 3728 981">
     <span class='ocr_line' id='line_1_73' title="bbox 2169 900 3728 981; baseline -0.006 -21"><span class='ocrx_word' id='word_1_530' title='bbox 2169 909 2269 978; x_wconf 78' lang='grc' dir='ltr'>φαὶ</span> <span class='ocrx_word' id='word_1_531' title='bbox 2301 908 2837 981; x_wconf 77' lang='grc' dir='ltr'>ἀξιοπιστότεραι.⁹0</span> <span class='ocrx_word' id='word_1_532' title='bbox 2879 909 2990 981; x_wconf 80' lang='grc' dir='ltr'>γὰρ</span> <span class='ocrx_word' id='word_1_533' title='bbox 3037 910 3146 962; x_wconf 89' lang='grc' dir='ltr'>τῶν</span> <span class='ocrx_word' id='word_1_534' title='bbox 3183 905 3469 974; x_wconf 82' lang='grc' dir='ltr'>ἀγγέλων</span> <span class='ocrx_word' id='word_1_535' title='bbox 3497 900 3728 966; x_wconf 56' lang='lat' dir='ltr'>demit;</span> 
     </span>
    </p>
   </div>
   <div class='ocr_carea' id='block_1_74' title="bbox 2169 985 3734 1063">
    <p class='ocr_par' dir='ltr' id='par_1_74' title="bbox 2169 985 3734 1063">
     <span class='ocr_line' id='line_1_74' title="bbox 2169 985 3734 1063; baseline -0.006 -19"><span class='ocrx_word' id='word_1_536' title='bbox 2169 992 2266 1046; x_wconf 78' lang='grc' dir='ltr'>καὶ</span> <span class='ocrx_word' id='word_1_537' title='bbox 2293 992 2400 1045; x_wconf 91' lang='grc' dir='ltr'>τῶν</span> <span class='ocrx_word' id='word_1_538' title='bbox 2426 992 2637 1063; x_wconf 88' lang='grc' dir='ltr'>νεκρῶν</span> <span class='ocrx_word' id='word_1_539' title='bbox 2669 995 2761 1046; x_wconf 68' lang='grc' dir='ltr'>καλ⁸</span> <span class='ocrx_word' id='word_1_540' title='bbox 2788 993 2898 1046; x_wconf 89' lang='grc' dir='ltr'>τῶν</span> <span class='ocrx_word' id='word_1_541' title='bbox 2927 991 3148 1058; x_wconf 82' lang='grc' dir='ltr'>ζώντων</span> <span class='ocrx_word' id='word_1_542' title='bbox 3169 991 3423 1061; x_wconf 78' lang='grc' dir='ltr'>Κύριος,</span> <span class='ocrx_word' id='word_1_543' title='bbox 3455 985 3623 1046; x_wconf 70' lang='grc' dir='ltr'>αὐτὸς</span> <span class='ocrx_word' id='word_1_544' title='bbox 3650 987 3734 1035; x_wconf 68' lang='grc' dir='ltr'>ὲκε-</span> 
     </span>
    </p>
   </div>
   <div class='ocr_carea' id='block_1_75' title="bbox 2167 1066 3736 1148">
    <p class='ocr_par' dir='ltr' id='par_1_75' title="bbox 2167 1066 3736 1148">
     <span class='ocr_line' id='line_1_75' title="bbox 2167 1066 3736 1148; baseline -0.008 -18"><span class='ocrx_word' id='word_1_545' title='bbox 2167 1095 2270 1140; x_wconf 89' lang='grc' dir='ltr'>νας</span> <span class='ocrx_word' id='word_1_546' title='bbox 2304 1077 2688 1147; x_wconf 86' lang='grc' dir='ltr'>ἐνομοθέτησε.</span> <span class='ocrx_word' id='word_1_547' title='bbox 2728 1078 2838 1132; x_wconf 75' lang='grc' dir='ltr'>Καὶ</span> <span class='ocrx_word' id='word_1_548' title='bbox 2881 1078 2964 1131; x_wconf 85' lang='grc' dir='ltr'>ὅτι</span> <span class='ocrx_word' id='word_1_549' title='bbox 2999 1076 3235 1148; x_wconf 87' lang='grc' dir='ltr'>περιττά</span> <span class='ocrx_word' id='word_1_550' title='bbox 3270 1070 3562 1143; x_wconf 78' lang='grc' dir='ltr'>ζητοῦσιν</span> <span class='ocrx_word' id='word_1_551' title='bbox 3602 1071 3644 1119; x_wconf 72' lang='grc' dir='ltr'>οἱ</span> <span class='ocrx_word' id='word_1_552' title='bbox 3681 1066 3736 1133; x_wconf 57' lang='grc' dir='ltr'>ξς.</span> 
     </span>
    </p>
   </div>
   <div class='ocr_carea' id='block_1_76' title="bbox 2167 1155 3734 1233">
    <p class='ocr_par' dir='ltr' id='par_1_76' title="bbox 2167 1155 3734 1233">
     <span class='ocr_line' id='line_1_76' title="bbox 2167 1155 3734 1233; baseline -0.004 -19"><span class='ocrx_word' id='word_1_553' title='bbox 2167 1162 2391 1224; x_wconf 86' lang='grc' dir='ltr'>τοῦντες</span> <span class='ocrx_word' id='word_1_554' title='bbox 2419 1165 2649 1233; x_wconf 82' lang='grc' dir='ltr'>νεκροὺς</span> <span class='ocrx_word' id='word_1_555' title='bbox 2675 1162 2884 1215; x_wconf 79' lang='grc' dir='ltr'>ἐκεῖθεν</span> <span class='ocrx_word' id='word_1_556' title='bbox 2914 1161 3111 1223; x_wconf 81' lang='grc' dir='ltr'>ἐλθεῖν,</span> <span class='ocrx_word' id='word_1_557' title='bbox 3144 1159 3292 1229; x_wconf 75' lang='grc' dir='ltr'>πρὸς</span> <span class='ocrx_word' id='word_1_558' title='bbox 3315 1159 3450 1216; x_wconf 86' lang='grc' dir='ltr'>τοῖς</span> <span class='ocrx_word' id='word_1_559' title='bbox 3485 1155 3734 1221; x_wconf 51' lang='grc' dir='ltr'>εἰρημένη</span> 
     </span>
    </p>
   </div>
   <div class='ocr_carea' id='block_1_77' title="bbox 2170 1235 3736 1317">
    <p class='ocr_par' dir='ltr' id='par_1_77' title="bbox 2170 1235 3736 1317">
     <span class='ocr_line' id='line_1_77' title="bbox 2170 1235 3736 1317; baseline -0.003 -18"><span class='ocrx_word' id='word_1_560' title='bbox 2170 1246 2265 1299; x_wconf 74' lang='grc' dir='ltr'>καὶ</span> <span class='ocrx_word' id='word_1_561' title='bbox 2282 1245 2391 1299; x_wconf 88' lang='grc' dir='ltr'>ἀπὸ</span> <span class='ocrx_word' id='word_1_562' title='bbox 2412 1245 2521 1298; x_wconf 89' lang='grc' dir='ltr'>τῶν</span> <span class='ocrx_word' id='word_1_563' title='bbox 2547 1246 2831 1317; x_wconf 87' lang='grc' dir='ltr'>παρόντων</span> <span class='ocrx_word' id='word_1_564' title='bbox 2851 1246 2974 1299; x_wconf 65' lang='grc' dir='ltr'>’ἐστι</span> <span class='ocrx_word' id='word_1_565' title='bbox 2995 1245 3169 1311; x_wconf 83' lang='grc' dir='ltr'>δεῖξαι</span> <span class='ocrx_word' id='word_1_566' title='bbox 3191 1239 3598 1307; x_wconf 72' lang='grc' dir='ltr'>δικαστηρίων</span> <span class='ocrx_word' id='word_1_567' title='bbox 3615 1235 3736 1286; x_wconf 56' lang='lat'>19311</span> 
     </span>
    </p>
   </div>
   <div class='ocr_carea' id='block_1_78' title="bbox 2182 1319 3735 1398">
    <p class='ocr_par' dir='ltr' id='par_1_78' title="bbox 2182 1319 3735 1398">
     <span class='ocr_line' id='line_1_78' title="bbox 2182 1319 3735 1398; baseline 0.001 -15"><span class='ocrx_word' id='word_1_568' title='bbox 2182 1330 2248 1383; x_wconf 88' lang='grc' dir='ltr'><strong>Ἦ</strong></span> <span class='ocrx_word' id='word_1_569' title='bbox 2290 1330 2485 1398; x_wconf 86' lang='grc' dir='ltr'>γέεννα</span> <span class='ocrx_word' id='word_1_570' title='bbox 2517 1330 2580 1382; x_wconf 84' lang='grc' dir='ltr'>οὐ</span> <span class='ocrx_word' id='word_1_571' title='bbox 2611 1329 2864 1398; x_wconf 88' lang='grc' dir='ltr'>φαίνεται</span> <span class='ocrx_word' id='word_1_572' title='bbox 2905 1330 3021 1392; x_wconf 83' lang='grc' dir='ltr'>τοῖς</span> <span class='ocrx_word' id='word_1_573' title='bbox 3050 1327 3320 1385; x_wconf 85' lang='grc' dir='ltr'>ἀπίστοις</span> <span class='ocrx_word' id='word_1_574' title='bbox 3341 1338 3356 1351; x_wconf 85' lang='lat'><strong><em>°</em></strong></span> <span class='ocrx_word' id='word_1_575' title='bbox 3395 1323 3527 1383; x_wconf 59' lang='lat' dir='ltr'>107v;</span> <span class='ocrx_word' id='word_1_576' title='bbox 3557 1319 3654 1386; x_wconf 65' lang='grc' dir='ltr'>γὰρ</span> <span class='ocrx_word' id='word_1_577' title='bbox 3682 1336 3735 1368; x_wconf 67' lang='grc' dir='ltr'>ἐλ-</span> 
     </span>
    </p>
   </div>
   <div class='ocr_carea' id='block_1_79' title="bbox 2172 1405 3736 1485">
    <p class='ocr_par' dir='ltr' id='par_1_79' title="bbox 2172 1405 3736 1485">
     <span class='ocr_line' id='line_1_79' title="bbox 2172 1405 3736 1485; baseline -0.019 -5"><span class='ocrx_word' id='word_1_578' title='bbox 2172 1415 2320 1477; x_wconf 83' lang='grc' dir='ltr'>στοῖς</span> <span class='ocrx_word' id='word_1_579' title='bbox 2352 1415 2467 1466; x_wconf 86' lang='grc' dir='ltr'>ἐστι</span> <span class='ocrx_word' id='word_1_580' title='bbox 2501 1413 2639 1485; x_wconf 85' lang='grc' dir='ltr'>δήλη</span> <span class='ocrx_word' id='word_1_581' title='bbox 2668 1413 2764 1467; x_wconf 70' lang='grc' dir='ltr'>καὶ</span> <span class='ocrx_word' id='word_1_582' title='bbox 2792 1431 2926 1481; x_wconf 88' lang='grc' dir='ltr'>φανε</span> <span class='ocrx_word' id='word_1_583' title='bbox 2938 1412 3025 1484; x_wconf 83' lang='grc' dir='ltr'>ρά,</span> <span class='ocrx_word' id='word_1_584' title='bbox 3052 1411 3170 1465; x_wconf 85' lang='grc' dir='ltr'>ἀλλ’</span> <span class='ocrx_word' id='word_1_585' title='bbox 3197 1411 3365 1480; x_wconf 81' lang='grc' dir='ltr'>ὅμως</span> <span class='ocrx_word' id='word_1_586' title='bbox 3387 1409 3519 1467; x_wconf 76' lang='grc' dir='ltr'>τοῖς</span> <span class='ocrx_word' id='word_1_587' title='bbox 3543 1405 3736 1457; x_wconf 55' lang='grc' dir='ltr'>ἀπίστει</span> 
     </span>
    </p>
   </div>
   <div class='ocr_carea' id='block_1_80' title="bbox 2169 1488 3732 1567">
    <p class='ocr_par' dir='ltr' id='par_1_80' title="bbox 2169 1488 3732 1567">
     <span class='ocr_line' id='line_1_80' title="bbox 2169 1488 3732 1567; baseline -0.006 -17"><span class='ocrx_word' id='word_1_588' title='bbox 2169 1498 2232 1550; x_wconf 85' lang='grc' dir='ltr'>ού</span> <span class='ocrx_word' id='word_1_589' title='bbox 2272 1495 2553 1566; x_wconf 85' lang='grc' dir='ltr'>φαίνεται·</span> <span class='ocrx_word' id='word_1_590' title='bbox 2589 1496 2676 1550; x_wconf 89' lang='grc' dir='ltr'>.τά</span> <span class='ocrx_word' id='word_1_591' title='bbox 2725 1497 2911 1567; x_wconf 87' lang='grc' dir='ltr'>μέντοι</span> <span class='ocrx_word' id='word_1_592' title='bbox 2958 1495 3300 1565; x_wconf 85' lang='grc' dir='ltr'>δικαστήρια</span> <span class='ocrx_word' id='word_1_593' title='bbox 3355 1488 3640 1558; x_wconf 75' lang='grc' dir='ltr'>φαίνεται.</span> <span class='ocrx_word' id='word_1_594' title='bbox 3681 1503 3732 1536; x_wconf 72' lang='lat' dir='ltr'>x2:</span> 
     </span>
    </p>
   </div>
   <div class='ocr_carea' id='block_1_81' title="bbox 2169 1571 3733 1652">
    <p class='ocr_par' dir='ltr' id='par_1_81' title="bbox 2169 1571 3733 1652">
     <span class='ocr_line' id='line_1_81' title="bbox 2169 1571 3733 1652; baseline -0.009 -17"><span class='ocrx_word' id='word_1_595' title='bbox 2169 1580 2294 1635; x_wconf 86' lang='grc' dir='ltr'>καθ’</span> <span class='ocrx_word' id='word_1_596' title='bbox 2321 1580 2558 1651; x_wconf 82' lang='grc' dir='ltr'>ἑκάστην</span> <span class='ocrx_word' id='word_1_597' title='bbox 2583 1581 2797 1652; x_wconf 82' lang='grc' dir='ltr'>ἡμέραν</span> <span class='ocrx_word' id='word_1_598' title='bbox 2817 1578 3112 1650; x_wconf 86' lang='grc' dir='ltr'>ἀκούομεν,</span> <span class='ocrx_word' id='word_1_599' title='bbox 3134 1579 3217 1631; x_wconf 82' lang='grc' dir='ltr'>ὅτι</span> <span class='ocrx_word' id='word_1_600' title='bbox 3244 1579 3278 1630; x_wconf 83' lang='grc' dir='ltr'>ὁ</span> <span class='ocrx_word' id='word_1_601' title='bbox 3305 1576 3478 1629; x_wconf 78' lang='grc' dir='ltr'>δεῖνα</span> <span class='ocrx_word' id='word_1_602' title='bbox 3503 1571 3733 1635; x_wconf 56' lang='grc' dir='ltr'>ἐκολάσθη.</span> 
     </span>
    </p>
   </div>
   <div class='ocr_carea' id='block_1_82' title="bbox 2169 1655 3732 1736">
    <p class='ocr_par' dir='ltr' id='par_1_82' title="bbox 2169 1655 3732 1736">
     <span class='ocr_line' id='line_1_82' title="bbox 2169 1655 3732 1736; baseline -0.009 -19"><span class='ocrx_word' id='word_1_603' title='bbox 2169 1664 2266 1718; x_wconf 90' lang='grc' dir='ltr'>τοῦ</span> <span class='ocrx_word' id='word_1_604' title='bbox 2293 1664 2463 1728; x_wconf 87' lang='grc' dir='ltr'>δεῖνος</span> <span class='ocrx_word' id='word_1_605' title='bbox 2485 1666 2519 1734; x_wconf 83' lang='grc' dir='ltr'><strong>ἠ</strong></span> <span class='ocrx_word' id='word_1_606' title='bbox 2548 1663 2704 1717; x_wconf 78' lang='grc' dir='ltr'>οὐσία</span> <span class='ocrx_word' id='word_1_607' title='bbox 2746 1663 3042 1736; x_wconf 80' lang='grc' dir='ltr'>ἐδημεύθη,</span> <span class='ocrx_word' id='word_1_608' title='bbox 3075 1664 3268 1732; x_wconf 72' lang='grc' dir='ltr'>ἕτερος</span> <span class='ocrx_word' id='word_1_609' title='bbox 3303 1659 3383 1713; x_wconf 73' lang='grc' dir='ltr'>τὰ</span> <span class='ocrx_word' id='word_1_610' title='bbox 3432 1655 3732 1727; x_wconf 70' lang='grc' dir='ltr'>μέταλλα</span> 
     </span>
    </p>
   </div>
   <div class='ocr_carea' id='block_1_83' title="bbox 2170 1740 3732 1819">
    <p class='ocr_par' dir='ltr' id='par_1_83' title="bbox 2170 1740 3732 1819">
     <span class='ocr_line' id='line_1_83' title="bbox 2170 1740 3732 1819; baseline -0.01 -16"><span class='ocrx_word' id='word_1_611' title='bbox 2170 1749 2420 1816; x_wconf 78' lang='grc' dir='ltr'>γάζεται,</span> <span class='ocrx_word' id='word_1_612' title='bbox 2457 1746 2618 1811; x_wconf 81' lang='grc' dir='ltr'>ἄλλος</span> <span class='ocrx_word' id='word_1_613' title='bbox 2667 1748 2916 1818; x_wconf 87' lang='grc' dir='ltr'>κατεκάη</span> <span class='ocrx_word' id='word_1_614' title='bbox 2953 1748 3108 1819; x_wconf 70' lang='grc' dir='ltr'>πυρὶ,</span> <span class='ocrx_word' id='word_1_615' title='bbox 3150 1745 3325 1805; x_wconf 76' lang='grc' dir='ltr'>ἄλλος</span> <span class='ocrx_word' id='word_1_616' title='bbox 3379 1741 3569 1812; x_wconf 74' lang='grc' dir='ltr'>ἑτέρῳ</span> <span class='ocrx_word' id='word_1_617' title='bbox 3608 1740 3732 1808; x_wconf 67' lang='grc' dir='ltr'>τρόπιν</span> 
     </span>
    </p>
   </div>
   <div class='ocr_carea' id='block_1_84' title="bbox 2172 1821 3731 1902">
    <p class='ocr_par' dir='ltr' id='par_1_84' title="bbox 2172 1821 3731 1902">
     <span class='ocr_line' id='line_1_84' title="bbox 2172 1821 3731 1902; baseline -0.009 -18"><span class='ocrx_word' id='word_1_618' title='bbox 2172 1830 2449 1894; x_wconf 88' lang='grc' dir='ltr'>κολάσεως</span> <span class='ocrx_word' id='word_1_619' title='bbox 2487 1830 2582 1883; x_wconf 61' lang='grc' dir='ltr'>καλ¹</span> <span class='ocrx_word' id='word_1_620' title='bbox 2629 1830 2904 1902; x_wconf 90' lang='grc' dir='ltr'>τιμωρίας</span> <span class='ocrx_word' id='word_1_621' title='bbox 2947 1828 3220 1882; x_wconf 83' lang='grc' dir='ltr'>ἀπώλετο.</span> <span class='ocrx_word' id='word_1_622' title='bbox 3238 1826 3399 1880; x_wconf 83' lang='grc' dir='ltr'>Ἀλλ’</span> <span class='ocrx_word' id='word_1_623' title='bbox 3437 1825 3594 1894; x_wconf 77' lang='grc' dir='ltr'>ὅμως</span> <span class='ocrx_word' id='word_1_624' title='bbox 3618 1821 3731 1873; x_wconf 69' lang='grc' dir='ltr'>ταὲτι</span> 
     </span>
    </p>
   </div>
   <div class='ocr_carea' id='block_1_85' title="bbox 2172 1901 3728 1985">
    <p class='ocr_par' dir='ltr' id='par_1_85' title="bbox 2172 1901 3728 1985">
     <span class='ocr_line' id='line_1_85' title="bbox 2172 1901 3728 1985; baseline -0.019 -2"><span class='ocrx_word' id='word_1_625' title='bbox 2172 1913 2466 1977; x_wconf 78' lang='grc' dir='ltr'>ἀκούοντες</span> <span class='ocrx_word' id='word_1_626' title='bbox 2509 1915 2557 1967; x_wconf 77' lang='grc' dir='ltr'>οἱ</span> <span class='ocrx_word' id='word_1_627' title='bbox 2606 1901 2837 1985; x_wconf 73' lang='grc' dir='ltr'>πονηροὶ</span> <span class='ocrx_word' id='word_1_628' title='bbox 2878 1915 2971 1967; x_wconf 77' lang='grc' dir='ltr'>καὶ</span> <span class='ocrx_word' id='word_1_629' title='bbox 3002 1901 3315 1981; x_wconf 78' lang='grc' dir='ltr'>κακοῦργοι</span> <span class='ocrx_word' id='word_1_630' title='bbox 3346 1909 3456 1962; x_wconf 71' lang='grc' dir='ltr'>καὶ</span> <span class='ocrx_word' id='word_1_631' title='bbox 3499 1907 3672 1974; x_wconf 75' lang='grc' dir='ltr'>γόητες</span> <span class='ocrx_word' id='word_1_632' title='bbox 3696 1907 3728 1954; x_wconf 62' lang='grc' dir='ltr'>ε</span> 
     </span>
    </p>
   </div>
   <div class='ocr_carea' id='block_1_86' title="bbox 2176 1988 3729 2070">
    <p class='ocr_par' dir='ltr' id='par_1_86' title="bbox 2176 1988 3729 2070">
     <span class='ocr_line' id='line_1_86' title="bbox 2176 1988 3729 2070; baseline -0.011 -15"><span class='ocrx_word' id='word_1_633' title='bbox 2176 1998 2623 2070; x_wconf 76' lang='grc' dir='ltr'>σωφρονίζονται.</span> <span class='ocrx_word' id='word_1_634' title='bbox 2656 1999 2767 2050; x_wconf 72' lang='grc' dir='ltr'>Καὶ</span> <span class='ocrx_word' id='word_1_635' title='bbox 2795 1997 2850 2050; x_wconf 91' lang='grc' dir='ltr'>τί</span> <span class='ocrx_word' id='word_1_636' title='bbox 2875 1997 3041 2065; x_wconf 86' lang='grc' dir='ltr'>λέγω,</span> <span class='ocrx_word' id='word_1_637' title='bbox 3073 1997 3123 2049; x_wconf 90' lang='grc' dir='ltr'>εἰ</span> <span class='ocrx_word' id='word_1_638' title='bbox 3160 1997 3215 2048; x_wconf 88' lang='grc' dir='ltr'>οἰ</span> <span class='ocrx_word' id='word_1_639' title='bbox 3249 1994 3553 2065; x_wconf 82' lang='grc' dir='ltr'>μηδέποτε</span> <span class='ocrx_word' id='word_1_640' title='bbox 3580 1988 3729 2040; x_wconf 65' lang='grc' dir='ltr'>τοὺτςῖξ</span> 
     </span>
    </p>
   </div>
   <div class='ocr_carea' id='block_1_87' title="bbox 2175 2073 3728 2154">
    <p class='ocr_par' dir='ltr' id='par_1_87' title="bbox 2175 2073 3728 2154">
     <span class='ocr_line' id='line_1_87' title="bbox 2175 2073 3728 2154; baseline -0.007 -19"><span class='ocrx_word' id='word_1_641' title='bbox 2175 2082 2563 2154; x_wconf 87' lang='grc' dir='ltr'>περιπεσόντες</span> <span class='ocrx_word' id='word_1_642' title='bbox 2624 2082 2686 2135; x_wconf 84' lang='grc' dir='ltr'>οὐ</span> <span class='ocrx_word' id='word_1_643' title='bbox 2744 2081 3218 2153; x_wconf 77' lang='grc' dir='ltr'>σωφρονίζονται;</span> <span class='ocrx_word' id='word_1_644' title='bbox 3267 2077 3562 2136; x_wconf 72' lang='grc' dir='ltr'>πολλάκις</span> <span class='ocrx_word' id='word_1_645' title='bbox 3606 2073 3728 2124; x_wconf 54' lang='grc' dir='ltr'>πώλα</span> 
     </span>
    </p>
   </div>
   <div class='ocr_carea' id='block_1_88' title="bbox 2173 2156 3727 2235">
    <p class='ocr_par' dir='ltr' id='par_1_88' title="bbox 2173 2156 3727 2235">
     <span class='ocr_line' id='line_1_88' title="bbox 2173 2156 3727 2235; baseline -0.011 -14"><span class='ocrx_word' id='word_1_646' title='bbox 2173 2168 2384 2221; x_wconf 89' lang='grc' dir='ltr'>τούτων</span> <span class='ocrx_word' id='word_1_647' title='bbox 2412 2166 2634 2230; x_wconf 81' lang='grc' dir='ltr'>ἁλόντες</span> <span class='ocrx_word' id='word_1_648' title='bbox 2667 2166 2762 2220; x_wconf 73' lang='grc' dir='ltr'>καὶ</span> <span class='ocrx_word' id='word_1_649' title='bbox 2787 2163 3150 2235; x_wconf 87' lang='grc' dir='ltr'>διαφυγόντες</span> <span class='ocrx_word' id='word_1_650' title='bbox 3174 2163 3280 2233; x_wconf 84' lang='grc' dir='ltr'>τὴν</span> <span class='ocrx_word' id='word_1_651' title='bbox 3314 2161 3583 2220; x_wconf 77' lang='grc' dir='ltr'>κόλασιν,</span> <span class='ocrx_word' id='word_1_652' title='bbox 3607 2156 3681 2206; x_wconf 68' lang='lat'>21&#39;:</span> <span class='ocrx_word' id='word_1_653' title='bbox 3697 2172 3727 2203; x_wconf 79' lang='grc' dir='ltr'>τ.</span> 
     </span>
    </p>
   </div>
   <div class='ocr_carea' id='block_1_89' title="bbox 2174 2239 3722 2324">
    <p class='ocr_par' dir='ltr' id='par_1_89' title="bbox 2174 2239 3722 2324">
     <span class='ocr_line' id='line_1_89' title="bbox 2174 2239 3722 2324; baseline -0.011 -18"><span class='ocrx_word' id='word_1_654' title='bbox 2174 2251 2550 2324; x_wconf 82' lang='grc' dir='ltr'>δεσμωτήριον</span> <span class='ocrx_word' id='word_1_655' title='bbox 2593 2249 2942 2322; x_wconf 80' lang='grc' dir='ltr'>διορύξαντες</span> <span class='ocrx_word' id='word_1_656' title='bbox 2967 2248 3061 2301; x_wconf 69' lang='grc' dir='ltr'>καὶ</span> <span class='ocrx_word' id='word_1_657' title='bbox 3089 2244 3598 2316; x_wconf 81' lang='grc' dir='ltr'>ἀποπηδήσαντες,</span> 
     </span>
    </p>
   </div>
   <div class='ocr_carea' id='block_1_90' title="bbox 2175 2323 3725 2402">
    <p class='ocr_par' dir='ltr' id='par_1_90' title="bbox 2175 2323 3725 2402">
     <span class='ocr_line' id='line_1_90' title="bbox 2175 2323 3725 2402; baseline -0.013 -13"><span class='ocrx_word' id='word_1_658' title='bbox 2175 2338 2288 2400; x_wconf 83' lang='grc' dir='ltr'>τοῖς</span> <span class='ocrx_word' id='word_1_659' title='bbox 2316 2323 2503 2400; x_wconf 79' lang='grc' dir='ltr'>αὐτοῖς</span> <span class='ocrx_word' id='word_1_660' title='bbox 2530 2334 2809 2399; x_wconf 86' lang='grc' dir='ltr'>ἐπέθεντο,</span> <span class='ocrx_word' id='word_1_661' title='bbox 2838 2334 2936 2389; x_wconf 73' lang='grc' dir='ltr'>καὶ</span> <span class='ocrx_word' id='word_1_662' title='bbox 2962 2329 3143 2402; x_wconf 83' lang='grc' dir='ltr'>πολλῷ</span> <span class='ocrx_word' id='word_1_663' title='bbox 3166 2327 3560 2401; x_wconf 75' lang='grc' dir='ltr'>χαλεπιίιτερα</span> 
     </span>
    </p>
   </div>
   <div class='ocr_carea' id='block_1_91' title="bbox 2175 2421 3669 2498">
    <p class='ocr_par' dir='ltr' id='par_1_91' title="bbox 2175 2421 3669 2498">
     <span class='ocr_line' id='line_1_91' title="bbox 2175 2421 3669 2498; baseline 0 -26"><span class='ocrx_word' id='word_1_664' title='bbox 2175 2421 2524 2492; x_wconf 84' lang='grc' dir='ltr'>εἰργάσαντο.</span> <span class='ocrx_word' id='word_1_665' title='bbox 3459 2492 3473 2498; x_wconf 78' lang='lat'>_</span> <span class='ocrx_word' id='word_1_666' title='bbox 3651 2488 3669 2498; x_wconf 46' lang='lat'><strong>-</strong></span> 
     </span>
    </p>
   </div>
   <div class='ocr_carea' id='block_1_92' title="bbox 2247 2492 3724 2575">
    <p class='ocr_par' dir='ltr' id='par_1_92' title="bbox 2247 2492 3724 2575">
     <span class='ocr_line' id='line_1_92' title="bbox 2247 2492 3724 2575; baseline -0.012 -17"><span class='ocrx_word' id='word_1_667' title='bbox 2247 2504 2338 2575; x_wconf 77' lang='grc' dir='ltr'>Μὴ</span> <span class='ocrx_word' id='word_1_668' title='bbox 2365 2505 2544 2558; x_wconf 83' lang='grc' dir='ltr'>τοίνυν</span> <span class='ocrx_word' id='word_1_669' title='bbox 2579 2501 2836 2574; x_wconf 76' lang='grc' dir='ltr'>ζητῶμεν</span> <span class='ocrx_word' id='word_1_670' title='bbox 2867 2498 3021 2572; x_wconf 84' lang='grc' dir='ltr'>παρὰ</span> <span class='ocrx_word' id='word_1_671' title='bbox 3050 2495 3264 2570; x_wconf 82' lang='grc' dir='ltr'>νεκρῶν</span> <span class='ocrx_word' id='word_1_672' title='bbox 3323 2492 3566 2549; x_wconf 83' lang='grc' dir='ltr'>ἀκούειν</span> <span class='ocrx_word' id='word_1_673' title='bbox 3593 2492 3724 2548; x_wconf 59' lang='grc' dir='ltr'>ταῦτα,</span> 
     </span>
    </p>
   </div>
   <div class='ocr_carea' id='block_1_93' title="bbox 2175 2575 3728 2659">
    <p class='ocr_par' dir='ltr' id='par_1_93' title="bbox 2175 2575 3728 2659">
     <span class='ocr_line' id='line_1_93' title="bbox 2175 2575 3728 2659; baseline -0.008 -18"><span class='ocrx_word' id='word_1_674' title='bbox 2175 2587 2212 2641; x_wconf 81' lang='grc' dir='ltr'>ὃ.</span> <span class='ocrx_word' id='word_1_675' title='bbox 2243 2587 2424 2659; x_wconf 83' lang='grc' dir='ltr'>πολλῷ</span> <span class='ocrx_word' id='word_1_676' title='bbox 2467 2590 2800 2658; x_wconf 85' lang='grc' dir='ltr'>σαφέστερον</span> <span class='ocrx_word' id='word_1_677' title='bbox 2829 2587 2888 2640; x_wconf 78' lang='grc' dir='ltr'>αἱ</span> <span class='ocrx_word' id='word_1_678' title='bbox 2919 2582 3139 2656; x_wconf 74' lang='grc' dir='ltr'>Γραφαὶ</span> <span class='ocrx_word' id='word_1_679' title='bbox 3176 2579 3310 2634; x_wconf 70' lang='grc' dir='ltr'>καθ’</span> <span class='ocrx_word' id='word_1_680' title='bbox 3341 2575 3728 2659; x_wconf 75' lang='grc' dir='ltr'>ἑκάστην</span> 
     </span>
    </p>
   </div>
   <div class='ocr_carea' id='block_1_94' title="bbox 2178 2658 3725 2743">
    <p class='ocr_par' dir='ltr' id='par_1_94' title="bbox 2178 2658 3725 2743">
     <span class='ocr_line' id='line_1_94' title="bbox 2178 2658 3725 2743; baseline -0.01 -19"><span class='ocrx_word' id='word_1_681' title='bbox 2178 2658 2494 2725; x_wconf 85' lang='grc' dir='ltr'>παιδεύουσι</span> <span class='ocrx_word' id='word_1_682' title='bbox 2516 2673 2617 2742; x_wconf 80' lang='grc' dir='ltr'>τὴν</span> <span class='ocrx_word' id='word_1_683' title='bbox 2646 2671 2882 2743; x_wconf 86' lang='grc' dir='ltr'>ἡμέραν.</span> <span class='ocrx_word' id='word_1_684' title='bbox 2906 2668 2969 2722; x_wconf 84' lang='grc' dir='ltr'>Εἰ</span> <span class='ocrx_word' id='word_1_685' title='bbox 2995 2667 3106 2739; x_wconf 76' lang='grc' dir='ltr'>γὰρ</span> <span class='ocrx_word' id='word_1_686' title='bbox 3133 2665 3254 2737; x_wconf 81' lang='grc' dir='ltr'>ᾕδει</span> <span class='ocrx_word' id='word_1_687' title='bbox 3280 2662 3465 2716; x_wconf 81' lang='grc' dir='ltr'>τοῦτο</span> <span class='ocrx_word' id='word_1_688' title='bbox 3492 2662 3522 2712; x_wconf 81' lang='grc' dir='ltr'>ό</span> <span class='ocrx_word' id='word_1_689' title='bbox 3541 2658 3725 2719; x_wconf 52' lang='grc' dir='ltr'>θεὸςμὲτ</span> 
     </span>
    </p>
   </div>
   <div class='ocr_carea' id='block_1_95' title="bbox 2177 2743 3726 2827">
    <p class='ocr_par' dir='ltr' id='par_1_95' title="bbox 2177 2743 3726 2827">
     <span class='ocr_line' id='line_1_95' title="bbox 2177 2743 3726 2827; baseline -0.011 -19"><span class='ocrx_word' id='word_1_690' title='bbox 2177 2755 2363 2826; x_wconf 78' lang='grc' dir='ltr'>νεκροὶ</span> <span class='ocrx_word' id='word_1_691' title='bbox 2407 2751 2759 2827; x_wconf 76' lang='grc' dir='ltr'>ἀνιστάμενοι</span> <span class='ocrx_word' id='word_1_692' title='bbox 2809 2755 2938 2818; x_wconf 80' lang='grc' dir='ltr'>τοὺς</span> <span class='ocrx_word' id='word_1_693' title='bbox 2971 2751 3182 2816; x_wconf 83' lang='grc' dir='ltr'>ζῶντας</span> <span class='ocrx_word' id='word_1_694' title='bbox 3217 2747 3538 2818; x_wconf 77' lang='grc' dir='ltr'>ὠφέλησαν</span> <span class='ocrx_word' id='word_1_695' title='bbox 3565 2743 3642 2827; x_wconf 74' lang='grc' dir='ltr'>ἂν,</span> 
     </span>
    </p>
   </div>
   <div class='ocr_carea' id='block_1_96' title="bbox 2176 2825 3725 2910">
    <p class='ocr_par' dir='ltr' id='par_1_96' title="bbox 2176 2825 3725 2910">
     <span class='ocr_line' id='line_1_96' title="bbox 2176 2825 3725 2910; baseline -0.013 -15"><span class='ocrx_word' id='word_1_696' title='bbox 2176 2837 2243 2892; x_wconf 81' lang='grc' dir='ltr'>ἂν</span> <span class='ocrx_word' id='word_1_697' title='bbox 2286 2825 2619 2910; x_wconf 80' lang='grc' dir='ltr'>παρέλιπεν,</span> <span class='ocrx_word' id='word_1_698' title='bbox 2660 2837 2769 2892; x_wconf 83' lang='grc' dir='ltr'>οὐδ’</span> <span class='ocrx_word' id='word_1_699' title='bbox 2800 2837 2867 2891; x_wconf 83' lang='grc' dir='ltr'>ἂν</span> <span class='ocrx_word' id='word_1_700' title='bbox 2913 2835 3134 2907; x_wconf 81' lang='grc' dir='ltr'>παρῆκε</span> <span class='ocrx_word' id='word_1_701' title='bbox 3186 2831 3469 2886; x_wconf 87' lang='grc' dir='ltr'>τοσοῦτον</span> <span class='ocrx_word' id='word_1_702' title='bbox 3519 2825 3725 2895; x_wconf 69' lang='grc' dir='ltr'>κέρδοςί</span> 
     </span>
    </p>
   </div>
   <div class='ocr_carea' id='block_1_97' title="bbox 2180 2911 3724 2995">
    <p class='ocr_par' dir='ltr' id='par_1_97' title="bbox 2180 2911 3724 2995">
     <span class='ocr_line' id='line_1_97' title="bbox 2180 2911 3724 2995; baseline -0.01 -19"><span class='ocrx_word' id='word_1_703' title='bbox 2180 2926 2357 2978; x_wconf 86' lang='grc' dir='ltr'>πάντα</span> <span class='ocrx_word' id='word_1_704' title='bbox 2409 2926 2545 2994; x_wconf 81' lang='grc' dir='ltr'>ἡμῖν</span> <span class='ocrx_word' id='word_1_705' title='bbox 2588 2923 2726 2995; x_wconf 88' lang='grc' dir='ltr'>πρὸς</span> <span class='ocrx_word' id='word_1_706' title='bbox 2772 2921 2834 2974; x_wconf 88' lang='grc' dir='ltr'>τὸ</span> <span class='ocrx_word' id='word_1_707' title='bbox 2887 2919 3168 2992; x_wconf 85' lang='grc' dir='ltr'>συμφέρον</span> <span class='ocrx_word' id='word_1_708' title='bbox 3218 2911 3724 2995; x_wconf 62' lang='grc' dir='ltr'>πραγματευόμετοςε</span> 
     </span>
    </p>
   </div>
   <div class='ocr_carea' id='block_1_98' title="bbox 2178 2994 3728 3085">
    <p class='ocr_par' dir='ltr' id='par_1_98' title="bbox 2178 2994 3728 3085">
     <span class='ocr_line' id='line_1_98' title="bbox 2178 2994 3728 3085; baseline -0.015 -21"><span class='ocrx_word' id='word_1_709' title='bbox 2178 3009 2362 3082; x_wconf 74' lang='grc' dir='ltr'>Χωρὶς</span> <span class='ocrx_word' id='word_1_710' title='bbox 2388 3008 2447 3062; x_wconf 83' lang='grc' dir='ltr'>δέ</span> <span class='ocrx_word' id='word_1_711' title='bbox 2472 2994 2701 3071; x_wconf 89' lang='grc' dir='ltr'>τούτων,</span> <span class='ocrx_word' id='word_1_712' title='bbox 2731 3007 2782 3059; x_wconf 81' lang='grc' dir='ltr'>εί</span> <span class='ocrx_word' id='word_1_713' title='bbox 2809 3005 3052 3076; x_wconf 90' lang='grc' dir='ltr'>συνεχῶς</span> <span class='ocrx_word' id='word_1_714' title='bbox 3080 3001 3311 3073; x_wconf 72' lang='grc' dir='ltr'>ἔμελλον</span> <span class='ocrx_word' id='word_1_715' title='bbox 3338 2994 3658 3085; x_wconf 70' lang='grc' dir='ltr'>ἀνίστασθαι</span> <span class='ocrx_word' id='word_1_716' title='bbox 3671 3007 3728 3085; x_wconf 37' lang='grc' dir='ltr'>Γε-</span> 
     </span>
    </p>
   </div>
   <div class='ocr_carea' id='block_1_99' title="bbox 2177 3081 3726 3163">
    <p class='ocr_par' dir='ltr' id='par_1_99' title="bbox 2177 3081 3726 3163">
     <span class='ocr_line' id='line_1_99' title="bbox 2177 3081 3726 3163; baseline -0.015 -12"><span class='ocrx_word' id='word_1_717' title='bbox 2177 3081 2323 3163; x_wconf 64' lang='grc' dir='ltr'>κροὶ,</span> <span class='ocrx_word' id='word_1_718' title='bbox 2349 3094 2445 3146; x_wconf 77' lang='grc' dir='ltr'>καὶ</span> <span class='ocrx_word' id='word_1_719' title='bbox 2472 3092 2542 3146; x_wconf 87' lang='grc' dir='ltr'>τά</span> <span class='ocrx_word' id='word_1_720' title='bbox 2562 3092 2682 3144; x_wconf 82' lang='grc' dir='ltr'>ἐκεῖ</span> <span class='ocrx_word' id='word_1_721' title='bbox 2703 3089 2882 3144; x_wconf 86' lang='grc' dir='ltr'>πάντα</span> <span class='ocrx_word' id='word_1_722' title='bbox 2911 3085 3286 3157; x_wconf 85' lang='grc' dir='ltr'>ἀπαγγέλλειν</span> <span class='ocrx_word' id='word_1_723' title='bbox 3319 3086 3360 3153; x_wconf 69' lang='grc' dir='ltr'><strong>ἡ</strong></span> <span class='ocrx_word' id='word_1_724' title='bbox 3373 3086 3497 3153; x_wconf 81' lang='grc' dir='ltr'>μῖν,</span> <span class='ocrx_word' id='word_1_725' title='bbox 3518 3081 3606 3132; x_wconf 78' lang='grc' dir='ltr'>καὶ</span> <span class='ocrx_word' id='word_1_726' title='bbox 3621 3081 3726 3163; x_wconf 62' lang='grc' dir='ltr'>τοῦτ</span> 
     </span>
    </p>
   </div>
   <div class='ocr_carea' id='block_1_100' title="bbox 2177 3161 3725 3249">
    <p class='ocr_par' dir='ltr' id='par_1_100' title="bbox 2177 3161 3725 3249">
     <span class='ocr_line' id='line_1_100' title="bbox 2177 3161 3725 3249; baseline -0.015 -16"><span class='ocrx_word' id='word_1_727' title='bbox 2177 3161 2244 3232; x_wconf 77' lang='grc' dir='ltr'>ἂν</span> <span class='ocrx_word' id='word_1_728' title='bbox 2286 3176 2364 3248; x_wconf 85' lang='grc' dir='ltr'>τῷ</span> <span class='ocrx_word' id='word_1_729' title='bbox 2392 3175 2572 3249; x_wconf 84' lang='grc' dir='ltr'>χρόνῳ</span> <span class='ocrx_word' id='word_1_730' title='bbox 2601 3172 2982 3246; x_wconf 86' lang='grc' dir='ltr'>κατεφρονήθη</span> <span class='ocrx_word' id='word_1_731' title='bbox 3016 3171 3215 3225; x_wconf 76' lang='grc' dir='ltr'>πάλινο</span> <span class='ocrx_word' id='word_1_732' title='bbox 3263 3167 3422 3238; x_wconf 78' lang='grc' dir='ltr'>πρὸς</span> <span class='ocrx_word' id='word_1_733' title='bbox 3576 3161 3725 3217; x_wconf 46' lang='grc' dir='ltr'>τούτῳ</span> 
     </span>
    </p>
   </div>
   <div class='ocr_carea' id='block_1_101' title="bbox 2179 3247 3725 3336">
    <p class='ocr_par' dir='ltr' id='par_1_101' title="bbox 2179 3247 3725 3336">
     <span class='ocr_line' id='line_1_101' title="bbox 2179 3247 3725 3336; baseline -0.012 -21"><span class='ocrx_word' id='word_1_734' title='bbox 2179 3261 2274 3314; x_wconf 74' lang='grc' dir='ltr'>καὶ</span> <span class='ocrx_word' id='word_1_735' title='bbox 2325 3247 2537 3332; x_wconf 86' lang='grc' dir='ltr'>πονηρά</span> <span class='ocrx_word' id='word_1_736' title='bbox 2585 3259 2651 3312; x_wconf 84' lang='grc' dir='ltr'>ἂν</span> <span class='ocrx_word' id='word_1_737' title='bbox 2699 3257 2962 3328; x_wconf 87' lang='grc' dir='ltr'>εἰσήγαγε</span> <span class='ocrx_word' id='word_1_738' title='bbox 2999 3254 3253 3336; x_wconf 80' lang='grc' dir='ltr'>δόγματα</span> <span class='ocrx_word' id='word_1_739' title='bbox 3267 3253 3318 3336; x_wconf 70' lang='grc' dir='ltr'>ό</span> <span class='ocrx_word' id='word_1_740' title='bbox 3345 3247 3601 3336; x_wconf 58' lang='grc' dir='ltr'>διάϐολω</span> 
     </span>
    </p>
   </div>
   <div class='ocr_carea' id='block_1_102' title="bbox 2179 3332 3724 3415">
    <p class='ocr_par' dir='ltr' id='par_1_102' title="bbox 2179 3332 3724 3415">
     <span class='ocr_line' id='line_1_102' title="bbox 2179 3332 3724 3415; baseline -0.013 -17"><span class='ocrx_word' id='word_1_741' title='bbox 2179 3345 2382 3415; x_wconf 83' lang='grc' dir='ltr'>πολλῆς</span> <span class='ocrx_word' id='word_1_742' title='bbox 2413 3344 2516 3413; x_wconf 84' lang='grc' dir='ltr'>τῆς</span> <span class='ocrx_word' id='word_1_743' title='bbox 2539 3341 2812 3404; x_wconf 82' lang='grc' dir='ltr'>εὐκολίας.</span> <span class='ocrx_word' id='word_1_744' title='bbox 2841 3338 3052 3393; x_wconf 84' lang='grc' dir='ltr'>Εῐδωλα</span> <span class='ocrx_word' id='word_1_745' title='bbox 3079 3337 3189 3409; x_wconf 83' lang='grc' dir='ltr'>γὰρ</span> <span class='ocrx_word' id='word_1_746' title='bbox 3221 3333 3478 3404; x_wconf 78' lang='grc' dir='ltr'>ἠδύνατο</span> <span class='ocrx_word' id='word_1_747' title='bbox 3515 3332 3724 3415; x_wconf 41' lang='grc' dir='ltr'>δεικνύει</span> 
     </span>
    </p>
   </div>
   <div class='ocr_carea' id='block_1_103' title="bbox 2179 3410 3722 3497">
    <p class='ocr_par' dir='ltr' id='par_1_103' title="bbox 2179 3410 3722 3497">
     <span class='ocr_line' id='line_1_103' title="bbox 2179 3410 3722 3497; baseline -0.013 -16"><span class='ocrx_word' id='word_1_748' title='bbox 2179 3410 2526 3497; x_wconf 44' lang='grc' dir='ltr'>πολλάκιςξῆ</span> <span class='ocrx_word' id='word_1_749' title='bbox 2567 3425 2663 3479; x_wconf 71' lang='grc' dir='ltr'>καὶ</span> <span class='ocrx_word' id='word_1_750' title='bbox 2707 3422 3150 3494; x_wconf 83' lang='grc' dir='ltr'>παρασκευάζων</span> <span class='ocrx_word' id='word_1_751' title='bbox 3183 3418 3347 3481; x_wconf 87' lang='grc' dir='ltr'>τινάς</span> <span class='ocrx_word' id='word_1_752' title='bbox 3381 3410 3722 3497; x_wconf 58' lang='grc' dir='ltr'>ὑποκρίναώιμ</span> 
     </span>
    </p>
   </div>
   <div class='ocr_carea' id='block_1_104' title="bbox 2179 3495 3722 3588">
    <p class='ocr_par' dir='ltr' id='par_1_104' title="bbox 2179 3495 3722 3588">
     <span class='ocr_line' id='line_1_104' title="bbox 2179 3495 3722 3588; baseline -0.015 -19"><span class='ocrx_word' id='word_1_753' title='bbox 2179 3513 2408 3568; x_wconf 87' lang='grc' dir='ltr'>θάνατον</span> <span class='ocrx_word' id='word_1_754' title='bbox 2439 3495 2536 3566; x_wconf 60' lang='grc' dir='ltr'>καλ⁸</span> <span class='ocrx_word' id='word_1_755' title='bbox 2563 3507 3018 3583; x_wconf 85' lang='grc' dir='ltr'>κατορύττεσθαι,</span> <span class='ocrx_word' id='word_1_756' title='bbox 3049 3503 3325 3558; x_wconf 87' lang='grc' dir='ltr'>δεικνύναι</span> <span class='ocrx_word' id='word_1_757' title='bbox 3374 3500 3554 3588; x_wconf 68' lang='grc' dir='ltr'>πάλιν</span> 
     </span>
    </p>
   </div>
   <div class='ocr_carea' id='block_1_105' title="bbox 2180 3581 3722 3669">
    <p class='ocr_par' dir='ltr' id='par_1_105' title="bbox 2180 3581 3722 3669">
     <span class='ocr_line' id='line_1_105' title="bbox 2180 3581 3722 3669; baseline -0.014 -16"><span class='ocrx_word' id='word_1_758' title='bbox 2180 3597 2392 3669; x_wconf 88' lang='grc' dir='ltr'>νεκρῶν</span> <span class='ocrx_word' id='word_1_759' title='bbox 2435 3581 2802 3657; x_wconf 78' lang='grc' dir='ltr'>ἀναστάντας,</span> <span class='ocrx_word' id='word_1_760' title='bbox 2846 3591 2943 3646; x_wconf 81' lang='grc' dir='ltr'>καὶ</span> <span class='ocrx_word' id='word_1_761' title='bbox 2989 3589 3058 3644; x_wconf 87' lang='grc' dir='ltr'>δι’</span> <span class='ocrx_word' id='word_1_762' title='bbox 3085 3588 3315 3642; x_wconf 84' lang='grc' dir='ltr'>ἐκείνων</span> <span class='ocrx_word' id='word_1_763' title='bbox 3377 3587 3490 3639; x_wconf 85' lang='grc' dir='ltr'>ὅσα</span> 
     </span>
    </p>
   </div>
   <div class='ocr_carea' id='block_1_106' title="bbox 2182 3664 3722 3742">
    <p class='ocr_par' dir='ltr' id='par_1_106' title="bbox 2182 3664 3722 3742">
     <span class='ocr_line' id='line_1_106' title="bbox 2182 3664 3722 3742; baseline -0.015 -7"><span class='ocrx_word' id='word_1_764' title='bbox 2182 3664 2534 3735; x_wconf 72' lang='grc' dir='ltr'>πιστεύεσθαι</span> <span class='ocrx_word' id='word_1_765' title='bbox 2560 3681 2681 3741; x_wconf 87' lang='grc' dir='ltr'>ταῖς</span> <span class='ocrx_word' id='word_1_766' title='bbox 2709 3675 2820 3729; x_wconf 89' lang='grc' dir='ltr'>τῶν</span> <span class='ocrx_word' id='word_1_767' title='bbox 2848 3672 3231 3742; x_wconf 86' lang='grc' dir='ltr'>ἀπατωμένων</span> <span class='ocrx_word' id='word_1_768' title='bbox 3257 3668 3562 3729; x_wconf 79' lang='grc' dir='ltr'>διανοίαις.</span> <span class='ocrx_word' id='word_1_769' title='bbox 3587 3664 3638 3715; x_wconf 75' lang='grc' dir='ltr'>ΕΞ</span> <span class='ocrx_word' id='word_1_770' title='bbox 3657 3675 3722 3726; x_wconf 61' lang='grc' dir='ltr'>τερ</span> 
     </span>
    </p>
   </div>
   <div class='ocr_carea' id='block_1_107' title="bbox 2180 3752 3723 3828">
    <p class='ocr_par' dir='ltr' id='par_1_107' title="bbox 2180 3752 3723 3828">
     <span class='ocr_line' id='line_1_107' title="bbox 2180 3752 3723 3828; baseline -0.021 -2"><span class='ocrx_word' id='word_1_771' title='bbox 2180 3766 2297 3828; x_wconf 83' lang='grc' dir='ltr'>νῦν,</span> <span class='ocrx_word' id='word_1_772' title='bbox 2327 3764 2539 3827; x_wconf 80' lang='grc' dir='ltr'>οὐδενὸς</span> <span class='ocrx_word' id='word_1_773' title='bbox 2561 3763 2716 3825; x_wconf 78' lang='grc' dir='ltr'>ὄντος</span> <span class='ocrx_word' id='word_1_774' title='bbox 2748 3758 3016 3823; x_wconf 88' lang='grc' dir='ltr'>τοιούτου,</span> <span class='ocrx_word' id='word_1_775' title='bbox 3041 3757 3245 3828; x_wconf 76' lang='grc' dir='ltr'>ὄνειροι</span> <span class='ocrx_word' id='word_1_776' title='bbox 3277 3752 3558 3813; x_wconf 81' lang='grc' dir='ltr'>πολλάκις</span> <span class='ocrx_word' id='word_1_777' title='bbox 3588 3763 3723 3814; x_wconf 58' lang='lat' dir='ltr'>qam-</span> 
     </span>
    </p>
   </div>
   <div class='ocr_carea' id='block_1_108' title="bbox 2180 3833 3720 3914">
    <p class='ocr_par' dir='ltr' id='par_1_108' title="bbox 2180 3833 3720 3914">
     <span class='ocr_line' id='line_1_108' title="bbox 2180 3833 3720 3914; baseline -0.012 -10"><span class='ocrx_word' id='word_1_778' title='bbox 2180 3869 2274 3914; x_wconf 86' lang='grc' dir='ltr'>τες</span> <span class='ocrx_word' id='word_1_779' title='bbox 2322 3850 2380 3903; x_wconf 90' lang='grc' dir='ltr'>ἐν</span> <span class='ocrx_word' id='word_1_780' title='bbox 2425 3848 2619 3912; x_wconf 88' lang='grc' dir='ltr'>τύποις</span> <span class='ocrx_word' id='word_1_781' title='bbox 2652 3846 2762 3900; x_wconf 86' lang='grc' dir='ltr'>τῶν</span> <span class='ocrx_word' id='word_1_782' title='bbox 2809 3842 3181 3902; x_wconf 87' lang='grc' dir='ltr'>ἀπελθόντων,</span> <span class='ocrx_word' id='word_1_783' title='bbox 3221 3837 3477 3900; x_wconf 74' lang='grc' dir='ltr'>πολλοὺς</span> <span class='ocrx_word' id='word_1_784' title='bbox 3501 3833 3720 3902; x_wconf 60' lang='grc' dir='ltr'>ὴπάτττπτ</span> 
     </span>
    </p>
   </div>
   <div class='ocr_carea' id='block_1_109' title="bbox 2183 3921 3721 4010">
    <p class='ocr_par' dir='ltr' id='par_1_109' title="bbox 2183 3921 3721 4010">
     <span class='ocr_line' id='line_1_109' title="bbox 2183 3921 3721 4010; baseline -0.012 -22"><span class='ocrx_word' id='word_1_785' title='bbox 2183 3935 2280 3989; x_wconf 76' lang='grc' dir='ltr'>καὶ</span> <span class='ocrx_word' id='word_1_786' title='bbox 2310 3932 2626 4005; x_wconf 86' lang='grc' dir='ltr'>διέφθειραν</span> <span class='ocrx_word' id='word_1_787' title='bbox 2648 3947 2664 3962; x_wconf 90' lang='grc'><strong>·</strong></span> <span class='ocrx_word' id='word_1_788' title='bbox 2700 3927 2884 3999; x_wconf 86' lang='grc' dir='ltr'>πολλῷ</span> <span class='ocrx_word' id='word_1_789' title='bbox 2929 3926 3153 3999; x_wconf 82' lang='grc' dir='ltr'>μᾶλλον,</span> <span class='ocrx_word' id='word_1_790' title='bbox 3183 3926 3232 3978; x_wconf 84' lang='grc' dir='ltr'>εί</span> <span class='ocrx_word' id='word_1_791' title='bbox 3265 3921 3445 4010; x_wconf 75' lang='grc' dir='ltr'>τοῦτο</span> <span class='ocrx_word' id='word_1_792' title='bbox 3487 3929 3721 4010; x_wconf 45' lang='grc' dir='ltr'>γεγεκτξεο</span> 
     </span>
    </p>
   </div>
   <div class='ocr_carea' id='block_1_110' title="bbox 2183 4006 3720 4094">
    <p class='ocr_par' dir='ltr' id='par_1_110' title="bbox 2183 4006 3720 4094">
     <span class='ocr_line' id='line_1_110' title="bbox 2183 4006 3720 4094; baseline -0.011 -20"><span class='ocrx_word' id='word_1_793' title='bbox 2183 4037 2274 4075; x_wconf 90' lang='grc' dir='ltr'>νον</span> <span class='ocrx_word' id='word_1_794' title='bbox 2317 4015 2386 4090; x_wconf 80' lang='grc' dir='ltr'>ἦν</span> <span class='ocrx_word' id='word_1_795' title='bbox 2421 4019 2517 4072; x_wconf 64' lang='grc' dir='ltr'>καὶ¹</span> <span class='ocrx_word' id='word_1_796' title='bbox 2545 4016 2890 4090; x_wconf 81' lang='grc' dir='ltr'>κεκρατηκὸς</span> <span class='ocrx_word' id='word_1_797' title='bbox 2920 4017 2986 4082; x_wconf 23' lang='grc' dir='ltr'>ἐν,</span> <span class='ocrx_word' id='word_1_798' title='bbox 3007 4016 3129 4076; x_wconf 84' lang='grc' dir='ltr'>ταῖς</span> <span class='ocrx_word' id='word_1_799' title='bbox 3162 4011 3275 4064; x_wconf 88' lang='grc' dir='ltr'>τῶν</span> <span class='ocrx_word' id='word_1_800' title='bbox 3322 4006 3720 4094; x_wconf 43' lang='grc' dir='ltr'>ἁνθρὼπιννξξι·</span> 
     </span>
    </p>
   </div>
   <div class='ocr_carea' id='block_1_111' title="bbox 2183 4082 3719 4167">
    <p class='ocr_par' dir='ltr' id='par_1_111' title="bbox 2183 4082 3719 4167">
     <span class='ocr_line' id='line_1_111' title="bbox 2183 4082 3719 4167; baseline -0.012 -11"><span class='ocrx_word' id='word_1_801' title='bbox 2183 4082 2379 4167; x_wconf 71' lang='grc' dir='ltr'>νοίαις,</span> <span class='ocrx_word' id='word_1_802' title='bbox 2409 4096 2522 4156; x_wconf 73' lang='grc' dir='ltr'>οἷον</span> <span class='ocrx_word' id='word_1_803' title='bbox 2564 4082 2665 4154; x_wconf 59' lang='grc' dir='ltr'>ϐτί</span> <span class='ocrx_word' id='word_1_804' title='bbox 2697 4082 2882 4154; x_wconf 76' lang='grc' dir='ltr'>πολλοὶ</span> <span class='ocrx_word' id='word_1_805' title='bbox 2933 4096 3043 4151; x_wconf 88' lang='grc' dir='ltr'>τῶν</span> <span class='ocrx_word' id='word_1_806' title='bbox 3086 4093 3453 4149; x_wconf 83' lang='grc' dir='ltr'>ἀπελθόντων</span> <span class='ocrx_word' id='word_1_807' title='bbox 3493 4082 3719 4152; x_wconf 56' lang='grc' dir='ltr'>ἐπαειῆὶῇ</span> 
     </span>
    </p>
   </div>
   <div class='ocr_carea' id='block_1_112' title="bbox 2185 4168 3720 4259">
    <p class='ocr_par' dir='ltr' id='par_1_112' title="bbox 2185 4168 3720 4259">
     <span class='ocr_line' id='line_1_112' title="bbox 2185 4168 3720 4259; baseline -0.012 -17"><span class='ocrx_word' id='word_1_808' title='bbox 2185 4188 2370 4252; x_wconf 87' lang='grc' dir='ltr'>πάλιν,</span> <span class='ocrx_word' id='word_1_809' title='bbox 2408 4185 2624 4259; x_wconf 90' lang='grc' dir='ltr'>μυρίοις</span> <span class='ocrx_word' id='word_1_810' title='bbox 2652 4183 2719 4239; x_wconf 83' lang='grc' dir='ltr'>ἂν</span> <span class='ocrx_word' id='word_1_811' title='bbox 2762 4186 2791 4237; x_wconf 88' lang='grc' dir='ltr'>ὁ</span> <span class='ocrx_word' id='word_1_812' title='bbox 2837 4181 3033 4254; x_wconf 85' lang='grc' dir='ltr'>μιαρὸς</span> <span class='ocrx_word' id='word_1_813' title='bbox 3076 4179 3294 4249; x_wconf 88' lang='grc' dir='ltr'>δαίμων</span> <span class='ocrx_word' id='word_1_814' title='bbox 3343 4178 3562 4236; x_wconf 76' lang='grc' dir='ltr'>ἐκεῖνος</span> <span class='ocrx_word' id='word_1_815' title='bbox 3595 4168 3720 4259; x_wconf 50' lang='grc' dir='ltr'>Δρϊςιςες</span> 
     </span>
    </p>
   </div>
   <div class='ocr_carea' id='block_1_113' title="bbox 2187 4256 3718 4340">
    <p class='ocr_par' dir='ltr' id='par_1_113' title="bbox 2187 4256 3718 4340">
     <span class='ocr_line' id='line_1_113' title="bbox 2187 4256 3718 4340; baseline -0.01 -14"><span class='ocrx_word' id='word_1_816' title='bbox 2187 4256 2535 4337; x_wconf 28' lang='grc' dir='ltr'>ἐπλεξε,νκαὶ</span> <span class='ocrx_word' id='word_1_817' title='bbox 2564 4269 2768 4340; x_wconf 84' lang='grc' dir='ltr'>πολλὴν</span> <span class='ocrx_word' id='word_1_818' title='bbox 2811 4267 3029 4338; x_wconf 87' lang='grc' dir='ltr'>ἀπάτην</span> <span class='ocrx_word' id='word_1_819' title='bbox 3077 4266 3158 4328; x_wconf 87' lang='grc' dir='ltr'>εἰς</span> <span class='ocrx_word' id='word_1_820' title='bbox 3201 4262 3297 4315; x_wconf 88' lang='grc' dir='ltr'>τὸν</span> <span class='ocrx_word' id='word_1_821' title='bbox 3341 4260 3469 4331; x_wconf 81' lang='grc' dir='ltr'>βίον</span> <span class='ocrx_word' id='word_1_822' title='bbox 3505 4256 3718 4340; x_wconf 45' lang='lat' dir='ltr'>eici???</span> 
     </span>
    </p>
   </div>
   <div class='ocr_carea' id='block_1_114' title="bbox 2187 4341 3719 4430">
    <p class='ocr_par' dir='ltr' id='par_1_114' title="bbox 2187 4341 3719 4430">
     <span class='ocr_line' id='line_1_114' title="bbox 2187 4341 3719 4430; baseline -0.01 -20"><span class='ocrx_word' id='word_1_823' title='bbox 2187 4356 2288 4410; x_wconf 90' lang='grc' dir='ltr'>Διά</span> <span class='ocrx_word' id='word_1_824' title='bbox 2308 4355 2466 4409; x_wconf 88' lang='grc' dir='ltr'>τοῦτο</span> <span class='ocrx_word' id='word_1_825' title='bbox 2489 4354 2780 4408; x_wconf 89' lang='grc' dir='ltr'>ἀπέκλεισε</span> <span class='ocrx_word' id='word_1_826' title='bbox 2802 4352 2901 4416; x_wconf 84' lang='grc' dir='ltr'>τὰς</span> <span class='ocrx_word' id='word_1_827' title='bbox 2924 4350 3097 4422; x_wconf 86' lang='grc' dir='ltr'>θύρας</span> <span class='ocrx_word' id='word_1_828' title='bbox 3117 4350 3147 4400; x_wconf 82' lang='grc' dir='ltr'>ὁ</span> <span class='ocrx_word' id='word_1_829' title='bbox 3165 4346 3326 4410; x_wconf 89' lang='grc' dir='ltr'>Θεὸς,</span> <span class='ocrx_word' id='word_1_830' title='bbox 3351 4345 3460 4398; x_wconf 74' lang='grc' dir='ltr'>καὶ</span> <span class='ocrx_word' id='word_1_831' title='bbox 3480 4342 3572 4430; x_wconf 65' lang='grc' dir='ltr'>οὐκ</span> <span class='ocrx_word' id='word_1_832' title='bbox 3591 4341 3719 4430; x_wconf 41' lang='lat' dir='ltr'>dii?”</span> 
     </span>
    </p>
   </div>
   <div class='ocr_carea' id='block_1_115' title="bbox 2187 4423 3716 4510">
    <p class='ocr_par' dir='ltr' id='par_1_115' title="bbox 2187 4423 3716 4510">
     <span class='ocr_line' id='line_1_115' title="bbox 2187 4423 3716 4510; baseline -0.013 -13"><span class='ocrx_word' id='word_1_833' title='bbox 2187 4459 2313 4497; x_wconf 86' lang='grc' dir='ltr'>τινα</span> <span class='ocrx_word' id='word_1_834' title='bbox 2335 4441 2442 4494; x_wconf 90' lang='grc' dir='ltr'>τῶν</span> <span class='ocrx_word' id='word_1_835' title='bbox 2469 4438 2815 4494; x_wconf 89' lang='grc' dir='ltr'>ἀπελθόντων</span> <span class='ocrx_word' id='word_1_836' title='bbox 2843 4433 3211 4490; x_wconf 89' lang='grc' dir='ltr'>ἐπανελθόντα</span> <span class='ocrx_word' id='word_1_837' title='bbox 3239 4431 3433 4483; x_wconf 83' lang='grc' dir='ltr'>εἰπεῖν</span> <span class='ocrx_word' id='word_1_838' title='bbox 3457 4428 3526 4481; x_wconf 73' lang='grc' dir='ltr'>τὰ</span> <span class='ocrx_word' id='word_1_839' title='bbox 3552 4423 3716 4510; x_wconf 52' lang='grc' dir='ltr'>ἐκεὶῖῖῆ</span> 
     </span>
    </p>
   </div>
   <div class='ocr_carea' id='block_1_116' title="bbox 2192 4509 3706 4606">
    <p class='ocr_par' dir='ltr' id='par_1_116' title="bbox 2192 4509 3706 4606">
     <span class='ocr_line' id='line_1_116' title="bbox 2192 4509 3706 4606; baseline -0.005 -28"><span class='ocrx_word' id='word_1_840' title='bbox 2192 4526 2270 4598; x_wconf 85' lang='grc' dir='ltr'>μὴ</span> <span class='ocrx_word' id='word_1_841' title='bbox 2307 4523 2487 4578; x_wconf 89' lang='grc' dir='ltr'>λαϐὼν</span> <span class='ocrx_word' id='word_1_842' title='bbox 2522 4521 2778 4595; x_wconf 85' lang='grc' dir='ltr'>ἀφορμὴν</span> <span class='ocrx_word' id='word_1_843' title='bbox 2817 4519 2975 4606; x_wconf 76' lang='grc'>[³156]</span> <span class='ocrx_word' id='word_1_844' title='bbox 2998 4516 3250 4606; x_wconf 65' lang='grc' dir='ltr'>ἐντεῦθεν</span> <span class='ocrx_word' id='word_1_845' title='bbox 3281 4517 3528 4606; x_wconf 69' lang='grc' dir='ltr'>ἐκεῖνος,</span> <span class='ocrx_word' id='word_1_846' title='bbox 3553 4509 3706 4606; x_wconf 56' lang='grc' dir='ltr'>τάξ-πί</span> 
     </span>
    </p>
   </div>
   <div class='ocr_carea' id='block_1_117' title="bbox 2189 4598 3714 4677">
    <p class='ocr_par' dir='ltr' id='par_1_117' title="bbox 2189 4598 3714 4677">
     <span class='ocr_line' id='line_1_117' title="bbox 2189 4598 3714 4677; baseline -0.014 -12"><span class='ocrx_word' id='word_1_847' title='bbox 2189 4608 2388 4665; x_wconf 86' lang='grc' dir='ltr'>ἐαυτοῦ</span> <span class='ocrx_word' id='word_1_848' title='bbox 2412 4608 2589 4664; x_wconf 88' lang='grc' dir='ltr'>πάντα</span> <span class='ocrx_word' id='word_1_849' title='bbox 2612 4606 2906 4677; x_wconf 82' lang='grc' dir='ltr'>εἰσαγάγῃ.</span> <span class='ocrx_word' id='word_1_850' title='bbox 2935 4603 3045 4657; x_wconf 80' lang='grc' dir='ltr'>Καὶ</span> <span class='ocrx_word' id='word_1_851' title='bbox 3069 4600 3180 4672; x_wconf 80' lang='grc' dir='ltr'>γὰρ</span> <span class='ocrx_word' id='word_1_852' title='bbox 3198 4601 3293 4654; x_wconf 76' lang='grc' dir='ltr'>ὅτε</span> <span class='ocrx_word' id='word_1_853' title='bbox 3317 4598 3599 4670; x_wconf 74' lang='grc' dir='ltr'>προφῆται</span> <span class='ocrx_word' id='word_1_854' title='bbox 3615 4598 3714 4677; x_wconf 46' lang='lat' dir='ltr'>tm</span> 
     </span>
    </p>
   </div>
   <div class='ocr_carea' id='block_1_118' title="bbox 2188 4676 3714 4766">
    <p class='ocr_par' dir='ltr' id='par_1_118' title="bbox 2188 4676 3714 4766">
     <span class='ocr_line' id='line_1_118' title="bbox 2188 4676 3714 4766; baseline -0.014 -17"><span class='ocrx_word' id='word_1_855' title='bbox 2188 4693 2644 4766; x_wconf 82' lang='grc' dir='ltr'>ψευδοπροφήτας</span> <span class='ocrx_word' id='word_1_856' title='bbox 2671 4676 2896 4762; x_wconf 19' lang='grc' dir='ltr'>ἡγειρείυ</span> <span class='ocrx_word' id='word_1_857' title='bbox 2921 4688 3015 4742; x_wconf 77' lang='grc' dir='ltr'>καὶ</span> <span class='ocrx_word' id='word_1_858' title='bbox 3040 4687 3129 4740; x_wconf 82' lang='grc' dir='ltr'>ὅτε</span> <span class='ocrx_word' id='word_1_859' title='bbox 3159 4682 3491 4742; x_wconf 86' lang='grc' dir='ltr'>ἀπόστολοι,</span> <span class='ocrx_word' id='word_1_860' title='bbox 3519 4676 3714 4764; x_wconf 50' lang='grc' dir='ltr'>ψεώαεεί</span> 
     </span>
    </p>
   </div>
   <div class='ocr_carea' id='block_1_119' title="bbox 2193 4767 3714 4846">
    <p class='ocr_par' dir='ltr' id='par_1_119' title="bbox 2193 4767 3714 4846">
     <span class='ocr_line' id='line_1_119' title="bbox 2193 4767 3714 4846; baseline -0.022 -3"><span class='ocrx_word' id='word_1_861' title='bbox 2193 4779 2412 4842; x_wconf 78' lang='grc' dir='ltr'>στόλους</span> <span class='ocrx_word' id='word_1_862' title='bbox 2431 4795 2444 4807; x_wconf 91' lang='grc'><strong>·</strong></span> <span class='ocrx_word' id='word_1_863' title='bbox 2473 4776 2567 4830; x_wconf 71' lang='grc' dir='ltr'>καὶ</span> <span class='ocrx_word' id='word_1_864' title='bbox 2587 4776 2677 4830; x_wconf 84' lang='grc' dir='ltr'>ὅτε</span> <span class='ocrx_word' id='word_1_865' title='bbox 2708 4773 2948 4846; x_wconf 81' lang='grc' dir='ltr'>Χριστὸς</span> <span class='ocrx_word' id='word_1_866' title='bbox 2971 4771 3168 4842; x_wconf 81' lang='grc' dir='ltr'>ἐφάνη,</span> <span class='ocrx_word' id='word_1_867' title='bbox 3201 4767 3714 4838; x_wconf 53' lang='grc' dir='ltr'>ψευδοχρίστονςτῖ.</span> 
     </span>
    </p>
   </div>
   <div class='ocr_carea' id='block_1_120' title="bbox 2191 4847 3714 4931">
    <p class='ocr_par' dir='ltr' id='par_1_120' title="bbox 2191 4847 3714 4931">
     <span class='ocr_line' id='line_1_120' title="bbox 2191 4847 3714 4931; baseline -0.012 -15"><span class='ocrx_word' id='word_1_868' title='bbox 2191 4863 2280 4916; x_wconf 83' lang='grc' dir='ltr'>ὅτε</span> <span class='ocrx_word' id='word_1_869' title='bbox 2305 4862 2554 4931; x_wconf 86' lang='grc' dir='ltr'>δόγματα</span> <span class='ocrx_word' id='word_1_870' title='bbox 2586 4857 2872 4928; x_wconf 80' lang='grc' dir='ltr'>εἰσηνέχθη</span> <span class='ocrx_word' id='word_1_871' title='bbox 2895 4855 3045 4926; x_wconf 85' lang='grc' dir='ltr'>ὑγιῆ,</span> <span class='ocrx_word' id='word_1_872' title='bbox 3079 4851 3478 4921; x_wconf 83' lang='grc' dir='ltr'>διεφθαρμένα</span> <span class='ocrx_word' id='word_1_873' title='bbox 3509 4847 3714 4930; x_wconf 57' lang='grc' dir='ltr'>εἰσήτπςῖι</span> 
     </span>
    </p>
   </div>
   <div class='ocr_carea' id='block_1_121' title="bbox 2191 4933 3716 5020">
    <p class='ocr_par' dir='ltr' id='par_1_121' title="bbox 2191 4933 3716 5020">
     <span class='ocr_line' id='line_1_121' title="bbox 2191 4933 3716 5020; baseline -0.015 -18"><span class='ocrx_word' id='word_1_874' title='bbox 2191 4947 2260 5001; x_wconf 88' lang='grc' dir='ltr'>τά</span> <span class='ocrx_word' id='word_1_875' title='bbox 2279 4945 2496 5012; x_wconf 78' lang='grc' dir='ltr'>ζιζάνια</span> <span class='ocrx_word' id='word_1_876' title='bbox 2526 4939 2803 5013; x_wconf 89' lang='grc' dir='ltr'>πανταχοῦ</span> <span class='ocrx_word' id='word_1_877' title='bbox 2823 4939 3152 5009; x_wconf 85' lang='grc' dir='ltr'>διασπείρων</span> <span class='ocrx_word' id='word_1_878' title='bbox 3171 4937 3218 4990; x_wconf 73' lang='grc'>⁸.</span> <span class='ocrx_word' id='word_1_879' title='bbox 3237 4937 3414 4988; x_wconf 81' lang='grc' dir='ltr'>Ὥστε</span> <span class='ocrx_word' id='word_1_880' title='bbox 3451 4935 3501 4986; x_wconf 89' lang='grc' dir='ltr'>εἰ</span> <span class='ocrx_word' id='word_1_881' title='bbox 3521 4933 3602 5020; x_wconf 44' lang='grc' dir='ltr'>καί</span> 
     </span>
    </p>
   </div>
   <div class='ocr_carea' id='block_1_122' title="bbox 2194 5013 3714 5102">
    <p class='ocr_par' dir='ltr' id='par_1_122' title="bbox 2194 5013 3714 5102">
     <span class='ocr_line' id='line_1_122' title="bbox 2194 5013 3714 5102; baseline -0.015 -17"><span class='ocrx_word' id='word_1_882' title='bbox 2194 5031 2415 5102; x_wconf 85' lang='grc' dir='ltr'>συνέϐη,</span> <span class='ocrx_word' id='word_1_883' title='bbox 2451 5028 2542 5083; x_wconf 70' lang='grc' dir='ltr'>καὶ</span> <span class='ocrx_word' id='word_1_884' title='bbox 2586 5026 2746 5080; x_wconf 88' lang='grc' dir='ltr'>τοῦτο</span> <span class='ocrx_word' id='word_1_885' title='bbox 2779 5024 3134 5094; x_wconf 88' lang='grc' dir='ltr'>ἐπεχείρησεν</span> <span class='ocrx_word' id='word_1_886' title='bbox 3160 5019 3228 5073; x_wconf 81' lang='grc' dir='ltr'>ἂν</span> <span class='ocrx_word' id='word_1_887' title='bbox 3265 5013 3714 5102; x_wconf 59' lang='grc' dir='ltr'>ὑποκρίνεσθαιιῷ</span> 
     </span>
    </p>
   </div>
   <div class='ocr_carea' id='block_1_123' title="bbox 2191 5100 3712 5184">
    <p class='ocr_par' dir='ltr' id='par_1_123' title="bbox 2191 5100 3712 5184">
     <span class='ocr_line' id='line_1_123' title="bbox 2191 5100 3712 5184; baseline -0.014 -15"><span class='ocrx_word' id='word_1_888' title='bbox 2191 5115 2301 5168; x_wconf 89' lang='grc' dir='ltr'>τῶν</span> <span class='ocrx_word' id='word_1_889' title='bbox 2334 5100 2552 5168; x_wconf 80' lang='grc' dir='ltr'>οἰκείων</span> <span class='ocrx_word' id='word_1_890' title='bbox 2580 5110 2851 5184; x_wconf 88' lang='grc' dir='ltr'>ὁργάνων,</span> <span class='ocrx_word' id='word_1_891' title='bbox 2879 5109 3000 5178; x_wconf 75' lang='grc' dir='ltr'>οὐχὶ</span> <span class='ocrx_word' id='word_1_892' title='bbox 3027 5104 3254 5176; x_wconf 79' lang='grc' dir='ltr'>νεκροὺς</span> <span class='ocrx_word' id='word_1_893' title='bbox 3282 5101 3515 5172; x_wconf 79' lang='grc' dir='ltr'>ἀληθῶς</span> 
     </span>
    </p>
   </div>
   <div class='ocr_carea' id='block_1_124' title="bbox 2194 5182 3711 5274">
    <p class='ocr_par' dir='ltr' id='par_1_124' title="bbox 2194 5182 3711 5274">
     <span class='ocr_line' id='line_1_124' title="bbox 2194 5182 3711 5274; baseline -0.02 -20"><span class='ocrx_word' id='word_1_894' title='bbox 2194 5198 2331 5253; x_wconf 90' lang='grc' dir='ltr'>ἀλλά</span> <span class='ocrx_word' id='word_1_895' title='bbox 2384 5182 2742 5268; x_wconf 83' lang='grc' dir='ltr'>μαγγανείαις</span> <span class='ocrx_word' id='word_1_896' title='bbox 2791 5192 2905 5246; x_wconf 71' lang='grc' dir='ltr'>τισὶ</span> <span class='ocrx_word' id='word_1_897' title='bbox 2951 5191 3048 5244; x_wconf 70' lang='grc' dir='ltr'>καὶ</span> <span class='ocrx_word' id='word_1_898' title='bbox 3093 5187 3337 5250; x_wconf 87' lang='grc' dir='ltr'>ἀπάταις</span> 
     </span>
    </p>
   </div>
   <div class='ocr_carea' id='block_1_125' title="bbox 2193 5269 3711 5355">
    <p class='ocr_par' dir='ltr' id='par_1_125' title="bbox 2193 5269 3711 5355">
     <span class='ocr_line' id='line_1_125' title="bbox 2193 5269 3711 5355; baseline -0.011 -18"><span class='ocrx_word' id='word_1_899' title='bbox 2193 5283 2444 5355; x_wconf 78' lang='grc' dir='ltr'>ὁρώντων</span> <span class='ocrx_word' id='word_1_900' title='bbox 2472 5279 2719 5343; x_wconf 87' lang='grc' dir='ltr'>ἀπατῶν,</span> <span class='ocrx_word' id='word_1_901' title='bbox 2740 5278 2772 5347; x_wconf 86' lang='grc' dir='ltr'>ἢ</span> <span class='ocrx_word' id='word_1_902' title='bbox 2803 5275 2897 5330; x_wconf 89' lang='grc' dir='ltr'>καί</span> <span class='ocrx_word' id='word_1_903' title='bbox 2923 5290 3075 5336; x_wconf 88' lang='grc' dir='ltr'>τινας</span> <span class='ocrx_word' id='word_1_904' title='bbox 3100 5269 3570 5342; x_wconf 78' lang='grc' dir='ltr'>παρασκευάζων,</span> <span class='ocrx_word' id='word_1_905' title='bbox 3591 5269 3711 5320; x_wconf 72' lang='grc' dir='ltr'>ὠπεὲ</span> 
     </span>
    </p>
   </div>
   <div class='ocr_carea' id='block_1_126' title="bbox 2194 5353 3706 5438">
    <p class='ocr_par' dir='ltr' id='par_1_126' title="bbox 2194 5353 3706 5438">
     <span class='ocr_line' id='line_1_126' title="bbox 2194 5353 3706 5438; baseline -0.011 -18"><span class='ocrx_word' id='word_1_906' title='bbox 2194 5353 2366 5438; x_wconf 77' lang='grc' dir='ltr'>ἔφθην</span> <span class='ocrx_word' id='word_1_907' title='bbox 2410 5363 2603 5426; x_wconf 87' lang='grc' dir='ltr'>εἰπὼν,</span> <span class='ocrx_word' id='word_1_908' title='bbox 2638 5359 3029 5432; x_wconf 82' lang='grc' dir='ltr'>ὑποκρίνεσθαι</span> <span class='ocrx_word' id='word_1_909' title='bbox 3060 5354 3347 5425; x_wconf 78' lang='grc' dir='ltr'>τελευτὴν,</span> <span class='ocrx_word' id='word_1_910' title='bbox 3387 5354 3460 5408; x_wconf 84' lang='grc' dir='ltr'>τὰ</span> <span class='ocrx_word' id='word_1_911' title='bbox 3497 5353 3597 5438; x_wconf 74' lang='grc' dir='ltr'>ἄνω</span> <span class='ocrx_word' id='word_1_912' title='bbox 3621 5357 3706 5398; x_wconf 64' lang='grc' dir='ltr'>υτ*</span> 
     </span>
    </p>
   </div>
   <div class='ocr_carea' id='block_1_127' title="bbox 2195 5437 3710 5522">
    <p class='ocr_par' dir='ltr' id='par_1_127' title="bbox 2195 5437 3710 5522">
     <span class='ocr_line' id='line_1_127' title="bbox 2195 5437 3710 5522; baseline -0.012 -16"><span class='ocrx_word' id='word_1_913' title='bbox 2195 5437 2373 5506; x_wconf 78' lang='grc' dir='ltr'>πάντα</span> <span class='ocrx_word' id='word_1_914' title='bbox 2402 5448 2660 5517; x_wconf 89' lang='grc' dir='ltr'>ἐποίησεν</span> <span class='ocrx_word' id='word_1_915' title='bbox 2688 5445 2754 5499; x_wconf 85' lang='grc' dir='ltr'>ἀν</span> <span class='ocrx_word' id='word_1_916' title='bbox 2779 5446 2876 5498; x_wconf 68' lang='grc' dir='ltr'>καὶ</span> <span class='ocrx_word' id='word_1_917' title='bbox 2907 5443 3181 5513; x_wconf 90' lang='grc' dir='ltr'>συνέχεεν.</span> <span class='ocrx_word' id='word_1_918' title='bbox 3199 5440 3346 5494; x_wconf 81' lang='grc' dir='ltr'>Ἀλλ’</span> <span class='ocrx_word' id='word_1_919' title='bbox 3372 5443 3405 5494; x_wconf 84' lang='grc' dir='ltr'><strong>ὁ</strong></span> <span class='ocrx_word' id='word_1_920' title='bbox 3423 5440 3552 5500; x_wconf 86' lang='grc' dir='ltr'>Θεὸς</span> 
     </span>
    </p>
   </div>
   <div class='ocr_carea' id='block_1_128' title="bbox 2195 5511 3753 5604">
    <p class='ocr_par' dir='ltr' id='par_1_128' title="bbox 2195 5511 3753 5604">
     <span class='ocr_line' id='line_1_128' title="bbox 2195 5511 3753 5604; baseline -0.014 -13"><span class='ocrx_word' id='word_1_921' title='bbox 2195 5539 2367 5591; x_wconf 81' lang='grc' dir='ltr'>ταῦτα</span> <span class='ocrx_word' id='word_1_922' title='bbox 2416 5530 2704 5603; x_wconf 88' lang='grc' dir='ltr'>προειδὼς,</span> <span class='ocrx_word' id='word_1_923' title='bbox 2752 5529 3100 5600; x_wconf 84' lang='grc' dir='ltr'>ἀπετείχισεν</span> <span class='ocrx_word' id='word_1_924' title='bbox 3147 5523 3298 5596; x_wconf 79' lang='grc' dir='ltr'>αὐτῷ</span> <span class='ocrx_word' id='word_1_925' title='bbox 3346 5525 3454 5600; x_wconf 66' lang='grc' dir='ltr'>τὴν</span> <span class='ocrx_word' id='word_1_926' title='bbox 3498 5511 3710 5578; x_wconf 58' lang='grc' dir='ltr'>ἐπιϐουὶᾷ</span> <span class='ocrx_word' id='word_1_927' title='bbox 3752 5573 3753 5604; x_wconf 18' lang='grc' dir='ltr'>γ</span> 
     </span>
    </p>
   </div>
   <div class='ocr_carea' id='block_1_129' title="bbox 2262 5769 2780 5837">
    <p class='ocr_par' dir='ltr' id='par_1_129' title="bbox 2262 5769 2780 5837">
     <span class='ocr_line' id='line_1_129' title="bbox 2262 5769 2780 5837; baseline -0.014 -11"><span class='ocrx_word' id='word_1_928' title='bbox 2262 5776 2286 5807; x_wconf 88' lang='grc'>⁶</span> <span class='ocrx_word' id='word_1_929' title='bbox 2309 5774 2410 5826; x_wconf 72' lang='lat' dir='ltr'>Alit</span> <span class='ocrx_word' id='word_1_930' title='bbox 2434 5769 2780 5837; x_wconf 77' lang='grc' dir='ltr'>κατασπείρων.</span> 
     </span>
    </p>
   </div>
  </div>
