3790 6240
42 301 164 361 [009

39 415 302 476 videmus,
331 406 517 464 umbra
542 418 721 460 rerum
745 401 871 467 sint,
901 415 1009 454 non
1032 400 1226 453 veritas
1250 416 1264 452 :
1286 397 1364 451 sic
1388 405 1442 450 et
1467 393 1603 448 divi-

44 507 230 561 tiarum
253 510 308 556 et
337 495 682 570 paupertatis,
712 492 894 565 glorize
920 500 973 545 et
994 487 1331 560 ignominiaa,-
1350 486 1603 539 aliarum-

38 612 136 667 que
159 606 340 648 rerum
367 588 602 644 omnium
644 586 755 640 sive
795 584 1024 639 tristium
1049 580 1161 635 sive
1187 579 1426 634 lzetarum
1455 584 1607 630 natu-

39 701 146 741 ram
171 686 215 738 si
245 680 568 744 noverimus,
615 674 956 731 liberabimur
983 688 1011 724 a
1042 668 1360 734 turbatione,
1390 682 1511 738 quas
1538 681 1603 719 ex

41 782 221 831 barum
260 784 573 839 unaquaque
615 768 668 821 in
714 765 868 820 nobis
908 763 1050 833 gigni
1094 761 1248 816 solet.
1298 759 1421 813 Haec
1462 758 1603 812 enim

40 865 209 920 omnia
241 862 427 932 quavis
449 860 633 913 umbra
657 857 928 911 fallaciora
950 862 1107 918 sunt;
1138 852 1337 906 homini
1362 866 1486 904 vero
1502 850 1605 903 alta

41 965 211 1012 mente
242 954 466 1024 praedito
495 961 652 1021 atque
686 963 949 1018 generoso
990 946 1149 1001 nullte
1175 960 1263 999 res
1290 944 1523 998 illustres
1544 958 1607 997 ac

40 1045 325 1117 splendida:
366 1044 632 1109 attollere,
671 1041 830 1095 nullae
869 1038 1095 1092 humiles
1122 1036 1449 1105 alijectazque
1477 1049 1605 1088 con-

46 1140 249 1194 trahere
284 1136 519 1190 animnm
562 1141 803 1203 possunt.
845 1131 1039 1185 Verum
1084 1130 1192 1198 jam
1222 1138 1430 1196 tempus
1456 1127 1608 1179 nobis

43 1242 137 1296 est,
169 1237 225 1283 ut
247 1228 427 1282 divitis
462 1226 623 1281 verba
649 1225 963 1282 audiamus:
994 1222 1183 1288 Orate,
1212 1221 1400 1290 inquit,
1429 1228 1603 1289 pater,

48 1326 139 1377 hoc
166 1331 245 1375 est
266 1323 493 1375 obsecro
518 1333 771 1388 rogoque,
799 1326 852 1371 ut
872 1317 1038 1369 mittas
1056 1313 1306 1367 Lazarum
1329 1314 1383 1365 in
1407 1312 1610 1365 domum

48 1415 195 1484 patris
222 1412 356 1477 mei;
385 1421 503 1465 sunt
541 1411 672 1464 enim
703 1409 825 1462 mihi
852 1408 1067 1478 quinque
1092 1410 1303 1476 fratres;
1330 1413 1386 1457 ut
1430 1402 1609 1471 testiﬁ-

48 1518 177 1561 cetur
213 1504 352 1571 illis,
405 1521 468 1558 ne
509 1503 709 1558 veniant
754 1502 808 1555 in
849 1502 980 1554 hunc
1022 1500 1186 1553 locum
1233 1504 1608 1551 tormentorum.

54 1600 326 1666 Postquam
372 1608 470 1663 pro
509 1609 569 1648 se
621 1608 724 1646 non
774 1592 1183 1660 impetraverat,
1224 1602 1321 1658 pro
1344 1587 1460 1642 aliis
1491 1586 1614 1641 facit

50 1687 503 1759 supplicationem.
547 1685 677 1740 Vide
715 1700 873 1755 quam
920 1684 1228 1745 humanum,
1273 1695 1430 1751 quam
1456 1694 1610 1734 man-

50 1791 243 1838 suetum
281 1795 436 1850 poena
481 1777 770 1833 reddiderit
799 1791 942 1831 eum.
970 1774 1070 1841 Qui
1098 1787 1328 1842 namque
1352 1770 1610 1825 Lazarum

55 1881 358 1946 prmsentem
393 1869 737 1940 chpiciebat,
771 1869 995 1923 aliorum
1025 1866 1324 1921 absentium
1354 1879 1493 1918 nunc
1516 1878 1610 1917 cu-

52 1982 155 2021 ram
201 1965 361 2019 habet
394 1982 407 2017 :
440 1965 528 2034 qui
573 1973 697 2017 ante
745 1961 928 2016 oculos
964 1959 1230 2028 iacentem
1274 1955 1612 2028 praeteribat,

56 2056 282 2112 meminit
325 2070 512 2109 eorum
556 2068 691 2123 quos
740 2068 844 2106 non
898 2049 1060 2115 videt,
1118 2050 1391 2119 multoque
1439 2046 1615 2101 studio

60 2148 315 2217 postulat,
361 2158 419 2201 ut
448 2147 624 2215 aliquo
653 2145 811 2200 modo
839 2144 943 2199 illis
986 2142 1341 2214 prospiciatur
1362 2140 1616 2196 adversus

56 2239 364 2293 imminentia
393 2240 530 2291 mala
556 2256 568 2291 :
591 2238 940 2306 obsecratque
962 2243 1020 2289 ut
1044 2233 1278 2288 Lazarus
1310 2233 1361 2286 in
1388 2232 1607 2286 domum

60 2332 211 2399 patris
230 2330 491 2395 mittatur,
517 2328 603 2382 ubi
630 2329 728 2397 ipsi
761 2327 932 2383 fuerat
959 2341 1119 2382 arena
1145 2322 1478 2396 studiumque
1501 2325 1614 2379 vir-

56 2426 171 2477 tutis
196 2431 457 2492 apertum.
487 2420 565 2475 llli
607 2420 819 2475 videant
861 2418 1006 2474 illum
1036 2416 1323 2481 coronari,
1357 2417 1443 2486 qui
1468 2415 1617 2471 vide-

57 2524 175 2569 runt
201 2522 494 2570 certantem
523 2513 648 2583 :qui
676 2522 837 2567 testes
864 2512 1071 2565 luerunt
1098 2509 1173 2563 illi
1203 2508 1524 2578 paupertatis
1553 2522 1617 2562 ac

59 2606 232 2670 lamis,
277 2606 610 2674 aliorumque
648 2604 908 2657 malorum
956 2600 1441 2667 innumerabilium,
1488 2598 1617 2653 fiant

60 2706 214 2751 testes
234 2696 452 2750 honoris
481 2703 536 2750 et
560 2694 860 2766 ignominiae
899 2694 953 2748 in
982 2708 1192 2747 omnem
1224 2691 1446 2761 gloriam
1473 2706 1617 2746 com-

58 2798 261 2843 mutatae
290 2805 303 2842 :
332 2796 391 2842 ut
432 2787 685 2857 utrinque
732 2785 974 2855 castigati
1012 2784 1294 2854 doctique,
1345 2782 1486 2853 quod
1530 2795 1617 2837 res

62 2890 241 2934 nostrae
283 2894 611 2949 nequaquam
654 2876 932 2948 praesentis
974 2875 1096 2929 vita:
1133 2873 1359 2930 termino
1384 2873 1615 2928 circum-

63 2970 359 3035 scribantur,
390 2968 605 3023 tandem
650 2974 951 3037 praeparent
975 2980 1115 3030 sese,
1156 2973 1215 3020 ut
1241 2964 1375 3019 hanc
1405 2979 1615 3034 poenam

61 3062 441 3133 cruciatumque
461 3061 664 3132 possint
690 3058 942 3130 effugere.
964 3058 1102 3127 Quid
1122 3057 1281 3129 igitur
1304 3055 1616 3112 Abraham?

69 3151 267 3218 Habent,
311 3153 502 3222 inquit,
554 3149 781 3222 Moysen:
824 3159 870 3203 et
899 3148 1190 3219 prophetas,
1235 3146 1446 3200 audiant
1478 3145 1614 3200 illos.

68 3246 166 3300 Non
203 3261 349 3316 teque
379 3256 439 3299 tu
464 3259 620 3299 curas
648 3243 839 3298 fratres
880 3250 999 3297 tuos
1021 3250 1180 3310 atque
1209 3238 1350 3294 Deus
1377 3238 1467 3308 qui
1498 3237 1617 3293 illos

64 3337 311 3392 condidit:
334 3342 644 3391 innumeros
687 3334 791 3388 illis
816 3332 1056 3387 adhibuit
1084 3330 1365 3400 magistros
1387 3370 1402 3394 ,
1436 3329 1619 3384 admo-

71 3431 273 3494 nitores,
318 3428 670 3490 consultores,
715 3424 1100 3479 adhortatores.
1156 3420 1293 3488 Quid
1330 3420 1487 3490 igitur
1529 3420 1618 3474 ille

68 3520 350 3589 respondit?
380 3518 526 3583 Non,
547 3517 735 3586 inquit,
755 3524 897 3583 pater
924 3513 1200 3579 Abraham,
1228 3511 1315 3565 sed
1343 3512 1387 3565 si
1413 3513 1524 3581 quis
1555 3526 1617 3564 ea:

69 3611 255 3664 mortuis
280 3610 468 3674 redeat,
495 3608 573 3661 illi
602 3607 819 3660 credent.
843 3604 969 3659 Haac
992 3611 1114 3656 sunt
1142 3602 1283 3671 vulgi
1314 3601 1494 3657 verba.
1514 3600 1616 3656 Ubi

69 3716 196 3756 nunc
222 3710 341 3755 sunt
365 3701 454 3770 qui
480 3699 699 3763 dicunt,
744 3697 890 3750 illinc
918 3694 1106 3750 rediit?
1132 3694 1260 3761 Quis
1288 3708 1352 3747 ex
1394 3692 1617 3746 mortuis

68 3793 313 3847 surrexit?
340 3793 469 3859 Quis
491 3792 724 3845 narravit
747 3804 864 3858 qua:
890 3796 1014 3841 sunt
1033 3786 1170 3855 apud
1192 3785 1423 3840 inferos?
1447 3785 1615 3850 Quam

71 3882 218 3936 multa
243 3884 338 3937 alia
365 3892 614 3951 tantaque
643 3874 851 3934 dicebat
877 3876 1016 3946 apud
1055 3877 1285 3946 seipsum
1322 3876 1469 3929 dives
1493 3876 1610 3941 ille,

69 3988 175 4027 cum
208 3987 504 4031 versaretur
541 3976 593 4027 in
622 3970 1065 4041 deliciis?Neque
1104 3970 1245 4024 enim
1287 3977 1486 4024 temere
1524 3984 1618 4039 po-

70 4066 294 4131 stulabat,
327 4075 384 4121 ut
408 4066 599 4136 aliquis
627 4071 871 4135 surgeret
897 4078 961 4118 ex
992 4062 1236 4117 mortuis.
1266 4060 1459 4116 Verum
1486 4075 1618 4131 quo-

72 4156 196 4209 niam
217 4159 322 4227 ipse
346 4158 569 4213 audiens
582 4156 884 4226 Scripturas
907 4159 1315 4223 contempserat,
1337 4152 1615 4218 deriserat,

72 4248 252 4304 fabulas
297 4266 414 4306 esse
461 4265 580 4321 quae
626 4249 936 4304 dicebantur
973 4245 1272 4301 crediderat
1297 4263 1310 4298 :
1335 4259 1459 4315 erga
1506 4244 1620 4299 hate

69 4339 192 4394 sicut
218 4342 325 4411 ipse
344 4341 519 4398 fuerat
541 4340 779 4407 affectus,
814 4339 883 4393 ita
904 4337 1129 4393 habebat
1149 4337 1449 4406 opinionem
1475 4334 1620 4390 etde

72 4524 175 4589 quis
196 4540 255 4578 ex
284 4527 509 4581 mortuis
539 4525 752 4581 redierit
776 4566 791 4590 ,
821 4538 925 4578 non
955 4522 1284 4592 derogabunt
1316 4519 1473 4574 fidem
1500 4517 1576 4573 illi
1600 4559 1616 4584 ,

74 4629 227 4684 neque
253 4617 598 4684 deridebunt,
639 4617 733 4672 sed
767 4616 943 4687 potius
970 4613 1341 4669 auscultabunt
1380 4613 1473 4677 iis,
1502 4624 1620 4680 quae

74 4705 309 4763 dicentur.
339 4712 472 4778 Quid
507 4712 665 4781 igitur
693 4709 993 4765 Abraham?
1019 4708 1080 4763 Si
1110 4706 1304 4761 Mosam
1335 4715 1381 4759 et
1406 4704 1621 4775 praplte-
1700 4736 1706 4754 ι

76 4808 140 4851 tas
161 4816 254 4854 non
264 4805 492 4870 audiunt,
510 4819 601 4857 nec
622 4801 788 4872 siquis
804 4818 836 4853 a
854 4800 1062 4853 mortuis
1082 4796 1375 4863 surrexerit,
1397 4795 1615 4849 credent.

76 4888 219 4960 quue
242 4910 418 4949 verum
446 4911 566 4951 esse
589 4936 604 4959 ,
634 4893 776 4963 quod
824 4892 913 4962 qui
956 4906 1060 4944 non
1103 4888 1249 4943 audit
1282 4886 1580 4955 scripturas
1602 4926 1617 4951 ,

78 4996 230 5052 neque
257 5001 319 5040 ex
349 4989 568 5043 mortuis
594 4989 847 5042 excitatos
874 4984 1147 5039 auditurus
1167 4981 1255 5046 sit,
1288 4980 1622 5035 declararunt

77 5070 226 5129 Judaei
252 5080 368 5147 :qui
398 5080 643 5148 quoniam
673 5078 869 5132 Mosem
903 5091 963 5129 ac
991 5074 1279 5143 pmpbetas
1306 5087 1412 5127 non
1442 5069 1622 5123 audie«

77 5172 184 5217 τθηι
203 5205 217 5228 ι
248 5184 415 5238 neque
450 5186 570 5226 cum
603 5178 841 5223 mortuos
866 5166 1120 5220 vidissent
1143 5162 1420 5228 excitatos,
1450 5159 1620 5215 credi-

76 5255 249 5313 derunt
271 5277 480 5319 :verum
502 5277 643 5318 nunc
671 5260 883 5333 quidem
910 5246 1167 5313 Lazarum
1192 5253 1438 5311 occidere
1462 5266 1622 5307 cona-

80 5345 271 5419 bantur,
298 5358 436 5411 nunc
462 5371 646 5411 rursus
667 5354 722 5409 in
750 5351 1030 5423 Apostolos
1054 5350 1311 5419 impetum
1336 5344 1619 5408 faciebant,

77 5437 298 5513 quamvis
346 5448 492 5503 multi
537 5447 648 5518 jam
678 5443 764 5502 ex
814 5443 1035 5500 mortuis
1084 5446 1463 5506 surrexerant,
1516 5451 1623 5508 quo

83 5538 297 5599 tempore
323 5553 450 5594 crux
477 5537 884 5610 praedicabatur.

144 5622 190 5676 ὅ.
220 5625 283 5681 Ut
323 5645 447 5685 vero
473 5643 527 5687 et
567 5624 780 5685 aliunde
818 5640 1106 5696 cognoscas
1135 5622 1273 5695 quod
1315 5621 1527 5693 gravior
1553 5619 1623 5675 sit

83 5708 446 5784 Scripturarum
472 5739 533 5780 ac
556 5716 929 5795 prophetarum
955 5717 1211 5786 doctrina,
1230 5729 1387 5788 quam
1413 5713 1456 5770 si
1476 5713 1565 5784 qui
1591 5728 1620 5767 a

1257 281 1346 338 DE
1384 277 1658 338 LAZARO
1696 276 1937 333 CONCIO
1975 277 2064 333 IV.

3147 274 3283 332 10-10

1717 390 1938 465 mortuis
1981 388 2279 444 resuscitati
2303 388 2604 443 renuntient
2634 403 2650 442 :
2681 386 2805 442 illud
2842 387 3119 443 considera
3143 388 3284 456 quod

1707 479 1945 550 quisquis
1971 486 2208 532 mortuus
2236 487 2339 543 est,
2360 491 2547 532 servus
2570 486 2681 533 est:
2701 494 2818 547 qum
2847 492 2975 532 vero
2997 478 3288 548 Scriptura:

1709 570 2033 640 loquuntur,
2084 570 2329 639 loquutus
2375 578 2458 623 est
2503 569 2775 623 Dominus.
2808 568 3038 623 Proinde
3077 570 3285 624 etiamsi

1708 669 1949 715 mortuus
1974 659 2273 725 reviviscat,
2291 658 2497 714 etiamsi
2522 661 2739 729 angelus
2768 675 2799 713 e
2824 660 2955 715 caelo
2976 659 3285 727 descendat,

1710 751 1941 806 maxime
1966 750 2201 805 omnium
2232 749 2554 804 credendum
2584 760 2666 805 est
2691 750 2999 819 Scripturis.
3027 750 3158 805 Nam
3189 766 3288 805 an-

1710 842 1949 914 gelorum
1978 844 2234 897 Dominus
2256 883 2272 908 ,
2301 850 2628 895 mortuorum
2672 843 2867 909 pariter
2907 858 2969 898 ac
2998 843 3285 898 viventium

1710 937 1975 1001 dominus,
2004 936 2116 1003 ipse
2145 949 2237 989 eas
2264 933 2518 989 condidit.
2545 932 2626 987 Ad
2658 933 2769 987 haec
2796 933 2937 1003 quod
2965 949 3286 1003 supervaca-

1711 1042 1809 1081 nea
1832 1034 2071 1096 quaerant
2096 1025 2185 1095 qui
2211 1024 2516 1079 desiderant
2540 1032 2599 1087 ut
2626 1024 2818 1077 mortui
2858 1024 3000 1078 illinc
3028 1025 3247 1079 redeant
3270 1067 3287 1089 ,

1710 1128 1905 1189 praeter
1929 1118 2044 1173 haec
2066 1133 2185 1188 quas
2209 1117 2348 1172 dicta
2364 1125 2508 1182 sunt,
2539 1117 2699 1171 etiam
2726 1117 2792 1169 ab
2817 1115 2974 1185 hujus
3000 1118 3179 1171 mundi
3200 1117 3291 1171 tri~

1713 1210 1995 1265 bunalibus
2039 1211 2405 1266 demonstrare
2447 1209 2587 1264 licet.
2640 1208 2892 1264 Gchenna
2935 1224 3039 1263 non
3081 1190 3291 1264 videtur

1713 1304 2032 1359 incredulis:
2058 1318 2179 1357 nam
2207 1301 2544 1356 credentibus
2573 1310 2655 1355 est
2684 1301 2960 1370 perspicua
2992 1302 3293 1355 manifesta-

1682 1420 1683 1423 η
1713 1408 1835 1464 que,
1869 1404 2043 1447 tamen
2072 1393 2139 1447 ab
2169 1391 2457 1446 incredulis
2487 1407 2590 1444 non
2616 1391 2951 1459 perspicitur.
2984 1391 3293 1446 Tribunalia

1713 1488 1995 1554 videntur,
2043 1484 2384 1557 quotidieque
2428 1483 2671 1537 audimus
2717 1482 2857 1551 quod
2904 1483 2991 1537 ille
3033 1482 3294 1557 supplicio

1713 1577 1934 1634 allectus
1977 1586 2096 1643 est,
2128 1577 2267 1631 illius
2313 1577 2605 1647 proscripta
2654 1575 2790 1628 bona
2815 1616 2830 1637 ,
2862 1574 2997 1629 alius
3044 1583 3294 1643 operatur

1716 1672 1769 1726 in
1811 1670 2039 1738 fodinis,
2071 1670 2204 1725 alius
2247 1678 2466 1724 exustus
2506 1677 2588 1723 est
2629 1668 2772 1737 igni,
2806 1668 2939 1722 alius
2983 1668 3088 1721 alio
3117 1682 3291 1737 pmnzn

1714 1760 2066 1831 vindictmque
2091 1775 2285 1831 genere
2311 1759 2497 1828 periit:
2516 1767 2569 1812 et
2595 1768 2767 1812 tamen
2796 1756 2910 1811 hzec
2934 1772 3052 1813 cum
3072 1756 3292 1811 audiunt

1716 1854 1839 1907 mali
1866 1867 1929 1907 ac
1960 1851 2241 1906 facinorosi
2269 1849 2598 1917 maleﬁcique
2626 1863 2730 1901 non
2756 1846 3125 1901 emendantur.
3155 1844 3292 1913 Quid

1717 1960 1845 1998 vero
1870 1943 1990 1997 dico
2018 1942 2207 1996 mirum
2232 1982 2247 2006 ,
2277 1940 2417 2010 quod
2462 1940 2497 1993 ii
2524 1980 2538 2003 ,
2585 1940 2673 2006 qui
2718 1953 3005 2007 numquam
3036 1937 3086 1991 in
3116 1953 3177 1992 ea
3210 1938 3292 1991 in-

1686 2088 1687 2091 η
1715 2033 1961 2096 ciderint,
1993 2048 2097 2086 non
2124 2030 2505 2086 emendantur?
2527 2029 2673 2083 Multi
2699 2028 3007 2098 frequenter
3032 2028 3083 2081 in
3113 2028 3176 2081 iis
3201 2027 3295 2082 de-

1718 2122 1986 2193 prehensi,
2009 2131 2349 2191 posteaquam
2368 2119 2668 2190 effugerunt
2699 2133 2931 2188 ptenatn,
2950 2118 3296 2187 perfossoque

1717 2228 1934 2269 carcere
1974 2213 2139 2280 elapsi
2168 2219 2328 2275 sunt,
2355 2226 2542 2264 rursus
2572 2209 2754 2263 eadem
2783 2208 3159 2278 aggrediuntur
3180 2248 3195 2273 ,
3240 2217 3296 2262 et

1718 2304 1886 2358 multo
1906 2303 1989 2356 his
2010 2302 2346 2357 sceleratiora
2370 2308 2694 2368 perpetrant.

1791 2394 1981 2450 Μοτιαὶ
2006 2410 2162 2461 quare
2189 2409 2289 2447 non
2315 2402 2612 2463 appareant.
2628 2389 2791 2444 —Ne
2817 2391 2973 2459 igitur
2996 2405 3299 2459 qumramus

1719 2488 1833 2543 haec
1877 2488 2061 2542 audire
2090 2504 2119 2539 a
2150 2486 2373 2540 mortuis
2398 2527 2413 2551 ,
2444 2500 2561 2553 quze
2610 2483 2776 2536 multo
2821 2482 3016 2536 clarius
3062 2481 3299 2551 quotidie

1717 2594 1817 2635 nos
1840 2579 2035 2633 docent
2069 2592 2235 2632 sacrae
2261 2577 2447 2630 literae.
2479 2573 2613 2628 Nam
2640 2574 2683 2627 si
2724 2573 2957 2626 novisset
2985 2572 3085 2626 hoc
3116 2573 3254 2627 Deus
3276 2612 3297 2640 ,

1718 2673 1858 2744 quod
1910 2673 2105 2726 mortui
2150 2671 2364 2726 excitati
2414 2669 2713 2724 viventibus
2765 2674 2946 2722 essent
2993 2666 3294 2739 profuturi,

1718 2780 2048 2835 nequaquam
2090 2764 2393 2829 omisisset,
2442 2776 2612 2831 neque
2657 2769 2858 2814 tantum
2903 2760 3108 2815 lucrum
3154 2776 3295 2830 pra:-

1721 2856 1986 2919 teriisset,
2019 2854 2106 2924 qui
2151 2861 2339 2908 cuncta
2371 2851 2522 2906 nobis
2563 2851 2708 2904 utilia
2760 2858 3026 2920 procurat.
3054 2850 3135 2905 Ad
3183 2851 3298 2906 hmc

1720 2951 1766 3006 si
1795 2949 2008 3004 assidue
2034 2956 2187 3004 erant
2209 2945 2472 3001 excitandi
2500 2943 2733 3009 mortui,
2764 2942 3023 3012 nobisque
3045 2957 3164 3012 qua:
3191 2942 3299 2996 illic

1718 3052 1973 3115 geruntur
2000 3038 2347 3097 renuntiaturi
2376 3080 2391 3105 ,
2422 3046 2476 3093 et
2504 3037 2604 3092 hoc
2630 3037 2804 3105 ipsum
2845 3048 3129 3105 progressu
3158 3043 3295 3089 tem-

1718 3135 1864 3206 poris
1906 3134 2088 3189 fuisset
2114 3138 2471 3199 contemptum
2489 3144 2519 3205 ⁸ι
2552 3136 2809 3198 praeterea
2840 3140 3087 3195 perversa
3134 3125 3293 3180 etiam

1718 3225 1963 3295 dogmata
1992 3222 2232 3278 diabolus
2268 3219 2590 3284 invexisset,
2623 3218 2779 3287 idque
2803 3216 3089 3272 admodum
3122 3216 3293 3279 facile.

1721 3318 1983 3372 Potuisset
2007 3315 2149 3371 enim
2193 3313 2499 3382 frequenter
2524 3309 2805 3365 ostendere
2845 3308 3125 3362 simulacra
3149 3345 3165 3370 ,
3208 3316 3299 3360 aut

1719 3408 2013 3463 subornare
2030 3406 2117 3476 qui
2144 3404 2454 3458 simularent
2469 3410 2693 3455 mortem
2718 3415 2781 3453 ac
2802 3394 3153 3469 sepulturam,
3174 3414 3295 3452 mox

1721 3512 1905 3553 rursus
1930 3511 2051 3551 sese
2092 3494 2471 3557 ostenderent,
2503 3491 2650 3562 quasi
2680 3506 2712 3545 e
2738 3491 2960 3544 mortuis
3001 3491 3258 3544 excitatos
3280 3530 3295 3553 ,

1720 3606 1784 3646 ac
1825 3604 1922 3660 per
1968 3588 2086 3643 illos
2126 3598 2473 3657 qumcumque
2515 3582 2673 3636 vellet
2716 3579 3037 3650 persuadere
3077 3578 3295 3633 delusis.

1722 3682 1929 3737 Etenim
1960 3681 2005 3735 si
2036 3694 2173 3733 nunc
2202 3693 2321 3733 cum
2353 3678 2454 3730 tale
2483 3675 2612 3728 nihil
2639 3675 2727 3739 sit,
2758 3672 2961 3726 somnia
2994 3671 3295 3741 frequenter

1720 3770 2103 3827 dormientibus
2132 3769 2241 3822 visa
2260 3768 2418 3821 veluti
2446 3781 2649 3828 eorum,
2669 3764 2755 3832 qui
2786 3762 2908 3817 hinc
2932 3762 3296 3827 decesserunt,

1723 3863 1917 3918 multos
1969 3861 2329 3930 deceperunt,
2384 3856 2726 3925 perdiderunt
2779 3855 3296 3921 subverteruntque,

1723 3955 1888 4013 multo
1932 3951 2099 4021 magis
2147 3950 2196 4003 id
2240 3949 2556 4012 accidisset,
2602 3947 2645 4001 si
2692 3945 2803 3999 hoc-
2829 3943 3024 3999 factum
3069 3943 3293 4015 fuisset,

1721 4052 1878 4115 atque
1903 4042 1954 4096 in
1985 4039 2248 4095 mentibus
2275 4038 2547 4092 hominum
2576 4035 2919 4100 obtinuisset;
2938 4033 3080 4103 quod
3108 4049 3298 4103 nempe

1722 4136 1872 4191 multi
1898 4134 2265 4189 defunctorum
2290 4131 2572 4185 rediissent
2599 4129 2651 4183 in
2678 4129 2860 4193 vitam,
2888 4127 3298 4182 innumerabiles

1722 4227 2009 4283 sceleratus
2051 4225 2141 4279 ille
2185 4223 2393 4278 dzemon
2437 4221 2587 4274 dolos
2633 4219 2928 4287 texuisset,
2972 4218 3301 4287 multamque

1723 4319 1963 4374 fraudem
2009 4318 2060 4370 in
2092 4315 2251 4368 vitam
2293 4309 2906 4373 hominuminduxisset.
2948 4306 3132 4378 quue
3160 4298 3297 4361 Deus

72 4399 301 4491 fratrm.“
345 4439 476 4491 θυῖε,
524 4435 637 4501 ηιξ,
684 4399 886 4504 inquit,
931 4432 1009 4487 sic
1046 4399 1363 4500 ορίηέηωιιε
1394 4426 1533 4499 quod
1575 4427 1617 4483 si
1686 4410 1947 4490 3occlusit
1988 4409 2163 4473 fores,
2213 4419 2312 4460 nec
2353 4403 2610 4473 permittit
2655 4401 2883 4472 aliquem
2928 4399 3295 4455 defunctorum

1727 4505 1830 4559 huc
1855 4516 2130 4560 reversum
2157 4513 2395 4562 narrare,
2425 4495 2550 4567 quid
2581 4495 2688 4549 illic
2718 4495 2825 4557 fiat,
2858 4507 2925 4547 ne
2953 4492 3043 4547 ille
3078 4500 3297 4561 accepta

1725 4595 2003 4654 occasione
2016 4594 2232 4649 teclinas
2248 4606 2372 4645 suas
2387 4604 2571 4644 omnes
2587 4586 2817 4643 invehat.
2833 4584 2965 4641 Nam
2981 4599 3101 4640 cum
3120 4595 3298 4640 essent

1726 4687 1995 4759 prophetae
2018 4726 2034 4750 ,
2081 4680 2572 4754 pseudoprophetas
2617 4677 2881 4733 excitabat
2913 4694 2928 4730 :
2959 4690 3079 4730 cum
3120 4684 3299 4730 essent

1724 4777 1948 4847 apostoli
1972 4817 1987 4842 ,
2021 4772 2458 4845 pseudapostolos
2491 4791 2505 4824 :
2536 4785 2655 4824 cum
2692 4769 2936 4824 Christus
2976 4776 3297 4837 appareret,

1726 4869 2156 4941 pseudochristos
2188 4885 2201 4922 :
2233 4881 2352 4941 cum
2385 4865 2629 4933 dogmata
2659 4877 2785 4916 sana
2814 4861 3027 4915 inducta
3054 4859 3299 4923 fuissent,

1726 4971 1975 5032 corrupta
2032 4938 2363 5022 inducebat,
2421 4956 2613 5024 ubique
2668 4953 3020 5007 disseminaus
3074 4950 3299 5003 zizania.

1728 5057 1907 5127 Itaque
1930 5053 2137 5110 etiamsi
2184 5050 2312 5105 illud
2352 5050 2655 5110 evenisset,
2703 5045 2803 5099 hoc
2845 5058 3055 5114 quoque
3080 5051 3301 5096 conatus

1726 5148 1913 5203 fuisset
1954 5146 2149 5216 fingere
2189 5158 2285 5213 per
2327 5156 2420 5195 sua
2468 5153 2662 5209 organa
2687 5178 2703 5203 ,
2750 5152 2855 5191 non
2895 5150 3020 5190 vere
3060 5135 3301 5188 excitatis

1727 5241 1949 5297 mortuis
1973 5280 1987 5304 ,
2017 5237 2112 5294 sed
2143 5232 2414 5290 maleficiis
2441 5230 2751 5302 quibusdam
2776 5244 2840 5282 ac
2876 5227 3149 5282 fraudibus
3173 5240 3303 5281 con-

1727 5333 1986 5390 tuentium
2015 5328 2181 5384 oculis
2210 5324 2445 5395 deceptis
2468 5364 2483 5389 ,
2514 5332 2606 5376 aut
2630 5318 2891 5392 quosdam
2919 5317 3079 5373 etiam
3109 5316 3298 5371 subor-

1727 5440 1862 5484 nans
1882 5467 1896 5492 ,
1926 5418 2368 5494 quemadmodum
2407 5416 2583 5470 dicere
2609 5426 2874 5481 cmperam
2900 5451 2916 5475 ,
2947 5408 3037 5479 qui
3076 5414 3298 5462 mortem

1726 5519 2060 5581 simularent,
2088 5526 2296 5568 sursum
2326 5509 2574 5564 deorsum
2605 5503 2922 5567 miscuisset,
2950 5497 3301 5555 confudisset-

1728 5627 1832 5685 que
1854 5607 2051 5666 omnia.
2081 5602 2187 5659 Sed
2215 5602 2354 5657 Deus
2380 5640 2396 5665 ,
2422 5612 2542 5653 cum
2571 5595 2685 5650 tunc
2712 5592 2885 5648 omnia
2930 5588 3259 5661 prmvidisset
3281 5626 3299 5652 ,
3332 5596 3337 5597 '

1729 5684 1993 5778 praeclusit
2018 5699 2092 5755 illi
2122 5697 2257 5753 viam
2288 5692 2355 5748 ad
2384 5691 2481 5747 has
2511 5686 2729 5745 insidias
2752 5727 2767 5753 ,
2798 5684 3053 5754 nobisque
3079 5691 3303 5752 parcens
