3906 6236
530 271 661 324 ΙυΗ

529 405 636 444 ηοη
665 385 925 458 permisit,
946 384 1293 453 utquisquam
1313 392 1563 450 umquam
1581 377 1725 432 illinc
1745 375 1851 431 huc
1864 388 2117 431 reversus

528 480 595 537 de
623 480 689 534 iis
732 493 852 549 qua:
880 477 948 532 ibi
993 483 1117 528 sunt
1154 479 1395 527 narraret
1418 468 1720 525 viventibus
1762 466 2065 533 hominibus
2097 480 2112 517 :

528 575 727 631 docens
754 585 869 633 nos,
889 565 1250 636 utScripturis
1280 564 1457 633 potius
1483 560 1810 617 credendum
1839 559 2114 615 existime-

528 680 649 718 mus
674 705 688 728 ,
721 676 879 731 quam
925 655 1133 713 caeteris
1175 654 1442 708 omnibus.
1475 652 1761 722 Propterea
1803 648 1944 720 quod
1976 648 2117 702 Deus

526 758 700 811 multo
724 754 980 809 clariores
1010 749 1432 820 msignioresque
1460 760 1545 799 res
1572 754 1749 814 gestas
1770 782 1787 809 ,
1814 756 1973 811 quam
2004 740 2115 808 ipsa

527 850 597 904 sit
640 845 1005 909 resurrectio,
1053 842 1208 897 nobis
1252 836 1710 895 commonstravit.
1755 832 1950 889 Orbem
1994 831 2116 885 uni-

528 951 741 994 versum
773 933 1057 998 convertit,
1087 944 1324 987 errorem
1354 928 1549 997 abegit,
1582 925 1858 980 veritatem
1890 921 2113 987 induxit,

528 1045 625 1102 per
653 1029 897 1083 homines
910 1025 1221 1095 *piscatores
1244 1036 1309 1076 ac
1348 1021 1482 1074 viles
1509 1017 1623 1071 haec
1648 1015 1825 1071 omnia
1872 1013 2113 1083 peregit,

528 1122 757 1192 denique
807 1116 1018 1173 abunde
1044 1128 1237 1185 magna
1286 1127 1395 1166 suae
1424 1108 1769 1181 providentia:
1797 1106 2114 1161 documenta

528 1214 683 1269 nobis
707 1212 905 1281 ubique
934 1207 1176 1279 praebuit.
1206 1203 1284 1259 Ne
1313 1203 1490 1273 itaque
1513 1210 1760 1272 putemus
1786 1212 1874 1253 res
1903 1206 2116 1252 nostras

526 1305 687 1373 hujus
717 1304 837 1355 vitae
866 1300 1094 1355 termino
1136 1294 1499 1351 circumscribi
1525 1334 1538 1356 .
1571 1292 1667 1348 sed
1692 1289 1975 1346 credamus
2004 1287 2116 1342 fore

525 1395 777 1466 judicium
795 1407 859 1446 ac
879 1388 1362 1449 remunerationem
1385 1385 1643 1449 omnium,
1661 1395 2008 1452 quaecumque
2028 1377 2116 1433 hic

528 1504 558 1542 a
584 1486 735 1541 nobis
758 1492 1034 1555 geruntur.

599 1578 836 1637 Gentiles,
863 1573 1035 1628 Judwi
1054 1582 1099 1627 et
1123 1568 1359 1625 Παπιιὶσὶ
1381 1567 1694 1622 consentiunt
1715 1565 1778 1619 de
1800 1564 1995 1634 judicio
2027 1578 2115 1616 ea:-

524 1666 926 1724 tremo.——Nam
953 1665 1004 1719 id
1029 1673 1113 1719 est
1139 1662 1275 1717 adeo
1305 1660 1640 1715 manifestum
1664 1656 2115 1725 conspicuumque

521 1761 756 1823 cunctis,
805 1766 862 1811 ut
886 1767 940 1811 et
964 1754 1134 1811 Judaei
1175 1762 1228 1807 et
1265 1753 1466 1818 Grzeci,
1496 1761 1551 1805 et
1585 1748 1853 1815 haeretici,
1886 1747 2114 1802 breviter

520 1853 697 1908 omnis
720 1849 959 1920 quisquis
985 1857 1067 1903 est
1097 1847 1256 1900 homo
1277 1860 1438 1914 super
1463 1843 1547 1899 his
1575 1842 1890 1898 consentiat.
1917 1840 2114 1908 Quam-

519 1960 679 2014 quam
709 1942 848 1996 enim
895 1955 1000 1994 non
1040 1935 1487 2009 quemadmodum
1530 1934 1714 1999 decet,
1764 1933 1832 1987 de
1870 1946 2111 1988 resurre-

518 2035 698 2089 ctione
738 2030 1178 2101 philosophantur
1227 2042 1444 2091 omnes,
1497 2034 1729 2079 attamen
1775 2023 1842 2078 de
1875 2022 2113 2093 judicio,

520 2126 695 2198 deque
716 2123 909 2191 pdmis,
942 2121 1113 2191 deque
1131 2118 1479 2173 tribunalibus
1498 2132 1615 2187 quae
1639 2116 1746 2171 illic
1766 2124 1908 2181 sunt,
1927 2127 2113 2168 omnes

521 2214 879 2279 consentiunt,
908 2212 1014 2266 illic
1042 2225 1163 2266 esse
1183 2211 1411 2279 aliquam
1439 2223 1623 2263 eorum
1664 2222 1783 2277 quce
1810 2207 1896 2261 hic
1919 2221 2112 2277 gerun-

518 2313 609 2358 tur
645 2303 1126 2358 remunerationem
1159 2317 1177 2356 :
1211 2300 1350 2370 quod
1393 2301 1445 2354 ni
1487 2310 1662 2365 esset,
1707 2315 1810 2370 qua
1850 2299 1919 2355 de
1952 2313 2111 2354 causa

523 2395 667 2450 Deus
688 2395 876 2449 caelum
896 2404 1000 2447 tam
1026 2392 1260 2461 amplum
1283 2390 1629 2456 extendisset,
1661 2400 1853 2445 terram
1875 2390 2111 2445 substra-

517 2486 715 2551 luisset,
761 2501 910 2540 mare
958 2484 1266 2550 dilatasset,
1315 2498 1492 2537 acrem
1546 2482 1873 2548 diffudisset,
1913 2491 2109 2538 tantam

517 2579 903 2650 providentiam
943 2577 1288 2645 declarasset,
1332 2577 1430 2631 nisi
1462 2575 1527 2632 ad
1551 2578 1707 2634 linem
1740 2591 1907 2648 usque
1942 2576 2110 2632 nostri

518 2685 702 2726 curam
730 2669 1005 2725 habiturus
1030 2669 1216 2725 esset?

588 2762 643 2816 4.
676 2760 862 2815 Nonne
890 2759 1038 2815 vides
1066 2759 1263 2815 multos
1287 2800 1301 2824 ,
1339 2758 1426 2829 qui
1454 2774 1575 2814 cum
1619 2759 1811 2812 virtute
1839 2761 2106 2819 vixerunt,

520 2854 904 2923 innumeraque
924 2852 1065 2907 mala
1084 2852 1226 2923 passi
1248 2862 1391 2916 sunt,
1415 2850 1709 2906 decessisse
1736 2849 1872 2903 nulla
1894 2865 1949 2903 re
1971 2848 2109 2903 bona

516 2944 809 3013 percepta?
872 2944 1020 2998 Alios
1058 2952 1296 3010 contra,
1344 2956 1469 2995 cum
1529 2941 1746 2995 multam
1794 2940 2108 3011 pravitatem

518 3035 907 3102 commiserint,
953 3035 1155 3091 alienas
1184 3035 1460 3090 facultates
1492 3034 1799 3104 rapuerint,
1836 3033 2020 3089 viduas
2056 3043 2110 3089 et

516 3127 789 3198 orphauos
828 3127 1197 3198 spoliaverint,
1225 3114 1718 3195 oppresserintque,
1748 3125 1936 3194 opibus
1974 3124 2108 3181 deli-

510 3219 721 3289 ciisque
744 3226 798 3273 et
817 3218 1108 3272 innumeris
1134 3217 1288 3272 bonis
1317 3216 1459 3270 fruiti
1484 3216 1696 3280 fuerint,
1724 3213 2020 3271 decessisse
2041 3231 2109 3271 ne

510 3310 774 3366 tantulum
804 3309 1014 3380 quidem
1039 3308 1161 3363 mali
1191 3308 1418 3378 passos?

594 3403 840 3458 Probatio
859 3401 1255 3456 immortalitatis
1277 3401 1476 3454 enim.
1492 3399 1831 3467 —-Qua:nam
1851 3400 2010 3470 igitur
2025 3399 2107 3456 vel

518 3496 596 3550 illi
628 3496 833 3566 priores
861 3494 1072 3549 virtutis
1102 3495 1321 3564 praemia
1348 3493 1625 3563 recipient,
1663 3494 1855 3548 vetuisti
1874 3493 2106 3563 pravita-

518 3588 586 3642 tis
611 3587 779 3641 ferent
802 3587 1076 3657 supplicia,
1104 3586 1147 3640 si
1166 3594 1361 3640 nostrze
1388 3601 1474 3640 res
1497 3586 1637 3640 ultra
1661 3586 1819 3640 vitam
1847 3585 1984 3640 hanc
2001 3601 2105 3641 non

502 3679 904 3763 proferuntur?
933 3678 1063 3733 Nam
1090 3678 1134 3732 si
1161 3677 1302 3733 Deus
1326 3688 1426 3743 est,
1458 3678 1611 3733 sicuti
1639 3692 1821 3733 revera
1843 3686 1945 3742 est,
1980 3693 2105 3733 eum

514 3771 713 3841 justum
742 3784 863 3826 esse
900 3785 1059 3825 nemo
1097 3786 1200 3824 non
1228 3769 1500 3825 fatebitur.
1531 3770 1689 3841 Atqui
1718 3771 1762 3824 si
1788 3770 1962 3839 justas
2000 3778 2101 3836 est,

515 3872 571 3917 et
593 3862 675 3915 his
704 3872 758 3916 ct
790 3862 895 3915 illis
924 3861 1113 3916 reddet
1144 3876 1241 3931 pro
1276 3861 1515 3927 meritis,
1559 3870 1612 3916 et
1638 3860 1740 3915 hoc
1779 3861 1830 3914 in
1861 3860 2104 3915 confesso

512 3962 617 4007 est.
660 3951 813 4019 Quod
850 3952 897 4007 si
920 3960 975 4008 et
1004 3952 1087 4007 his
1116 3960 1169 4007 et
1200 3952 1305 4006 illis
1331 3951 1589 4021 rependet
1624 3967 1717 4021 pro
1745 3952 1949 4007 meritis
1971 3992 1985 4015 ,
2019 3951 2105 4006 bic

512 4059 644 4099 vero
690 4044 867 4098 nullus
908 4058 1093 4098 eorum
1134 4043 1366 4112 recepit,
1411 4057 1584 4112 neque
1620 4043 1709 4098 ille
1751 4044 2104 4112 improbitatis

517 4152 754 4207 ptenam,
798 4150 970 4205 neque
1000 4135 1088 4189 hic
1128 4135 1337 4189 virtutis
1366 4136 1582 4205 prtemia
1614 4153 1632 4191 :
1660 4137 1996 4205 perspicuum
2021 4142 2104 4192 est

509 4238 720 4284 restare
764 4238 972 4297 tempus
1012 4227 1223 4297 aliquod
1259 4227 1313 4281 in
1349 4241 1455 4296 quo
1497 4242 1795 4298 congruens
1823 4230 2102 4299 praemium

510 4320 707 4373 horum
743 4327 966 4388 uterque
994 4317 1149 4372 feret.

586 4411 918 4465 Conscientia
938 4409 1158 4464 tribunal
1178 4409 1547 4480 incorruptum.
1564 4436 1635 4449 --
1648 4408 1752 4465 Sed
1770 4425 1934 4481 quare
1948 4412 2104 4467 nobis

510 4504 752 4570 judiccm
783 4505 834 4559 in
862 4503 1043 4559 animo
1069 4502 1147 4558 sic
1172 4510 1432 4572 perpetuo
1454 4501 1758 4572 vigilantem
1777 4544 1792 4568 ,
1840 4512 1895 4557 et
1931 4512 2103 4559 atten-

505 4607 624 4649 tum
664 4596 808 4650 Deus
832 4595 1148 4651 constituit?
1173 4593 1565 4649 Conscientiam
1594 4594 1803 4664 loquor.
1829 4594 1939 4651 Nec
1958 4596 2101 4651 enim

504 4696 594 4741 est
638 4687 776 4741 ullus
810 4686 950 4740 inter
979 4686 1223 4740 homines
1256 4685 1391 4740 adeo
1417 4685 1657 4756 vigilans,
1696 4694 1755 4739 ut
1796 4694 1878 4740 est
1922 4696 2101 4742 nostra

507 4778 862 4833 conscientia.
903 4776 1035 4832 Nam
1067 4777 1271 4832 externi
1293 4775 1498 4847 judices
1522 4786 1575 4831 et
1601 4778 1838 4847 pecuniis
1866 4794 2104 4834 corrum-

512 4882 737 4941 puntur,
789 4880 843 4925 et
884 4869 1331 4925 assentatiouibus
1359 4869 1716 4938 jdcliniuntur,
1760 4881 1814 4927 et
1847 4881 1992 4927 metu
2029 4872 2103 4927 si-

511 4965 744 5029 mulant,
789 4963 1017 5033 denique
1045 4962 1208 5016 multa
1237 4970 1361 5016 sunt
1385 4962 1485 5015 alia
1511 4976 1629 5032 qua:
1655 4972 1857 5017 rectum
1892 4964 2100 5018 illorum

508 5058 768 5126 judicium
790 5055 1084 5126 depravant
1118 5073 1129 5108 :
1163 5064 1216 5108 at
1246 5055 1585 5110 conscientia:
1607 5055 1835 5109 tribunal
1859 5056 1983 5110 nulli
2007 5055 2103 5109 hoc

514 5150 717 5202 uiinum
754 5148 903 5201 novit
934 5146 1144 5213 cedere,
1188 5146 1281 5201 sed
1307 5146 1546 5212 quamvis
1571 5144 1781 5199 dederis
1809 5147 2061 5216 pecunias
2079 5190 2096 5215 ,

514 5241 757 5311 quamvis
785 5240 1027 5306 mineris,
1061 5240 1305 5310 quamvis
1327 5237 1470 5293 aliud
1497 5238 1753 5308 quidlibet
1774 5238 1982 5305 feceris,
2007 5240 2097 5310 ju-

516 5340 651 5383 stam
676 5330 811 5386 feret
830 5331 1150 5386 sententiam
1181 5329 1436 5384 adversus
1464 5337 1801 5397 peccatorum
1822 5330 2103 5400 cogitatio-

518 5435 634 5486 nes,
663 5421 798 5476 adeo
827 5432 879 5477 ut
912 5422 1028 5489 ipse
1052 5435 1265 5491 quoque
1286 5420 1381 5489 qui
1435 5428 1711 5488 peccatum
1738 5419 1973 5487 admisit,
2016 5437 2102 5478 se-

517 5511 691 5581 ipsum
748 5513 1103 5578 condemnet,
1136 5514 1295 5567 etiam
1350 5512 1393 5565 si
1446 5511 1583 5565 alius
1639 5511 1818 5567 nullus
1865 5523 2095 5569 accuset.

515 5600 697 5672 Neque
727 5601 777 5656 id
807 5602 974 5656 semel
1004 5613 1160 5671 atque
1196 5604 1408 5665 iterum,
1456 5602 1549 5657 sed
1591 5604 1805 5672 saepius,
1856 5603 1964 5658 imo
2005 5618 2099 5673 per

504 5712 729 5755 omnem
771 5695 931 5751 vitam
977 5695 1077 5751 hoc
1109 5697 1283 5752 facere
1329 5708 1437 5751 non
1471 5694 1710 5752 desinit:
1743 5706 1797 5754 et
1837 5696 1961 5753 licet
2008 5697 2091 5755 in-

1213 266 1273 323 s.
1310 259 1589 322 JUANNIS
1618 255 2092 317 CHRYSOSTOMI
2135 255 2451 313 ARClllEP.
2492 256 3026 315 CONSTAN'I’INOP.

3685 267 3814 321 liii?
3870 286 3871 289 ‘

2228 386 2362 443 gens
2412 374 2667 442 temporis
2714 373 3047 429 intervallum
3092 374 3488 440 intercesserit.
3532 395 3813 447 numquam

2226 477 2403 519 tamen
2443 465 2788 520 obliviscetur
2823 481 3008 521 eorum
3040 482 3166 537 qua:
3206 467 3340 523 facta
3379 483 3528 525 sunt.
3580 473 3728 539 Quin
3773 487 3817 527 ct

2224 573 2346 612 cum
2391 567 2727 627 perpetratur
2780 570 3089 627 peccatum,
3152 573 3206 616 et
3265 564 3577 633 priusquam
3634 582 3815 637 perpe-

2228 658 2416 713 tretur,
2468 660 2523 704 et
2563 661 2841 719 postquam
2886 662 2969 707 est
3007 663 3401 721 perpetratum,
3457 658 3694 713 acerbus
3736 676 3818 713 no.

2224 742 2307 798 bis
2368 742 2610 799 imminet
2665 754 2968 811 accusator,
3016 749 3245 803 maxime
3296 763 3426 803 vero
3474 761 3815 820 posteaquam

2226 844 2587 903 perpetratum
2643 836 2819 891 fuerit.
2884 836 3017 892 Nam
3082 839 3133 893 in
3174 840 3535 910 perpetrando
3594 844 3815 909 scelere,

2224 925 2476 993 quoniam
2523 924 2793 995 voluptate
2839 940 3022 981 sumus
3060 927 3225 994 ebrii,
3276 945 3381 984 non
3431 931 3665 997 perinde
3708 944 3813 985 sen-

2224 1014 2384 1069 timus
2429 1032 2443 1070 :
2492 1026 2744 1071 caeterum
2808 1017 2968 1071 simul
3017 1027 3179 1087 atque
3237 1021 3593 1077 commissum
3632 1022 3816 1085 fuel-tt.

2223 1108 2531 1178 eeperitque
2571 1108 2751 1174 tinem,
2798 1119 2907 1164 tum
2946 1109 3162 1167 demum
3205 1114 3471 1169 exstincta
3524 1116 3810 1185 voluptate.

2222 1212 2438 1254 amarus
2484 1200 2811 1269 ptenitentim
2852 1202 3098 1258 stimulus
3123 1204 3381 1270 succedit,
3431 1215 3633 1261 contra
3666 1223 3809 1276 quam

2222 1290 2464 1344 accidere
2510 1291 2649 1346 solet
2698 1292 3008 1348 mulieribus
3051 1294 3490 1363 parturientibus.
3547 1295 3685 1352 Nam
3721 1298 3811 1351 illis

2221 1390 2345 1437 ante
2371 1390 2579 1451 partum
2612 1381 2763 1436 labor
2786 1393 2869 1437 est
2894 1383 3080 1454 ingens
3099 1426 3113 1449 ,
3150 1400 3442 1457 gravesque
3472 1389 3637 1443 nixus
3659 1430 3677 1453 ,
3714 1389 3811 1443 dis-

2220 1482 2463 1527 secantes
2481 1487 2574 1528 eas
2607 1473 2953 1530 intolerandis
2973 1474 3247 1533 doloribus
3274 1493 3288 1531 :
3310 1487 3431 1547 post
3444 1489 3668 1548 partum
3694 1495 3811 1534 vero

2219 1567 2494 1634 relaxatio,
2536 1567 2720 1624 dolore
2757 1569 2913 1624 simul
2938 1584 3061 1625 cum
3087 1569 3289 1626 Infante
3320 1572 3681 1643 egrediente:
3720 1589 3808 1628 ve-

2219 1675 2337 1713 rum
2363 1659 2446 1714 hic
2471 1676 2575 1714 non
2600 1661 2744 1725 item,
2772 1661 2865 1716 sed
2883 1661 3007 1716 dum
3028 1664 3351 1732 parturimus
3370 1664 3806 1734 concipimusque

2218 1761 2497 1820 corruptos
2520 1751 2742 1808 aﬂ'eetus
2763 1796 2778 1819 ,
2818 1752 3146 1808 delectamur
3170 1753 3572 1826 gaudemusquc
3609 1775 3626 1811 :
3658 1767 3807 1811 ute-

2217 1858 2335 1896 rum
2351 1844 2433 1897 ubi
2454 1842 2707 1898 fuerimus
2727 1845 2868 1899 enixi
2890 1845 3084 1901 malum
3102 1846 3243 1901 illum
3265 1862 3490 1917 puerum
3513 1859 3803 1917 peccatum,

2220 1942 2327 1985 tum
2364 1944 2646 2003 conspecta
2673 1934 2908 1990 fwditate
2953 1944 3155 2004 partus,
3185 1937 3571 1993 discruciamur
3604 1942 3803 2009 gravius

2216 2038 2375 2092 quam
2404 2025 2665 2080 mulieres
2700 2027 3072 2095 parturientes.
3102 2028 3435 2099 QuaprOpter
3458 2046 3560 2094 ne.
3604 2047 3639 2083 ει
3660 2034 3799 2101 prin-

2216 2113 2357 2182 cipio
2383 2116 2631 2181 maxime,
2663 2117 3028 2187 concipiamus
3049 2119 3100 2172 in
3119 2120 3297 2174 animo
3320 2132 3641 2190 corruptam
3666 2124 3801 2194 cupi-

2214 2205 2433 2261 ditatem
2463 2224 2476 2262 :
2508 2208 2649 2277 quod
2676 2208 2721 2264 si
2750 2209 2963 2279 quando
2986 2212 3405 2281 conceperimus,
3433 2222 3619 2269 tamen
3646 2214 3794 2270 fetum

2216 2299 2357 2354 intus
2381 2297 2751 2368 praefocemus.
2792 2300 2995 2357 Rursus
3027 2302 3073 2356 si
3100 2300 3203 2358 huc
3228 2316 3395 2373 usque
3426 2303 3692 2360 fuerimus
3716 2322 3801 2361 ne-

2204 2391 2471 2462 gligentes
2489 2433 2505 2456 ,
2533 2391 2860 2462 iniquitatem
2889 2394 2942 2450 in
2986 2409 3119 2464 opus
3148 2410 3481 2466 progressam
3510 2412 3646 2453 mox
3672 2400 3800 2453 oeci.

2214 2481 2402 2538 damus
2432 2498 2526 2551 per
2551 2482 2964 2549 confessionem.
3005 2502 3098 2555 per
3122 2486 3401 2558 lacrymas,
3435 2504 3531 2557 per
3550 2490 3797 2559 proprio-

2214 2592 2329 2631 rum
2384 2578 2789 2633 commissorum
2839 2582 3253 2636 accusationem.
3310 2580 3452 2636 Nihil
3504 2583 3657 2639 enim
3704 2595 3799 2637 tam

2214 2668 2427 2725 exitiale
2469 2678 2708 2739 peccato,
2737 2686 2892 2741 quam
2927 2672 3130 2741 peccati
3167 2673 3433 2728 accusatio
3473 2674 3796 2729 condemna-

2214 2761 2413 2831 tioque.
2435 2776 2555 2816 cum
2587 2762 2913 2832 paenitudine
2943 2764 3292 2835 lacrymisque
3321 2764 3634 2835 conjuncta.
3663 2767 3796 2822 Con-

2210 2852 2472 2908 demnasti
2510 2863 2653 2909 tuum
2692 2855 3003 2925 peccatum?
3043 2855 3334 2925 deposuisti
3360 2858 3651 2915 sarcinam.
3680 2859 3799 2927 Quis

2212 2942 2330 2999 haec
2356 2944 2522 3000 dicit?
2562 2945 2681 3014 Ipse
2699 2947 2863 3015 judex
2890 2947 3049 3002 Deus.
3076 2946 3173 3001 Dic
3202 2958 3256 3002 tu
3283 2960 3484 3018 peccata
3520 2961 3618 3006 tua
3643 2951 3795 3021 prior,

2213 3044 2266 3088 ut
2275 3036 2570 3105 justi/iuris
2592 3036 2744 3109 (hui.
2772 3039 2863 3093 65.
2892 3037 3010 3109 26).
3030 3035 3136 3093 Cur
3158 3039 3315 3109 igitur
3341 3048 3394 3095 te
3411 3082 3425 3104 ,
3449 3055 3642 3109 quaeso
3661 3083 3677 3105 ,
3698 3057 3798 3111 μι-

2210 3128 2303 3184 det
2320 3172 2335 3195 ,
2367 3138 2423 3184 et
2450 3130 2723 3185 erubescis
2746 3131 2925 3186 dicere
2964 3140 3177 3201 peccata
3204 3133 3332 3189 tua?
3357 3132 3493 3188 Num
3520 3136 3679 3192 enim
3698 3135 3798 3189 Ἰκο-

2213 3220 2344 3275 mini
2373 3219 2526 3287 dicis,
2562 3231 2620 3275 ut
2647 3230 2701 3277 te
2720 3221 2917 3291 probro
2945 3221 3178 3278 efficiat?
3205 3222 3339 3278 Num
3366 3224 3509 3280 enim
3537 3240 3799 3281 conservo

2209 3311 2500 3377 confiteris,
2542 3321 2599 3366 ut
2635 3312 2687 3366 in
2735 3312 2999 3381 publicum
3033 3314 3307 3383 proferat?
3344 3315 3691 3373 lmoveroei
3715 3318 3797 3386 qui

2209 3402 2465 3458 Dominus
2493 3412 2595 3470 est,
2636 3404 2685 3459 ei
2709 3405 2799 3475 qui
2827 3404 2903 3459 tui
2927 3420 3109 3461 curam
3137 3406 3294 3476 gerit,
3334 3407 3795 3478 eiquihumanul

2209 3502 2311 3559 est,
2341 3494 2391 3550 ei
2419 3494 2510 3563 qui
2537 3494 2777 3550 medicus
2801 3505 2904 3564 est,
2932 3496 3167 3552 ostendis
3187 3496 3421 3554 vulnera.

2285 3584 2453 3652 Quare
2479 3586 2527 3639 ei
2560 3586 2900 3656 conﬁtendum
2925 3588 3010 3655 qui
3027 3587 3121 3642 scit
3145 3589 3331 3643 omnia.
3354 3588 3633 3659 -Neque
3658 3592 3794 3649 enim

2211 3676 2436 3746 ignorat,
2466 3678 2671 3732 etiamsi
2702 3688 2759 3733 tu
2785 3694 2890 3733 non
2919 3678 3140 3745 dixeris,
3173 3681 3261 3751 qui
3289 3681 3491 3737 sciebat
3516 3686 3684 3740 etiam
3708 3701 3792 3739 an-

2214 3779 2425 3838 tequam
2449 3779 2807 3839 perpeti-ares.
2832 3772 2967 3839 Quid
2992 3772 3152 3843 igitur
3170 3782 3253 3828 est
3280 3788 3473 3839 causae,
3492 3792 3605 3845 quo
3624 3778 3793 3832 minus

2208 3861 2392 3917 dicas?
2419 3863 2537 3921 Non
2557 3864 2699 3919 enim
2727 3879 2793 3920 ex
2819 3867 3155 3920 accusatione
3182 3876 3268 3921 tua
3298 3865 3353 3920 ﬁt
3377 3869 3594 3937 gravius
3613 3885 3791 3937 pecca-

2208 3963 2319 4009 tum
2350 3973 2363 4010 :
2408 3955 2517 4011 imo
2557 3971 2685 4012 vero
2723 3957 2902 4012 mitius
2942 3972 3005 4012 ac
3040 3958 3227 4013 levius.
3274 3959 3339 4013 Et
3377 3960 3445 4014 ob
3487 3960 3591 4016 hoc
3628 3962 3789 4031 ipsum

2209 4047 2351 4102 Deus
2378 4048 2489 4102 vult
2531 4056 2585 4103 te
2611 4047 2791 4103 dicere
2818 4066 2831 4102 :
2862 4064 2969 4104 non
3004 4059 3063 4105 ut
3093 4050 3347 4120 puniaris,
3374 4050 3470 4105 sed
3502 4060 3560 4106 ut
3586 4053 3787 4109 relaxe-

2207 4139 2316 4192 ris:
2346 4153 2452 4192 non
2480 4148 2539 4192 ut
2562 4138 2675 4208 ipse
2701 4140 2835 4194 sciat
2850 4149 3158 4209 peccatum:
3188 4156 3284 4196 cur
3301 4142 3441 4196 enim
3470 4143 3524 4197 id
3542 4146 3785 4213 postulet,

2204 4242 2327 4283 cum
2368 4229 2477 4299 jam
2510 4229 2679 4284 sciat?
2719 4230 2812 4285 sed
2843 4238 2901 4285 ut
2922 4230 3083 4297 scias,
3122 4240 3375 4301 quantum
3421 4232 3515 4286 tibi
3560 4233 3785 4289 debitum

2205 4320 2526 4375 remittatur.
2571 4320 2698 4378 Ideo
2721 4336 2851 4377 vero
2879 4321 2989 4377 vult
3026 4332 3078 4378 te
3096 4323 3236 4378 scire
3258 4322 3504 4379 beneficii
3530 4325 3784 4395 [agnitu-

2209 4412 2408 4479 dinem,
2456 4423 2516 4468 ut
2548 4422 2805 4483 perpetuo
2830 4415 3030 4485 gratias
3073 4429 3217 4486 agas,
3253 4426 3310 4470 ut
3350 4416 3570 4487 segnior
3614 4417 3783 4473 tiasad

2208 4502 2532 4572 peccandum
2553 4544 2567 4567 ,
2622 4512 2682 4558 ut
2710 4504 2777 4558 ad
2804 4505 3053 4561 virtutem
3090 4507 3406 4576 promptior.
3451 4506 3571 4564 Nisi
3601 4508 3783 4563 dixeris

2204 4592 2375 4648 debiti
2387 4594 2821 4664 magnitudinem,
2842 4611 2951 4651 non
2967 4611 3225 4666 agnosces
3233 4598 3414 4667 gratia:
3427 4601 3779 4655 eminentiam.

2207 4684 2344 4750 Non,
2375 4684 2562 4755 inquit,
2600 4700 2733 4756 cogo
2760 4687 2886 4741 tein
2917 4688 3149 4744 medium
3171 4688 3383 4757 prodire
3411 4688 3702 4747 theatrum.
3732 4706 3781 4743 με

2207 4779 2404 4832 multos
2431 4778 2687 4835 adhibere
2714 4789 2877 4836 testes
2909 4797 2922 4834 :
2970 4781 3103 4836 mihi
3137 4782 3237 4836 soli
3274 4782 3358 4836 dic
3384 4794 3663 4852 peccatum
3690 4802 3781 4851 pn-

2208 4871 2491 4933 vatim,ut
2526 4885 2706 4925 sanem
2751 4873 2902 4927 ulcus
2923 4914 2938 4939 ,
2974 4882 3135 4944 teque
3167 4874 3351 4929 dolore
3381 4875 3630 4930 liberem.
3674 4877 3782 4930 Idm

2208 4963 2361 5017 nobis
2384 4963 2573 5017 indidit
2592 4964 2992 5029 conscientiam,
3031 4966 3189 5036 idque
3215 4968 3399 5035 quovis
3430 4978 3583 5035 patre
3606 4984 3779 5021 aman-

2207 5057 2333 5110 tius.
2365 5055 2498 5110 Nam
2520 5064 2670 5125 pater
2686 5055 2772 5110 ubi
2799 5057 2986 5122 semel,
3016 5057 3223 5122 iterum,
3246 5073 3306 5111 ac
3337 5058 3521 5123 tertio,
3550 5059 3780 5115 deciesve
3870 5056 3871 5061 “

2206 5147 2371 5202 Ilium
2400 5147 2751 5215 iucrepaverit
2779 5165 2792 5201 :
2824 5148 2868 5201 si
2897 5148 3088 5203 viderit
3109 5148 3522 5217 incorrigibilem
3550 5165 3777 5211 manere.

2205 5238 2494 5310 desperans
2542 5237 2770 5307 abdicat,
2821 5239 3100 5310 expellite
3134 5238 3363 5305 familia,
3412 5255 3443 5294 a
3468 5243 3775 5311 cognatione

2206 5340 2432 5388 resecat.
2468 5332 2538 5385 At
2576 5345 2683 5387 non
2714 5331 2903 5386 eodem
2947 5331 3107 5387 modo
3130 5330 3485 5396 conscientia,
3530 5332 3627 5387 sed
3666 5332 3777 5386 licet

2205 5422 2390 5491 semel,
2421 5421 2543 5478 licet
2566 5423 2774 5489 iterum,
2798 5422 2921 5479 licet
2940 5432 3035 5488 ter,
3066 5423 3192 5478 licet
3210 5422 3405 5477 millies
3424 5422 3774 5483 admonuerit,

2206 5524 2365 5585 tuque
2398 5528 2505 5569 non
2536 5513 2895 5584 obtemperes,
2921 5514 3158 5570 monebit
3197 5514 3409 5581 iterum,
3438 5530 3538 5569 nec
3567 5514 3775 5570 desiStet

2205 5624 2373 5677 usque
2395 5608 2461 5663 ad
2482 5622 2788 5678 supremum
2816 5608 3035 5664 halitum
3063 5609 3174 5665 sive
3192 5608 3355 5673 domi,
3381 5609 3495 5663 sive
3524 5609 3577 5663 in
3607 5608 3776 5669 biviis,

2208 5702 2320 5757 sive
2351 5700 2407 5758 in
2431 5715 2636 5771 mensa,
2664 5700 2779 5757 sive
2802 5700 2855 5756 in
2887 5701 3021 5769 foro,
3050 5700 3161 5758 sive
3179 5700 3233 5755 in
3258 5700 3449 5757 itinere
3478 5716 3494 5753 :
3533 5698 3773 5769 ireque»
