  <div class='ocr_page' id='page_1' title='image "/cluster/home/n/w/nwhite01/storage/ocr_20150623/48/hvd.32044014784250/494.png"; bbox 0 0 3906 6244; ppageno 0'>
   <div class='ocr_carea' id='block_1_1' title="bbox 66 343 224 400">
    <p class='ocr_par' dir='ltr' id='par_1_1' title="bbox 66 343 224 400">
     <span class='ocr_line' id='line_1_1' title="bbox 66 343 224 400; baseline 0 0"><span class='ocrx_word' id='word_1_1' title='bbox 66 343 224 400; x_wconf 68' lang='grc' dir='ltr'>ιτιι</span> 
     </span>
    </p>
   </div>
   <div class='ocr_carea' id='block_1_2' title="bbox 59 442 1687 528">
    <p class='ocr_par' dir='ltr' id='par_1_2' title="bbox 59 442 1687 528">
     <span class='ocr_line' id='line_1_2' title="bbox 59 442 1687 528; baseline -0.01 -16"><span class='ocrx_word' id='word_1_2' title='bbox 59 457 328 528; x_wconf 84' lang='grc' dir='ltr'>ταύτην,</span> <span class='ocrx_word' id='word_1_3' title='bbox 357 457 453 510; x_wconf 76' lang='grc' dir='ltr'>καὶ</span> <span class='ocrx_word' id='word_1_4' title='bbox 500 454 815 525; x_wconf 76' lang='grc' dir='ltr'>φειδόμενος</span> <span class='ocrx_word' id='word_1_5' title='bbox 865 449 1044 522; x_wconf 74' lang='grc' dir='ltr'>ἡμῶν,</span> <span class='ocrx_word' id='word_1_6' title='bbox 1071 447 1132 500; x_wconf 82' lang='grc' dir='ltr'>ού</span> <span class='ocrx_word' id='word_1_7' title='bbox 1182 445 1578 528; x_wconf 77' lang='grc' dir='ltr'>συνεχώρησεν</span> <span class='ocrx_word' id='word_1_8' title='bbox 1601 442 1687 497; x_wconf 86' lang='grc' dir='ltr'>ἐλ-</span> 
     </span>
    </p>
   </div>
   <div class='ocr_carea' id='block_1_3' title="bbox 58 527 1686 605">
    <p class='ocr_par' dir='ltr' id='par_1_3' title="bbox 58 527 1686 605">
     <span class='ocr_line' id='line_1_3' title="bbox 58 527 1686 605; baseline -0.01 -10"><span class='ocrx_word' id='word_1_9' title='bbox 58 527 261 595; x_wconf 17' lang='grc' dir='ltr'>θόντιί</span> <span class='ocrx_word' id='word_1_10' title='bbox 287 540 404 593; x_wconf 90' lang='grc' dir='ltr'>τινί</span> <span class='ocrx_word' id='word_1_11' title='bbox 453 555 585 592; x_wconf 78' lang='grc' dir='ltr'>ποτε</span> <span class='ocrx_word' id='word_1_12' title='bbox 634 536 843 592; x_wconf 73' lang='grc' dir='ltr'>ἐκεῖθεν</span> <span class='ocrx_word' id='word_1_13' title='bbox 891 535 1022 605; x_wconf 71' lang='grc' dir='ltr'>περὶ</span> <span class='ocrx_word' id='word_1_14' title='bbox 1049 532 1154 585; x_wconf 88' lang='grc' dir='ltr'>τῶν</span> <span class='ocrx_word' id='word_1_15' title='bbox 1187 531 1305 583; x_wconf 86' lang='grc' dir='ltr'>ἐκεῖ</span> <span class='ocrx_word' id='word_1_16' title='bbox 1339 527 1686 605; x_wconf 79' lang='grc' dir='ltr'>διαλεχθῆναι</span> 
     </span>
    </p>
   </div>
   <div class='ocr_carea' id='block_1_4' title="bbox 57 597 1688 694">
    <p class='ocr_par' dir='ltr' id='par_1_4' title="bbox 57 597 1688 694">
     <span class='ocr_line' id='line_1_4' title="bbox 57 597 1688 694; baseline -0.01 -16"><span class='ocrx_word' id='word_1_17' title='bbox 57 628 188 688; x_wconf 84' lang='grc' dir='ltr'>τοῖς</span> <span class='ocrx_word' id='word_1_18' title='bbox 221 623 402 689; x_wconf 78' lang='grc' dir='ltr'>ζῶσιν</span> <span class='ocrx_word' id='word_1_19' title='bbox 444 620 776 694; x_wconf 88' lang='grc' dir='ltr'>ἀνθρώποις,</span> <span class='ocrx_word' id='word_1_20' title='bbox 813 597 1088 674; x_wconf 75' lang='grc' dir='ltr'>παιδεύων</span> <span class='ocrx_word' id='word_1_21' title='bbox 1112 617 1263 688; x_wconf 83' lang='grc' dir='ltr'>ἡμᾶς</span> <span class='ocrx_word' id='word_1_22' title='bbox 1295 597 1523 667; x_wconf 80' lang='grc' dir='ltr'>πάντων</span> <span class='ocrx_word' id='word_1_23' title='bbox 1539 597 1688 674; x_wconf 73' lang='grc' dir='ltr'>ἀξίο-</span> 
     </span>
    </p>
   </div>
   <div class='ocr_carea' id='block_1_5' title="bbox 58 694 1688 780">
    <p class='ocr_par' dir='ltr' id='par_1_5' title="bbox 58 694 1688 780">
     <span class='ocr_line' id='line_1_5' title="bbox 58 694 1688 780; baseline -0.009 -18"><span class='ocrx_word' id='word_1_24' title='bbox 58 708 432 780; x_wconf 77' lang='grc' dir='ltr'>πιστοτέρας</span> <span class='ocrx_word' id='word_1_25' title='bbox 477 704 733 777; x_wconf 76' lang='grc' dir='ltr'>ἡγεῖσθαι</span> <span class='ocrx_word' id='word_1_26' title='bbox 786 704 888 769; x_wconf 87' lang='grc' dir='ltr'>τὰς</span> <span class='ocrx_word' id='word_1_27' title='bbox 934 703 1084 768; x_wconf 85' lang='grc' dir='ltr'>θείας</span> <span class='ocrx_word' id='word_1_28' title='bbox 1125 699 1369 772; x_wconf 84' lang='grc' dir='ltr'>Γραφάς.</span> <span class='ocrx_word' id='word_1_29' title='bbox 1402 699 1546 752; x_wconf 85' lang='grc' dir='ltr'>Πολὺ</span> <span class='ocrx_word' id='word_1_30' title='bbox 1579 694 1688 766; x_wconf 85' lang='grc' dir='ltr'>γὰρ</span> 
     </span>
    </p>
   </div>
   <div class='ocr_carea' id='block_1_6' title="bbox 53 780 1689 864">
    <p class='ocr_par' dir='ltr' id='par_1_6' title="bbox 53 780 1689 864">
     <span class='ocr_line' id='line_1_6' title="bbox 53 780 1689 864; baseline -0.007 -17"><span class='ocrx_word' id='word_1_31' title='bbox 53 795 176 864; x_wconf 81' lang='grc' dir='ltr'>τῆς</span> <span class='ocrx_word' id='word_1_32' title='bbox 212 794 342 847; x_wconf 86' lang='grc' dir='ltr'>τῶν</span> <span class='ocrx_word' id='word_1_33' title='bbox 377 790 590 862; x_wconf 84' lang='grc' dir='ltr'>νεκρῶν</span> <span class='ocrx_word' id='word_1_34' title='bbox 627 790 981 852; x_wconf 80' lang='grc' dir='ltr'>ἀναστάσεως</span> <span class='ocrx_word' id='word_1_35' title='bbox 1014 785 1321 858; x_wconf 82' lang='grc' dir='ltr'>σαφέστερα</span> <span class='ocrx_word' id='word_1_36' title='bbox 1351 784 1484 855; x_wconf 83' lang='grc' dir='ltr'>ἡμῖν</span> <span class='ocrx_word' id='word_1_37' title='bbox 1519 780 1689 844; x_wconf 76' lang='grc' dir='ltr'>ἔδειξε</span> 
     </span>
    </p>
   </div>
   <div class='ocr_carea' id='block_1_7' title="bbox 58 865 1726 950">
    <p class='ocr_par' dir='ltr' id='par_1_7' title="bbox 58 865 1726 950">
     <span class='ocr_line' id='line_1_7' title="bbox 58 865 1726 950; baseline -0.008 -17"><span class='ocrx_word' id='word_1_38' title='bbox 58 880 406 950; x_wconf 77' lang='grc' dir='ltr'>πράγματα</span> <span class='ocrx_word' id='word_1_39' title='bbox 424 893 440 908; x_wconf 96' lang='grc'>·</span> <span class='ocrx_word' id='word_1_40' title='bbox 470 876 574 948; x_wconf 81' lang='grc' dir='ltr'>τὴν</span> <span class='ocrx_word' id='word_1_41' title='bbox 601 875 929 945; x_wconf 80' lang='grc' dir='ltr'>οἰκουμένην</span> <span class='ocrx_word' id='word_1_42' title='bbox 955 870 1291 943; x_wconf 79' lang='grc' dir='ltr'>ἐπέστρεψεν</span> <span class='ocrx_word' id='word_1_43' title='bbox 1321 869 1562 928; x_wconf 74' lang='grc' dir='ltr'>ἃπασαν,</span> <span class='ocrx_word' id='word_1_44' title='bbox 1589 865 1688 950; x_wconf 84' lang='grc' dir='ltr'>τὴν</span> <span class='ocrx_word' id='word_1_45' title='bbox 1720 922 1726 928; x_wconf 92' lang='lat'>_</span> 
     </span>
    </p>
   </div>
   <div class='ocr_carea' id='block_1_8' title="bbox 57 949 1688 1036">
    <p class='ocr_par' dir='ltr' id='par_1_8' title="bbox 57 949 1688 1036">
     <span class='ocr_line' id='line_1_8' title="bbox 57 949 1688 1036; baseline -0.009 -18"><span class='ocrx_word' id='word_1_46' title='bbox 57 949 311 1036; x_wconf 74' lang='grc' dir='ltr'>πλάνην</span> <span class='ocrx_word' id='word_1_47' title='bbox 337 962 606 1036; x_wconf 81' lang='grc' dir='ltr'>ἀπήλασε,</span> <span class='ocrx_word' id='word_1_48' title='bbox 639 961 741 1032; x_wconf 81' lang='grc' dir='ltr'>τὴν</span> <span class='ocrx_word' id='word_1_49' title='bbox 759 958 1019 1029; x_wconf 85' lang='grc' dir='ltr'>ἀλήθειαν</span> <span class='ocrx_word' id='word_1_50' title='bbox 1041 956 1383 1026; x_wconf 80' lang='grc' dir='ltr'>ἐπανήγαγε,</span> <span class='ocrx_word' id='word_1_51' title='bbox 1406 952 1473 1007; x_wconf 84' lang='grc' dir='ltr'>δι’</span> <span class='ocrx_word' id='word_1_52' title='bbox 1492 949 1688 1036; x_wconf 79' lang='grc' dir='ltr'>ἀλιέων</span> 
     </span>
    </p>
   </div>
   <div class='ocr_carea' id='block_1_9' title="bbox 58 1035 1688 1118">
    <p class='ocr_par' dir='ltr' id='par_1_9' title="bbox 58 1035 1688 1118">
     <span class='ocr_line' id='line_1_9' title="bbox 58 1035 1688 1118; baseline -0.01 -14"><span class='ocrx_word' id='word_1_53' title='bbox 58 1053 172 1104; x_wconf 77' lang='grc' dir='ltr'>καὶ</span> <span class='ocrx_word' id='word_1_54' title='bbox 203 1035 454 1104; x_wconf 76' lang='grc' dir='ltr'>εύτελῶν</span> <span class='ocrx_word' id='word_1_55' title='bbox 477 1044 783 1118; x_wconf 87' lang='grc' dir='ltr'>ἀνθρώπων</span> <span class='ocrx_word' id='word_1_56' title='bbox 806 1043 980 1097; x_wconf 88' lang='grc' dir='ltr'>ταῦτα</span> <span class='ocrx_word' id='word_1_57' title='bbox 1011 1041 1190 1096; x_wconf 86' lang='grc' dir='ltr'>πάντα</span> <span class='ocrx_word' id='word_1_58' title='bbox 1216 1036 1572 1109; x_wconf 80' lang='grc' dir='ltr'>κατώρθωσε,</span> <span class='ocrx_word' id='word_1_59' title='bbox 1592 1035 1688 1089; x_wconf 76' lang='grc' dir='ltr'>καὶ</span> 
     </span>
    </p>
   </div>
   <div class='ocr_carea' id='block_1_10' title="bbox 61 1118 1685 1199">
    <p class='ocr_par' dir='ltr' id='par_1_10' title="bbox 61 1118 1685 1199">
     <span class='ocr_line' id='line_1_10' title="bbox 61 1118 1685 1199; baseline -0.01 -12"><span class='ocrx_word' id='word_1_60' title='bbox 61 1134 293 1199; x_wconf 72' lang='grc' dir='ltr'>ἱκανάς</span> <span class='ocrx_word' id='word_1_61' title='bbox 348 1132 652 1198; x_wconf 79' lang='grc' dir='ltr'>ἀποδείξεις</span> <span class='ocrx_word' id='word_1_62' title='bbox 699 1129 800 1199; x_wconf 84' lang='grc' dir='ltr'>τῆς</span> <span class='ocrx_word' id='word_1_63' title='bbox 850 1126 1046 1182; x_wconf 88' lang='grc' dir='ltr'>ἐαυτοῦ</span> <span class='ocrx_word' id='word_1_64' title='bbox 1095 1123 1353 1198; x_wconf 76' lang='grc' dir='ltr'>προνοίας</span> <span class='ocrx_word' id='word_1_65' title='bbox 1407 1118 1685 1190; x_wconf 81' lang='grc' dir='ltr'>πανταχοῦ</span> 
     </span>
    </p>
   </div>
   <div class='ocr_carea' id='block_1_11' title="bbox 59 1205 1686 1290">
    <p class='ocr_par' dir='ltr' id='par_1_11' title="bbox 59 1205 1686 1290">
     <span class='ocr_line' id='line_1_11' title="bbox 59 1205 1686 1290; baseline -0.009 -18"><span class='ocrx_word' id='word_1_66' title='bbox 59 1220 378 1290; x_wconf 79' lang='grc' dir='ltr'>παρέσχεν</span> <span class='ocrx_word' id='word_1_67' title='bbox 427 1219 583 1288; x_wconf 82' lang='grc' dir='ltr'>ἡμῖν.</span> <span class='ocrx_word' id='word_1_68' title='bbox 614 1215 705 1286; x_wconf 85' lang='grc' dir='ltr'>Μὴ</span> <span class='ocrx_word' id='word_1_69' title='bbox 754 1212 936 1266; x_wconf 81' lang='grc' dir='ltr'>τοίνυν</span> <span class='ocrx_word' id='word_1_70' title='bbox 969 1209 1133 1282; x_wconf 87' lang='grc' dir='ltr'>μέχρι</span> <span class='ocrx_word' id='word_1_71' title='bbox 1157 1208 1250 1264; x_wconf 90' lang='grc' dir='ltr'>τοῦ</span> <span class='ocrx_word' id='word_1_72' title='bbox 1275 1206 1542 1279; x_wconf 81' lang='grc' dir='ltr'>παρόντος</span> <span class='ocrx_word' id='word_1_73' title='bbox 1569 1205 1686 1274; x_wconf 85' lang='grc' dir='ltr'>βίου</span> 
     </span>
    </p>
   </div>
   <div class='ocr_carea' id='block_1_12' title="bbox 58 1290 1687 1376">
    <p class='ocr_par' dir='ltr' id='par_1_12' title="bbox 58 1290 1687 1376">
     <span class='ocr_line' id='line_1_12' title="bbox 58 1290 1687 1376; baseline -0.01 -18"><span class='ocrx_word' id='word_1_74' title='bbox 58 1305 139 1358; x_wconf 75' lang='grc' dir='ltr'>τὰ</span> <span class='ocrx_word' id='word_1_75' title='bbox 163 1304 439 1376; x_wconf 82' lang='grc' dir='ltr'>ἡμέτερα</span> <span class='ocrx_word' id='word_1_76' title='bbox 465 1297 884 1370; x_wconf 69' lang='grc' dir='ltr'>συγκεκλεῖσθαι</span> <span class='ocrx_word' id='word_1_77' title='bbox 907 1295 1239 1367; x_wconf 83' lang='grc' dir='ltr'>νομίζωμεν,</span> <span class='ocrx_word' id='word_1_78' title='bbox 1258 1293 1394 1346; x_wconf 88' lang='grc' dir='ltr'>ἀλλά</span> <span class='ocrx_word' id='word_1_79' title='bbox 1417 1290 1687 1376; x_wconf 82' lang='grc' dir='ltr'>πιστεύω-</span> 
     </span>
    </p>
   </div>
   <div class='ocr_carea' id='block_1_13' title="bbox 60 1374 1688 1459">
    <p class='ocr_par' dir='ltr' id='par_1_13' title="bbox 60 1374 1688 1459">
     <span class='ocr_line' id='line_1_13' title="bbox 60 1374 1688 1459; baseline -0.01 -16"><span class='ocrx_word' id='word_1_80' title='bbox 60 1374 214 1459; x_wconf 67' lang='grc' dir='ltr'>μεν,</span> <span class='ocrx_word' id='word_1_81' title='bbox 233 1390 322 1442; x_wconf 86' lang='grc' dir='ltr'>ὃτι</span> <span class='ocrx_word' id='word_1_82' title='bbox 345 1374 562 1450; x_wconf 85' lang='grc' dir='ltr'>πάντως</span> <span class='ocrx_word' id='word_1_83' title='bbox 587 1385 740 1438; x_wconf 69' lang='grc' dir='ltr'>ἔσται</span> <span class='ocrx_word' id='word_1_84' title='bbox 769 1382 949 1455; x_wconf 90' lang='grc' dir='ltr'>κρίσις</span> <span class='ocrx_word' id='word_1_85' title='bbox 978 1380 1071 1434; x_wconf 82' lang='grc' dir='ltr'>καὶ</span> <span class='ocrx_word' id='word_1_86' title='bbox 1098 1377 1450 1440; x_wconf 86' lang='grc' dir='ltr'>ἀνταπόδοσις</span> <span class='ocrx_word' id='word_1_87' title='bbox 1473 1374 1581 1428; x_wconf 88' lang='grc' dir='ltr'>τῶν</span> <span class='ocrx_word' id='word_1_88' title='bbox 1602 1377 1688 1429; x_wconf 78' lang='grc' dir='ltr'>έν-</span> 
     </span>
    </p>
   </div>
   <div class='ocr_carea' id='block_1_14' title="bbox 58 1463 1264 1542">
    <p class='ocr_par' dir='ltr' id='par_1_14' title="bbox 58 1463 1264 1542">
     <span class='ocr_line' id='line_1_14' title="bbox 58 1463 1264 1542; baseline -0.007 -16"><span class='ocrx_word' id='word_1_89' title='bbox 58 1473 274 1528; x_wconf 81' lang='grc' dir='ltr'>ταῦθα</span> <span class='ocrx_word' id='word_1_90' title='bbox 311 1470 443 1542; x_wconf 84' lang='grc' dir='ltr'>παρ’</span> <span class='ocrx_word' id='word_1_91' title='bbox 468 1468 626 1540; x_wconf 80' lang='grc' dir='ltr'>ἡμῶν</span> <span class='ocrx_word' id='word_1_92' title='bbox 653 1466 956 1538; x_wconf 83' lang='grc' dir='ltr'>γινομένων</span> <span class='ocrx_word' id='word_1_93' title='bbox 987 1463 1264 1518; x_wconf 83' lang='grc' dir='ltr'>ἁπάντων.</span> 
     </span>
    </p>
   </div>
   <div class='ocr_carea' id='block_1_15' title="bbox 141 1545 1684 1625">
    <p class='ocr_par' dir='ltr' id='par_1_15' title="bbox 141 1545 1684 1625">
     <span class='ocr_line' id='line_1_15' title="bbox 141 1545 1684 1625; baseline -0.01 -15"><span class='ocrx_word' id='word_1_94' title='bbox 141 1557 345 1610; x_wconf 87' lang='grc' dir='ltr'>Τοῦτο</span> <span class='ocrx_word' id='word_1_95' title='bbox 391 1553 500 1625; x_wconf 89' lang='grc' dir='ltr'>γάρ</span> <span class='ocrx_word' id='word_1_96' title='bbox 530 1552 704 1615; x_wconf 79' lang='grc' dir='ltr'>οὔτως</span> <span class='ocrx_word' id='word_1_97' title='bbox 738 1551 854 1604; x_wconf 76' lang='grc' dir='ltr'>ἐστὶ</span> <span class='ocrx_word' id='word_1_98' title='bbox 885 1548 1053 1616; x_wconf 77' lang='grc' dir='ltr'>σαφὲς</span> <span class='ocrx_word' id='word_1_99' title='bbox 1081 1545 1177 1603; x_wconf 62' lang='grc' dir='ltr'>καὶ¹</span> <span class='ocrx_word' id='word_1_100' title='bbox 1217 1546 1446 1616; x_wconf 78' lang='grc' dir='ltr'>ἐναργὲς</span> <span class='ocrx_word' id='word_1_101' title='bbox 1497 1546 1684 1604; x_wconf 78' lang='grc' dir='ltr'>πᾶσιν,</span> 
     </span>
    </p>
   </div>
   <div class='ocr_carea' id='block_1_16' title="bbox 63 1625 1685 1704">
    <p class='ocr_par' dir='ltr' id='par_1_16' title="bbox 63 1625 1685 1704">
     <span class='ocr_line' id='line_1_16' title="bbox 63 1625 1685 1704; baseline -0.01 -11"><span class='ocrx_word' id='word_1_102' title='bbox 63 1642 152 1704; x_wconf 84' lang='grc' dir='ltr'>ὡς</span> <span class='ocrx_word' id='word_1_103' title='bbox 185 1640 298 1694; x_wconf 75' lang='grc' dir='ltr'>καὶ</span> <span class='ocrx_word' id='word_1_104' title='bbox 342 1635 629 1698; x_wconf 80' lang='grc' dir='ltr'>Ἰουδαίους</span> <span class='ocrx_word' id='word_1_105' title='bbox 661 1635 756 1688; x_wconf 71' lang='grc' dir='ltr'>καὶ</span> <span class='ocrx_word' id='word_1_106' title='bbox 786 1631 1056 1702; x_wconf 85' lang='grc' dir='ltr'>Ἕλληνας</span> <span class='ocrx_word' id='word_1_107' title='bbox 1089 1631 1185 1684; x_wconf 80' lang='grc' dir='ltr'>καὶ</span> <span class='ocrx_word' id='word_1_108' title='bbox 1224 1627 1558 1699; x_wconf 79' lang='grc' dir='ltr'>αίρετικοὸς,</span> <span class='ocrx_word' id='word_1_109' title='bbox 1591 1625 1685 1679; x_wconf 72' lang='grc' dir='ltr'>καὶ</span> 
     </span>
    </p>
   </div>
   <div class='ocr_carea' id='block_1_17' title="bbox 65 1712 1687 1789">
    <p class='ocr_par' dir='ltr' id='par_1_17' title="bbox 65 1712 1687 1789">
     <span class='ocr_line' id='line_1_17' title="bbox 65 1712 1687 1789; baseline -0.01 -10"><span class='ocrx_word' id='word_1_110' title='bbox 65 1725 280 1779; x_wconf 86' lang='grc' dir='ltr'>πάντα</span> <span class='ocrx_word' id='word_1_111' title='bbox 308 1721 586 1777; x_wconf 81' lang='grc' dir='ltr'>ὁντιναοῦν</span> <span class='ocrx_word' id='word_1_112' title='bbox 627 1719 915 1789; x_wconf 81' lang='grc' dir='ltr'>ἄνθρωπον</span> <span class='ocrx_word' id='word_1_113' title='bbox 949 1716 1090 1786; x_wconf 84' lang='grc' dir='ltr'>ὑπὲρ</span> <span class='ocrx_word' id='word_1_114' title='bbox 1118 1712 1324 1766; x_wconf 88' lang='grc' dir='ltr'>τούτων</span> <span class='ocrx_word' id='word_1_115' title='bbox 1368 1714 1687 1783; x_wconf 83' lang='grc' dir='ltr'>ὁμογνωμο-</span> 
     </span>
    </p>
   </div>
   <div class='ocr_carea' id='block_1_18' title="bbox 64 1794 1688 1879">
    <p class='ocr_par' dir='ltr' id='par_1_18' title="bbox 64 1794 1688 1879">
     <span class='ocr_line' id='line_1_18' title="bbox 64 1794 1688 1879; baseline -0.01 -16"><span class='ocrx_word' id='word_1_116' title='bbox 64 1812 230 1863; x_wconf 89' lang='grc' dir='ltr'>νεῖν.</span> <span class='ocrx_word' id='word_1_117' title='bbox 261 1810 329 1862; x_wconf 73' lang='lat' dir='ltr'><strong>Ei</strong></span> <span class='ocrx_word' id='word_1_118' title='bbox 377 1806 488 1879; x_wconf 84' lang='grc' dir='ltr'>γὰρ</span> <span class='ocrx_word' id='word_1_119' title='bbox 539 1803 632 1858; x_wconf 78' lang='grc' dir='ltr'>καὶ</span> <span class='ocrx_word' id='word_1_120' title='bbox 682 1802 756 1874; x_wconf 82' lang='grc' dir='ltr'>μὴ</span> <span class='ocrx_word' id='word_1_121' title='bbox 802 1800 984 1864; x_wconf 86' lang='grc' dir='ltr'>καθὼς</span> <span class='ocrx_word' id='word_1_122' title='bbox 1022 1799 1266 1870; x_wconf 84' lang='grc' dir='ltr'>προσῆκε</span> <span class='ocrx_word' id='word_1_123' title='bbox 1295 1798 1423 1868; x_wconf 73' lang='grc' dir='ltr'>περὶ</span> <span class='ocrx_word' id='word_1_124' title='bbox 1451 1794 1688 1849; x_wconf 81' lang='grc' dir='ltr'>ἀναστά-</span> 
     </span>
    </p>
   </div>
   <div class='ocr_carea' id='block_1_19' title="bbox 67 1879 1686 1962">
    <p class='ocr_par' dir='ltr' id='par_1_19' title="bbox 67 1879 1686 1962">
     <span class='ocr_line' id='line_1_19' title="bbox 67 1879 1686 1962; baseline -0.01 -14"><span class='ocrx_word' id='word_1_125' title='bbox 67 1912 239 1958; x_wconf 88' lang='grc' dir='ltr'>σεως</span> <span class='ocrx_word' id='word_1_126' title='bbox 273 1890 658 1962; x_wconf 78' lang='grc' dir='ltr'>φιλοσοφοῦσιν</span> <span class='ocrx_word' id='word_1_127' title='bbox 687 1889 950 1950; x_wconf 75' lang='grc' dir='ltr'>ἅπαντες,</span> <span class='ocrx_word' id='word_1_128' title='bbox 981 1884 1094 1938; x_wconf 89' lang='grc' dir='ltr'>ἀλλ’</span> <span class='ocrx_word' id='word_1_129' title='bbox 1114 1885 1264 1955; x_wconf 85' lang='grc' dir='ltr'>ὅμως</span> <span class='ocrx_word' id='word_1_130' title='bbox 1296 1880 1544 1953; x_wconf 78' lang='grc' dir='ltr'>περὶτῆς</span> <span class='ocrx_word' id='word_1_131' title='bbox 1566 1879 1686 1950; x_wconf 90' lang='grc' dir='ltr'>κρί-</span> 
     </span>
    </p>
   </div>
   <div class='ocr_carea' id='block_1_20' title="bbox 67 1963 1686 2045">
    <p class='ocr_par' dir='ltr' id='par_1_20' title="bbox 67 1963 1686 2045">
     <span class='ocr_line' id='line_1_20' title="bbox 67 1963 1686 2045; baseline -0.012 -11"><span class='ocrx_word' id='word_1_132' title='bbox 67 1996 239 2042; x_wconf 85' lang='grc' dir='ltr'>σεως</span> <span class='ocrx_word' id='word_1_133' title='bbox 292 1977 390 2031; x_wconf 74' lang='grc' dir='ltr'>καὶ</span> <span class='ocrx_word' id='word_1_134' title='bbox 442 1975 545 2045; x_wconf 83' lang='grc' dir='ltr'>τῆς</span> <span class='ocrx_word' id='word_1_135' title='bbox 596 1972 873 2036; x_wconf 79' lang='grc' dir='ltr'>κολάσεως</span> <span class='ocrx_word' id='word_1_136' title='bbox 915 1967 1142 2024; x_wconf 73' lang='grc' dir='ltr'>καὶτῶν</span> <span class='ocrx_word' id='word_1_137' title='bbox 1175 1969 1292 2021; x_wconf 76' lang='grc' dir='ltr'>ἐκεῖ</span> <span class='ocrx_word' id='word_1_138' title='bbox 1316 1963 1686 2036; x_wconf 81' lang='grc' dir='ltr'>δικαστηρίων</span> 
     </span>
    </p>
   </div>
   <div class='ocr_carea' id='block_1_21' title="bbox 68 2049 1683 2131">
    <p class='ocr_par' dir='ltr' id='par_1_21' title="bbox 68 2049 1683 2131">
     <span class='ocr_line' id='line_1_21' title="bbox 68 2049 1683 2131; baseline -0.012 -12"><span class='ocrx_word' id='word_1_139' title='bbox 68 2068 348 2125; x_wconf 77' lang='grc' dir='ltr'>ἅπαντες</span> <span class='ocrx_word' id='word_1_140' title='bbox 393 2057 794 2131; x_wconf 83' lang='grc' dir='ltr'>συμφωνοῦσιν,</span> <span class='ocrx_word' id='word_1_141' title='bbox 823 2056 906 2109; x_wconf 88' lang='grc' dir='ltr'>ὃτι</span> <span class='ocrx_word' id='word_1_142' title='bbox 949 2054 1065 2107; x_wconf 78' lang='grc' dir='ltr'>ἐστι</span> <span class='ocrx_word' id='word_1_143' title='bbox 1093 2070 1178 2116; x_wconf 88' lang='grc' dir='ltr'>τις</span> <span class='ocrx_word' id='word_1_144' title='bbox 1201 2050 1311 2104; x_wconf 87' lang='grc' dir='ltr'>τῶν</span> <span class='ocrx_word' id='word_1_145' title='bbox 1341 2049 1572 2104; x_wconf 84' lang='grc' dir='ltr'>ἐνταῦθα</span> <span class='ocrx_word' id='word_1_146' title='bbox 1593 2065 1683 2115; x_wconf 88' lang='grc' dir='ltr'>γι-</span> 
     </span>
    </p>
   </div>
   <div class='ocr_carea' id='block_1_22' title="bbox 65 2130 1685 2220">
    <p class='ocr_par' dir='ltr' id='par_1_22' title="bbox 65 2130 1685 2220">
     <span class='ocr_line' id='line_1_22' title="bbox 65 2130 1685 2220; baseline -0.011 -18"><span class='ocrx_word' id='word_1_147' title='bbox 65 2147 346 2220; x_wconf 78' lang='grc' dir='ltr'>νομένων</span> <span class='ocrx_word' id='word_1_148' title='bbox 390 2130 658 2206; x_wconf 83' lang='grc' dir='ltr'>ἀντίδοσις</span> <span class='ocrx_word' id='word_1_149' title='bbox 705 2142 844 2194; x_wconf 83' lang='grc' dir='ltr'>ἐκεῖ.</span> <span class='ocrx_word' id='word_1_150' title='bbox 877 2138 940 2193; x_wconf 84' lang='grc' dir='ltr'><strong>Εἰ</strong></span> <span class='ocrx_word' id='word_1_151' title='bbox 967 2137 1076 2208; x_wconf 81' lang='grc' dir='ltr'>γάρ</span> <span class='ocrx_word' id='word_1_152' title='bbox 1111 2136 1187 2207; x_wconf 81' lang='grc' dir='ltr'>μὴ</span> <span class='ocrx_word' id='word_1_153' title='bbox 1215 2133 1375 2220; x_wconf 86' lang='grc' dir='ltr'>τοῦτο</span> <span class='ocrx_word' id='word_1_154' title='bbox 1410 2130 1501 2220; x_wconf 82' lang='grc' dir='ltr'>ἦν,</span> <span class='ocrx_word' id='word_1_155' title='bbox 1540 2133 1685 2220; x_wconf 80' lang='grc' dir='ltr'>τίνος</span> 
     </span>
    </p>
   </div>
   <div class='ocr_carea' id='block_1_23' title="bbox 64 2217 1686 2302">
    <p class='ocr_par' dir='ltr' id='par_1_23' title="bbox 64 2217 1686 2302">
     <span class='ocr_line' id='line_1_23' title="bbox 64 2217 1686 2302; baseline -0.007 -18"><span class='ocrx_word' id='word_1_156' title='bbox 64 2217 287 2286; x_wconf 71' lang='grc' dir='ltr'>ἕνεκεν</span> <span class='ocrx_word' id='word_1_157' title='bbox 320 2228 552 2302; x_wconf 76' lang='grc' dir='ltr'>οὐρανὸν</span> <span class='ocrx_word' id='word_1_158' title='bbox 583 2225 837 2280; x_wconf 87' lang='grc' dir='ltr'>τοσοῦτον</span> <span class='ocrx_word' id='word_1_159' title='bbox 862 2222 1056 2287; x_wconf 80' lang='grc' dir='ltr'>ἔτεινε,</span> <span class='ocrx_word' id='word_1_160' title='bbox 1087 2221 1192 2290; x_wconf 81' lang='grc' dir='ltr'>γῆν</span> <span class='ocrx_word' id='word_1_161' title='bbox 1219 2219 1572 2290; x_wconf 81' lang='grc' dir='ltr'>ὑπεστόρεσε,</span> <span class='ocrx_word' id='word_1_162' title='bbox 1591 2217 1686 2272; x_wconf 83' lang='grc' dir='ltr'>θά-</span> 
     </span>
    </p>
   </div>
   <div class='ocr_carea' id='block_1_24' title="bbox 66 2303 1685 2387">
    <p class='ocr_par' dir='ltr' id='par_1_24' title="bbox 66 2303 1685 2387">
     <span class='ocr_line' id='line_1_24' title="bbox 66 2303 1685 2387; baseline -0.009 -17"><span class='ocrx_word' id='word_1_163' title='bbox 66 2319 308 2372; x_wconf 85' lang='grc' dir='ltr'>λασσαν</span> <span class='ocrx_word' id='word_1_164' title='bbox 353 2314 628 2387; x_wconf 75' lang='grc' dir='ltr'>ἥπλωσεν.</span> <span class='ocrx_word' id='word_1_165' title='bbox 668 2310 809 2382; x_wconf 85' lang='grc' dir='ltr'>ἀέρα</span> <span class='ocrx_word' id='word_1_166' title='bbox 859 2305 1064 2379; x_wconf 76' lang='grc' dir='ltr'>ἐξέχεε,</span> <span class='ocrx_word' id='word_1_167' title='bbox 1115 2303 1384 2375; x_wconf 78' lang='grc' dir='ltr'>τοσαύτην</span> <span class='ocrx_word' id='word_1_168' title='bbox 1430 2304 1685 2387; x_wconf 62' lang='grc' dir='ltr'>¹πρόνοιαν</span> 
     </span>
    </p>
   </div>
   <div class='ocr_carea' id='block_1_25' title="bbox 66 2382 1692 2469">
    <p class='ocr_par' dir='ltr' id='par_1_25' title="bbox 66 2382 1692 2469">
     <span class='ocr_line' id='line_1_25' title="bbox 66 2382 1692 2469; baseline -0.014 -14"><span class='ocrx_word' id='word_1_169' title='bbox 66 2382 437 2464; x_wconf 73' lang='grc' dir='ltr'>ἐπεδείξατο,</span> <span class='ocrx_word' id='word_1_170' title='bbox 465 2400 516 2452; x_wconf 83' lang='grc' dir='ltr'>εἰ</span> <span class='ocrx_word' id='word_1_171' title='bbox 546 2395 620 2469; x_wconf 80' lang='grc' dir='ltr'>μὴ</span> <span class='ocrx_word' id='word_1_172' title='bbox 659 2397 820 2468; x_wconf 83' lang='grc' dir='ltr'>μέχρι</span> <span class='ocrx_word' id='word_1_173' title='bbox 850 2393 1037 2455; x_wconf 79' lang='grc' dir='ltr'>τέλους</span> <span class='ocrx_word' id='word_1_174' title='bbox 1079 2387 1302 2460; x_wconf 79' lang='grc' dir='ltr'>ἔμελλεν</span> <span class='ocrx_word' id='word_1_175' title='bbox 1347 2382 1503 2456; x_wconf 80' lang='grc' dir='ltr'>ἡμῶν</span> <span class='ocrx_word' id='word_1_176' title='bbox 1544 2399 1692 2455; x_wconf 90' lang='grc' dir='ltr'>προ-</span> 
     </span>
    </p>
   </div>
   <div class='ocr_carea' id='block_1_26' title="bbox 75 2475 432 2546">
    <p class='ocr_par' dir='ltr' id='par_1_26' title="bbox 75 2475 432 2546">
     <span class='ocr_line' id='line_1_26' title="bbox 75 2475 432 2546; baseline 0.006 -18"><span class='ocrx_word' id='word_1_177' title='bbox 75 2475 400 2546; x_wconf 85' lang='grc' dir='ltr'>στήσεσθαι</span> <span class='ocrx_word' id='word_1_178' title='bbox 418 2493 432 2541; x_wconf 90' lang='grc'><strong>;</strong></span> 
     </span>
    </p>
   </div>
   <div class='ocr_carea' id='block_1_27' title="bbox 150 2569 1683 2649">
    <p class='ocr_par' dir='ltr' id='par_1_27' title="bbox 150 2569 1683 2649">
     <span class='ocr_line' id='line_1_27' title="bbox 150 2569 1683 2649; baseline -0.008 -16"><span class='ocrx_word' id='word_1_179' title='bbox 150 2580 228 2633; x_wconf 83' lang='grc' dir='ltr'>δ’.</span> <span class='ocrx_word' id='word_1_180' title='bbox 264 2580 380 2648; x_wconf 79' lang='grc' dir='ltr'>Ούχ</span> <span class='ocrx_word' id='word_1_181' title='bbox 407 2579 539 2649; x_wconf 75' lang='grc' dir='ltr'>ὁρᾷς</span> <span class='ocrx_word' id='word_1_182' title='bbox 569 2577 725 2629; x_wconf 87' lang='grc' dir='ltr'>πόσοι</span> <span class='ocrx_word' id='word_1_183' title='bbox 761 2573 1054 2644; x_wconf 88' lang='grc' dir='ltr'>βιώσαντες</span> <span class='ocrx_word' id='word_1_184' title='bbox 1077 2573 1135 2625; x_wconf 88' lang='grc' dir='ltr'>ἐν</span> <span class='ocrx_word' id='word_1_185' title='bbox 1163 2572 1355 2642; x_wconf 83' lang='grc' dir='ltr'>ἀρετῇ,</span> <span class='ocrx_word' id='word_1_186' title='bbox 1386 2569 1556 2641; x_wconf 87' lang='grc' dir='ltr'>μυρία</span> <span class='ocrx_word' id='word_1_187' title='bbox 1581 2587 1683 2622; x_wconf 85' lang='grc' dir='ltr'>πα-</span> 
     </span>
    </p>
   </div>
   <div class='ocr_carea' id='block_1_28' title="bbox 69 2653 1680 2730">
    <p class='ocr_par' dir='ltr' id='par_1_28' title="bbox 69 2653 1680 2730">
     <span class='ocr_line' id='line_1_28' title="bbox 69 2653 1680 2730; baseline -0.007 -13"><span class='ocrx_word' id='word_1_188' title='bbox 69 2664 284 2726; x_wconf 82' lang='grc' dir='ltr'>θόντες</span> <span class='ocrx_word' id='word_1_189' title='bbox 325 2662 476 2715; x_wconf 85' lang='grc' dir='ltr'>δεινά</span> <span class='ocrx_word' id='word_1_190' title='bbox 513 2659 776 2730; x_wconf 87' lang='grc' dir='ltr'>ἀπῆλθον,</span> <span class='ocrx_word' id='word_1_191' title='bbox 814 2657 982 2730; x_wconf 82' lang='grc' dir='ltr'>μηδὲν</span> <span class='ocrx_word' id='word_1_192' title='bbox 1019 2655 1386 2718; x_wconf 85' lang='grc' dir='ltr'>ἀπολαϐόντες</span> <span class='ocrx_word' id='word_1_193' title='bbox 1439 2653 1680 2722; x_wconf 87' lang='grc' dir='ltr'>άγαθόν;</span> 
     </span>
    </p>
   </div>
   <div class='ocr_carea' id='block_1_29' title="bbox 67 2737 1684 2819">
    <p class='ocr_par' dir='ltr' id='par_1_29' title="bbox 67 2737 1684 2819">
     <span class='ocr_line' id='line_1_29' title="bbox 67 2737 1684 2819; baseline -0.006 -19"><span class='ocrx_word' id='word_1_194' title='bbox 67 2747 275 2819; x_wconf 66' lang='grc' dir='ltr'>ἕτεροι</span> <span class='ocrx_word' id='word_1_195' title='bbox 310 2745 367 2799; x_wconf 83' lang='grc' dir='ltr'>δέ</span> <span class='ocrx_word' id='word_1_196' title='bbox 393 2744 556 2799; x_wconf 80' lang='grc' dir='ltr'>πάλιν</span> <span class='ocrx_word' id='word_1_197' title='bbox 603 2741 868 2814; x_wconf 87' lang='grc' dir='ltr'>πονηρίαν</span> <span class='ocrx_word' id='word_1_198' title='bbox 912 2740 1112 2810; x_wconf 85' lang='grc' dir='ltr'>πολλὴν</span> <span class='ocrx_word' id='word_1_199' title='bbox 1139 2738 1560 2808; x_wconf 73' lang='grc' dir='ltr'>ἐπιδειξάμενοι,</span> <span class='ocrx_word' id='word_1_200' title='bbox 1584 2737 1684 2801; x_wconf 78' lang='grc' dir='ltr'>τὰς</span> 
     </span>
    </p>
   </div>
   <div class='ocr_carea' id='block_1_30' title="bbox 70 2823 1684 2903">
    <p class='ocr_par' dir='ltr' id='par_1_30' title="bbox 70 2823 1684 2903">
     <span class='ocr_line' id='line_1_30' title="bbox 70 2823 1684 2903; baseline -0.007 -17"><span class='ocrx_word' id='word_1_201' title='bbox 70 2831 178 2886; x_wconf 86' lang='grc' dir='ltr'>ὲτέ</span> <span class='ocrx_word' id='word_1_202' title='bbox 189 2845 308 2903; x_wconf 89' lang='grc' dir='ltr'>ρων</span> <span class='ocrx_word' id='word_1_203' title='bbox 341 2828 687 2902; x_wconf 88' lang='grc' dir='ltr'>ἁρπάσαντες</span> <span class='ocrx_word' id='word_1_204' title='bbox 705 2826 914 2888; x_wconf 84' lang='grc' dir='ltr'>οὐσίας,</span> <span class='ocrx_word' id='word_1_205' title='bbox 939 2825 1116 2895; x_wconf 83' lang='grc' dir='ltr'>χήρας</span> <span class='ocrx_word' id='word_1_206' title='bbox 1141 2823 1235 2877; x_wconf 79' lang='grc' dir='ltr'>καὶ</span> <span class='ocrx_word' id='word_1_207' title='bbox 1253 2823 1524 2892; x_wconf 78' lang='grc' dir='ltr'>ὀρφανοὺς</span> <span class='ocrx_word' id='word_1_208' title='bbox 1545 2823 1684 2875; x_wconf 84' lang='grc' dir='ltr'>ἀπο-</span> 
     </span>
    </p>
   </div>
   <div class='ocr_carea' id='block_1_31' title="bbox 69 2904 1680 2977">
    <p class='ocr_par' dir='ltr' id='par_1_31' title="bbox 69 2904 1680 2977">
     <span class='ocr_line' id='line_1_31' title="bbox 69 2904 1680 2977; baseline -0.008 -7"><span class='ocrx_word' id='word_1_209' title='bbox 69 2917 143 2970; x_wconf 75' lang='grc' dir='ltr'>δύ</span> <span class='ocrx_word' id='word_1_210' title='bbox 154 2931 364 2977; x_wconf 82' lang='grc' dir='ltr'>σαντες</span> <span class='ocrx_word' id='word_1_211' title='bbox 395 2914 492 2966; x_wconf 79' lang='grc' dir='ltr'>καὶ</span> <span class='ocrx_word' id='word_1_212' title='bbox 522 2907 1144 2971; x_wconf 83' lang='grc' dir='ltr'>καταδυναστεύσαντες.</span> <span class='ocrx_word' id='word_1_213' title='bbox 1176 2904 1407 2959; x_wconf 87' lang='grc' dir='ltr'>πλούτου</span> <span class='ocrx_word' id='word_1_214' title='bbox 1438 2907 1530 2959; x_wconf 77' lang='grc' dir='ltr'>καὶ</span> <span class='ocrx_word' id='word_1_215' title='bbox 1547 2923 1680 2976; x_wconf 84' lang='grc' dir='ltr'>τρυ-</span> 
     </span>
    </p>
   </div>
   <div class='ocr_carea' id='block_1_32' title="bbox 71 2989 1682 3072">
    <p class='ocr_par' dir='ltr' id='par_1_32' title="bbox 71 2989 1682 3072">
     <span class='ocr_line' id='line_1_32' title="bbox 71 2989 1682 3072; baseline -0.006 -19"><span class='ocrx_word' id='word_1_216' title='bbox 71 3001 202 3072; x_wconf 80' lang='grc' dir='ltr'>φῆς</span> <span class='ocrx_word' id='word_1_217' title='bbox 230 2999 333 3052; x_wconf 74' lang='grc' dir='ltr'>καὶ</span> <span class='ocrx_word' id='word_1_218' title='bbox 365 2996 577 3069; x_wconf 86' lang='grc' dir='ltr'>μυρίων</span> <span class='ocrx_word' id='word_1_219' title='bbox 597 2992 1004 3055; x_wconf 83' lang='grc' dir='ltr'>ἀπολαύσαντες</span> <span class='ocrx_word' id='word_1_220' title='bbox 1022 2989 1245 3060; x_wconf 78' lang='grc' dir='ltr'>ἀγαθῶν</span> <span class='ocrx_word' id='word_1_221' title='bbox 1272 2990 1534 3061; x_wconf 78' lang='grc' dir='ltr'>ἀπῆλθον,</span> <span class='ocrx_word' id='word_1_222' title='bbox 1561 2990 1682 3044; x_wconf 78' lang='grc' dir='ltr'>οὐδέ</span> 
     </span>
    </p>
   </div>
   <div class='ocr_carea' id='block_1_33' title="bbox 68 3078 877 3154">
    <p class='ocr_par' dir='ltr' id='par_1_33' title="bbox 68 3078 877 3154">
     <span class='ocr_line' id='line_1_33' title="bbox 68 3078 877 3154; baseline -0.011 -16"><span class='ocrx_word' id='word_1_223' title='bbox 68 3087 144 3138; x_wconf 86' lang='grc' dir='ltr'>τὸ</span> <span class='ocrx_word' id='word_1_224' title='bbox 171 3083 350 3154; x_wconf 84' lang='grc' dir='ltr'>τυχὸν</span> <span class='ocrx_word' id='word_1_225' title='bbox 378 3080 642 3144; x_wconf 82' lang='grc' dir='ltr'>παθόντες</span> <span class='ocrx_word' id='word_1_226' title='bbox 671 3078 877 3142; x_wconf 85' lang='grc' dir='ltr'>δεινόν;</span> 
     </span>
    </p>
   </div>
   <div class='ocr_carea' id='block_1_34' title="bbox 157 3181 1682 3256">
    <p class='ocr_par' dir='ltr' id='par_1_34' title="bbox 157 3181 1682 3256">
     <span class='ocr_line' id='line_1_34' title="bbox 157 3181 1682 3256; baseline -0.006 -14"><span class='ocrx_word' id='word_1_227' title='bbox 157 3190 309 3242; x_wconf 83' lang='grc' dir='ltr'>Πότε</span> <span class='ocrx_word' id='word_1_228' title='bbox 339 3181 434 3241; x_wconf 79' lang='grc' dir='ltr'>οὗν</span> <span class='ocrx_word' id='word_1_229' title='bbox 464 3186 498 3256; x_wconf 79' lang='grc' dir='ltr'>ἦ</span> <span class='ocrx_word' id='word_1_230' title='bbox 534 3188 732 3240; x_wconf 82' lang='grc' dir='ltr'>ἐκεῖνοι</span> <span class='ocrx_word' id='word_1_231' title='bbox 761 3185 809 3237; x_wconf 89' lang='grc' dir='ltr'>οί</span> <span class='ocrx_word' id='word_1_232' title='bbox 834 3181 1088 3255; x_wconf 88' lang='grc' dir='ltr'>πρότεροι</span> <span class='ocrx_word' id='word_1_233' title='bbox 1112 3182 1212 3254; x_wconf 84' lang='grc' dir='ltr'>τῆς</span> <span class='ocrx_word' id='word_1_234' title='bbox 1244 3183 1444 3255; x_wconf 82' lang='grc' dir='ltr'>ἀρετῆς</span> <span class='ocrx_word' id='word_1_235' title='bbox 1476 3182 1682 3251; x_wconf 79' lang='grc' dir='ltr'>ἀπολή-</span> 
     </span>
    </p>
   </div>
   <div class='ocr_carea' id='block_1_35' title="bbox 71 3260 1704 3342">
    <p class='ocr_par' dir='ltr' id='par_1_35' title="bbox 71 3260 1704 3342">
     <span class='ocr_line' id='line_1_35' title="bbox 71 3260 1704 3342; baseline -0.005 -16"><span class='ocrx_word' id='word_1_236' title='bbox 71 3275 288 3342; x_wconf 60' lang='grc' dir='ltr'>ψονται</span> <span class='ocrx_word' id='word_1_237' title='bbox 340 3271 437 3334; x_wconf 86' lang='grc' dir='ltr'>τάς</span> <span class='ocrx_word' id='word_1_238' title='bbox 469 3268 725 3341; x_wconf 85' lang='grc' dir='ltr'>ἀμοιϐὰς,</span> <span class='ocrx_word' id='word_1_239' title='bbox 769 3266 802 3338; x_wconf 86' lang='grc' dir='ltr'>ἢ</span> <span class='ocrx_word' id='word_1_240' title='bbox 842 3260 987 3321; x_wconf 77' lang='grc' dir='ltr'>οὗτοι</span> <span class='ocrx_word' id='word_1_241' title='bbox 1020 3266 1121 3337; x_wconf 83' lang='grc' dir='ltr'>τῆς</span> <span class='ocrx_word' id='word_1_242' title='bbox 1169 3268 1438 3336; x_wconf 84' lang='grc' dir='ltr'>πονηρίας</span> <span class='ocrx_word' id='word_1_243' title='bbox 1486 3261 1704 3321; x_wconf 68' lang='grc' dir='ltr'>δώσουι’</span> 
     </span>
    </p>
   </div>
   <div class='ocr_carea' id='block_1_36' title="bbox 74 3349 1681 3425">
    <p class='ocr_par' dir='ltr' id='par_1_36' title="bbox 74 3349 1681 3425">
     <span class='ocr_line' id='line_1_36' title="bbox 74 3349 1681 3425; baseline -0.004 -14"><span class='ocrx_word' id='word_1_244' title='bbox 74 3375 138 3411; x_wconf 91' lang='grc' dir='ltr'>σι</span> <span class='ocrx_word' id='word_1_245' title='bbox 175 3355 292 3419; x_wconf 81' lang='grc' dir='ltr'>τὰς</span> <span class='ocrx_word' id='word_1_246' title='bbox 317 3354 605 3425; x_wconf 83' lang='grc' dir='ltr'>τιμωρίας,</span> <span class='ocrx_word' id='word_1_247' title='bbox 636 3355 684 3406; x_wconf 85' lang='grc' dir='ltr'>εἰ</span> <span class='ocrx_word' id='word_1_248' title='bbox 736 3352 898 3422; x_wconf 86' lang='grc' dir='ltr'>μέχρι</span> <span class='ocrx_word' id='word_1_249' title='bbox 948 3349 1044 3403; x_wconf 89' lang='grc' dir='ltr'>τοῦ</span> <span class='ocrx_word' id='word_1_250' title='bbox 1105 3350 1369 3422; x_wconf 86' lang='grc' dir='ltr'>παρόντος</span> <span class='ocrx_word' id='word_1_251' title='bbox 1423 3351 1491 3406; x_wconf 79' lang='grc' dir='ltr'>τὰ</span> <span class='ocrx_word' id='word_1_252' title='bbox 1542 3352 1681 3422; x_wconf 83' lang='grc' dir='ltr'>ἡμέ·</span> 
     </span>
    </p>
   </div>
   <div class='ocr_carea' id='block_1_37' title="bbox 72 3434 1679 3510">
    <p class='ocr_par' dir='ltr' id='par_1_37' title="bbox 72 3434 1679 3510">
     <span class='ocr_line' id='line_1_37' title="bbox 72 3434 1679 3510; baseline -0.004 -16"><span class='ocrx_word' id='word_1_253' title='bbox 72 3456 231 3510; x_wconf 83' lang='grc' dir='ltr'>τερα</span> <span class='ocrx_word' id='word_1_254' title='bbox 287 3439 500 3491; x_wconf 83' lang='grc' dir='ltr'>ἵσταται</span> <span class='ocrx_word' id='word_1_255' title='bbox 555 3437 896 3507; x_wconf 89' lang='grc' dir='ltr'>πράγματα;</span> <span class='ocrx_word' id='word_1_256' title='bbox 934 3435 1054 3488; x_wconf 86' lang='grc' dir='ltr'>Ὅτι</span> <span class='ocrx_word' id='word_1_257' title='bbox 1103 3434 1232 3504; x_wconf 86' lang='grc' dir='ltr'>γὰρ,</span> <span class='ocrx_word' id='word_1_258' title='bbox 1265 3436 1314 3487; x_wconf 89' lang='grc' dir='ltr'>εί</span> <span class='ocrx_word' id='word_1_259' title='bbox 1357 3434 1474 3487; x_wconf 78' lang='grc' dir='ltr'>ἐστι</span> <span class='ocrx_word' id='word_1_260' title='bbox 1523 3436 1679 3500; x_wconf 83' lang='grc' dir='ltr'>Θεὸς,</span> 
     </span>
    </p>
   </div>
   <div class='ocr_carea' id='block_1_38' title="bbox 72 3517 1681 3593">
    <p class='ocr_par' dir='ltr' id='par_1_38' title="bbox 72 3517 1681 3593">
     <span class='ocr_line' id='line_1_38' title="bbox 72 3517 1681 3593; baseline -0.002 -15"><span class='ocrx_word' id='word_1_261' title='bbox 72 3524 289 3593; x_wconf 82' lang='grc' dir='ltr'>ὥσπερ</span> <span class='ocrx_word' id='word_1_262' title='bbox 321 3517 413 3576; x_wconf 80' lang='grc' dir='ltr'>οὖν</span> <span class='ocrx_word' id='word_1_263' title='bbox 461 3521 556 3575; x_wconf 74' lang='grc' dir='ltr'>καὶ</span> <span class='ocrx_word' id='word_1_264' title='bbox 595 3519 733 3584; x_wconf 74' lang='grc' dir='ltr'>ἐστι,</span> <span class='ocrx_word' id='word_1_265' title='bbox 763 3519 970 3584; x_wconf 88' lang='grc' dir='ltr'>δίκαιός</span> <span class='ocrx_word' id='word_1_266' title='bbox 1012 3521 1151 3581; x_wconf 86' lang='grc' dir='ltr'>ἐστι,</span> <span class='ocrx_word' id='word_1_267' title='bbox 1184 3521 1295 3583; x_wconf 81' lang='grc' dir='ltr'>πᾶς</span> <span class='ocrx_word' id='word_1_268' title='bbox 1331 3519 1582 3573; x_wconf 80' lang='grc' dir='ltr'>ὁστισοῦν</span> <span class='ocrx_word' id='word_1_269' title='bbox 1615 3519 1681 3574; x_wconf 84' lang='grc' dir='ltr'>ἂν</span> 
     </span>
    </p>
   </div>
   <div class='ocr_carea' id='block_1_39' title="bbox 73 3603 1682 3670">
    <p class='ocr_par' dir='ltr' id='par_1_39' title="bbox 73 3603 1682 3670">
     <span class='ocr_line' id='line_1_39' title="bbox 73 3603 1682 3670; baseline -0.004 -7"><span class='ocrx_word' id='word_1_270' title='bbox 73 3610 275 3663; x_wconf 77' lang='grc' dir='ltr'>εἴποι·</span> <span class='ocrx_word' id='word_1_271' title='bbox 313 3607 396 3661; x_wconf 85' lang='grc' dir='ltr'>ὅτι</span> <span class='ocrx_word' id='word_1_272' title='bbox 427 3606 503 3670; x_wconf 77' lang='grc' dir='ltr'>δὲ,</span> <span class='ocrx_word' id='word_1_273' title='bbox 532 3607 580 3659; x_wconf 88' lang='grc' dir='ltr'>εἰ</span> <span class='ocrx_word' id='word_1_274' title='bbox 611 3605 819 3669; x_wconf 89' lang='grc' dir='ltr'>δίκαιός</span> <span class='ocrx_word' id='word_1_275' title='bbox 856 3607 994 3667; x_wconf 86' lang='grc' dir='ltr'>ἐστι,</span> <span class='ocrx_word' id='word_1_276' title='bbox 1025 3605 1117 3658; x_wconf 73' lang='grc' dir='ltr'>καὶ</span> <span class='ocrx_word' id='word_1_277' title='bbox 1163 3604 1371 3668; x_wconf 76' lang='grc' dir='ltr'>τούτοις</span> <span class='ocrx_word' id='word_1_278' title='bbox 1411 3603 1682 3669; x_wconf 82' lang='grc' dir='ltr'>κάκείνοις</span> 
     </span>
    </p>
   </div>
   <div class='ocr_carea' id='block_1_40' title="bbox 76 3686 1676 3758">
    <p class='ocr_par' dir='ltr' id='par_1_40' title="bbox 76 3686 1676 3758">
     <span class='ocr_line' id='line_1_40' title="bbox 76 3686 1676 3758; baseline -0.006 -9"><span class='ocrx_word' id='word_1_279' title='bbox 76 3692 374 3750; x_wconf 83' lang='grc' dir='ltr'>ἀποδώσει</span> <span class='ocrx_word' id='word_1_280' title='bbox 424 3689 494 3744; x_wconf 83' lang='grc' dir='ltr'>τὰ</span> <span class='ocrx_word' id='word_1_281' title='bbox 530 3693 648 3743; x_wconf 87' lang='grc' dir='ltr'>κατ’</span> <span class='ocrx_word' id='word_1_282' title='bbox 680 3688 856 3757; x_wconf 79' lang='grc' dir='ltr'>ἀξίαν,</span> <span class='ocrx_word' id='word_1_283' title='bbox 887 3688 980 3742; x_wconf 76' lang='grc' dir='ltr'>καὶ</span> <span class='ocrx_word' id='word_1_284' title='bbox 1020 3686 1178 3741; x_wconf 85' lang='grc' dir='ltr'>τοῦτο</span> <span class='ocrx_word' id='word_1_285' title='bbox 1212 3687 1676 3758; x_wconf 83' lang='grc' dir='ltr'>συνωμολόγηται.</span> 
     </span>
    </p>
   </div>
   <div class='ocr_carea' id='block_1_41' title="bbox 77 3772 1680 3848">
    <p class='ocr_par' dir='ltr' id='par_1_41' title="bbox 77 3772 1680 3848">
     <span class='ocr_line' id='line_1_41' title="bbox 77 3772 1680 3848; baseline -0.006 -15"><span class='ocrx_word' id='word_1_286' title='bbox 77 3781 154 3834; x_wconf 83' lang='grc' dir='ltr'>Εἰ</span> <span class='ocrx_word' id='word_1_287' title='bbox 212 3779 270 3831; x_wconf 80' lang='grc' dir='ltr'>δὲ</span> <span class='ocrx_word' id='word_1_288' title='bbox 325 3775 506 3848; x_wconf 78' lang='grc' dir='ltr'>μέλλοι</span> <span class='ocrx_word' id='word_1_289' title='bbox 545 3774 818 3837; x_wconf 83' lang='grc' dir='ltr'>κάκείνοις</span> <span class='ocrx_word' id='word_1_290' title='bbox 849 3775 942 3827; x_wconf 80' lang='grc' dir='ltr'>καὶ</span> <span class='ocrx_word' id='word_1_291' title='bbox 973 3772 1182 3836; x_wconf 83' lang='grc' dir='ltr'>τούτοις</span> <span class='ocrx_word' id='word_1_292' title='bbox 1224 3773 1529 3827; x_wconf 85' lang='grc' dir='ltr'>ἀποδιδόναι</span> <span class='ocrx_word' id='word_1_293' title='bbox 1559 3775 1680 3826; x_wconf 87' lang='grc' dir='ltr'>κατ’</span> 
     </span>
    </p>
   </div>
   <div class='ocr_carea' id='block_1_42' title="bbox 72 3856 1678 3928">
    <p class='ocr_par' dir='ltr' id='par_1_42' title="bbox 72 3856 1678 3928">
     <span class='ocr_line' id='line_1_42' title="bbox 72 3856 1678 3928; baseline -0.004 -12"><span class='ocrx_word' id='word_1_294' title='bbox 72 3863 281 3928; x_wconf 77' lang='grc' dir='ltr'>ἀξίαν.</span> <span class='ocrx_word' id='word_1_295' title='bbox 309 3859 540 3913; x_wconf 85' lang='grc' dir='ltr'>ἐνταῦθα</span> <span class='ocrx_word' id='word_1_296' title='bbox 561 3859 619 3912; x_wconf 80' lang='grc' dir='ltr'>δὲ</span> <span class='ocrx_word' id='word_1_297' title='bbox 651 3857 826 3920; x_wconf 73' lang='grc' dir='ltr'>οὐδεὶς</span> <span class='ocrx_word' id='word_1_298' title='bbox 852 3856 1031 3910; x_wconf 85' lang='grc' dir='ltr'>αὐτῶν</span> <span class='ocrx_word' id='word_1_299' title='bbox 1061 3856 1504 3921; x_wconf 76' lang='grc' dir='ltr'>ἀπέλαϐεν,·οῠτε</span> <span class='ocrx_word' id='word_1_300' title='bbox 1535 3859 1678 3910; x_wconf 82' lang='grc' dir='ltr'>ἐκεῖ-</span> 
     </span>
    </p>
   </div>
   <div class='ocr_carea' id='block_1_43' title="bbox 74 3929 1682 4015">
    <p class='ocr_par' dir='ltr' id='par_1_43' title="bbox 74 3929 1682 4015">
     <span class='ocr_line' id='line_1_43' title="bbox 74 3929 1682 4015; baseline -0.005 -15"><span class='ocrx_word' id='word_1_301' title='bbox 74 3966 182 4010; x_wconf 79' lang='grc' dir='ltr'>νος</span> <span class='ocrx_word' id='word_1_302' title='bbox 221 3944 326 4015; x_wconf 77' lang='grc' dir='ltr'>τῆς</span> <span class='ocrx_word' id='word_1_303' title='bbox 347 3942 612 4015; x_wconf 86' lang='grc' dir='ltr'>πονηρίας</span> <span class='ocrx_word' id='word_1_304' title='bbox 635 3941 733 4012; x_wconf 81' lang='grc' dir='ltr'>τὴν</span> <span class='ocrx_word' id='word_1_305' title='bbox 754 3940 996 4003; x_wconf 84' lang='grc' dir='ltr'>κόλασιν,</span> <span class='ocrx_word' id='word_1_306' title='bbox 1024 3938 1148 3993; x_wconf 78' lang='grc' dir='ltr'>οὔτε</span> <span class='ocrx_word' id='word_1_307' title='bbox 1175 3933 1330 4003; x_wconf 71' lang='grc' dir='ltr'>οὗτος</span> <span class='ocrx_word' id='word_1_308' title='bbox 1348 3940 1450 4010; x_wconf 81' lang='grc' dir='ltr'>τῆς</span> <span class='ocrx_word' id='word_1_309' title='bbox 1471 3929 1682 4012; x_wconf 61' lang='grc' dir='ltr'>ἀρετῆς</span> 
     </span>
    </p>
   </div>
   <div class='ocr_carea' id='block_1_44' title="bbox 71 4018 1682 4099">
    <p class='ocr_par' dir='ltr' id='par_1_44' title="bbox 71 4018 1682 4099">
     <span class='ocr_line' id='line_1_44' title="bbox 71 4018 1682 4099; baseline 0 -20"><span class='ocrx_word' id='word_1_310' title='bbox 71 4031 193 4094; x_wconf 72' lang='grc' dir='ltr'>τὰς</span> <span class='ocrx_word' id='word_1_311' title='bbox 229 4027 485 4099; x_wconf 83' lang='grc' dir='ltr'>ἀμοιϐὰς,</span> <span class='ocrx_word' id='word_1_312' title='bbox 519 4025 739 4097; x_wconf 74' lang='grc' dir='ltr'>εὔδηλον</span> <span class='ocrx_word' id='word_1_313' title='bbox 791 4025 872 4078; x_wconf 83' lang='grc' dir='ltr'>ὅτι</span> <span class='ocrx_word' id='word_1_314' title='bbox 921 4022 1169 4078; x_wconf 86' lang='grc' dir='ltr'>λείπεταί</span> <span class='ocrx_word' id='word_1_315' title='bbox 1197 4042 1280 4089; x_wconf 87' lang='grc' dir='ltr'>τις</span> <span class='ocrx_word' id='word_1_316' title='bbox 1307 4023 1518 4095; x_wconf 83' lang='grc' dir='ltr'>καιρὸς,</span> <span class='ocrx_word' id='word_1_317' title='bbox 1553 4026 1613 4078; x_wconf 89' lang='grc' dir='ltr'>ἐν</span> <span class='ocrx_word' id='word_1_318' title='bbox 1637 4018 1682 4092; x_wconf 82' lang='grc' dir='ltr'>ᾧ</span> 
     </span>
    </p>
   </div>
   <div class='ocr_carea' id='block_1_45' title="bbox 71 4107 1680 4186">
    <p class='ocr_par' dir='ltr' id='par_1_45' title="bbox 71 4107 1680 4186">
     <span class='ocr_line' id='line_1_45' title="bbox 71 4107 1680 4186; baseline -0.005 -17"><span class='ocrx_word' id='word_1_319' title='bbox 71 4117 196 4186; x_wconf 84' lang='grc' dir='ltr'>τὴν</span> <span class='ocrx_word' id='word_1_320' title='bbox 258 4112 638 4184; x_wconf 80' lang='grc' dir='ltr'>προσήκουσαν</span> <span class='ocrx_word' id='word_1_321' title='bbox 691 4109 957 4162; x_wconf 85' lang='grc' dir='ltr'>ἀντίδοσιν</span> <span class='ocrx_word' id='word_1_322' title='bbox 1013 4109 1262 4181; x_wconf 77' lang='grc' dir='ltr'>ἑκάτεροι</span> <span class='ocrx_word' id='word_1_323' title='bbox 1320 4107 1524 4162; x_wconf 89' lang='grc' dir='ltr'>τούτων</span> <span class='ocrx_word' id='word_1_324' title='bbox 1590 4109 1680 4176; x_wconf 78' lang='grc' dir='ltr'>ἓξ-</span> 
     </span>
    </p>
   </div>
   <div class='ocr_carea' id='block_1_46' title="bbox 69 4215 243 4254">
    <p class='ocr_par' dir='ltr' id='par_1_46' title="bbox 69 4215 243 4254">
     <span class='ocr_line' id='line_1_46' title="bbox 69 4215 243 4254; baseline -0.017 0"><span class='ocrx_word' id='word_1_325' title='bbox 69 4215 243 4254; x_wconf 82' lang='grc' dir='ltr'>ουσι.</span> 
     </span>
    </p>
   </div>
   <div class='ocr_carea' id='block_1_47' title="bbox 159 4276 1680 4352">
    <p class='ocr_par' dir='ltr' id='par_1_47' title="bbox 159 4276 1680 4352">
     <span class='ocr_line' id='line_1_47' title="bbox 159 4276 1680 4352; baseline -0.001 -17"><span class='ocrx_word' id='word_1_326' title='bbox 159 4282 332 4345; x_wconf 82' lang='grc' dir='ltr'>Τίνος</span> <span class='ocrx_word' id='word_1_327' title='bbox 359 4280 415 4334; x_wconf 88' lang='grc' dir='ltr'>δέ</span> <span class='ocrx_word' id='word_1_328' title='bbox 446 4280 631 4334; x_wconf 76' lang='grc' dir='ltr'>ἕνεκεν</span> <span class='ocrx_word' id='word_1_329' title='bbox 663 4278 798 4340; x_wconf 82' lang='grc' dir='ltr'>ὅλως</span> <span class='ocrx_word' id='word_1_330' title='bbox 823 4280 882 4330; x_wconf 88' lang='grc' dir='ltr'>ἐν</span> <span class='ocrx_word' id='word_1_331' title='bbox 906 4281 972 4349; x_wconf 80' lang='grc' dir='ltr'>τῇ</span> <span class='ocrx_word' id='word_1_332' title='bbox 1008 4276 1156 4351; x_wconf 80' lang='grc'>[757]</span> <span class='ocrx_word' id='word_1_333' title='bbox 1197 4278 1407 4350; x_wconf 80' lang='grc' dir='ltr'>διανοίᾳ</span> <span class='ocrx_word' id='word_1_334' title='bbox 1435 4277 1502 4350; x_wconf 80' lang='grc' dir='ltr'>τῇ</span> <span class='ocrx_word' id='word_1_335' title='bbox 1540 4285 1680 4352; x_wconf 78' lang='grc' dir='ltr'>ἡμε-</span> 
     </span>
    </p>
   </div>
   <div class='ocr_carea' id='block_1_48' title="bbox 71 4363 1680 4440">
    <p class='ocr_par' dir='ltr' id='par_1_48' title="bbox 71 4363 1680 4440">
     <span class='ocr_line' id='line_1_48' title="bbox 71 4363 1680 4440; baseline 0.002 -24"><span class='ocrx_word' id='word_1_336' title='bbox 71 4369 235 4440; x_wconf 69' lang='grc' dir='ltr'>τέρα</span> <span class='ocrx_word' id='word_1_337' title='bbox 266 4364 459 4436; x_wconf 77' lang='grc' dir='ltr'>κριτὴν</span> <span class='ocrx_word' id='word_1_338' title='bbox 485 4364 626 4418; x_wconf 76' lang='grc' dir='ltr'>οὕτω</span> <span class='ocrx_word' id='word_1_339' title='bbox 648 4363 913 4436; x_wconf 82' lang='grc' dir='ltr'>διηνεκῶς</span> <span class='ocrx_word' id='word_1_340' title='bbox 941 4363 1280 4434; x_wconf 78' lang='grc' dir='ltr'>ἐγρηγορότα</span> <span class='ocrx_word' id='word_1_341' title='bbox 1318 4364 1413 4416; x_wconf 76' lang='grc' dir='ltr'>καὶ</span> <span class='ocrx_word' id='word_1_342' title='bbox 1438 4365 1680 4435; x_wconf 88' lang='grc' dir='ltr'>νήφοντα</span> 
     </span>
    </p>
   </div>
   <div class='ocr_carea' id='block_1_49' title="bbox 70 4447 1679 4522">
    <p class='ocr_par' dir='ltr' id='par_1_49' title="bbox 70 4447 1679 4522">
     <span class='ocr_line' id='line_1_49' title="bbox 70 4447 1679 4522; baseline -0.002 -13"><span class='ocrx_word' id='word_1_343' title='bbox 70 4452 439 4520; x_wconf 79' lang='grc' dir='ltr'>κατέστησεν</span> <span class='ocrx_word' id='word_1_344' title='bbox 467 4451 600 4521; x_wconf 87' lang='grc' dir='ltr'>ἡμῖν</span> <span class='ocrx_word' id='word_1_345' title='bbox 627 4451 655 4502; x_wconf 89' lang='grc' dir='ltr'>ὁ</span> <span class='ocrx_word' id='word_1_346' title='bbox 682 4448 843 4514; x_wconf 88' lang='grc' dir='ltr'>Θεός;</span> <span class='ocrx_word' id='word_1_347' title='bbox 875 4447 935 4501; x_wconf 85' lang='grc' dir='ltr'>τὸ</span> <span class='ocrx_word' id='word_1_348' title='bbox 981 4448 1223 4512; x_wconf 81' lang='grc' dir='ltr'>συνειδὸς</span> <span class='ocrx_word' id='word_1_349' title='bbox 1269 4447 1430 4517; x_wconf 86' lang='grc' dir='ltr'>λέγω.</span> <span class='ocrx_word' id='word_1_350' title='bbox 1468 4451 1544 4503; x_wconf 81' lang='grc' dir='ltr'>Οὐ</span> <span class='ocrx_word' id='word_1_351' title='bbox 1572 4451 1679 4522; x_wconf 86' lang='grc' dir='ltr'>γάρ</span> 
     </span>
    </p>
   </div>
   <div class='ocr_carea' id='block_1_50' title="bbox 76 4531 1678 4605">
    <p class='ocr_par' dir='ltr' id='par_1_50' title="bbox 76 4531 1678 4605">
     <span class='ocr_line' id='line_1_50' title="bbox 76 4531 1678 4605; baseline -0.003 -13"><span class='ocrx_word' id='word_1_352' title='bbox 76 4543 272 4595; x_wconf 82' lang='grc' dir='ltr'>ἐστιν,</span> <span class='ocrx_word' id='word_1_353' title='bbox 303 4535 403 4586; x_wconf 76' lang='grc' dir='ltr'>οὐκ</span> <span class='ocrx_word' id='word_1_354' title='bbox 433 4533 578 4586; x_wconf 77' lang='grc' dir='ltr'>ἐστιν</span> <span class='ocrx_word' id='word_1_355' title='bbox 607 4532 782 4596; x_wconf 79' lang='grc' dir='ltr'>οὐδεὶς</span> <span class='ocrx_word' id='word_1_356' title='bbox 814 4532 1074 4604; x_wconf 81' lang='grc' dir='ltr'>δικαστὴς</span> <span class='ocrx_word' id='word_1_357' title='bbox 1101 4531 1274 4597; x_wconf 77' lang='grc' dir='ltr'>οὕτως</span> <span class='ocrx_word' id='word_1_358' title='bbox 1315 4533 1592 4605; x_wconf 78' lang='grc' dir='ltr'>ἄγρυπνος</span> <span class='ocrx_word' id='word_1_359' title='bbox 1620 4536 1678 4587; x_wconf 80' lang='grc' dir='ltr'>ἐν</span> 
     </span>
    </p>
   </div>
   <div class='ocr_carea' id='block_1_51' title="bbox 74 4613 1677 4693">
    <p class='ocr_par' dir='ltr' id='par_1_51' title="bbox 74 4613 1677 4693">
     <span class='ocr_line' id='line_1_51' title="bbox 74 4613 1677 4693; baseline -0.001 -19"><span class='ocrx_word' id='word_1_360' title='bbox 74 4618 433 4693; x_wconf 83' lang='grc' dir='ltr'>ἀνθρώποις,</span> <span class='ocrx_word' id='word_1_361' title='bbox 476 4613 587 4671; x_wconf 81' lang='grc' dir='ltr'>οἷον</span> <span class='ocrx_word' id='word_1_362' title='bbox 630 4617 690 4670; x_wconf 89' lang='grc' dir='ltr'>τὸ</span> <span class='ocrx_word' id='word_1_363' title='bbox 722 4617 990 4689; x_wconf 84' lang='grc' dir='ltr'>ἡμέτερον</span> <span class='ocrx_word' id='word_1_364' title='bbox 1027 4617 1282 4681; x_wconf 88' lang='grc' dir='ltr'>συνειδός.</span> <span class='ocrx_word' id='word_1_365' title='bbox 1313 4619 1376 4672; x_wconf 86' lang='grc' dir='ltr'>Οἱ</span> <span class='ocrx_word' id='word_1_366' title='bbox 1425 4618 1524 4688; x_wconf 78' lang='grc' dir='ltr'>μὲν</span> <span class='ocrx_word' id='word_1_367' title='bbox 1569 4619 1677 4692; x_wconf 86' lang='grc' dir='ltr'>γὰρ</span> 
     </span>
    </p>
   </div>
   <div class='ocr_carea' id='block_1_52' title="bbox 73 4701 1674 4774">
    <p class='ocr_par' dir='ltr' id='par_1_52' title="bbox 73 4701 1674 4774">
     <span class='ocr_line' id='line_1_52' title="bbox 73 4701 1674 4774; baseline -0.005 -11"><span class='ocrx_word' id='word_1_368' title='bbox 73 4705 301 4774; x_wconf 77' lang='grc' dir='ltr'>ἔξωθεν</span> <span class='ocrx_word' id='word_1_369' title='bbox 339 4701 593 4757; x_wconf 79' lang='grc' dir='ltr'>δικασταὶ</span> <span class='ocrx_word' id='word_1_370' title='bbox 626 4701 718 4756; x_wconf 71' lang='grc' dir='ltr'>καὶ</span> <span class='ocrx_word' id='word_1_371' title='bbox 761 4701 865 4754; x_wconf 85' lang='grc' dir='ltr'>ὑπὸ</span> <span class='ocrx_word' id='word_1_372' title='bbox 903 4701 1202 4774; x_wconf 86' lang='grc' dir='ltr'>χρημάτων</span> <span class='ocrx_word' id='word_1_373' title='bbox 1248 4701 1674 4773; x_wconf 71' lang='grc' dir='ltr'>διαφθείρονται,</span> 
     </span>
    </p>
   </div>
   <div class='ocr_carea' id='block_1_53' title="bbox 73 4785 1676 4858">
    <p class='ocr_par' dir='ltr' id='par_1_53' title="bbox 73 4785 1676 4858">
     <span class='ocr_line' id='line_1_53' title="bbox 73 4785 1676 4858; baseline -0.003 -13"><span class='ocrx_word' id='word_1_374' title='bbox 73 4793 187 4848; x_wconf 69' lang='grc' dir='ltr'>καὶ</span> <span class='ocrx_word' id='word_1_375' title='bbox 219 4787 536 4851; x_wconf 85' lang='grc' dir='ltr'>κολακείαις</span> <span class='ocrx_word' id='word_1_376' title='bbox 561 4785 907 4857; x_wconf 80' lang='grc' dir='ltr'>χαυνοῦνται,</span> <span class='ocrx_word' id='word_1_377' title='bbox 939 4788 1033 4840; x_wconf 80' lang='grc' dir='ltr'>καὶ</span> <span class='ocrx_word' id='word_1_378' title='bbox 1054 4786 1144 4839; x_wconf 82' lang='grc' dir='ltr'>διὰ</span> <span class='ocrx_word' id='word_1_379' title='bbox 1166 4786 1330 4856; x_wconf 86' lang='grc' dir='ltr'>φόϐον</span> <span class='ocrx_word' id='word_1_380' title='bbox 1350 4786 1676 4858; x_wconf 67' lang='grc' dir='ltr'>καθυποκρία</span> 
     </span>
    </p>
   </div>
   <div class='ocr_carea' id='block_1_54' title="bbox 73 4869 1678 4944">
    <p class='ocr_par' dir='ltr' id='par_1_54' title="bbox 73 4869 1678 4944">
     <span class='ocr_line' id='line_1_54' title="bbox 73 4869 1678 4944; baseline 0.003 -21"><span class='ocrx_word' id='word_1_381' title='bbox 73 4891 306 4937; x_wconf 69' lang='grc' dir='ltr'>νονται,</span> <span class='ocrx_word' id='word_1_382' title='bbox 339 4873 434 4924; x_wconf 82' lang='grc' dir='ltr'>καὶ</span> <span class='ocrx_word' id='word_1_383' title='bbox 466 4869 636 4924; x_wconf 88' lang='grc' dir='ltr'>πολλά</span> <span class='ocrx_word' id='word_1_384' title='bbox 666 4870 830 4944; x_wconf 86' lang='grc' dir='ltr'>’έτερά</span> <span class='ocrx_word' id='word_1_385' title='bbox 875 4871 992 4923; x_wconf 82' lang='grc' dir='ltr'>ἐστι</span> <span class='ocrx_word' id='word_1_386' title='bbox 1039 4871 1108 4924; x_wconf 83' lang='grc' dir='ltr'>τὰ</span> <span class='ocrx_word' id='word_1_387' title='bbox 1153 4871 1525 4942; x_wconf 88' lang='grc' dir='ltr'>λυμαινόμενα</span> <span class='ocrx_word' id='word_1_388' title='bbox 1576 4873 1678 4944; x_wconf 81' lang='grc' dir='ltr'>τὴν</span> 
     </span>
    </p>
   </div>
   <div class='ocr_carea' id='block_1_55' title="bbox 70 4955 1676 5034">
    <p class='ocr_par' dir='ltr' id='par_1_55' title="bbox 70 4955 1676 5034">
     <span class='ocr_line' id='line_1_55' title="bbox 70 4955 1676 5034; baseline -0.002 -20"><span class='ocrx_word' id='word_1_389' title='bbox 70 4959 262 5034; x_wconf 80' lang='grc' dir='ltr'>ὀρθὴν</span> <span class='ocrx_word' id='word_1_390' title='bbox 288 4957 512 5011; x_wconf 78' lang='grc' dir='ltr'>ἐκείνων</span> <span class='ocrx_word' id='word_1_391' title='bbox 539 4955 721 5027; x_wconf 74' lang='grc' dir='ltr'>ψῆφον</span> <span class='ocrx_word' id='word_1_392' title='bbox 739 4973 754 4989; x_wconf 90' lang='grc'>·</span> <span class='ocrx_word' id='word_1_393' title='bbox 780 4955 844 5010; x_wconf 86' lang='grc' dir='ltr'>τὸ</span> <span class='ocrx_word' id='word_1_394' title='bbox 877 4955 935 5009; x_wconf 84' lang='grc' dir='ltr'>δὲ</span> <span class='ocrx_word' id='word_1_395' title='bbox 971 4955 1064 5008; x_wconf 87' lang='grc' dir='ltr'>τοῦ</span> <span class='ocrx_word' id='word_1_396' title='bbox 1093 4957 1392 5022; x_wconf 86' lang='grc' dir='ltr'>συνειδότος</span> <span class='ocrx_word' id='word_1_397' title='bbox 1415 4957 1676 5030; x_wconf 85' lang='grc' dir='ltr'>δικαστή-</span> 
     </span>
    </p>
   </div>
   <div class='ocr_carea' id='block_1_56' title="bbox 74 5035 1676 5117">
    <p class='ocr_par' dir='ltr' id='par_1_56' title="bbox 74 5035 1676 5117">
     <span class='ocr_line' id='line_1_56' title="bbox 74 5035 1676 5117; baseline -0.002 -17"><span class='ocrx_word' id='word_1_398' title='bbox 74 5063 214 5117; x_wconf 83' lang='grc' dir='ltr'>ριον</span> <span class='ocrx_word' id='word_1_399' title='bbox 255 5042 430 5096; x_wconf 72' lang='grc' dir='ltr'>οὐδενὶ</span> <span class='ocrx_word' id='word_1_400' title='bbox 459 5041 662 5094; x_wconf 88' lang='grc' dir='ltr'>τούτων</span> <span class='ocrx_word' id='word_1_401' title='bbox 704 5041 873 5094; x_wconf 80' lang='grc' dir='ltr'>εἴκειν</span> <span class='ocrx_word' id='word_1_402' title='bbox 914 5035 1088 5095; x_wconf 80' lang='grc' dir='ltr'>οἶδεν·</span> <span class='ocrx_word' id='word_1_403' title='bbox 1115 5041 1250 5094; x_wconf 89' lang='grc' dir='ltr'>ἀλλά</span> <span class='ocrx_word' id='word_1_404' title='bbox 1281 5042 1384 5095; x_wconf 80' lang='grc' dir='ltr'>κάν</span> <span class='ocrx_word' id='word_1_405' title='bbox 1418 5046 1676 5114; x_wconf 83' lang='grc' dir='ltr'>χρήματα</span> 
     </span>
    </p>
   </div>
   <div class='ocr_carea' id='block_1_57' title="bbox 71 5124 1676 5202">
    <p class='ocr_par' dir='ltr' id='par_1_57' title="bbox 71 5124 1676 5202">
     <span class='ocr_line' id='line_1_57' title="bbox 71 5124 1676 5202; baseline 0.001 -22"><span class='ocrx_word' id='word_1_406' title='bbox 71 5130 221 5202; x_wconf 82' lang='grc' dir='ltr'>δῷς,</span> <span class='ocrx_word' id='word_1_407' title='bbox 265 5125 373 5180; x_wconf 70' lang='grc' dir='ltr'>κᾶν</span> <span class='ocrx_word' id='word_1_408' title='bbox 424 5125 786 5198; x_wconf 78' lang='grc' dir='ltr'>κολακεύσῃς,</span> <span class='ocrx_word' id='word_1_409' title='bbox 815 5124 919 5178; x_wconf 78' lang='grc' dir='ltr'>κᾶν</span> <span class='ocrx_word' id='word_1_410' title='bbox 971 5125 1294 5200; x_wconf 84' lang='grc' dir='ltr'>ἀπειλήσῃς,</span> <span class='ocrx_word' id='word_1_411' title='bbox 1337 5125 1440 5180; x_wconf 74' lang='grc' dir='ltr'>κᾶν</span> <span class='ocrx_word' id='word_1_412' title='bbox 1489 5127 1676 5200; x_wconf 69' lang='grc' dir='ltr'>ἕτερον</span> 
     </span>
    </p>
   </div>
   <div class='ocr_carea' id='block_1_58' title="bbox 10 5207 1675 5282">
    <p class='ocr_par' dir='ltr' id='par_1_58' title="bbox 10 5207 1675 5282">
     <span class='ocr_line' id='line_1_58' title="bbox 10 5207 1675 5282; baseline 0.002 -18"><span class='ocrx_word' id='word_1_413' title='bbox 10 5245 12 5271; x_wconf 77' lang='grc' dir='ltr'>ς</span> <span class='ocrx_word' id='word_1_414' title='bbox 74 5211 278 5269; x_wconf 76' lang='grc' dir='ltr'>ὁτιοῦν</span> <span class='ocrx_word' id='word_1_415' title='bbox 311 5209 541 5282; x_wconf 85' lang='grc' dir='ltr'>ἐργάσῃ,</span> <span class='ocrx_word' id='word_1_416' title='bbox 576 5209 792 5264; x_wconf 89' lang='grc' dir='ltr'>δικαίαν</span> <span class='ocrx_word' id='word_1_417' title='bbox 824 5208 1021 5275; x_wconf 79' lang='grc' dir='ltr'>ἐξοίσει</span> <span class='ocrx_word' id='word_1_418' title='bbox 1057 5207 1154 5280; x_wconf 81' lang='grc' dir='ltr'>τὴν</span> <span class='ocrx_word' id='word_1_419' title='bbox 1186 5209 1366 5280; x_wconf 78' lang='grc' dir='ltr'>ψῆφον</span> <span class='ocrx_word' id='word_1_420' title='bbox 1395 5211 1535 5266; x_wconf 87' lang='grc' dir='ltr'>κατά</span> <span class='ocrx_word' id='word_1_421' title='bbox 1566 5212 1675 5267; x_wconf 90' lang='grc' dir='ltr'>τῶν</span> 
     </span>
    </p>
   </div>
   <div class='ocr_carea' id='block_1_59' title="bbox 10 5293 1675 5369">
    <p class='ocr_par' dir='ltr' id='par_1_59' title="bbox 10 5293 1675 5369">
     <span class='ocr_line' id='line_1_59' title="bbox 10 5293 1675 5369; baseline 0.003 -25"><span class='ocrx_word' id='word_1_422' title='bbox 10 5333 14 5368; x_wconf 51' lang='grc' dir='ltr'><strong>ε</strong></span> <span class='ocrx_word' id='word_1_423' title='bbox 77 5294 502 5369; x_wconf 72' lang='grc' dir='ltr'>ἡμαρτηκότων</span> <span class='ocrx_word' id='word_1_424' title='bbox 535 5293 840 5364; x_wconf 88' lang='grc' dir='ltr'>λογισμῶν·</span> <span class='ocrx_word' id='word_1_425' title='bbox 873 5294 968 5346; x_wconf 80' lang='grc' dir='ltr'>καὶ</span> <span class='ocrx_word' id='word_1_426' title='bbox 999 5293 1161 5358; x_wconf 75' lang='grc' dir='ltr'>αὐτὸς</span> <span class='ocrx_word' id='word_1_427' title='bbox 1205 5294 1234 5346; x_wconf 91' lang='grc' dir='ltr'>ό</span> <span class='ocrx_word' id='word_1_428' title='bbox 1268 5297 1367 5365; x_wconf 80' lang='grc' dir='ltr'>τὴν</span> <span class='ocrx_word' id='word_1_429' title='bbox 1401 5295 1675 5368; x_wconf 85' lang='grc' dir='ltr'>ἁμαρτίαν</span> 
     </span>
    </p>
   </div>
   <div class='ocr_carea' id='block_1_60' title="bbox 10 5378 1674 5454">
    <p class='ocr_par' dir='ltr' id='par_1_60' title="bbox 10 5378 1674 5454">
     <span class='ocr_line' id='line_1_60' title="bbox 10 5378 1674 5454; baseline -0.001 -17"><span class='ocrx_word' id='word_1_430' title='bbox 10 5441 14 5454; x_wconf 45' lang='grc' dir='ltr'>ι</span> <span class='ocrx_word' id='word_1_431' title='bbox 77 5380 476 5454; x_wconf 77' lang='grc' dir='ltr'>ἐργασάμενος</span> <span class='ocrx_word' id='word_1_432' title='bbox 515 5378 673 5442; x_wconf 75' lang='grc' dir='ltr'>αὐτὸς</span> <span class='ocrx_word' id='word_1_433' title='bbox 725 5379 916 5432; x_wconf 86' lang='grc' dir='ltr'>ἐαυτὸν</span> <span class='ocrx_word' id='word_1_434' title='bbox 949 5378 1321 5442; x_wconf 74' lang='grc' dir='ltr'>καταδικάζει,</span> <span class='ocrx_word' id='word_1_435' title='bbox 1353 5379 1454 5433; x_wconf 82' lang='grc' dir='ltr'>κᾶν</span> <span class='ocrx_word' id='word_1_436' title='bbox 1486 5382 1674 5453; x_wconf 71' lang='grc' dir='ltr'>μηδεὶς</span> 
     </span>
    </p>
   </div>
   <div class='ocr_carea' id='block_1_61' title="bbox 10 5461 1674 5535">
    <p class='ocr_par' dir='ltr' id='par_1_61' title="bbox 10 5461 1674 5535">
     <span class='ocr_line' id='line_1_61' title="bbox 10 5461 1674 5535; baseline -0.001 -15"><span class='ocrx_word' id='word_1_437' title='bbox 10 5525 12 5532; x_wconf 34' lang='grc' dir='ltr'><strong><em>π</em></strong></span> <span class='ocrx_word' id='word_1_438' title='bbox 76 5468 179 5520; x_wconf 77' lang='grc' dir='ltr'>έτε</span> <span class='ocrx_word' id='word_1_439' title='bbox 192 5480 288 5535; x_wconf 89' lang='grc' dir='ltr'>ρος</span> <span class='ocrx_word' id='word_1_440' title='bbox 323 5465 621 5533; x_wconf 83' lang='grc' dir='ltr'>κατηγορῇ.</span> <span class='ocrx_word' id='word_1_441' title='bbox 652 5463 762 5515; x_wconf 76' lang='grc' dir='ltr'>Καὶ</span> <span class='ocrx_word' id='word_1_442' title='bbox 789 5463 887 5532; x_wconf 77' lang='grc' dir='ltr'>οὐχ</span> <span class='ocrx_word' id='word_1_443' title='bbox 917 5461 1083 5528; x_wconf 75' lang='grc' dir='ltr'>ἅπαξ,</span> <span class='ocrx_word' id='word_1_444' title='bbox 1112 5462 1233 5515; x_wconf 76' lang='grc' dir='ltr'>οὐδὲ</span> <span class='ocrx_word' id='word_1_445' title='bbox 1276 5463 1379 5528; x_wconf 72' lang='grc' dir='ltr'>δὶς,</span> <span class='ocrx_word' id='word_1_446' title='bbox 1411 5464 1546 5518; x_wconf 90' lang='grc' dir='ltr'>ἀλλά</span> <span class='ocrx_word' id='word_1_447' title='bbox 1579 5466 1674 5520; x_wconf 78' lang='grc' dir='ltr'>καὶ</span> 
     </span>
    </p>
   </div>
   <div class='ocr_carea' id='block_1_62' title="bbox 10 5539 1674 5617">
    <p class='ocr_par' dir='ltr' id='par_1_62' title="bbox 10 5539 1674 5617">
     <span class='ocr_line' id='line_1_62' title="bbox 10 5539 1674 5617; baseline 0.001 -15"><span class='ocrx_word' id='word_1_448' title='bbox 10 5539 14 5548; x_wconf 34' lang='grc' dir='ltr'><strong>Γ</strong></span> <span class='ocrx_word' id='word_1_449' title='bbox 80 5547 364 5610; x_wconf 75' lang='grc' dir='ltr'>πολλάκις</span> <span class='ocrx_word' id='word_1_450' title='bbox 391 5548 485 5600; x_wconf 71' lang='grc' dir='ltr'>καὶ</span> <span class='ocrx_word' id='word_1_451' title='bbox 506 5547 592 5601; x_wconf 83' lang='grc' dir='ltr'>διά</span> <span class='ocrx_word' id='word_1_452' title='bbox 623 5547 820 5610; x_wconf 87' lang='grc' dir='ltr'>παντὸς</span> <span class='ocrx_word' id='word_1_453' title='bbox 846 5546 940 5600; x_wconf 89' lang='grc' dir='ltr'>τοῦ</span> <span class='ocrx_word' id='word_1_454' title='bbox 971 5547 1085 5617; x_wconf 85' lang='grc' dir='ltr'>βίου</span> <span class='ocrx_word' id='word_1_455' title='bbox 1115 5547 1270 5601; x_wconf 85' lang='grc' dir='ltr'>τοῦτο</span> <span class='ocrx_word' id='word_1_456' title='bbox 1306 5549 1472 5602; x_wconf 88' lang='grc' dir='ltr'>ποιῶν</span> <span class='ocrx_word' id='word_1_457' title='bbox 1499 5549 1674 5604; x_wconf 85' lang='grc' dir='ltr'>διατε-</span> 
     </span>
    </p>
   </div>
   <div class='ocr_carea' id='block_1_63' title="bbox 11 5630 1670 5718">
    <p class='ocr_par' dir='ltr' id='par_1_63' title="bbox 11 5630 1670 5718">
     <span class='ocr_line' id='line_1_63' title="bbox 11 5630 1670 5718; baseline 0 -30"><span class='ocrx_word' id='word_1_458' title='bbox 11 5711 14 5718; x_wconf 36' lang='lat' dir='ltr'><strong>I</strong></span> <span class='ocrx_word' id='word_1_459' title='bbox 81 5639 174 5688; x_wconf 77' lang='grc' dir='ltr'>λεῖ</span> <span class='ocrx_word' id='word_1_460' title='bbox 195 5649 210 5664; x_wconf 92' lang='grc'>·</span> <span class='ocrx_word' id='word_1_461' title='bbox 238 5631 342 5686; x_wconf 77' lang='grc' dir='ltr'>κᾶν</span> <span class='ocrx_word' id='word_1_462' title='bbox 373 5631 538 5696; x_wconf 78' lang='grc' dir='ltr'>πολὺς</span> <span class='ocrx_word' id='word_1_463' title='bbox 565 5630 810 5704; x_wconf 82' lang='grc' dir='ltr'>παρέλθῃ</span> <span class='ocrx_word' id='word_1_464' title='bbox 835 5631 1043 5704; x_wconf 84' lang='grc' dir='ltr'>χρόνος.</span> <span class='ocrx_word' id='word_1_465' title='bbox 1079 5632 1332 5685; x_wconf 76' lang='grc' dir='ltr'>οὐδέποτε</span> <span class='ocrx_word' id='word_1_466' title='bbox 1357 5632 1670 5705; x_wconf 83' lang='grc' dir='ltr'>ἐπιλήσεται</span> 
     </span>
    </p>
   </div>
   <div class='ocr_carea' id='block_1_64' title="bbox 11 5715 1668 5790">
    <p class='ocr_par' dir='ltr' id='par_1_64' title="bbox 11 5715 1668 5790">
     <span class='ocr_line' id='line_1_64' title="bbox 11 5715 1668 5790; baseline -0.001 -16"><span class='ocrx_word' id='word_1_467' title='bbox 11 5715 14 5738; x_wconf 79' lang='grc'>³</span> <span class='ocrx_word' id='word_1_468' title='bbox 84 5719 205 5774; x_wconf 85' lang='grc' dir='ltr'>τῶν</span> <span class='ocrx_word' id='word_1_469' title='bbox 234 5716 636 5787; x_wconf 85' lang='grc' dir='ltr'>γεγενημένων,</span> <span class='ocrx_word' id='word_1_470' title='bbox 660 5715 796 5769; x_wconf 88' lang='grc' dir='ltr'>ἀλλά</span> <span class='ocrx_word' id='word_1_471' title='bbox 817 5718 910 5769; x_wconf 85' lang='grc' dir='ltr'>καὶ</span> <span class='ocrx_word' id='word_1_472' title='bbox 931 5717 988 5767; x_wconf 86' lang='grc' dir='ltr'>ἐν</span> <span class='ocrx_word' id='word_1_473' title='bbox 1009 5716 1086 5787; x_wconf 83' lang='grc' dir='ltr'>τῷ</span> <span class='ocrx_word' id='word_1_474' title='bbox 1106 5718 1348 5785; x_wconf 86' lang='grc' dir='ltr'>γίνεσθαι</span> <span class='ocrx_word' id='word_1_475' title='bbox 1368 5718 1466 5790; x_wconf 78' lang='grc' dir='ltr'>τὴν</span> <span class='ocrx_word' id='word_1_476' title='bbox 1487 5719 1668 5790; x_wconf 84' lang='grc' dir='ltr'>ἁμαρ-</span> 
     </span>
    </p>
   </div>
   <div class='ocr_carea' id='block_1_65' title="bbox 11 5799 1667 5874">
    <p class='ocr_par' dir='ltr' id='par_1_65' title="bbox 11 5799 1667 5874">
     <span class='ocr_line' id='line_1_65' title="bbox 11 5799 1667 5874; baseline -0.001 -15"><span class='ocrx_word' id='word_1_477' title='bbox 11 5799 18 5832; x_wconf 74' lang='grc'><strong><em>⁵</em></strong></span> <span class='ocrx_word' id='word_1_478' title='bbox 81 5806 241 5863; x_wconf 84' lang='grc' dir='ltr'>τίαν,</span> <span class='ocrx_word' id='word_1_479' title='bbox 286 5801 379 5854; x_wconf 70' lang='grc' dir='ltr'>καὶ</span> <span class='ocrx_word' id='word_1_480' title='bbox 411 5801 541 5869; x_wconf 70' lang='grc' dir='ltr'>πρὶν</span> <span class='ocrx_word' id='word_1_481' title='bbox 572 5799 845 5867; x_wconf 86' lang='grc' dir='ltr'>γενέσθαι,</span> <span class='ocrx_word' id='word_1_482' title='bbox 876 5800 969 5853; x_wconf 74' lang='grc' dir='ltr'>καὶ</span> <span class='ocrx_word' id='word_1_483' title='bbox 1001 5801 1136 5870; x_wconf 83' lang='grc' dir='ltr'>μετά</span> <span class='ocrx_word' id='word_1_484' title='bbox 1167 5801 1229 5854; x_wconf 87' lang='grc' dir='ltr'>τὸ</span> <span class='ocrx_word' id='word_1_485' title='bbox 1252 5802 1500 5871; x_wconf 82' lang='grc' dir='ltr'>γενέσθαι</span> <span class='ocrx_word' id='word_1_486' title='bbox 1537 5822 1667 5874; x_wconf 82' lang='grc' dir='ltr'>σφο-</span> 
     </span>
    </p>
   </div>
   <div class='ocr_carea' id='block_1_66' title="bbox 418 5887 1160 5954">
    <p class='ocr_par' dir='ltr' id='par_1_66' title="bbox 418 5887 1160 5954">
     <span class='ocr_line' id='line_1_66' title="bbox 418 5887 1160 5954; baseline 0.012 -9"><span class='ocrx_word' id='word_1_487' title='bbox 418 5887 678 5946; x_wconf 79' lang='grc' dir='ltr'>ΡΑτιιοι.</span> <span class='ocrx_word' id='word_1_488' title='bbox 719 5893 836 5950; x_wconf 81' lang='lat' dir='ltr'>Gn.</span> <span class='ocrx_word' id='word_1_489' title='bbox 882 5893 1160 5954; x_wconf 82' lang='lat' dir='ltr'>XLVIII.</span> 
     </span>
    </p>
   </div>
   <div class='ocr_carea' id='block_1_67' title="bbox 1348 315 2165 386">
    <p class='ocr_par' dir='ltr' id='par_1_67' title="bbox 1348 315 2165 386">
     <span class='ocr_line' id='line_1_67' title="bbox 1348 315 2165 386; baseline -0.011 -2"><span class='ocrx_word' id='word_1_490' title='bbox 1348 331 1434 386; x_wconf 84' lang='lat' dir='ltr'>DE</span> <span class='ocrx_word' id='word_1_491' title='bbox 1473 319 1753 385; x_wconf 75' lang='lat' dir='ltr'><strong>LAZARO</strong></span> <span class='ocrx_word' id='word_1_492' title='bbox 1791 319 2041 383; x_wconf 78' lang='lat' dir='ltr'>CONCIO</span> <span class='ocrx_word' id='word_1_493' title='bbox 2079 315 2165 379; x_wconf 75' lang='lat' dir='ltr'>IV.</span> 
     </span>
    </p>
   </div>
   <div class='ocr_carea' id='block_1_68' title="bbox 3239 316 3375 372">
    <p class='ocr_par' dir='ltr' id='par_1_68' title="bbox 3239 316 3375 372">
     <span class='ocr_line' id='line_1_68' title="bbox 3239 316 3375 372; baseline 0.015 -4"><span class='ocrx_word' id='word_1_494' title='bbox 3239 316 3375 372; x_wconf 68' lang='grc' dir='ltr'>10ίῖ</span> 
     </span>
    </p>
   </div>
   <div class='ocr_carea' id='block_1_69' title="bbox 1795 431 3374 512">
    <p class='ocr_par' dir='ltr' id='par_1_69' title="bbox 1795 431 3374 512">
     <span class='ocr_line' id='line_1_69' title="bbox 1795 431 3374 512; baseline -0.004 -18"><span class='ocrx_word' id='word_1_495' title='bbox 1795 440 1922 512; x_wconf 85' lang='grc' dir='ltr'>δρὸς</span> <span class='ocrx_word' id='word_1_496' title='bbox 1950 439 2253 509; x_wconf 77' lang='grc' dir='ltr'>ἐφέστηκεν</span> <span class='ocrx_word' id='word_1_497' title='bbox 2285 437 2416 507; x_wconf 80' lang='grc' dir='ltr'>ἡμῖν</span> <span class='ocrx_word' id='word_1_498' title='bbox 2462 435 2790 508; x_wconf 80' lang='grc' dir='ltr'>κατήγορος,</span> <span class='ocrx_word' id='word_1_499' title='bbox 2827 431 2916 486; x_wconf 83' lang='grc' dir='ltr'>καὶ</span> <span class='ocrx_word' id='word_1_500' title='bbox 2963 431 3193 503; x_wconf 84' lang='grc' dir='ltr'>μάλιστα</span> <span class='ocrx_word' id='word_1_501' title='bbox 3238 434 3374 502; x_wconf 78' lang='grc' dir='ltr'>μετά</span> 
     </span>
    </p>
   </div>
   <div class='ocr_carea' id='block_1_70' title="bbox 1789 515 3374 593">
    <p class='ocr_par' dir='ltr' id='par_1_70' title="bbox 1789 515 3374 593">
     <span class='ocr_line' id='line_1_70' title="bbox 1789 515 3374 593; baseline -0.004 -15"><span class='ocrx_word' id='word_1_502' title='bbox 1789 525 1850 578; x_wconf 89' lang='grc' dir='ltr'>τὸ</span> <span class='ocrx_word' id='word_1_503' title='bbox 1876 523 2152 593; x_wconf 85' lang='grc' dir='ltr'>γενέσθαι.</span> <span class='ocrx_word' id='word_1_504' title='bbox 2172 522 2259 574; x_wconf 82' lang='grc' dir='ltr'>Ἐν</span> <span class='ocrx_word' id='word_1_505' title='bbox 2289 521 2387 592; x_wconf 84' lang='grc' dir='ltr'>μὲν</span> <span class='ocrx_word' id='word_1_506' title='bbox 2426 522 2535 592; x_wconf 85' lang='grc' dir='ltr'>γὰρ</span> <span class='ocrx_word' id='word_1_507' title='bbox 2572 519 2649 590; x_wconf 86' lang='grc' dir='ltr'>τῷ</span> <span class='ocrx_word' id='word_1_508' title='bbox 2675 520 2938 590; x_wconf 87' lang='grc' dir='ltr'>πράττειν</span> <span class='ocrx_word' id='word_1_509' title='bbox 2967 515 3065 587; x_wconf 83' lang='grc' dir='ltr'>τὴν</span> <span class='ocrx_word' id='word_1_510' title='bbox 3100 517 3374 588; x_wconf 83' lang='grc' dir='ltr'>ἁμαρτίαν</span> 
     </span>
    </p>
   </div>
   <div class='ocr_carea' id='block_1_71' title="bbox 1789 599 3374 678">
    <p class='ocr_par' dir='ltr' id='par_1_71' title="bbox 1789 599 3374 678">
     <span class='ocr_line' id='line_1_71' title="bbox 1789 599 3374 678; baseline -0.004 -18"><span class='ocrx_word' id='word_1_511' title='bbox 1789 609 1894 662; x_wconf 85' lang='grc' dir='ltr'>ὑπὸ</span> <span class='ocrx_word' id='word_1_512' title='bbox 1921 608 2022 678; x_wconf 82' lang='grc' dir='ltr'>τῆς</span> <span class='ocrx_word' id='word_1_513' title='bbox 2055 606 2248 677; x_wconf 76' lang='grc' dir='ltr'>ἡδονῆς</span> <span class='ocrx_word' id='word_1_514' title='bbox 2287 604 2578 676; x_wconf 84' lang='grc' dir='ltr'>μεθύοντες</span> <span class='ocrx_word' id='word_1_515' title='bbox 2622 605 2722 674; x_wconf 80' lang='grc' dir='ltr'>οὐχ</span> <span class='ocrx_word' id='word_1_516' title='bbox 2759 600 2933 665; x_wconf 76' lang='grc' dir='ltr'>οὕτως</span> <span class='ocrx_word' id='word_1_517' title='bbox 2963 599 3330 670; x_wconf 81' lang='grc' dir='ltr'>αἰσθανόμεθα</span> <span class='ocrx_word' id='word_1_518' title='bbox 3357 617 3374 633; x_wconf 90' lang='grc'>·</span> 
     </span>
    </p>
   </div>
   <div class='ocr_carea' id='block_1_72' title="bbox 1787 685 3372 762">
    <p class='ocr_par' dir='ltr' id='par_1_72' title="bbox 1787 685 3372 762">
     <span class='ocr_line' id='line_1_72' title="bbox 1787 685 3372 762; baseline -0.004 -16"><span class='ocrx_word' id='word_1_519' title='bbox 1787 687 2010 748; x_wconf 80' lang='grc' dir='ltr'>ἐπειδὰν</span> <span class='ocrx_word' id='word_1_520' title='bbox 2032 691 2088 745; x_wconf 83' lang='grc' dir='ltr'>δὲ</span> <span class='ocrx_word' id='word_1_521' title='bbox 2114 690 2337 762; x_wconf 86' lang='grc' dir='ltr'>γένηται</span> <span class='ocrx_word' id='word_1_522' title='bbox 2363 691 2459 744; x_wconf 85' lang='grc' dir='ltr'>καὶ</span> <span class='ocrx_word' id='word_1_523' title='bbox 2487 690 2626 761; x_wconf 81' lang='grc' dir='ltr'>λάϐῃ</span> <span class='ocrx_word' id='word_1_524' title='bbox 2651 688 2823 754; x_wconf 80' lang='grc' dir='ltr'>τέλος,</span> <span class='ocrx_word' id='word_1_525' title='bbox 2851 686 2974 740; x_wconf 88' lang='grc' dir='ltr'>τότε</span> <span class='ocrx_word' id='word_1_526' title='bbox 3000 685 3064 758; x_wconf 81' lang='grc' dir='ltr'>δὴ</span> <span class='ocrx_word' id='word_1_527' title='bbox 3111 685 3372 756; x_wconf 85' lang='grc' dir='ltr'>μάλιστα,</span> 
     </span>
    </p>
   </div>
   <div class='ocr_carea' id='block_1_73' title="bbox 1786 769 3377 848">
    <p class='ocr_par' dir='ltr' id='par_1_73' title="bbox 1786 769 3377 848">
     <span class='ocr_line' id='line_1_73' title="bbox 1786 769 3377 848; baseline -0.005 -18"><span class='ocrx_word' id='word_1_528' title='bbox 1786 778 1886 848; x_wconf 85' lang='grc' dir='ltr'>τῆς</span> <span class='ocrx_word' id='word_1_529' title='bbox 1910 775 2104 847; x_wconf 79' lang='grc' dir='ltr'>ἡδονῆς</span> <span class='ocrx_word' id='word_1_530' title='bbox 2140 773 2460 844; x_wconf 88' lang='grc' dir='ltr'>σϐεσθείσης</span> <span class='ocrx_word' id='word_1_531' title='bbox 2486 773 2725 843; x_wconf 80' lang='grc' dir='ltr'>ἀπάσης,</span> <span class='ocrx_word' id='word_1_532' title='bbox 2754 771 2815 824; x_wconf 92' lang='grc' dir='ltr'>τὸ</span> <span class='ocrx_word' id='word_1_533' title='bbox 2843 769 3041 842; x_wconf 82' lang='grc' dir='ltr'>πικρὸν</span> <span class='ocrx_word' id='word_1_534' title='bbox 3071 771 3172 841; x_wconf 84' lang='grc' dir='ltr'>τῆς</span> <span class='ocrx_word' id='word_1_535' title='bbox 3208 785 3377 840; x_wconf 72' lang='grc' dir='ltr'>μεταο</span> 
     </span>
    </p>
   </div>
   <div class='ocr_carea' id='block_1_74' title="bbox 1788 851 3376 931">
    <p class='ocr_par' dir='ltr' id='par_1_74' title="bbox 1788 851 3376 931">
     <span class='ocr_line' id='line_1_74' title="bbox 1788 851 3376 931; baseline -0.003 -18"><span class='ocrx_word' id='word_1_536' title='bbox 1788 860 1938 923; x_wconf 88' lang='grc' dir='ltr'>νοίας</span> <span class='ocrx_word' id='word_1_537' title='bbox 1970 858 2353 931; x_wconf 87' lang='grc' dir='ltr'>ἐπεισέρχεται</span> <span class='ocrx_word' id='word_1_538' title='bbox 2393 858 2617 929; x_wconf 84' lang='grc' dir='ltr'>κέντρον</span> <span class='ocrx_word' id='word_1_539' title='bbox 2645 855 2975 918; x_wconf 86' lang='grc' dir='ltr'>ἀπεναντίας</span> <span class='ocrx_word' id='word_1_540' title='bbox 3001 857 3122 919; x_wconf 89' lang='grc' dir='ltr'>ταῖς</span> <span class='ocrx_word' id='word_1_541' title='bbox 3151 851 3376 908; x_wconf 87' lang='grc' dir='ltr'>ώδινού-</span> 
     </span>
    </p>
   </div>
   <div class='ocr_carea' id='block_1_75' title="bbox 1789 937 3372 1012">
    <p class='ocr_par' dir='ltr' id='par_1_75' title="bbox 1789 937 3372 1012">
     <span class='ocr_line' id='line_1_75' title="bbox 1789 937 3372 1012; baseline -0.003 -16"><span class='ocrx_word' id='word_1_542' title='bbox 1789 960 1910 1007; x_wconf 87' lang='grc' dir='ltr'>σαις</span> <span class='ocrx_word' id='word_1_543' title='bbox 1939 941 2339 1012; x_wconf 75' lang='grc' dir='ltr'>γυναιξίν.Ἐπ’</span> <span class='ocrx_word' id='word_1_544' title='bbox 2366 942 2590 996; x_wconf 83' lang='grc' dir='ltr'>ἐκείνων</span> <span class='ocrx_word' id='word_1_545' title='bbox 2628 940 2728 1011; x_wconf 85' lang='grc' dir='ltr'>μὲν</span> <span class='ocrx_word' id='word_1_546' title='bbox 2777 939 2886 1010; x_wconf 82' lang='grc' dir='ltr'>γὰρ</span> <span class='ocrx_word' id='word_1_547' title='bbox 2933 939 3039 1011; x_wconf 84' lang='grc' dir='ltr'>πρὸ</span> <span class='ocrx_word' id='word_1_548' title='bbox 3084 937 3176 991; x_wconf 86' lang='grc' dir='ltr'>τοῦ</span> <span class='ocrx_word' id='word_1_549' title='bbox 3210 937 3372 992; x_wconf 84' lang='grc' dir='ltr'>τόκου</span> 
     </span>
    </p>
   </div>
   <div class='ocr_carea' id='block_1_76' title="bbox 1787 1021 3373 1098">
    <p class='ocr_par' dir='ltr' id='par_1_76' title="bbox 1787 1021 3373 1098">
     <span class='ocr_line' id='line_1_76' title="bbox 1787 1021 3373 1098; baseline -0.004 -17"><span class='ocrx_word' id='word_1_550' title='bbox 1787 1027 1954 1091; x_wconf 75' lang='grc' dir='ltr'>πολὺς</span> <span class='ocrx_word' id='word_1_551' title='bbox 1988 1027 2083 1080; x_wconf 83' lang='grc' dir='ltr'>καὶ</span> <span class='ocrx_word' id='word_1_552' title='bbox 2109 1026 2381 1098; x_wconf 75' lang='grc' dir='ltr'>ἀφόρητος</span> <span class='ocrx_word' id='word_1_553' title='bbox 2402 1029 2430 1080; x_wconf 93' lang='grc' dir='ltr'>ό</span> <span class='ocrx_word' id='word_1_554' title='bbox 2452 1025 2612 1089; x_wconf 82' lang='grc' dir='ltr'>πόνος</span> <span class='ocrx_word' id='word_1_555' title='bbox 2653 1025 2746 1079; x_wconf 78' lang='grc' dir='ltr'>καὶ</span> <span class='ocrx_word' id='word_1_556' title='bbox 2778 1021 2965 1086; x_wconf 82' lang='grc' dir='ltr'>ὠδῖνες</span> <span class='ocrx_word' id='word_1_557' title='bbox 2991 1021 3232 1094; x_wconf 80' lang='grc' dir='ltr'>δριμεῖαι</span> <span class='ocrx_word' id='word_1_558' title='bbox 3257 1023 3373 1075; x_wconf 88' lang='grc' dir='ltr'>δια-</span> 
     </span>
    </p>
   </div>
   <div class='ocr_carea' id='block_1_77' title="bbox 1786 1104 3372 1181">
    <p class='ocr_par' dir='ltr' id='par_1_77' title="bbox 1786 1104 3372 1181">
     <span class='ocr_line' id='line_1_77' title="bbox 1786 1104 3372 1181; baseline -0.004 -16"><span class='ocrx_word' id='word_1_559' title='bbox 1786 1111 2087 1165; x_wconf 83' lang='grc' dir='ltr'>κόπτουσαι</span> <span class='ocrx_word' id='word_1_560' title='bbox 2136 1113 2256 1174; x_wconf 89' lang='grc' dir='ltr'>ταῖς</span> <span class='ocrx_word' id='word_1_561' title='bbox 2295 1109 2586 1181; x_wconf 77' lang='grc' dir='ltr'>ἀλγηδόσιν</span> <span class='ocrx_word' id='word_1_562' title='bbox 2615 1108 2811 1172; x_wconf 76' lang='grc' dir='ltr'>αὐτάς·</span> <span class='ocrx_word' id='word_1_563' title='bbox 2843 1107 2989 1178; x_wconf 83' lang='grc' dir='ltr'>μετά</span> <span class='ocrx_word' id='word_1_564' title='bbox 3015 1104 3072 1160; x_wconf 84' lang='grc' dir='ltr'>δέ</span> <span class='ocrx_word' id='word_1_565' title='bbox 3099 1106 3189 1158; x_wconf 85' lang='grc' dir='ltr'>τὸν</span> <span class='ocrx_word' id='word_1_566' title='bbox 3214 1105 3372 1160; x_wconf 84' lang='grc' dir='ltr'>τόκον</span> 
     </span>
    </p>
   </div>
   <div class='ocr_carea' id='block_1_78' title="bbox 1784 1189 3374 1266">
    <p class='ocr_par' dir='ltr' id='par_1_78' title="bbox 1784 1189 3374 1266">
     <span class='ocr_line' id='line_1_78' title="bbox 1784 1189 3374 1266; baseline -0.006 -16"><span class='ocrx_word' id='word_1_567' title='bbox 1784 1197 1989 1260; x_wconf 82' lang='grc' dir='ltr'>ἄνεσις,</span> <span class='ocrx_word' id='word_1_568' title='bbox 2013 1194 2092 1266; x_wconf 86' lang='grc' dir='ltr'>τῷ</span> <span class='ocrx_word' id='word_1_569' title='bbox 2115 1194 2304 1266; x_wconf 85' lang='grc' dir='ltr'>βρέφει</span> <span class='ocrx_word' id='word_1_570' title='bbox 2326 1194 2424 1266; x_wconf 78' lang='grc' dir='ltr'>τῆς</span> <span class='ocrx_word' id='word_1_571' title='bbox 2446 1194 2636 1264; x_wconf 81' lang='grc' dir='ltr'>ὀδύνης</span> <span class='ocrx_word' id='word_1_572' title='bbox 2661 1191 3082 1260; x_wconf 83' lang='grc' dir='ltr'>συνεξελθούσης</span> <span class='ocrx_word' id='word_1_573' title='bbox 3100 1205 3113 1218; x_wconf 81' lang='grc'><strong><em>⁸</em></strong></span> <span class='ocrx_word' id='word_1_574' title='bbox 3139 1189 3374 1244; x_wconf 84' lang='grc' dir='ltr'>ἐνταῦθα</span> 
     </span>
    </p>
   </div>
   <div class='ocr_carea' id='block_1_79' title="bbox 1782 1271 3374 1350">
    <p class='ocr_par' dir='ltr' id='par_1_79' title="bbox 1782 1271 3374 1350">
     <span class='ocr_line' id='line_1_79' title="bbox 1782 1271 3374 1350; baseline -0.006 -16"><span class='ocrx_word' id='word_1_575' title='bbox 1782 1280 1840 1334; x_wconf 88' lang='grc' dir='ltr'>δέ</span> <span class='ocrx_word' id='word_1_576' title='bbox 1888 1281 1986 1350; x_wconf 80' lang='grc' dir='ltr'>οὐχ</span> <span class='ocrx_word' id='word_1_577' title='bbox 2033 1277 2227 1342; x_wconf 73' lang='grc' dir='ltr'>οὕτως.</span> <span class='ocrx_word' id='word_1_578' title='bbox 2262 1277 2378 1331; x_wconf 81' lang='grc' dir='ltr'>ἀλλ’</span> <span class='ocrx_word' id='word_1_579' title='bbox 2405 1277 2513 1338; x_wconf 83' lang='grc' dir='ltr'>ἓως</span> <span class='ocrx_word' id='word_1_580' title='bbox 2548 1277 2646 1348; x_wconf 82' lang='grc' dir='ltr'>μὲν</span> <span class='ocrx_word' id='word_1_581' title='bbox 2679 1277 2745 1330; x_wconf 88' lang='grc' dir='ltr'>ἂν</span> <span class='ocrx_word' id='word_1_582' title='bbox 2787 1275 3071 1344; x_wconf 80' lang='grc' dir='ltr'>ώδίνωμεν</span> <span class='ocrx_word' id='word_1_583' title='bbox 3111 1271 3206 1328; x_wconf 67' lang='grc' dir='ltr'>καὶ</span> <span class='ocrx_word' id='word_1_584' title='bbox 3249 1273 3374 1325; x_wconf 83' lang='grc' dir='ltr'>συλ-</span> 
     </span>
    </p>
   </div>
   <div class='ocr_carea' id='block_1_80' title="bbox 1783 1357 3373 1438">
    <p class='ocr_par' dir='ltr' id='par_1_80' title="bbox 1783 1357 3373 1438">
     <span class='ocr_line' id='line_1_80' title="bbox 1783 1357 3373 1438; baseline -0.006 -19"><span class='ocrx_word' id='word_1_585' title='bbox 1783 1365 2196 1438; x_wconf 71' lang='grc' dir='ltr'>λαμίόάνωμιτνιίι</span> <span class='ocrx_word' id='word_1_586' title='bbox 2231 1363 2300 1416; x_wconf 87' lang='grc' dir='ltr'>τά</span> <span class='ocrx_word' id='word_1_587' title='bbox 2335 1362 2708 1432; x_wconf 82' lang='grc' dir='ltr'>διεφθαρμένα</span> <span class='ocrx_word' id='word_1_588' title='bbox 2738 1357 3102 1430; x_wconf 80' lang='grc' dir='ltr'>βουλεύματα,</span> <span class='ocrx_word' id='word_1_589' title='bbox 3143 1357 3373 1429; x_wconf 76' lang='grc' dir='ltr'>εὐφραι-</span> 
     </span>
    </p>
   </div>
   <div class='ocr_carea' id='block_1_81' title="bbox 1783 1439 3375 1520">
    <p class='ocr_par' dir='ltr' id='par_1_81' title="bbox 1783 1439 3375 1520">
     <span class='ocr_line' id='line_1_81' title="bbox 1783 1439 3375 1520; baseline -0.007 -17"><span class='ocrx_word' id='word_1_590' title='bbox 1783 1449 1986 1520; x_wconf 90' lang='grc' dir='ltr'>νόμεθα</span> <span class='ocrx_word' id='word_1_591' title='bbox 2014 1448 2108 1502; x_wconf 77' lang='grc' dir='ltr'>καὶ</span> <span class='ocrx_word' id='word_1_592' title='bbox 2142 1445 2405 1518; x_wconf 76' lang='grc' dir='ltr'>χαίρομεν</span> <span class='ocrx_word' id='word_1_593' title='bbox 2426 1463 2440 1476; x_wconf 88' lang='grc'>·</span> <span class='ocrx_word' id='word_1_594' title='bbox 2469 1444 2687 1498; x_wconf 80' lang='grc' dir='ltr'>ἐπειδάν</span> <span class='ocrx_word' id='word_1_595' title='bbox 2723 1443 2780 1496; x_wconf 87' lang='grc' dir='ltr'>δέ</span> <span class='ocrx_word' id='word_1_596' title='bbox 2807 1442 3165 1512; x_wconf 85' lang='grc' dir='ltr'>ἀποτέκωμεν</span> <span class='ocrx_word' id='word_1_597' title='bbox 3189 1439 3251 1493; x_wconf 85' lang='grc' dir='ltr'>τὸ</span> <span class='ocrx_word' id='word_1_598' title='bbox 3279 1457 3375 1493; x_wconf 76' lang='grc' dir='ltr'>πο-</span> 
     </span>
    </p>
   </div>
   <div class='ocr_carea' id='block_1_82' title="bbox 1783 1525 3376 1606">
    <p class='ocr_par' dir='ltr' id='par_1_82' title="bbox 1783 1525 3376 1606">
     <span class='ocr_line' id='line_1_82' title="bbox 1783 1525 3376 1606; baseline -0.005 -20"><span class='ocrx_word' id='word_1_599' title='bbox 1783 1532 1949 1606; x_wconf 89' lang='grc' dir='ltr'>νηρὸν</span> <span class='ocrx_word' id='word_1_600' title='bbox 1990 1531 2205 1585; x_wconf 88' lang='grc' dir='ltr'>παιδίον</span> <span class='ocrx_word' id='word_1_601' title='bbox 2234 1531 2332 1603; x_wconf 78' lang='grc' dir='ltr'>τὴν</span> <span class='ocrx_word' id='word_1_602' title='bbox 2361 1529 2664 1600; x_wconf 82' lang='grc' dir='ltr'>ἁμαρτίαν,</span> <span class='ocrx_word' id='word_1_603' title='bbox 2698 1531 2818 1580; x_wconf 89' lang='grc' dir='ltr'>τότε</span> <span class='ocrx_word' id='word_1_604' title='bbox 2847 1527 2908 1580; x_wconf 87' lang='grc' dir='ltr'>τὸ</span> <span class='ocrx_word' id='word_1_605' title='bbox 2941 1525 3128 1596; x_wconf 77' lang='grc' dir='ltr'>αἶσχος</span> <span class='ocrx_word' id='word_1_606' title='bbox 3159 1525 3255 1578; x_wconf 87' lang='grc' dir='ltr'>τοῦ</span> <span class='ocrx_word' id='word_1_607' title='bbox 3287 1542 3376 1579; x_wconf 89' lang='grc' dir='ltr'>τε-</span> 
     </span>
    </p>
   </div>
   <div class='ocr_carea' id='block_1_83' title="bbox 1784 1608 3375 1688">
    <p class='ocr_par' dir='ltr' id='par_1_83' title="bbox 1784 1608 3375 1688">
     <span class='ocr_line' id='line_1_83' title="bbox 1784 1608 3375 1688; baseline -0.005 -18"><span class='ocrx_word' id='word_1_608' title='bbox 1784 1615 2000 1688; x_wconf 87' lang='grc' dir='ltr'>χθέντος</span> <span class='ocrx_word' id='word_1_609' title='bbox 2045 1617 2243 1680; x_wconf 85' lang='grc' dir='ltr'>ἰδόντες</span> <span class='ocrx_word' id='word_1_610' title='bbox 2280 1609 2622 1684; x_wconf 89' lang='grc' dir='ltr'>όδυνώμεθα,</span> <span class='ocrx_word' id='word_1_611' title='bbox 2658 1613 2780 1666; x_wconf 87' lang='grc' dir='ltr'>τότε</span> <span class='ocrx_word' id='word_1_612' title='bbox 2819 1610 3221 1681; x_wconf 87' lang='grc' dir='ltr'>διακοπτόμεθα</span> <span class='ocrx_word' id='word_1_613' title='bbox 3261 1608 3375 1662; x_wconf 86' lang='grc' dir='ltr'>τῶν</span> 
     </span>
    </p>
   </div>
   <div class='ocr_carea' id='block_1_84' title="bbox 1782 1693 3372 1771">
    <p class='ocr_par' dir='ltr' id='par_1_84' title="bbox 1782 1693 3372 1771">
     <span class='ocr_line' id='line_1_84' title="bbox 1782 1693 3372 1771; baseline -0.006 -16"><span class='ocrx_word' id='word_1_614' title='bbox 1782 1699 2084 1755; x_wconf 89' lang='grc' dir='ltr'>ώδινουσῶν</span> <span class='ocrx_word' id='word_1_615' title='bbox 2112 1698 2386 1769; x_wconf 91' lang='grc' dir='ltr'>γυναικῶν</span> <span class='ocrx_word' id='word_1_616' title='bbox 2412 1696 2814 1771; x_wconf 87' lang='grc' dir='ltr'>χαλεπώτερον.</span> <span class='ocrx_word' id='word_1_617' title='bbox 2844 1696 2936 1748; x_wconf 85' lang='grc' dir='ltr'>Διὸ</span> <span class='ocrx_word' id='word_1_618' title='bbox 2959 1693 3265 1766; x_wconf 82' lang='grc' dir='ltr'>παρακαλῶ</span> <span class='ocrx_word' id='word_1_619' title='bbox 3295 1696 3372 1765; x_wconf 82' lang='grc' dir='ltr'>μὴ</span> 
     </span>
    </p>
   </div>
   <div class='ocr_carea' id='block_1_85' title="bbox 1781 1778 3372 1856">
    <p class='ocr_par' dir='ltr' id='par_1_85' title="bbox 1781 1778 3372 1856">
     <span class='ocr_line' id='line_1_85' title="bbox 1781 1778 3372 1856; baseline -0.004 -18"><span class='ocrx_word' id='word_1_620' title='bbox 1781 1783 2032 1856; x_wconf 84' lang='grc' dir='ltr'>δέχεσθαι</span> <span class='ocrx_word' id='word_1_621' title='bbox 2087 1783 2186 1853; x_wconf 74' lang='grc' dir='ltr'>μὲν</span> <span class='ocrx_word' id='word_1_622' title='bbox 2236 1783 2470 1853; x_wconf 88' lang='grc' dir='ltr'>μάλιστα</span> <span class='ocrx_word' id='word_1_623' title='bbox 2513 1781 2664 1851; x_wconf 85' lang='grc' dir='ltr'>παρά</span> <span class='ocrx_word' id='word_1_624' title='bbox 2704 1779 2803 1850; x_wconf 80' lang='grc' dir='ltr'>τὴν</span> <span class='ocrx_word' id='word_1_625' title='bbox 2853 1779 3025 1850; x_wconf 75' lang='grc' dir='ltr'>ἀρχὴν</span> <span class='ocrx_word' id='word_1_626' title='bbox 3072 1778 3372 1849; x_wconf 80' lang='grc' dir='ltr'>ἐπιθυμίαν</span> 
     </span>
    </p>
   </div>
   <div class='ocr_carea' id='block_1_86' title="bbox 1780 1861 3372 1940">
    <p class='ocr_par' dir='ltr' id='par_1_86' title="bbox 1780 1861 3372 1940">
     <span class='ocr_line' id='line_1_86' title="bbox 1780 1861 3372 1940; baseline -0.004 -19"><span class='ocrx_word' id='word_1_627' title='bbox 1780 1867 2212 1940; x_wconf 81' lang='grc' dir='ltr'>διεφθαρμένην·</span> <span class='ocrx_word' id='word_1_628' title='bbox 2247 1868 2298 1919; x_wconf 90' lang='grc' dir='ltr'>εί</span> <span class='ocrx_word' id='word_1_629' title='bbox 2345 1865 2401 1918; x_wconf 86' lang='grc' dir='ltr'>δέ</span> <span class='ocrx_word' id='word_1_630' title='bbox 2434 1865 2528 1918; x_wconf 82' lang='grc' dir='ltr'>καὶ</span> <span class='ocrx_word' id='word_1_631' title='bbox 2554 1861 2839 1935; x_wconf 82' lang='grc' dir='ltr'>δεξόμεθα,</span> <span class='ocrx_word' id='word_1_632' title='bbox 2867 1861 3190 1932; x_wconf 86' lang='grc' dir='ltr'>ἀποπνίγειν</span> <span class='ocrx_word' id='word_1_633' title='bbox 3223 1862 3372 1915; x_wconf 77' lang='grc' dir='ltr'>ἔνδον</span> 
     </span>
    </p>
   </div>
   <div class='ocr_carea' id='block_1_87' title="bbox 1781 1945 3369 2023">
    <p class='ocr_par' dir='ltr' id='par_1_87' title="bbox 1781 1945 3369 2023">
     <span class='ocr_line' id='line_1_87' title="bbox 1781 1945 3369 2023; baseline -0.005 -19"><span class='ocrx_word' id='word_1_634' title='bbox 1781 1951 1850 2004; x_wconf 84' lang='grc' dir='ltr'>τὰ</span> <span class='ocrx_word' id='word_1_635' title='bbox 1873 1951 2184 2023; x_wconf 85' lang='grc' dir='ltr'>σπέρματα.</span> <span class='ocrx_word' id='word_1_636' title='bbox 2217 1951 2278 2002; x_wconf 80' lang='grc' dir='ltr'>Εἰ</span> <span class='ocrx_word' id='word_1_637' title='bbox 2301 1949 2358 2002; x_wconf 84' lang='grc' dir='ltr'>δὲ</span> <span class='ocrx_word' id='word_1_638' title='bbox 2386 1949 2478 2002; x_wconf 80' lang='grc' dir='ltr'>καὶ</span> <span class='ocrx_word' id='word_1_639' title='bbox 2510 1949 2672 2020; x_wconf 83' lang='grc' dir='ltr'>μέχρι</span> <span class='ocrx_word' id='word_1_640' title='bbox 2701 1948 2893 2000; x_wconf 82' lang='grc' dir='ltr'>τούτου</span> <span class='ocrx_word' id='word_1_641' title='bbox 2925 1945 3369 2019; x_wconf 75' lang='grc' dir='ltr'>ρᾳθυμὴσαιμεν,</span> 
     </span>
    </p>
   </div>
   <div class='ocr_carea' id='block_1_88' title="bbox 1782 2029 3370 2103">
    <p class='ocr_par' dir='ltr' id='par_1_88' title="bbox 1782 2029 3370 2103">
     <span class='ocr_line' id='line_1_88' title="bbox 1782 2029 3370 2103; baseline -0.004 -16"><span class='ocrx_word' id='word_1_642' title='bbox 1782 2033 2105 2099; x_wconf 80' lang='grc' dir='ltr'>ἐξελθοῦσαν</span> <span class='ocrx_word' id='word_1_643' title='bbox 2147 2035 2226 2097; x_wconf 86' lang='grc' dir='ltr'>είς</span> <span class='ocrx_word' id='word_1_644' title='bbox 2254 2032 2416 2103; x_wconf 80' lang='grc' dir='ltr'>ἔργον</span> <span class='ocrx_word' id='word_1_645' title='bbox 2449 2031 2549 2101; x_wconf 82' lang='grc' dir='ltr'>τὴν</span> <span class='ocrx_word' id='word_1_646' title='bbox 2575 2030 2854 2100; x_wconf 86' lang='grc' dir='ltr'>ἁμαρτίαν</span> <span class='ocrx_word' id='word_1_647' title='bbox 2892 2029 3233 2082; x_wconf 81' lang='grc' dir='ltr'>ἀποκτείνειν</span> <span class='ocrx_word' id='word_1_648' title='bbox 3263 2029 3370 2081; x_wconf 84' lang='grc' dir='ltr'>πά-</span> 
     </span>
    </p>
   </div>
   <div class='ocr_carea' id='block_1_89' title="bbox 1782 2111 3373 2189">
    <p class='ocr_par' dir='ltr' id='par_1_89' title="bbox 1782 2111 3373 2189">
     <span class='ocr_line' id='line_1_89' title="bbox 1782 2111 3373 2189; baseline -0.004 -16"><span class='ocrx_word' id='word_1_649' title='bbox 1782 2120 1864 2173; x_wconf 90' lang='grc' dir='ltr'>λιν</span> <span class='ocrx_word' id='word_1_650' title='bbox 1896 2118 1964 2172; x_wconf 89' lang='grc' dir='ltr'>δι’</span> <span class='ocrx_word' id='word_1_651' title='bbox 1992 2119 2438 2189; x_wconf 74' lang='grc' dir='ltr'>ἐξομολογήσεως</span> <span class='ocrx_word' id='word_1_652' title='bbox 2461 2116 2555 2170; x_wconf 61' lang='grc' dir='ltr'>καὶ¹</span> <span class='ocrx_word' id='word_1_653' title='bbox 2574 2115 2848 2186; x_wconf 89' lang='grc' dir='ltr'>δακρύων,</span> <span class='ocrx_word' id='word_1_654' title='bbox 2883 2114 2975 2168; x_wconf 91' lang='grc' dir='ltr'>διά</span> <span class='ocrx_word' id='word_1_655' title='bbox 3004 2111 3101 2167; x_wconf 88' lang='grc' dir='ltr'>τοῦ</span> <span class='ocrx_word' id='word_1_656' title='bbox 3132 2131 3373 2185; x_wconf 80' lang='grc' dir='ltr'>κατηγο·</span> 
     </span>
    </p>
   </div>
   <div class='ocr_carea' id='block_1_90' title="bbox 1784 2197 3370 2275">
    <p class='ocr_par' dir='ltr' id='par_1_90' title="bbox 1784 2197 3370 2275">
     <span class='ocr_line' id='line_1_90' title="bbox 1784 2197 3370 2275; baseline -0.003 -19"><span class='ocrx_word' id='word_1_657' title='bbox 1784 2204 1900 2275; x_wconf 87' lang='grc' dir='ltr'>ρεϊν</span> <span class='ocrx_word' id='word_1_658' title='bbox 1931 2203 2158 2256; x_wconf 79' lang='grc' dir='ltr'>ἑαυτῶν.</span> <span class='ocrx_word' id='word_1_659' title='bbox 2197 2200 2364 2256; x_wconf 81' lang='grc' dir='ltr'>Οὐδὲν</span> <span class='ocrx_word' id='word_1_660' title='bbox 2393 2201 2502 2272; x_wconf 84' lang='grc' dir='ltr'>γάρ</span> <span class='ocrx_word' id='word_1_661' title='bbox 2534 2197 2708 2263; x_wconf 78' lang='grc' dir='ltr'>οὓτως</span> <span class='ocrx_word' id='word_1_662' title='bbox 2739 2198 2980 2268; x_wconf 88' lang='grc' dir='ltr'>ὀλέθριον</span> <span class='ocrx_word' id='word_1_663' title='bbox 3003 2199 3069 2269; x_wconf 81' lang='grc' dir='ltr'>τῇ</span> <span class='ocrx_word' id='word_1_664' title='bbox 3103 2197 3370 2271; x_wconf 79' lang='grc' dir='ltr'>ἁμαρτίᾳ,</span> 
     </span>
    </p>
   </div>
   <div class='ocr_carea' id='block_1_91' title="bbox 1782 2283 3372 2356">
    <p class='ocr_par' dir='ltr' id='par_1_91' title="bbox 1782 2283 3372 2356">
     <span class='ocr_line' id='line_1_91' title="bbox 1782 2283 3372 2356; baseline -0.004 -15"><span class='ocrx_word' id='word_1_665' title='bbox 1782 2287 1859 2351; x_wconf 85' lang='grc' dir='ltr'>ὡς</span> <span class='ocrx_word' id='word_1_666' title='bbox 1903 2285 2256 2356; x_wconf 72' lang='grc' dir='ltr'>κατηγορίαδ</span> <span class='ocrx_word' id='word_1_667' title='bbox 2288 2285 2383 2338; x_wconf 77' lang='grc' dir='ltr'>καὶ</span> <span class='ocrx_word' id='word_1_668' title='bbox 2416 2285 2760 2353; x_wconf 83' lang='grc' dir='ltr'>κατάγνωσις</span> <span class='ocrx_word' id='word_1_669' title='bbox 2806 2284 2902 2336; x_wconf 75' lang='grc' dir='ltr'>σὺν</span> <span class='ocrx_word' id='word_1_670' title='bbox 2956 2283 3214 2354; x_wconf 72' lang='grc' dir='ltr'>μετανοίᾳ</span> <span class='ocrx_word' id='word_1_671' title='bbox 3275 2285 3372 2337; x_wconf 69' lang='grc' dir='ltr'>καὶ</span> 
     </span>
    </p>
   </div>
   <div class='ocr_carea' id='block_1_92' title="bbox 1780 2365 3372 2441">
    <p class='ocr_par' dir='ltr' id='par_1_92' title="bbox 1780 2365 3372 2441">
     <span class='ocr_line' id='line_1_92' title="bbox 1780 2365 3372 2441; baseline -0.004 -17"><span class='ocrx_word' id='word_1_672' title='bbox 1780 2369 2027 2441; x_wconf 86' lang='grc' dir='ltr'>δάκρυσι.</span> <span class='ocrx_word' id='word_1_673' title='bbox 2067 2369 2366 2435; x_wconf 81' lang='grc' dir='ltr'>Κατέγνως</span> <span class='ocrx_word' id='word_1_674' title='bbox 2417 2384 2513 2420; x_wconf 81' lang='grc' dir='ltr'>σου</span> <span class='ocrx_word' id='word_1_675' title='bbox 2556 2368 2656 2434; x_wconf 80' lang='grc' dir='ltr'>τὴν</span> <span class='ocrx_word' id='word_1_676' title='bbox 2700 2367 3006 2437; x_wconf 84' lang='grc' dir='ltr'>ἀμαρτίαν;</span> <span class='ocrx_word' id='word_1_677' title='bbox 3056 2365 3260 2420; x_wconf 84' lang='grc' dir='ltr'>ἀπέθου</span> <span class='ocrx_word' id='word_1_678' title='bbox 3311 2367 3372 2419; x_wconf 91' lang='grc' dir='ltr'>τὸ</span> 
     </span>
    </p>
   </div>
   <div class='ocr_carea' id='block_1_93' title="bbox 1783 2450 3372 2524">
    <p class='ocr_par' dir='ltr' id='par_1_93' title="bbox 1783 2450 3372 2524">
     <span class='ocr_line' id='line_1_93' title="bbox 1783 2450 3372 2524; baseline -0.003 -18"><span class='ocrx_word' id='word_1_679' title='bbox 1783 2453 2021 2524; x_wconf 81' lang='grc' dir='ltr'>φορτίον.</span> <span class='ocrx_word' id='word_1_680' title='bbox 2070 2454 2180 2506; x_wconf 73' lang='grc' dir='ltr'>Καὶ</span> <span class='ocrx_word' id='word_1_681' title='bbox 2228 2452 2314 2516; x_wconf 83' lang='grc' dir='ltr'>τίς</span> <span class='ocrx_word' id='word_1_682' title='bbox 2362 2451 2537 2506; x_wconf 86' lang='grc' dir='ltr'>ταῦτά</span> <span class='ocrx_word' id='word_1_683' title='bbox 2588 2467 2793 2521; x_wconf 86' lang='grc' dir='ltr'>φησιν;</span> <span class='ocrx_word' id='word_1_684' title='bbox 2835 2451 3006 2514; x_wconf 77' lang='grc' dir='ltr'>Αὐτὸς</span> <span class='ocrx_word' id='word_1_685' title='bbox 3056 2452 3085 2503; x_wconf 88' lang='grc' dir='ltr'>ό</span> <span class='ocrx_word' id='word_1_686' title='bbox 3131 2450 3372 2513; x_wconf 81' lang='grc' dir='ltr'>δικάζων</span> 
     </span>
    </p>
   </div>
   <div class='ocr_carea' id='block_1_94' title="bbox 1721 2523 3372 2604">
    <p class='ocr_par' dir='ltr' id='par_1_94' title="bbox 1721 2523 3372 2604">
     <span class='ocr_line' id='line_1_94' title="bbox 1721 2523 3372 2604; baseline -0.001 -16"><span class='ocrx_word' id='word_1_687' title='bbox 1721 2523 1726 2530; x_wconf 60' lang='grc'><em>’</em></span> <span class='ocrx_word' id='word_1_688' title='bbox 1781 2523 1932 2599; x_wconf 74' lang='grc' dir='ltr'>θεός.</span> <span class='ocrx_word' id='word_1_689' title='bbox 1964 2535 2112 2604; x_wconf 60' lang='grc' dir='ltr'>Λέγε</span> <span class='ocrx_word' id='word_1_690' title='bbox 2145 2535 2228 2588; x_wconf 86' lang='grc' dir='ltr'>σὺ</span> <span class='ocrx_word' id='word_1_691' title='bbox 2257 2535 2364 2601; x_wconf 82' lang='grc' dir='ltr'>τὰς</span> <span class='ocrx_word' id='word_1_692' title='bbox 2392 2535 2688 2604; x_wconf 78' lang='grc' dir='ltr'>ἁμαρτίας</span> <span class='ocrx_word' id='word_1_693' title='bbox 2720 2551 2836 2587; x_wconf 88' lang='grc' dir='ltr'>σου</span> <span class='ocrx_word' id='word_1_694' title='bbox 2863 2533 3114 2601; x_wconf 77' lang='grc' dir='ltr'>πρῶτος,</span> <span class='ocrx_word' id='word_1_695' title='bbox 3157 2535 3257 2588; x_wconf 58' lang='grc' dir='ltr'>ἵνα</span> <span class='ocrx_word' id='word_1_696' title='bbox 3285 2533 3372 2586; x_wconf 79' lang='grc' dir='ltr'>δι-</span> 
     </span>
    </p>
   </div>
   <div class='ocr_carea' id='block_1_95' title="bbox 1781 2616 3368 2688">
    <p class='ocr_par' dir='ltr' id='par_1_95' title="bbox 1781 2616 3368 2688">
     <span class='ocr_line' id='line_1_95' title="bbox 1781 2616 3368 2688; baseline -0.003 -15"><span class='ocrx_word' id='word_1_697' title='bbox 1781 2617 2058 2687; x_wconf 76' lang='grc' dir='ltr'>καιωθῇς.</span> <span class='ocrx_word' id='word_1_698' title='bbox 2092 2618 2250 2681; x_wconf 81' lang='grc' dir='ltr'>Τίνος</span> <span class='ocrx_word' id='word_1_699' title='bbox 2297 2619 2406 2686; x_wconf 81' lang='grc' dir='ltr'>γάρ</span> <span class='ocrx_word' id='word_1_700' title='bbox 2457 2618 2642 2669; x_wconf 75' lang='grc' dir='ltr'>ἕνεκεν</span> <span class='ocrx_word' id='word_1_701' title='bbox 2671 2616 2903 2687; x_wconf 82' lang='grc' dir='ltr'>αἰσχύνῃ</span> <span class='ocrx_word' id='word_1_702' title='bbox 2952 2617 3044 2669; x_wconf 77' lang='grc' dir='ltr'>καὶ</span> <span class='ocrx_word' id='word_1_703' title='bbox 3086 2617 3368 2688; x_wconf 79' lang='grc' dir='ltr'>ἐρυθριᾷς,</span> 
     </span>
    </p>
   </div>
   <div class='ocr_carea' id='block_1_96' title="bbox 1781 2701 3370 2774">
    <p class='ocr_par' dir='ltr' id='par_1_96' title="bbox 1781 2701 3370 2774">
     <span class='ocr_line' id='line_1_96' title="bbox 1781 2701 3370 2774; baseline -0.001 -18"><span class='ocrx_word' id='word_1_704' title='bbox 1781 2703 1903 2756; x_wconf 78' lang='grc' dir='ltr'>εἰπέ</span> <span class='ocrx_word' id='word_1_705' title='bbox 1937 2721 2049 2774; x_wconf 88' lang='grc' dir='ltr'>μοι,</span> <span class='ocrx_word' id='word_1_706' title='bbox 2076 2701 2146 2754; x_wconf 89' lang='grc' dir='ltr'>τά</span> <span class='ocrx_word' id='word_1_707' title='bbox 2173 2703 2544 2772; x_wconf 85' lang='grc' dir='ltr'>ἁμαρτήματα</span> <span class='ocrx_word' id='word_1_708' title='bbox 2590 2703 2796 2763; x_wconf 73' lang='grc' dir='ltr'>εἰπεῖνς</span> <span class='ocrx_word' id='word_1_709' title='bbox 2833 2703 2906 2770; x_wconf 82' lang='grc' dir='ltr'>μὴ</span> <span class='ocrx_word' id='word_1_710' title='bbox 2944 2701 3054 2770; x_wconf 80' lang='grc' dir='ltr'>γάρ</span> <span class='ocrx_word' id='word_1_711' title='bbox 3093 2701 3370 2773; x_wconf 80' lang='grc' dir='ltr'>ἀνθρώπῳ</span> 
     </span>
    </p>
   </div>
   <div class='ocr_carea' id='block_1_97' title="bbox 1781 2784 3446 2858">
    <p class='ocr_par' dir='ltr' id='par_1_97' title="bbox 1781 2784 3446 2858">
     <span class='ocr_line' id='line_1_97' title="bbox 1781 2784 3446 2858; baseline 0 -20"><span class='ocrx_word' id='word_1_712' title='bbox 1781 2787 1979 2854; x_wconf 83' lang='grc' dir='ltr'>λέγεις,</span> <span class='ocrx_word' id='word_1_713' title='bbox 2013 2787 2098 2838; x_wconf 81' lang='grc' dir='ltr'>ἵνα</span> <span class='ocrx_word' id='word_1_714' title='bbox 2121 2785 2354 2858; x_wconf 75' lang='grc' dir='ltr'>ὀνειδίσῃ</span> <span class='ocrx_word' id='word_1_715' title='bbox 2386 2801 2482 2849; x_wconf 87' lang='grc' dir='ltr'>σε;</span> <span class='ocrx_word' id='word_1_716' title='bbox 2513 2785 2588 2855; x_wconf 85' lang='grc' dir='ltr'>μὴ</span> <span class='ocrx_word' id='word_1_717' title='bbox 2617 2786 2727 2855; x_wconf 91' lang='grc' dir='ltr'>γάρ</span> <span class='ocrx_word' id='word_1_718' title='bbox 2756 2784 2836 2854; x_wconf 83' lang='grc' dir='ltr'>τῷ</span> <span class='ocrx_word' id='word_1_719' title='bbox 2867 2784 3139 2851; x_wconf 82' lang='grc' dir='ltr'>συνδούλῳ</span> <span class='ocrx_word' id='word_1_720' title='bbox 3176 2784 3368 2856; x_wconf 74' lang='grc' dir='ltr'>ὁμολοη</span> <span class='ocrx_word' id='word_1_721' title='bbox 3435 2786 3446 2799; x_wconf 88' lang='grc'>⁹</span> 
     </span>
    </p>
   </div>
   <div class='ocr_carea' id='block_1_98' title="bbox 1780 2867 3364 2941">
    <p class='ocr_par' dir='ltr' id='par_1_98' title="bbox 1780 2867 3364 2941">
     <span class='ocr_line' id='line_1_98' title="bbox 1780 2867 3364 2941; baseline 0 -18"><span class='ocrx_word' id='word_1_722' title='bbox 1780 2873 1918 2936; x_wconf 86' lang='grc' dir='ltr'>γεῖς,</span> <span class='ocrx_word' id='word_1_723' title='bbox 1968 2871 2057 2924; x_wconf 77' lang='grc' dir='ltr'>ἵνα</span> <span class='ocrx_word' id='word_1_724' title='bbox 2107 2868 2497 2940; x_wconf 77' lang='grc' dir='ltr'>ἐκπομπεύσῃς</span> <span class='ocrx_word' id='word_1_725' title='bbox 2531 2867 2623 2938; x_wconf 79' lang='grc' dir='ltr'>Τῷ</span> <span class='ocrx_word' id='word_1_726' title='bbox 2655 2869 2922 2941; x_wconf 88' lang='grc' dir='ltr'>Δεσπότῃ,</span> <span class='ocrx_word' id='word_1_727' title='bbox 2957 2868 3036 2940; x_wconf 85' lang='grc' dir='ltr'>τῷ</span> <span class='ocrx_word' id='word_1_728' title='bbox 3082 2868 3364 2939; x_wconf 87' lang='grc' dir='ltr'>κηδεμόνι,</span> 
     </span>
    </p>
   </div>
   <div class='ocr_carea' id='block_1_99' title="bbox 1779 2952 3366 3031">
    <p class='ocr_par' dir='ltr' id='par_1_99' title="bbox 1779 2952 3366 3031">
     <span class='ocr_line' id='line_1_99' title="bbox 1779 2952 3366 3031; baseline -0.002 -22"><span class='ocrx_word' id='word_1_729' title='bbox 1779 2954 1858 3031; x_wconf 78' lang='grc' dir='ltr'>τῷ</span> <span class='ocrx_word' id='word_1_730' title='bbox 1912 2954 2298 3027; x_wconf 80' lang='grc' dir='ltr'>φιλανθρώπῳ,</span> <span class='ocrx_word' id='word_1_731' title='bbox 2361 2952 2437 3024; x_wconf 80' lang='grc' dir='ltr'>τῷ</span> <span class='ocrx_word' id='word_1_732' title='bbox 2502 2953 2672 3024; x_wconf 81' lang='grc' dir='ltr'>ἰατρῷ</span> <span class='ocrx_word' id='word_1_733' title='bbox 2722 2954 2784 3006; x_wconf 81' lang='grc' dir='ltr'>τὸ</span> <span class='ocrx_word' id='word_1_734' title='bbox 2853 2954 3076 3026; x_wconf 86' lang='grc' dir='ltr'>τραῦμα</span> <span class='ocrx_word' id='word_1_735' title='bbox 3129 2956 3366 3010; x_wconf 76' lang='grc' dir='ltr'>ἐπιδεικ-</span> 
     </span>
    </p>
   </div>
   <div class='ocr_carea' id='block_1_100' title="bbox 1780 3056 1944 3103">
    <p class='ocr_par' dir='ltr' id='par_1_100' title="bbox 1780 3056 1944 3103">
     <span class='ocr_line' id='line_1_100' title="bbox 1780 3056 1944 3103; baseline 0.012 -13"><span class='ocrx_word' id='word_1_736' title='bbox 1780 3056 1871 3092; x_wconf 75' lang='lat' dir='ltr'>we</span> <span class='ocrx_word' id='word_1_737' title='bbox 1880 3057 1944 3103; x_wconf 88' lang='grc' dir='ltr'>ις.</span> 
     </span>
    </p>
   </div>
   <div class='ocr_carea' id='block_1_101' title="bbox 1850 3174 3364 3248">
    <p class='ocr_par' dir='ltr' id='par_1_101' title="bbox 1850 3174 3364 3248">
     <span class='ocr_line' id='line_1_101' title="bbox 1850 3174 3364 3248; baseline 0.012 -31"><span class='ocrx_word' id='word_1_738' title='bbox 1850 3175 1943 3244; x_wconf 71' lang='grc' dir='ltr'>Μὴ</span> <span class='ocrx_word' id='word_1_739' title='bbox 1971 3175 2100 3243; x_wconf 78' lang='grc' dir='ltr'>γὰρ,</span> <span class='ocrx_word' id='word_1_740' title='bbox 2133 3175 2237 3228; x_wconf 82' lang='grc' dir='ltr'>κάν</span> <span class='ocrx_word' id='word_1_741' title='bbox 2261 3175 2324 3228; x_wconf 80' lang='grc' dir='ltr'>σὺ</span> <span class='ocrx_word' id='word_1_742' title='bbox 2356 3175 2430 3245; x_wconf 77' lang='grc' dir='ltr'>μὴ</span> <span class='ocrx_word' id='word_1_743' title='bbox 2462 3175 2644 3248; x_wconf 80' lang='grc' dir='ltr'>εἴπῃς,</span> <span class='ocrx_word' id='word_1_744' title='bbox 2673 3177 2878 3238; x_wconf 76' lang='grc' dir='ltr'>ἐκεῖνος</span> <span class='ocrx_word' id='word_1_745' title='bbox 2904 3177 3003 3230; x_wconf 77' lang='grc' dir='ltr'>οὐκ</span> <span class='ocrx_word' id='word_1_746' title='bbox 3030 3174 3192 3241; x_wconf 79' lang='grc' dir='ltr'>οἶδεν,</span> <span class='ocrx_word' id='word_1_747' title='bbox 3221 3175 3279 3240; x_wconf 78' lang='grc' dir='ltr'>ὃς</span> <span class='ocrx_word' id='word_1_748' title='bbox 3300 3191 3364 3245; x_wconf 85' lang='grc' dir='ltr'>γε</span> 
     </span>
    </p>
   </div>
   <div class='ocr_carea' id='block_1_102' title="bbox 1780 3255 3365 3332">
    <p class='ocr_par' dir='ltr' id='par_1_102' title="bbox 1780 3255 3365 3332">
     <span class='ocr_line' id='line_1_102' title="bbox 1780 3255 3365 3332; baseline 0.001 -19"><span class='ocrx_word' id='word_1_749' title='bbox 1780 3261 1874 3313; x_wconf 77' lang='grc' dir='ltr'>καὶ</span> <span class='ocrx_word' id='word_1_750' title='bbox 1905 3259 2012 3332; x_wconf 87' lang='grc' dir='ltr'>πρὸ</span> <span class='ocrx_word' id='word_1_751' title='bbox 2044 3259 2138 3312; x_wconf 85' lang='grc' dir='ltr'>τοῦ</span> <span class='ocrx_word' id='word_1_752' title='bbox 2168 3259 2476 3331; x_wconf 85' lang='grc' dir='ltr'>πραχθῆναι</span> <span class='ocrx_word' id='word_1_753' title='bbox 2509 3259 2780 3328; x_wconf 74' lang='grc' dir='ltr'>ἠπίστατο</span> <span class='ocrx_word' id='word_1_754' title='bbox 2798 3270 2819 3297; x_wconf 69' lang='grc' dir='ltr'>ε</span> <span class='ocrx_word' id='word_1_755' title='bbox 2845 3277 2860 3323; x_wconf 75' lang='grc' dir='ltr'>ς</span> <span class='ocrx_word' id='word_1_756' title='bbox 2888 3259 3030 3324; x_wconf 86' lang='grc' dir='ltr'>τίνος</span> <span class='ocrx_word' id='word_1_757' title='bbox 3058 3255 3150 3315; x_wconf 80' lang='grc' dir='ltr'>οὖν</span> <span class='ocrx_word' id='word_1_758' title='bbox 3178 3261 3365 3314; x_wconf 76' lang='grc' dir='ltr'>ἕνεκεν</span> 
     </span>
    </p>
   </div>
   <div class='ocr_carea' id='block_1_103' title="bbox 1779 3343 3365 3418">
    <p class='ocr_par' dir='ltr' id='par_1_103' title="bbox 1779 3343 3365 3418">
     <span class='ocr_line' id='line_1_103' title="bbox 1779 3343 3365 3418; baseline -0.001 -21"><span class='ocrx_word' id='word_1_759' title='bbox 1779 3345 1841 3397; x_wconf 90' lang='grc' dir='ltr'>ού</span> <span class='ocrx_word' id='word_1_760' title='bbox 1873 3344 2087 3411; x_wconf 77' lang='grc' dir='ltr'>λέγειςς</span> <span class='ocrx_word' id='word_1_761' title='bbox 2120 3343 2195 3414; x_wconf 84' lang='grc' dir='ltr'>μὴ</span> <span class='ocrx_word' id='word_1_762' title='bbox 2224 3345 2334 3414; x_wconf 82' lang='grc' dir='ltr'>γάρ</span> <span class='ocrx_word' id='word_1_763' title='bbox 2373 3345 2437 3396; x_wconf 84' lang='grc' dir='ltr'>ἐκ</span> <span class='ocrx_word' id='word_1_764' title='bbox 2475 3343 2575 3414; x_wconf 83' lang='grc' dir='ltr'>τῆς</span> <span class='ocrx_word' id='word_1_765' title='bbox 2604 3344 2704 3414; x_wconf 81' lang='grc' dir='ltr'>σῆς</span> <span class='ocrx_word' id='word_1_766' title='bbox 2731 3345 3066 3415; x_wconf 83' lang='grc' dir='ltr'>κατηγορίας</span> <span class='ocrx_word' id='word_1_767' title='bbox 3094 3344 3365 3418; x_wconf 62' lang='grc' dir='ltr'>φορτικώη</span> 
     </span>
    </p>
   </div>
   <div class='ocr_carea' id='block_1_104' title="bbox 1779 3423 3365 3500">
    <p class='ocr_par' dir='ltr' id='par_1_104' title="bbox 1779 3423 3365 3500">
     <span class='ocr_line' id='line_1_104' title="bbox 1779 3423 3365 3500; baseline 0.001 -18"><span class='ocrx_word' id='word_1_768' title='bbox 1779 3445 1936 3500; x_wconf 86' lang='grc' dir='ltr'>τερον</span> <span class='ocrx_word' id='word_1_769' title='bbox 1965 3428 2172 3495; x_wconf 89' lang='grc' dir='ltr'>γίνεται</span> <span class='ocrx_word' id='word_1_770' title='bbox 2207 3428 2270 3480; x_wconf 91' lang='grc' dir='ltr'>τὸ</span> <span class='ocrx_word' id='word_1_771' title='bbox 2300 3429 2641 3499; x_wconf 87' lang='grc' dir='ltr'>άμάρτημα;</span> <span class='ocrx_word' id='word_1_772' title='bbox 2684 3427 3070 3499; x_wconf 80' lang='grc' dir='ltr'>’ίίμερώτερον</span> <span class='ocrx_word' id='word_1_773' title='bbox 3127 3431 3227 3500; x_wconf 83' lang='grc' dir='ltr'>μὲν</span> <span class='ocrx_word' id='word_1_774' title='bbox 3270 3423 3365 3484; x_wconf 79' lang='grc' dir='ltr'>οὖν</span> 
     </span>
    </p>
   </div>
   <div class='ocr_carea' id='block_1_105' title="bbox 1781 3509 3359 3581">
    <p class='ocr_par' dir='ltr' id='par_1_105' title="bbox 1781 3509 3359 3581">
     <span class='ocr_line' id='line_1_105' title="bbox 1781 3509 3359 3581; baseline 0.001 -16"><span class='ocrx_word' id='word_1_775' title='bbox 1781 3513 1876 3566; x_wconf 77' lang='grc' dir='ltr'>καὶ</span> <span class='ocrx_word' id='word_1_776' title='bbox 1921 3511 2268 3581; x_wconf 87' lang='grc' dir='ltr'>κουφότερον.</span> <span class='ocrx_word' id='word_1_777' title='bbox 2299 3510 2411 3565; x_wconf 81' lang='grc' dir='ltr'>Καὶ</span> <span class='ocrx_word' id='word_1_778' title='bbox 2444 3510 2534 3564; x_wconf 88' lang='grc' dir='ltr'>διά</span> <span class='ocrx_word' id='word_1_779' title='bbox 2566 3509 2722 3564; x_wconf 81' lang='grc' dir='ltr'>τοῦτο</span> <span class='ocrx_word' id='word_1_780' title='bbox 2767 3510 3014 3581; x_wconf 81' lang='grc' dir='ltr'>βούλεταί</span> <span class='ocrx_word' id='word_1_781' title='bbox 3058 3529 3117 3564; x_wconf 90' lang='grc' dir='ltr'>σε</span> <span class='ocrx_word' id='word_1_782' title='bbox 3164 3514 3359 3578; x_wconf 82' lang='grc' dir='ltr'>εἰπεῖν,</span> 
     </span>
    </p>
   </div>
   <div class='ocr_carea' id='block_1_106' title="bbox 1779 3595 3364 3668">
    <p class='ocr_par' dir='ltr' id='par_1_106' title="bbox 1779 3595 3364 3668">
     <span class='ocr_line' id='line_1_106' title="bbox 1779 3595 3364 3668; baseline 0 -18"><span class='ocrx_word' id='word_1_783' title='bbox 1779 3599 1877 3667; x_wconf 77' lang='grc' dir='ltr'>οὐχ</span> <span class='ocrx_word' id='word_1_784' title='bbox 1904 3595 1990 3649; x_wconf 87' lang='grc' dir='ltr'>ῖνα</span> <span class='ocrx_word' id='word_1_785' title='bbox 2014 3596 2238 3665; x_wconf 85' lang='grc' dir='ltr'>κολάσῃ.</span> <span class='ocrx_word' id='word_1_786' title='bbox 2270 3595 2384 3648; x_wconf 80' lang='grc' dir='ltr'>ἀλλ’</span> <span class='ocrx_word' id='word_1_787' title='bbox 2416 3595 2502 3649; x_wconf 80' lang='grc' dir='ltr'>ἵνα</span> <span class='ocrx_word' id='word_1_788' title='bbox 2535 3596 2902 3668; x_wconf 81' lang='grc' dir='ltr'>συγχωρήσῃ·</span> <span class='ocrx_word' id='word_1_789' title='bbox 2937 3596 3037 3666; x_wconf 89' lang='grc' dir='ltr'>ούχ</span> <span class='ocrx_word' id='word_1_790' title='bbox 3069 3597 3157 3650; x_wconf 79' lang='grc' dir='ltr'>ἵνα</span> <span class='ocrx_word' id='word_1_791' title='bbox 3201 3597 3364 3662; x_wconf 82' lang='grc' dir='ltr'>αὐτὸς</span> 
     </span>
    </p>
   </div>
   <div class='ocr_carea' id='block_1_107' title="bbox 1784 3679 3360 3755">
    <p class='ocr_par' dir='ltr' id='par_1_107' title="bbox 1784 3679 3360 3755">
     <span class='ocr_line' id='line_1_107' title="bbox 1784 3679 3360 3755; baseline 0.001 -21"><span class='ocrx_word' id='word_1_792' title='bbox 1784 3681 1930 3752; x_wconf 87' lang='grc' dir='ltr'>μάθῃ</span> <span class='ocrx_word' id='word_1_793' title='bbox 1948 3681 2044 3750; x_wconf 74' lang='grc' dir='ltr'>τὴν</span> <span class='ocrx_word' id='word_1_794' title='bbox 2065 3680 2342 3751; x_wconf 85' lang='grc' dir='ltr'>ἁμαρτίαν</span> <span class='ocrx_word' id='word_1_795' title='bbox 2360 3695 2374 3709; x_wconf 91' lang='grc'>·</span> <span class='ocrx_word' id='word_1_796' title='bbox 2401 3679 2518 3743; x_wconf 86' lang='grc' dir='ltr'>πῶς</span> <span class='ocrx_word' id='word_1_797' title='bbox 2539 3679 2670 3749; x_wconf 87' lang='grc' dir='ltr'>γάρ,</span> <span class='ocrx_word' id='word_1_798' title='bbox 2699 3681 2728 3732; x_wconf 88' lang='grc' dir='ltr'>ό</span> <span class='ocrx_word' id='word_1_799' title='bbox 2745 3680 2930 3744; x_wconf 75' lang='grc' dir='ltr'>εἰδώςς</span> <span class='ocrx_word' id='word_1_800' title='bbox 2958 3681 3073 3734; x_wconf 74' lang='grc' dir='ltr'>ἀλλ’</span> <span class='ocrx_word' id='word_1_801' title='bbox 3093 3681 3177 3734; x_wconf 82' lang='grc' dir='ltr'>ἵνα</span> 
     </span>
    </p>
   </div>
   <div class='ocr_carea' id='block_1_108' title="bbox 1783 3762 3360 3837">
    <p class='ocr_par' dir='ltr' id='par_1_108' title="bbox 1783 3762 3360 3837">
     <span class='ocr_line' id='line_1_108' title="bbox 1783 3762 3360 3837; baseline 0 -18"><span class='ocrx_word' id='word_1_802' title='bbox 1783 3768 1846 3820; x_wconf 81' lang='grc' dir='ltr'>σὺ</span> <span class='ocrx_word' id='word_1_803' title='bbox 1882 3764 2059 3837; x_wconf 86' lang='grc' dir='ltr'>μάθῃς</span> <span class='ocrx_word' id='word_1_804' title='bbox 2091 3765 2255 3818; x_wconf 88' lang='grc' dir='ltr'>πόσον</span> <span class='ocrx_word' id='word_1_805' title='bbox 2282 3781 2364 3818; x_wconf 91' lang='grc' dir='ltr'>σοι</span> <span class='ocrx_word' id='word_1_806' title='bbox 2401 3766 2677 3834; x_wconf 69' lang='grc' dir='ltr'>συγχωρεῖ</span> <span class='ocrx_word' id='word_1_807' title='bbox 2703 3762 2881 3835; x_wconf 73' lang='grc' dir='ltr'>χρέος.</span> <span class='ocrx_word' id='word_1_808' title='bbox 2911 3764 3168 3818; x_wconf 86' lang='grc' dir='ltr'>Βούλεται</span> <span class='ocrx_word' id='word_1_809' title='bbox 3205 3766 3263 3820; x_wconf 88' lang='grc' dir='ltr'>δέ</span> <span class='ocrx_word' id='word_1_810' title='bbox 3299 3783 3360 3819; x_wconf 88' lang='grc' dir='ltr'>σε</span> 
     </span>
    </p>
   </div>
   <div class='ocr_carea' id='block_1_109' title="bbox 1783 3838 3361 3919">
    <p class='ocr_par' dir='ltr' id='par_1_109' title="bbox 1783 3838 3361 3919">
     <span class='ocr_line' id='line_1_109' title="bbox 1783 3838 3361 3919; baseline 0.001 -18"><span class='ocrx_word' id='word_1_811' title='bbox 1783 3847 1975 3919; x_wconf 83' lang='grc' dir='ltr'>μαθεῖν</span> <span class='ocrx_word' id='word_1_812' title='bbox 2001 3847 2100 3916; x_wconf 80' lang='grc' dir='ltr'>τῆς</span> <span class='ocrx_word' id='word_1_813' title='bbox 2137 3852 2354 3918; x_wconf 75' lang='grc' dir='ltr'>χάριτος</span> <span class='ocrx_word' id='word_1_814' title='bbox 2385 3847 2447 3900; x_wconf 88' lang='grc' dir='ltr'>τὸ</span> <span class='ocrx_word' id='word_1_815' title='bbox 2474 3846 2724 3917; x_wconf 85' lang='grc' dir='ltr'>μέγεθος,</span> <span class='ocrx_word' id='word_1_816' title='bbox 2758 3838 2845 3900; x_wconf 80' lang='grc' dir='ltr'>ἵνα</span> <span class='ocrx_word' id='word_1_817' title='bbox 2886 3848 3223 3919; x_wconf 81' lang='grc' dir='ltr'>εὐχαριστῶν</span> <span class='ocrx_word' id='word_1_818' title='bbox 3249 3849 3361 3903; x_wconf 89' lang='grc' dir='ltr'>δια-</span> 
     </span>
    </p>
   </div>
   <div class='ocr_carea' id='block_1_110' title="bbox 1778 3927 3358 4006">
    <p class='ocr_par' dir='ltr' id='par_1_110' title="bbox 1778 3927 3358 4006">
     <span class='ocr_line' id='line_1_110' title="bbox 1778 3927 3358 4006; baseline 0 -21"><span class='ocrx_word' id='word_1_819' title='bbox 1778 3932 1957 4004; x_wconf 83' lang='grc' dir='ltr'>τελῇς,</span> <span class='ocrx_word' id='word_1_820' title='bbox 1992 3931 2080 3983; x_wconf 84' lang='grc' dir='ltr'>ἵνα</span> <span class='ocrx_word' id='word_1_821' title='bbox 2105 3929 2463 4002; x_wconf 76' lang='grc' dir='ltr'>ὀκνηρότερος</span> <span class='ocrx_word' id='word_1_822' title='bbox 2509 3929 2646 4001; x_wconf 86' lang='grc' dir='ltr'>πρὸς</span> <span class='ocrx_word' id='word_1_823' title='bbox 2687 3930 2962 4001; x_wconf 83' lang='grc' dir='ltr'>ἁμαρτίαν</span> <span class='ocrx_word' id='word_1_824' title='bbox 2984 3927 3072 4006; x_wconf 86' lang='grc' dir='ltr'>ᾖς,</span> <span class='ocrx_word' id='word_1_825' title='bbox 3107 3932 3194 3986; x_wconf 80' lang='grc' dir='ltr'>ἵνα</span> <span class='ocrx_word' id='word_1_826' title='bbox 3223 3949 3358 4004; x_wconf 84' lang='grc' dir='ltr'>προ-</span> 
     </span>
    </p>
   </div>
   <div class='ocr_carea' id='block_1_111' title="bbox 1781 4011 3360 4094">
    <p class='ocr_par' dir='ltr' id='par_1_111' title="bbox 1781 4011 3360 4094">
     <span class='ocr_line' id='line_1_111' title="bbox 1781 4011 3360 4094; baseline 0.001 -26"><span class='ocrx_word' id='word_1_827' title='bbox 1781 4015 2075 4086; x_wconf 84' lang='grc' dir='ltr'>θυμότερος</span> <span class='ocrx_word' id='word_1_828' title='bbox 2119 4013 2198 4076; x_wconf 89' lang='grc' dir='ltr'>είς</span> <span class='ocrx_word' id='word_1_829' title='bbox 2228 4011 2593 4084; x_wconf 71' lang='grc' dir='ltr'>ἀρετήνδ.”Λν</span> <span class='ocrx_word' id='word_1_830' title='bbox 2641 4012 2716 4084; x_wconf 84' lang='grc' dir='ltr'>μὴ</span> <span class='ocrx_word' id='word_1_831' title='bbox 2763 4015 2922 4085; x_wconf 73' lang='grc' dir='ltr'>εἴπῃς</span> <span class='ocrx_word' id='word_1_832' title='bbox 2944 4015 3048 4094; x_wconf 34' lang='grc' dir='ltr'>τοῦ,</span> <span class='ocrx_word' id='word_1_833' title='bbox 3078 4016 3274 4086; x_wconf 77' lang='grc' dir='ltr'>χρέους</span> <span class='ocrx_word' id='word_1_834' title='bbox 3301 4018 3360 4069; x_wconf 85' lang='grc' dir='ltr'>τὸ</span> 
     </span>
    </p>
   </div>
   <div class='ocr_carea' id='block_1_112' title="bbox 1783 4095 3360 4174">
    <p class='ocr_par' dir='ltr' id='par_1_112' title="bbox 1783 4095 3360 4174">
     <span class='ocr_line' id='line_1_112' title="bbox 1783 4095 3360 4174; baseline 0 -20"><span class='ocrx_word' id='word_1_835' title='bbox 1783 4098 2032 4171; x_wconf 88' lang='grc' dir='ltr'>μέγεθος.</span> <span class='ocrx_word' id='word_1_836' title='bbox 2067 4097 2167 4170; x_wconf 78' lang='grc' dir='ltr'>οὐκ</span> <span class='ocrx_word' id='word_1_837' title='bbox 2198 4095 2582 4165; x_wconf 83' lang='grc' dir='ltr'>ἐπιγινώσκεις</span> <span class='ocrx_word' id='word_1_838' title='bbox 2613 4097 2713 4168; x_wconf 82' lang='grc' dir='ltr'>τῆς</span> <span class='ocrx_word' id='word_1_839' title='bbox 2755 4116 2789 4169; x_wconf 88' lang='grc' dir='ltr'><strong>χ</strong></span> <span class='ocrx_word' id='word_1_840' title='bbox 2815 4115 2976 4170; x_wconf 88' lang='grc' dir='ltr'>-ριτος</span> <span class='ocrx_word' id='word_1_841' title='bbox 2999 4100 3098 4168; x_wconf 80' lang='grc' dir='ltr'>τὴν</span> <span class='ocrx_word' id='word_1_842' title='bbox 3127 4100 3360 4174; x_wconf 79' lang='grc' dir='ltr'>ὑπερϐο-</span> 
     </span>
    </p>
   </div>
   <div class='ocr_carea' id='block_1_113' title="bbox 1780 4180 3361 4255">
    <p class='ocr_par' dir='ltr' id='par_1_113' title="bbox 1780 4180 3361 4255">
     <span class='ocr_line' id='line_1_113' title="bbox 1780 4180 3361 4255; baseline 0.002 -19"><span class='ocrx_word' id='word_1_843' title='bbox 1780 4183 1899 4255; x_wconf 79' lang='grc' dir='ltr'>λήν.</span> <span class='ocrx_word' id='word_1_844' title='bbox 1927 4182 2042 4235; x_wconf 85' lang='grc' dir='ltr'>Οὐκ</span> <span class='ocrx_word' id='word_1_845' title='bbox 2066 4180 2379 4249; x_wconf 71' lang='grc' dir='ltr'>ἀναγκάζω,</span> <span class='ocrx_word' id='word_1_846' title='bbox 2408 4182 2593 4253; x_wconf 67' lang='grc' dir='ltr'>φησιν,</span> <span class='ocrx_word' id='word_1_847' title='bbox 2629 4183 2709 4246; x_wconf 83' lang='grc' dir='ltr'>είς</span> <span class='ocrx_word' id='word_1_848' title='bbox 2742 4184 2904 4251; x_wconf 87' lang='grc' dir='ltr'>μέσον</span> <span class='ocrx_word' id='word_1_849' title='bbox 2929 4183 3104 4236; x_wconf 86' lang='grc' dir='ltr'>ἐλθεῖν</span> <span class='ocrx_word' id='word_1_850' title='bbox 3141 4201 3199 4238; x_wconf 88' lang='grc' dir='ltr'>σε</span> <span class='ocrx_word' id='word_1_851' title='bbox 3234 4185 3361 4239; x_wconf 81' lang='grc' dir='ltr'>θέα-</span> 
     </span>
    </p>
   </div>
   <div class='ocr_carea' id='block_1_114' title="bbox 1779 4257 3361 4351">
    <p class='ocr_par' dir='ltr' id='par_1_114' title="bbox 1779 4257 3361 4351">
     <span class='ocr_line' id='line_1_114' title="bbox 1779 4257 3361 4351; baseline 0.003 -31"><span class='ocrx_word' id='word_1_852' title='bbox 1779 4284 1928 4338; x_wconf 88' lang='grc' dir='ltr'>τρον,</span> <span class='ocrx_word' id='word_1_853' title='bbox 1962 4266 2056 4319; x_wconf 76' lang='grc' dir='ltr'>καὶ</span> <span class='ocrx_word' id='word_1_854' title='bbox 2110 4266 2394 4351; x_wconf 53' lang='grc' dir='ltr'>μάρτυρας</span> <span class='ocrx_word' id='word_1_855' title='bbox 2444 4269 2771 4351; x_wconf 82' lang='grc' dir='ltr'>περιστῆσαι</span> <span class='ocrx_word' id='word_1_856' title='bbox 2822 4257 3083 4332; x_wconf 80' lang='grc' dir='ltr'>πολλούς·</span> <span class='ocrx_word' id='word_1_857' title='bbox 3130 4269 3257 4339; x_wconf 74' lang='grc' dir='ltr'>ἐμοὶ</span> <span class='ocrx_word' id='word_1_858' title='bbox 3299 4270 3361 4324; x_wconf 90' lang='grc' dir='ltr'>τὸ</span> 
     </span>
    </p>
   </div>
   <div class='ocr_carea' id='block_1_115' title="bbox 1777 4348 3360 4425">
    <p class='ocr_par' dir='ltr' id='par_1_115' title="bbox 1777 4348 3360 4425">
     <span class='ocr_line' id='line_1_115' title="bbox 1777 4348 3360 4425; baseline 0 -19"><span class='ocrx_word' id='word_1_859' title='bbox 1777 4353 2081 4425; x_wconf 82' lang='grc' dir='ltr'>ἁμάρτημα</span> <span class='ocrx_word' id='word_1_860' title='bbox 2122 4348 2250 4403; x_wconf 79' lang='grc' dir='ltr'>εἰπὲ</span> <span class='ocrx_word' id='word_1_861' title='bbox 2281 4349 2427 4420; x_wconf 83' lang='grc' dir='ltr'>μόνῳ</span> <span class='ocrx_word' id='word_1_862' title='bbox 2470 4349 2590 4403; x_wconf 83' lang='grc' dir='ltr'>κατ’</span> <span class='ocrx_word' id='word_1_863' title='bbox 2621 4350 2780 4413; x_wconf 81' lang='grc' dir='ltr'>ἰδίαν,</span> <span class='ocrx_word' id='word_1_864' title='bbox 2812 4351 2898 4404; x_wconf 82' lang='grc' dir='ltr'>ἵνα</span> <span class='ocrx_word' id='word_1_865' title='bbox 2934 4352 3256 4424; x_wconf 84' lang='grc' dir='ltr'>θεραπεύσω</span> <span class='ocrx_word' id='word_1_866' title='bbox 3297 4353 3360 4407; x_wconf 90' lang='grc' dir='ltr'>τὸ</span> 
     </span>
    </p>
   </div>
   <div class='ocr_carea' id='block_1_116' title="bbox 1777 4433 3358 4505">
    <p class='ocr_par' dir='ltr' id='par_1_116' title="bbox 1777 4433 3358 4505">
     <span class='ocr_line' id='line_1_116' title="bbox 1777 4433 3358 4505; baseline -0.001 -15"><span class='ocrx_word' id='word_1_867' title='bbox 1777 4437 1953 4500; x_wconf 77' lang='grc' dir='ltr'>ἕλκος,</span> <span class='ocrx_word' id='word_1_868' title='bbox 1984 4435 2079 4489; x_wconf 78' lang='grc' dir='ltr'>καὶ</span> <span class='ocrx_word' id='word_1_869' title='bbox 2106 4433 2398 4500; x_wconf 83' lang='grc' dir='ltr'>ἀπαλλάξω</span> <span class='ocrx_word' id='word_1_870' title='bbox 2421 4434 2520 4504; x_wconf 82' lang='grc' dir='ltr'>τῆς</span> <span class='ocrx_word' id='word_1_871' title='bbox 2543 4433 2754 4505; x_wconf 83' lang='grc' dir='ltr'>ὀδύνης.</span> <span class='ocrx_word' id='word_1_872' title='bbox 2778 4433 2878 4487; x_wconf 88' lang='grc' dir='ltr'>Διά</span> <span class='ocrx_word' id='word_1_873' title='bbox 2904 4435 3063 4489; x_wconf 88' lang='grc' dir='ltr'>τοῦτο</span> <span class='ocrx_word' id='word_1_874' title='bbox 3087 4435 3149 4488; x_wconf 86' lang='grc' dir='ltr'>τὸ</span> <span class='ocrx_word' id='word_1_875' title='bbox 3178 4453 3358 4490; x_wconf 85' lang='grc' dir='ltr'>συνει-</span> 
     </span>
    </p>
   </div>
   <div class='ocr_carea' id='block_1_117' title="bbox 1781 4516 3354 4592">
    <p class='ocr_par' dir='ltr' id='par_1_117' title="bbox 1781 4516 3354 4592">
     <span class='ocr_line' id='line_1_117' title="bbox 1781 4516 3354 4592; baseline -0.001 -17"><span class='ocrx_word' id='word_1_876' title='bbox 1781 4522 1869 4585; x_wconf 92' lang='grc' dir='ltr'>δὸς</span> <span class='ocrx_word' id='word_1_877' title='bbox 1905 4521 2037 4591; x_wconf 80' lang='grc' dir='ltr'>ἡμῖν</span> <span class='ocrx_word' id='word_1_878' title='bbox 2085 4516 2418 4588; x_wconf 84' lang='grc' dir='ltr'>ἐγκατέθηκε</span> <span class='ocrx_word' id='word_1_879' title='bbox 2473 4518 2567 4571; x_wconf 82' lang='grc' dir='ltr'>καὶ</span> <span class='ocrx_word' id='word_1_880' title='bbox 2613 4518 2820 4586; x_wconf 87' lang='grc' dir='ltr'>πατρὸς</span> <span class='ocrx_word' id='word_1_881' title='bbox 2855 4519 3354 4592; x_wconf 87' lang='grc' dir='ltr'>φιλοστοργότερον.</span> 
     </span>
    </p>
   </div>
   <div class='ocr_carea' id='block_1_118' title="bbox 1779 4600 3355 4676">
    <p class='ocr_par' dir='ltr' id='par_1_118' title="bbox 1779 4600 3355 4676">
     <span class='ocr_line' id='line_1_118' title="bbox 1779 4600 3355 4676; baseline 0 -17"><span class='ocrx_word' id='word_1_882' title='bbox 1779 4605 1969 4676; x_wconf 85' lang='grc' dir='ltr'>Πατὴρ</span> <span class='ocrx_word' id='word_1_883' title='bbox 2019 4601 2116 4673; x_wconf 84' lang='grc' dir='ltr'>μὲν</span> <span class='ocrx_word' id='word_1_884' title='bbox 2169 4603 2275 4672; x_wconf 82' lang='grc' dir='ltr'>γὰρ</span> <span class='ocrx_word' id='word_1_885' title='bbox 2323 4600 2491 4666; x_wconf 76' lang='grc' dir='ltr'>ἅπαξ,</span> <span class='ocrx_word' id='word_1_886' title='bbox 2519 4601 2552 4671; x_wconf 83' lang='grc' dir='ltr'>ἢ</span> <span class='ocrx_word' id='word_1_887' title='bbox 2587 4602 2858 4676; x_wconf 86' lang='grc' dir='ltr'>δεύτερον,</span> <span class='ocrx_word' id='word_1_888' title='bbox 2888 4603 2921 4672; x_wconf 81' lang='grc' dir='ltr'>ἦ</span> <span class='ocrx_word' id='word_1_889' title='bbox 2953 4605 3046 4657; x_wconf 78' lang='grc' dir='ltr'>καὶ</span> <span class='ocrx_word' id='word_1_890' title='bbox 3076 4604 3278 4674; x_wconf 84' lang='grc' dir='ltr'>τρίτον,</span> <span class='ocrx_word' id='word_1_891' title='bbox 3318 4604 3355 4676; x_wconf 70' lang='grc' dir='ltr'>ἢ</span> 
     </span>
    </p>
   </div>
   <div class='ocr_carea' id='block_1_119' title="bbox 1779 4684 3357 4761">
    <p class='ocr_par' dir='ltr' id='par_1_119' title="bbox 1779 4684 3357 4761">
     <span class='ocr_line' id='line_1_119' title="bbox 1779 4684 3357 4761; baseline 0.001 -19"><span class='ocrx_word' id='word_1_892' title='bbox 1779 4690 1872 4744; x_wconf 72' lang='grc' dir='ltr'>καὶ</span> <span class='ocrx_word' id='word_1_893' title='bbox 1888 4687 2107 4747; x_wconf 88' lang='grc' dir='ltr'>δεκάκις</span> <span class='ocrx_word' id='word_1_894' title='bbox 2125 4684 2454 4755; x_wconf 82' lang='grc' dir='ltr'>ἐπιτιμήσας</span> <span class='ocrx_word' id='word_1_895' title='bbox 2480 4685 2557 4755; x_wconf 86' lang='grc' dir='ltr'>τῷ</span> <span class='ocrx_word' id='word_1_896' title='bbox 2584 4685 2756 4753; x_wconf 75' lang='grc' dir='ltr'>παιδὶ,</span> <span class='ocrx_word' id='word_1_897' title='bbox 2775 4687 2995 4742; x_wconf 85' lang='grc' dir='ltr'>ἐπειδάν</span> <span class='ocrx_word' id='word_1_898' title='bbox 3020 4687 3101 4761; x_wconf 83' lang='grc' dir='ltr'>ἴδῃ</span> <span class='ocrx_word' id='word_1_899' title='bbox 3126 4691 3357 4759; x_wconf 85' lang='grc' dir='ltr'>μένοντα</span> 
     </span>
    </p>
   </div>
   <div class='ocr_carea' id='block_1_120' title="bbox 1778 4769 3353 4843">
    <p class='ocr_par' dir='ltr' id='par_1_120' title="bbox 1778 4769 3353 4843">
     <span class='ocr_line' id='line_1_120' title="bbox 1778 4769 3353 4843; baseline 0.001 -16"><span class='ocrx_word' id='word_1_900' title='bbox 1778 4773 2124 4843; x_wconf 87' lang='grc' dir='ltr'>ἀδιόρθωτον,</span> <span class='ocrx_word' id='word_1_901' title='bbox 2152 4769 2537 4839; x_wconf 77' lang='grc' dir='ltr'>ἀπαγορεύσας</span> <span class='ocrx_word' id='word_1_902' title='bbox 2567 4771 2956 4843; x_wconf 77' lang='grc' dir='ltr'>ἀποκηρύττει,</span> <span class='ocrx_word' id='word_1_903' title='bbox 2992 4773 3087 4827; x_wconf 78' lang='grc' dir='ltr'>καὶ</span> <span class='ocrx_word' id='word_1_904' title='bbox 3130 4774 3231 4843; x_wconf 82' lang='grc' dir='ltr'>τῆς</span> <span class='ocrx_word' id='word_1_905' title='bbox 3273 4776 3353 4828; x_wconf 84' lang='grc' dir='ltr'>οἰ-</span> 
     </span>
    </p>
   </div>
   <div class='ocr_carea' id='block_1_121' title="bbox 1777 4855 3352 4924">
    <p class='ocr_par' dir='ltr' id='par_1_121' title="bbox 1777 4855 3352 4924">
     <span class='ocr_line' id='line_1_121' title="bbox 1777 4855 3352 4924; baseline 0 -12"><span class='ocrx_word' id='word_1_906' title='bbox 1777 4859 1899 4924; x_wconf 88' lang='grc' dir='ltr'>κίας</span> <span class='ocrx_word' id='word_1_907' title='bbox 1931 4857 2201 4921; x_wconf 85' lang='grc' dir='ltr'>ἐκϐάλλει,</span> <span class='ocrx_word' id='word_1_908' title='bbox 2231 4855 2444 4924; x_wconf 75' lang='grc' dir='ltr'>καὶτῆς</span> <span class='ocrx_word' id='word_1_909' title='bbox 2467 4855 2784 4923; x_wconf 89' lang='grc' dir='ltr'>συγγενείας</span> <span class='ocrx_word' id='word_1_910' title='bbox 2809 4856 3088 4913; x_wconf 86' lang='grc' dir='ltr'>διακόπτει</span> <span class='ocrx_word' id='word_1_911' title='bbox 3109 4875 3121 4888; x_wconf 91' lang='grc'>·</span> <span class='ocrx_word' id='word_1_912' title='bbox 3152 4859 3266 4912; x_wconf 78' lang='grc' dir='ltr'>ἀλλ’</span> <span class='ocrx_word' id='word_1_913' title='bbox 3291 4860 3352 4912; x_wconf 83' lang='grc' dir='ltr'><strong>οὑ</strong></span> 
     </span>
    </p>
   </div>
   <div class='ocr_carea' id='block_1_122' title="bbox 1775 4937 3355 5013">
    <p class='ocr_par' dir='ltr' id='par_1_122' title="bbox 1775 4937 3355 5013">
     <span class='ocr_line' id='line_1_122' title="bbox 1775 4937 3355 5013; baseline 0.001 -15"><span class='ocrx_word' id='word_1_914' title='bbox 1775 4944 1837 5000; x_wconf 89' lang='grc' dir='ltr'>τὸ</span> <span class='ocrx_word' id='word_1_915' title='bbox 1884 4941 2118 5007; x_wconf 90' lang='grc' dir='ltr'>συνειδός</span> <span class='ocrx_word' id='word_1_916' title='bbox 2139 4953 2193 4981; x_wconf 73' lang='grc' dir='ltr'>ε·</span> <span class='ocrx_word' id='word_1_917' title='bbox 2237 4940 2394 5002; x_wconf 86' lang='grc' dir='ltr'>ἀλλά,</span> <span class='ocrx_word' id='word_1_918' title='bbox 2443 4937 2543 4992; x_wconf 84' lang='grc' dir='ltr'>κᾶν</span> <span class='ocrx_word' id='word_1_919' title='bbox 2577 4940 2744 5006; x_wconf 74' lang='grc' dir='ltr'>ἅπαξ,</span> <span class='ocrx_word' id='word_1_920' title='bbox 2792 4940 2894 4994; x_wconf 85' lang='grc' dir='ltr'>κᾶν</span> <span class='ocrx_word' id='word_1_921' title='bbox 2938 4941 3208 5013; x_wconf 87' lang='grc' dir='ltr'>δεύτερον,</span> <span class='ocrx_word' id='word_1_922' title='bbox 3252 4944 3355 5000; x_wconf 83' lang='grc' dir='ltr'>κάν</span> 
     </span>
    </p>
   </div>
   <div class='ocr_carea' id='block_1_123' title="bbox 1776 5021 3354 5100">
    <p class='ocr_par' dir='ltr' id='par_1_123' title="bbox 1776 5021 3354 5100">
     <span class='ocr_line' id='line_1_123' title="bbox 1776 5021 3354 5100; baseline 0 -19"><span class='ocrx_word' id='word_1_923' title='bbox 1776 5030 1978 5100; x_wconf 88' lang='grc' dir='ltr'>τρίτον,</span> <span class='ocrx_word' id='word_1_924' title='bbox 2009 5026 2109 5081; x_wconf 81' lang='grc' dir='ltr'>κάν</span> <span class='ocrx_word' id='word_1_925' title='bbox 2165 5026 2422 5097; x_wconf 83' lang='grc' dir='ltr'>μυριάκις</span> <span class='ocrx_word' id='word_1_926' title='bbox 2469 5021 2621 5094; x_wconf 80' lang='grc' dir='ltr'>εἴπῃ,</span> <span class='ocrx_word' id='word_1_927' title='bbox 2658 5023 2753 5077; x_wconf 79' lang='grc' dir='ltr'>καὶ</span> <span class='ocrx_word' id='word_1_928' title='bbox 2786 5024 3161 5098; x_wconf 85' lang='grc' dir='ltr'>παρακούσῃς,</span> <span class='ocrx_word' id='word_1_929' title='bbox 3193 5029 3354 5084; x_wconf 85' lang='grc' dir='ltr'>πάλιν</span> 
     </span>
    </p>
   </div>
   <div class='ocr_carea' id='block_1_124' title="bbox 1775 5106 3354 5183">
    <p class='ocr_par' dir='ltr' id='par_1_124' title="bbox 1775 5106 3354 5183">
     <span class='ocr_line' id='line_1_124' title="bbox 1775 5106 3354 5183; baseline -0.018 -16"><span class='ocrx_word' id='word_1_930' title='bbox 1775 5114 1912 5183; x_wconf 83' lang='grc' dir='ltr'>ἐρεῖ,</span> <span class='ocrx_word' id='word_1_931' title='bbox 1947 5112 2040 5166; x_wconf 70' lang='grc' dir='ltr'>καὶ</span> <span class='ocrx_word' id='word_1_932' title='bbox 2067 5111 2166 5164; x_wconf 80' lang='grc' dir='ltr'>οὐκ</span> <span class='ocrx_word' id='word_1_933' title='bbox 2197 5109 2491 5177; x_wconf 83' lang='grc' dir='ltr'>ἀφίσταται</span> <span class='ocrx_word' id='word_1_934' title='bbox 2519 5106 2623 5170; x_wconf 78' lang='grc' dir='ltr'>ἓως</span> <span class='ocrx_word' id='word_1_935' title='bbox 2649 5107 2884 5178; x_wconf 78' lang='grc' dir='ltr'>ἐσχάτης</span> <span class='ocrx_word' id='word_1_936' title='bbox 2907 5109 3184 5181; x_wconf 69' lang='grc' dir='ltr'>ἀναπνοῆς</span> <span class='ocrx_word' id='word_1_937' title='bbox 3204 5127 3216 5140; x_wconf 95' lang='grc'><strong>.</strong></span> <span class='ocrx_word' id='word_1_938' title='bbox 3259 5113 3354 5166; x_wconf 56' lang='grc' dir='ltr'>καὶ</span> 
     </span>
    </p>
   </div>
   <div class='ocr_carea' id='block_1_125' title="bbox 1776 5189 3353 5266">
    <p class='ocr_par' dir='ltr' id='par_1_125' title="bbox 1776 5189 3353 5266">
     <span class='ocr_line' id='line_1_125' title="bbox 1776 5189 3353 5266; baseline 0 -16"><span class='ocrx_word' id='word_1_939' title='bbox 1776 5198 1835 5250; x_wconf 86' lang='grc' dir='ltr'>ἐν</span> <span class='ocrx_word' id='word_1_940' title='bbox 1881 5195 2047 5266; x_wconf 77' lang='grc' dir='ltr'>οἰκία,</span> <span class='ocrx_word' id='word_1_941' title='bbox 2087 5193 2183 5247; x_wconf 73' lang='grc' dir='ltr'>καὶ</span> <span class='ocrx_word' id='word_1_942' title='bbox 2226 5196 2283 5246; x_wconf 86' lang='grc' dir='ltr'>ὲν</span> <span class='ocrx_word' id='word_1_943' title='bbox 2324 5189 2606 5261; x_wconf 83' lang='grc' dir='ltr'>ἀμφόδοις,</span> <span class='ocrx_word' id='word_1_944' title='bbox 2648 5192 2741 5243; x_wconf 82' lang='grc' dir='ltr'>καὶ</span> <span class='ocrx_word' id='word_1_945' title='bbox 2771 5192 2828 5244; x_wconf 91' lang='grc' dir='ltr'>ἐν</span> <span class='ocrx_word' id='word_1_946' title='bbox 2855 5192 3124 5265; x_wconf 75' lang='grc' dir='ltr'>τραπέζῃ,</span> <span class='ocrx_word' id='word_1_947' title='bbox 3153 5194 3245 5247; x_wconf 76' lang='grc' dir='ltr'>καὶ</span> <span class='ocrx_word' id='word_1_948' title='bbox 3292 5195 3353 5250; x_wconf 67' lang='grc' dir='ltr'>ἐν</span> 
     </span>
    </p>
   </div>
   <div class='ocr_carea' id='block_1_126' title="bbox 1777 5270 3350 5354">
    <p class='ocr_par' dir='ltr' id='par_1_126' title="bbox 1777 5270 3350 5354">
     <span class='ocr_line' id='line_1_126' title="bbox 1777 5270 3350 5354; baseline -0.008 -19"><span class='ocrx_word' id='word_1_949' title='bbox 1777 5281 1969 5354; x_wconf 78' lang='grc' dir='ltr'>ἀγορᾷ,</span> <span class='ocrx_word' id='word_1_950' title='bbox 2001 5279 2095 5332; x_wconf 75' lang='grc' dir='ltr'>καὶ</span> <span class='ocrx_word' id='word_1_951' title='bbox 2119 5280 2175 5330; x_wconf 89' lang='grc' dir='ltr'>ἐν</span> <span class='ocrx_word' id='word_1_952' title='bbox 2213 5276 2372 5338; x_wconf 86' lang='grc' dir='ltr'>ὁδοῖς,</span> <span class='ocrx_word' id='word_1_953' title='bbox 2399 5270 2655 5337; x_wconf 82' lang='grc' dir='ltr'>πολλάκις</span> <span class='ocrx_word' id='word_1_954' title='bbox 2678 5273 2735 5327; x_wconf 83' lang='grc' dir='ltr'>δὲ</span> <span class='ocrx_word' id='word_1_955' title='bbox 2770 5277 2865 5328; x_wconf 78' lang='grc' dir='ltr'>καὶ</span> <span class='ocrx_word' id='word_1_956' title='bbox 2902 5277 2962 5328; x_wconf 82' lang='grc' dir='ltr'>ἐν</span> <span class='ocrx_word' id='word_1_957' title='bbox 2990 5276 3219 5350; x_wconf 84' lang='grc' dir='ltr'>ὀνείροις</span> <span class='ocrx_word' id='word_1_958' title='bbox 3247 5280 3350 5334; x_wconf 76' lang='grc' dir='ltr'>αὐ.</span> 
     </span>
    </p>
   </div>
   <div class='ocr_carea' id='block_1_127' title="bbox 1838 5441 2320 5504">
    <p class='ocr_par' dir='ltr' id='par_1_127' title="bbox 1838 5441 2320 5504">
     <span class='ocr_line' id='line_1_127' title="bbox 1838 5441 2320 5504; baseline -0.01 -13"><span class='ocrx_word' id='word_1_959' title='bbox 1838 5441 1972 5504; x_wconf 64' lang='lat' dir='ltr'>wn</span> <span class='ocrx_word' id='word_1_960' title='bbox 1998 5441 2320 5504; x_wconf 83' lang='grc' dir='ltr'>συλλάϐωμεν.</span> 
     </span>
    </p>
   </div>
   <div class='ocr_carea' id='block_1_128' title="bbox 1837 5502 3349 5566">
    <p class='ocr_par' dir='ltr' id='par_1_128' title="bbox 1837 5502 3349 5566">
     <span class='ocr_line' id='line_1_128' title="bbox 1837 5502 3349 5566; baseline 0.005 -14"><span class='ocrx_word' id='word_1_961' title='bbox 1837 5502 1865 5543; x_wconf 71' lang='lat' dir='ltr'><strong>b</strong></span> <span class='ocrx_word' id='word_1_962' title='bbox 1893 5503 2030 5553; x_wconf 83' lang='lat' dir='ltr'>Unus</span> <span class='ocrx_word' id='word_1_963' title='bbox 2052 5517 2165 5552; x_wconf 85' lang='lat' dir='ltr'>mss.</span> <span class='ocrx_word' id='word_1_964' title='bbox 2190 5502 2397 5566; x_wconf 81' lang='grc' dir='ltr'>ὀλέθριον</span> <span class='ocrx_word' id='word_1_965' title='bbox 2419 5505 2483 5566; x_wconf 85' lang='grc' dir='ltr'>ώς</span> <span class='ocrx_word' id='word_1_966' title='bbox 2505 5505 2534 5559; x_wconf 84' lang='grc' dir='ltr'><strong>ἡ</strong></span> <span class='ocrx_word' id='word_1_967' title='bbox 2559 5503 2878 5566; x_wconf 81' lang='grc' dir='ltr'>ἀμαρτία,καὶ</span> <span class='ocrx_word' id='word_1_968' title='bbox 2901 5506 3034 5555; x_wconf 76' lang='grc' dir='ltr'>οὐδὲν</span> <span class='ocrx_word' id='word_1_969' title='bbox 3056 5508 3205 5564; x_wconf 80' lang='grc' dir='ltr'>οὕτως</span> <span class='ocrx_word' id='word_1_970' title='bbox 3225 5510 3349 5560; x_wconf 65' lang='grc' dir='ltr'>ὤας</span> 
     </span>
    </p>
   </div>
   <div class='ocr_carea' id='block_1_129' title="bbox 1775 5564 3346 5637">
    <p class='ocr_par' dir='ltr' id='par_1_129' title="bbox 1775 5564 3346 5637">
     <span class='ocr_line' id='line_1_129' title="bbox 1775 5564 3346 5637; baseline 0.003 -23"><span class='ocrx_word' id='word_1_971' title='bbox 1775 5567 1910 5637; x_wconf 76' lang='grc' dir='ltr'>λιμόν</span> <span class='ocrx_word' id='word_1_972' title='bbox 1933 5570 1998 5622; x_wconf 89' lang='grc' dir='ltr'>ώς</span> <span class='ocrx_word' id='word_1_973' title='bbox 2019 5564 2311 5629; x_wconf 55' lang='grc' dir='ltr'>κατηγορία(</span> <span class='ocrx_word' id='word_1_974' title='bbox 2325 5565 2476 5614; x_wconf 82' lang='lat' dir='ltr'>Paulo</span> <span class='ocrx_word' id='word_1_975' title='bbox 2500 5573 2611 5623; x_wconf 74' lang='lat' dir='ltr'>post</span> <span class='ocrx_word' id='word_1_976' title='bbox 2628 5564 2710 5615; x_wconf 80' lang='lat' dir='ltr'><strong>alii</strong></span> <span class='ocrx_word' id='word_1_977' title='bbox 2731 5569 2966 5629; x_wconf 82' lang='grc' dir='ltr'>κατέγνως</span> <span class='ocrx_word' id='word_1_978' title='bbox 2985 5585 3073 5617; x_wconf 85' lang='grc' dir='ltr'>σου</span> <span class='ocrx_word' id='word_1_979' title='bbox 3092 5577 3174 5630; x_wconf 82' lang='grc' dir='ltr'>τῆς</span> <span class='ocrx_word' id='word_1_980' title='bbox 3194 5573 3346 5636; x_wconf 55' lang='lat' dir='ltr'>imp-</span> 
     </span>
    </p>
   </div>
   <div class='ocr_carea' id='block_1_130' title="bbox 1774 5643 2279 5740">
    <p class='ocr_par' dir='ltr' id='par_1_130' title="bbox 1774 5643 2279 5740">
     <span class='ocr_line' id='line_1_130' title="bbox 1774 5643 1891 5683; baseline -0.009 -8"><span class='ocrx_word' id='word_1_981' title='bbox 1774 5643 1891 5683; x_wconf 81' lang='grc' dir='ltr'>τιας.</span> 
     </span>
     <span class='ocr_line' id='line_1_131' title="bbox 1838 5690 2279 5740; baseline -0.011 0"><span class='ocrx_word' id='word_1_982' title='bbox 1838 5691 1862 5719; x_wconf 75' lang='grc'>⁸</span> <span class='ocrx_word' id='word_1_983' title='bbox 1892 5691 1988 5740; x_wconf 75' lang='lat' dir='ltr'><strong>Alii</strong></span> <span class='ocrx_word' id='word_1_984' title='bbox 2013 5690 2279 5739; x_wconf 80' lang='grc' dir='ltr'>ἐπίσταται.</span> 
     </span>
    </p>
   </div>
   <div class='ocr_carea' id='block_1_131' title="bbox 1837 5751 2334 5815">
    <p class='ocr_par' dir='ltr' id='par_1_131' title="bbox 1837 5751 2334 5815">
     <span class='ocr_line' id='line_1_132' title="bbox 1837 5751 2334 5815; baseline -0.004 -14"><span class='ocrx_word' id='word_1_985' title='bbox 1837 5751 1861 5790; x_wconf 66' lang='grc' dir='ltr'>ἀ</span> <span class='ocrx_word' id='word_1_986' title='bbox 1885 5752 1983 5815; x_wconf 78' lang='lat' dir='ltr'><strong>Alii</strong></span> <span class='ocrx_word' id='word_1_987' title='bbox 2014 5753 2128 5815; x_wconf 83' lang='grc' dir='ltr'>πρὸς</span> <span class='ocrx_word' id='word_1_988' title='bbox 2149 5752 2334 5815; x_wconf 79' lang='grc' dir='ltr'>ἀρετήν.</span> 
     </span>
    </p>
   </div>
   <div class='ocr_carea' id='block_1_132' title="bbox 1845 5769 2866 5893">
    <p class='ocr_par' dir='ltr' id='par_1_132' title="bbox 1845 5769 2866 5893">
     <span class='ocr_line' id='line_1_133' title="bbox 1845 5769 2334 5815; baseline -0.004 -14"><span class='ocrx_word' id='word_1_989' title='bbox 1845 5769 1861 5790; x_wconf 72' lang='grc' dir='ltr'>ἰ</span> <span class='ocrx_word' id='word_1_990' title='bbox 1885 5769 1983 5801; x_wconf 72' lang='lat' dir='ltr'>mu</span> <span class='ocrx_word' id='word_1_991' title='bbox 2014 5771 2047 5800; x_wconf 84' lang='grc' dir='ltr'>π</span> <span class='ocrx_word' id='word_1_992' title='bbox 2107 5771 2128 5808; x_wconf 82' lang='grc' dir='ltr'>ς</span> <span class='ocrx_word' id='word_1_993' title='bbox 2149 5769 2334 5815; x_wconf 83' lang='grc' dir='ltr'>αρετην.</span> 
     </span>
     <span class='ocr_line' id='line_1_134' title="bbox 1845 5769 2866 5893; baseline 0.001 -29"><span class='ocrx_word' id='word_1_994' title='bbox 1845 5818 1869 5846; x_wconf 81' lang='grc'><strong><em>⁸</em></strong></span> <span class='ocrx_word' id='word_1_995' title='bbox 1889 5813 1985 5864; x_wconf 81' lang='lat' dir='ltr'><strong>Alii</strong></span> <span class='ocrx_word' id='word_1_996' title='bbox 2008 5769 2266 5893; x_wconf 43' lang='lat' dir='ltr'>agimur?)</span> <span class='ocrx_word' id='word_1_997' title='bbox 2289 5815 2495 5870; x_wconf 82' lang='grc' dir='ltr'>συνειδὸς</span> <span class='ocrx_word' id='word_1_998' title='bbox 2517 5814 2568 5864; x_wconf 85' lang='grc' dir='ltr'>δέ</span> <span class='ocrx_word' id='word_1_999' title='bbox 2591 5816 2680 5883; x_wconf 53' lang='grc' dir='ltr'>σὴ</span> <span class='ocrx_word' id='word_1_1000' title='bbox 2702 5817 2866 5872; x_wconf 79' lang='grc' dir='ltr'>οὕτως.</span> 
     </span>
    </p>
   </div>
   <div class='ocr_carea' id='block_1_133' title="bbox 2965 5905 3080 6000">
    <p class='ocr_par' dir='ltr' id='par_1_133' title="bbox 2965 5905 3080 6000">
     <span class='ocr_line' id='line_1_135' title="bbox 2965 5905 3080 6000; baseline 0.043 -43"><span class='ocrx_word' id='word_1_1001' title='bbox 2965 5905 3026 5962; x_wconf 68' lang='lat' dir='ltr'>III</span> <span class='ocrx_word' id='word_1_1002' title='bbox 3069 5983 3080 6000; x_wconf 48' lang='lat'><strong><em>‘</em></strong></span> 
     </span>
    </p>
   </div>
  </div>
