3906 6260
525 465 637 527 τοῖς
663 461 772 515 τῶν
796 457 1202 531 ἡμαρτημένων
1226 457 1359 528 ἡμῖν
1401 454 1470 507 τά
1514 451 1705 507 εἴδωλα
1735 450 1824 504 καὶ
1849 449 1949 512 τὰς
1974 464 2132 517 φαν-,

526 548 719 609 τασίας
749 545 1065 618 παρίστησι.

598 655 659 706 ε’.
682 651 793 706 Καὶ
817 651 918 722 δρα
951 648 1144 718 σοφίαν
1161 647 1318 700 Θεοῦ.
1348 643 1483 698 Οὐτε
1503 641 1724 712 διηνεκῆ
1751 639 1849 710 τὴν
1872 633 2114 709 κατηγο-

531 735 652 808 ρίαν
694 735 953 805 ἐποίησεν
1008 729 1151 786 εἶναι
1218 730 1312 784 τοῦ
1367 727 1665 790 συνειδότος
1727 724 1823 795 (οὐ
1880 724 1990 795 γὰρ
2043 722 2110 775 ἂν

527 821 840 892 ἠνέγκαμεν
869 819 926 872 τὸ
959 817 1202 891 φορτίον,
1243 815 1482 886 συνεχῶς
1512 811 1956 883 ἐγκαλούμενοι),
1982 807 2107 862 οὒτε

526 904 699 968 οὕτως
727 891 950 974 ἀσθενῆ,
968 897 1045 966 ὡς
1064 905 1128 955 ἐκ
1152 899 1372 972 πρώτης
1397 900 1490 952 καὶ
1513 896 1771 968 δευτέρας
1801 891 2107 964 ἀπαγορεῦ-

527 999 619 1042 σαι
657 986 1059 1058 παραινέσεως.
1095 986 1158 1038 Εἰ
1193 980 1290 1054 μὲν
1325 984 1434 1053 γὰρ
1469 981 1590 1035 καθ’
1623 982 1859 1049 ἐκάστην
1892 978 2110 1050 ἡμέραν

525 1073 621 1128 καὶ
661 1073 812 1144 ῶραν
854 1069 1081 1142 ἔμελλεν
1119 1071 1267 1142 ἡμᾶς
1311 1069 1540 1130 κεντεῖν,
1578 1066 1681 1120 κάν
1720 1065 2110 1135 ἀπεπνίγημεν

525 1159 634 1213 ἀπὸ
660 1159 761 1229 τῆς
793 1156 1056 1228 ἀθυμίας
1099 1157 1147 1208 εί
1181 1155 1237 1208 δέ
1281 1151 1428 1219 διπαξ
1460 1152 1554 1205 καὶ
1579 1150 1830 1221 δεύτερον
1863 1148 2112 1218 ὑπομνῆ-

529 1264 628 1300 σαν
659 1259 682 1286 ιι
715 1246 928 1313 ἀπέστη
959 1241 1058 1313 τῆς
1087 1240 1480 1310 ἐπιτιμήσεως,
1508 1237 1607 1289 οὐκ
1627 1234 1692 1290 ἂν
1719 1235 1919 1304 πολλὴν
1945 1237 2112 1306 ἐκαρ-

528 1321 834 1400 πωσάμεθα
887 1331 984 1400 τὴν
1041 1324 1331 1394 ὠφέλειαν.
1387 1322 1486 1376 Διά
1536 1320 1694 1374 τοῦτο
1739 1317 1965 1391 διηνεκῆ
2011 1320 2110 1390 μὲν

525 1413 730 1484 ταύτην
752 1411 1007 1484 ἐποίησεν
1036 1407 1176 1463 εἶναι
1200 1408 1298 1480 τὴν
1317 1406 1655 1476 ἐπιτίμησιν,
1677 1403 1738 1456 οὐ
1763 1403 1869 1476 μὴν
1887 1402 2104 1473 συνεχῆ·

524 1493 751 1566 διηνεκῆ
779 1496 898 1565 μὲν,
931 1495 1018 1548 ἵνα
1053 1493 1126 1564 μή
1158 1495 1235 1554 εἰς
1266 1490 1539 1561 ρᾳθυμίαν
1567 1487 1953 1559 ἐμπίπτωμεν,
1993 1485 2109 1540 ἀλλ’

526 1583 613 1636 ἀεὶ
647 1581 738 1634 καὶ
766 1580 925 1651 μέχρι
955 1577 1214 1646 τελευτῆς
1247 1573 1789 1646 ὑπομιμνησκόμενοι
1827 1573 2105 1643 νήφωμεν

524 1661 586 1721 οὐ
620 1667 816 1736 συνεχῆ
851 1665 907 1718 δέ
932 1664 1053 1718 οὐδέ
1081 1659 1512 1727 ἐπάλληλον,ἴνα
1539 1657 1615 1729 μή
1653 1656 2106 1727 καταπίπτωμεν,

524 1750 660 1805 ἀλλά
690 1749 906 1808 ἀνέσεις
921 1748 1073 1810 τινάς
1101 1744 1470 1816 λαμϐάνοντες
1491 1743 1585 1796 καὶ
1607 1739 1960 1812 παραμυθίας
1986 1741 2110 1794 ἀνα-

525 1834 802 1905 πνέωμεν.
840 1833 1056 1904 ’Ὠσπερ
1089 1831 1198 1901 γὰρ
1233 1830 1293 1882 τὸ
1340 1829 1463 1900 μηδ’
1495 1828 1631 1891 ὅλως
1661 1828 1848 1895 ἀλγεῖν
1876 1827 1968 1878 ἐπὶ
1995 1829 2110 1890 τοῖς

523 1919 920 1990 ἁμαρτήμασιν
947 1915 1213 1987 ὀλέθριον,
1246 1912 1342 1966 καὶ
1363 1913 1460 1984 τὴν
1489 1913 1723 1983 ἐσχάτην
1753 1909 2108 1981 ἀναισθησίαν

523 2003 768 2057 ἐντίκτον
799 2003 952 2073 ἡμῖν,
973 1999 1115 2053 οὕτω
1135 1999 1196 2051 τὸ
1227 1997 1467 2067 συνεχῶς
1496 1997 1593 2050 καὶ⁸
1618 1996 1763 2067 πέρα
1783 1994 1876 2048 τοῦ
1905 1994 2107 2066 μέτρου

522 2086 680 2140 τοῦτο
709 2085 938 2154 πάσχειν
967 2081 1279 2145 ἐπιϐλαϐές.

605 2193 669 2244 Ἠ
702 2191 810 2262 γὰρ
849 2187 1126 2259 ὑπερϐολὴ
1182 2186 1281 2256 τῆς
1321 2185 1564 2256 ἀθυμίας
1607 2183 1760 2254 ίσχυε
1799 2184 1894 2236 καὶ
1939 2182 2048 2236 τῶν
2077 2183 2106 2223 ι)

525 2276 665 2330 κατά
686 2275 850 2344 φύσιν
889 2272 1150 2334 πολλάκις
1183 2268 1490 2324 ἐκϐαλοῦσα
1518 2267 1751 2340 φρενῶν,
1782 2266 2109 2340 ὑποϐρύχιον

525 2359 750 2428 ποιῆσαι
789 2358 888 2429 τὴν
912 2355 1112 2426 ψυχὴν,
1141 2355 1236 2408 καὶ
1267 2353 1404 2425 πρὸς
1450 2353 1666 2407 ἅπαντα
1711 2353 1984 2423 ἄχρηστον
2019 2354 2110 2422 ἐρ-

523 2441 798 2512 γάσασθαι
831 2440 900 2494 τά
923 2440 1082 2493 καλά.
1117 2438 1213 2491 Διά
1265 2437 1425 2490 τοῦτο
1458 2437 1553 2490 καὶ¹
1595 2438 1660 2490 ἐκ
1703 2435 2108 2507 διαλειμμάτων

523 2529 656 2599 ἡμῖν
681 2525 773 2580 τὸν
806 2524 900 2578 τοῦ
933 2522 1231 2586 συνειδότος
1272 2521 1494 2591 ἔλεγχον
1540 2520 1952 2592 παρεσκεύασεν
1988 2521 2108 2572 ἐπι-

523 2609 790 2674 τίθεσθαι,
823 2609 1010 2680 ἐπειδὴ
1039 2607 1244 2678 σφόδρα
1272 2605 1420 2659 ἐστὶν
1458 2605 1753 2675 ἀπότομος,
1791 2605 1886 2658 καὶ
1910 2602 2109 2669 παντὸς

525 2694 754 2766 κέντρου
778 2691 1141 2763 σφοδρότερον
1161 2690 1252 2743 τὸν
1275 2689 1638 2761 ἡμαρτηκότα
1665 2687 1878 2742 νύττειν
1896 2687 2106 2764 είωθεν.

467 2799 479 2814 ·
524 2759 670 2832 θ’ὐδέί
691 2776 800 2849 γὰρ
826 2759 1001 2846 ’ἡνίκα
1048 2759 1116 2828 ἀν
1169 2759 1577 2845 ἀμαρντάνωμεν
1628 2771 1802 2836 αὐτοὶ,
1848 2759 1984 2824 ἀλλά
2015 2769 2110 2824 καὶ

525 2863 690 2934 ήνίκα
721 2861 787 2916 ἂν
821 2862 1000 2932 ἕτεροι
1024 2858 1095 2911 τά
1120 2859 1260 2912 αὐτά
1303 2855 1705 2929 πλημμελῶσιν
1733 2859 1888 2927 ἡμῖν,
1914 2855 2132 2930 διεγεί-νι

530 2927 682 3016 ρεται
717 2927 960 3016 σφοδρῶς
989 2944 1083 2998 καὶ
1117 2941 1255 3012 μετά
1304 2927 1505 3011 πολλῆς
1534 2941 1690 3011 ήμῶν
1738 2927 2134 3012 καταϐοᾷτῆςξ

527 3030 792 3092 εὐτονίας.
825 3029 935 3082 Καὶ
962 3027 1072 3099 γάρ
1100 3028 1128 3080 ὁ
1160 3025 1379 3097 πόρνος.
1409 3023 1504 3078 καὶ
1529 3026 1557 3078 ό
1580 3023 1786 3094 μοιχὸς.
1818 3025 1913 3078 καὶ
1937 3027 1966 3077 ὁ
1993 3024 2112 3078 κλέ-

530 3131 672 3184 πτης
712 3113 773 3166 οὐ
808 3113 968 3181 μόνον
1014 3113 1146 3165 ὅταν
1189 3109 1351 3172 αὐτὸς
1406 3109 1803 3180 κατηγορῆται,
1836 3108 1950 3162 ἀλλ’
1981 3109 2110 3162 ὅταν

530 3199 627 3252 καὶ
659 3197 862 3268 ἐτέρων
887 3194 1112 3248 τοιαῦτα
1144 3193 1536 3263 τολμησάντων
1575 3190 1749 3264 ἀκούῃ
1773 3208 2110 3264 κατηγορου-

532 3282 730 3353 μένων,
755 3280 920 3343 αὐτὸς
975 3281 1189 3350 ἡγεῖται
1231 3274 1613 3349 μαστίζεσθαι,
1647 3277 1704 3328 ἐν
1753 3277 1876 3340 ταῖς
1904 3276 2108 3348 ἐτέρων

529 3365 877 3436 ἐπιτιμήσεσι
902 3363 1002 3432 τῆς
1022 3361 1230 3423 οἰκείας
1251 3358 1522 3430 ἁμαρτίας
1551 3359 1845 3430 λαμϐάνων
1865 3361 2110 3430 ἀνάμνη-

531 3465 639 3516 σιν,
678 3448 774 3503 καὶ
800 3448 1109 3516 ἐγκαλεῖται
1143 3445 1241 3516 μὲν
1273 3444 1448 3507 ἄλλος,
1505 3445 1799 3516 πλήττεται
1821 3445 1879 3498 δέ
1905 3440 2057 3508 οὗτος
2079 3446 2109 3496 ό

535 3535 701 3608 μηδὲν
725 3531 1145 3604 ἐγκαλούμενος,
1172 3531 1300 3584 ὅταν
1323 3527 1440 3602 ᾗτά
1464 3529 1601 3582 αύτά
1632 3528 1825 3600 ἐκείνῳ
1853 3529 2110 3600 τετολμη-

531 3618 661 3684 κώς·
699 3619 888 3690 ὥσπερ
922 3612 1013 3670 οῦν
1044 3616 1139 3669 καὶ
1171 3615 1266 3667 ἐπὶ
1293 3617 1404 3677 τοῖς
1433 3612 1874 3685 κατορθώμασιν,
1907 3613 2109 3685 ἐτέρων

531 3701 1030 3775 ἐγκωμιαζομένων
1082 3700 1176 3753 καὶ
1232 3697 1702 3769 στεφανουμένων,
1755 3700 1828 3750 οί
1856 3698 1924 3752 τὰ
1971 3698 2112 3753 αὐτά

531 3787 963 3860 κατωρθωκότες
995 3784 1223 3848 ἐκείνοις
1250 3777 1498 3854 χαίρουσι
1530 3782 1624 3836 καὶ
1654 3781 2002 3851 ἀγάλλονται,
2033 3784 2110 3847 ὼς

532 3874 634 3927 οὐκ
667 3872 890 3927 ἐκείνων
927 3869 1126 3941 μᾶλλον
1152 3868 1185 3938 ἢ
1221 3867 1399 3920 αὐτῶν
1427 3867 1854 3938 ἐπαινουμένων.
1875 3867 1940 3920 Τί
1958 3866 2107 3940 [759]

532 3956 715 4010 τοίνυν
743 3955 936 4024 γένοιτ’
971 3953 1037 4007 ἀν
1063 3952 1158 4006 τοῦ
1185 3951 1568 4024 ἡμαρτηκότος
1589 3950 1938 4022 ἀθλιώτερον,
1958 3952 2109 4016 ὅταν,

534 4039 737 4111 ἐτέρων
783 4035 1302 4108 κατηγορουμένων,
1339 4035 1500 4099 αὐτὸς
1558 4033 1929 4106 καταδύηται;
1971 4035 2023 4088 τί
2053 4035 2110 4088 δὲ

535 4123 631 4178 τοῦ
662 4121 864 4187 ζῶντος
915 4123 972 4174 ἐν
1021 4121 1190 4192 ἀρετῇ
1229 4119 1659 4192 μακαριώτερον,
1708 4121 1857 4184 ὅταν,
1905 4119 2110 4188 ἐτέρων

536 4207 966 4277 ἐπαινουμένων,
997 4205 1158 4270 αὐτὸς
1203 4204 1366 4278 χαίρῃ
1419 4203 1515 4257 καὶ
1559 4203 1877 4275 διαχέηται,
1912 4205 1969 4257 ἐν
2000 4206 2112 4268 τοῖς

537 4291 740 4362 ἐτέρων
769 4289 1061 4360 ἐγκωμίοις
1089 4288 1393 4359 ὑπόμνησιν
1424 4286 1715 4356 λαμϐάνων
1759 4286 1868 4340 τῶν
1897 4288 2112 4342 οἰκείων

535 4374 976 4447 κατορθωμάτων
997 4389 1012 4438 ;
1043 4372 1225 4427 Ταῦτα
1245 4371 1346 4442 τῆς
1372 4369 1466 4424 τοῦ
1483 4369 1617 4422 Θεοῦ
1646 4371 1836 4439 σοφίας
1861 4371 1930 4425 τὰ
1952 4372 2108 4444 ἔργα,

536 4460 711 4515 ταῦτα
729 4459 826 4530 τῆς
861 4457 1119 4528 μεγίστης
1149 4455 1312 4510 αὐτοῦ
1342 4455 1595 4527 προνοίας
1618 4455 1689 4508 τά
1719 4459 1938 4527 σημεῖα.
1980 4460 2112 4528 Ἀγ-

537 4562 682 4616 κυρα
707 4543 813 4614 γάρ
846 4542 928 4605 τίς
953 4544 1100 4594 ἐστιν
1122 4540 1243 4612 ἱερά
1268 4541 1360 4593 τοῦ
1387 4539 1687 4604 συνειδότος
1717 4542 1750 4612 ή
1772 4543 2108 4614 ἐπιτίμησις,

537 4628 640 4682 οὐκ
680 4627 824 4679 ἐῶσα
855 4625 1038 4678 τέλεον
1071 4626 1216 4696 ἡμᾶς
1250 4626 1328 4688 είς
1367 4623 1456 4677 τὸν
1487 4623 1588 4694 τῆς
1627 4624 1900 4697 ἁμαρτίας
1943 4644 2112 4680 κατα..

541 4711 892 4782 ποντισθῆναι
922 4709 1099 4780 βυθόν.
1149 4709 1282 4762 Οὐδὲ
1309 4708 1417 4779 γάρ
1446 4707 1573 4779 παρ’
1603 4709 1764 4762 αὐτὸν
1789 4709 1895 4763 τῶν
1931 4712 2111 4782 ἀμαρ-

540 4795 800 4866 τημάτων
832 4796 924 4847 τὸν
973 4791 1162 4862 καιρὸν
1199 4791 1376 4862 μόνον,
1407 4790 1544 4844 ἀλλά
1594 4793 1689 4845 καὶ
1739 4792 1876 4862 μετὰ
1915 4795 2114 4858 πολλὰς

540 4877 801 4932 ἐνιαυτῶν
851 4875 1130 4948 περιόδους
1175 4870 1312 4928 οίδεν
1367 4875 1518 4945 ἡμᾶς
1570 4875 1826 4940 πολλάκις
1878 4878 2114 4943 παλαιᾶς

539 4963 982 5035 ἀναμιμνήσκειν
1012 4959 1304 5032 ἁμαρτίας·
1337 4959 1433 5011 καὶ
1464 4958 1654 5012 τούτου
1686 4961 1781 5013 καὶ
1820 4961 1914 5014 ἀπ’
1936 4963 2112 5017 αὐτῶν

539 5049 963 5119 παραστήσομαι
991 5046 1099 5100 τῶν
1126 5043 1358 5115 Γραφῶν
1388 5043 1532 5113 σαφῆ
1569 5043 1667 5114 τὴν
1694 5045 1985 5110 ἀπόδειξιν.

627 5148 911 5204 Ἀπέδοντό
941 5165 1073 5204 ποτε
1105 5147 1196 5200 τὸν
1239 5145 1438 5217 Ἰωσὴφ
1475 5146 1524 5198 οἱ
1570 5144 1812 5214 ἀδελφοὶ,
1862 5149 2114 5217 ἐγκαλεῖν

541 5237 638 5306 μέν
665 5235 819 5289 οὐδὲν
845 5233 1082 5305 ἔχοντες,
1113 5233 1193 5285 ὅτι
1229 5229 1287 5284 δὲ
1323 5227 1551 5284 ἐνύπνια
1583 5229 1730 5300 ἐώρα
1757 5231 1854 5302 τὴν
1887 5232 2113 5302 μέλλου-

541 5337 640 5373 σαν
670 5318 820 5389 αὐτῷ
847 5313 1341 5391 προαναφωνοῦντα
1366 5311 1543 5378 δόξαν.
1579 5309 1763 5367 Εἶδον
1791 5313 1920 5386 γὰρ,
1945 5317 2112 5388 φησὶ,

539 5403 610 5455 τὰ
666 5400 971 5470 δράγματα
1033 5398 1198 5469 ὑμῶν
1253 5396 1768 5468 προσκυνήσαντα
1823 5398 1902 5452 ,τὸ
1968 5400 2116 5468 ἐμὸν

540 5482 790 5553 δράγμα.
806 5483 998 5538 Καίτοι
1020 5483 1162 5556 ὐπέρ
1190 5481 1394 5550 τούτων
1423 5481 1710 5550 φυλάττειν
1735 5481 1896 5536 αὐτὸν
1921 5483 2108 5554 ἐχρῆνο

543 5567 805 5637 στέφανος
828 5567 936 5639 γάρ
964 5569 1060 5638 τῆς
1086 5566 1261 5630 οἰκίας
1282 5567 1497 5637 ἀπάσης
1518 5565 1740 5636 ἐμελλεν
1765 5566 1999 5634 ἔσεσθαι,
2021 5570 2113 5622 καὶ

605 5756 633 5817 9
669 5755 801 5805 Unus
821 5769 910 5804 ms.
933 5758 1223 5817 ὑπομνήσας.

605 5815 634 5856 δ
656 5818 793 5869 Unus
815 5831 902 5867 ms.
925 5823 978 5867 et
994 5815 1143 5868 S'avil.
1165 5820 1214 5868 in
1237 5830 1388 5882 marg.
1416 5818 1609 5881 ἀθυμίας
1628 5819 1828 5891 οἶδεθιαὶ
1850 5823 1962 5869 τῶν.

1255 335 1311 391 5.
1352 331 1637 390 JOANNIS
1675 324 2168 389 CHRYSOSTOMI
2207 327 2524 386 ARCHIEP.
2569 319 3115 386 (IONSTANTINOPL

3663 328 3802 381 {0H

2215 446 2535 521 λαμπρότης
2567 450 2660 504 τοῦ
2684 451 2870 519 γένους
2912 450 3128 511 παντός.
3171 446 3330 500 Ἀλλά
3367 447 3620 500 τοιοῦτον
3646 448 3678 513 ἡ
3715 449 3803 514 βαι

2214 532 2426 586 σκανία·
2455 537 2568 597 τοῖς
2598 534 2819 598 οίκείοις
2847 534 3076 603 πολεμεῖ
3109 527 3312 594 καλοῖς,
3353 530 3450 583 καὶ
3492 527 3710 598 μᾶλλον
3741 533 3804 582 ἂν

2210 616 2382 669 ἐλοιτο
2423 618 2594 689 μυρία
2644 619 2876 689 πάσχειν
2919 630 2941 656 c
2989 617 3140 671 δεινά
3185 617 3214 668 ό
3264 614 3675 685 βασκαίνων,ἧ
3717 614 3803 665 τὸν

2211 699 2440 770 πλησίον
2463 701 2594 754 ἰδεῖν
2622 700 3034 772 εὐδοκιμοῦντα,
3072 700 3176 754 κᾶν
3205 701 3284 763 είς
3307 699 3474 752 αὐτὸν
3497 696 3806 751 διαϐαίνειν

2216 784 2398 854 μέλλοι
2429 786 2498 839 τὰ
2528 786 2626 855 τῆς
2655 786 2921 853 εὐδοξίας·
2954 780 3015 841 οὗ
3039 785 3090 838 τί
3112 785 3307 852 γένοιτ’
3331 784 3400 837 ἀν
3423 781 3800 852 ἀθλιώτερον;

2213 869 2393 940 Ὅπερ
2418 864 2510 922 οὖν
2537 871 2781 924 κάκεῖνοι
2805 870 3028 932 ἔπαθον,
3075 869 3169 923 καὶ
3212 868 3413 932 ίδόντες
3453 865 3628 919 αὐτὸν
3668 866 3801 935 πόρ-

2214 957 2385 1028 ρωθεν
2406 958 2632 1027 ἥκοντα,
2655 957 2864 1029 τροφὴν
2892 957 3077 1018 αὐτοῖς
3102 953 3418 1024 κομίζοντα,
3456 951 3605 1023 πρὸς
3641 949 3802 1020 ἀλλή-

2211 1042 2338 1105 λους
2363 1041 2568 1110 ἔλεγονο
2598 1041 2792 1105 Δεῦτε,
2825 1040 3271 1106 ἀποκτείνωμεν
3290 1035 3501 1098 αὐτὸν,
3533 1034 3641 1088 καὶ
3673 1034 3800 1086 ἴδω-

2207 1143 2322 1196 μεν
2337 1127 2394 1180 τί
2406 1127 2579 1180 ἐσται
2595 1125 2670 1180 τὰ
2683 1125 2937 1179 ἐνύπνια
2958 1121 3166 1178 αὐτοῦ.
3186 1124 3247 1175 Εί
3265 1124 3358 1175 καὶ
3379 1123 3456 1192 μὴ
3473 1121 3555 1184 ὡς
3575 1118 3802 1186 ἀδελφὺν

2211 1209 2463 1280 ῂδέσθης,
2495 1208 2616 1263 οὐδὲ
2641 1208 2741 1279 τὴν
2764 1209 2926 1278 φύσιν
2952 1207 3216 1275 ἐπέγνως,
3233 1206 3331 1275 τὴν
3353 1204 3489 1272 γοῦν
3512 1204 3801 1275 τράπεζαν

2212 1293 2380 1365 αὐτὴν
2405 1292 2718 1364 αἰδεσθῆναι
2746 1292 2875 1355 ἔδει,
2896 1295 2993 1345 καὶ
3022 1291 3114 1344 τὸν
3136 1290 3236 1359 τῆς
3268 1289 3551 1351 διακονίας
3577 1287 3798 1358 τρόῖων,

2210 1379 2293 1432 δτι
2319 1379 2533 1450 θρέψων
2560 1395 2620 1430 σε
2649 1378 2999 1448 παρεγένετο.
3048 1375 3188 1429 Ἀλλ’
3214 1375 3316 1445 ὅρα
3355 1373 3476 1437 πῶς
3504 1373 3612 1426 καὶ
3640 1373 3800 1424 ﬁxo-a-

2209 1480 2300 1526 τες
2323 1462 2756 1534 προφητεύουσιο
2815 1462 3031 1525 Δεῦτε,
3083 1459 3246 1529 φασὶν
3269 1499 3284 1521 ,
3341 1458 3801 1525 ἀποκτείνωμεν

2209 1545 2416 1612 αὐτὸν,
2456 1545 2555 1600 καὶ
2586 1547 2802 1616 ἴδωμεν
2831 1546 2888 1598 τί
2912 1545 3082 1599 ἔσται
3108 1542 3294 1597 αὐτοῦ
3321 1542 3393 1596 τὰ
3413 1541 3704 1594 ἐνύπνια.
3739 1540 3797 1592 ΕΞ

2209 1631 2317 1703 γάρ
2350 1631 2451 1684 οὐκ
2481 1629 2892 1696 ἐϐουλεύσαντο,
2937 1629 3033 1682 καὶ
3085 1627 3178 1680 τὸν
3225 1626 3374 1679 δόλον
3429 1624 3675 1693 ῦιραναν,
3704 1625 3794 1676 καὶ

2210 1715 2308 1788 τὴν
2341 1715 2535 1786 ἀναιδῆ
2567 1715 2760 1786 βουλὴν
2789 1713 3031 1786 ἔρραψαν
3052 1711 3287 1782 ἐκείνην,
3322 1710 3423 1763 οὐκ
3449 1709 3517 1762 ἂν
3546 1707 3794 1775 ἔγνωσαν

2211 1787 2316 1853 τῶν
2343 1801 2611 1854 ἐνυπνίων
2640 1798 2866 1852 ἐκείνων
2893 1798 2992 1868 τὴν
3029 1795 3276 1866 δύναμιν.
3312 1794 3386 1848 Οὐ
3416 1792 3529 1862 γὰρ
3557 1787 3632 1863 ἦν
3663 1791 3792 1849 ἴσον,

2212 1884 2376 1955 μηδὲν
2401 1883 2642 1938 παθόντα
2673 1883 2844 1937 δεινὸν
2888 1882 2980 1934 ἐπὶ
3026 1880 3118 1933 τὸν
3156 1879 3343 1950 θρόνον
3382 1875 3668 1945 ἀναϐῆναι
3700 1875 3794 1942 τῆς
3878 1869 3879 1898 Τ

2207 1967 2506 2036 Αἰγύπτου,
2528 1969 2622 2022 καὶ
2643 1967 2732 2020 διά
2761 1965 3030 2019 τοσούτων
3051 1965 3158 2017 τῶν
3188 1961 3525 2032 κωλυμάτων
3556 1960 3662 2013 καί⁵
3690 1960 3794 2010 τῶν

2209 2053 2480 2124 ἐμποδίων
2509 2052 2536 2092 ἀ
2568 2053 2666 2123 τῆς
2709 2050 2880 2119 αὐτῆς
2911 2049 3115 2120 ταύτης
3148 2044 3502 2101 ἐπιλαϐέσθαι
3539 2044 3792 2114 λαμπρό-

2207 2157 2391 2210 τητος.
2415 2140 2477 2192 Εί
2505 2139 2579 2210 μὴ
2605 2139 2713 2210 γὰρ
2740 2135 3155 2200 ἐπεϐούλευσαν,
3189 2135 3289 2187 οὐκ
3314 2134 3379 2187 ἀν
3398 2134 3479 2195 είς
3513 2132 3792 2199 Αἴγυπτον

2208 2223 2489 2279 ἀπέδοντο·
2522 2225 2570 2276 εί
2597 2223 2672 2294 μὴ
2700 2221 2958 2275 ἀπέδοντο
2986 2222 3065 2283 είς
3096 2220 3390 2287 Αἴγυπτον,
3409 2217 3514 2269 οὐκ
3549 2215 3626 2268 ἂν
3659 2214 3790 2283 ἡρά-

2211 2307 2370 2379 σθηή
2404 2307 2680 2360 δέσποιναο
2721 2307 2772 2358 εί
2809 2307 2882 2376 μὴ
2921 2302 3134 2375 ήράσθη
3189 2304 3223 2373 ἡ
3262 2301 3540 2364 δέσποινα,
3573 2299 3686 2352 οὐκ
3731 2299 3792 2350 ἂν

2209 2391 2473 2463 ἐνεϐλήθη
2504 2394 2584 2453 είς
2615 2391 2676 2443 τὸ
2704 2389 3095 2461 δεσμωτήριον,
3147 2387 3247 2440 οὐκ
3289 2386 3354 2440 ἂν
3383 2385 3680 2455 συνέκρινε
3731 2385 3792 2435 τά

2209 2481 2482 2552 ὁράματα,
2512 2479 2612 2532 οὐκ
2635 2477 2700 2531 ἂν
2737 2476 2834 2546 τῆς
2883 2473 3157 2545 βασιλείας
3186 2472 3478 2552 ἐπέτυχενέ
3497 2472 3545 2523 εί
3585 2469 3668 2540 μὴ
3685 2469 3790 2552 ᾗς
3878 2467 3879 2476 “

2212 2549 2490 2636 βασιλείας
2518 2562 2575 2614 δέ
2624 2561 2886 2629 ἐπέτυχεν
2926 2557 3160 2628 ἐκείνης,
3196 2555 3296 2608 οὐκ
3347 2555 3411 2607 ἀν
3450 2550 3626 2624 ἦλθον
3650 2549 3792 2606 οὗτοι

2210 2651 2332 2704 κατ’
2362 2648 2630 2719 ἐμπορίαν
2666 2646 2834 2709 σίτου,
2866 2643 2961 2696 καὶ
2982 2639 3394 2715 προσεκύνησαν
3419 2639 3613 2692 αὐτόν.
3633 2639 3791 2692 Ὥστε

2212 2733 2402 2802 ἐπειδὴ
2432 2731 2759 2785 ἀπέκτειναν
2789 2728 2971 2792 αὐτὸν,
3000 2727 3087 2779 διὰ
3107 2725 3264 2778 τοῦτο
3283 2723 3515 2794 μάλιστα
3540 2723 3792 2790 ἔγνωσαν

2210 2818 2374 2873 αὐτοῦ
2407 2816 2479 2870 τά
2521 2816 2768 2869 ἐνύπνια.
2793 2813 2860 2866 Τί
2889 2809 3010 2877 οῦν;
3044 2811 3201 2864 αὐτοὶ
3240 2810 3491 2880 πρόξενοι
3518 2809 3638 2860 τῶν
3673 2808 3793 2879 μελο

2210 2903 2410 2957 λόντων
2429 2899 2650 2968 ἀγαθῶν
2678 2897 2828 2969 αὐτῷ
2861 2896 3078 2950 πάντων
3106 2894 3355 2963 ἐγένοντο
3375 2895 3470 2946 καὶ
3507 2893 3617 2962 τῆς
3649 2909 3796 2962 περι-

2211 2986 2438 3059 φανείας
2461 2986 2710 3055 ἐκείνης;
2755 2979 3042 3052 Οὐδαμῶς,
3081 2978 3218 3034 ἀλλά
3252 2979 3406 3032 αὐτοὶ⁵
3433 2977 3537 3047 μὲν
3571 2976 3794 3047 Θανάτῳ
3878 3007 3879 3059 γ

2211 3074 2305 3127 καὶ
2330 3070 2536 3141 ἀθυμίᾳ
2564 3071 2658 3122 καὶ
2689 3070 2756 3138 τῇ
2786 3066 3001 3137 δουλείᾳ
3045 3065 3138 3118 καὶ
3169 3065 3282 3126 τοῖς
3328 3061 3583 3131 ἐσχάτοις
3613 3079 3792 3132 1:19a-

2209 3157 2391 3212 δοῦναι
2419 3153 2806 3208 ἐϐουλεύσαντο
2830 3154 3042 3214 κακοῖς
3069 3152 3098 3204 ό
3125 3148 3182 3202 δέ
3215 3147 3525 3216 εὐμήχανος
3550 3145 3696 3210 Θεὸς
3733 3149 3792 3215 τῇ

2209 3241 2317 3294 τῶν
2347 3237 2802 3294 ἐπιϐουλευόντων
2831 3235 3065 3306 πονηρίᾳ
3087 3231 3223 3303 πρὸς
3247 3230 3343 3301 τὴν
3363 3229 3458 3283 τοῦ
3488 3230 3794 3298 πραθέντος

2210 3327 2304 3381 καὶ
2331 3321 2802 3385 ἐπιϐουλευθέντος
2827 3317 3171 3390 εὐδοκίμησιν
3201 3317 3577 3386 ἀπεχρήσατο,

2285 3472 2487 3537 ς’.Ἴνα
2505 3469 2561 3522 δὲ
2593 3466 2667 3539 μὴ
2684 3465 2980 3534 συντυχίας
2999 3462 3160 3525 τινὸς,
3177 3461 3311 3533 μηδὲ
3331 3463 3687 3533 πραγμάτων
3710 3478 3794 3512 πε-

2216 3554 2492 3629 ριπετείας
2535 3563 2557 3590 θ
2591 3551 2660 3606 τὰ
2696 3547 2976 3621 συμϐάντα
3014 3542 3150 3600 εἶναι
3183 3543 3494 3616 νομίζηται,
3526 3546 3597 3598 δι’
3619 3545 3792 3598 αὐτῶν

2209 3641 2319 3694 τῶν
2357 3635 2802 3706 ἐναντιουμένων,
2838 3631 2903 3684 δι’
2938 3629 3115 3685 αὐτῶν
3139 3629 3247 3681 τῶν
3277 3629 3628 3694 κωλυόντων,
3659 3631 3792 3682 αὐτὰ

2212 3721 2606 3787 κατασκευάζει
2633 3718 2700 3772 τὰ
2730 3716 3088 3787 κωλυόμεναό
3105 3714 3378 3778 Θεὸς,τοῖς
3409 3712 3792 3787 ἐχθροῖςιῗϐθι

2213 3808 2375 3866 αὐτοῦ
2415 3806 2549 3877 πρὸς
2574 3805 2672 3874 τὴν
2704 3801 3054 3872 εὐδοκίμησιν
3085 3799 3351 3862 διακόνοις
3377 3799 3694 3870 χρώμενος,
3713 3801 3790 3852 ἵνα

2216 3895 2417 3966 μάθῃς,
2444 3893 2526 3945 ὅτι
2550 3878 2586 3944 ἀ
2615 3893 2644 3944 ό
2669 3889 2799 3951 Θεὸς
2825 3885 3194 3957 βεϐούλευται,
3227 3884 3400 3948 οὐδεὶς
3420 3884 3788 3946 διασκεδάσει,

2212 3995 2307 4034 και
2330 3976 2426 4048 τὴν
2458 3977 2616 4047 χεῖρα
2645 3970 2807 4026 αὐτοῦ
2851 3971 2947 4041 τήν
2987 3967 3194 4038 ὑψηλήν
3218 3967 3391 4030 οὐδεὶς
3428 3968 3788 4039 ἀποστρέψει.

2212 4066 2280 4118 ἵν’
2334 4062 2464 4115 ὅταν
2489 4054 2813 4126 ἐπιϐουλεύῃ
2844 4054 2993 4124 παρά
3040 4068 3222 4117 τινων,
3283 4050 3356 4123 μὴ
3404 4054 3786 4124 καταπίπτῃς,

2217 4147 2351 4220 μηδέ
2371 4145 2750 4217 δυσχεραίνῃς,
2782 4137 2894 4193 ἀλλ’
2922 4135 3119 4189 εἰδέναι
3155 4135 3283 4209 ἔχῃς
3303 4176 3317 4198 ,
3361 4136 3445 4188 ὅτι
3478 4138 3622 4208 πρὸς
3647 4140 3790 4199 τέλσς

2211 4232 2430 4303 ἀπαντᾷ
2462 4228 2694 4302 χρηστὸν
2715 4228 2748 4298 ή
2769 4223 3050 4296 ἐπιϐουλὴ,
3073 4222 3229 4293 μόνον
3249 4220 3314 4275 ἂν
3335 4224 3608 4290 γενναίως
3628 4225 3788 4294 φέρῃς
3869 4283 3872 4286 ,

2213 4318 2280 4372 τά
2312 4315 2712 4387 συμπίπτοντα.

2295 4463 2426 4516 Ἰδοὺ
2447 4461 2578 4530 γοῦν
2598 4462 2692 4513 καὶ
2715 4458 2950 4512 ἐνταῦθα
2976 4457 3167 4527 φθόνος
3191 4457 3470 4528 βασιλείαν
3503 4460 3686 4525 ἔτεκε,
3706 4464 3788 4516 καὶ

2215 4544 2485 4618 βασκανία
2511 4544 2747 4614 διάδημα
2794 4542 3119 4614 προεξένησε
3140 4583 3154 4606 ,
3187 4542 3281 4594 καὶ
3319 4542 3514 4614 θρόνον
3549 4547 3781 4616 ἐκόμισε,

2215 4632 2308 4685 καὶ
2341 4631 2496 4684 αὐτοὶ
2528 4630 2575 4681 oi
2609 4626 3125 4688 ἐπιϐουλεύσαντες,
3153 4628 3307 4680 αὐτοὶ
3340 4627 3671 4700 συνώθησαν
3698 4632 3783 4684 αὖ-

2216 4717 2304 4771 τὸν
2341 4715 2478 4784 πρὸς
2520 4715 2581 4766 τὸ
2621 4712 2850 4783 μέγεθος
2893 4712 3106 4782 ἐκείνης
3139 4713 3236 4783 τῆς
3284 4713 3478 4783 ἀρχῆς·
3518 4719 3623 4770 καὶ
3647 4720 3782 4788 ὁμὲν

2215 4797 2616 4860 ἐπιϐουλευθεὶς
2671 4795 3048 4861 ἐϐασίλευσεν,
3096 4799 3144 4849 oi
3194 4796 3251 4849 δέ
3306 4798 3783 4864 ἐπιϐουλεύσαντες

2215 4883 2511 4937 ἐδούλευον·
2543 4881 2790 4943 κάκεῖνος
2824 4880 2920 4950 μὲν
2944 4882 3344 4950 προσεκυνεῖτο,
3367 4874 3518 4935 οὗτοι
3541 4884 3601 4937 δὲ
3630 4903 3780 4957 προς-

2216 4968 2460 5022 εκύνουν.
2514 4967 2680 5020 Ὅταν
2735 4965 2913 5018 τοίνυν
2968 4964 3169 5036 ἐπέλθῃ
3216 4982 3296 5018 σοι
3333 4965 3352 5003 ί
3399 4965 3557 5021 δεινά
3601 4972 3780 5041 συνεχῆ

2217 5053 2308 5108 καὶ
2337 5050 2649 5122 ἐπάλληλα,
2700 5051 2773 5121 μὴ
2809 5048 3036 5121 θορυϐοῦ
3057 5091 3070 5112 ,
3115 5047 3245 5119 μηδέ
3268 5047 3596 5120 δυσχέραινε
3619 5095 3636 5119 ,
3681 5055 3784 5108 ἀλλ’

2213 5139 2448 5208 ἀνάμενε
2479 5137 2540 5188 τὸ
2565 5134 2735 5199 τέλος·
2763 5135 2980 5197 πάντως
3017 5134 3124 5204 γὰρ
3152 5136 3528 5203 ἀπαντήσεται
3568 5139 3669 5211 τῆς
3704 5139 3782 5192 τοῦ

2214 5220 2350 5276 Θεοῦ
2378 5219 2788 5292 μγαλοδωρεᾶς
2809 5218 2978 5283 ἄξιον,
2998 5218 3156 5288 μόνον
3178 5218 3268 5270 ἐάν
3290 5219 3639 5290 εὐχαρίστως
3657 5227 3721 5277 τὰ
3739 5227 3784 5277 ἐν

2219 5305 2370 5376 μέσῳ
2411 5302 2789 5375 συμπίπτοντα
2835 5302 3083 5372 ἐνέγκῃς.
3133 5302 3282 5354 Ἐπεὶ
3325 5303 3421 5355 καὶ
3462 5299 3626 5370 οὗτος
3665 5312 3784 5378 μετὰ

2213 5391 2282 5444 τά
2317 5389 2568 5464 ὀνείρατα
2591 5389 2772 5440 ἐκεῖνα
2818 5387 2942 5457 περὶ
2981 5387 3089 5439 τῶν
3128 5386 3370 5456 ἐσχάτων
3399 5389 3782 5455 κινδυνεύσας,

2280 5633 2300 5660 ε
2323 5629 2421 5679 Alii
2439 5631 2615 5678 παθεῖν.
2788 5663 2791 5666 .

2277 5691 2303 5730 (1
2327 5693 2424 5754 Alii
2449 5692 2829 5754 ἐμποδισμάτων.

2283 5757 2306 5820 ’ί
2329 5753 2571 5820 [ᾗπμςρῐηε.
2594 5753 2856 5820 περιφορᾶς,
2883 5757 3006 5804 alius
3023 5771 3329 5820 περιφανείας.

2287 5814 2306 5854 ί
2333 5817 2430 5866 Alii
2464 5815 2614 5865 ἔπεισί
2637 5814 2730 5865 σοι.
2763 5814 2769 5817 ”
2953 5843 2968 5884 κ
