3790 6238
37 328 75 384 ὃ
1159 320 1242 373 DE
1286 316 1530 373 LAZAN

1671 315 1831 370 ’NClU
1870 317 1953 372 IV.

51 450 106 497 et
146 440 199 494 in
244 440 470 495 somniis
509 437 637 507 ipsis
681 447 1012 507 peccatorum
1053 436 1204 489 nobis
1245 434 1522 487 simulacra

37 544 250 602 ctraque
276 539 625 601 reprznsentat

37 630 60 678 ι.
92 624 431 681 Conscientia
454 624 685 678 stimulus
705 664 720 686 ,
749 640 905 690 quare
928 638 1027 674 non
1052 630 1122 673 cst
1151 631 1434 687 perpetuus.
1460 644 1526 655 -η

40 736 70 775 e
124 728 307 772 autem
357 718 449 771 Dei
500 716 836 785 sapientiam.
880 713 995 768 Non
1048 712 1171 767 fecit
1218 720 1522 780 perpetuam

42 811 277 866 seientiw
303 810 726 870 accusationem,
753 822 925 875 neque
949 807 1088 860 enim
1123 806 1223 857 hoc
1248 818 1382 857 onus
1410 818 1520 871 pcr-

37 919 79 959 re
106 912 434 972 poteramus,
464 901 507 955 si
539 900 737 969 jugiter
760 904 1062 952 accusasset
1090 913 1102 948 :
1141 909 1310 963 neque
1345 906 1527 946 rursus

38 1014 72 1049 o
100 997 267 1049 levem
304 1004 361 1049 et
398 993 735 1058 imbecillem,
768 1002 824 1044 ut
853 1000 970 1060 post
1001 1004 1156 1041 unam
1193 995 1282 1040 aut
1306 986 1526 1038 alter.an

37 1086 355 1141 nonitionem
395 1085 721 1156 desperaret.
764 1083 897 1136 Nam
933 1082 975 1136 si
1016 1080 1236 1151 singulis
1260 1079 1445 1132 diebus
1475 1085 1528 1129 et

37 1183 87 1235 is
105 1181 287 1235 fuisset
305 1195 406 1235 nos
422 1180 768 1240 stimulatura,
788 1193 1016 1232 mcerore
1037 1175 1276 1247 profecto
1299 1174 1526 1228 suli‘oca-

38 1288 121 1327 aur
148 1290 160 1324 :
185 1286 373 1326 rursus
394 1272 439 1325 si
466 1281 583 1341 post
605 1286 761 1324 unam
790 1278 947 1339 atque
967 1269 1186 1323 alteram
1212 1267 1529 1336 increpatio-

37 1381 65 1418 η
108 1363 409 1428 desisteret,
436 1361 577 1416 haud
618 1361 838 1415 multum
878 1361 1077 1415 fruetus
1116 1360 1267 1414 nobis
1292 1358 1523 1412 afferret.

38 1471 126 1525 que
169 1454 292 1508 fecit
332 1453 751 1522 objurgationem
799 1461 1128 1521 perpetuam,
1176 1462 1230 1504 at
1275 1465 1379 1503 non
1419 1448 1527 1503 l‘rc-

38 1559 188 1601 uucm
220 1562 233 1597 :
266 1555 576 1615 perpetuam
616 1545 850 1614 quidem,
884 1561 949 1599 ne
988 1545 1040 1598 in
1067 1543 1361 1598 socordiam
1400 1542 1531 1597 inei-

38 1650 209 1700 emus,
256 1636 353 1691 sed
387 1650 599 1704 semper
636 1644 690 1689 et
719 1651 885 1705 usque
923 1635 989 1689 ad
1019 1644 1243 1689 mortem
1271 1634 1528 1688 admoniti

40 1725 310 1788 ilaremus;
353 1740 461 1780 non
503 1724 833 1795 frequentem
870 1739 997 1779 vero
1020 1740 1083 1780 ac
1109 1725 1301 1794 smpius
1330 1726 1527 1793 repeti-

38 1835 76 1881 ll,
107 1833 170 1872 ne
194 1818 374 1871 animo
411 1818 835 1880 concideremus,
865 1817 958 1871 sed
985 1827 1041 1872 ut
1069 1817 1291 1872 subinde
1320 1818 1529 1871 relaxa-

37 1925 92 1963 ne
134 1909 429 1977 solatioque
488 1912 736 1979 quopiam
797 1919 1050 1979 accepto,
1123 1910 1526 1977 resiiiraremus.

38 2000 405 2054 emaduiodum
442 2000 583 2054 enim
610 2001 830 2054 omnino
859 2016 961 2055 non
991 2000 1171 2056 dolere
1207 2000 1274 2054 de
1301 2000 1529 2069 peccatis

38 2092 158 2145 tiale
191 2102 291 2153 est,
324 2100 484 2161 atque
525 2095 682 2145 etiam
721 2094 841 2145 mali
879 2107 1090 2146 sensum
1130 2092 1282 2146 nobis
1312 2106 1527 2160 prorsus

38 2183 175 2235 init:
220 2182 297 2234 sic
347 2190 403 2235 et
444 2181 643 2251 jugiter
689 2197 955 2252 supraque
993 2183 1208 2236 modum
1257 2183 1305 2235 id
1355 2172 1528 2236 facere

37 2274 161 2326 nium
178 2283 279 2325 est.

37 2363 179 2417 Dolor
219 2364 519 2417 immodicus
547 2364 754 2418 adducit
782 2366 1051 2419 insaniam.
1078 2394 1148 2403 —
1182 2365 1359 2419 Potest
1384 2365 1526 2418 enim

52 2455 237 2511 doloris
267 2457 549 2511 immodica
589 2458 891 2527 magnitudo
926 2457 1229 2527 frequenter
1258 2457 1525 2513 hominem

38 2548 327 2603 naturalibus
353 2550 628 2605 excutiens
649 2551 911 2614 sensibus,
943 2551 1174 2604 aninmm
1196 2550 1525 2621 demergere,

45 2640 105 2692 ad
140 2639 354 2696 honesta
385 2641 564 2693 omnia
592 2640 825 2695 inutilem
856 2642 1097 2696 reddere.
1155 2642 1450 2710 Eapmpter
1476 2651 1530 2695 et

38 2732 84 2784 id
138 2731 390 2798 providit,
452 2740 510 2784 ut
559 2747 626 2785 ex
679 2732 969 2785 intervallis
1027 2732 1179 2785 nobis
1229 2732 1531 2786 immineret

37 2823 287 2878 useieiitize
310 2822 631 2892 redargutio,
662 2835 942 2893 propterea
970 2824 1109 2892 quod
1138 2832 1219 2876 cst
1244 2822 1527 2877 admodum

37 2928 174 2979 vera,
215 2923 267 2967 et
312 2914 505 2981 quovis
547 2914 765 2968 stimulo
803 2915 977 2968 acrius
1002 2928 1231 2983 pungere
1258 2914 1531 2968 consuevit

39 3013 303 3058 ccatorem.
345 3001 461 3056 Non
487 3004 628 3056 enim
662 3016 783 3058 tunc
804 3004 975 3058 solum
996 3046 1009 3070 ,
1051 3020 1170 3058 cum
1211 3004 1308 3073 ipsi
1341 3019 1530 3074 pecca-

37 3111 101 3159 as,
127 3094 460 3148 verumetiam
490 3108 612 3149 cum
642 3096 727 3148 alii
758 3096 1095 3150 committunt
1117 3088 1303 3151 eadeﬂ
1324 3138 1339 3161 ,
1363 3098 1527 3152 vehe-

38 3195 163 3238 reuter
184 3184 432 3253 insurgit.
475 3200 769 3256 magnaque
807 3188 1144 3241 contentione
1174 3187 1325 3242 nobis
1354 3190 1529 3243 occla-

37 3287 94 3330 at.
121 3276 241 3331 Nam
276 3288 557 3346 scortator,
590 3280 814 3345 adulter,
844 3289 933 3334 aut
967 3279 1052 3334 fur
1086 3297 1189 3335 non
1220 3281 1376 3336 modo
1409 3297 1530 3337 eum

40 3379 232 3424 cusatur
271 3372 400 3441 ipse,
446 3375 790 3428 verumetiam
832 3389 950 3427 cum
994 3374 1141 3428 audit
1181 3374 1311 3428 alios
1344 3374 1530 3429 eadem

37 3477 121 3516 ISOS
154 3465 407 3532 accusari,
438 3465 555 3535 ipse
587 3467 685 3520 sibi
714 3467 916 3521 videtur
939 3466 1116 3537 ﬂagris
1143 3468 1273 3522 caedi
1301 3467 1425 3522 dum
1452 3468 1533 3522 in-

39 3566 238 3622 cpantur
263 3558 386 3622 alii,
428 3574 645 3613 suorum
690 3560 1041 3615 admissorum
1074 3560 1439 3628 reminiscens,
1478 3570 1532 3616 et

37 3649 102 3702 ius
126 3651 327 3719 quidem
352 3663 575 3708 vocatur
603 3655 654 3706 in
680 3652 768 3724 jus
787 3695 802 3719 ,
835 3654 918 3708 hic
945 3669 1074 3708 vero
1102 3652 1413 3724 ﬂagellatur,
1445 3653 1531 3707 cui

38 3740 166 3794 illum
213 3748 408 3799 crimen
456 3745 765 3809 intenditur,
813 3746 857 3800 si
904 3745 1060 3800 fuerit
1108 3748 1292 3801 eadem
1348 3761 1527 3800 ausus.

37 3834 408 3892 uemadmodum
435 3837 488 3892 in
519 3838 742 3891 aliorum
772 3846 916 3893 recte
942 3839 1089 3892 lactis
1106 3838 1230 3893 dum
1253 3837 1532 3892 laudantur

60 3936 378 3993 coronantur,
423 3928 519 4000 qui
546 3932 732 3984 eadem
778 3944 899 3983 cum
930 3930 1056 3998 ipsis
1086 3939 1229 3984 recte
1255 3930 1385 3984 facta
1411 3944 1532 3999 ges-

38 4026 168 4082 :runt,
209 4019 435 4087 gaudent
477 4020 875 4090 exsultantque,
916 4021 1064 4090 quasi
1115 4036 1220 4075 non
1263 4021 1337 4075 illi
1367 4021 1534 4091 magis

38 4122 127 4161 iam
152 4109 241 4178 ipsi
262 4110 621 4167 laudarentur.
650 4112 786 4178 Quid
814 4112 969 4182 igitur
988 4127 1106 4167 esse
1131 4112 1295 4181 possit
1321 4111 1533 4167 homine

37 4210 241 4257 :ccatore
270 4204 511 4259 miserius
532 4247 547 4269 ,
573 4205 661 4275 qui
687 4207 895 4275 quoties
922 4214 1236 4260 accusantur
1269 4206 1390 4269 alii,
1423 4205 1534 4275 ipse

37 4292 330 4348 tanimatur?
359 4297 551 4351 Contra
570 4338 584 4361 ,
629 4296 751 4366 quid
779 4312 843 4351 eo
873 4297 1112 4361 beatius,
1151 4298 1239 4367 qui
1283 4313 1404 4351 cum
1431 4299 1536 4351 vir-

37 4390 90 4435 ile
116 4385 251 4449 vivit,
280 4389 364 4455 qui
386 4388 510 4442 dum
540 4389 820 4443 laudantur
846 4389 956 4454 alii,
986 4389 1098 4457 ipse
1112 4389 1302 4459 gaudet
1330 4390 1537 4443 laetitia-

42 4489 84 4527 te
107 4477 302 4541 difﬂuit,
336 4497 397 4533 ex
429 4482 653 4535 aliorum
680 4480 920 4535 laudibus
944 4495 1160 4535 suorum
1193 4492 1337 4537 recte
1365 4482 1533 4536 facto-

38 4581 96 4619 un
121 4573 414 4625 memoriam
440 4574 739 4642 recipiens?
767 4573 892 4627 Hmc
915 4583 1037 4627 sunt
1054 4573 1244 4628 divina:
1265 4576 1535 4643 sapientia:

37 4671 179 4725 Pera,
209 4662 314 4718 haec
364 4667 597 4719 maxima
637 4665 773 4721 illius
817 4666 1160 4737 providentia:
1203 4678 1327 4721 sunt
1376 4683 1535 4738 argu-

37 4760 153 4805 ienta
176 4770 189 4807 :
210 4758 542 4811 conscientia:
566 4758 853 4827 increpatio
877 4774 1025 4813 sacra
1051 4768 1134 4813 est
1157 4774 1351 4814 ancora
1372 4802 1385 4823 ,
1430 4776 1536 4813 non

42 4856 154 4896 nens
174 4861 264 4899 nos
287 4849 493 4904 tandem
513 4850 564 4904 in
588 4859 921 4917 peccatorum
942 4850 1174 4921 demergi
1195 4851 1533 4920 profundum.

41 4946 157 4999 eque
188 4938 322 4991 enim
350 4954 443 5008 per
471 4940 522 4995 id
557 4950 760 5010 tempus
790 4949 991 4995 tantum
1017 4957 1122 5012 quo
1146 4954 1355 5012 peccata
1392 4958 1538 4999 com-

38 5020 248 5094 iittimus,
271 5045 449 5085 verum
470 5033 625 5086 etiam
653 5041 772 5101 post
793 5033 984 5087 multos
1003 5049 1259 5089 annorum
1288 5037 1538 5091 circuitus

37 5117 127 5170 ovit
159 5136 247 5176 nos
282 5141 420 5195 saepe
448 5127 639 5181 veteris
681 5127 965 5181 admonere
1001 5129 1199 5195 peccati
1229 5146 1242 5181 :
1291 5131 1446 5199 idque
1471 5146 1535 5185 ex

38 5208 113 5262 isis
136 5214 391 5270 evidenter
413 5220 770 5289 comprobabo
789 5220 1091 5289 Scripturis.
1430 5219 1435 5223 ’

65 5296 258 5357 Invidia:
282 5309 370 5361 vis.
389 5339 457 5349 --
474 5311 836 5365 Vendiderunt
859 5313 985 5367 olim
1016 5312 1203 5368 fratres
1223 5314 1533 5384 Josephum,

40 5388 117 5444 iliil
139 5396 338 5463 quidem
375 5401 625 5459 habentes
650 5405 789 5474 quod
820 5405 1140 5473 incusarent,
1169 5406 1270 5462 sed
1289 5408 1537 5478 quoniam

38 5480 186 5540 iderat
207 5494 400 5547 somnia
440 5497 537 5565 ipsi
580 5498 799 5567 gloriam
827 5508 1102 5553 venturam
1147 5500 1533 5569 portendentia.

38 5570 260 5648 ﬁdebam,
301 5583 502 5653 inquit.
548 5589 831 5659 manipulos
860 5604 1041 5645 vestros
1066 5590 1331 5645 adorantes
1371 5593 1535 5646 mani-

41 5669 157 5719 ulum
183 5686 335 5727 meum
358 5676 509 5745 (Gen.
538 5681 626 5735 57.
658 5681 736 5751 7).
773 5682 1101 5751 Quamquam
1130 5682 1199 5737 ob
1226 5682 1339 5737 btec
1362 5682 1539 5738 decuit

38 5751 133 5811 lum
175 5776 372 5822 servare
418 5772 625 5838 nntius,
657 5773 798 5843 quod
848 5774 1005 5829 totius
1054 5773 1266 5830 familia:
1294 5790 1529 5844 corona,

3081 326 3214 382 5915

1633 432 1899 502 totiusque
1940 434 2150 502 generis
2179 435 2344 491 decus
2389 448 2501 491 erat
2546 438 2770 493 futurus.
2801 436 2906 493 Sed
2949 440 3214 508 ejusmodi

1631 537 1716 576 res
1759 532 1843 577 est
1882 522 2075 578 invidia
2109 541 2122 576 :
2159 536 2353 595 pugnat
2378 527 2632 583 adversus
2657 531 2947 586 domestica
2976 533 3174 588 decora
3200 574 3214 592 .

1631 616 1934 685 mavultque
1980 616 2188 671 invidus
2241 622 2517 673 innumera
2565 622 2765 691 perpeti
2817 623 2996 690 mala,
3056 641 3215 694 quam

1631 705 1812 760 videre
1856 708 2152 773 proximum
2187 708 2236 761 in
2269 711 2440 777 pretio
2469 710 2702 766 habitum
2729 753 2742 776 ,
2778 714 2985 769 etiamsi
3030 716 3217 785 gloria)

1634 810 1754 862 pars
1782 796 1846 849 ad
1875 798 2045 864 ipsum
2087 798 2158 852 sit
2185 811 2557 868 permanatura
2593 820 2605 855 :
2638 819 2744 872 quo
2769 821 2899 860 sane
2926 807 3050 875 quid
3095 822 3216 863 esse

1630 888 1799 956 possit
1843 890 2130 943 miserius?
2154 890 2306 958 Quod
2332 900 2385 946 et
2430 892 2530 946 illis
2557 909 2653 948 usu
2684 898 2828 950 venit
2860 921 2874 958 ;
2907 914 3027 953 cum
3070 902 3212 955 enim

1633 979 1884 1033 vidissent
1939 981 2085 1035 illum
2134 985 2317 1052 procul
2373 986 2709 1052 venientem,
2759 990 2991 1062 ipsisque
3035 994 3211 1049 cibum

1631 1069 1978 1139 afferentem,
2025 1074 2161 1129 inter
2203 1091 2262 1131 se
2299 1076 2546 1133 dicebant
2597 1097 2610 1131 :
2667 1078 2878 1149 Venite,
2925 1089 3213 1141 occidentes

1630 1174 1764 1227 eum,
1798 1180 1856 1215 ac
1884 1164 2139 1219 videamus
2167 1167 2289 1236 quid
2316 1170 2492 1239 futura
2518 1172 2617 1223 sint
2645 1171 2784 1225 illius
2810 1175 3004 1227 somnia
3058 1175 3208 1243 (Gen.

1631 1252 1719 1305 37.
1750 1254 1821 1308 20
1842 1254 1882 1325 ).
1918 1254 1983 1310 Ut
2014 1256 2227 1312 fratrem
2258 1274 2362 1313 non
2405 1263 2698 1316 reverearis
2722 1305 2736 1329 ,
2771 1280 2940 1332 neque
2971 1276 3212 1321 naturam

1631 1360 1886 1416 agnoscas
1911 1388 1925 1413 ,
1954 1356 2099 1402 certe
2123 1363 2362 1404 mensam
2389 1352 2554 1420 ipsam
2581 1354 2929 1409 conveniebat
2952 1359 3211 1422 revereri,

1633 1436 1911 1507 ipsumque
1940 1438 2218 1494 ministerii
2246 1440 2502 1509 ofﬁcium,
2532 1443 2961 1515 quandoquidem
2990 1447 3214 1502 aliturus

1633 1538 1686 1585 te
1729 1532 1991 1586 veniebat.
2021 1532 2125 1587 Sed
2168 1533 2289 1589 vide
2331 1537 2599 1605 quomodo
2628 1547 2681 1591 et
2724 1538 3087 1609 imprudentes
3116 1556 3215 1593 va-

1633 1621 1938 1677 ticinantur.
1978 1623 2169 1687 Venite,
2202 1626 2464 1696 inquiunt,
2497 1630 2779 1683 occidamus
2808 1648 2940 1697 eum,
2970 1642 3015 1685 et
3043 1632 3211 1687 videa-

1632 1732 1741 1769 mus
1770 1717 1889 1787 quid
1931 1721 2106 1788 futura
2130 1719 2230 1773 sint
2273 1719 2409 1773 illius
2435 1722 2650 1774 somnia.
2682 1722 2886 1776 Etenim
2919 1726 3018 1778 nisi
3065 1736 3211 1780 stru-

1633 1808 1837 1862 xissent
1880 1810 2117 1877 insidias,
2148 1811 2249 1866 nisi
2297 1812 2448 1866 dolos
2491 1815 2803 1879 terruissent,
2834 1826 2885 1870 et
2930 1817 3212 1887 impudens

1634 1899 1761 1953 illud
1804 1901 2085 1955 concilium
2135 1904 2585 1970 concinnassent,
2635 1921 2964 1976 nequaquam
3011 1924 3214 1979 cogno-

1634 1989 1835 2044 vissent
1862 1990 1965 2044 vim
2015 1992 2224 2046 illorum
2267 1994 2615 2048 somniorum.
2646 1994 2762 2050 Non
2808 1999 2949 2052 enim
2993 2001 3213 2068 perinde

1633 2096 1879 2151 magnum
1908 2092 2021 2136 erat
2045 2125 2058 2145 ,
2102 2083 2298 2154 Joseph
2324 2127 2339 2144 .
2370 2085 2412 2139 si
2442 2085 2573 2139 nihil
2600 2088 2774 2141 acerbi
2804 2103 2990 2156 passus
3029 2100 3208 2158 esset,

1633 2174 1990 2229 conscendere
2017 2175 2263 2231 thronum
2291 2176 2535 2248 Egypti,
2566 2193 2629 2232 ac
2660 2189 2736 2233 tot
2776 2181 3062 2237 obstaculis
3098 2183 3211 2238 dis-

1633 2266 1832 2333 cussis,
1861 2266 1999 2321 hunc
2025 2268 2271 2323 eumdem
2297 2270 2503 2341 assequi
2530 2272 2889 2340 splendorem.
2934 2274 3041 2329 Nisi
3068 2277 3210 2332 enim

1633 2358 1705 2411 illi
1751 2360 2068 2413 struxissent
2115 2359 2371 2428 insidias,
2422 2378 2526 2417 non
2576 2364 2937 2420 vendidissent
2984 2384 3108 2424 eum
3158 2372 3209 2425 in

1632 2449 1920 2523 Egyptum
1952 2470 1965 2505 :
1999 2453 2097 2507 nisi
2125 2453 2174 2506 in
2206 2453 2491 2525 :Egyptum
2524 2457 2924 2525 vendidissent,
2953 2477 3055 2515 non
3086 2463 3213 2517 ada-

1634 2552 1809 2597 matus
1852 2542 2038 2597 fuisset
2080 2544 2148 2597 ab
2187 2545 2314 2599 hera
2346 2561 2359 2597 :
2394 2547 2437 2599 si
2467 2562 2572 2601 non
2617 2546 2802 2603 luisset
2844 2550 3119 2607 adamatus
3145 2554 3211 2609 ab

1634 2634 1760 2688 hera
1785 2677 1800 2699 ,
1829 2650 1934 2688 non
1968 2636 2147 2689 luisset
2175 2637 2447 2705 conjectus
2490 2640 2540 2691 in
2571 2653 2837 2695 carcerem
2862 2682 2879 2707 ,
2910 2659 3013 2696 non
3046 2646 3213 2698 inter-

1636 2735 1872 2795 pretatus
1918 2727 2103 2781 luisset
2146 2729 2349 2781 somnia
2378 2769 2392 2793 ,
2440 2744 2542 2782 non
2591 2746 2811 2799 regnum
2856 2733 2984 2787 illud
3026 2734 3213 2791 luisset

1632 2828 1950 2887 assequutus
1983 2836 1994 2870 :
2026 2818 2070 2871 si
2100 2834 2205 2872 non
2237 2818 2422 2874 fuisset
2447 2835 2667 2890 regnum
2696 2833 3073 2892 consequutus,
3104 2842 3209 2880 non

1635 2909 1905 2963 venissent
1934 2909 2006 2963 illi
2035 2911 2442 2965 eommercaturi
2469 2912 2792 2969 frumentum
2817 2956 2831 2980 ,
2864 2932 2961 2970 nec
2989 2918 3210 2973 adoras-

1634 3010 1770 3055 sent.
1797 3000 1977 3071 Itaque
1993 3002 2242 3072 quoniam
2261 3003 2571 3058 occiderunt
2596 3004 2765 3071 illum,
2783 3007 2851 3061 ob
2869 3008 2968 3063 hoc
2984 3011 3213 3065 maxime

1635 3094 2014 3149 intellexerunt
2039 3095 2181 3149 illius
2210 3097 2436 3151 somnia.
2467 3098 2599 3165 Quid
2628 3100 2818 3170 igitur?
2845 3101 3021 3170 lpsine
3044 3105 3213 3160 bono-

1635 3202 1750 3241 rum
1796 3188 2033 3242 oumium
2074 3204 2192 3259 qua:
2222 3199 2340 3259 post
2384 3201 2711 3259 evenerunt,
2745 3193 2990 3264 illiusque
3030 3197 3213 3266 gloria:

1634 3279 1846 3334 fuerunt
1865 3280 1936 3335 illi
1954 3281 2355 3337 conciliatores?
2375 3282 2737 3354 Nequaquam.
2765 3285 2957 3341 Verum
2983 3289 3081 3358 ipsi
3098 3292 3215 3361 qui-

1635 3371 1755 3426 dem
1787 3371 2143 3426 moliebantur
2176 3372 2322 3427 illum
2351 3376 2530 3440 morti,
2549 3375 2927 3445 deSperatioui,
2946 3383 3209 3449 servituti,

1634 3463 1864 3517 breviter
1888 3463 2140 3517 extremis
2161 3463 2315 3519 malis
2340 3464 2548 3520 tradere
2581 3483 2593 3518 :
2625 3467 2719 3521 sed
2746 3468 2884 3523 Deus
2912 3470 3101 3526 melior
3126 3488 3214 3526 ar-

1636 3556 1763 3610 til‘ex
1787 3598 1801 3622 ,
1831 3557 2191 3611 insidiantium
2225 3557 2423 3612 malitia
2451 3560 2502 3612 in
2530 3560 2728 3614 venditi
2771 3561 3079 3633 insidiisque
3107 3564 3209 3617 im-

1636 3650 1780 3717 pctiti
1802 3649 2021 3718 gloriam
2046 3665 2172 3703 usus
2192 3658 2293 3704 est.

1706 3739 1758 3794 6.
1798 3739 1874 3793 Ne
1899 3755 2024 3793 vero
2050 3749 2264 3809 putares
2302 3756 2476 3795 rerum
2512 3753 2763 3806 eventus,
2796 3745 2877 3797 vel
2911 3760 3067 3798 casus
3090 3760 3210 3800 esse

1634 3831 1900 3897 fortuitos,
1932 3831 2012 3885 vel
2042 3833 2108 3884 ab
2136 3831 2483 3886 humanarum
2517 3848 2693 3887 rerum
2723 3834 2894 3888 subita
2923 3838 3212 3892 mutatione

1637 3925 1868 3995 pendere
1897 3944 1910 3980 :
1942 3941 2034 3993 per
2058 3941 2151 3980 eos
2178 3925 2268 3995 qni
2296 3925 2642 3981 adversantur
2671 3968 2688 3995 ,
2718 3943 2812 3997 per
2835 3944 2928 3984 eos
2951 3933 3039 4000 qui
3066 3934 3214 3985 obsi—

1638 4027 1803 4081 stunt,
1818 4026 2065 4087 procurat
2081 4018 2237 4081 Deus,
2254 4027 2311 4071 ut
2328 4034 2412 4072 res
2432 4034 2548 4088 qua:
2568 4028 2829 4083 vetantur,
2845 4022 3211 4091 conﬁciantur,

1638 4109 1864 4165 inimicis
1888 4110 1997 4163 suis
2031 4111 2095 4163 ad
2126 4124 2275 4163 suam
2304 4110 2525 4179 gloriam
2557 4120 2708 4165 utens
2737 4113 3011 4178 ministris,
3050 4125 3105 4169 ut
3129 4118 3215 4169 in-

1640 4204 1843 4273 telligas
1881 4202 2020 4273 quod
2062 4203 2199 4256 Deus
2233 4203 2489 4268 decrevit,
2520 4219 2547 4255 a
2581 4205 2792 4260 nemine
2819 4205 3084 4276 dissipari.
3116 4226 3213 4264 nec

1639 4313 1850 4351 manum
1880 4295 2019 4350 illam
2045 4296 2307 4350 excelsam
2335 4278 2365 4349 a
2390 4311 2653 4366 quoquam
2679 4313 2923 4351 aversum
2946 4300 3006 4353 iri
3038 4318 3049 4352 :
3074 4303 3215 4371 quod

1638 4391 1684 4445 si
1712 4388 1923 4459 quando
1951 4389 2018 4443 ab
2055 4389 2230 4458 aliquo
2273 4389 2466 4457 petaris
2504 4390 2727 4453 insidiis,
2765 4405 2831 4444 ne
2857 4396 3215 4449 consterneris

1638 4485 1836 4548 animo,
1860 4498 1991 4537 neve
2018 4484 2235 4535 moleste
2257 4484 2413 4546 feras,
2436 4483 2528 4536 sed
2554 4483 2692 4536 scire
2721 4485 2893 4551 possis
2919 4485 3135 4540 insidias
3161 4487 3215 4540 in

1639 4576 1833 4630 bonum
1878 4575 2033 4629 ﬁnem
2074 4576 2559 4653 exituras,_tanttuu
2607 4577 2652 4628 si
2692 4575 2895 4630 fortiter
2933 4578 3069 4632 feras
3097 4595 3215 4648 quae

1639 4668 1906 4722 accidunt.

1715 4759 1931 4813 Eventus
1956 4758 2007 4811 in
2032 4775 2184 4812 manu
2207 4757 2323 4811 Dei.
2353 4786 2422 4797 -—
2442 4759 2580 4813 Ecce
2602 4758 2687 4813 hic
2722 4775 2932 4830 quoque
2972 4761 3107 4817 livor
3132 4781 3217 4819 re-

1640 4869 1800 4924 gnum
1816 4853 2035 4922 peperit,
2063 4851 2258 4906 invidia
2278 4854 2574 4907 conciliavit
2599 4852 2861 4920 diadema,
2885 4854 2949 4908 ad
2966 4855 3214 4911 thronum

1642 4943 1925 5014 perduxit,
1972 4954 2129 5014 atque
2152 4944 2225 4997 illi
2254 4944 2349 5013 ipsi
2380 4944 2467 5013 qui
2512 4945 2782 4999 struebant
2812 4946 3029 5000 insidias
3067 4951 3219 5001 auxi-

1642 5036 1833 5091 liantes
1860 5044 2232 5106 promoverunt
2272 5036 2337 5089 ad
2379 5036 2520 5090 illius
2544 5036 2749 5107 imperii
2776 5038 3213 5106 magnitudinem.

1642 5129 1711 5184 Et
1730 5130 1774 5182 is
1793 5128 2004 5198 quidem
2027 5128 2109 5183 cui
2130 5134 2342 5182 structa:
2374 5127 2582 5182 fuerant
2608 5127 2811 5183 insidia:
2842 5144 3060 5198 regnum
3091 5130 3219 5185 ade-

1645 5230 1765 5291 ptus
1792 5231 1912 5277 est:
1944 5222 1980 5276 ii
2025 5236 2152 5277 vero
2178 5222 2267 5291 qui
2292 5231 2612 5288 struxerant,
2656 5223 2951 5277 servierunt
2981 5242 2997 5279 :
3028 5223 3220 5278 adora-

1644 5314 1797 5370 batur
1825 5315 1932 5379 ille,
1982 5313 2035 5367 bi
2076 5312 2381 5367 adorarunt.
2428 5315 2603 5384 Itaque
2633 5328 2756 5369 cum
2795 5315 2887 5369 tibi
2929 5315 3219 5371 acciderint

1642 5409 1831 5462 acerba
1859 5407 2213 5477 continuaque
2256 5407 2414 5473 mala,
2447 5422 2513 5461 ne
2544 5407 2770 5462 turberis
2796 5423 2966 5478 neque
2994 5408 3217 5465 moleste

1644 5500 1800 5563 feras,
1829 5498 1922 5554 sed
1968 5508 2185 5569 expecta
2227 5498 2408 5553 linem.
2441 5497 2666 5553 Omnino
2708 5500 2975 5572 continget
3021 5502 3217 5572 aliquid

1644 5588 1890 5645 muniﬁco
1939 5590 2050 5645 Deo
2079 5591 2314 5659 dignum.
2348 5600 2550 5645 tantum
2590 5590 2634 5646 si
2663 5606 2783 5646 cum
2810 5593 3096 5663 gratiarum
3126 5608 3218 5648 ac~

1647 5683 1788 5737 tione
1814 5681 1951 5737 feras
1996 5697 2113 5753 qua:
2142 5682 2388 5737 accidunt
2418 5701 2429 5736 :
2457 5681 2880 5754 quandoquidem
2929 5699 3026 5739 nec
3076 5685 3174 5741 iste
3198 5723 3214 5749 ,

1646 5789 1767 5832 cum
1792 5773 1881 5829 illa
1910 5775 2245 5842 somniasset,
2269 5792 2386 5832 cum
2420 5779 2469 5832 iu
2500 5786 2792 5833 extremum
2818 5777 3101 5833 discrimen
3132 5793 3216 5831 ve-
