3906 6240
548 328 681 385 1015

542 443 727 503 uisset,
761 452 879 493 cum
910 433 1151 489 venditus
1178 448 1206 485 a
1235 431 1503 494 fratribus,
1521 445 1641 485 cum
1669 428 1736 482 ab
1763 429 1888 482 hera
1916 424 2119 483 insidiis

540 534 821 601 appetitus,
855 530 1082 599 denique
1101 542 1220 581 cum
1266 526 1320 579 in
1363 538 1631 578 carcerem
1661 528 1803 577 esset
1827 519 2120 587 conjectus,

543 624 752 677 diccbat
770 620 906 690 apud
932 634 1054 674 sese
1081 635 1093 670 :
1124 616 1246 687 quid
1278 615 1489 670 tandem
1518 616 1619 669 hoc
1643 622 1725 668 est
1752 610 1873 666 rei?
1900 608 2123 664 Fefellc-

543 726 665 771 rum
696 730 779 768 me
821 714 908 767 illa
934 712 1134 766 somnia
1170 728 1183 763 :
1214 708 1399 764 exsulo
1436 722 1465 761 a
1492 706 1681 775 patria,
1709 703 1963 775 spoliatus
2004 715 2119 754 sum

545 809 807 867 libertate,
835 812 1054 873 propter
1077 803 1240 856 Deum
1272 816 1375 853 non
1397 800 1532 855 cessi
1556 799 1696 852 herze
1719 797 1785 850 ad
1806 795 2121 849 adulterium

542 898 781 953 invitanti
812 914 825 950 :
858 906 1074 966 propter
1097 894 1401 963 pudicitiam
1444 906 1507 947 ac
1534 893 1779 946 virtutem
1820 890 1889 943 do
1916 903 2119 957 pmnas,

542 1007 603 1045 ac
630 1006 697 1044 no
719 990 793 1043 sic
820 988 1031 1057 quidem
1064 987 1203 1039 ultus
1222 993 1305 1038 est
1324 984 1492 1039 vicem
1519 998 1689 1037 meam
1717 982 1872 1041 Dens.
1898 990 1985 1032 aut
2006 994 2120 1032 ma-

543 1096 668 1134 num
700 1080 952 1148 porrexit,
1000 1076 1091 1131 sed
1124 1088 1307 1145 passus
1332 1082 1413 1129 cst
1442 1088 1527 1128 me
1556 1072 1686 1127 tradi
1717 1073 1937 1125 vinculis
1964 1085 2121 1139 super

542 1173 641 1225 alia
673 1172 790 1225 aliis
822 1188 836 1224 :
869 1168 1199 1223 calamitates
1234 1166 1532 1221 inciderunt
1584 1173 1868 1232 perpetuae,
1909 1172 2027 1231 post
2049 1162 2121 1214 ci-

544 1277 773 1317 sternam
792 1261 1039 1325 servitus,
1062 1268 1179 1328 post
1193 1258 1500 1313 servitutem
1521 1256 1744 1317 insidiaz,
1766 1265 1883 1325 post
1908 1254 2122 1308 insidias

540 1353 825 1417 calumnia,
850 1360 967 1420 post
990 1350 1305 1403 calumniam
1322 1363 1525 1402 career.
1559 1347 1751 1401 Verum
1781 1348 1965 1399 horum
1991 1344 2118 1398 nihil

542 1444 691 1497 illum
720 1441 1077 1511 perturbabat,
1106 1440 1201 1495 sed
1232 1440 1605 1509 perseverabat
1633 1439 1683 1491 in
1712 1454 1805 1507 spe
1834 1453 1953 1491 cum
1985 1438 2117 1491 bona

545 1534 754 1596 fiducia,
781 1533 955 1588 sciens
992 1532 1131 1603 quod
1158 1548 1277 1602 qua:
1306 1533 1442 1587 dicta
1468 1541 1592 1586 sunt
1619 1548 1648 1585 a
1679 1532 1802 1595 Deo,
1836 1545 2119 1607 numquam

548 1622 811 1679 excident.

617 1714 750 1767 Deus
790 1730 947 1785 quare
981 1729 1083 1767 non
1138 1713 1306 1767 statim
1354 1713 1502 1781 eripit
1552 1723 1767 1767 sanctos.
1807 1743 1877 1753 —
1915 1713 2126 1767 Poterat

546 1806 757 1874 quidem
807 1806 947 1860 Deus
974 1804 1160 1859 eodem
1191 1806 1349 1859 etiam
1377 1805 1464 1859 die
1502 1805 1598 1857 ista
1646 1804 1920 1873 perlicere,
1951 1805 2045 1859 sed
2073 1814 2130 1859 ut

546 1898 702 1951 simul
724 1906 779 1952 et
799 1913 946 1951 suam
970 1897 1203 1952 declaret
1221 1897 1528 1965 potentiam,
1552 1906 1606 1950 et
1632 1897 1788 1950 fidem
1813 1896 2127 1951 famulorum

550 2005 788 2054 suorum,
817 1990 1073 2058 permittit
1091 1990 1313 2043 multum
1336 1990 1590 2058 temporis
1616 1989 1961 2055 intercedere,
1996 1990 2131 2044 mul-

549 2092 707 2149 taque
732 2080 965 2135 incidere
993 2080 1390 2148 impedimenta,
1422 2082 1495 2132 uti
1525 2079 1680 2133 simul
1705 2089 1760 2134 et
1781 2080 1944 2148 ipsius
1969 2080 2132 2134 robur

551 2183 862 2239 cognoscas,
919 2180 1027 2222 tum
1072 2170 1336 2238 explentis
1391 2170 1667 2237 promissa,
1713 2182 2048 2241 posteaquam
2077 2173 2130 2226 in

540 2260 975 2331 desperationem
997 2259 1220 2314 adducta
1242 2275 1328 2314 res
1346 2270 1447 2323 est,
1468 2270 1523 2314 et
1542 2276 1821 2315 servorum
1844 2264 2135 2331 perspicias

564 2354 896 2407 tolerantiam
921 2367 983 2406 ac
1011 2351 1186 2415 fidem,
1217 2365 1351 2422 quos
1379 2351 1509 2405 nihil
1541 2354 1750 2419 horum,
1780 2370 1895 2424 qua:
1927 2355 2135 2409 interim

558 2446 822 2508 accidunt,
861 2460 889 2497 a
941 2444 1075 2498 bona
1120 2458 1215 2514 spe
1243 2443 1477 2513 depellit.
1526 2442 1629 2499 Sed
1660 2445 1797 2514 quod
1828 2446 2004 2500 dicere
2031 2459 2139 2502 ete-

562 2554 768 2608 pcram,
812 2540 1006 2594 reversi
1051 2548 1173 2593 sunt
1219 2540 1324 2605 isti,
1379 2538 1517 2593 fame
1549 2539 1664 2593 illos
1704 2540 1861 2593 veluti
1888 2540 2139 2596 carnifice

560 2632 857 2701 praecipites
885 2633 1114 2702 agitante
1142 2673 1155 2696 ,
1210 2644 1263 2687 et
1317 2632 1536 2703 principi
1567 2632 1762 2703 Joscph
1808 2634 2096 2690 exhibenle
2124 2658 2141 2689 .·

558 2726 803 2779 volebant
831 2740 1011 2781 emere
1061 2724 1383 2781 frumentum
1414 2744 1426 2778 :
1457 2727 1543 2782 hic
1589 2738 1763 2782 autem
1806 2732 1875 2783 ait
1929 2730 1993 2783 ad
2022 2746 2135 2794 eos.

561 2815 921 2886 Exploratores
968 2819 1081 2871 estis
1136 2815 1301 2887 (Gen.
1333 2819 1421 2872 42.
1450 2818 1539 2889 9).
1573 2819 1649 2873 llli
1676 2819 1813 2888 apud
1850 2836 1967 2875 sese
1993 2824 2138 2877 dice-

560 2909 709 2968 bant,
727 2909 975 2977 quidnam
1009 2912 1106 2965 hoc
1131 2918 1212 2963 est
1232 2909 1532 2965 ?Alimenta
1551 2919 1784 2980 emptum
1802 2914 2060 2980 venimus,
2085 2922 2138 2968 et

560 2999 629 3054 de
655 3000 757 3053 vita
793 3000 1151 3070 periclitamur
1177 3002 1201 3053 ?
1231 3000 1417 3054 Merito
1446 3019 1459 3054 :
1493 3002 1920 3073 quandoquidem
1960 3016 2016 3060 et
2045 3006 2135 3060 ille

566 3094 715 3146 vobis
740 3092 1040 3146 alimoniam
1061 3092 1333 3157 aﬂ‘erebat,
1356 3093 1528 3164 deque
1546 3096 1651 3149 vita
1681 3097 2004 3166 periclitatus
2032 3110 2133 3155 est.

559 3182 825 3237 Caeterum
856 3185 945 3238 ille
973 3184 1184 3253 quidem
1207 3200 1332 3240 vere
1351 3201 1536 3255 passus
1562 3196 1680 3251 est;
1719 3203 1812 3243 vos
1838 3199 2011 3245 autem
2038 3192 2137 3247 hoc

564 3292 657 3345 per
687 3276 1077 3329 simulationem
1118 3276 1375 3345 patimini.
1401 3276 1514 3331 Non
1547 3279 1686 3332 enim
1730 3280 1972 3335 inimicus
2002 3291 2135 3348 erat,

558 3367 657 3421 sed
700 3366 892 3420 inimici
943 3381 1220 3435 personam
1270 3376 1669 3438 assumpserat,
1707 3373 1909 3439 utquid
1954 3374 2003 3427 in
2050 3389 2137 3443 pa-

568 3470 714 3511 terna
748 3455 940 3510 familia
981 3470 1224 3528 ageretur
1260 3444 1323 3513 ad
1363 3461 1572 3530 plenum
1606 3474 1967 3533 cognosceret.
1999 3468 2140 3532 Quo-

568 3552 709 3604 niam
746 3550 885 3603 euim
916 3550 1056 3604 circa
1104 3549 1272 3619 ipsum
1316 3552 1538 3621 improbi
1582 3554 1875 3624 ingratique
1914 3555 2139 3622 fuerant,

569 3641 837 3710 Benjamin
880 3651 1054 3697 autem
1086 3658 1203 3696 cum
1234 3643 1364 3711 ipsis
1393 3659 1497 3697 non
1540 3644 1784 3711 viderat,
1833 3649 2029 3702 veritus
2075 3649 2143 3705 de

568 3749 731 3804 puero
759 3748 828 3790 ne
849 3734 1058 3805 quando
1075 3745 1129 3789 et
1152 3736 1237 3789 ille
1267 3734 1452 3791 eadem
1474 3752 1590 3807 qua:
1613 3737 1773 3793 frater
1793 3753 1980 3808 passus
2007 3741 2139 3797 fuis-

560 3824 667 3889 Set,
694 3825 1034 3895 jubet-unum
1062 3842 1125 3881 ex
1153 3828 1255 3881 illis
1282 3829 1511 3883 vinctum
1542 3830 1648 3883 illic
1679 3830 1928 3900 detineri,
1951 3832 2143 3889 deinde

557 3917 693 3971 illos
727 3927 937 3987 sumpto
966 3919 1108 3972 omni
1136 3918 1399 3974 frumento
1418 3920 1711 3985 discedere,
1757 3933 1983 3978 mortem
2032 3925 2137 3979 illis

571 4009 944 4072 comminatus,
975 4010 1072 4062 nisi
1102 4008 1317 4064 fratrem
1344 4026 1495 4064 suum
1524 4012 1865 4068 adducerent.
1893 4014 2015 4069 lltec
2045 4016 2139 4085 igi-

568 4108 659 4155 tur
685 4099 771 4153 ubi
794 4099 927 4154 facta
952 4109 1094 4165 sunt,
1118 4100 1250 4154 dixit
1279 4102 1381 4155 illis
1409 4120 1423 4156 :
1456 4102 1757 4173 Relinquite
1780 4106 2005 4176 aliquem
2037 4108 2142 4175 hic,

562 4199 628 4245 et
664 4190 875 4246 fratrem
902 4202 1133 4245 vestrum
1163 4193 1405 4247 adducite
1431 4213 1443 4248 :
1469 4196 1547 4249 sin
1589 4198 1782 4263 minus,
1823 4202 2139 4258 moriemini.

572 4282 710 4348 Quid
736 4292 842 4336 tum
870 4283 1009 4337 inter
1032 4298 1090 4338 se
1108 4285 1453 4354 loquebantur
1479 4288 1550 4340 illi
1574 4287 1597 4340 ?
1619 4289 1860 4345 Profecto
1886 4292 1997 4347 hare
2021 4295 2139 4363 jure

571 4376 724 4431 nobis
768 4375 1051 4430 accidunt:
1093 4392 1213 4431 nam
1266 4378 1317 4432 in
1356 4380 1584 4448 peccatis
1623 4397 1803 4437 sumus
1833 4426 1845 4446 ,
1883 4384 1949 4439 de
1979 4385 2139 4444 fratre

573 4478 754 4522 nostro
776 4483 894 4520 cum
922 4478 1129 4536 rogaret
1152 4482 1267 4523 nos.
1296 4469 1448 4523 Vides
1474 4480 1859 4541 postquantum
1887 4480 2138 4545 temporis

573 4560 771 4629 peccati
814 4560 953 4613 illius
994 4560 1448 4614 recordabantur?
1480 4561 1544 4614 Et
1578 4562 1642 4616 ad
1694 4574 1892 4633 patrem
1926 4567 2137 4636 quidem

572 4648 847 4704 dixerant:
877 4648 1010 4702 Fero
1032 4650 1244 4717 pessima
1265 4653 1513 4705 devoravit
1532 4651 1718 4723 Ioseph
1743 4650 1894 4723 (Gen.
1910 4654 2000 4712 37.
2018 4657 2133 4727 35).

574 4744 838 4795 Caeterum
860 4741 974 4810 ipso
998 4741 1194 4811 .loseph
1221 4754 1480 4813 przesente
1498 4746 1845 4817 audienteque
1867 4761 2137 4820 peccatum

573 4849 729 4887 suum
770 4832 1084 4899 prodebant.
1133 4833 1268 4901 Quid
1319 4838 1416 4889 hac
1464 4852 1523 4891 re
1569 4838 1860 4895 mirabilius
1900 4843 2139 4899 accidere

572 4925 789 4995 possit?
821 4924 1083 4981 Judicium
1127 4926 1326 4997 absque
1354 4928 1807 4999 redargutionibus
1851 4935 2134 5005 peragitur,

572 5026 623 5068 ιιι
649 5016 916 5071 excusatio
942 5018 1058 5071 sine
1091 5018 1445 5085 accusatione,
1486 5020 1726 5089 probatio
1753 5023 1867 5077 sine
1895 5026 2135 5093 testibus,

574 5109 697 5159 dum
722 5105 844 5175 ipsi,
870 5105 961 5175 qui
991 5104 1197 5161 facinus
1228 5118 1556 5177 peregerant,
1573 5110 1776 5179 seipsos
1800 5113 2136 5182 redarguunt,

572 5194 818 5264 quodque
850 5195 983 5249 clam
1026 5195 1215 5249 factum
1254 5196 1443 5263 fuerat,
1488 5198 1734 5257 efferunt.
1773 5205 1901 5270 Quis
1927 5220 2142 5274 persua-

601 5306 2531 5335 Wm_';‘w'
2410 5313 2461 5321 "_
2480 5313 2531 5319 ’-

1538 5374 1641 5432 AD
1683 5374 2089 5435 HOMILIAM
2139 5377 2238 5439 DE
2275 5378 2869 5438 DOBMIENTIBUS

661 5454 1053 5524 Chrysostomo
1104 5457 1242 5512 duce
1301 5459 1443 5513 hanc.
1494 5461 1773 5515 bomiliam
1843 5460 2143 5517 secundum

591 5542 824 5604 quatuor
853 5534 972 5587 illas
1017 5534 1083 5589 de
1111 5533 1320 5592 Lazaro
1353 5543 1561 5609 priores
1587 5540 1860 5609 ponitnus.
1914 5540 1971 5594 ld
2019 5558 2148 5597 vero

590 5627 700 5665 non
742 5612 904 5693 modo
938 5618 1197 5682 temporis
1226 5617 1572 5688 ordinisque,
1609 5619 1705 5673 sed
1762 5620 1925 5673 etiam
1981 5636 2147 5693 argu-

591 5690 757 5745 menti
794 5691 931 5743 ratio
992 5694 1245 5760 postulat.
1306 5694 1437 5750 Nam
1484 5707 1605 5766 post
1653 5708 1884 5767 quatuor
1929 5690 2147 5757 illasvde

593 5767 799 5821 Lazaro
830 5784 886 5823 se
915 5768 1055 5825 hanc
1094 5784 1491 5844 consequenter
1531 5777 1734 5834 dixisse
1775 5781 1930 5835 initio
1972 5782 2149 5836 decla-

592 5854 677 5899 rat
719 5848 852 5917 ipse.
886 5847 1004 5903 Dies
1042 5861 1268 5920 quatuor
1312 5854 1365 5907 iu
1411 5855 1719 5925 explicanda
1780 5860 1918 5913 vobis
1954 5859 2149 5913 Lazari

1282 320 1337 373 S.
1379 316 1654 373 JOANNIS
1690 309 2161 369 CIIRYSOSTOMI
2204 307 2517 365 ARCHIEP.
2559 304 3093 366 CONSTANTINOP.

3722 312 3827 368 i0“

2254 424 2356 478 sit?
2375 424 2504 493 Quis
2535 426 2711 497 adegit
2735 427 2786 480 in
2814 427 3081 495 publicum
3107 427 3315 495 eﬂ'erre,
3343 446 3464 500 quas
3490 442 3629 485 ante
3658 441 3828 485 tantum

2254 518 2506 585 temporis
2523 527 2725 588 patrata
2744 518 2901 571 sunt?
2925 521 3113 573 Annon
3141 521 3477 589 perspicuum
3502 530 3595 575 est
3618 521 3721 576 huc
3735 526 3829 575 ade
3870 518 3871 593 ἲ

2255 608 2395 677 gisse
2418 609 2816 673 conscientiam,
2849 609 3102 678 judicem,
3129 611 3213 665 cui
3240 612 3395 665 verba
3415 612 3560 665 ‘dari
3594 628 3704 665 non
3733 629 3829 681 pos
3870 614 3871 617 “

2257 710 2418 761 sunt;
2450 715 2567 768 qua:
2601 700 2815 754 assidue
2851 702 3183 756 concutiebat
3209 703 3417 757 illorum
3450 709 3827 765 menteni.ani-
3872 700 3873 759 ἕ

2256 806 2505 860 mumqne
2533 792 2777 845 turbabat
2801 793 2824 846 ?
2854 792 2920 846 Et
2945 793 3035 847 ille
3057 795 3263 847 occisus
3290 805 3416 849 tunc
3445 795 3685 851 sedebat
3704 799 3829 852 tacite
3872 778 3873 839 ἶ

2254 882 2497 950 judicans
2532 884 2650 938 illos
2675 900 2690 935 :
2715 899 2944 953 cumque
2981 885 3121 939 nulla
3166 888 3429 941 sententia
3458 888 3514 941 in
3548 888 3701 957 ipsos
3719 902 3830 942 ειμι

2263 976 2618 1044 pronuntiata,
2642 976 2742 1044 ipsi
2786 976 3244 1031 eondemnatiouis
3284 979 3559 1033 calculum
3603 980 3831 1035 adversus

2262 1080 2380 1120 sese
2408 1065 2664 1120 ferebant.
2695 1066 2759 1119 Et
2784 1066 2866 1121 isti
2887 1067 3098 1136 quidem
3124 1069 3236 1121 haec
3259 1067 3548 1123 dicebant:
3577 1070 3719 1123 alius
3733 1087 3831 1123 vero

2264 1172 2380 1211 sese
2401 1158 2708 1222 excusabat,
2736 1157 2917 1213 dicens
2943 1178 2957 1212 :
2993 1157 3176 1212 Nonne
3195 1160 3300 1212 dixi
3321 1161 3387 1212 ad
3404 1176 3491 1213 vos
3518 1162 3600 1213 ita
3621 1162 3831 1228 loqueris;

2266 1248 2348 1303 Ne
2378 1248 2571 1302 lwdatis
2606 1266 2834 1317 puerum,
2863 1266 2981 1304 neue
3019 1251 3291 1320 quidquam
3339 1254 3462 1304 mali
3490 1252 3579 1306 illi
3606 1255 3828 1322 faciatis,

2263 1340 2497 1408 quoniam
2534 1340 2692 1409 frater
2714 1352 2881 1393 noster
2906 1350 3017 1394 est:
3046 1354 3089 1393 et
3120 1358 3229 1394 ecce
3265 1359 3396 1393 nunc
3442 1344 3661 1412 sanguis
3698 1345 3830 1409 ipsis:

2261 1432 2541 1501 exquiritur
2564 1432 2627 1484 de
2652 1432 2879 1486 manibus
2903 1433 3128 1487 nostris?
3152 1432 3300 1502 (Gen.
3322 1433 3412 1487 42.
3444 1434 3569 1503 22).
3608 1438 3829 1488 Auamen

2265 1523 2311 1579 is
2335 1523 2421 1591 qui
2454 1523 2569 1577 haec
2586 1523 2814 1589 dicebat,
2843 1523 2968 1578 nihil
2991 1524 3057 1579 de
3075 1524 3220 1580 caede
3242 1536 3331 1579 aut
3355 1525 3736 1581 interfectione
3764 1528 3831 1580 illa

2263 1616 2467 1671 dixerat
2491 1634 2506 1670 :
2533 1631 2713 1670 verum
2737 1630 2803 1670 nc
2842 1615 2956 1685 ipse
2977 1616 3190 1684 quidem
3220 1617 3410 1670 sedens
3433 1616 3731 1685 quidquam
3753 1618 3832 1672 tale

2264 1709 2555 1778 qummbat,
2608 1708 2701 1763 sed
2744 1708 2904 1763 alium
2953 1708 3165 1762 fratrem
3209 1709 3511 1777 requirebat
3551 1727 3567 1762 :
3618 1711 3830 1777 ipsorum

2266 1811 2437 1857 tamen
2458 1803 2779 1858 conscientia
2806 1818 2903 1873 per
2921 1802 3149 1859 oblatam
3172 1806 3504 1859 occasionem
3532 1806 3829 1859 insurresit.

2263 1895 2648 1966 momorditque
2690 1896 2902 1950 illorum
2949 1898 3188 1962 animos,
3233 1897 3497 1961 efficiens,
3531 1907 3596 1951 ut
3644 1900 3830 1952 nemine

2266 1987 2636 2057 compellente,
2680 2001 2775 2042 sua
2813 1987 3188 2042 confiterentur
3241 1984 3510 2045 facinora.
3558 1988 3760 2043 Eadem
3790 2000 3831 2040 et

2267 2082 2417 2135 nobis
2435 2082 2678 2137 accidunt
2699 2082 2750 2135 in
2781 2082 3009 2150 peccatis
3033 2081 3329 2150 praeteritis.
3359 2081 3492 2134 Cum
3524 2083 3679 2135 enim
3702 2084 3829 2135 malis

2264 2186 2360 2225 nos
2371 2173 2831 2228 circumstantibus
2848 2170 3235 2239 examinamur,
3249 2172 3483 2241 priorum
3506 2185 3827 2243 peccatorum

2266 2265 2668 2319 reminiscimur.

2336 2359 2385 2410 7.
2432 2358 2555 2412 llaec
2595 2358 2749 2427 igitur
2776 2358 2953 2412 omnia
2982 2373 3101 2413 cum
3141 2358 3387 2424 sciamus,
3421 2358 3513 2412 ubi
3542 2358 3678 2432 quid
3706 2362 3829 2432 pravi

2260 2451 2604 2519 gesserimus,
2631 2465 2696 2504 ne
2722 2460 3088 2519 exspectemus
3111 2449 3440 2506 calamitates
3471 2455 3831 2522 malorumque

2262 2542 2550 2607 incursum,
2584 2555 2753 2611 neque
2774 2540 3028 2609 pericula,
3050 2557 3221 2612 neque
3248 2544 3476 2607 vincula,
3500 2546 3603 2598 sed
3629 2547 3830 2615 singulis

2258 2644 2313 2686 et
2340 2631 2486 2686 horis
2518 2641 2572 2686 et
2590 2632 2779 2686 diebus
2812 2647 3128 2687 renovetnus
3168 2633 3302 2703 apud
3341 2648 3440 2687 nos
3462 2636 3613 2704 ipsos
3638 2638 3736 2690 hoc
3757 2639 3830 2705 ju-

2259 2723 2481 2787 dicium,
2537 2724 2851 2777 sententiam
2874 2723 3125 2778 adversus
3146 2740 3242 2778 nos
3267 2724 3406 2793 ipsos
3434 2725 3705 2791 feramus,
3735 2745 3829 2781 oui.

2262 2817 2417 2885 nique
2442 2816 2599 2871 modo
2625 2830 2879 2871 conemur
2906 2817 3014 2871 Deo
3040 2833 3135 2871 nos
3164 2834 3404 2888 purgare,
3434 2835 3499 2872 ac
3536 2837 3719 2889 neque
3750 2824 3829 2891 ipsi

2260 2908 2327 2962 de
2346 2906 2732 2961 resurrectione
2752 2906 2922 2977 deque
2938 2908 3138 2977 judicio
3162 2910 3480 2971 dubitemus,
3506 2927 3691 2980 neque
3714 2916 3829 2965 aliis

2262 3007 2331 3050 ita
2361 2998 2634 3067 loquentes
2657 2998 2909 3061 feramus,
2935 2998 3027 3052 sed
3054 3000 3222 3052 irodis
3239 3000 3486 3053 omnibus
3514 3017 3613 3068 per
3638 3018 3701 3055 ca
3731 3020 3831 3071 qua!

2260 3089 2396 3143 dicta
2419 3077 2560 3153 Siﬂt,
2585 3086 2691 3143 illis
2717 3088 3022 3143 obturcmus
3050 3106 3130 3143 os.
3164 3090 3289 3144 Nam
3322 3090 3365 3143 si
3407 3091 3515 3145 illic
3543 3108 3658 3146 non
3696 3110 3831 3147 csse-

2262 3196 2379 3236 mus
2392 3181 2563 3236 daturi
2586 3196 2768 3251 paanas
2782 3182 3153 3247 admissormn,
3179 3184 3313 3236 Deus
3332 3200 3669 3253 nequaquam
3694 3192 3832 3240 nobs

2262 3273 2347 3329 hic
2374 3274 2732 3329 constituisset
2762 3274 2866 3329 tale
2899 3274 3173 3342 judicium.
3211 3274 3314 3329 Sal
3346 3285 3398 3328 et
3425 3274 3526 3328 hoc
3559 3277 3738 3344 ipsum
3763 3288 3832 3331 est

2269 3366 2408 3421 illius
2432 3364 2770 3436 benignitatis
2804 3365 3069 3420 indicium.
3109 3366 3362 3433 Quoniam
3388 3368 3530 3420 enim
3560 3377 3691 3422 tunc
3716 3383 3832 3421 esa-

2264 3469 2447 3513 cturus
2490 3467 2572 3512 est
2616 3473 2648 3512 a
2684 3458 2837 3512 nobis
2872 3458 3128 3512 rationem
3157 3458 3490 3521 delictorum,
3522 3460 3753 3513 instituit
3787 3465 3829 3514 in

2265 3549 2416 3603 nobis
2462 3550 2603 3603 hunc
2654 3549 2879 3617 iudicem
2918 3548 3410 3615 incorruptibilem,
3457 3560 3515 3603 ut
3555 3552 3605 3605 is
3657 3553 3741 3606 hic
3775 3554 3828 3605 de

2265 3641 2563 3696 commissis
2584 3642 2735 3695 nobis
2772 3640 3029 3709 judicium
3052 3640 3294 3702 reddens,
3341 3642 3830 3712 emendatioresque

2265 3734 2487 3801 faciens,
2532 3750 2597 3789 ex
2622 3734 2712 3789 illo
2750 3734 2939 3804 eripiat
2978 3733 3212 3803 judicio:
3242 3734 3382 3803 quod
3414 3744 3471 3787 et
3506 3734 3707 3789 Paulus
3730 3739 3826 3789 ait:

2271 3824 2411 3879 Nam
2432 3827 2477 3879 si
2525 3829 2851 3893 nosmetipsos
2861 3826 3223 3895 iudicaremus,
3247 3842 3346 3879 non
3375 3827 3546 3895 utique
3570 3828 3827 3896 judimre-

2270 3935 2430 3972 mura
2450 3916 2870 3989 Domino(i.Cor.
2888 3918 3091 3980 “.31).
3110 3916 3179 3972 Ut
3207 3918 3360 3987 igitur
3398 3932 3571 3986 neque
3603 3927 3718 3972 tum
3743 3935 3829 3987 pu-

2270 4010 2497 4075 niamur,
2527 4024 2694 4078 neque
2738 4018 2848 4062 tum
2889 4022 3070 4077 ptenas
3092 4006 3297 4073 demus,
3341 4008 3392 4061 in
3437 4024 3593 4061 suam
3622 4010 3829 4079 quisque

2271 4100 2644 4155 conscientiam
2695 4098 3035 4170 ingrediatur,
3084 4100 3347 4167 vitamque
3389 4100 3627 4168 explicet
3659 4120 3673 4153 :
3701 4118 3817 4155 cun-

2272 4192 2475 4260 ctisque
2507 4192 2801 4245 commissis
2820 4191 3099 4260 diligenter
3117 4192 3349 4244 excussis
3373 4191 3705 4247 condemnet
3728 4193 3829 4245 ani-

2272 4298 2410 4336 mam
2434 4322 2450 4348 ,
2506 4298 2622 4352 quas
2662 4281 2779 4336 lucc
2815 4282 3069 4351 patravit,
3103 4282 3382 4352 puniatque
3422 4283 3827 4353 cogitationem,

2266 4375 2482 4443 amigat,
2515 4376 2819 4445 crucietque
2846 4390 2992 4428 suam
3037 4375 3201 4443 ipsius
3241 4385 3499 4439 mentem,
3522 4378 3827 4444 supplicium

2266 4484 2297 4522 a
2323 4469 2499 4539 seipse
2536 4468 2709 4538 exigat
2743 4483 2838 4537 pro
2881 4466 3127 4536 peccatis,
3169 4482 3265 4537 per
3303 4465 3826 4531 condemnationem,

2271 4576 2363 4631 per
2387 4562 2664 4632 diligenter
2687 4571 2857 4615 actam
2885 4559 3264 4629 paenitentiam,
3306 4574 3400 4629 per
3428 4557 3728 4628 lacrymas,
3752 4576 3826 4629 per

2267 4654 2673 4720 confessionem,
2717 4668 2813 4724 per
2846 4653 3123 4722 jejunium,
3169 4666 3263 4719 per
3298 4651 3724 4721 eleemosynam,
3752 4667 3827 4719 per

2268 4745 2643 4802 continentiam
2666 4761 2729 4799 ac
2756 4746 3049 4807 caritatem,
3077 4752 3137 4798 ut
3178 4742 3438 4811 possimus
3476 4758 3677 4797 omnes
3701 4744 3825 4797 οωιί

2265 4840 2425 4895 modo
2464 4839 2552 4894 hic
2592 4838 2843 4907 depositis
2867 4836 3095 4906 peccatis
3116 4835 3274 4889 multa
3303 4850 3422 4887 cum
3467 4833 3673 4888 ﬁducia
3722 4836 3825 4888 illuc

2267 4932 2738 5001 proficiscizquam
2780 4929 2931 4984 nobis
2986 4927 3229 4982 omnibus
3267 4926 3538 4993 contingat
3580 4926 3823 4995 assequi,

2264 5024 2429 5095 gratia
2457 5038 2519 5077 ac
2542 5022 2863 5091 benignitate
2889 5019 3099 5075 Domini
3128 5018 3291 5072 nostri
3317 5016 3441 5071 Jesu
3466 5015 3699 5080 Christi,
3729 5020 3824 5083 qui-

2264 5132 2383 5170 cum
2412 5114 2552 5169 Patri
2577 5126 2631 5169 et
2669 5121 2853 5169 sancto
2890 5112 3087 5182 Spiritu
3116 5110 3301 5181 gloria,
3345 5110 3394 5161 in
3427 5111 3629 5162 saecula
3664 5126 3821 5163 δτι-(αι

2261 5206 2447 5261 lorum.
2480 5209 2665 5261 Amen.

3090 5314 3387 5323 Ψ

2360 5326 2630 5335 *αν-...-

2638 5316 3497 5339 ___________:::

2252 5464 2509 5533 parabole
2535 5468 2971 5533 consumpsimus.
3007 5467 3194 5547 Neque
3217 5481 3393 5526 tamen
3434 5490 3493 5530 se
3525 5490 3811 5547 argumen-

2254 5552 2366 5597 tum
2408 5554 2640 5623 mutare,
2678 5545 2774 5623 sed
2807 5546 2991 5623 eodem
3041 5546 3155 5615 ipso
3219 5548 3469 5605 insistere
3510 5545 3811 5623 profitetur.

2252 5638 2375 5676 cum
2398 5624 2572 5678 dicit:
2614 5621 2712 5676 Ille
2738 5624 2800 5675 de
2828 5621 3039 5677 Lazaro
3087 5627 3415 5697 evangelicus
3458 5621 3653 5685 cantus
3697 5633 3808 5701 fuit.

2252 5701 2335 5753 hic
2362 5702 2679 5770 apostolicus
2711 5718 2909 5765 sonus;
2968 5707 3055 5756 sed
3088 5722 3218 5759 unus
3261 5716 3334 5759 est
3364 5724 3649 5765 concentus
3678 5730 3696 5765 :
3748 5710 3808 5761 si-

2251 5782 2457 5849 quidem
2496 5784 2547 5833 in
2584 5782 2676 5835 illa
2715 5784 2967 5851 parabole
3006 5788 3171 5837 multa
3222 5786 3284 5839 de
3328 5793 3714 5843 resurrectione
3766 5800 3808 5839 ιε

2253 5862 2314 5915 de
2346 5861 2437 5915 illo
2471 5861 2725 5916 tribunali
2754 5863 3104 5919 vhilosooliati
3158 5883 3337 5920 smnus
3364 5884 3380 5934 ,'
3441 5886 3576 5923 nunc
3608 5873 3668 5922 in
3732 5872 3801 5919 iit-
