3790 6270
58 407 87 462 5
881 397 968 452 DE
1007 396 1288 452 LAZARO
1329 393 1582 452 CONCIO
1607 387 1663 444 ι’.
1692 419 1762 431 ——
1787 382 2126 443 MONI‘TUM.

60 515 266 590 πραθεὶς
286 510 384 566 ὑπὸ
406 508 508 562 τῶν
531 507 793 578 ἀδελφῶν,
819 509 911 561 καὶ
927 525 1001 560 πα
1010 507 1076 579 ρὰ
1090 506 1188 576 τῆς
1209 505 1494 575 δεσποίνης

51 586 351 659 ϐουλευθεὶς,
392 595 486 647 καὶ
514 593 674 646 πάλιν
700 595 777 656 είς
803 591 1174 663 δεσμωτήριον
1205 586 1491 661 ἐμπεσὼν,

73 682 182 738 εἷπε
205 681 332 753 πρὸς
347 678 556 741 ἑαυτὸν,
581 679 645 732 Τί
674 695 802 730 ποτε
828 676 984 730 τοῦτό
1009 677 1188 739 ἐστιν;
1221 673 1404 743 ἀπάτη
1428 672 1497 725 τὰ

52 783 186 841 ρατα
213 767 389 817 ἐκεῖνα
412 758 501 832 ἦν,
545 761 800 826 ἐξέπεσον
825 762 926 831 τῆς
955 759 1235 830 πατρίδος,
1263 759 1498 810 ἀπεστε-

54 838 115 921 ην
143 846 458 918 ἐλευθερίας·
489 845 576 898 διὰ
600 845 691 898 τὸν
719 845 850 898 Θεὸν
875 845 976 898 ούκ
1005 838 1123 907 εἶξα
1145 845 1214 914 τῇ
1243 841 1498 912 δεσποίνῃ

53 957 77 1001 ς
103 934 332 1006 μοιχείαν
365 928 623 1001 καλούσῃ·
667 929 755 982 διὰ
801 928 1152 999 σωφροσύνην
1176 927 1269 980 καὶ
1297 923 1498 996 ἀρετὴν

51 1022 247 1090 ἅζομαι·
265 1016 357 1070 καὶ
379 1015 497 1067 ούδέ
515 1013 686 1077 οὕτως
709 1013 934 1084 ἤμυνεν,
950 1012 1069 1064 ούδέ
1091 1013 1247 1081 χεῖρα
1272 1008 1496 1079 ὤρεξεν,

51 1110 57 1126 '
85 1107 224 1158 εἴασε
255 1097 619 1170 παραδοθῆναι
641 1097 858 1166 δεσμοῖς
893 1095 1212 1165 ἐπαλλήλοις
1248 1095 1345 1147 καὶ
1379 1111 1500 1145 ουν-

51 1211 89 1246 τι
121 1187 431 1258 συμφοραῖς·
472 1181 606 1253 μετὰ
637 1180 746 1252 γάρ
767 1181 854 1233 τὸν
881 1181 1082 1234 λάκκον
1097 1178 1328 1243 δουλεία,
1362 1177 1500 1248 μετὰ

51 1275 172 1330 κείαν
215 1268 490 1339 ἐπιϐουλή,
518 1267 654 1338 μετά
680 1265 971 1334 ἐπιϐουλήν
988 1263 1340 1333 συκοφαντία,
1363 1262 1500 1332 μετά

51 1355 289 1429 οφαντίαν
316 1353 704 1424 δεσμωτήριον.
748 1350 886 1403 Ἀλλ’
925 1349 1077 1402 οὐδὲν
1111 1348 1314 1402 τούτων
1340 1347 1501 1400 αὑτὸν

51 1426 197 1503 )ύϐει,
226 1438 334 1493 ἀλλ’
363 1436 519 1508 ἔμενε
536 1439 601 1507 τῇ
628 1435 802 1489 ἐλπίδι
836 1426 1073 1508 θαρρῶν,
1115 1435 1210 1488 καὶ
1236 1431 1390 1498 εἰδὼς
1417 1434 1500 1486 ὅτι

51 1526 280 1599 λίρημένα
305 1523 365 1574 ού
400 1522 739 1575 διαπεσεῖται
768 1521 1043 1575 οὐδέποτε.

51 1611 263 1666 Εδύνατο
295 1607 391 1679 μὲν
417 1605 526 1676 γὰρ
547 1609 576 1659 ό
600 1605 732 1669 Θεὸς
748 1605 842 1659 καὶ
862 1607 993 1676 παρ’
1009 1606 1181 1675 αὐτὴν
1205 1605 1346 1659 αὐτά
1375 1605 1502 1677 πλη-

51 1715 107 1751 ται
138 1695 233 1764 τὴν
283 1692 518 1762 ἡμέραν,
551 1689 664 1742 ἀλλ’
696 1691 782 1744 ἴνα
814 1691 908 1744 καὶ
938 1689 1038 1760 τὴν
1080 1689 1243 1743 αὑτοῦ
1272 1689 1501 1760 δύναμιν

51 1777 281 1848 Ξείξηται,
299 1775 392 1827 καὶ
411 1773 509 1843 τήν
536 1773 719 1827 πίστιν
741 1773 848 1826 τῶν
869 1773 1035 1826 αὑτοῦ
1063 1772 1284 1838 δούλων,
1306 1773 1498 1843 ἀφίησι

51 1880 122 1917 νον
152 1858 346 1932 μεταξὺ
382 1861 757 1928 παρεμπεσεῖν
783 1859 1010 1930 μακρὸν,
1033 1858 1129 1911 καὶ
1159 1858 1328 1911 πολλὰ
1349 1857 1501 1928 γενέ-

51 1967 64 2001 ι
90 1945 394 2015 κωλύματα,
426 1943 514 1995 ἵνα
539 1944 630 1995 καὶ
649 1942 748 2013 τὴν
775 1942 940 1997 αὑτοῦ
969 1941 1147 2015 μάθῃς
1178 1943 1353 2012 ίσχὺν,
1381 1941 1502 1995 τότε

56 2030 258 2104 ροῦντος
289 2027 356 2080 τὰ
405 2025 824 2097 ἐπηγγελμένα,
879 2027 1008 2081 ὅταν
1057 2029 1138 2090 είς
1193 2028 1504 2096 ἀπόγνωσιν

51 2117 178 2189 ;έσῃ,
223 2113 317 2166 καὶ
367 2112 470 2182 τήν
512 2110 621 2164 τῶν
666 2111 870 2165 δούλων
912 2111 1029 2184 ἴδῃς
1081 2112 1359 2182 ὑπομονὴν
1411 2113 1506 2172 καὶ

51 2216 135 2262 rw,
165 2196 334 2249 ούδενὶ
352 2193 460 2248 τῶν
492 2194 550 2246 ὲν
576 2195 726 2265 μέσῳ
752 2193 1156 2265 συμϐαινόντων
1178 2195 1275 2266 τῆς
1295 2194 1505 2265 ἀγαθῆς

53 2280 252 2342 σδοκίας
289 2278 687 2332 ἐκπιπτόντων.
737 2277 899 2342 Ἀλλ’,
929 2278 1068 2348 ὅπερ
1103 2277 1310 2347 ἔλεγον,
1339 2280 1506 2332 ἐπαν-

51 2383 100 2419 ον
131 2358 290 2427 οῦτοι,
331 2362 426 2415 τοῦ
453 2361 637 2430 λιμοῦ,
670 2359 924 2431 καθάπερ
963 2359 1294 2432 στρατιώτου
1323 2362 1467 2425 τινὸς
1487 2401 1504 2423 ,

70 2446 296 2517 κεφαλὴν
328 2445 527 2508 αὐτοὺς
569 2443 837 2508 ὠθοῦντος
878 2445 973 2498 καὶ
1018 2445 1380 2515 παριστάντος
1410 2444 1509 2516 ἄρ·

51 2531 178 2603 τιτῷ
209 2530 428 2602 Ἰωσὴφ,
462 2530 558 2582 καὶ
586 2527 865 2581 ἐϐούλοντο
896 2527 1160 2597 πρίασθαι
1200 2532 1362 2582 σῖτον·
1397 2530 1424 2582 ὁ
1451 2527 1509 2581 δὲ

51 2633 144 2687 ιησι
172 2614 304 2687 πρὸς
325 2611 556 2677 αὐτούς;
588 2611 970 2667 Κατάσκοποί
999 2612 1159 2665 ἐστε.
1179 2612 1242 2666 Ol
1272 2613 1328 2668 δὲ
1357 2605 1509 2665 εἷπον

51 2701 254 2764 ἑαυτοῖς,
299 2696 364 2749 Τί
417 2713 550 2749 ποτε
601 2695 760 2748 τοῦτό
816 2697 964 2760 ἐστι;
1026 2695 1232 2766 τροφὴν
1274 2694 1510 2766 ἤλθομεν

51 2781 397 2853 ορευσόμενοι
417 2823 432 2846 ,
465 2779 562 2832 καὶ
596 2780 726 2851 περὶ
762 2777 942 2850 ψυχῆς
967 2777 1385 2848 κινδυνεύομεν;
1414 2778 1504 2830 El-

51 2883 126 2929 της,
156 2865 273 2917 ἐπεὶ
303 2864 395 2917 καὶ
425 2865 590 2927 αὐτὸς
625 2861 831 2935 τροφὴν
855 2863 983 2933 ὑμῖν
1003 2861 1250 2932 ἐκόμισε,
1269 2862 1513 2933 καὶπερὶ

65 2950 198 3020 ζωῆς
239 2947 639 3002 ἐκινδύνευσεν·
685 2946 802 3000 ἀλλ’
830 2946 993 3010 αὐτὸς
1021 2945 1122 3017 μὲν
1149 2946 1378 3019 ἀληθείᾳ
1406 2947 1510 3000 ύπ-

51 3051 146 3099 νεν,
189 3033 345 3103 ὑμεῖς
379 3031 438 3086 δέ
497 3031 786 3103 ὑποκρίσει
835 3029 994 3083 τοῦτο
1023 3030 1281 3100 πάσχετε·
1317 3032 1377 3083 ού
1402 3031 1512 3101 γὰρ

51 3116 124 3186 ab;
146 3111 231 3187 ἦν,
255 3114 390 3169 ἀλλά
423 3117 768 3187 προσωπεῖον
797 3114 1058 3168 ἀνέλαϐεν
1084 3115 1304 3185 ἐχθροῦ,
1332 3115 1420 3169 ἵνα
1443 3118 1512 3168 τὰ

52 3200 82 3252 ἀ
114 3199 205 3272 τήν
227 3200 404 3254 οἰκίαν
447 3201 586 3272 μετά
615 3198 899 3271 ἀκριϐείας
936 3198 1102 3272 μάθῃ.
1157 3200 1373 3270 Ἐπειδὴ
1403 3199 1512 3270 γὰρ

51 3286 158 3356 ηροὶ
187 3286 313 3355 περὶ
340 3286 506 3338 αὑτὸν
535 3284 786 3353 ἐγένοντο
812 3287 906 3336 καὶ
951 3282 1287 3355 ἀγνώμονες,
1328 3285 1417 3337 τόν
1452 3301 1512 3338 τε

52 3368 187 3437 ιαμὶν
211 3370 311 3422 ούκ
335 3365 442 3422 εἶδε
492 3369 608 3440 μετ’
636 3368 814 3421 αὐτῶν
847 3367 994 3432 ὅντα,
1029 3367 1209 3430 δείσας
1246 3368 1384 3439 ὑπὲρ
1416 3367 1511 3422 τοῦ

51 3451 145 3516 δὸς,
178 3453 385 3525 μήποτε
429 3455 686 3515 κάκεῖνος
721 3453 790 3505 τὰ
819 3451 1025 3522 ἀδελφά
1059 3452 1207 3524 αὐτῷ
1251 3451 1509 3518 πέπονθε,

51 3535 142 3588 ξύει
185 3537 403 3608 δεθῆναί
457 3554 580 3590 τινα
632 3536 727 3590 ἕνα
784 3537 877 3589 καὶ
911 3535 1175 3607 ἀφεθῆναι
1223 3539 1356 3591 ἐκεῖ·
1394 3533 1512 3590 εἶτα

51 3619 132 3683 οὺς
155 3619 416 3685 λαϐόντας
448 3622 545 3673 τὸν
579 3623 721 3674 σῖτον
745 3618 990 3683 ἅπαντας
1034 3618 1187 3692 [761]
1225 3619 1511 3684 ἀπελθεῖν,

56 3702 233 3774 ιλήσας
269 3705 504 3758 θάνατον
538 3706 743 3768 αὐτοῖς,
795 3707 843 3757 εί
899 3704 972 3777 μὴ
1029 3704 1118 3758 τὸν
1167 3705 1392 3774 ἀδελφὺν
1421 3705 1513 3758 τὸν

51 3786 145 3840 τῶν
169 3789 525 3856 ἐπαγάγοιεν.
567 3789 720 3841 Ἐπεὶ
775 3783 866 3842 οῦν
914 3787 1089 3842 ταῦτα
1144 3788 1382 3857 ἐγένετο,
1419 3789 1514 3841 καὶ

51 3886 110 3934 εν,
144 3872 342 3941 Ἀφετέ
387 3889 513 3925 τινα
559 3871 813 3938 ἐνταῦθα,
853 3873 947 3926 καὶ
991 3872 1082 3925 τὸν
1107 3871 1332 3942 ἀδελφὸν
1361 3871 1514 3942 ὑμῶν

51 3971 192 4022 ιγετε·
224 3956 353 4008 είδέ
385 3956 486 4026 μὴ,
511 3955 728 4026 θανάτῳ
764 3955 1141 4010 ἀποθανεῖσθε·
1178 3956 1230 4010 τί
1262 3956 1397 4028 πρὸς
1417 3954 1514 4007 ἀλ-

51 4056 130 4103 ους
155 4040 336 4108 ἔλεγον
361 4041 596 4106 ἐκεῖνοι;
621 4040 752 4103 Ναὶ,
776 4041 835 4095 ἐν
865 4041 1161 4112 ἁμαρτίαις
1187 4042 1353 4112 ἐσμὲν
1389 4043 1516 4113 περὶ

74 4123 297 4192 ἀδελφοῦ
329 4122 517 4196 ἡμῶν,
548 4125 636 4177 ὅτε
666 4124 953 4179 κατεδέετο
983 4123 1163 4196 ἡμῶν.
1192 4119 1346 4190 Εἶδες
1378 4126 1517 4195 μετά

51 4224 103 4260 ον
124 4209 310 4278 χρόνον
357 4210 460 4281 τῆς
511 4209 786 4282 ἁμαρτίας
815 4209 1234 4280 ἀνεμνήσθησαν
1267 4209 1514 4280 ἐκείνης;

52 4291 202 4361 πρὸς
221 4293 322 4362 μὲν
344 4293 438 4347 τὸν
467 4293 680 4364 πατέρα
725 4292 928 4360 ἔλεγον·
985 4294 1204 4360 Θηρίων
1249 4293 1517 4362 πονηρὸν

52 4371 225 4444 ἔφαγε
249 4376 358 4428 τόν
397 4376 638 4445 Ἰωσήφ·
676 4376 840 4429 αὐτοῦ
869 4376 925 4430 δὲ
943 4375 1037 4429 τοῦ
1075 4377 1274 4448 Ἰωσήφ
1313 4376 1516 4447 παρόν-

54 4459 138 4510 καὶ
168 4459 484 4524 ἀκούοντος,
515 4459 615 4531 τὴν
644 4460 917 4531 ἁμαρτίαν
967 4459 1276 4532 ἐξήλεγχον.
1307 4460 1373 4513 Τί
1399 4459 1518 4512 τού-

81 4542 510 4616 παραδοξότερον
555 4543 748 4612 γένοιτ’
785 4543 883 4610 άν;
941 4545 1300 4616 Δικαστήριον
1347 4545 1515 4615 χωρὶς

51 4640 172 4694 τχων
192 4627 423 4694 γίνεται,
452 4627 545 4680 καὶ
573 4626 834 4695 ἀπολογία
865 4629 1032 4698 χωρὶς
1053 4627 1516 4699 κατηγορίας,καὶ

52 4708 208 4774 δειξις
249 4713 378 4766 ἄνευ
438 4711 768 4782 μαρτύρων,
801 4711 978 4764 αὐτῶν
1031 4711 1140 4764 τῶν
1187 4712 1519 4784 τὺπρᾶγμα

53 4797 328 4866 ασαμένων
359 4798 590 4858 ἑαυτοὺς
624 4795 980 4864 ἐλεγχόντων,
1018 4797 1113 4849 καὶ
1137 4797 1198 4849 τὸ
1224 4797 1398 4868 λάθρα
1429 4814 1520 4866 γε·

51 4881 233 4948 ημένον
263 4881 745 4952 ἐκπομπευόντων.
764 4881 858 4944 Τίς
882 4881 1084 4945 ἔπεισε,
1103 4883 1186 4945 τίς
1210 4883 1520 4952 ἠνάγκασεν

55 4965 208 5033 μέσον
244 4965 554 5034 ἐξενεγκεῖν
595 4965 664 5018 τὰ
716 4965 821 5037 πρὸ
866 4965 1120 5018 τοσούτου
1175 4966 1515 5036 τολμηθέντα

53 5064 134 5100 νου
156 5065 168 5077 ·
197 5049 313 5102 υύκ
340 5048 588 5119 εὔδηλον,
621 5049 703 5103 ὅτι
742 5049 802 5100 τὸ
833 5048 1086 5114 συνειδὸς,
1127 5051 1156 5101 ὁ
1185 5050 1518 5120 ἀπαραλόγις

3045 381 3186 445 1016

1605 521 1726 566 στος
1754 503 2034 574 δικαστής,
2063 507 2301 575 συνεχῶς
2328 503 2507 557 αὐτῶν
2528 498 2777 556 κατέσειε
2802 496 2898 569 τὴν
2921 495 3183 562 διάνοιαν,

1603 587 1697 641 καὶ
1716 586 1813 658 τήν
1827 587 2004 659 ψυχήν
2029 588 2306 658 ἐθορύϐει;
2331 590 2441 641 Καὶ
2461 589 2488 640 ό
2510 582 2792 656 φονευθεὶς
2809 581 2927 634 τότε
2952 581 3188 651 ἐκάθητο

1606 673 1730 742 σιγῇ
1783 671 2020 736 δικάζων
2067 671 2296 734 αύτούς·
2335 673 2430 724 καί⁸
2480 668 2754 741 μηδεμιᾶς
2813 664 3186 736 ἐξενεχθείσης

1604 754 1933 822 ἀποφάσεως
1961 754 2080 808 καθ’
2108 753 2321 808 ἑαυτῶν
2355 755 2455 823 τὴν
2485 750 2956 814 καταδικάζουσαν
2991 748 3193 812 αὐτοὺς

1603 835 1783 906 ψῆφον
1831 837 1986 891 αὐτοὶ
2022 837 2238 910 ἔφερον.
2289 837 2400 889 Καὶ
2431 831 2578 889 οὗτοι
2627 835 2726 904 μὲν
2763 831 2934 884 ταῦτα
2966 831 3151 900 ἔλεγον
3173 848 3184 860 ·

1604 919 1790 991 ἕτερος
1819 920 1877 973 δὲ
1929 921 2284 990 ἀπελογεῖτο,
2330 919 2523 987 λέγων·
2556 919 2677 970 Οὐκ
2722 914 3001 983 ἐλάλησα
3038 915 3184 982 πρὸς

1603 1004 1782 1074 ὑμᾶς,
1813 1006 1968 1059 οὕτω
1993 1006 2206 1076 λέγων·
2246 1004 2342 1073 Μὴ
2380 1001 2709 1069 ἀδικήσητε
2751 1003 2820 1053 τὸ
2852 999 3186 1067 παιδάριον,

1599 1089 1755 1159 μηδέ
1778 1091 2074 1160 ποιήσητε
2121 1089 2309 1145 αὐτὸν
2326 1088 2526 1158 μηδὲν
2558 1085 2748 1140 κακόν
2767 1123 2796 1150 ,-
2813 1083 2903 1137 ὅτι
2924 1084 3182 1152 ἀδελφὸς

1606 1173 1774 1244 ἡμῶν·
1809 1175 1961 1228 ἐστι·
1987 1175 2088 1229 καί
2125 1173 2254 1228 ἰδοὺ
2297 1173 2415 1227 ’νῦν
2443 1173 2509 1227 τὸ
2545 1167 2691 1240 αἷμα
2723 1167 3183 1236 α·ὺτοῦ,ἐκζήτεῐ-

1605 1276 1720 1323 ται,
1763 1259 1949 1330 φησὶν,
1983 1261 2051 1312 ἐκ
2077 1257 2196 1312 τῶν
2223 1255 2440 1328 χειρῶν
2463 1253 2665 1324 auctor;
2695 1253 2888 1306 Καίτοι
2915 1251 3067 1305 οὐδὲν
3096 1253 3185 1305 ab-

1606 1343 1696 1404 τὸς
1723 1345 1751 1396 ὁ
1781 1343 1952 1396 ταῦτα
1977 1342 2150 1412 λέγων
2193 1342 2336 1416 περὶ,
2368 1339 2463 1393 τοῦ
2497 1340 2657 1408 φόνου
2707 1338 2802 1392 καὶ
2831 1337 2931 1406 τῆς
2977 1338 3190 1408 σφαγῆς

1607 1427 1823 1496 ἐκείνης
1857 1423 2034 1489 εἶπεν,
2059 1425 2170 1478 ἀλλ’
2189 1425 2349 1487 αὐτὸς
2383 1423 2482 1495 μὲν
2509 1422 2814 1492 καθήμενος
2841 1420 2989 1474 οὐδὲν
3020 1421 3191 1473 τοιοῦ-

1606 1529 1697 1564 τον
1724 1513 1927 1580 ἐζήτει.
1962 1511 2096 1566 ἀλλὰ
2124 1509 2214 1563 τὸν
2245 1508 2432 1580 ἕτερον
2465 1507 2692 1576 ἀδελφὸν
2724 1505 2998 1576 ἐπεζήτει·
3039 1505 3098 1557 τὸ
3134 1505 3191 1556 δὲ

1614 1595 1850 1658 συνειδὸς
1876 1594 2054 1650 αὐτῶν
2112 1593 2509 1664 ἐπιλαϐόμενον
2552 1589 2777 1662 καιροῦ,
2813 1589 3063 1658 διανέστη
3099 1587 3192 1641 καὶ

1609 1678 1892 1750 καθήψατο
1913 1678 2012 1749 τῆς
2034 1678 2258 1732 ἐκείνων
2289 1676 2544 1738 διανοίας,
2573 1675 2666 1728 καὶ
2690 1672 2916 1743 μηδενὸς
2943 1671 3190 1740 ἀναγκά-

1610 1761 1826 1824 ζοντος,
1875 1763 1945 1814 τὰ
1972 1759 2348 1831 τετολμημένα
2395 1758 2727 1829 ὁμολογῆσαι
2782 1755 3186 1825 παρεσκεύασε.

1606 1845 1791 1898 Ταῦτα
1812 1849 1905 1898 καὶ
1921 1847 2079 1916 ἡμεῖς
2102 1845 2360 1908 πολλάκις
2375 1844 2678 1914 πάσχομεν,
2694 1839 3071 1910 παρελθόντων
3086 1838 3203 1892 τῶν.

1607 1930 2036 2001 ἁμαρτημάτων·
2066 1931 2124 1986 ἐν
2149 1930 2345 1992 δεινοῖς
2374 1927 2482 2000 γὰρ
2515 1926 2891 1996 ἐξεταζόμενοι
2919 1927 3013 1980 καὶ
3034 1942 3193 1994 περι-

1609 2014 1852 2074 στάσεσι,
1873 2012 2286 2084 μνημονεύομεν
2302 2010 2414 2066 τῶν
2440 2011 2724 2082 προτέρων
2753 2009 3204 2081 ἁμαρτημάτων..

1678 2111 1742 2176 ζ’.
1768 2111 1949 2181 "Amp
1979 2091 2072 2164 οῦν
2107 2111 2324 2165 ᾶπαντα
2345 2108 2567 2173 εἰδότες,
2585 2108 2804 2161 ἐπειδάν
2821 2124 2874 2159 τι
2895 2106 3214 2177 πράξωμεν.

1609 2195 1863 2266 πονηρὸν,
1897 2193 1972 2265 μὴ
2003 2193 2365 2265 ἀναμένωμεν
2399 2192 2687 2263 συμφορὰς
2716 2193 2810 2244 καὶ
2841 2189 3195 2261 περιστάσεις

1613 2278 1748 2350 μηδέ
1780 2277 2063 2340 κινδύνους
2103 2278 2198 2331 καὶ
2229 2275 2427 2347 δεσμὰ,
2451 2275 2588 2329 ἀλλὰ
2616 2275 2736 2328 καθ’
2769 2274 3006 2345 ἑκάστην
3043 2273 3194 2343 ὥραν

1608 2381 1667 2416 τε
1694 2363 1788 2416 καὶ
1815 2362 2029 2434 ἡμέραν
2057 2359 2404 2432 ἀνακινῶμεν
2438 2360 2569 2431 παρ’
2597 2360 2810 2422 ἑαυτοῖς
2853 2357 2914 2410 τὸ
2939 2358 3198 2428 δικαστή-

1615 2463 1727 2519 ριον
1763 2445 1946 2512 τοῦτο,
1983 2446 2078 2498 καὶ
2107 2445 2206 2509 τὰς
2239 2444 2451 2515 ψήφους
2506 2443 2630 2498 καθ’
2664 2441 2871 2496 ἑαυτῶν
2918 2443 3211 2514 φέρωμεν,

1612 2531 1706 2584 καὶ
1749 2529 2071 2602 πειρώμεθα
2115 2530 2280 2583 παντὶ
2303 2529 2492 2599 τρόπῳ
2528 2527 2916 2597 ἀπολογεῖσθαι
2942 2527 3020 2598 τῷ
3053 2528 3196 2599 Θεῷ,

1612 2615 1707 2668 καὶ
1734 2616 1872 2685 μήτε
1896 2614 2049 2666 αὐτοὶ
2076 2613 2207 2684 περὶ
2235 2612 2333 2682 τῆς
2349 2613 2700 2676 ἀναστάσεως
2723 2612 2817 2665 καὶ
2838 2612 2937 2683 τῆς
2962 2611 3199 2683 κρίσεως

1613 2697 2072 2768 ἀμφισϐητῶμεν,
2108 2699 2243 2767 μήτε
2294 2695 2499 2768 ἐτέρων
2537 2695 2807 2764 λεγόντων
2850 2695 3196 2766 ἀνεχώμεθα,

1614 2779 1750 2834 ἀλλὰ
1800 2780 1964 2834 παντὶ
1995 2779 2183 2852 τρόπῳ
2229 2779 2317 2832 διὰ
2351 2780 2460 2832 τῶν
2493 2779 2803 2851 εἰρημένων
2853 2779 3051 2842 αὐτοὺς
3080 2781 3202 2831 ἐπι-

1618 2864 1981 2936 στομίζωμεν.
2015 2864 2091 2916 υύ
2112 2863 2221 2934 γὰρ
2247 2861 2336 2926 ἂν,
2368 2864 2416 2916 εί
2457 2864 2535 2933 μὴ
2559 2863 2681 2916 τότε
2705 2863 3013 2934 ἐμέλλομεν
3042 2862 3200 2916 εύθύ-

1617 2965 1714 3012 νας
1745 2948 1961 3017 ὑφέξειν
2005 2948 2115 3001 τῶν
2154 2946 2727 3017 πεπλημμελημένων,
2780 2946 3021 3000 τοιοῦτον
3068 2948 3200 3017 ἡμῖν

1617 3031 1849 3085 ἐνταῦθα
1877 3031 1938 3085 τὸ
1966 3031 2319 3102 δικαστήριον
2371 3029 2772 3101 ἐγκατέστησεν
2797 3032 2825 3083 ὁ
2851 3030 3002 3094 Θεός.
3041 3029 3203 3083 Ἀλλὰ

1614 3116 1709 3168 καὶ
1731 3114 1890 3168 τοῦτο
1918 3115 2018 3187 τῆς
2039 3113 2203 3168 αὑτοῦ
2234 3113 2642 3184 φιλανθρωπίας
2670 3115 2986 3185 τεκμήριον.
3022 3113 3202 3166 Ἐπεια

1613 3200 1677 3270 δὴ
1705 3201 1816 3270 γὰρ
1845 3199 1963 3253 τότε
1994 3198 2179 3270 μέλλει
2200 3197 2355 3267 λόγον
2375 3198 2524 3269 ἡμᾶς
2546 3198 2794 3252 ἀπαιτεῖν
2813 3198 2923 3252 τῶν
2944 3198 3201 3269 πεπλημ-

1621 3283 1964 3354 μελημένων,
2002 3283 2374 3353 ἐγκατέστησε
2395 3280 2586 3335 τοῦτον
2625 3281 2718 3334 τὸν
2752 3281 3051 3335 ἀδέκαστον
3079 3299 3201 3352 κρι-

1611 3369 1730 3442 τὴν,
1753 3370 1838 3422 ἵνα
1869 3364 2023 3432 οὗτος
2051 3366 2284 3420 ἐνταῦθα
2308 3366 2450 3438 ύπέρ
2478 3365 2585 3419 τῶν
2609 3366 3017 3437 ἡμαρτημένων
3048 3365 3204 3420 δικά-

1615 3451 1724 3517 ζων
1751 3455 1902 3524 ἡμῖν,
1932 3451 2028 3504 καὶ
2061 3451 2540 3521 σωφρονεστέρους
2573 3449 3073 3523 ποιῶν,ὲξαρπάσῃ
3104 3453 3202 3522 τῆς

1618 3536 1922 3607 μελλούσης
1957 3539 2072 3588 ἐκεῖ
2128 3535 2384 3605 κρίσεως.
2426 3536 2606 3606 Ὅπερ
2661 3530 2755 3587 οὖν
2810 3536 2905 3587 καὶ
2936 3537 2964 3588 ὁ
2991 3535 3203 3599 Παῦλος

1614 3621 1793 3690 λέγει·
1835 3622 1903 3675 El
1928 3621 2036 3689 γὰρ
2071 3618 2327 3685 ἑαυτοὺς
2350 3619 2689 3688 ἑκρίνομεν,
2716 3622 2828 3674 οὐκ
2861 3621 2937 3673 ἂν
2973 3621 3204 3689 ἐκρινό-

1610 3710 1762 3780 μεθα
1775 3705 1895 3762 ὑπὸ
1917 3705 2024 3759 τοῦ
2049 3705 2292 3772 Κυρίου.
2309 3704 2427 3758 Ἵνα
2452 3701 2544 3759 οὖν
2578 3705 2651 3777 μὴ
2675 3705 2798 3758 τότε
2823 3703 3200 3776 κολαζώμεθα,

1619 3793 1694 3865 μὴ
1727 3792 1849 3845 τότε
1890 3789 2124 3851 εὐθύνας
2162 3789 2477 3860 ύπέχωμεν,
2517 3791 2746 3853 ἕκαστος
2776 3790 2856 3852 είς
2879 3789 2939 3842 τὸ
2967 3790 3202 3854 συνειδὸς

1615 3876 1905 3933 εἰσελθέτω
1957 3875 2017 3927 τὸ
2063 3873 2282 3939 ἑαυτοῦ,
2316 3875 2409 3927 καὶ
2447 3874 2546 3946 τήν
2580 3872 2724 3944 ζωήν
2746 3873 3074 3939 ἀναπτύξας,
3111 3875 3208 3927 καὶ

1617 3964 1836 4018 ἅπαντα
1877 3958 1946 4012 τὰ
1992 3957 2509 4028 πεπλημμελημένα
2551 3958 2690 4028 μετά
2720 3957 3006 4027 ἀκριϐείας
3041 3957 3200 4008 ἐπελ-

1618 4044 1746 4110 θὼν,
1775 4041 2236 4111 καταγινωσκέτω
2279 4043 2380 4112 τῆς
2408 4042 2589 4112 ψυχῆς
2636 4039 2738 4111 τῆς
2769 4039 2942 4099 ταῦτα
2973 4043 3216 4112 ἐργασα-.

1622 4131 1811 4204 μένης,
1852 4126 2131 4191 κολαζέτω
2154 4129 2283 4191 τοὺς
2309 4127 2638 4197 λογισμοὺς,
2658 4126 2922 4190 θλιϐέτω,
2939 4142 3203 4197 στενοχω-

1621 4216 1783 4290 ρείτω
1817 4212 1968 4286 [762]
1993 4213 2091 4283 τὴν
2120 4211 2314 4266 ἑαυτοῦ
2343 4211 2603 4274 διάνοιαν,
2627 4210 2780 4282 δίκην
2809 4210 3202 4265 ἐαυτὸν-ἀπαι-

1621 4301 1782 4356 τείτω
1810 4297 1918 4350 τῶν
1952 4296 2359 4369 ἡμαρτημένων
2401 4295 2490 4353 διὰ
2529 4295 2626 4366 τῆς
2669 4294 3086 4364 καταγνώσεως,
3116 4293 3220 4347 διὰ.

1623 4384 1724 4455 τῆς
1776 4381 2066 4453 μετανοίας
2098 4383 2197 4452 τῆς
2234 4379 2645 4452 ήκριϐωμένης,
2677 4378 2764 4433 διά
2803 4378 3075 4448 δακρύων,
3115 4378 3204 4431 διὰ

1625 4465 2082 4537 ὲξομολογήσεως,
2118 4463 2208 4518 διὰ
2253 4462 2508 4535 νηστείας
2549 4464 2644 4518 καὶ
2689 4463 3079 4533 ἐλεημοσύνης,
3114 4460 3208 4514 διὰ

1624 4549 1952 4622 ἐγκρατείας
1987 4549 2082 4603 καὶ
2115 4549 2356 4617 ἀγάπης,
2387 4547 2475 4604 ἵνα
2523 4547 2688 4601 παντὶ
2719 4545 2908 4618 τρόπῳ
2963 4545 3203 4616 δυνηθῶ-

1629 4653 1727 4707 μεν
1761 4636 1939 4689 πάντα
1958 4631 2189 4686 ἐνταῦθα
2206 4630 2527 4702 ἀποθέμενοι
2550 4630 2618 4684 τὰ
2637 4631 3034 4701 ἁμαρτήματα,
3064 4628 3213 4699 μετὰ·

1621 4719 1823 4787 πολλῆς
1842 4715 2094 4770 ἀπελθεῖν
2125 4716 2242 4767 ἐκεῖ
2254 4715 2354 4786 τῆς
2381 4715 2694 4788 παρρησίας
2709 4733 2721 4744 ·
2740 4710 2808 4786 ἦς
2832 4714 3042 4782 γένοιτο
3063 4713 3200 4765 πάν-

1621 4819 1719 4865 τας
1739 4803 1884 4872 ήμᾶς
1913 4800 2208 4869 ἐπιτυχεῖν,
2231 4798 2416 4870 χάριτι
2451 4799 2542 4851 καὶ
2565 4798 2947 4869 φιλανθρωπίᾳ
2967 4797 3062 4849 τοῦ
3085 4797 3198 4850 Κυ-
3262 4825 3265 4827 -

1627 4885 1739 4956 ρίου
1771 4885 1926 4956 ἡμῶν
1960 4881 2133 4954 Ἰησοῦ
2163 4881 2422 4954 Χριστοῦ,
2447 4881 2566 4953 μεθ’
2587 4877 2646 4936 οῦ
2671 4881 2748 4952 τῷ
2781 4881 2956 4954 Πατρὶ
2988 4880 3021 4947 ἡ
3049 4878 3194 4945 δόξα,

1623 4969 1740 5040 ἅμα
1763 4969 1838 5039 τῷ
1856 4969 1994 5039 άγίῳ
2017 4966 2314 5038 Πνεύματι,
2335 4967 2415 5030 είς
2446 4967 2571 5029 τοὺς
2597 4967 2796 5030 αἰῶνας
2825 4966 2933 5020 τῶν
2963 4962 3196 5020 αἰώνων.

1637 5053 1829 5121 ’Δρ-ἠν.

1528 5349 1883 5366 μ--ιι-ὺ-

51 5354 3186 5388 mm

1374 5419 1768 5482 MONITUM.

59 5521 138 5558 um
168 5519 542 5576 argumentum
578 5522 671 5560 nos
719 5507 891 5560 oratio
921 5507 1154 5561 deduxit.
1197 5507 1530 5577 Quapropter

60 5589 280 5643 vetustis
309 5589 504 5642 multis
531 5585 809 5641 codicibus
865 5597 986 5655 post
1019 5597 1251 5656 quatuor
1296 5589 1418 5646 illas
1463 5586 1530 5640 de

52 5682 170 5722 zaro
193 5671 492 5725 conciones
528 5670 642 5724 hac
685 5669 918 5734 locatur,
952 5663 1006 5723 et
1051 5671 1238 5738 quinta
1279 5669 1530 5724 inscribi-

52 5760 78 5798 ·.
103 5744 213 5802 Etsi
247 5763 378 5803 vero
406 5748 478 5801 de
509 5747 910 5802 resurrectione
940 5758 999 5802 ut
1044 5749 1336 5817 plurimum
1368 5749 1530 5804 verba

51 5824 150 5888 :iat,
184 5827 236 5880 in
260 5841 355 5880 eos
390 5825 634 5880 maxime
665 5826 956 5891 invehitur,
999 5827 1092 5897 qui
1135 5841 1234 5896 pro
1261 5826 1532 5883 defunctis

52 5903 195 5960 nium
240 5905 776 5975 immoderatumquc
814 5905 1017 5960 luctum
1057 5906 1392 5976 exhiberem,
1431 5924 1529 5964 nec

1637 5509 1755 5562 sine
1787 5523 1978 5578 magna
2007 5509 2288 5580 gentilium
2311 5507 2549 5571 oﬂ‘ensa;
2590 5507 2835 5576 exemplo
2864 5517 3042 5562 autem
3070 5507 3195 5564 ,ιοιή

1634 5596 1690 5641 ct
1732 5588 2006 5642 Abraham
2051 5589 2117 5643 ad
2170 5588 2403 5642 liliorum
2447 5588 2692 5657 iacturas
2737 5587 2975 5658 mquiore
3009 5589 3194 5644 animo

1636 5667 1888 5722 ferendas
1922 5669 2260 5722 cohortatur.

1705 5745 1887 5802 Jacobi
1937 5745 2168 5819 Goupyli
2203 5747 2698 5818 interpretationem
2748 5746 3017 5814 Latinam,
3073 5759 3193 5815 qua}

1634 5827 1822 5881 multis
1849 5829 1996 5884 vitiis
2041 5829 2344 5892 laborabat,
2394 5829 2700 5898 rcjccimus,
2757 5842 3060 5898 novamque
3110 5825 3191 5882 ic-

1637 5923 1828 5964 Clllllls.
