3906 6266
115 351 257 405 1017

1314 337 1402 394 DE
1438 336 1712 393 LAZARO
1747 339 1990 397 CONCIO
2052 343 2116 397 ν.

3214 347 3350 403 ωιιε

228 543 2081 570 mm

854 824 1037 931 IN
1094 824 1671 937 DICTUA

1785 825 2192 935 APOS
2210 823 2576 932 TOLI
2628 823 2754 931 (⁸ης

172 1153 262 1193 DE
317 1154 788 1201 nonnrsnrmus
835 1160 1050 1205 suum
1093 1163 1254 1206 NOLO
1297 1166 1412 1210 vos
1453 1168 1807 1223 resonans,
1854 1170 2136 1213 FRATRES
2184 1151 2240 1230 (1
2288 1153 2493 1212 Thess.
2541 1151 2599 1212 Is.
2650 1152 2772 1231 12),
2821 1171 2898 1211 ET
2930 1171 2990 1211 IN
3035 1171 3144 1213 που
3189 1172 3272 1214 ET.

1567 1269 1889 1312 ΔΒΒΔΠΔΜ.

161 1903 216 1957 1.
264 1903 394 1958 Dies
423 1914 648 1973 quatuor
677 1906 727 1960 in
758 1907 1063 1977 explicanda
1088 1912 1237 1966 vobis
1258 1912 1438 1967 Lazari
1458 1914 1679 1984 parabo-

90 1992 141 2045 la
170 1995 632 2064 consumpsimus,
687 1996 1094 2070 thesaurumque
1127 2003 1488 2071 exhausimus,
1520 2021 1676 2075 quem

91 2084 406 2140 invenimus
431 2087 484 2140 in
523 2101 744 2157 corpore
773 2088 1042 2145 ulceribus
1068 2101 1304 2148 scatente
1329 2113 1340 2147 :
1371 2095 1674 2150 thesaurum

89 2176 143 2228 in
167 2193 283 2245 quo
312 2193 412 2231 nec
435 2194 644 2243 aurum,
663 2195 760 2234 nec
783 2191 1077 2251 argentum,
1106 2198 1203 2238 nec
1231 2185 1430 2253 lapides
1462 2187 1676 2254 pretiosi

89 2267 345 2332 inerant;
373 2269 464 2322 sed
488 2269 845 2340 phil050phia,
875 2271 1146 2338 fortitudo,
1171 2276 1442 2343 patientia,
1468 2277 1678 2346 ingens-

87 2377 192 2429 que
228 2355 648 2429 perseverantia.
679 2363 1132 2431 Quemadmodum
1161 2367 1303 2421 enim
1336 2366 1388 2421 in
1415 2366 1693 2441 thesauris_

87 2451 188 2504 sub
205 2468 427 2505 sensum
442 2453 750 2509 cadentibus
775 2456 1050 2526 contingit,
1067 2467 1125 2512 ut
1138 2459 1440 2528 superficies
1469 2473 1674 2528 Sptnas,

88 2543 328 2597 tribulos
366 2545 710 2614 asperiusque
733 2547 903 2600 solum
934 2564 1042 2616 prae
1061 2565 1119 2604 se
1149 2549 1300 2614 ferat,
1329 2550 1373 2603 si
1403 2550 1522 2619 quis
1549 2565 1676 2603 vero

88 2634 251 2686 altius
283 2643 474 2688 terram
505 2634 768 2702 effoderit,
793 2654 997 2708 magna:
1025 2639 1216 2694 adsunt
1248 2641 1481 2705 divitiaa;
1518 2641 1595 2695 sic
1621 2650 1676 2695 et

88 2725 139 2778 in
173 2725 381 2780 Lazaro
406 2729 660 2797 contigit;
687 2729 816 2783 foris
836 2731 1074 2798 vulnera,
1103 2732 1246 2787 intus
1266 2732 1462 2787 divitia:
1486 2735 1669 2803 ingen-

90 2827 203 2871 tes:
230 2833 430 2888 corpus
473 2821 784 2887 resolutum,
814 2821 966 2876 fortis
989 2822 1216 2892 vigilque
1250 2823 1456 2877 animus
1483 2842 1496 2877 :
1528 2825 1673 2880 vide-

88 2922 257 2978 reque
291 2919 402 2962 erat
428 2910 626 2964 dictum
655 2913 998 2980 apostolicum
1041 2914 1139 2967 hac
1175 2913 1226 2967 in
1255 2929 1312 2968 re
1352 2915 1622 2984 impletum
1655 2933 1670 2971 :

93 2999 358 3064 Quantum
391 3008 618 3053 externus
652 3001 798 3054 homo
840 3003 1194 3073 corrumpitur,
1221 3014 1412 3057 tantum
1449 3005 1672 3060 internus

89 3100 365 3142 renovatur
392 3089 466 3160 (Ξ.
493 3089 609 3144 Cor.
629 3093 693 3148 ,4.
725 3093 836 3162 16).

159 3182 355 3234 Contra
408 3183 939 3242 Manicheam—AC
992 3188 1182 3244 licebat
1232 3189 1444 3260 quidem
1507 3191 1668 3246 etiam

91 3274 255 3328 hodie
281 3274 413 3329 hanc
443 3277 746 3345 parabolam
775 3288 1020 3344 tractare,
1053 3292 1104 3335 et
1134 3296 1251 3335 cum
1276 3284 1539 3338 hmreticis
1570 3299 1670 3354 pu-

91 3381 284 3433 gnare,
330 3367 418 3436 qui
463 3379 614 3421 vetus
643 3368 1042 3424 Testamentum
1087 3371 1403 3441 vituperant,
1451 3376 1672 3444 patriar-

92 3459 216 3512 chas
277 3471 562 3526 accusant,
609 3474 662 3516 et
713 3474 896 3518 contra
956 3465 1324 3520 universorum
1375 3480 1669 3524 creatorem

94 3551 270 3605 Deum
299 3553 530 3624 linguam
577 3564 811 3610 acuunt:
841 3571 1022 3611 verum
1067 3573 1135 3612 ne
1173 3560 1469 3615 satietatem
1511 3571 1670 3630 atque

94 3646 365 3699 fastidium
395 3650 563 3700 oratio
584 3648 734 3703 vobis
758 3647 962 3712 afferat,
996 3649 1109 3704 hzec
1134 3653 1420 3706 certamina
1447 3653 1590 3724 aliud
1617 3653 1669 3707 in

93 3745 306 3806 tempus
334 3749 671 3807 seponcntes,
700 3755 796 3810 age
825 3740 889 3794 ad
914 3742 1055 3795 aliud
1074 3754 1439 3812 argumentum
1469 3759 1671 3799 sermo-

95 3844 210 3880 nem
237 3839 632 3884 convertamus.
669 3831 801 3886 Nam
841 3833 997 3887 unius
1036 3835 1245 3904 generis
1269 3836 1388 3890 cibo
1415 3837 1670 3907 instructa

94 3934 279 3971 mensa
301 3920 596 3973 satietatem
624 3922 780 3991 parit,
802 3923 960 3977 variis
981 3939 1106 3978 vero
1131 3924 1320 3981 eduliis
1342 3925 1670 3997 frequentata

93 4011 389 4078 appetitum
431 4015 644 4066 excitat.
696 4013 764 4069 Ut
801 4015 958 4084 igitur
1002 4017 1052 4069 in
1099 4016 1196 4070 hac
1235 4020 1490 4076 concione
1532 4022 1669 4076 idem

93 4102 327 4166 eveniat,
369 4104 434 4156 ad
474 4116 712 4158 sanetum
751 4105 967 4160 Paulum
1001 4108 1156 4176 longo
1177 4108 1286 4175 jam
1316 4112 1566 4180 temporis
1602 4113 1673 4166 in-

95 4195 322 4248 tervallo
363 4205 710 4250 revertantur.
744 4197 953 4252 Etenim
996 4211 1292 4268 opportune
1335 4202 1488 4256 nobis
1515 4202 1672 4260 hodie

95 4285 245 4340 locus
275 4286 496 4353 apostoli
526 4287 695 4341 lectus
739 4297 840 4352 est,
879 4289 966 4358 qui
1011 4305 1179 4358 nuper
1203 4290 1356 4345 dictis
1385 4303 1670 4348 consenta-

94 4395 190 4432 nea
233 4377 610 4445 suppeditabit.
642 4379 876 4434 Audistis
904 4383 1078 4450 itaque
1115 4382 1333 4437 Paulum
1378 4385 1534 4441 hodie
1560 4388 1669 4442 cla-

93 4481 330 4524 manlcm
358 4486 418 4524 ac
444 4471 707 4526 dicentem
733 4489 745 4525 :
775 4471 852 4526 De
876 4473 1236 4529 dormientibus
1262 4487 1422 4531 autem
1445 4480 1561 4534 nolo
1587 4498 1671 4536 vos

94 4562 351 4632 ignorare,
406 4571 461 4615 ut
511 4580 610 4615 non
664 4566 1041 4631 coutristemiui,
1084 4569 1211 4621 sicut
1251 4579 1297 4622 et
1347 4572 1530 4634 ceteri,
1587 4575 1672 4642 qui

93 4671 232 4721 spem
279 4671 377 4706 non
425 4654 606 4706 habent
650 4656 722 4724 (1.
755 4654 934 4712 Thess.
979 4658 1031 4712 4.
1078 4658 1188 4727 12).
1237 4660 1326 4714 Ille
1367 4662 1434 4715 de
1472 4661 1671 4717 Lazaro

93 4744 432 4812 evangelicus
471 4755 658 4799 cantus
688 4747 801 4809 fuit,
838 4745 926 4801 hic
965 4749 1286 4817 apostolicus
1335 4766 1535 4815 sonus;
1576 4755 1668 4808 sed

95 4851 232 4889 unus
265 4845 342 4889 est
369 4848 678 4893 concentus.
710 4839 763 4893 Si
793 4840 1004 4909 quidem
1033 4841 1086 4895 in
1107 4842 1197 4896 illa
1228 4845 1482 4913 parabola
1508 4847 1668 4901 multa

93 4930 153 4981 de
187 4929 602 4993 resurrectione,
635 4939 689 4985 et
716 4931 782 4985 de
809 4932 899 4985 illo
926 4933 1169 4987 tribunali
1198 4934 1551 5005 philosophati
1581 4954 1671 4992 su-

95 5036 244 5084 mus;
289 5036 427 5077 nunc
471 5022 522 5076 in
563 5022 788 5092 idipsum
836 5034 1202 5094 argumentum
1243 5042 1337 5080 nos
1380 5030 1550 5083 oratio
1577 5030 1671 5084 de-

93 5113 265 5167 duxit.
291 5112 468 5182 Itaque
497 5115 703 5170 etiamsi
731 5116 837 5186 jam
869 5117 1039 5172 locum
1067 5119 1287 5188 apostoli
1315 5119 1666 5188 defodiamus,

93 5205 342 5260 eumdem
381 5215 556 5261 tamen
606 5208 690 5262 hic
726 5208 1028 5262 thesaurum
1072 5209 1414 5279 reperiemus.
1460 5213 1668 5269 Etenim

96 5309 224 5352 tunc
269 5313 445 5351 sermo
478 5308 657 5352 noster
689 5309 827 5353 totus
864 5316 929 5356 eo
970 5301 1259 5370 spectabat,
1306 5313 1362 5355 ιιι
1401 5303 1668 5359 auditores

97 5389 412 5443 doceremus
436 5431 451 5455 ,
486 5389 613 5442 nihil
645 5391 694 5443 in
739 5390 834 5444 hac
872 5393 975 5444 vita
1003 5391 1333 5459 splendidum
1362 5394 1668 5447 existiman-

156 5483 868 5560 (“2-90ll29399'31sznesiis
890 5482 1023 5560 13!le
1045 5484 1327 5560 1969.975.
1345 5498 1356 5532 =
1372 5483 1668 5560 ροιρεςιίηίε

99 5544 175 5598 ις).
203 5544 310 5601 561,
332 5546 466 5595 1050.
495 5549 542 5591 In
559 5544 727 5592 Codice
751 5545 878 5593 (ῖοΙὶι.
899 5547 988 5594 561
1013 5547 1283 5595 inscribitur
1305 5553 1448 5595 Sexta
1467 5546 1512 5594 in
1538 5552 1668 5596 Laza-

97 5623 224 5664 rum,
250 5616 298 5656 et
321 5606 513 5669 hotnilia
539 5608 587 5654 in
611 5619 695 5654 eos
717 5619 796 5668 qut
821 5607 879 5669 ad
901 5609 1150 5656 Circenses
1172 5609 1666 5669 perguntinscribitur

94 5680 272 5733 Lunata
308 5675 354 5718 In
378 5668 484 5718 aliis
499 5670 666 5728 Quinta
692 5668 980 5730 inscribitur,
1007 5676 1057 5719 et
1081 5668 1198 5719 vere
1225 5671 1394 5731 quinta
1419 5677 1509 5719 est.

1789 1915 1936 1980 dum,
1965 1913 2058 1968 sed
2087 1927 2181 1980 spe
2220 1912 2440 1966 ulterius
2479 1913 2943 1982 progrediendum,
2976 1924 3133 1985 atque
3176 1917 3373 1971 animos

1757 2012 1760 2015 '
1783 2003 2014 2075 quotidie
2031 2003 2374 2071 reputandum
2398 2017 2535 2065 esse,
2559 2004 2739 2072 quales
2760 2004 2863 2057 illic
2879 2005 3172 2070 sententia),
3195 2023 3352 2076 quam

1783 2095 2114 2150 formidabile
2134 2095 2386 2165 judicium
2417 2095 2645 2150 futurum
2686 2098 2753 2150 sit
2779 2115 2790 2150 :
2818 2113 2973 2167 quam
3005 2097 3171 2153 fraudi
3200 2100 3350 2170 inop-

1783 2195 2042 2256 portunus
2064 2187 2244 2256 jndex.
2275 2187 2384 2241 Hoc
2406 2186 2596 2240 Paulos
2625 2186 2675 2239 in
2700 2186 2952 2241 hodierna
2975 2188 3199 2243 lectione
3224 2204 3354 2244 con-

1783 2278 1938 2342 sulit;
1985 2278 2078 2332 sed
2121 2279 2352 2331 animum
2393 2278 2668 2333 advertite.
2700 2278 2778 2332 De
2810 2280 3165 2335 dormientibus
3191 2292 3355 2336 autem

1783 2370 1898 2423 nolo
1926 2386 2009 2423 vos
2047 2371 2298 2439 ignorare,
2327 2370 2526 2438 fratres,
2572 2380 2626 2422 ut
2655 2388 2754 2424 non
2780 2373 3135 2427 contristemini
3160 2375 3285 2427 sicut
3309 2385 3356 2428 et

1781 2463 1965 2525 ceteri,
2009 2462 2095 2529 qui
2133 2478 2271 2529 spem
2309 2478 2409 2514 non
2449 2461 2647 2514 habent.
2688 2462 2749 2516 Si
2795 2463 2924 2516 enim
2952 2464 3198 2519 credimus
3221 2468 3355 2534 quod

1779 2550 1929 2604 Iesus
1965 2561 2187 2605 mortuus
2222 2560 2312 2617 est,
2341 2562 2388 2604 et
2415 2553 2684 2606 resurrexit
2733 2569 2752 2605 :
2801 2554 2870 2606 ita
2911 2564 2955 2606 et
2986 2554 3120 2608 Deus
3148 2574 3228 2610 eos
3247 2544 3356 2627 ‘qui

1779 2641 2086 2694 dormierunt
2116 2659 2202 2709 per
2230 2641 2403 2695 Iesum
2427 2641 2637 2695 adducet
2662 2659 2775 2695 cum
2803 2659 2858 2695 eo
2888 2642 2938 2712 (Ι
2946 2629 3050 2698 bid.
3081 2646 3188 2714 l3).

1849 2730 1950 2785 Cur
1969 2729 2156 2785 Christi
2182 2743 2410 2797 mortem,
2436 2732 2651 2785 aliorum
2672 2733 3018 2787 dormitionem
3040 2745 3174 2787 vocet
3207 2735 3343 2788 Pau-

1778 2823 1968 2876 lus.-—
1993 2823 2102 2877 Hoc
2144 2823 2368 2892 primum
2410 2824 2804 2892 disquirendum
2851 2826 2998 2880 nobis
3048 2827 3300 2881 incumbit
3327 2871 3339 2890 ,

1777 2932 1872 2970 cur
1899 2930 2017 2968 cum
2039 2914 2106 2969 de
2123 2914 2334 2969 Christo
2354 2915 2602 2986 loquitur,
2631 2916 2744 2985 ejus
2770 2917 2968 2970 obitum
2997 2928 3218 2972 mortem
3249 2935 3344 2972 vo-

1776 3015 1880 3070 cet,
1923 3021 2042 3060 cum
2088 3015 2263 3060 autem
2311 3005 2378 3062 de
2430 3007 2644 3060 interitu
2687 3018 2869 3062 nostro
2906 2997 3031 3078 agit,
3079 3025 3200 3063 eum
3244 3025 3349 3065 non

1777 3106 2023 3162 mortem,
2067 3096 2160 3151 sed
2189 3097 2560 3152 dormitionem
2590 3098 2838 3167 appellet.
2868 3098 2982 3154 Non
3011 3100 3152 3154 enim
3193 3099 3346 3166 dixit,

1775 3187 1842 3243 de
1864 3189 2087 3242 mortuis
2116 3199 2326 3252 autem;
2357 3189 2450 3242 sed
2477 3188 2638 3258 quid?
2666 3187 2743 3242 De
2768 3188 3119 3243 dormientibus
3146 3200 3347 3246 autem:

1777 3290 1832 3334 et
1858 3296 2088 3345 rursum,
2118 3279 2200 3333 Ita
2228 3291 2274 3334 et
2306 3281 2440 3333 Deus
2468 3297 2570 3346 eos,
2599 3282 2683 3351 qui
2709 3281 3013 3334 dormierunt
3042 3299 3129 3350 per
3149 3281 3347 3348 Iesum,

1775 3373 1990 3427 adducet
2029 3390 2142 3427 cum
2165 3389 2222 3428 eo
2243 3374 2316 3443 (1.
2363 3373 2536 3428 Thess.
2564 3374 2618 3429 4.
2652 3375 2775 3443 1⁸5);
2823 3390 2920 3429 nec
2961 3375 3114 3448 dixit,
3143 3391 3237 3431 eos
3260 3378 3348 3446 qui

1777 3466 1967 3519 mortui
1998 3474 2121 3519 sunt
2150 3483 2163 3517 :
2193 3475 2246 3520 et
2274 3466 2488 3530 iterum,
2525 3464 2633 3518 Nos
2661 3467 2746 3534 qui
2774 3467 3007 3530 vivimus,
3046 3468 3131 3537 qui
3165 3469 3349 3522 residui

1775 3571 1943 3608 sumus
1973 3556 2024 3608 in
2058 3556 2322 3608 adventum
2370 3555 2592 3620 Domini,
2628 3572 2728 3608 non
2769 3558 3120 3624 prwveniemus
3155 3575 3238 3610 eos
3264 3559 3348 3626 qui

1777 3645 2085 3699 dormierunt
2109 3643 2211 3717 (Ib.
2243 3645 2351 3713 14).
2381 3644 2560 3714 Neque
2591 3645 2676 3700 hic
2718 3645 2869 3710 dixit,
2916 3661 3008 3699 eos
3033 3648 3121 3715 qui
3157 3648 3346 3700 mortui

1777 3745 1921 3802 Sunt,
1947 3736 2039 3790 sed
2067 3745 2145 3790 ter
2173 3737 2490 3789 mentionem
2515 3735 2630 3803 ejus
2660 3735 2876 3800 faciens,
2909 3746 2988 3790 ter
3018 3745 3240 3790 mortem
3265 3752 3349 3788 vo-

1775 3828 1910 3881 cavit
1940 3825 2334 3880 dormitionem.
2367 3827 2441 3880 De
2468 3825 2681 3880 Christo
2707 3835 2884 3880 autem
2925 3842 3028 3879 non
3060 3827 3182 3880 item
3209 3844 3223 3878 :
3253 3826 3349 3881 sed

1775 3917 2078 3989 quomodo?
2125 3917 2185 3972 Si
2222 3919 2354 3971 enim
2385 3919 2631 3972 credimus
2658 3919 2790 3987 quod
2815 3917 2963 3971 Iesus
2988 3928 3211 3973 mortuus
3252 3927 3344 3972 est;

1775 4009 1889 4064 Non
1929 4009 2080 4073 dixit,
2117 4007 2470 4074 obdormivit,
2504 4008 2616 4068 sed.
2657 4018 2882 4061 mortuus
2922 4017 3012 4062 est.
3041 4007 3149 4062 Cur
3172 4009 3349 4076 itaque

1776 4103 1968 4158 Christi
2017 4103 2219 4156 obitum
2258 4110 2502 4168 mortem,
2545 4111 2781 4154 nostrum
2813 4117 2938 4156 vero
2975 4101 3342 4155 dormitionem

1775 4195 2089 4264 appellavit?
2115 4210 2217 4247 non
2249 4194 2387 4246 enim
2419 4203 2614 4246 temere
2651 4201 2704 4247 et
2743 4193 2856 4246 sine
2881 4193 3086 4246 delectu
3125 4191 3223 4245 hac
3250 4207 3345 4244 vo-

1775 4300 1894 4339 cum
1925 4284 2299 4338 observatione
2324 4293 2405 4336 est
2445 4298 2590 4346 usus,
2622 4282 2725 4336 sed
2758 4283 3029 4350 sapientite
3055 4281 3264 4350 plenum
3294 4290 3348 4334 et

1777 4391 2021 4446 magnum
2065 4375 2188 4446 quid
2241 4390 2519 4445 apparatis.
2571 4375 2644 4428 De
2687 4373 2898 4428 Christo
2940 4376 3078 4428 enim
3125 4373 3346 4441 loquens

1776 4478 2001 4523 mortem
2051 4466 2200 4529 dixit,
2255 4475 2310 4517 ut
2359 4464 2590 4532 passioni
2632 4463 2785 4517 fidem
2836 4462 3051 4528 faceret,
3087 4461 3154 4515 de
3194 4461 3346 4514 nobis

1776 4577 1958 4630 agens,
1989 4559 2361 4613 dormitionem
2393 4557 2618 4621 vocavit,
2651 4563 2710 4609 ut
2743 4556 2980 4609 dolorem
3008 4554 3218 4608 leniret.
3245 4552 3339 4607 Ub’

1777 4653 1915 4707 enim
1960 4654 2067 4723 jam
2121 4656 2438 4710 resurrectio
2486 4664 2850 4723 prmcesserat,
2907 4652 3073 4705 fidens
3123 4660 3344 4703 morten.

1777 4753 2068 4808 memorat;
2117 4746 2205 4798 ubi
2251 4755 2422 4800 autem
2462 4754 2659 4816 tantum
2691 4743 3021 4813 sperabatur,
3069 4741 3366 4795 dormitio-'

1777 4851 1898 4889 nem
1930 4845 2100 4898 vocat,
2130 4835 2227 4890 hac
2258 4852 2386 4890 voce
2422 4852 2548 4890 usus
2591 4835 2654 4888 ad
2702 4835 2868 4888 nostri
2905 4831 3342 4895 consolationem,

1777 4941 1830 4983 et
1859 4929 1922 4982 ad
1952 4945 2100 4997 spem
2127 4930 2504 5000 suggerendam
2533 4947 2544 4981 :
2577 4944 2697 4981 nam
2735 4928 2824 4997 qui
2850 4925 3064 4988 dormit,
3097 4924 3212 4978 sine
3241 4921 3341 4976 du-
3365 5000 3371 5004 ᾗ

1776 5020 1864 5074 bio
1908 5031 2162 5090 resurget,
2194 5022 2426 5090 nihilque
2465 5019 2607 5072 aliud
2638 5035 2781 5072 mors
2823 5028 2923 5082 est,
2963 5031 3120 5086 quam
3152 5015 3341 5084 longus

1776 5128 2014 5166 somnus.
2043 5114 2117 5168 Ne
2147 5113 2272 5166 mihi
2311 5113 2528 5178 dixeris,
2559 5122 2822 5165 mortuum
2867 5125 2966 5165 nec
3006 5109 3212 5174 audire,
3245 5123 3344 5162 nec

1777 5204 1941 5273 loqui,
1973 5220 2072 5258 nec
2107 5205 2306 5268 videre,
2340 5219 2508 5273 neque
2549 5218 2708 5258 sensu
2751 5202 2887 5255 aﬂlci
2918 5221 2929 5254 :
2964 5216 3085 5254 nam
3115 5199 3343 5268 idipsum

1776 5294 1844 5348 de
1867 5294 2162 5349 dormiente
2194 5294 2437 5348 dixerim.
2481 5293 2536 5348 Si
2565 5292 2701 5363 quod
2739 5307 2898 5362 porro
2942 5292 3133 5346 mirum
3167 5290 3346 5344 dicere

1778 5387 1950 5451 liceat,
1982 5386 2292 5440 dormientis
2318 5385 2488 5438 anima
2519 5383 2907 5454 quodammodo
2935 5381 3165 5447 dormit;
3196 5397 3341 5435 mor-

1778 5479 1851 5532 tui
1883 5495 1984 5533 non
2029 5480 2173 5543 item,
2214 5478 2305 5533 sed
2349 5478 2545 5546 vigilat.
2595 5479 2680 5541 At,
2722 5475 2946 5546 inquies,
2986 5475 3223 5528 niortuus
3253 5488 3347 5542 pu-

1775 5571 1959 5625 trescit
1999 5579 2053 5625 et
2099 5569 2475 5638 corrumpitur,
2518 5569 2788 5638 pulvisque
2830 5576 2884 5621 et
2929 5565 3061 5621 cinis
3095 5559 3344 5616 efﬁcitur.

1775 5662 1909 5730 Quid
1947 5671 2052 5716 tum
2091 5661 2230 5728 inde,
2283 5661 2506 5716 dilecte?
2556 5661 2675 5716 ldeo
2723 5659 2948 5715 maxime
2981 5663 3341 5734 gaudendum.
