3906 6248
572 330 706 385 1019

569 450 777 505 Etenim
808 450 851 503 si
880 451 997 519 quis
1023 459 1251 503 Veterem
1279 448 1496 502 domum
1518 456 1817 515 quassatam
1847 454 2145 499 restaurare

566 541 711 601 velit,
743 540 911 609 primo
940 538 1265 592 habitatores
1309 537 1471 606 ejicit,
1515 538 1839 603 domumque
1872 533 2052 597 diruit,
2092 543 2146 587 et

566 632 1075 703 magnilicentiorem
1097 629 1359 697 exstruit;
1385 628 1543 697 ejecti
1574 643 1699 682 vero
1730 642 1832 680 non
1860 626 1980 680 ideo
2007 640 2141 679 mo:-

565 733 703 785 rent,
735 723 828 778 sed
873 721 1104 791 gaudent
1141 721 1335 790 potius.
1381 718 1497 774 Non
1542 718 1682 772 enim
1724 716 2139 775 demolitionem,

563 834 681 887 qu:e
733 816 835 871 sub
882 823 1154 884 aspectum
1200 812 1358 874 cadit,
1405 813 1497 867 sed
1556 812 1789 867 futurum
1837 808 2139 871 mdificium,

560 909 703 979 quod
736 923 839 963 non
862 908 1089 972 videtur,
1111 904 1289 959 animo
1326 914 1589 973 reputant.
1620 904 1691 956 lta
1722 903 1955 957 facturus
1981 900 2139 965 Deus,

560 1015 756 1071 corpus
784 1000 1047 1065 dissolvit,
1078 1006 1133 1053 et
1178 999 1228 1051 in
1271 996 1362 1051 illo
1391 996 1713 1051 habitantem
1742 994 1970 1047 animam
1996 993 2141 1062 prius

560 1092 759 1157 educit,
803 1106 899 1145 ceu
940 1107 1006 1145 ex
1050 1090 1213 1145 domo
1251 1089 1519 1158 quapiam,
1548 1096 1606 1141 ut
1643 1096 1759 1156 post
1802 1086 1855 1139 in
1898 1084 2139 1139 eamdem

561 1186 980 1258 magnificentius
1034 1192 1389 1239 c0ustructam
1434 1182 1690 1242 domum,
1740 1179 1967 1232 animam
2017 1190 2137 1231 cum

560 1280 747 1349 majori
774 1279 938 1348 gloria
968 1276 1201 1332 reducat.
1233 1275 1307 1329 Ne
1338 1274 1493 1344 igitur
1511 1272 1904 1328 demolitionem
1932 1276 2139 1338 specte-

562 1375 703 1438 mus,
733 1372 825 1426 sed
857 1370 1087 1425 futurum
1117 1367 1475 1438 splendorem.

630 1463 683 1517 2.
729 1463 1031 1530 lterumque
1069 1460 1112 1514 si
1139 1459 1257 1529 quis
1296 1468 1524 1512 statuam
1554 1455 1752 1507 habens
1794 1454 2035 1523 rubigine
2072 1467 2134 1508 ac

562 1568 799 1623 tempore
830 1551 1223 1616 labefactatam,
1274 1548 1555 1616 multisque
1594 1546 1827 1613 partibus
1871 1544 2129 1605 mutilam,

561 1651 728 1718 ipsam
750 1646 1032 1701 contritam
1078 1646 1128 1697 iu
1160 1642 1425 1697 fornacem
1456 1640 1638 1707 injicit,
1674 1650 1729 1691 ut
1756 1637 1931 1692 ﬁando
1957 1636 2134 1706 splen-

559 1738 815 1794 didiorem
861 1735 1066 1791 reddat.
1115 1732 1565 1801 Quemadmodum
1617 1731 1774 1800 igitur
1818 1731 1867 1783 in
1916 1728 2131 1783 fornace

557 1840 732 1886 statua
760 1829 951 1885 detrita
991 1842 1095 1881 non
1122 1826 1347 1887 deletur,
1380 1824 1472 1878 sed
1512 1832 1813 1882 renovatur.
1848 1822 1924 1876 sic
1961 1832 2130 1875 morte

556 1938 779 1994 corpora
806 1931 984 1977 nostra
1012 1936 1115 1974 non
1149 1934 1365 1988 prorsus
1394 1926 1635 1985 pereunt,
1664 1916 1756 1971 sed
1788 1925 2124 1969 renovantur.

556 2015 689 2069 Cum
726 2015 885 2085 igitur
913 2012 1111 2068 videris
1148 2026 1362 2066 carnem
1408 2020 1667 2069 nostram,
1708 2024 1803 2061 ceu
1832 2008 1884 2061 in
1913 2006 2129 2061 fornace

555 2108 874 2163 deﬂuentem
918 2114 972 2159 et
1002 2112 1411 2174 putrescentem,
1447 2118 1512 2155 ne
1556 2105 1606 2154 in
1638 2110 1855 2169 aspectu
1898 2100 1985 2153 illo
2013 2110 2123 2153 ste-

559 2200 707 2264 teris,
745 2198 840 2253 sed
881 2197 1057 2251 denuo
1099 2193 1432 2249 conﬁandam
1483 2202 1748 2261 exspecta.
1800 2190 1980 2261 Neque
2025 2190 2127 2244 hoc

555 2301 758 2347 tantum
784 2290 1009 2358 exempli
1040 2287 1195 2340 modo
1224 2296 1499 2340 contentus
1526 2294 1660 2345 esto,
1685 2284 1777 2338 sed
1808 2283 1873 2337 ad
1904 2282 1954 2336 id
1985 2283 2124 2352 quod

556 2385 703 2454 prius
730 2393 812 2438 est
846 2379 1211 2436 ratiocinando
1236 2378 1481 2447 procede.
1528 2376 1821 2431 Statuarius
1846 2376 2009 2442 enim,
2034 2375 2122 2445 qui

552 2490 746 2546 corpus
769 2490 972 2529 aeneum
1018 2472 1218 2542 injecit,
1248 2486 1349 2524 non
1386 2484 1600 2524 auream
1628 2468 1717 2522 tibi
1748 2477 1801 2523 et
1845 2468 2121 2521 immorta-

551 2567 655 2621 lem
697 2566 870 2621 reddit
896 2574 1145 2630 statuam,
1175 2565 1269 2618 sed
1300 2578 1499 2616 a'neam
1541 2576 1747 2615 rursum
1778 2560 1957 2615 efﬁcit.
1980 2561 2122 2615 Con-

552 2670 630 2714 tra
678 2674 805 2713 vero
859 2658 1019 2723 Deus,
1071 2656 1216 2709 luteo
1268 2670 1329 2708 ac
1374 2655 1582 2707 mortali
1626 2654 1822 2721 injecto
1869 2665 2113 2721 corpore,

548 2766 762 2808 auream
815 2758 867 2803 et
912 2746 1265 2802 iuunortalem
1315 2745 1406 2798 tibi
1456 2753 1682 2799 statuam
1734 2742 1947 2799 reddit:
1980 2752 2120 2798 terra

548 2844 711 2906 enim,
744 2858 861 2913 qua:
884 2840 1080 2894 ﬁuxum
1111 2855 1174 2894 ac
1199 2838 1540 2908 corruptibile
1567 2853 1758 2907 corpus
1785 2838 2007 2907 accepit,
2039 2837 2120 2891 in-

546 2934 889 3004 corruptibile
938 2934 1063 2988 illud
1108 2942 1162 2987 et
1200 2931 1499 2986 immortale
1542 2930 1791 2985 restituit.
1836 2929 1912 2984 Ne
1941 2930 2119 3000 itaque

547 3026 802 3081 intuearis
850 3040 993 3089 cum,
1040 3024 1190 3094 cujus
1233 3022 1397 3077 clausi
1444 3031 1566 3075 sunt
1604 3022 1763 3085 oculi,
1813 3022 1902 3091 qui
1941 3029 2117 3075 mutus

542 3120 701 3190 jacet,
735 3116 827 3171 sed
855 3132 1000 3182 eum,
1034 3116 1122 3185 qui
1148 3123 1388 3184 resurget
1413 3123 1467 3167 et
1487 3114 1709 3183 accipiet
1732 3114 1951 3183 gloriam
1978 3113 2116 3167 inef-

547 3210 757 3265 fabilem
784 3218 837 3263 et
857 3207 1167 3277 stupendum
1193 3205 1615 3275 mirabilemque,
1641 3215 1797 3275 atque
1816 3222 1845 3261 a
1870 3207 2114 3275 prtesenti

546 3299 845 3369 ltujusmodi
877 3305 1091 3368 aspectu
1127 3296 1472 3367 cogitationes
1502 3296 1731 3351 transfer
1760 3298 1811 3351 in
1853 3313 2001 3368 spem
2030 3298 2112 3352 fu—

546 3403 737 3447 turam.
780 3394 849 3446 At
879 3389 1315 3445 consuetudinem
1354 3390 1600 3460 requiris,
1632 3390 1856 3462 ideoque
1887 3391 2115 3461 ingemi-

542 3486 646 3541 scis
681 3501 743 3539 ac
769 3484 953 3554 luges?
992 3483 1058 3537 Et
1082 3484 1171 3554 qui
1208 3499 1313 3536 non
1352 3481 1640 3535 absurdum
1671 3482 1847 3544 fuerit,
1883 3482 1947 3549 si,
1991 3498 2109 3536 cum

541 3592 739 3647 sponso
786 3576 1012 3646 cuipiam
1062 3574 1222 3630 ﬁliam
1271 3573 1635 3638 collocaveris,
1685 3573 1877 3644 illeque
1928 3588 2109 3630 secum

539 3687 655 3727 eam
689 3671 740 3725 in
769 3670 1109 3741 longinquam
1148 3670 1418 3741 regionem
1447 3670 1747 3735 abduxerit,
1788 3671 1966 3742 ibique
1996 3687 2107 3729 rem

541 3778 793 3834 prospere
835 3764 1078 3833 gesserit,
1121 3779 1231 3817 rem
1280 3777 1385 3817 non
1430 3764 1705 3817 molestam
1756 3752 1925 3826 ducis,
1974 3763 2110 3819 bene

536 3865 699 3925 gestae
734 3857 810 3910 rei
838 3855 975 3910 fama
1004 3856 1258 3911 absentia:
1279 3855 1516 3911 dolorem
1544 3856 1776 3911 leniente
1804 3874 1817 3910 :
1842 3856 1928 3911 hic
1958 3872 2103 3919 vero,

534 3961 654 4003 cum
691 3960 794 4000 non
838 3946 1020 4011 homo,
1060 3961 1165 4001 non
1215 3961 1523 4012 conservus,
1570 3947 1662 4001 sed
1703 3948 1817 4018 ipse
1853 3948 2106 4004 Dominus

533 4048 813 4110 cognatum
848 4050 997 4095 tuum
1035 4041 1290 4113 abripuit,
1347 4055 1570 4096 mmreas
1598 4049 1653 4095 et
1677 4042 1974 4097 crucierts?

605 4140 795 4185 Luctus
824 4147 942 4200 erga
971 4131 1233 4199 defunctos
1250 4133 1413 4199 qualis
1436 4148 1541 4186 esse
1569 4132 1760 4188 debeat.
1783 4163 1854 4174 —
1880 4135 1943 4188 Et
1970 4151 2103 4205 quo-

534 4218 713 4283 modo,
744 4220 972 4290 inquies,
1007 4221 1167 4275 homo
1192 4236 1312 4276 cum
1337 4223 1455 4287 sim,
1482 4224 1677 4291 possim
1708 4239 1811 4278 non
1841 4226 2105 4279 maerere?

531 4310 713 4381 Neque
737 4327 835 4382 ego
865 4312 915 4367 id
945 4314 1152 4382 postulo
1180 4332 1193 4368 :
1228 4330 1330 4368 non
1359 4331 1645 4371 maerorem
1672 4328 1813 4384 veto,
1853 4318 1944 4373 sed
1973 4334 2105 4374 mm-

532 4403 669 4458 roris
692 4402 1103 4458 vehementiam.
1126 4404 1348 4459 Moerere
1377 4420 1621 4475 namque,
1654 4418 1855 4461 natura:
1881 4418 1981 4472 est,
2009 4410 2101 4464 sed

530 4496 666 4558 ultra
696 4497 908 4552 modum
936 4513 1186 4565 interere,
1221 4498 1435 4561 furoris,
1466 4500 1705 4566 insaniae,
1727 4502 2102 4573 muliebrisque

528 4589 711 4647 animi.
757 4589 940 4656 Moere,
985 4591 1306 4661 lacrymare;
1353 4590 1445 4646 sed
1484 4606 1551 4646 ne
1596 4608 1735 4663 aegre
1780 4596 2102 4665 molesteque

524 4682 685 4745 feras,
718 4697 786 4736 ne
815 4682 1117 4751 indigneris.
1151 4682 1356 4738 Gratias
1398 4698 1494 4753 age
1536 4684 1607 4747 ei,
1637 4685 1724 4754 qui
1770 4685 2003 4753 abstulit,
2044 4696 2102 4743 ut

526 4773 832 4832 defunctum
876 4789 1122 4842 exornes,
1148 4775 1367 4845 ejusque
1401 4775 1571 4831 funeri
1597 4776 1710 4831 haec
1734 4778 1875 4847 justa
1918 4779 2099 4849 splen-

522 4863 647 4919 dide
674 4866 965 4935 persolvas,
1006 4866 1209 4935 ipsuque
1245 4866 1440 4920 mittas.
1470 4865 1524 4921 Si
1566 4868 1786 4923 moleste
1814 4868 1969 4936 feras,
2001 4870 2098 4941 ipsi

522 4961 936 5016 contumeliosus
962 4976 1041 5026 es,
1084 4960 1247 5015 Deum
1275 4960 1581 5026 exacerbas,
1614 4973 1766 5033 teque
1794 4964 1962 5033 ipsum
2001 4965 2097 5017 da-

519 5067 645 5105 mno
675 5051 844 5108 aflicis
864 5068 878 5117 ;
901 5054 981 5107 sin
1003 5053 1198 5123 gratias
1213 5068 1357 5123 agas,
1390 5053 1464 5108 illi
1494 5052 1770 5118 honorem,
1795 5055 1903 5109 Deo
1925 5056 2097 5126 ipsum

515 5142 796 5212 abripienti
830 5145 1071 5215 gloriam,
1101 5144 1194 5200 tibi
1222 5145 1424 5199 lucrum
1462 5160 1734 5215 procuras.
1754 5145 2093 5217 Lacrymare,

516 5242 572 5287 ut
601 5234 855 5290 Dominus
885 5246 1002 5291 tuus
1032 5237 1285 5291 Lazarum
1312 5236 1463 5300 luxit,
1496 5237 1710 5302 modum
1742 5238 1912 5303 nobis,
1945 5255 2100 5309 regu-

517 5325 619 5380 lam
655 5328 1043 5398 tcrminumque
1079 5327 1277 5383 doloris
1315 5344 1536 5398 ponens,
1568 5344 1723 5398 quem
1756 5331 2093 5400 praetergredi

516 5434 620 5471 non
644 5418 786 5473 licet.
839 5419 928 5474 Sic
970 5431 1025 5475 et
1066 5420 1259 5479 Paulus
1288 5421 1396 5475 ait:
1429 5419 1505 5474 De
1534 5422 1888 5475 dormientibus
1928 5434 2095 5477 autent

516 5510 633 5562 nuto
660 5526 743 5563 vos
773 5513 1024 5582 ignorare,
1068 5522 1122 5565 ut
1148 5531 1247 5567 non
1285 5514 1641 5567 contristemini
1668 5520 1795 5568 sicut
1836 5527 1881 5569 et
1906 5518 2090 5583 atteri,

514 5604 597 5673 qui
628 5619 765 5673 spem
805 5621 903 5657 non
932 5606 1113 5659 habent
1143 5607 1218 5675 (l.
1254 5605 1427 5671 Thess.
1462 5608 1513 5662 4.
1547 5608 1656 5675 12).
1691 5592 1871 5675 aluere,
1905 5609 2090 5678 inquit,

513 5704 566 5747 at
600 5708 702 5746 non
748 5702 803 5747 ut
845 5695 1113 5762 Ethnicus,
1164 5698 1252 5766 qui
1300 5696 1367 5751 de
1409 5700 1796 5753 resurrectione
1826 5699 2089 5770 desperat,

511 5798 603 5852 qut
645 5783 872 5841 futuram
912 5787 1074 5843 vitam
1118 5804 1222 5844 non
1270 5800 1553 5863 exspectat.
1606 5792 1769 5849 Pudet
1814 5809 1917 5859 tne,
1961 5794 2085 5855 mihi

1309 328 1366 383 S.
1406 326 1684 383 JOANNIS
1716 322 2186 383 CHRYSOSTOIII
2226 322 2541 379 ARCHIEP.
2580 323 3108 385 CONSTANTINOP.

3705 332 3836 387 109.0

2258 440 2477 504 credite,
2507 450 2561 496 et
2584 442 2863 506 erubesco,
2888 459 3010 500 cum
3038 462 3131 516 per
3159 445 3330 501 forum
3360 448 3513 501 video
3555 449 3831 503 mulierum

2255 541 2478 596 turmas,
2509 532 2755 589 indecore
2795 545 3033 605 agentes,
3064 539 3282 607 capillos
3309 540 3590 601 vellentes,
3626 541 3830 594 brachia

2251 638 2516 693 genasque
2545 625 2868 692 lacerantes;
2893 628 3051 699 idque
3069 646 3247 684 coram
3276 632 3535 687 Ethnieis.
3565 634 3706 701 Quid
3734 651 3829 687 non

2252 714 2323 766 illi
2363 714 2429 769 de
2460 716 2610 772 nobis
2638 720 2849 785 dicturi,
2888 722 3016 789 quid
3058 736 3164 776 non
3205 723 3543 779 vociferaturi
3575 729 3743 781 sunt?
3773 730 3827 782 ili

2250 814 2376 859 sunt
2396 806 2485 876 qui
2514 806 2581 862 de
2620 812 3010 867 resurrectione
3042 812 3515 884 philosophantur?
3547 817 3692 871 Sane
3719 822 3825 885 qui-

2249 894 2391 949 dem.
2428 896 2544 951 Non
2582 900 2721 952 alim
2749 915 2867 955 cum
2895 901 3227 972 dogmatibus
3251 915 3398 975 gesta
3436 912 3819 963 consentiunt:

2248 988 2423 1041 verbis
2468 990 2677 1058 quidem
2720 992 2787 1046 de
2833 998 3218 1050 resurrectione
3234 997 3697 1067 jphilosophantur
3730 1020 3741 1051 :
3777 1017 3825 1053 te

2245 1090 2419 1133 autem
2461 1081 2573 1150 ipsa
2612 1084 2828 1151 perinde
2868 1100 2927 1139 se
2962 1098 3172 1156 gerunt,
3210 1100 3366 1159 atque
3406 1090 3503 1155 illi,
3550 1092 3646 1161 qui
3673 1092 3737 1144 de
3764 1110 3817 1145 ea

2245 1172 2563 1242 desperant:
2594 1178 2637 1229 si
2682 1182 3123 1236 resurrectionem
3166 1181 3279 1237 fore
3314 1184 3673 1250 conﬁderent,
3706 1187 3817 1239 talia

2245 1280 2347 1317 non
2376 1276 2595 1335 agerent
2621 1285 2635 1320 :
2667 1269 2710 1322 si
2740 1285 3046 1339 persuasum
3075 1271 3347 1339 haberent,
3374 1274 3516 1330 hunc
3543 1275 3616 1329 ad
3636 1278 3818 1329 melio-

2244 1372 2354 1410 rem
2387 1361 2572 1414 fortem
2600 1362 2814 1426 abiisse,
2853 1380 2957 1419 non
2988 1367 3168 1436 utique
3207 1369 3463 1438 lugerent.
3502 1370 3635 1425 Haec
3661 1381 3714 1425 et
3742 1372 3817 1424 bis

2242 1452 2389 1519 plura
2433 1453 2615 1509 dicunt
2652 1456 2911 1521 infideles,
2962 1474 3082 1515 cum
3124 1461 3278 1516 talem
3329 1462 3558 1516 audiunt
3596 1465 3811 1519 locum.

2240 1544 2628 1602 Erubescamus
2673 1564 2819 1620 ergo,
2868 1562 2922 1606 et
2980 1552 3299 1608 moderatius
3346 1571 3591 1626 agamus,
3646 1574 3810 1627 neque

2240 1646 2441 1691 tantum
2479 1650 2534 1695 et
2567 1642 2719 1697 nobis
2750 1644 2874 1713 ipsis
2901 1656 2955 1699 et
2983 1650 3368 1715 Spectatoribus
3395 1634 3579 1705 damni
3619 1652 3810 1706 infera-

2239 1745 2375 1783 mus.
2406 1730 2535 1797 Cur,
2564 1749 2764 1803 quazso,
2794 1737 2871 1791 sic
2901 1737 3203 1793 defunctum
3230 1742 3411 1811 luges?
3453 1747 3533 1797 An
3563 1746 3686 1814 quia
3715 1748 3809 1800 imo

2238 1823 2434 1891 probus
2474 1826 2625 1879 erat?
2668 1830 2825 1896 Atqui
2871 1830 2988 1884 ideo
3024 1834 3204 1901 gratia:
3231 1834 3469 1904 agendae,
3505 1838 3651 1905 quod
3699 1841 3809 1907 ejus

2234 1916 2546 1984 improbitas
2589 1920 2805 1988 pnecisa
2848 1922 3022 1977 fuerit.
3073 1928 3140 1978 At
3179 1924 3313 1993 frugi
3360 1935 3413 1982 et
3455 1928 3634 1983 bonus
3664 1934 3805 1985 erat?

2236 2008 2359 2061 Ideo
2399 2009 2563 2063 ltetari
2613 2014 2879 2077 convenit,
2916 2013 3057 2084 quod
3098 2017 3204 2070 cito
3251 2019 3502 2087 abreptus
3541 2022 3639 2082 sit,
3673 2024 3804 2089 prius

2231 2115 2387 2168 quam
2419 2101 2729 2172 improbitas
2758 2108 3135 2160 conscientiam
3163 2108 3279 2177 ejus
3302 2120 3552 2175 mutaret,
3587 2114 3801 2167 abierit-

2229 2204 2333 2258 que
2363 2192 2413 2245 in
2444 2193 2638 2260 locum,
2663 2196 2750 2249 tthi
2783 2198 2835 2250 in
2862 2206 2972 2252 tuto
3002 2209 3258 2264 versatur,
3291 2217 3461 2271 neque
3489 2204 3597 2256 ulla
3635 2216 3799 2258 muta-

2228 2283 2303 2334 tio
2334 2286 2630 2339 tnetuenda.
2664 2287 2767 2341 Sed
2802 2287 3009 2357 juvenis
3053 2291 3209 2345 erat?
3236 2292 3432 2363 Idcirco
3458 2295 3691 2363 gloriam
3726 2313 3801 2350 ra-

2229 2376 2391 2442 pienti
2446 2375 2554 2430 Deo
2602 2378 2821 2440 referas.
2874 2382 3013 2450 quod
3062 2383 3169 2435 cito
3218 2384 3362 2437 illum
3403 2386 3471 2439 ad
3523 2388 3799 2441 meliorem

2229 2475 2425 2519 sortem
2458 2483 2582 2522 voca
2595 2469 2748 2524 verit.
2784 2471 2960 2526 Senex
2990 2475 3135 2527 erat?
3163 2474 3243 2529 0b
3270 2475 3319 2529 id
3346 2479 3526 2546 gratia:
3557 2482 3796 2549 agenda,

2226 2557 2419 2611 iterum
2453 2561 2673 2628 rapienti
2711 2562 2819 2617 Deo
2847 2564 3067 2634 gloriam
3100 2566 3315 2621 referas.
3366 2568 3513 2623 llunc
3541 2570 3797 2627 efferendi

2227 2649 2441 2703 modum
2474 2653 2749 2708 erubesce.
2798 2654 3128 2722 Psalmodizc,
3176 2674 3381 2728 preces,
3413 2672 3627 2729 patrum
3673 2680 3794 2718 con-

2225 2749 2434 2806 ventus,
2469 2742 2688 2799 fratrum
2719 2746 2999 2800 multitudo
3043 2756 3225 2813 tanta;
3269 2750 3380 2805 huic
3420 2752 3667 2821 inquam,
3701 2771 3795 2808 non

2224 2831 2344 2888 ideo
2382 2833 2594 2903 adsunt,
2638 2847 2693 2890 ut
2731 2836 2881 2902 ﬁeas,
2924 2854 3150 2894 mtereas
3194 2850 3246 2895 et
3283 2842 3594 2911 indigneris,
3627 2847 3723 2900 sed
3750 2858 3797 2900 ut

2222 2924 2419 2993 gratias
2448 2926 2498 2981 ei
2529 2942 2673 2998 agas,
2720 2930 2807 2998 qui
2838 2930 3142 2985 defunctum
3186 2934 3404 3002 accepit.
3437 2935 3797 3001 Quemadmo-

2222 3018 2346 3072 dum
2385 3020 2527 3074 enim
2569 3036 2685 3085 eos,
2713 3022 2801 3091 qui
2844 3022 2909 3075 ad
2954 3026 3310 3093 magistratum
3338 3040 3615 3091 vocantur,
3652 3034 3795 3086 multi

2220 3127 2340 3166 cum
2395 3112 2639 3167 laudibus
2686 3124 2738 3168 et
2788 3116 3169 3171 acclamatiOue
3215 3119 3562 3184 comitantur;
3632 3123 3704 3176 ita
3749 3136 3797 3177 et
3878 3114 3879 3131 “

2220 3213 2451 3269 sanctos,
2509 3206 2599 3273 qui
2644 3206 3007 3271 decesserunt,
3060 3219 3239 3277 utpote
3279 3212 3367 3279 qui
3412 3212 3477 3265 ad
3533 3217 3793 3282 majorem
3876 3282 3877 3287 η

2220 3309 2509 3352 evocentur
2537 3297 2815 3364 honoretn,
2845 3316 2962 3354 cum
2991 3302 3193 3371 magnis
3221 3318 3404 3357 omnes
3425 3304 3681 3361 laudibus
3709 3310 3793 3361 de-
3876 3290 3877 3333 ί

2218 3390 2433 3445 ducunt.

2290 3482 2431 3537 Mors
2468 3485 2605 3553 quies
2654 3485 2997 3540 est.-—Mors
3025 3488 3174 3556 quies
3211 3500 3307 3552 est,
3342 3500 3394 3545 et
3438 3507 3469 3545 a
3510 3494 3791 3551 sudoribus

2215 3575 2459 3643 curisque
2484 3574 2827 3630 saecularibus
2854 3575 3113 3632 liberatio.
3139 3577 3270 3633 Cum
3297 3579 3449 3650 igitur
3474 3598 3538 3637 ex
3572 3590 3786 3656 propin-

2214 3667 2331 3736 quis
2351 3667 2579 3737 aliquem
2602 3666 2796 3723 videris
2820 3668 2941 3723 hinc
2970 3668 3271 3736 abeuntem,
3304 3688 3368 3725 ne
3393 3673 3611 3744 indigne
3633 3676 3785 3741 feras,

2214 3760 2303 3814 sed
2330 3775 2701 3831 compungere,
2734 3760 2798 3815 ad
2827 3762 3047 3832 teipsum
3072 3764 3203 3827 redi,
3234 3768 3617 3824 conscientiam
3648 3786 3787 3826 scru-
3874 3748 3875 3753 η

2216 3863 2347 3915 tare,
2393 3855 2493 3909 hoc
2532 3855 2831 3917 considera,
2886 3857 3029 3912 brevi
3082 3874 3259 3926 parem
3317 3861 3407 3915 tibi
3449 3865 3784 3921 subeundum

2212 3962 2331 4000 esse
2374 3946 2551 4001 ﬁnem.
2586 3948 2989 4017 Temperantior
3026 3962 3160 4017 esto,
3194 3962 3247 4007 et
3275 3954 3494 4010 alterius
3520 3974 3697 4015 morte
3722 3964 3783 4015 ti-

2213 4052 2356 4091 mere
2385 4037 2549 4104 disce,
2576 4038 2833 4107 ignaviam
2877 4056 3091 4096 omnem
3129 4045 3374 4112 prmcide,
3406 4045 3542 4103 facta
3581 4062 3672 4105 tua
3699 4070 3781 4107 cx-

2212 4130 2399 4198 pende,
2433 4138 2604 4185 errata
2634 4132 2859 4201 corrige,
2888 4134 3137 4202 Optimam
3180 4134 3261 4190 fac
3301 4154 3507 4193 morum
3540 4148 3782 4198 mutatio-

2212 4236 2353 4274 nem.
2384 4220 2493 4275 Hoc
2518 4221 2585 4274 ab
2618 4222 2917 4278 infidelibus
2942 4224 3253 4288 differimus,
3282 4230 3421 4297 quod
3446 4232 3606 4287 aliter
3631 4247 3781 4305 atque

2210 4312 2281 4366 illi
2305 4312 2370 4366 de
2399 4312 2555 4366 rebus
2575 4311 3033 4381 ipsisjudicemus.
3064 4315 3295 4383 Respicit
3321 4320 3548 4377 infidelis
3577 4326 3775 4390 ctelum,

2208 4413 2260 4458 et
2283 4404 2488 4469 adorat,
2520 4403 2662 4474 quod
2702 4405 2860 4460 deum
2906 4421 3023 4461 esse
3061 4409 3239 4463 credat
3274 4427 3287 4462 :
3319 4421 3517 4465 terram
3550 4418 3773 4484 respicit,
3870 4398 3871 4405 ‘

2208 4496 2482 4566 ipsamque
2506 4498 2651 4556 colit.
2683 4507 2736 4552 et
2764 4498 2849 4563 iis,
2875 4515 2991 4568 qua:
3018 4501 3067 4553 in
3108 4515 3322 4555 sensum
3343 4503 3564 4567 eadunt,
3597 4507 3773 4559 inhiat.

2208 4590 2276 4644 At
2305 4605 2401 4645 nos
2421 4604 2574 4645 secus
2598 4608 2610 4642 :
2638 4590 2878 4645 videmus
2906 4594 3045 4645 enim
3075 4592 3284 4657 caelum,
3315 4604 3366 4648 et
3391 4595 3509 4662 ejus
3538 4600 3773 4665 opiﬁcem

2206 4681 2530 4737 admiramur
2561 4700 2571 4736 :
2602 4683 2772 4752 ipsum
2803 4684 2993 4753 quippe
3034 4700 3137 4738 non
3164 4684 3339 4747 deum.
3369 4687 3462 4742 sed
3510 4690 3602 4744 Dei
3637 4692 3770 4762 Opiﬁ-

2207 4775 2345 4828 cium
2383 4789 2500 4828 esse
2530 4775 2817 4829 credimus.
2864 4774 3032 4830 Video
3066 4777 3317 4831 mundum
3361 4780 3692 4847 universum,
3721 4800 3767 4837 ac

2207 4880 2301 4934 per
2325 4866 2471 4919 illum
2497 4865 2732 4920 deducor
2786 4866 2850 4920 ad
2889 4878 3199 4923 creatorem.
3234 4868 3385 4924 Videt
3429 4871 3523 4927 ille
3552 4874 3771 4938 divitias,

2206 4959 2439 5028 ipsisque
2468 4959 2633 5013 inhiat
2672 4970 2727 5015 et
2752 4960 3073 5029 obstupescit
3100 4980 3111 5014 :
3138 4962 3293 5017 video
3339 4974 3392 5018 et
3418 4980 3521 5035 ego
3550 4968 3773 5033 divitias,

2204 5058 2258 5105 et
2286 5050 2500 5106 irrideo.
2530 5050 2685 5106 Videt
2726 5052 2812 5107 ille
2844 5062 3226 5123 paupertatem.
3246 5065 3298 5107 et
3325 5056 3633 5125 ingemiscit
3662 5078 3675 5111 :
3706 5064 3773 5113 vi-

2204 5142 2305 5194 deo
2331 5153 2382 5195 et
2410 5157 2509 5211 ego
2532 5151 2917 5211 paupertatem,
2946 5153 2999 5196 et
3019 5144 3244 5199 exsulto.
3270 5145 3389 5199 Alio
3405 5161 3531 5216 ego,
3559 5150 3667 5203 alio
3696 5151 3773 5203 me

2205 5233 2364 5287 modo
2391 5250 2475 5290 res
2506 5234 2835 5303 inspicimus.
2878 5234 2966 5289 Sic
2997 5246 3050 5289 et
3092 5236 3144 5289 in
3177 5248 3344 5292 morte
3374 5255 3470 5293 nos
3498 5243 3767 5310 gerimus;

2205 5325 2347 5379 videt
2393 5325 2481 5379 ille
2524 5337 2813 5389 mortuum,
2856 5336 2909 5380 et
2948 5336 3211 5381 mortuum
3255 5338 3450 5397 putat:
3482 5333 3643 5387 video
3684 5350 3769 5402 ego

2204 5408 2493 5483 mortuum,
2518 5432 2570 5473 et
2591 5436 2833 5473 somnum
2866 5436 2961 5489 pro
3004 5430 3172 5475 morte
3201 5422 3373 5477 video.
3420 5426 3495 5477 Ac
3522 5428 3767 5495 quemad-

2204 5510 2417 5564 modum
2450 5512 2502 5564 in
2533 5512 2698 5566 literis
2735 5513 2945 5577 acetdit,
2987 5522 3045 5568 ut
3074 5514 3257 5569 iisdem
3287 5516 3456 5569 oculis
3484 5517 3629 5586 ipsas
3661 5534 3765 5573 cer-

2202 5617 2409 5667 namus,
2438 5603 2576 5656 docti
2622 5613 2674 5657 et
2714 5604 2930 5667 indocti,
2981 5620 3079 5659 nec
3119 5606 3301 5661 eadem
3346 5617 3525 5662 tamen
3572 5622 3764 5671 mente;

2202 5694 2293 5748 sed
2310 5694 2397 5764 qui
2428 5694 2607 5748 literas
2638 5710 2740 5747 non
2769 5704 2980 5761 norunt,
3012 5711 3104 5751 cas
3133 5699 3299 5750 solum
3329 5714 3426 5767 pro
3456 5700 3647 5754 litteris
3685 5704 3765 5753 ha-

2203 5790 2386 5857 beant,
2423 5789 2508 5859 qui
2538 5803 2660 5843 vero
2706 5797 2921 5855 norunt,
2964 5804 3150 5859 magna
3183 5800 3295 5843 arte
3337 5805 3556 5846 sensum
3588 5794 3640 5846 iu
3676 5794 3764 5847 iliis
