3906 6266
105 362 269 421 ιοιθ

110 480 240 532 Καὶ
279 478 411 541 τοὺς
451 472 810 545 ἐκϐληθέντας
846 473 907 527 οὐ
955 472 1114 525 λυπεῖ
1142 469 1203 521 τὸ
1234 468 1539 538 γινόμενον,
1576 462 1711 517 ἀλλὰ

108 563 227 615 καὶ
265 560 548 629 εὐφραίνει
592 557 774 612 πλέον⁹
824 556 885 610 οὐ
929 553 1038 626 γὰρ
1077 555 1144 624 τῇ
1180 550 1497 622 καθαιρέσει
1542 562 1715 617 προσ-

110 647 319 717 έχουσι
340 646 405 714 τῇ
426 640 751 713 βλεπομένη,
782 639 921 695 ἀλλά
944 638 1042 708 την
1066 636 1365 707 μέλλουσαν
1390 631 1675 717 οἰκοδομὴν
1690 641 1717 670 ι

111 713 501 797 φαντάζονται
534 728 635 797 τὴν
672 727 733 778 οὐ
760 723 1115 795 βλεπομένην.
1150 718 1305 775 Οὕτω
1330 718 1394 789 δὴ
1425 718 1518 771 καὶ
1542 713 1719 777 ὁΘεδς

112 816 314 867 ποιεῖν
379 812 587 883 μέλλων
628 808 887 863 καταλύει
930 806 1088 878 ἡμῶν
1136 804 1199 858 τὸ
1233 802 1425 874 σῶμα,
1474 802 1569 855 καὶ
1622 799 1718 871 τὴν

112 896 456 951 ἐνοικοῦσαν
486 898 541 947 ἐν
570 894 717 964 αὐτῷ
750 892 925 963 ψυχὴν
952 891 1133 960 ἐξάγει
1160 888 1445 960 πρότερον,
1464 884 1716 955 καθάπερ

114 984 187 1049 ἐξ
219 983 401 1043 οἰκίας
422 980 587 1044 τινὸς,
616 981 701 1032 ἵνα
724 978 1110 1049 λαμπροτέραν
1136 975 1304 1043 αὐτὴν
1331 972 1714 1041 οἰκοδομήσας,

121 1064 280 1134 μετά
298 1063 542 1126 πλείονος
581 1062 748 1131 αὐτὴν
764 1061 920 1129 δόξης
936 1058 1205 1130 είσαγάγῃ
1229 1054 1410 1109 πάλιν.
1430 1055 1520 1124 Μὴ
1538 1053 1715 1107 τοίνυν

116 1154 197 1221 τῇ
238 1147 561 1218 καθαιρέσει
600 1145 975 1217 προσέχωμεν,
996 1141 1131 1195 ἀλλά
1166 1142 1233 1213 τῇ
1277 1138 1543 1211 μελλούσῃ
1575 1139 1719 1207 λαμ-

116 1232 389 1303 πρότητι.

206 1316 278 1387 β’.
296 1315 465 1368 Πάλιν
488 1313 778 1386 ἀνδριάντα
806 1329 889 1376 τις
917 1310 1055 1382 ἔχων
1080 1309 1142 1381 ίῷ
1156 1309 1248 1363 καὶ
1266 1308 1443 1380 χρόνῳ
1462 1306 1718 1379 διεφθαρ-

121 1401 331 1473 μένον,
380 1400 473 1453 καὶ
508 1398 679 1451 πολλὰ
702 1396 810 1451 τῶν
845 1395 1025 1467 μερῶν
1065 1393 1554 1464 ἀποτεθλασμένον,
1590 1409 1719 1445 συν-

116 1484 340 1555 τρίψας
376 1482 537 1537 αὐτὸν
567 1483 647 1545 είς
700 1480 1063 1552 χωνευτὴριον
1106 1476 1385 1548 ἐμϐάλλει,
1418 1476 1512 1530 καί¹
1551 1475 1718 1547 τήξας

120 1569 310 1622 αὐτὸν
377 1565 650 1637 ἀκριϐῶς,
712 1563 854 1617 οὕτω
924 1562 1305 1633 λαμπρότερον
1371 1559 1717 1614 ἀποδίδωσιν.

124 1653 360 1723 Ὠσπερ
382 1647 474 1704 οὖν
502 1652 533 1719 ἡ
572 1651 628 1702 ἐν
665 1646 743 1719 τῷ
782 1646 1131 1718 χωνευτηρίῳ
1169 1644 1426 1717 συντριϐὴ
1454 1645 1553 1697 οὐκ
1582 1645 1721 1713 ἀφα-

121 1737 358 1807 νισμδς,
386 1734 519 1788 ἀλλά
549 1731 943 1800 ἀνακαινισμός
995 1729 1077 1794 τίς
1111 1729 1225 1783 ἐστι
1265 1727 1360 1781 τοῦ
1408 1726 1722 1799 ἀνδριάντος

122 1820 380 1874 ἐκείνου·
406 1814 547 1869 οὕτω
572 1813 795 1868 καὶτῶν
828 1812 1113 1883 ἡμετέρων
1141 1812 1407 1881 σωμάτων
1438 1812 1464 1862 ὁ
1493 1809 1723 1873 θάνατος

122 1905 243 1957 οὐκ
265 1900 515 1955 ἀπώλειά
540 1899 621 1961 τίς
647 1898 812 1959 ἐστιν,
831 1895 965 1948 ἀλλά
1000 1895 1321 1957 ἀνανέωσις.
1348 1894 1515 1947 Ὅταν
1543 1893 1722 1946 τοίνυν

126 1986 285 2059 ἴδῃς,
328 1982 579 2052 καθάπερ
627 1982 686 2034 ἐν
719 1977 1089 2051 χωνευτηρίῳ,
1123 1977 1534 2059 καταρρέουσαν
1565 1976 1721 2059 ἡμῶν

123 2057 243 2139 την
283 2069 460 2138 σάρκα
486 2066 580 2118 καὶ
610 2062 947 2134 σηπομένην,
969 2062 1042 2133 μὴ
1073 2062 1203 2131 στῇς
1233 2060 1395 2130 μέχρι
1421 2058 1521 2128 τῆς
1549 2057 1724 2127 ὅψεως

125 2151 371 2221 ταύτης,
403 2148 538 2202 ἀλλά
562 2149 662 2218 τὴν
690 2145 1061 2216 ἀναχὼνευσιν
1087 2144 1343 2213 ἀνάμενε·
1365 2142 1460 2196 καὶ
1486 2141 1618 2213 μηδὲ
1644 2141 1723 2211 τῷ

134 2235 341 2305 μέτρῳ
368 2232 463 2285 τοῦ
507 2230 947 2303 παραδείγματος
978 2228 1255 2300 ἀρκεσθῇς
1278 2227 1475 2297 τούτῳ,
1501 2226 1616 2279 ἀλλ’
1633 2226 1725 2279 ἐπὶ

125 2319 207 2371 τὸ
236 2317 501 2389 πρότερον
535 2312 764 2385 πρόελθε
793 2312 871 2384 τῷ
904 2312 1067 2383 λόγῳ.
1117 2311 1173 2363 Ὀ
1207 2309 1306 2381 μὲν
1341 2308 1450 2380 γὰρ
1475 2307 1721 2380 ἀνδριανο

128 2401 369 2462 τοποιδς
426 2397 658 2469 χαλκοῦν
712 2394 963 2467 ἐμϐαλὼν
1018 2394 1205 2464 σῶμα,
1258 2394 1317 2446 οὐ
1367 2391 1599 2464 χρυσοῦν
1634 2392 1727 2445 καὶ

132 2483 423 2539 ἀθάνατόν
447 2500 527 2535 σοι
552 2480 844 2534 ἀποδίδωσι
870 2480 960 2532 τὸν
991 2479 1302 2551 ἀνδριάντα,
1330 2476 1466 2530 ἀλλὰ
1494 2475 1727 2546 χαλκοῦν

131 2566 444 2641 ἐργάζεται
482 2564 661 2619 πάλιν
690 2564 718 2615 ὁ
749 2563 804 2615 δὲ
825 2561 955 2626 Θεὸς
987 2562 1085 2631 οὐχ
1110 2560 1299 2623 οὕτως.
1342 2560 1478 2614 ἀλλά
1507 2560 1729 2629 πὴλινον

134 2651 249 2706 καὶ
302 2648 493 2719 θνητὸν
536 2644 792 2717 ἐμϐαλὼν
827 2645 1003 2715 σῶμα,
1056 2644 1291 2714 χρυσοῦν
1337 2644 1433 2696 καὶ
1465 2642 1730 2696 ἀθάνατον

136 2732 450 2787 ἀποδίδωσί
507 2747 588 2783 σοι
640 2730 733 2784 τὸν
790 2728 1114 2799 ἀνδριάντα·
1163 2726 1401 2797 φθαρτὸν
1451 2726 1621 2798 γὰρὴ
1655 2725 1730 2796 γῆ

133 2816 420 2885 δεξαμένη
453 2813 515 2866 τὸ
543 2813 699 2883 σῶμα
730 2815 819 2866 καὶ
844 2812 1130 2881 ἐπίκηρον,
1170 2809 1442 2880 ἄφθαρτον
1477 2810 1571 2862 καὶ
1597 2809 1732 2878 ἁκὴ-

139 2918 322 2973 ρατον
354 2897 640 2952 ἀποδίδωσι
669 2898 729 2949 τὸ
754 2896 905 2949 αὐτό.
938 2895 1027 2965 Μὴ
1074 2896 1253 2947 τοίνυν
1278 2895 1392 2965 ἴδῃς
1412 2896 1614 2947 ἐκεῖνον
1640 2893 1732 2945 τὸν

142 2984 445 3058 μεμυκότα
497 2985 622 3045 τοὺς
672 2980 1004 3050 ὀφθαλμοὺς,
1039 2978 1131 3032 τὸν
1187 2979 1398 3048 ἄφωνον
1447 2979 1729 3049 κείμενον,

135 3069 295 3128 ἀλλά
352 3068 441 3121 τὸν
490 3065 882 3135 ἀνιστάμενον,
924 3064 1014 3116 τὸν
1070 3063 1524 3134 ἀπολαμϐάνοντα
1573 3064 1731 3129 δόξαν

138 3158 399 3228 ἄρρητον
427 3151 520 3205 καὶ
562 3149 807 3221 φρικώδη
856 3149 951 3201 καὶ.
996 3148 1335 3219 θαυμαστὴν,
1370 3148 1465 3202 καὶ
1503 3148 1609 3201 ἀπὸ
1636 3148 1735 3219 τῆς

139 3237 442 3309 παρούσης
474 3236 650 3304 ὅψεως
699 3234 836 3303 πρὸς
892 3233 989 3300 τὴν
1040 3232 1338 3302 μέλλουσαν
1384 3232 1576 3285 ἐλπίδα
1608 3248 1734 3302 μετ-

141 3326 335 3391 ἁγαγε
369 3324 491 3383 τοὺς
522 3317 840 3386 λογισμούς.
892 3316 1051 3368 Ἀλλά
1103 3315 1388 3384 συνήθειαν
1433 3315 1731 3385 ἐπιζητεῖς,

143 3410 256 3461 καὶ
284 3406 373 3458 διά
410 3403 570 3456 τοῦτο
591 3401 755 3472 ὀδύρῃ
790 3402 884 3453 καὶ
911 3399 1131 3472 θρηνεῖς
1154 3417 1168 3465 ;
1206 3400 1315 3452 Kal
1337 3398 1455 3462 πῶς
1479 3398 1581 3451 οὐκ
1609 3400 1734 3453 ἄτο-

143 3509 285 3553 πον,
318 3491 368 3542 εἰ
406 3490 501 3559 μὲν
527 3486 743 3557 νυμφίῳ
772 3485 833 3537 τὸ
874 3483 1167 3553 θυγάτριον
1186 3483 1356 3554 δοίης,
1399 3479 1518 3536 εἶτα
1556 3482 1736 3537 λαϐὼν

144 3579 239 3637 εἰς
275 3573 490 3643 μακρὰν
514 3573 717 3632 ἐκεῖνος
743 3568 969 3623 ἁπέλθοι
994 3568 1197 3638 χώραν,
1227 3569 1322 3621 καὶ
1351 3568 1529 3632 καλῶς
1561 3570 1735 3640 πράτ-

143 3675 269 3714 των
296 3656 586 3725 διατελοίη,
608 3653 773 3725 μηδὲν
799 3652 1048 3723 ἡγεῖσθαι
1082 3651 1255 3705 δεινὸν
1270 3653 1330 3704 τὸ
1346 3653 1734 3723 γεγενημένον,

140 3746 227 3814 τῇ
258 3741 358 3805 τῆς
386 3738 694 3810 εὐπραγίας
730 3737 887 3809 φήμῃ
922 3734 1358 3806 παραμυθεῖσθαι
1402 3736 1500 3805 τῆς
1533 3736 1736 3805 ἀποδη-

150 3828 295 3899 μίας
331 3824 430 3876 ττν
467 3820 723 3892 ἀθυμίαν·
754 3818 987 3873 ἐνταῦθα
1017 3818 1073 3871 δὲ
1119 3818 1219 3870 οὐκ
1270 3818 1578 3887 ἀνθρώπου,
1614 3818 1737 3873 οὐδὲ

147 3906 454 3965 συνδούλου
479 3906 642 3968 τινὸς,
679 3903 793 3957 ἀλλ’
824 3902 989 3956 αὐτοῦ
1022 3900 1116 3953 τοῦ
1164 3902 1433 3954 Δεσπότου
1485 3901 1738 3964 λαϐόντος

146 3995 254 4047 τὸν
286 3991 625 4061 προσήκοντα
646 4027 659 4049 ,
684 3987 872 4054 ἀλγεῖν
911 3988 1004 4039 καὶ
1025 3984 1339 4056 ὀδύρεσθαι;

234 4076 349 4127 Kal
373 4072 488 4134 πῶς
518 4070 628 4127 οἶόν
652 4087 733 4134 τε,
769 4069 926 4141 φησὶ,
960 4069 1033 4140 μὴ
1062 4070 1245 4137 ἀλγεῖν
1272 4069 1556 4139 ἄνθρωπον
1578 4068 1736 4133 δντα;

150 4157 304 4213 Οὐδὲ
333 4155 443 4223 ἐγὼ
485 4154 642 4207 τοῦτο
672 4153 816 4221 λέγω
836 4170 852 4185 ’
886 4152 1009 4205 οὐδὲ
1041 4151 1140 4222 τὴν
1170 4149 1424 4219 ἀθυμίαν,
1468 4149 1605 4203 ἀλλά
1638 4153 1740 4223 τὴν

150 4245 416 4301 ἐπίτασιν
444 4242 543 4311 τῆς
584 4238 823 4308 ἀθυμίας
855 4236 1096 4308 ἀναιρῶ’
1130 4236 1190 4288 τὸ
1235 4237 1333 4307 μὲν
1368 4236 1476 4308 γὰρ
1512 4236 1739 4307 ἀθυμεῖν

149 4332 265 4402 τῆς
313 4328 556 4397 φύσεως,
599 4324 661 4376 τὸ
698 4323 754 4375 δὲ
795 4322 937 4393 πέρα
978 4320 1071 4374 τοῦ
1110 4321 1308 4392 μέτρου
1357 4320 1512 4374 τοῦτο
1566 4322 1741 4375 ποιεῖν

159 4412 369 4479 ιιεινίας
407 4412 501 4463 καὶ
540 4407 959 4480 παραφροσύνης
998 4408 1093 4460 καὶ
1136 4404 1502 4473 γυναικώδους
1538 4405 1737 4477 ψυχῆς.

158 4497 466 4563 ’Λλγησον,
512 4492 799 4563 δάκρυσον,
844 4489 979 4542 ἀλλά
1024 4491 1097 4561 μὴ
1146 4490 1613 4563 ἀποδυσπετήσῃς,
1665 4491 1739 4561 μὴ

151 4579 540 4650 δυσχεράνῃς,
605 4576 679 4647 μὴ
744 4576 1162 4647 ἀγανακτήσῃς
1221 4574 1611 4645 εὐχαρίστησον
1662 4575 1742 4646 τῷ

154 4664 520 4731 λαμϐάνοντι,
552 4660 635 4712 ἵνα
672 4659 821 4731 [765]
855 4660 1140 4730 κοσμήσῃς
1172 4658 1262 4711 τὸν
1294 4658 1615 4721 ἀπελθόντα,
1647 4662 1740 4712 καὶ

154 4746 402 4817 λαμπρά
450 4743 621 4796 ταῦτα
669 4742 818 4811 αὐτῴ
867 4742 1170 4812 συμπέμψῃ
1218 4744 1465 4810 ἐντάφια.
1496 4744 1592 4793 Ἂν
1640 4743 1739 4811 μὲν

152 4834 282 4902 γὰρ
316 4828 668 4899 δυσχεράνῃς,
705 4827 953 4880 κάκεῖνον
992 4824 1356 4896 καθύϐρισας,
1398 4826 1491 4879 καὶ
1530 4826 1620 4880 τὸν
1647 4826 1742 4880 λα.

155 4917 339 4970 δόντα
381 4911 737 4983 παρώξυνας,
785 4913 877 4964 καὶ
928 4911 1124 4964 σαυτὸν
1176 4911 1547 4979 κατέϐλαψας’
1591 4912 1657 4965 ἂν
1688 4913 1742 4967 δὲ

157 5001 594 5069 εὐχαριστὴσῃς,
630 4996 879 5050 κάκεῖνον
912 4994 1243 5062 ἐκόσμησας,
1276 4994 1368 5046 καὶ
1396 4995 1486 5049 τὸν
1514 4995 1743 5051 λαϐόντα

156 5084 465 5149 ὲδόξασας,
515 5082 607 5133 καί⁹
650 5080 845 5132 σαυτὸν
893 5079 1200 5149 ὠφέλησας.
1256 5078 1535 5148 Δάκρυσον
1591 5081 1666 5144 ὡς
1715 5086 1744 5137 ὁ

154 5171 450 5234 Δεσπότης
494 5182 587 5218 σου
638 5164 901 5236 ἐδάκρυσε
943 5163 1033 5215 τὸν
1059 5160 1330 5231 Λάζαρον,
1369 5163 1539 5234 μέτρα
1577 5166 1745 5230 τιθεὶς

159 5256 309 5325 ἡμῖν
340 5255 433 5305 καὶ
476 5250 705 5312 κανόνας
738 5249 831 5302 καὶ
866 5250 1025 5320 ὅρους
1072 5248 1330 5319 ἀθυμίας,
1361 5246 1454 5311 οὓς
1486 5250 1745 5321 ὑπερϐαί-

157 5355 288 5389 νειν
330 5338 390 5389 οὐ
436 5335 535 5387 δεῖ.
574 5332 730 5386 Οῦτω
764 5333 856 5386 καὶ
908 5332 1117 5395 Παῦλος
1163 5330 1312 5386 εἴπεο
1346 5335 1483 5404 Περὶ
1519 5333 1586 5387 δὲ
1631 5334 1747 5388 τῶν

158 5419 639 5489 κεκοιμημένων.
668 5418 848 5488 φησὶν,
877 5420 947 5471 οὺ
978 5417 1127 5472 θέλω
1168 5418 1323 5488 ὑμᾶς
1353 5421 1613 5489 ἀγνοεῖν,
1644 5422 1745 5476 ἵνα

153 5508 257 5580 μὴ
307 5504 616 5572 λυπῆσθε,
660 5504 739 5569 ὠς
783 5502 880 5555 καὶ
931 5504 985 5555 οἱ
1035 5503 1235 5557 λοιποὶ
1287 5506 1339 5558 οἱ
1380 5504 1464 5573 μὴ
1504 5504 1747 5573 ἔχοντες

159 5588 415 5647 ἐλπίδα.
438 5587 644 5652 Λυποῦ,
663 5586 847 5656 φησὶν,
872 5585 1007 5639 ἀλλὰ
1024 5586 1098 5657 μὴ
1115 5587 1189 5649 ὡς
1207 5587 1403 5658 Ἕλλην
1430 5590 1457 5638 ὁ
1473 5588 1746 5656 ἀπογινὼ-

166 5690 327 5735 σκων
354 5671 723 5736 ἀναστάσεως,
746 5673 773 5724 ὁ
794 5669 1110 5735 ἀπελπίζων
1127 5670 1225 5742 τὴν
1253 5671 1548 5741 μέλλουσαν
1575 5672 1742 5743 ζωήν.

244 5809 269 5839 ³
301 5806 435 5857 [ἠυε
457 5808 728 5868 οίκοδομήν,
756 5807 878 5857 alius
905 5806 1285 5871 οἰκοδομηθῆναι,
1310 5808 1432 5857 alius
1452 5809 1719 5871 οἰκοδομεῖν

1369 348 1456 403 DE
1494 345 1770 403 LAZARO
1808 341 2053 400 CONCIO
2096 344 2154 399 ν.

3259 345 3279 398 ί
3290 345 3395 400 091)

1823 460 2179 531 Αἰσχύνομαι,
2222 458 2562 525 πιστεύσατε,
2602 462 2696 515 καὶ
2732 458 2987 531 ἐρυθριῶ,
3019 458 3105 513 διά
3137 460 3234 531 τῆς
3263 462 3393 529 ἀγο-

1823 546 1920 613 ρᾶς
1958 544 2149 615 χοροὺς
2180 544 2453 611 γυναικῶν
2503 542 2644 615 δρῶν
2697 542 3162 614 ἀσχημονοῦντας,
3206 544 3392 614 τρίχας

1819 628 2151 698 τιλλομένας,
2188 626 2477 699 βραχίονας
2504 629 2863 698 τεμνομένας,
2896 628 3124 699 παρειὰς
3154 645 3421 699 σπαρατε

1818 712 2070 782 τομένας,
2126 711 2228 763 ὐπὸ
2278 713 2391 774 τοῖς
2424 709 2722 781 ὀφθαλμοῖς
2771 710 2877 763 τῶν
2911 708 3176 778 Ἑλλήνων
3224 710 3397 763 ταῦτα

1818 796 2097 865 γινόμενα.
2147 794 2210 846 Τί
2266 794 2374 865 γὰρ
2433 795 2531 846 οὐκ
2584 793 2799 864 ἐροῦσιν
2853 796 3081 858 ὲκεῖνοι;
3129 793 3180 845 τί
3230 793 3287 845 δὲ
3335 794 3397 846 οὐ

1819 878 2138 947 φθέγξονται
2184 878 2311 947 περὶ
2345 876 2529 948 ἡμῶν;
2563 871 2720 929 Οὗτοί
2756 878 2892 928 είσιν
2925 879 2970 929 οί
3012 878 3138 947 περὶ
3172 877 3398 929 ἀναστάς

1821 978 1958 1025 σεως
1994 960 2445 1030 φιλοσοφοῦντες;
2504 960 2648 1012 Πάνυ
2703 975 2784 1027 γε.
2822 960 2896 1011 Οὐ
2945 958 3052 1028 γάρ
3111 956 3395 1029 συμϐαίνει
3480 1014 3483 1017 ,

1818 1048 1930 1109 τοῖς
1959 1046 2189 1116 δόγμασι
2235 1045 2302 1097 τὰ
2333 1053 2629 1114 γινόμενα·
2662 1044 2719 1096 ἐν
2749 1045 2954 1114 ῥήμασι
2997 1044 3064 1094 τά
3099 1044 3224 1113 περὶ
3266 1045 3397 1096 ἀνα-

1822 1130 2062 1193 στάσεως
2099 1129 2467 1199 φιλοσοφοῦσι,
2498 1128 2592 1181 καὶ
2633 1130 2690 1180 ἐν
2725 1130 2835 1190 τοῖς
2869 1127 3156 1197 πράγμασι
3185 1127 3251 1179 τά
3291 1128 3400 1179 τῶν

1819 1213 2214 1281 ἀπεγνωκότων
2258 1213 2533 1266 ποιοῦσιν·
2574 1213 2622 1264 εί
2654 1211 2917 1282 ἐθάρρουν
2960 1205 3122 1273 οὗτοι,
3155 1211 3236 1263 ὅτι
3271 1210 3401 1264 ἀνά-

1823 1296 2010 1359 στασίς
2058 1299 2239 1359 ἐστιν,
2291 1296 2392 1348 οὐκ
2443 1294 2507 1348 ἂν
2552 1294 2724 1346 ταῦτα
2774 1292 3064 1362 ἐποίησαν⁸
3115 1293 3163 1345 εί
3212 1310 3402 1345 πεπει-

1821 1381 1977 1444 κότες
2002 1376 2142 1451 ἦσαν
2169 1381 2411 1443 ἑαυτοὺς.
2439 1380 2520 1432 ὅτι
2550 1377 2684 1450 πρὸς
2718 1376 2961 1447 βελτίονα
2988 1377 3137 1447 λῆξιν
3161 1375 3403 1446 ἀπῆλθεν

1821 1460 2005 1527 οὗτος,
2048 1463 2149 1516 οὐκ
2183 1461 2248 1516 ἂν
2291 1462 2620 1533 ἐθρήνησαν.
2661 1460 2847 1513 Ταῦτα
2894 1461 2988 1513 καὶ
3028 1459 3248 1511 πλείονα
3279 1457 3402 1510 τού-

1822 1566 1929 1601 των
1960 1547 2205 1615 λέγουσιν
2231 1546 2281 1598 οἱ
2305 1547 2521 1600 ἄπιστοι
2546 1545 2651 1597 τῶν
2689 1543 2902 1615 θρήνων
2933 1543 3155 1596 ἐκείνων
3182 1541 3404 1595 ἀκούον-

1821 1646 1932 1693 τες.
1968 1627 2363 1699 Αίσχυνώμεθα
2394 1628 2590 1693 τοίνυν,
2624 1628 2718 1681 καὶ
2773 1626 3161 1697 σοφρωνῶμεν,
3194 1625 3288 1677 καὶ
3323 1626 3399 1695 μὴ

1822 1713 2087 1783 τοσαύτην
2135 1712 2228 1765 καὶ
2281 1713 2494 1774 ἑαυτοῖς
2549 1711 2642 1763 καὶ
2677 1713 2790 1774 τοῖς
2835 1709 3003 1781 ὁρῶσι
3054 1708 3401 1779 προξενῶμεν

1821 1797 1921 1867 τὴν
1976 1794 2204 1865 βλάϐην.
2238 1792 2395 1856 Τίνος
2427 1793 2535 1863 γὰρ
2562 1793 2764 1846 ἕνεκεν.
2808 1793 2928 1844 εἰπέ
2985 1807 3108 1862 μοι,
3143 1791 3401 1861 δακρύεις

1823 1878 1963 1932 οὕτω
1994 1876 2460 1941 τδν¹ἀπελθόντα;
2507 1878 2588 1929 ὅτι
2628 1876 2862 1948 πονηρὸς
2909 1871 3014 1946 ἦν;
3061 1873 3268 1927 Οὐκοῦν
3314 1873 3402 1926 διὰ

1823 1961 1981 2014 τοῦτο
2028 1962 2366 2031 εὐχαριστεῖν
2399 1961 2497 2022 δεῖ,
2546 1960 2630 2012 ὅτι
2670 1959 2903 2029 ἐνεκόπη
2962 1957 3031 2010 τά
3069 1957 3169 2027 τῆς
3205 1957 3399 2018 κακίας

1825 2044 1992 2114 αὐτῷ.
2037 2044 2195 2096 Ἀλλὰ
2240 2043 2474 2115 χρηστὸς
2505 2042 2598 2095 καὶ
2636 2042 2921 2113 ἐπιεικής;
2958 2041 3068 2095 Kal
3110 2041 3196 2093 διὰ
3245 2041 3403 2093 τοῦτο

1825 2128 2034 2199 χαίρειν
2062 2128 2162 2191 δεῖ,
2205 2127 2287 2180 ὅτι
2334 2124 2540 2196 ταχέως
2580 2124 2825 2195 ἡρπάγη,
2874 2125 3003 2195 πρὶν
3050 2124 3083 2194 ἢ
3122 2126 3187 2194 τῇ
3233 2124 3404 2193 κακίᾳ

1829 2200 2032 2282 ἀλλάξῃ
2075 2210 2313 2270 σύνεσιν,
2362 2210 2454 2261 καὶ
2490 2207 2732 2277 ἀπῆλθεν
2765 2210 2842 2269 εἰς
2893 2207 3092 2278 χωρίον
3135 2207 3263 2260 ἔνθα
3314 2209 3401 2258 ἐπ’

1829 2295 2127 2364 ἀσφαλείας
2168 2293 2353 2345 λοιπὸν
2392 2291 2611 2361 ἕστηκε,
2660 2290 2755 2343 καὶ
2790 2290 3089 2361 μεταϐολὴν
3129 2291 3227 2343 οὐκ
3260 2290 3404 2343 ἐστιν

1832 2377 2174 2432 ὑποπτεῦσαι
2206 2394 2351 2430 τινα.
2389 2374 2547 2427 Ἀλλά
2581 2375 2698 2438 νέος
2730 2370 2826 2442 ἧν;
2866 2374 2975 2426 Καὶ
3006 2374 3093 2427 διὰ
3133 2374 3290 2426 τοῦτο
3321 2374 3406 2426 δό-

1831 2461 1990 2526 ξασον
2030 2461 2120 2513 τὸν
2146 2459 2397 2521 λαϐόντα,
2424 2460 2506 2511 ὅτι
2543 2458 2750 2527 ταχέως
2794 2457 2953 2509 αὐτὸν
2997 2459 3129 2529 πρὸς
3157 2458 3255 2527 τὴν
3288 2458 3407 2527 βελ-

1828 2545 1977 2598 τίονα
2028 2542 2180 2614 λῆξιν
2221 2542 2499 2595 ἐκάλεσεν.
2542 2540 2701 2593 Ἀλλά
2754 2540 3111 2611 γεγηρακώς
3164 2542 3272 2594 Καὶ
3319 2542 3406 2594 διὰ

1828 2626 1985 2679 τοῦτο
2015 2625 2427 2694 εὐχαρίστησον,
2455 2624 2549 2675 καὶ
2574 2623 2666 2676 τὸν
2698 2622 2930 2675 λαϐόντα
2963 2622 3184 2685 δόξασόν
3221 2624 3403 2677 πάλιν.

1829 2707 2156 2779 Αίσχύνθητι
2196 2706 2258 2757 τὸ
2296 2705 2480 2775 σχῆμα
2526 2706 2625 2774 τῆς
2655 2707 2920 2774 ἐκφορᾶς’
2952 2705 3277 2776 ψαλμῳδίαι,
3312 2707 3406 2759 καὶ

1832 2792 2016 2861 εὐχαὶ,
2055 2789 2148 2843 καὶ
2190 2789 2441 2861 πατέρων
2486 2787 2758 2855 σύλλογος,
2805 2790 2899 2840 καὶ
2932 2787 3132 2857 πλῆθος
3166 2788 3409 2857 ἀδελφῶν

1830 2875 2102 2937 τοσοῦτον,
2144 2873 2243 2942 οὐχ
2278 2873 2364 2924 ἵνα
2407 2872 2598 2943 κλαίῃς
2643 2872 2736 2923 καὶ
2768 2871 2934 2943 ὀδύρῃ
2974 2872 3067 2923 καὶ
3107 2872 3410 2925 ἀποδυσπε-

1830 2964 1950 3031 τῇς,
1984 2958 2099 3012 ἀλλ’
2131 2958 2219 3011 ἵνα
2249 2956 2578 3027 εὐχαριστῇς
2617 2954 2696 3024 τῷ
2723 2954 2961 3008 λαϐόντι.
3005 2955 3270 3027 Καθάπερ
3299 2956 3409 3027 γάρ

1830 3044 1958 3106 τούς
2009 3040 2097 3095 ἐπ’
2126 3040 2299 3112 ἀρχὴν
2353 3039 2722 3109 καλουμένους
2779 3038 2966 3092 πολλοὶ
3024 3040 3409 3110 προπέμπουσι

1831 3129 1951 3190 ταῖς
1985 3126 2304 3196 εὐφημίαις,
2339 3123 2482 3176 οὓτω
2512 3124 2604 3177 καὶ
2636 3124 2743 3177 τῶν
2778 3124 2948 3192 ἁγίων
2976 3125 3098 3186 τοὺς
3129 3124 3408 3187 ἀπιόντας,

1834 3209 1930 3264 ἃτε
1982 3210 2076 3261 ἐπὶ
2134 3207 2353 3279 μείζονα
2406 3206 2705 3277 κληθέντας
2766 3208 2953 3277 τιμὴν,
3010 3208 3146 3277 μετά
3211 3207 3411 3278 πολλῆς

1834 3292 2074 3356 ἅπαντες
2103 3292 2492 3364 προπέμπουσι
2520 3290 2620 3359 τῆς
2651 3291 2948 3360 εὐφημίας.

1918 3377 2245 3439 Ἀνάπαυσίς
2284 3377 2429 3427 ἐστιν
2455 3377 2483 3426 ό
2512 3374 2761 3437 θάνατος,
2798 3373 3032 3445 ἱδρώτων
3064 3375 3156 3426 καὶ
3199 3375 3413 3445 φροντί-

1834 3461 1941 3514 δων
1987 3459 2239 3531 βιοτικῶν
2288 3458 2600 3528 ἀπαλλαγή.
2634 3457 2802 3510 Ὅταν
2850 3453 2942 3509 οὖν
2986 3458 3100 3528 ἴδῃς
3138 3458 3258 3510 τινὰ
3305 3457 3414 3511 τῶν

1836 3544 2217 3616 προσηκόντων
2261 3541 2563 3594 ἀπελθόντα
2600 3539 2881 3601 ἐντεῦθεν,
2927 3541 2999 3610 μὴ
3047 3541 3413 3613 δυσχεράνῃς,

1836 3627 1974 3682 ἀλλὰ
2024 3625 2383 3695 κατανύγηθι,
2421 3624 2558 3694 πρὸς
2606 3623 2830 3676 σεαυτὸν
2865 3623 3142 3685 ἐπάνελθε,
3180 3625 3239 3676 τὸ
3291 3642 3416 3677 συν-

1838 3712 1974 3774 ειδὸς
2006 3710 2282 3775 ἐξέτασον,
2316 3709 2589 3780 σκόπησον
2629 3710 2709 3762 ὅτι
2750 3708 2843 3761 καὶ
2873 3708 2933 3760 σὲ
2967 3708 3159 3778 μικρὸν
3190 3708 3414 3780 ὕστερον

1836 3794 1993 3847 τοῦτο
2028 3794 2179 3864 μένει
2209 3792 2271 3845 τὸ
2296 3792 2472 3856 τέλος.
2502 3793 2541 3844 Γ
2544 3791 2665 3846 ενοῦ
2696 3792 3130 3862 σωφρονέστερος
3152 3792 3241 3844 καὶ
3268 3792 3415 3856 δέξαι

1839 3876 2003 3946 φόϐον
2046 3877 2154 3928 ἀπὸ
2193 3876 2293 3945 τῆς
2326 3876 2510 3948 ἐτέρου
2549 3875 2830 3944 τελευτῆς,
2861 3875 2957 3928 καὶ
3004 3874 3271 3946 ρᾳθυμίαν
3314 3892 3413 3928 περ

1844 3960 2063 4031 ρίκοψον
2098 3960 2331 4021 ἃπασαν,
2376 3960 2692 4027 ἀναλόγισαι
2729 3958 2798 4011 τά
2849 3958 3229 4028 πεπραγμένα.
3272 3959 3416 4032 διόρ-

1842 4044 2012 4096 θωσον
2049 4043 2119 4096 τά
2150 4043 2531 4113 ἡμαρτημένα,
2568 4045 2795 4113 ἀρίστην
2830 4043 3053 4113 ποίησον
3090 4043 3411 4117 μεταϐολήν.

1841 4126 2027 4197 Τούτῳ
2059 4126 2419 4197 διεστήκαμεν
2444 4127 2552 4179 τῶν
2585 4126 2847 4190 ἀπίστων,
2878 4126 2954 4195 τῷ
2989 4127 3197 4197 κρίσεις
3224 4128 3416 4199 ἐτέρας

1841 4211 1969 4281 περὶ
2018 4210 2127 4263 τῶν
2186 4211 2524 4280 πραγμάτων
2593 4210 2755 4280 ἔχειν.
2801 4211 2933 4281 Ὁρᾷ
2981 4211 3072 4263 τὸν
3115 4211 3341 4281 οὐρανὸν
3387 4214 3417 4265 ὁ

1841 4296 2099 4357 ἄπιστος,
2151 4294 2246 4345 καὶ
2293 4296 2623 4363 προσκυνεῖο
2674 4294 2792 4347 θεὸν
2826 4294 2934 4365 γάρ
2994 4290 3130 4348 εἶναι
3176 4294 3413 4365 νομίζει·

1842 4379 1945 4450 ὁρᾷ
2000 4378 2097 4447 τὴν
2145 4378 2269 4447 γῆν,
2318 4375 2468 4449 [766]
2508 4377 2603 4432 καὶ
2655 4378 2963 4448 θεραπεύει,
3018 4379 3110 4431 καὶ
3166 4379 3301 4449 πρὸς
3349 4382 3417 4434 τά

1844 4463 2075 4532 αἰσθητά
2108 4462 2353 4532 κέχηνεν,
2394 4462 2532 4515 Ἀλλ’
2566 4465 2723 4533 ἡμεῖς
2756 4465 2853 4533 οὐχ
2896 4464 3067 4528 οὕτως
3088 4481 3099 4493 ⁸
3131 4466 3246 4519 ἀλλ’
3278 4467 3416 4539 ὁρῶ-

1848 4564 1946 4618 μεν
1970 4547 2061 4599 τὸν
2089 4545 2334 4615 οὐρανὸν,
2377 4548 2470 4598 καὶ
2499 4547 2590 4599 τὸν
2624 4548 2957 4616 πεποιηκότα
3000 4549 3160 4601 αὐτὸν
3200 4550 3417 4621 θαυμά-

1847 4631 2042 4699 ζομεν⁶
2076 4630 2137 4682 οὐ
2167 4628 2274 4698 γάρ
2333 4627 2452 4681 θεὸν
2506 4628 2689 4692 αὐτὸν,
2748 4629 2862 4681 ἀλλ’
2915 4630 3073 4701 ἔργον
3113 4628 3249 4685 εἶναι
3279 4634 3413 4687 Θεοῦ

1846 4711 2312 4781 πεπιστεύκαμεν.
2355 4711 2496 4781 Ὀρῶ
2544 4712 2642 4781 τὴν
2694 4714 2869 4765 κτίσιν
2930 4715 3167 4781 ἃπασαν,
3222 4718 3314 4770 καὶ
3347 4717 3416 4770 δι’

1846 4796 2017 4865 αὐτῆς
2074 4794 2516 4866 χειραγωγοῦμαι
2560 4795 2699 4866 πρὸς
2754 4796 2846 4849 τὸν
2893 4797 3243 4869 δημιουργόν.
3285 4802 3415 4871 Ὁρᾷ

1846 4880 2074 4934 πλοῦτον
2101 4881 2328 4942 ἐκεῖνος,
2362 4882 2457 4932 καὶ
2501 4879 2696 4951 κέχηνε
2735 4882 2828 4934 καὶ
2854 4882 3265 4953 ἐκπέπληκται·
3306 4885 3415 4954 ὁρῶ

1847 4963 2074 5017 πλοῦτον
2119 4963 2250 5031 ἐγὼ,
2292 4963 2384 5016 καὶ
2418 4963 2723 5030 καταγελῶ.
2758 4965 2890 5034 Ὀρᾷ
2940 4966 3129 5019 πενίαν
3176 4969 3412 5031 ἐκεῖνος,

1847 5048 1941 5101 καὶ
1975 5046 2252 5119 ὀδύρεται*
2288 5046 2398 5119 ὁρῶ
2432 5046 2619 5100 πενίαν
2644 5045 2775 5114 ἐγὼ,
2805 5046 2897 5099 καὶ
2926 5046 3244 5120 ἀγάλλομαι,
3278 5052 3418 5104 Ἐτέ.

1852 5148 1957 5202 ρως
1985 5130 2097 5200 ἐγὼ
2132 5129 2311 5200 βλέπω
2338 5129 2408 5182 τά
2446 5130 2765 5200 πράγματα,
2810 5132 2902 5184 καὶ
2944 5134 3144 5203 ἑτέρως
3187 5136 3411 5197 ἐκεῖνος.

1848 5213 2005 5269 Οὐτω
2054 5215 2147 5267 καὶ
2193 5216 2282 5267 ἐπὶ
2327 5211 2419 5266 τοῦ
2471 5213 2700 5267 θανάτου
2747 5212 3040 5283 ποιοῦμεν·
3091 5217 3192 5287 ὁρᾷ
3224 5219 3415 5288 νεκρὸν

1849 5300 2072 5364 ἐκεῖνος,
2118 5298 2211 5351 καὶ
2250 5296 2456 5368 νομίζει
2486 5299 2677 5368 νεκρὸν
2705 5293 2841 5352 εἶναι
2868 5318 2882 5330 ο
2916 5300 3027 5371 ὁρῶ
3066 5303 3255 5373 νεκρὸν
3284 5304 3415 5371 ἐγὼ⁹

1850 5384 1942 5437 καὶ
1985 5383 2150 5436 ὐπνον
2184 5382 2303 5435 ἀντὶ
2351 5381 2579 5436 θανάτου
2617 5382 2817 5453 βλέπω.
2862 5385 2971 5438 Καὶ
3019 5385 3271 5457 καθάπερ
3323 5390 3416 5443 ἐπι

1850 5468 1955 5522 τῶν
1983 5466 2320 5539 γραμμάτων
2346 5469 2457 5530 τοῖς
2493 5468 2591 5537 μὲν
2618 5468 2799 5532 αὐτοῖς
2828 5468 3041 5540 ὁρῶμεν
3062 5470 3200 5525 αὐτά
3223 5471 3417 5540 ὀφθαλο

1853 5554 1970 5622 μοῖς
2011 5551 2062 5603 οῖ
2095 5568 2154 5602 τε
2188 5550 2410 5613 εἰδότες,
2438 5551 2491 5602 οἵ
2521 5567 2581 5602 τε
2631 5552 2950 5620 ἀγνοοῦντες
2990 5554 3058 5608 τά
3092 5555 3415 5627 γράμματα,

1849 5636 1909 5687 οὐ
1934 5637 2000 5706 τῇ
2025 5634 2168 5704 αὐτῇ
2192 5634 2249 5686 δὲ
2275 5634 2503 5706 διανοίᾳ,
2530 5634 2644 5688 ἀλλ’
2676 5636 2726 5688 οἱ
2760 5637 2859 5709 μὲν
2884 5639 2983 5691 οὐκ
3010 5638 3209 5702 ειδότες
3240 5640 3418 5710 γράμ-

1856 5714 2410 5805 ματα,γάπλῶς.εἵναι
2449 5718 2728 5805 νομίξουσι
2772 5719 2841 5774 τὰ
2898 5721 3222 5793 βλεπόμενα,
3262 5726 3310 5775 οί
3360 5722 3418 5774 δὲ

1858 5804 2202 5873 ἐπιστάμενοι
2236 5804 2371 5875 μετά
2418 5804 2615 5875 πολλῆς
2652 5805 2845 5877 τέχνης
2879 5806 2969 5862 τὸν
3001 5808 3416 5879 ἐναποκείμεννι
