3906 6244
530 301 656 358 1021

527 413 648 469 νοῦν
673 411 1046 480 ἀναλέγονται·
1079 411 1221 464 οῦτω
1245 411 1309 482 δὴ
1353 412 1448 463 καὶ
1482 411 1573 464 ἐπὶ
1601 414 1707 465 τῶν
1746 415 2086 482 πραγμάτων

526 499 640 561 τοῖς
677 497 774 566 μὲν
805 496 986 557 αὐτοῖς
1031 483 1325 564 ὀφθαλμοῖς
1355 493 1568 565 ὁρῶμεν
1601 493 1667 546 τά
1703 493 2084 563 συμϐαίνοντα,

527 581 590 633 00
638 582 702 648 τῇ
740 579 876 648 αὐτῇ
910 578 965 630 δὲ
1018 575 1224 647 διανοίᾳ
1269 577 1360 629 καὶ
1402 576 1615 648 γνώμῃ.
1667 577 1730 629 Ol
1769 575 1944 629 τοίνυν
1992 576 2086 627 ἐπὶ

523 662 632 713 τῶν
686 661 860 714 ἀλλων
910 659 1159 713 ἀπάντων
1207 659 1547 731 διεστηκότες
1591 659 1789 724 αὐτῶν,
1842 660 1900 712 ἐν
1966 661 2086 722 ταῖς

526 748 653 814 περὶ
681 743 773 796 τοῦ
807 743 1033 797 Θανάτου
1067 743 1430 812 συμπέσωμεν
1464 741 1690 813 ψήφως,

499 839 508 855 ’
595 835 665 898 γ’.
695 828 974 899 Ἐννόησον
1007 842 1144 896 προς
1166 826 1287 879 τινα
1303 825 1534 896 ἀπῆλθε,
1567 827 1658 878 καὶ
1673 825 1802 878 λαϐὲ
1833 842 2086 895 παραμυ-

526 912 678 965 θίαν
736 912 862 965 ἔνθα
913 909 1120 973 Παῦλός
1153 912 1321 974 ἐστιν,
1373 909 1500 962 ἔνθα
1549 909 1770 978 Πέτρος,
1802 907 1929 962 ἔνθα
1979 909 2086 961 τῶν

528 998 694 1065 ἁγίων
719 997 748 1048 0
765 994 922 1068 χορὸς
943 995 1117 1057 ἀπαςο
1148 994 1397 1064 ἐννόησον
1421 991 1537 1055 πῶς
1564 993 1940 1062 ἀναστήσεται.
1965 992 2085 1060 μεθ’

524 1081 655 1149 ὅσης
681 1079 837 1148 δόξης
885 1079 978 1131 καὶ
1025 1075 1405 1146 λαμπρότητος
1425 1092 1438 1105 ·
1492 1075 1741 1143 ἐννόησον
1765 1075 1846 1127 ὃτι
1877 1073 2084 1127 πενθῶν

525 1164 619 1216 καὶ⁴
649 1162 968 1231 ὀδυρόμενος
1000 1159 1120 1212 ούτε
1150 1159 1208 1212 τὸ
1241 1157 1601 1228 γεγενημένον
1631 1157 1835 1227 δυνήσῃ
1865 1156 2084 1228 διορθὼο

529 1245 722 1298 σασθαι
753 1246 864 1307 τοῖς
907 1243 1178 1314 ὀδυρμοῖς,
1237 1242 1330 1294 καὶ
1366 1241 1560 1294 σαυτὸν
1607 1239 1972 1309 καταϐλάψεις
2017 1240 2086 1293 τὰ

525 1331 725 1399 ἔσχατα
743 1347 756 1361 ο
787 1328 1034 1398 ἐννόησον
1057 1326 1206 1388 τίνας
1239 1329 1374 1396 μιμῇ
1397 1325 1554 1378 τοῦτο
1582 1323 1770 1386 ποιῶν,
1794 1325 1890 1378 καὶ
1919 1323 2084 1392 φεῦγε

526 1415 622 1482 τὴν
641 1412 919 1466 κοινωνίαν
941 1413 1038 1481 τῆς
1064 1410 1350 1480 ἁμαρτίας.
1377 1409 1539 1471 Τίνας
1567 1405 1659 1461 οὖν
1696 1410 1834 1478 μιμῇ
1874 1407 1967 1460 καὶ
1991 1407 2086 1478 ζη-

525 1499 634 1560 λοῖς
660 1514 674 1560 ;
711 1496 846 1558 Τοὺς
879 1494 1139 1556 ἀπίστους
1165 1505 1213 1557 ⁸,
1240 1494 1364 1555 τοὺς
1396 1493 1495 1545 οὐκ
1517 1491 1738 1562 ἔχοντας
1762 1491 1971 1555 ἐλπίδα,
1989 1509 2086 1544 κα-

525 1580 699 1650 θάπερ
723 1579 815 1632 καὶ
840 1579 867 1630 0
899 1576 1106 1640 Παῦλος
1150 1570 1334 1629 εἶπεν·
1369 1575 1501 1628 "Ira
1551 1575 1628 1643 μὴ
1669 1574 1968 1642 λυπῆσθε,
2005 1574 2086 1638 ὡς

523 1666 621 1717 καὶ
654 1665 707 1716 οἱ
733 1661 930 1715 λοιποὶ
961 1663 1014 1714 οἱ
1034 1659 1121 1728 μὴ
1149 1659 1393 1728 ἔχοντες
1418 1659 1654 1714 ἐλπίδα.
1711 1659 1820 1711 Kal
1853 1658 2085 1729 πρόσεχε

520 1750 589 1818 τῇ
617 1746 712 1800 τοῦ
745 1746 983 1817 ῥήματος
1007 1743 1290 1813 ἀκριϐείᾳο
1317 1745 1377 1795 ού
1403 1743 1509 1814 γὰρ
1542 1741 1713 1804 εἶπεν,
1743 1744 1807 1795 UE
1839 1742 1913 1814 μὴ
1939 1741 2085 1812 ἔχον-

521 1852 613 1898 τες
643 1833 831 1886 ἐλπίδα
855 1833 1220 1895 ἀναστάσεως,
1247 1831 1360 1884 ἀλλ’
1394 1829 1600 1894 ἁπλῶς,
1637 1833 1699 1884 οι
1723 1828 1822 1899 μὴ⁸
1841 1830 2086 1898 ἔχοντες

520 1917 757 1973 ἐλπίδα.
800 1918 856 1970 Ὀ
877 1917 984 1986 γὰρ
1021 1915 1208 1968 ἐλπίδα
1235 1915 1334 1984 τῆς
1382 1916 1497 1967 ἐκεῖ
1543 1913 1773 1984 κρίσεως
1803 1913 1877 1984 μὴ
1907 1913 2046 1983 ἔχων
2068 1953 2083 1976 ,

522 2001 776 2071 οὐδεμίαν
802 1999 991 2053 ἐλπίδα
1029 1997 1163 2068 ἔχει,
1195 1998 1302 2050 οὐδ’
1327 1999 1410 2050 ὃτι
1434 1996 1564 2060 Θεός
1590 1997 1738 2050 ἐστιν
1767 1993 1906 2049 οἶδεν
1926 2037 1940 2056 ,
1976 1997 2084 2050 οὐδ’

523 2087 605 2138 ὃτι
637 2086 940 2156 προνοεῖται
969 2082 1078 2135 τῶν
1117 2081 1397 2150 παρόντων
1447 2081 1814 2152 πραγμάτων,
1866 2080 1975 2132 οὐδ’
2002 2081 2084 2133 ὅτι

521 2170 591 2222 τά
619 2169 797 2221 πάντα
825 2167 944 2220 θεία
967 2184 1051 2229 τις
1074 2167 1244 2235 ἐφορᾷ
1271 2165 1416 2236 δίκη.
1461 2165 1518 2216 Ὀ
1537 2163 1706 2216 ταῦτα
1731 2163 1786 2216 δὲ
1813 2164 1912 2216 οὐκ
1933 2165 2086 2228 είδὼς

523 2254 644 2306 οὐδὲ
676 2252 931 2322 νομίζων,
968 2250 1156 2320 θηρίου
1192 2248 1390 2307 παντός
1425 2249 1570 2299 ἐστιν
1601 2245 1955 2319 ἀλογώτερος,
1993 2251 2086 2301 καὶ

523 2338 720 2406 νόμους
744 2337 837 2389 καὶ
858 2336 1177 2404 δικαστήρια
1207 2333 1300 2386 καὶ
1324 2332 1554 2398 θεσμοὺς
1585 2332 1678 2384 καὶ
1695 2331 1871 2384 πάντα
1902 2332 2084 2396 ἁπλῶς

523 2421 592 2474 τά
614 2419 791 2489 ἀγαθά
819 2417 926 2473 ἀπὸ
955 2417 1056 2486 τῆς
1077 2418 1280 2480 οἰκείας
1309 2415 1556 2487 ἐξορίσας
1581 2415 1756 2485 ψυχῆς
1774 2431 1786 2444 ’
1815 2418 1843 2468 0
1870 2415 1977 2486 γὰρ
2011 2417 2084 2488 μὴ

525 2503 837 2576 προσδοκῶν
854 2502 1079 2566 εύθύνας
1097 2502 1311 2570 ὑφέξειν
1335 2501 1441 2554 τῶν
1465 2502 1887 2574 πεπραγμένων,
1907 2504 2086 2574 πάσης

526 2590 624 2660 μὲν
655 2588 854 2660 ἀρετῆς
899 2585 1178 2654 ἀφέξεται,
1219 2587 1396 2656 πάσης
1428 2585 1486 2638 δὲ
1536 2585 1734 2650 κακίας
1785 2586 2082 2650 ἀνθέξεται.

522 2672 690 2726 Ταῦτ’
711 2667 802 2724 οὖν
824 2672 1188 2741 ἐννοήσαντες,
1211 2669 1305 2721 καὶ
1328 2669 1425 2740 τὴν
1455 2668 1640 2722 ἄνοιαν
1667 2669 1761 2722 καὶ
1789 2669 1886 2740 τήν
1907 2686 2085 2739 παρα-

522 2757 752 2828 πληξίαν
773 2756 879 2809 τῶν
909 2754 1189 2824 Ἑλλήνων,
1217 2748 1298 2816 οἷς
1325 2751 1684 2821 κοινωνοῦμεν
1709 2751 1796 2805 διά
1823 2753 1929 2804 τῶν
1956 2751 2086 2824 θρή-

521 2861 648 2906 νων,
684 2840 1051 2910 λογισάμενοι,
1097 2837 1386 2907 φεύγωμεν
1429 2835 1527 2907 τὴν
1558 2836 1692 2907 πρὸς
1727 2836 1923 2899 αὐτοὺς
1953 2853 2085 2906 συμ·

522 2926 746 2995 φωνίαν.
784 2924 881 2977 Διά
896 2923 1005 2995 γάρ
1028 2921 1186 2975 τοῦτο
1201 2922 1296 2974 καὶ
1325 2919 1534 2983 Παῦλος
1557 2920 1733 2973 αὐτῶν
1750 2919 2081 2992 ἀνεμνήσθη,

523 3013 610 3064 ἱνα
647 3009 746 3080 τὴν
777 3005 998 3072 ἀτιμίαν
1032 3006 1290 3074 ἐννοήσας
1323 3003 1458 3074 πρὸς
1487 3004 1553 3074 ἢν
1601 3002 1984 3066 καταπίπτεις,
2021 3005 2084 3056 ἐκ

521 3095 619 3164 τῆς
647 3093 782 3164 πρὸς
804 3089 1042 3153 ἐκείνους
1063 3087 1376 3158 συμφωνίας
1391 3085 1684 3157 ἀνανήψῃς,
1712 3087 1804 3140 καὶ
1829 3086 1964 3156 πρὸς
1988 3086 2084 3157 τὴν

521 3177 726 3229 οἰκείαν
759 3173 1034 3241 εὐγένειαν
1064 3169 1379 3241 ἐπανέλθῃς.
1423 3168 1533 3221 Kal
1574 3169 1673 3222 ούκ
1718 3168 1947 3222 ἐνταῦθα
1989 3169 2086 3239 μό-

522 3277 632 3322 νον,
666 3258 801 3311 ἀλλά
828 3254 1091 3325 πολλαχοῦ
1120 3253 1276 3307 τοῦτο
1297 3255 1437 3306 ποιεῖ
1465 3253 1559 3306 καὶ
1581 3253 1818 3322 συνεχῶς
1849 3255 1878 3306 0
1910 3252 2086 3322 μακά-

525 3359 639 3414 ριος
668 3341 897 3402 Παῦλος.
930 3340 1098 3392 Ὅταν
1127 3337 1237 3407 γάρ
1269 3337 1574 3404 ἀπαγαγεῖν
1606 3335 1714 3387 τῶν
1754 3335 2085 3405 ἁμαρτημά-

521 3445 629 3478 των
666 3424 938 3494 βούληται,
989 3421 1226 3493 δείκνυσι
1278 3419 1386 3471 τίσι
1429 3417 1789 3487 κοινωνοῦμεν
1845 3418 1932 3471 διά
1978 3418 2084 3472 τῶν

523 3509 953 3582 ἁμαρτημάτων,
969 3507 1054 3558 ἵνα
1069 3507 1134 3576 τῇ
1159 3503 1402 3572 ποιότητι
1426 3501 1517 3555 τοῦ
1541 3501 1830 3572 προσώπου
1846 3501 2082 3573 δηχθεὶς,

522 3595 620 3665 τὴν
647 3591 928 3646 κοινωνίαν
953 3589 1150 3659 φύγῃς.
1185 3583 1639 3665 Θεσσαλονικεῦσι
1671 3584 1800 3652 γοῦν
1836 3585 2080 3657 γράφων,

522 3659 692 3739 οὕτως
715 3676 898 3742 ἔλεγεν
918 3692 931 3705 ·
965 3673 1255 3734 Ἕκαστος
1281 3659 1346 3721 τὸ
1368 3667 1583 3721 ἑαυτοῦ
1606 3665 1775 3736 σῶμα
1808 3667 1835 3707 ι»
1863 3667 2084 3722 κτᾶσθε

522 3761 592 3812 ἐν
625 3755 896 3828 ἁγιασμῷ
923 3755 1021 3809 καὶ
1051 3751 1209 3822 τιμῇ,
1237 3749 1322 3820 μὴ
1351 3751 1420 3803 ἐν
1437 3748 1611 3803 πάθει
1631 3749 1884 3819 ἀτιμίας,
1906 3751 2085 3804 καθά-

522 3867 634 3920 περ
653 3850 795 3917 ἔθνη
829 3847 898 3901 τὰ
909 3847 994 3916 μὴ
1010 3845 1206 3900 εἰδότα
1235 3844 1398 3898 Θεόν.
1434 3841 1544 3895 Kal
1571 3840 1758 3894 πάλιν·
1776 3842 1872 3910 Μὴ
1892 3845 2086 3908 καθὼς

521 3936 596 3989 τὰ
641 3934 823 3988 λοιπὰ
869 3933 1012 3998 ἔθνη
1067 3928 1213 4002 [767]
1289 3924 1657 3995 περιπατεῖτε
1729 3926 1794 3979 ἐν
1841 3929 2083 3994 ματαιό-

521 4035 653 4086 τητι
698 4017 803 4071 τοῦ
856 4015 997 4082 νοὸς
1029 4011 1244 4067 αὐτῶν.
1291 4011 1447 4062 υύτω
1485 4009 1548 4079 δὴ
1589 4009 1682 4061 καὶ
1707 4008 1965 4062 ἐνταῦθα·
2001 4013 2084 4063 Οὺ

523 4101 676 4156 θέλω
703 4101 771 4153 δὲ
802 4096 954 4167 ὑμᾶς
982 4095 1239 4166 ἀγνοεῖν,
1265 4091 1534 4160 ἀδελφοί,
1575 4090 1706 4159 περὶ
1746 4091 1865 4144 τῶν
1897 4108 2086 4146 κεκοι-

520 4186 819 4256 μημένων,
850 4185 951 4236 ἵνα
967 4183 1052 4251 μὴ
1083 4179 1382 4247 λυπῆσθε,
1414 4175 1605 4241 καθὼς
1647 4176 1743 4229 καὶ
1786 4179 1841 4229 οἱ
1886 4177 2085 4231 λοιποὶ

523 4273 578 4323 οι
597 4269 681 4338 μὴ
699 4269 941 4336 ἔχοντες
977 4265 1214 4318 ἐλπίδα.
1234 4263 1306 4316 U0
1329 4261 1434 4330 γάρ
1462 4262 1494 4331 ή
1517 4259 1675 4328 φύσις
1698 4259 1804 4311 τῶν
1829 4261 2085 4330 πραγμά-

524 4371 656 4411 των.
697 4351 864 4421 ἀλλ’ἢ
902 4349 1214 4420 προαίρεσις
1238 4349 1272 4417 ή
1305 4344 1546 4416 ήμετέρα
1577 4341 1764 4396 λυπεῖν
1789 4345 1934 4412 ἡμᾶς
1959 4343 2083 4397 εἵω-

525 4438 644 4491 θεν·
676 4438 772 4507 οὐχ
805 4438 834 4488 0
868 4434 1090 4495 θάνατος
1109 4430 1198 4484 τοῦ
1223 4428 1564 4492 ἀπελθόντος,
1605 4425 1720 4480 ἀλλ’
1761 4428 1792 4498 ὴ
1835 4426 2084 4482 ἀσθένεια

523 4522 634 4574 τῶν
664 4518 1016 4590 θρηνούντων.
1043 4517 1144 4568 Τὸν
1167 4514 1295 4585 γοῦν
1327 4513 1512 4566 πιστὸν
1549 4511 1700 4565 οὐδὲν
1734 4512 1842 4564 τῶν
1885 4513 2086 4584 παρόν-

525 4621 634 4658 των
671 4603 908 4671 λυπῆσαι
958 4600 1263 4671 δυνήσεται,
1311 4595 1448 4651 ἀλλά
1502 4595 1607 4667 πρὸ
1641 4595 1748 4648 τῶν
1785 4595 2082 4666 μελλόντων

525 4686 741 4754 ἀγαθῶν
771 4685 863 4738 καὶ
887 4686 943 4736 ἐν
967 4683 1042 4754 τῷ
1075 4683 1297 4753 παρόντι
1326 4681 1575 4752 διέστηκε
1597 4679 1703 4733 τῶν
1727 4679 1989 4744 ἀπίστων,
2023 4682 2082 4734 00

529 4769 698 4842 μικρά
717 4767 1110 4838 ἀπολαμϐάνων
1140 4769 1205 4818 ἐκ
1229 4764 1328 4834 τῆς
1352 4763 1492 4816 κατά
1518 4762 1749 4834 Χριστὸν
1769 4762 2082 4832 φιλοσοφίας

526 4854 724 4921 ἀγαθὰ,
759 4853 852 4905 καὶ
885 4849 1144 4922 μεγίστην
1173 4850 1237 4901 ἐκ
1279 4848 1470 4901 τούτου
1509 4845 1888 4918 καρπούμενος
1922 4847 2082 4900 εὐθυ-

530 4939 656 5008 μίαν
676 4937 770 4990 καὶ
797 4934 1020 5006 διηνεκῆ
1042 4933 1235 5004 χαράν.
1257 4931 1346 4985 Διὸ
1374 4932 1510 4985 καὶό
1533 4930 1742 4994 Παῦλός
1759 4948 1890 5003 φησι
1910 4947 1922 4960 ⁸
1946 4932 2083 4985 Χαί-

523 5037 657 5090 ρετε
677 5021 745 5073 ὲν
765 5019 958 5086 Κυρίῳ
981 5017 1234 5070 πάντοτε
1251 5033 1264 5046 ο
1296 5014 1481 5070 πάλιν
1497 5013 1629 5084 ἐρῶ,
1658 5015 1906 5081 χαίρετε.
1924 5014 2083 5070 Ὥστε

528 5108 620 5159 καὶ
640 5104 746 5176 πρὸ
778 5103 876 5172 τῆς
904 5102 1248 5163 ἀναστάσεως
1267 5101 1326 5153 00
1357 5099 1558 5170 μικράν
1589 5097 1791 5167 ταύτην
1823 5097 2084 5168 ἐλάϐομεν

529 5190 780 5259 ἀμοιϐὴν,
809 5185 887 5257 τῷ
920 5187 993 5256 μὴ
1027 5185 1385 5238 καταπίπτειν
1418 5184 1509 5236 ἐπὶ
1537 5181 1725 5252 μηδενὶ
1749 5180 1857 5236 τῶν
1890 5199 2086 5253 συμπι-

530 5275 766 5328 πτόντων
797 5270 1004 5333 δεινῶν,
1035 5268 1167 5322 ἀλλά
1201 5271 1267 5338 τῇ
1303 5267 1411 5320 τῶν
1441 5265 1738 5336 μελλόντων
1771 5265 1944 5320 ἐλπίδι
1978 5284 2085 5320 πα-

531 5355 799 5428 ραμυθίας
826 5352 1117 5407 ἀπολαύειν
1147 5349 1366 5420 πολλῆς.
1401 5349 1610 5420 Ὠσπερ
1631 5344 1723 5402 οῦν
1750 5349 2084 5420 ἑκατέρωθεν

531 5441 686 5509 ήμεῖς
715 5437 1086 5508 κερδαίνομεν,
1119 5433 1289 5496 οὕτως
1311 5435 1340 5486 0
1367 5431 1592 5495 ἄπιστος
1616 5432 1954 5504 ἑκατέρωθεν
1989 5450 2085 5487 κα-

592 5625 619 5651 ⁸
643 5621 725 5670 Sic
745 5633 858 5668 mss.
879 5616 936 5667 In
959 5616 1103 5665 editis
1125 5614 1232 5670 τοὺς
1248 5613 1474 5669 ἀπίστους
1491 5612 1653 5662 deest.

593 5683 623 5723 δ
646 5682 756 5731 Mss.
779 5681 835 5729 τὸ
856 5677 1024 5728 ἑαυτοῦ
1049 5676 1234 5739 σκεῦος,
1258 5686 1312 5723 ει
1335 5677 1402 5723 sic
1425 5676 1573 5725 Savil.
1616 5677 1668 5726 in
1694 5689 1845 5739 marg.
1866 5678 1918 5726 iu
1945 5682 2082 5727 textu

534 5759 649 5796 vero
670 5757 778 5793 cum
801 5741 918 5791 Mor.
943 5740 997 5788 τὸ
1030 5737 1197 5786 ἑαυτοῦ
1215 5740 1371 5798 σῶμα.
1692 5769 1704 5778 .

1242 301 1302 358 S.
1337 300 1622 357 JOANNIS
1653 302 2135 361 CHRYSOSTOMI
2175 305 2490 362 ARCHIEP.
2532 307 3087 365 CONSTANTINOP.

3614 306 3635 358 1
3647 305 3756 361 02?.

2194 412 2581 478 ταϐλάπτεται,
2623 417 2715 469 καὶ
2735 416 2814 486 τῷ
2839 415 3160 480 κολάζεσθαι
3184 416 3307 470 ῦστε
3316 434 3406 488 ρον
3434 417 3524 470 διά
3552 418 3653 488 τὴν
3670 417 3767 485 τῆς

2194 496 2540 560 ἀναστάσεως
2567 499 2848 562 ἀπιστίαν,
2881 501 2975 553 καὶ
3008 498 3084 569 τῷ
3117 501 3480 553 καταπίπτειν
3523 501 3622 551 ἐπὶ
3658 501 3764 562 τοῖς

2194 579 2428 649 παροῦσι
2476 582 2784 652 πράγμασι,
2839 584 2927 638 διά
2953 585 3016 637 τὸ
3063 584 3228 655 μηδὲν
3259 585 3571 655 πωσδοκᾷν
3632 585 3766 654 μετὰ

2191 661 2362 716 ταῦτα
2399 664 2650 734 χρηστόν.
2703 667 2777 718 Οὐ
2811 666 2990 718 τοίνυν
3017 666 3104 719 διὰ
3142 666 3239 736 τήν
3275 667 3576 719 ἀνάστασιν
3614 666 3764 736 μόνοι.

2192 745 2476 815 ὀφείλομεν
2501 748 2840 817 εὐχαριστεῖν
2867 748 2942 819 τῷ
2973 749 3112 821 Θεῷ,
3143 749 3277 802 ἀλλά
3303 751 3394 803 καὶ
3434 749 3525 802 διὰ
3556 749 3660 821 τὴν
3687 750 3768 801 ἐλο

2194 828 2320 881 πίδα
2347 831 2442 896 τῆς
2476 831 2843 896 ἀναστάσεως,
2869 835 2903 904 ἢ
2927 835 3020 887 καὶ
3049 834 3147 905 τὴν
3166 834 3511 904 ὀδυνωμένην
3546 833 3765 886 δύναται

2194 913 2693 983 παραμυθήσασθαι
2723 915 2921 987 ψυχὴν,
2957 919 3052 970 καὶ
3088 920 3270 970 πεῖσαι
3302 917 3431 986 περὶ
3466 917 3580 969 τῶν
3611 917 3767 969 ἀπελ-

2195 993 2393 1048 θόντων
2427 995 2672 1067 θαρρεῖν,
2701 998 2777 1061 ὡς
2821 1000 3270 1070 ἀναστησομένων
3325 999 3488 1052 πάλιν
3522 999 3625 1052 καὶ
3656 1017 3765 1052 συν.

2195 1078 2468 1148 εσομένων
2494 1081 2647 1150 ἡμῖν.
2673 1080 2736 1132 Et
2765 1081 2870 1152 γὰρ
2897 1081 3080 1150 ἀλγεῖν
3108 1083 3212 1153 χρὴ
3251 1082 3344 1135 καὶ
3371 1083 3618 1147 πενθεῖν,
3646 1086 3765 1146 100;

2192 1162 2250 1213 ἐν
2281 1161 2574 1232 ἁμαρτίαις
2616 1163 2824 1228 ζῶντας
2866 1165 3079 1218 πενθεῖν
3109 1166 3190 1218 δεῖ
3228 1167 3320 1218 καὶ
3348 1165 3677 1236 ὀδύρεσθαι,
3704 1168 3760 1218 ού

2191 1245 2318 1308 τοὺς
2379 1245 2713 1310 ἀπελθόντας
2763 1248 2879 1317 μετ’
2932 1249 3155 1320 ἀρετῆς.
3213 1249 3370 1302 Οῦτω
3413 1251 3509 1304 καὶ
3553 1251 3762 1315 Παῦλος

2194 1330 2364 1380 ποιεῖ⁸
2398 1329 2705 1400 Κορινθίοις
2758 1329 2865 1401 γὰρ
2922 1331 3250 1384 ἐπιστέλλων
3279 1332 3445 1402 φησί’
3493 1333 3594 1398 Μή
3646 1351 3763 1399 πως

2191 1411 2443 1464 ἐλθόντα
2464 1428 2536 1480 με
2552 1413 2696 1479 πρὸς
2724 1413 2878 1480 ὑμᾶς
2894 1413 3228 1481 ταπεινώσῃ
3259 1419 3289 1467 ό
3311 1414 3478 1480 Θεὸς,
3499 1415 3602 1468 καὶ
3629 1432 3763 1468 πεν-

2193 1491 2358 1558 θήσω
2401 1495 2689 1562 πολλούς.
2748 1496 2861 1550 υύκ
2906 1491 3027 1550 εἷπε
3057 1497 3164 1552 τῶν
3191 1498 3595 1564 ἀποθανόντων,
3631 1500 3765 1553 ἀλλά

2193 1575 2302 1628 τῶν
2333 1577 2858 1649 προημαρτηκότων,
2906 1579 3000 1632 καὶ
3059 1579 3134 1651 μὴ
3170 1581 3626 1651 μετανοησάντων
3671 1584 3762 1634 ἐπὶ

2193 1661 2257 1729 τῇ
2293 1660 2549 1732 ἀσελγείᾳ
2582 1662 2675 1715 καὶ
2705 1661 3018 1734 ἀκαθαρσίᾳ
3107 1663 3347 1734 ἔπραξαν
3373 1681 3386 1694 °
3432 1666 3656 1729 τούτους
3683 1668 3764 1720 δεῖ

2193 1744 2594 1798 πενθεῖν.υῦτω
2621 1745 2714 1798 καὶ
2743 1745 2901 1810 ἀλλος
2927 1750 3180 1819 παραινεῖ
3217 1749 3390 1817 λέγων
3410 1766 3426 1782 ο
3472 1750 3760 1806 Κλαῦσον

2192 1825 2288 1878 ἐπὶ
2320 1826 2529 1894 νεκρῷ,
2549 1827 2788 1892 ἐξέλιπε
2811 1829 2917 1899 γὰρ
2937 1828 3060 1898 φῶς
3081 1847 3094 1861 ο
3123 1831 3218 1884 καὶ
3247 1832 3345 1884 ἐπὶ
3366 1833 3541 1902 μωρῷ
3568 1833 3748 1886 κλαῦ-

2193 1926 2328 1974 σον,
2368 1911 2607 1975 ἐξέλιπε
2653 1913 2763 1981 γὰρ
2809 1915 3080 1980 σύνεσις.
3131 1914 3337 1983 Ὀλίγον
3396 1917 3633 1970 κλαῦσον
3667 1918 3760 1973 ἐπὶ

2193 1993 2391 2064 νεκρῷ,
2419 1995 2500 2046 ὅτι
2533 1995 2933 2059 ἀναπέπαυται,
2963 1995 3054 2049 τοῦ
3085 1995 3141 2049 δέ
3165 1998 3349 2067 μωροῦ
3381 1998 3519 2070 ὑπὲρ
3546 2000 3640 2054 τὸν
3670 2002 3761 2054 θά⁴

2193 2079 2401 2147 νατονή
2429 2077 2542 2147 ζωὴ
2578 2081 2804 2148 πονηρά.
2838 2081 2899 2133 Et
2928 2080 2984 2133 δὲ
3013 2083 3042 2134 0
3069 2083 3336 2146 συνέσεως
3373 2084 3757 2155 ἀπεστερημέ⁹

2193 2175 2281 2222 νος
2301 2159 2589 2224 διαπαντὸς
2609 2162 2756 2226 ἄξιος
2783 2162 2849 2215 ἀν
2875 2162 2958 2234 εἴη
2986 2163 3320 2234 θρηνεῖσθαι,
3348 2165 3525 2236 πολλῴ
3557 2168 3758 2236 μᾶλλον

2191 2245 2222 2296 0
2256 2243 2598 2315 δικαιοσύνης
2637 2246 2862 2315 ἔρημος,
2918 2246 3012 2298 καὶ
3043 2247 3139 2316 τῆς
3189 2248 3330 2301 κατά
3367 2249 3496 2302 Θεὸν
3543 2250 3758 2312 ἐλπίδος

2193 2326 2580 2391 ἐκπεπτωκώς.
2637 2328 2871 2390 Τούτους
2907 2324 2999 2380 οῦν
3052 2329 3336 2400 πενθῶμεν
3381 2334 3570 2402 ἡμεῖς’
3599 2331 3758 2387 τοῦτο

2196 2410 2296 2480 μὲν
2329 2413 2436 2481 γὰρ
2463 2412 2574 2482 ἔχει
2605 2411 2792 2482 κέρδος
2824 2412 2882 2464 τὸ
2921 2411 3133 2475 πένθος.
3166 2414 3430 2478 Πολλάκις
3477 2415 3609 2484 γοῦν
3634 2417 3757 2480 τοὺς

2191 2495 2461 2558 τοιούτους
2491 2495 2811 2567 θρηνοῦντες
2840 2495 3288 2568 διωρθωσάμεθα.

2263 2603 2335 2655 Τὸ
2359 2603 2414 2656 δὲ
2439 2604 2532 2657 ἐπὶ
2559 2607 2670 2666 τοῖς
2701 2604 3042 2668 ἀπελθοῦσιν,
3070 2605 3324 2676 ἀνόνητον
3349 2607 3482 2676 ὁμοῦ
3504 2609 3600 2662 καὶ
3627 2609 3757 2679 βλα-

2193 2685 2370 2756 ϐερόν.
2437 2686 2526 2756 Μὴ
2559 2687 2736 2740 τοίνυν
2797 2686 3241 2757 ἀντιστρέψωμεν
3278 2689 3376 2760 τὴν
3417 2690 3591 2755 τάξιν,

2192 2767 2462 2838 ἁμαρτίαν
2487 2767 2774 2839 θρηνῶμεν
2807 2769 2965 2840 μόνον
2987 2787 3000 2801 ·
3040 2769 3110 2823 τά
3135 2770 3191 2822 δὲ
3221 2771 3354 2825 ἀλλα
3400 2775 3574 2826 πάντα
3595 2814 3612 2836 ,
3656 2775 3759 2827 κᾶν

2193 2853 2374 2916 πενία,
2409 2852 2510 2905 κᾶν
2539 2853 2712 2917 νόσος,
2748 2852 2848 2906 κάν
2889 2853 3118 2917 θάνατος
3160 2856 3356 2926 ἄωρος,
3381 2857 3479 2910 κᾶν
3498 2861 3758 2930 ἐπήρεια,

2191 2933 2296 2986 κάν
2332 2935 2684 3002 συκοφαντία,
2713 2937 2816 2988 κᾶν
2846 2937 3024 2989 ὁτιοῦν
3057 2940 3370 3010 προσπίπτῃ
3409 2940 3514 2991 τῶν
3538 2942 3758 3012 ἀνθρω-

2192 3015 2359 3069 πίνων
2389 3017 2592 3082 κακῶν,
2629 3018 2804 3071 πάντα
2842 3019 3103 3086 γενναίως
3135 3021 3410 3091 φέρωμεν.
3467 3023 3759 3088 Ὑπόθεσις

2191 3099 2300 3172 γάρ
2323 3102 2454 3171 ήμῖν
2479 3100 2549 3154 τά
2571 3102 2718 3155 δεινά
2740 3102 2914 3158 ταῦτα
2939 3103 3216 3172 στεφάνων
3242 3105 3350 3158 είσὶ
3378 3104 3661 3172 πλειόνων,
3693 3109 3758 3162 ἀν

2193 3185 2469 3254 νήφωμεν.

2262 3283 2325 3336 δ’.
2344 3285 2454 3338 Καὶ
2471 3283 2587 3345 πῶς
2606 3284 2751 3337 ἐστιν
2777 3285 3056 3358 ἄνθρωπον
3081 3285 3230 3354 ὄντα,
3251 3289 3403 3356 φησὶ,
3428 3288 3501 3357 μὴ
3531 3290 3721 3357 ἀλγεῖν
3742 3309 3757 3355 ;

2193 3367 2512 3421 Τούναντίον
2539 3368 2636 3438 μὲν
2667 3364 2756 3422 οῦν
2791 3369 2932 3437 λέγω
2951 3387 2965 3400 ο
2995 3370 3109 3434 πῶς
3142 3371 3286 3424 ἐστιν
3323 3372 3605 3442 ἄνθρωπον
3630 3376 3760 3429 δντα

2193 3450 2396 3518 ἀλγεῖν,
2420 3449 2561 3520 λόγῳ
2587 3451 2888 3520 τιμηθέντα
2909 3451 3002 3505 καὶ
3031 3453 3275 3522 λογισμῷ
3299 3494 3313 3517 ,
3348 3455 3438 3506 καὶ
3468 3457 3586 3518 ταῖς
3630 3462 3758 3529 mpl

2190 3534 2298 3586 τῶν
2339 3532 2635 3603 μελλόντων
2678 3535 2857 3587 ἐλπίσι
2882 3552 2897 3600 ;
2927 3537 3036 3588 Kal
3062 3537 3146 3598 τίς
3169 3539 3315 3590 ἐστιν
3335 3576 3350 3602 ,
3387 3538 3445 3598 ὃς
3482 3540 3579 3607 οὐχ
3617 3538 3757 3594 ἑάλω

2191 3616 2266 3687 τῷ
2307 3616 2466 3670 πάθει
2510 3615 2723 3687 τούτῳ;
2767 3619 2922 3688 φησί.
2977 3618 3168 3670 Πολλοὶ
3199 3622 3290 3672 καὶ
3324 3621 3588 3690 πολλαχοῦ
3609 3663 3625 3684 ,
3667 3627 3755 3676 καὶ

2191 3702 2275 3770 ἐφ’
2309 3699 2464 3770 ήμῶν
2484 3739 2498 3763 ,
2529 3701 2623 3753 καὶ
2649 3700 2740 3752 ἐπὶ
2767 3701 2874 3754 τῶν
2901 3703 3177 3770 προγόνων
3219 3704 3325 3757 τῶν
3358 3705 3664 3774 ἡμετέρων.
3700 3707 3755 3760 '0

2191 3781 2319 3851 γοῦν
2353 3782 2491 3848 Ἰὼϐ,
2523 3783 2810 3854 ὁλοκλήρου
2857 3783 2950 3836 τοῦ
2993 3785 3153 3856 χοροῦ
3189 3785 3294 3838 τῶν
3341 3787 3545 3839 παίδων
3584 3789 3749 3840 ἀπελ-

2192 3868 2401 3933 θόντος,
2458 3869 2684 3922 ἄκουσον
2739 3870 2792 3921 τί
2845 3885 3036 3936 φησιν’
3082 3869 3135 3920 ’0
3191 3870 3401 3937 Κύριος
3445 3869 3694 3933 ἔδωκεν.
3721 3877 3753 3925 ὁ

2194 3953 2408 4020 Κύριος
2437 3951 2712 4019 ἀφείλετο
2733 3968 2746 3981 ·
2783 3951 2863 4016 ὡς
2897 3950 2976 4016 τῷ
2992 3953 3188 4020 Κυρίῳ
3214 3951 3444 4016 ἔδοξεν,
3475 3955 3632 4007 οὕτω
3658 3958 3753 4008 καὶ

2195 4035 2342 4108 [768]
2390 4034 2643 4104 ἐγένετο.
2669 4035 2970 4105 Θαυμαστά
3007 4035 3106 4106 μὲν
3133 4031 3224 4089 οῦν
3244 4035 3415 4089 ταῦτα
3444 4039 3540 4089 καὶ
3570 4040 3754 4102 ἀπλῶς

2191 4119 2522 4189 ἀκουόμενα*
2563 4117 2628 4170 ἂν
2655 4117 2710 4170 δέ
2739 4119 2831 4170 καὶ
2859 4119 2974 4189 μετ’
2997 4119 3278 4190 ἀκριϐείας
3312 4118 3571 4191 ἐξετάσῃς
3594 4124 3752 4182 αὐτὰ,

2190 4203 2311 4255 τότε
2361 4201 2618 4272 μειζόνως
2665 4200 2782 4269 ὕψει
2827 4203 2888 4254 τὸ
2936 4201 3137 4272 θαῦμα.
3191 4201 3469 4272 Ἐννόησον
3508 4204 3638 4273 γάρ,
3678 4207 3754 4256 ὅτι

2192 4287 2312 4356 ούχὶ
2348 4285 2470 4348 τοὺς
2516 4285 2730 4354 ἡμίσεις
2758 4283 2948 4340 ἐλαϐεν
2977 4286 3005 4337 0
3046 4284 3307 4346 διάϐολος,
3337 4285 3433 4337 καὶ
3473 4289 3602 4348 τοὺς
3634 4289 3754 4356 ήμί-

2194 4385 2308 4430 σεις
2349 4367 2576 4436 ἀφῆκεν,
2629 4366 2748 4418 οὐδὲ
2791 4368 2916 4430 τοὺς
2969 4366 3219 4430 πλείονας
3266 4367 3458 4429 ἔλαϐε,
3506 4369 3600 4421 καὶ
3637 4373 3753 4431 τοὺς

2191 4451 2441 4512 ἐλάττους
2507 4449 2748 4520 ἀφῆκεν⁸
2818 4449 2953 4503 ἀλλά
3019 4450 3306 4520 ὀλόκληρον
3369 4450 3640 4520 ἐτρύγησε
3669 4455 3753 4504 τὸν

2192 4535 2421 4605 καρπὸν,
2447 4535 2540 4586 καὶ
2570 4533 2630 4586 τὸ
2657 4533 2867 4604 δένδρον
2890 4535 2950 4586 00
2978 4533 3240 4587 κατέϐαλε
3260 4550 3272 4561 ·
3305 4535 3484 4585 πᾶσαν
3511 4537 3750 4604 ἐπήγαγε

2191 4620 2288 4690 τὴν
2327 4618 2592 4672 θάλατταν
2626 4617 2761 4687 μετά
2792 4617 2899 4670 τῶν
2925 4617 3203 4687 κυμάτων,
3249 4619 3342 4670 καὶ
3366 4618 3426 4669 τὸ
3455 4621 3668 4689 σκάφος
3697 4625 3752 4673 οὺ

2192 4702 2604 4756 κατεπόντισεν⁹
2640 4701 2768 4770 ὃλην
2800 4699 2896 4770 τήν
2945 4700 3171 4770 δύναμιν
3232 4700 3486 4766 ἐκένωσε,
3529 4705 3624 4755 καὶ
3669 4706 3754 4757 τον

2193 4787 2398 4857 πύργον
2426 4786 2522 4837 οὐκ
2551 4783 2747 4838 ἔσεισε.

2277 4891 2435 4944 Ἀλλά
2466 4891 2705 4960 εἱστήκει
2732 4888 2992 4943 πάντοθεν
3027 4887 3365 4958 βαλλόμενος,
3397 4891 3491 4940 καὶ
3534 4891 3752 4959 ἀκλινὴς

2195 4977 2389 5048 μένων,
2423 4974 2516 5027 καὶ
2553 4973 2767 5042 νιφάδες
2807 4972 3058 5042 ἐφέροντο
3084 4971 3270 5040 βελῶν,
3294 4971 3387 5023 καὶ
3418 4973 3519 5023 οῦκ
3557 4974 3753 5042 ἐπλήτα

2191 5075 2342 5113 τετο·
2377 5057 2570 5128 μᾶλλον
2597 5057 2652 5110 δὲ
2683 5057 2991 5125 ἐπέμποντο
3027 5055 3144 5124 μὲν,
3176 5054 3272 5105 ούκ
3311 5054 3646 5124 ἐτίτρωσκον

2205 5143 2480 5212 Ἐννόησον
2511 5143 2632 5194 ὅσον
2671 5141 2805 5204 ἐστὶ,
2839 5138 3120 5200 τοσούτους
3159 5136 3352 5199 παῖδας
3387 5137 3513 5190 ἰδεῖν
3544 5140 3752 5192 ἀπολω-

2192 5226 2367 5289 λότας.
2403 5225 2467 5278 Τί
2516 5225 2624 5296 γὰρ
2654 5224 2751 5277 οὐκ
2801 5219 2870 5294 ἦν
2917 5220 3099 5275 ίκακὺν
3147 5220 3388 5283 δάκνειν;
3443 5224 3502 5272 τὸ
3551 5223 3752 5284 πάντας

2193 5308 2621 5380 ἀναρπασθῆναι,
2655 5309 2716 5360 τὸ
2743 5308 2946 5368 πάντας
2978 5303 3166 5374 ἀθρόον
3197 5302 3288 5356 καὶ
3316 5305 3372 5354 ἐν
3414 5305 3600 5374 ἡμέρᾳ
3639 5309 3753 5374 μιᾷ,

2193 5394 2255 5448 τὸ
2287 5396 2346 5447 ἐν
2373 5392 2520 5463 αὐτῷ
2551 5394 2648 5465 τῆς
2685 5391 2899 5462 ήλικίας
2925 5388 3000 5458 τῷ
3021 5387 3193 5446 ἀνθει,
3223 5386 3284 5439 τὺ
3323 5386 3522 5458 πολλὴν
3556 5391 3755 5460 ἀρετὴν

2195 5474 2680 5545 ἐπιδεδειγμένους,
2713 5473 2774 5526 10
2805 5474 2990 5544 τρόπῳ
3030 5471 3252 5540 τοιούτῳ
3281 5471 3552 5540 τιμωρίας
3591 5490 3746 5525 κατα-

2195 5561 2351 5614 λῦσαι
2387 5561 2478 5614 τὸν
2513 5559 2646 5629 βίον,
2674 5558 2734 5610 τὸ
2779 5556 2914 5627 μετά
2951 5555 3214 5618 τοσαύτας
3255 5554 3467 5624 πληγὰς
3519 5557 3750 5625 ἐσχάτη-ε

2198 5644 2549 5714 ἐπενεχθῆναι
2595 5643 2820 5711 ταύτηι,
2856 5640 2916 5693 τὸ
2958 5639 3304 5710 φιλόστοργον
3345 5634 3482 5691 εἶναι
3526 5640 3617 5691 τὸν
3665 5659 3744 5707 γε-

2198 5729 2526 5799 γεννηκότα,
2580 5729 2638 5780 τὸ
2684 5725 2963 5789 ποθεινοὺς
3018 5720 3151 5778 εἶναι
3203 5725 3323 5786 τοὺς
3382 5722 3746 5788 ἀπελθόνταςς
