3790 6248
31 356 149 410 09.1

20 485 354 529 intuentum
401 471 682 542 colligant;
732 473 808 527 sic
851 482 904 528 et
951 473 1002 527 in
1051 472 1179 542 ipsis
1232 472 1390 526 rebus
1432 470 1621 525 iisdem

19 561 200 616 »ευιὶε
240 563 480 617 videmus
518 580 580 619 ea
621 581 743 635 qua:
783 566 1115 635 contingunt,
1165 564 1258 619 sed
1290 580 1395 618 non
1437 562 1621 619 eadem

20 665 213 710 nente
248 664 304 711 et
326 657 527 725 animo.
554 660 634 711 An
665 657 825 727 igitur
849 658 937 728 qui
967 658 1017 711 in
1050 658 1296 711 omnibus
1323 656 1441 710 aliis
1464 654 1624 709 rebus

19 744 76 797 Ib
136 746 261 802 illis
306 747 705 816 discrepamus,
753 750 803 803 in
852 751 915 804 iis
963 766 1080 818 quae
1119 749 1184 803 ad
1227 759 1450 805 mortem
1498 765 1622 819 spe-

19 848 173 891 :tant
208 840 463 894 eumdem
492 857 649 911 quem
688 843 763 896 illi
790 842 1049 896 calculum
1081 843 1377 911 ponemus?

81 931 144 983 5.
184 930 380 1002 Cogita
407 935 473 986 ad
504 948 660 1002 quem
688 934 877 987 abierit
902 976 915 997 ,
946 943 998 987 et
1020 935 1435 989 consolationem
1480 935 1620 989 acci-

20 1036 78 1074 se
109 1039 124 1072 :
166 1038 246 1076 eo
278 1024 479 1079 scilicet
508 1024 592 1077 ubi
626 1024 816 1078 Paulus
843 1035 943 1089 est,
971 1026 1057 1079 ubi
1076 1025 1281 1090 Petrus,
1304 1026 1392 1079 ubi
1414 1035 1625 1080 sancto-

19 1130 141 1166 rum
200 1116 406 1169 chorus
452 1118 646 1170 omnis.
691 1115 873 1187 Cogita
923 1118 1190 1186 quomodo
1232 1127 1623 1173 resurrecturus

19 1207 86 1259 sit
112 1248 128 1266 .
164 1223 301 1262 cum
330 1219 526 1279 quanta
553 1210 717 1280 gloria
747 1220 800 1265 et
828 1210 1132 1280 splendore.
1173 1211 1365 1265 Animo
1392 1220 1579 1280 reputa
1606 1251 1622 1275 ,

19 1310 69 1353 te
106 1300 251 1353 fletu
279 1310 333 1354 et
359 1303 604 1374 lacrymis
631 1303 680 1356 iu
723 1318 780 1356 re
810 1303 897 1357 illa
940 1302 1067 1356 nihil
1112 1304 1509 1357 imnnttaturum
1540 1303 1623 1358 vel

19 1392 495 1460 emendaturum,
544 1394 636 1449 sed
682 1394 771 1449 tibi
803 1395 900 1464 ipsi
943 1395 1193 1449 damnum
1238 1396 1422 1464 ingens
1451 1394 1625 1449 illatu-

19 1499 146 1537 rum
186 1504 201 1538 :
239 1486 411 1556 cogita
442 1503 575 1556 quos
598 1487 646 1541 id
674 1487 869 1542 faciens
896 1486 1153 1553 imiteris,
1174 1498 1229 1543 et
1262 1488 1380 1558 fuge
1404 1503 1625 1543 consor-

19 1580 164 1630 tium
223 1578 279 1632 in
331 1581 561 1648 peccatis
593 1580 936 1647 ‘hujnsmodi.
988 1582 1133 1653 Quos
1191 1597 1320 1652 ergo
1362 1581 1626 1637 imitaris?

20 1684 170 1739 quas
224 1672 530 1726 annularis?
578 1672 862 1736 inﬁdeles,
895 1675 985 1744 qui
1040 1689 1189 1745 spem
1235 1690 1339 1728 non
1391 1675 1623 1741 habent,

20 1764 499 1831 quemadmodum
527 1774 581 1819 et
606 1764 801 1819 Paulus
826 1766 960 1820 dixit
991 1782 1004 1818 :
1039 1765 1106 1820 Ut
1126 1782 1226 1820 non
1248 1766 1625 1833 contristemini,

26 1859 163 1909 sicut
188 1868 240 1910 et
268 1858 434 1911 caeteri
460 1899 472 1920 ,
506 1858 593 1926 qui
617 1874 757 1928 spem
792 1874 893 1911 non
919 1858 1120 1911 habent.
1156 1859 1221 1912 Et
1259 1858 1629 1913 animadverte

28 1947 166 1999 dicti
215 1947 616 2002 accurationem
646 1967 658 1999 :
694 1962 799 2002 non
820 1948 961 2002 enim
993 1948 1158 2010 dixit,
1200 1949 1286 2018 qui
1336 1962 1484 2017 spem
1523 1963 1628 2002 non

39 2040 253 2094 habent
281 2041 689 2095 resurrectionis
714 2082 727 2106 ,
757 2040 850 2094 sed
877 2040 1189 2110 simpliciter
1208 2081 1223 2105 ,
1251 2041 1350 2107 Qui
1373 2058 1511 2110 spem
1532 2057 1630 2094 non

34 2134 249 2184 habent.
282 2131 413 2185 Nam
443 2133 529 2200 qui
554 2146 703 2200 spem
748 2146 851 2185 non
883 2130 1040 2185 habet
1076 2130 1260 2200 judicii
1289 2130 1394 2185 illic
1422 2130 1582 2184 futuri
1612 2170 1627 2193 ,

34 2222 246 2275 nullam
281 2238 431 2292 spem
462 2222 654 2287 habet,
690 2237 861 2289 neque
886 2222 1052 2275 Deum
1095 2237 1213 2276 esse
1244 2221 1427 2285 novit,
1459 2236 1632 2290 neque

42 2317 148 2370 scit
176 2333 305 2371 eum
340 2331 425 2370 res
454 2314 713 2370 humanas
743 2329 835 2368 sua
860 2329 1044 2383 regere
1072 2312 1393 2382 providentia
1420 2354 1434 2377 ,
1462 2327 1632 2381 neque

37 2408 285 2461 divinam
328 2408 608 2477 quamdam
652 2405 910 2475 justitiam
956 2404 1070 2459 haec
1113 2405 1289 2458 omnia
1348 2404 1629 2472 inspicere.

40 2500 141 2566 Qui
170 2509 359 2553 autem
390 2498 502 2552 lucc
530 2514 633 2551 non
667 2498 943 2566 intelligit,
978 2512 1148 2566 neque
1176 2511 1357 2550 secum
1389 2503 1630 2564 reputat,

41 2593 155 2643 fera
204 2590 395 2659 quavis
439 2589 680 2643 stolidior
721 2597 840 2652 est,
874 2587 960 2657 qui
1001 2588 1182 2656 leges,
1232 2586 1468 2656 judicia,
1512 2585 1631 2656 jura

48 2681 303 2749 bonaque
347 2679 522 2732 omnia
569 2694 635 2732 ex
667 2678 844 2731 animo
884 2692 982 2733 suo
1021 2677 1329 2731 eliminavit.
1362 2676 1461 2743 Qui
1492 2676 1634 2730 cnim

49 2790 155 2827 non
183 2781 464 2843 exspectat
505 2788 565 2835 se
612 2772 903 2826 facinorum
951 2772 1211 2825 rationem
1262 2770 1590 2825 redditurum
1616 2810 1633 2835 ,

52 2867 311 2919 virtutem
343 2879 559 2932 prorsus
606 2863 853 2929 deseret,
884 2864 1278 2933 nequitiamqne
1306 2878 1519 2917 omnem
1552 2878 1638 2918 se-

49 2959 304 3011 ctabitur.
331 2957 453 3011 llaec
477 2956 770 3026 cogitantes
790 2998 804 3021 ,
837 2971 899 3009 ac
940 2956 1217 3010 stultitiam
1249 2956 1638 3026 amentiamque

54 3049 352 3103 Gentilium
376 3090 389 3108 .
418 3048 729 3117 quibuscum
762 3046 990 3116 lugendo
1011 3047 1464 3101 communicamus
1484 3087 1498 3112 ,
1524 3047 1639 3101 ani-

57 3158 142 3194 ιιιο
176 3150 489 3209 reputantes
514 3182 527 3204 ,
559 3157 625 3195 ne
647 3142 1036 3194 committamus
1063 3148 1121 3193 ut
1145 3156 1263 3193 cum
1284 3139 1388 3193 illis
1414 3154 1638 3194 consen-

61 3234 273 3285 tiamus.
323 3233 447 3287 Ideo
493 3248 718 3301 namque
755 3232 950 3286 Paulus
991 3231 1109 3287 illos
1138 3241 1554 3297 commemorat,
1584 3242 1640 3285 ut

59 3326 296 3380 dedecus
344 3326 396 3379 in
435 3326 573 3395 quod
605 3326 832 3379 incurris
861 3334 1112 3395 reputans
1138 3366 1152 3387 ,
1186 3325 1252 3379 ab
1280 3324 1487 3378 illorum
1526 3340 1641 3379 mo-

61 3420 207 3473 ribus
235 3418 426 3486 pedem
464 3416 659 3472 referas
686 3459 698 3481 ,
722 3425 777 3471 et
801 3416 865 3470 ad
896 3417 1157 3486 propriam
1186 3416 1373 3471 redeas
1399 3416 1641 3470 nobilita-

65 3521 166 3563 tem
193 3553 208 3575 ,
243 3526 421 3581 neque
450 3510 537 3565 hic
574 3511 741 3565 Solum
766 3552 780 3574 ,
815 3508 908 3565 sed
949 3511 1106 3564 etiam
1136 3509 1316 3563 multis
1345 3510 1394 3563 in
1422 3509 1551 3564 locis
1580 3524 1641 3564 ac

64 3603 369 3672 frequenter
390 3604 438 3657 id
467 3604 770 3673 agitbeatus
790 3603 999 3658 Paulus.
1030 3603 1159 3658 Cum
1190 3603 1330 3658 enim
1354 3617 1384 3656 a
1410 3602 1642 3672 peccatis

71 3696 178 3749 vult
198 3696 487 3763 abducere,
507 3696 736 3750 ostendit
751 3696 1059 3765 quibuscum
1080 3697 1533 3751 communicemus
1551 3711 1643 3764 per

68 3786 175 3855 ipsa
222 3796 463 3857 peccata,
483 3796 539 3841 ut
563 3803 627 3842 ex
660 3802 898 3856 persona:
925 3787 1225 3842 conditione
1252 3795 1446 3853 motus,
1475 3788 1645 3841 socie-

73 3878 160 3931 tati
190 3880 483 3933 renunties.
507 3878 1064 3933 Thessalonicensibus
1090 3878 1246 3948 igitur
1266 3877 1505 3933 scribens
1525 3918 1541 3944 ,
1571 3878 1641 3931 ita

70 3971 279 4026 dicebat
311 3989 324 4024 :
364 3970 711 4042 Unusquisque
752 3981 969 4025 vestrum
995 3970 1245 4041 possideat
1281 3985 1463 4039 corpus
1498 3986 1645 4024 suum

72 4063 123 4115 in
152 4064 548 4133 sanctiﬁcatione
587 4073 635 4117 et
666 4063 881 4124 honore,
928 4079 1028 4116 non
1074 4063 1125 4114 in
1156 4062 1388 4130 passione
1423 4061 1644 4132 ignomi-

74 4158 195 4222 niaa,
224 4159 352 4211 sicut
401 4167 567 4228 gentes
594 4174 709 4229 quin
744 4155 907 4210 Deum
946 4172 1047 4208 non
1076 4162 1317 4207 noverunt
1346 4153 1420 4221 (l.
1465 4151 1642 4207 Thess.

77 4252 129 4306 4.
157 4252 209 4306 Δ.
243 4252 331 4322 5).
373 4254 450 4306 Ac
473 4265 659 4305 rursus
693 4268 706 4304 :
752 4248 873 4303 Non
898 4249 1024 4302 sicut
1047 4256 1235 4301 caetera:
1276 4255 1442 4316 gentes
1466 4245 1645 4299 ambu-

79 4343 183 4395 lant
208 4344 261 4396 in
286 4346 501 4396 vanitate
526 4340 691 4395 cordis
721 4340 799 4393 sui
826 4338 989 4409 (Eph.
1027 4339 1080 4392 4.
1114 4337 1233 4407 17).
1266 4337 1353 4392 Sic
1391 4345 1445 4391 et
1473 4337 1524 4391 in
1548 4337 1652 4392 hoc

81 4436 196 4489 loco
225 4452 239 4487 :
272 4434 410 4490 Nolo
432 4450 515 4489 vos
538 4435 772 4504 ignorare
794 4472 809 4497 ,
841 4435 1021 4502 fratres
1044 4470 1060 4497 ,
1085 4430 1148 4484 de
1176 4427 1532 4483 dormientibus
1552 4468 1568 4493 ,
1593 4437 1649 4481 ut

82 4543 178 4581 non
201 4527 559 4583 contristemini
586 4526 712 4580 sicut
740 4533 788 4578 et
815 4523 982 4577 cwteri
1001 4562 1016 4588 ,
1046 4520 1131 4591 qui
1154 4537 1291 4592 spem
1318 4537 1419 4574 non
1444 4520 1647 4574 habent.

82 4616 191 4671 Non
218 4620 360 4674 enim
391 4618 468 4673 rei
500 4617 665 4688 ipsius
690 4626 874 4670 natura
895 4656 910 4681 ,
938 4614 1031 4669 sed
1059 4614 1217 4667 animi
1246 4612 1412 4667 nostri
1452 4627 1649 4682 pr0po-

84 4712 237 4764 situm
267 4711 505 4766 dolorem
532 4709 685 4765 nobis
705 4707 893 4762 afferre
914 4706 1076 4761 solet:
1097 4720 1201 4760 non
1233 4719 1375 4758 mors
1394 4702 1647 4768 defuncti,

87 4804 175 4857 sed
206 4804 492 4875 lugentium
524 4803 821 4857 inﬁrmitas.
856 4799 1088 4855 Fidelem
1112 4800 1287 4868 itaque
1314 4797 1453 4852 nulla
1472 4812 1649 4851 rerum

90 4899 420 4961 praesentium
466 4894 649 4949 dolore
691 4892 907 4948 afﬁcere
949 4891 1177 4960 poterit;
1207 4889 1302 4944 sed
1340 4888 1498 4943 etiam
1529 4897 1651 4942 ante

90 4986 256 5042 futura
289 4988 422 5042 bona
453 4998 508 5042 et
532 4987 583 5040 in
610 4984 856 5054 prtcsenti
884 4984 988 5037 vita
1009 4981 1075 5035 ab
1096 4980 1392 5035 infidelibus
1416 4987 1653 5033 remotus

91 5090 187 5145 est,
218 5096 321 5135 non
352 5095 511 5150 parva
558 5095 622 5134 ex
666 5075 996 5147 philosophia
1038 5074 1331 5129 Christiana
1358 5072 1653 5142 percipiens

95 5169 243 5235 bona,
284 5172 671 5241 maximamque
698 5169 819 5225 inde
847 5179 1050 5223 metens
1090 5166 1436 5228 alacritatem,
1466 5178 1656 5234 perpe-

97 5271 341 5335 tuumque
366 5264 637 5336 gaudium.
667 5263 843 5331 Quare
873 5260 1061 5316 Paulus
1081 5259 1154 5313 ait
1187 5277 1199 5312 :
1230 5255 1453 5311 Gaudete
1475 5257 1529 5310 in
1552 5255 1656 5310 Do-

99 5356 227 5410 mino
251 5373 472 5427 semper,
517 5358 698 5410 iterum
735 5356 846 5408 dico
870 5395 885 5419 ,
934 5352 1145 5424 gaudete
1173 5350 1430 5420 (Philipp.
1475 5347 1529 5405 4.
1575 5346 1653 5419 4).

101 5444 271 5516 itaque
300 5450 457 5503 etiam
494 5458 619 5502 ante
663 5446 1111 5502 resurrectionem
1145 5457 1247 5496 non
1280 5455 1493 5511 parvam
1521 5439 1657 5494 hanc

102 5539 386 5593 mercedem
410 5540 696 5609 accipimus
717 5581 729 5602 ,
761 5537 900 5607 quod
927 5538 977 5589 in
1007 5535 1148 5590 nulla
1188 5532 1536 5588 accidentium
1565 5545 1656 5585 ca-

104 5623 384 5683 lamitatum
432 5631 611 5685 animo
657 5630 1031 5692 concidamus;
1076 5627 1167 5681 sed
1221 5626 1514 5680 futurorqu
1563 5637 1658 5691 spe

108 5718 261 5772 tuulto
288 5722 527 5777 fruamur,
557 5722 766 5777 solatio.
796 5718 1248 5789 Quemadmodum
1293 5717 1449 5789 igitur
1486 5713 1623 5771 utrin

114 5822 207 5874 qne
232 5811 425 5871 lucrum
454 5814 671 5869 facimus
692 5855 707 5880 ,
738 5813 805 5867 ita
836 5811 1061 5867 inﬁdelis
1091 5810 1334 5881 utrinque
1360 5808 1552 5864 damno
1580 5803 1655 5862 af«

1229 358 1315 413 DE
1354 357 1627 413 LAZARO
1672 357 1912 414 CONCIO
1951 356 2014 413 ν.

3167 357 3302 411 illi”).

1728 470 1934 538 ﬁcitur,
1965 480 2019 527 et
2058 471 2199 543 quod
2235 472 2447 528 demum
2491 475 2771 545 puniatur,
2806 482 2925 548 quia
2952 486 3307 540 resurrectio-

1728 577 1848 616 nem
1890 577 1995 617 non
2041 564 2306 631 credidit,
2338 575 2393 622 et
2421 568 2561 635 quod
2600 567 2777 623 animo
2799 570 3044 625 concidat
3068 571 3121 625 in
3167 587 3308 640 prte-

1724 654 1968 709 sentibus
2017 654 2214 717 rebus,
2262 658 2384 725 quia
2429 656 2557 711 nihil
2590 670 2706 727 post
2750 659 2888 715 hanc
2915 661 3075 714 vitam
3121 677 3306 730 sperat

1731 743 1873 798 boni.
1923 744 2036 798 Non
2068 746 2238 799 solum
2281 761 2409 815 ergo
2439 758 2653 815 propter
2698 751 3141 804 resurrectionem
3192 753 3302 804 lico

1726 835 1925 903 gratias
1950 850 2107 904 agere
2149 835 2405 890 debemus
2425 876 2440 898 ,
2480 836 2574 891 sed
2602 839 2760 892 etiam
2803 851 3015 908 propter
3035 857 3181 909 spem
3212 858 3299 895 rc-

1727 926 2069 982 surrectionis
2086 967 2100 989 ,
2123 942 2240 994 qua:
2261 936 2311 980 et
2335 935 2646 981 manentem
2667 928 2902 983 animum
2921 931 3078 984 solari
3100 941 3294 999 potest,

1726 1027 1783 1074 et
1811 1018 2131 1088 persuadere
2161 1018 2313 1072 nobis
2358 1029 2415 1073 ut
2442 1020 2584 1073 circa
2628 1018 2907 1075 defunctos
2938 1020 3301 1087 conﬁdamus,

1728 1124 1823 1163 eos
1852 1124 2044 1177 nempe
2073 1120 2467 1165 resurrecturos
2490 1151 2505 1175 ,
2534 1125 2597 1165 ac
2622 1110 2896 1166 nobiscum
2927 1111 3132 1168 futuros
3158 1128 3299 1170 esse.

1728 1199 1863 1255 Nam
1910 1203 1952 1254 si
1984 1215 2215 1257 moerere
2242 1202 2490 1256 convenit
2528 1218 2590 1256 ac
2626 1203 2803 1273 lugere
2826 1244 2841 1268 ,
2864 1205 3077 1274 lugendi
3108 1206 3140 1259 ii
3166 1249 3180 1270 ,
3213 1208 3302 1275 qui

1731 1293 1784 1346 in
1815 1292 2046 1361 peccatis
2067 1293 2279 1355 vivunt,
2314 1308 2416 1347 non
2467 1293 2502 1347 ii
2552 1294 2787 1363 quicum
2836 1295 3030 1350 virtute
3073 1296 3302 1350 defuncti

1730 1393 1870 1438 Sunt.
1897 1384 1985 1439 Sic
2004 1395 2061 1439 et
2089 1385 2281 1444 Paulus
2309 1385 2432 1439 facit
2462 1403 2475 1440 :
2505 1384 2794 1441 Corinthiis
2820 1389 3013 1458 quippe
3044 1390 3304 1457 scribens,

1729 1476 1837 1529 ait:
1867 1473 2148 1545 Nequando
2177 1476 2243 1527 ad
2269 1493 2351 1529 vos
2375 1477 2646 1530 venientem
2677 1494 2752 1530 me
2796 1476 2934 1531 Deus
2964 1480 3192 1533 humiliet
3216 1523 3229 1543 ,
3260 1490 3309 1537 et

1730 1570 1919 1623 multos
1952 1570 2152 1640 lugeam
2179 1568 2256 1639 (2.
2288 1568 2406 1623 Cor.
2436 1568 2524 1624 12.
2553 1568 2665 1640 2i).
2694 1568 2809 1623 Non
2837 1571 3031 1625 multos
3064 1588 3126 1627 ex
3158 1588 3306 1626 tuor-

1733 1661 1838 1715 tnis
1867 1660 2001 1714 dixit
2024 1677 2038 1725 ;
2066 1659 2160 1715 sed
2190 1676 2253 1714 ex
2278 1659 2340 1713 iis
2364 1702 2378 1725 ,
2410 1660 2638 1730 quicum
2665 1670 2788 1715 ante
2810 1662 3190 1730 peccavissent,
3216 1679 3306 1717 eos

1732 1760 1908 1805 tamen
1953 1751 2183 1805 lascivia:
2212 1752 2542 1821 impuneque
2568 1752 2688 1805 vitae
2717 1767 2821 1805 non
2853 1754 3137 1822 paeniteret
3165 1771 3179 1809 :
3212 1754 3309 1808 hos

1733 1844 1913 1913 lugere
1939 1846 2205 1897 convenit.
2237 1842 2325 1897 Sic
2348 1842 2485 1897 alius
2510 1852 2691 1897 monet
2723 1844 2803 1897 his
2844 1844 3018 1899 verbis
3050 1863 3063 1898 :
3101 1844 3194 1899 Fle
3218 1863 3308 1899 sn-

1731 1954 1821 2001 per
1850 1945 2045 1990 mortuo
2080 1952 2097 1990 :
2128 1938 2309 2009 defecit
2356 1937 2487 1990 enim
2518 1938 2728 2002 lumen;
2771 1948 2815 1992 et
2835 1954 2985 2006 super
3007 1939 3159 1992 stulto
3196 1940 3262 2008 [le
3289 1954 3311 1994 :

1735 2029 1918 2099 defecit
1963 2028 2096 2081 enim
2123 2028 2454 2096 intelligentia
2483 2027 2666 2097 (Eccli.
2695 2029 2784 2083 Ὠ.
2823 2029 2934 2101 10).
2969 2028 3157 2081 Parum
3184 2028 3310 2082 fleas

1733 2135 1894 2191 Super
1922 2130 2130 2174 mortuo
2151 2161 2165 2181 ,
2195 2121 2443 2189 quoniam
2469 2121 2763 2191 requievit;
2797 2123 2940 2176 stulti
2971 2130 3144 2176 autem
3173 2136 3313 2173 mors

1736 2220 1789 2265 te
1815 2211 1919 2263 vita
1946 2219 2028 2264 est
2050 2211 2301 2264 deterior.
2323 2210 2475 2278 Quod
2500 2215 2544 2264 si
2573 2212 2934 2282 intelligentiae
2953 2226 3145 2285 expers
3170 2228 3313 2265 sem-

1736 2318 1832 2372 per
1860 2302 2105 2374 lacrymis
2133 2303 2322 2372 dignus
2347 2314 2425 2356 est
2454 2318 2468 2367 ;
2500 2303 2667 2356 multo
2686 2304 2853 2373 magis
2874 2304 3073 2373 justitia
3094 2322 3312 2373 vacuus,

1736 2404 1790 2448 et
1816 2395 1902 2465 qui
1930 2411 1959 2447 a
1991 2409 2085 2462 spe
2109 2394 2161 2447 in
2186 2395 2347 2447 Deum
2378 2395 2593 2448 excidit.
2626 2394 2734 2448 Hos
2765 2396 2940 2464 itaque
2985 2396 3258 2466 lugeamus
3289 2416 3302 2452 :

1738 2488 1825 2541 hic
1873 2490 2046 2543 luctus
2097 2489 2244 2541 luero
2292 2502 2395 2541 non
2430 2496 2511 2541 est
2545 2487 2831 2542 destitutus
2865 2506 2877 2541 :
2907 2504 3047 2558 serpe
3090 2506 3315 2559 namque

1739 2583 1881 2636 luctu
1914 2590 2095 2635 nostro
2126 2580 2247 2634 illos
2270 2579 2689 2634 emendavimus.

1808 2674 2080 2728 Peccatum
2108 2673 2270 2726 solum
2298 2672 2588 2743 lugendum.
2616 2701 2688 2713 —-
2710 2671 2992 2727 Defunctus
3019 2684 3194 2726 autem
3238 2675 3315 2727 lu-

1742 2781 1869 2836 gere
1890 2780 2011 2820 cum
2046 2765 2229 2818 inutile
2252 2804 2269 2831 ,
2299 2774 2409 2817 tum
2436 2763 2751 2818 damnosum
2781 2773 2880 2817 est.
2929 2763 3005 2818 Ne
3037 2764 3191 2833 igitur
3223 2782 3315 2818 or-

1739 2860 1916 2914 dinem
1943 2858 2270 2913 invertamus
2295 2898 2310 2922 ,
2363 2855 2458 2911 sed
2488 2865 2761 2924 peccatum
2793 2856 2964 2909 Solum
2993 2856 3266 2926 lugeamus
3296 2875 3313 2912 :

1740 2953 1940 3021 reliqua
1964 2965 2092 3005 vero
2115 2950 2292 3005 omnia
2317 2990 2330 3014 ,
2355 2950 2467 3004 sive
2488 2957 2849 3018 paupertatem
2874 2990 2887 3012 ,
2912 2949 3022 3002 sive
3045 2949 3307 3013 morbum,

1740 3044 1851 3097 sive
1899 3042 2230 3096 immaturam
2280 3047 2540 3103 mortem,
2588 3040 2699 3093 sive
2738 3038 2986 3093 damnum
3013 3080 3027 3101 ,
3070 3039 3186 3093 sive
3229 3054 3317 3092 ca-

1740 3134 1990 3187 lumniam
2017 3174 2031 3198 ,
2086 3132 2198 3186 sive
2245 3131 2386 3184 aliud
2425 3129 2690 3200 quidpiam
2735 3129 3024 3183 humanum
3076 3130 3315 3197 malum,

1743 3225 1948 3280 fortiter
1975 3224 2230 3279 feramus.
2266 3223 2388 3277 llzec
2416 3224 2611 3292 quippe
2657 3222 2792 3275 mala
2818 3264 2834 3288 ,
2862 3223 2904 3276 si
2952 3230 3312 3293 temperantes

1743 3316 2001 3373 fuerimus
2025 3358 2039 3383 ,
2071 3316 2251 3386 plures
2275 3314 2428 3369 nobis
2456 3329 2681 3369 coronas
2710 3324 3013 3383 procurant.

1813 3412 1866 3463 4.
1898 3410 1967 3463 At
1996 3409 2081 3477 qui
2108 3451 2121 3470 ,
2171 3407 2409 3477 inquies,
2444 3406 2555 3459 fieri
2589 3407 2788 3474 possit,
2822 3416 2879 3460 ut
2924 3406 3170 3460 homines
3196 3421 3315 3462 Cllm

1744 3502 1909 3555 simus
1931 3542 1945 3563 ,
1974 3500 2157 3553 dolore
2184 3512 2286 3551 non
2318 3497 2647 3551 afficiamnr?
2671 3502 2735 3548 At
2760 3512 2857 3564 ego
2889 3506 3069 3550 contra
3098 3513 3316 3565 quaero:

1745 3595 1834 3666 qui
1866 3594 1977 3648 ﬁeri
2005 3593 2170 3662 possit
2191 3602 2246 3644 ut
2272 3591 2447 3659 lugeat
2470 3590 2648 3654 homo,
2667 3590 2755 3658 qui
2783 3590 3002 3643 rationis
3025 3589 3320 3659 particeps,

1744 3696 1799 3739 et
1821 3686 2114 3738 futurorum
2144 3697 2239 3752 spe
2267 3681 2424 3735 fultus
2444 3680 2562 3734 est?
2583 3678 2798 3748 Ecquis,
2830 3679 3067 3747 'iuquies,
3093 3695 3321 3747 unquam

1745 3779 1863 3844 fuit,
1879 3777 1967 3847 qui
1998 3775 2099 3830 hac
2112 3773 2424 3845 :egritudine
2450 3787 2554 3826 non
2576 3782 2761 3840 captus
2790 3770 2898 3824 sit?
2926 3770 3067 3823 Multi
3086 3779 3135 3824 et
3160 3771 3325 3839 pluri-

1746 3872 1846 3926 bus
1871 3871 1923 3924 in
1955 3870 2115 3935 locis,
2150 3878 2258 3921 tum
2290 3876 2473 3920 nostro
2493 3906 2507 3929 ,
2540 3875 2646 3917 tttm
2679 3864 3072 3933 progenitorum
3108 3874 3319 3917 nostro-

1748 3977 1867 4017 rum
1889 3975 2021 4015 :evo.
2054 3958 2264 4013 Etenim
2294 3956 2416 4010 audi
2443 3955 2566 4024 quid
2594 3954 2713 4017 Job,
2736 3952 2930 4006 amisso
2960 3962 3068 4005 toto
3091 3951 3318 4007 ﬁliorum

1749 4062 1890 4109 coetu
1917 4094 1931 4117 ,
1973 4052 2116 4106 dicat
2146 4068 2159 4105 :
2186 4049 2431 4103 Dominus
2461 4047 2628 4109 dedit,
2663 4044 2904 4097 Dominus
2935 4042 3187 4097 abstulit:
3216 4047 3318 4099 sic-

1748 4155 1801 4200 ut
1838 4143 2055 4197 Domino
2077 4141 2284 4212 placuit,
2312 4140 2384 4192 ita
2409 4140 2595 4209 factum
2623 4146 2695 4189 est
2740 4135 2793 4206 (J
2800 4135 2859 4187 ob
2887 4134 2936 4188 1.
2962 4132 3076 4203 21).
3108 4133 3201 4188 νει
3227 4149 3323 4188 au-

1755 4236 1866 4291 ditu
1891 4232 2106 4304 quidem
2136 4233 2249 4286 hare
2290 4228 2550 4284 mirabilia
2581 4235 2740 4282 sunt:
2767 4236 2823 4280 at
2866 4226 2909 4280 si
2943 4226 3027 4280 illa
3077 4235 3327 4281 accurate

1751 4324 2219 4395 cxpenderis,tunc
2236 4321 2403 4391 majus
2419 4334 2604 4374 cernes
2623 4317 2957 4371 miraculum.
2973 4316 3154 4387 Cogita
3176 4332 3327 4371 nam—

1750 4434 1853 4490 que
1867 4417 2157 4481 diabolum,
2178 4429 2282 4469 non
2300 4414 2584 4468 liberorum
2604 4410 2880 4464 dimidium
2903 4410 3204 4473 abstulisse;
3230 4425 3328 4463 ne-

1751 4526 1854 4581 que
1885 4510 2063 4579 plures
2088 4507 2368 4561 abstulisse
2387 4546 2402 4571 ,
2437 4504 2710 4573 pauciores
2726 4500 3026 4570 reliquisse;
3045 4499 3137 4555 sed
3166 4510 3330 4553 totum

1751 4601 1977 4657 fructum
2007 4597 2360 4654 demessuisse
2382 4636 2397 4662 ,
2445 4610 2542 4649 nec
2567 4591 3081 4661 arboremdejecisse
3110 4609 3123 4644 :
3164 4599 3331 4644 totum

1752 4709 1900 4749 mare
1919 4707 2039 4747 cum
2056 4690 2298 4744 fluctibus
2326 4686 2560 4749 induxit,
2581 4700 2751 4754 neque
2773 4693 2947 4737 tamen
2967 4683 3213 4753 scapham
3237 4682 3333 4735 de-

1753 4786 1938 4840 mersit
1960 4802 1972 4837 :
1994 4792 2154 4837 totam
2182 4784 2287 4834 vim
2317 4778 2583 4835 adhibuit.
2611 4792 2784 4845 neque
2810 4777 2993 4830 turrim
3022 4775 3332 4830 commovit.

1822 4873 1921 4929 Job
1950 4871 2232 4943 exemplum
2262 4870 2530 4941 patientia.
2551 4866 2741 4921 ——Sed
2787 4866 2932 4919 stetit
2970 4866 3058 4919 ille
3103 4865 3334 4931 undique

1757 4970 1875 5023 telis
1892 4966 2180 5036 impetitus,
2201 4962 2588 5029 immobilisque
2616 4972 2867 5012 manens:
2892 4955 2992 5010 tela
3016 4956 3180 5009 instar
3200 4950 3340 5009 nivis

1756 5061 1810 5116 in
1831 5076 1949 5115 eum
1972 5057 2244 5113 confertim
2268 5054 2592 5117 ferebantur;
2619 5064 2790 5119 neque
2813 5049 2903 5101 illc
2925 5048 3332 5117 percellebatur:

1758 5154 1863 5208 imo
1886 5149 2228 5206 mittebantur
2268 5144 2481 5215 quidem
2508 5184 2522 5207 ,
2552 5151 2606 5195 at
2628 5155 2730 5195 non
2760 5137 3122 5193 vulnerabant.
3156 5138 3339 5208 Cogita

1758 5255 2009 5317 quantum
2032 5244 2099 5298 sit
2120 5251 2196 5295 tot
2222 5239 2355 5293 filios
2377 5247 2613 5290 mortuos
2638 5246 2878 5288 cernere.
2905 5229 3041 5296 Quid
3068 5229 3204 5284 enim
3232 5246 3340 5285 non

1759 5336 1999 5392 dolorem
2051 5329 2348 5387 inferebat?
2383 5326 2532 5395 Quod
2579 5338 2766 5379 omnes
2809 5332 3120 5393 raperentur
3143 5363 3158 5388 ,
3190 5321 3329 5392 quod

1761 5442 1945 5484 omnes
1969 5424 2125 5481 simul
2152 5437 2255 5477 uno
2274 5421 2360 5477 die
2379 5462 2393 5485 ,
2425 5418 2564 5487 quod
2592 5417 2642 5471 in
2675 5416 2787 5485 ipso
2815 5415 2985 5469 aetatis
3014 5413 3163 5479 ﬁore,
3195 5413 3334 5484 quod
3386 5472 3393 5479 ,

1760 5539 1880 5578 cum
1906 5524 2014 5589 jam
2039 5518 2304 5588 egregium
2334 5511 2603 5567 dedissent
2632 5508 2835 5562 virtutis
2855 5507 3122 5576 specimen
3148 5548 3161 5570 ,
3186 5506 3323 5574 quod

1763 5611 2002 5684 supplicii
2046 5623 2194 5664 more
2233 5606 2396 5660 vitam
2438 5603 2688 5664 ﬁnirent,
2716 5597 2854 5670 quod
2888 5606 3005 5669 post
3034 5606 3111 5652 tot
3154 5597 3332 5666 plagas

1763 5706 1878 5762 hmo
1899 5710 2161 5774 postrema
2183 5699 2483 5761 inferretur,
2511 5693 2650 5766 quod
2677 5702 2823 5764 pater
2862 5700 3001 5747 essu
3052 5690 3332 5745 liberorum

1766 5816 1946 5860 amans
1970 5840 1986 5868 ,
2019 5797 2155 5872 quod
2184 5792 2419 5852 defuncti
2445 5789 2717 5847 amabiles.
2741 5785 2872 5842 Cum
2900 5784 3038 5839 cuitu
3064 5780 3339 5852 improbos
