3906 6292
449 380 586 438 (09.3

443 493 705 565 quispiam
731 491 923 547 liberos
951 488 1176 552 amittit,
1203 486 1270 541 de
1289 486 1492 555 jactura
1513 482 1721 554 quidem
1744 479 1907 543 dolet,
1936 474 2028 529 sed

443 601 554 644 non
573 598 693 640 cum
717 591 857 637 tanta
883 578 1214 634 vehementia
1241 594 1255 630 :
1287 575 1654 630 defunctorum
1679 574 1819 626 enim
1841 571 2031 638 impro-

436 678 581 728 bitas
615 687 721 728 non
761 672 832 727 ita
857 685 1034 725 acrem
1061 668 1186 723 sinit
1225 681 1343 721 esse
1369 665 1629 720 dolorem.
1674 663 1807 717 Cum
1853 672 2028 716 autem

442 761 643 818 virtute
671 763 876 833 praediti
907 770 1063 826 sunt,
1094 759 1283 814 vulnus
1324 758 1414 812 diu
1441 756 1731 831 perdurat,
1773 755 2028 808 memoria

449 858 562 924 ejus
587 869 692 909 non
713 853 967 908 amittitur
991 870 1003 904 :
1030 851 1223 905 malum
1245 864 1456 904 omnem
1479 847 1892 902 consolationem
1915 848 2032 901 vin-

449 949 541 1012 cit,
572 947 767 1016 duplex
790 944 1032 1000 stimulus
1051 953 1153 1007 est,
1180 943 1310 994 alter
1339 957 1369 995 a
1397 951 1603 1005 natura,
1635 939 1770 994 alter
1789 954 1818 991 a
1840 939 2031 994 virtute

451 1040 840 1094 defunctorum.
868 1037 1019 1105 Quod
1048 1045 1222 1090 autem
1263 1035 1333 1089 illi
1365 1035 1555 1089 virtute
1601 1033 1772 1087 ornati
1813 1041 1990 1087 essent
2014 1074 2029 1098 ,

453 1133 577 1186 hinc
601 1133 771 1201 palam
798 1172 813 1195 ,
841 1130 979 1198 quod
1009 1139 1156 1198 pater
1192 1143 1432 1196 magnam
1458 1142 1642 1181 eorum
1670 1141 1848 1180 curam
1873 1126 2034 1180 habe-

455 1225 808 1294 ret,quodque
831 1223 1028 1276 hostias
1052 1237 1146 1290 pro
1176 1221 1280 1274 illis
1305 1219 1612 1277 oﬂ'erret.de
1631 1219 1852 1272 occultis
1870 1218 2028 1272 etiam

457 1333 641 1370 eorum
695 1317 928 1386 peccatis
969 1313 1260 1377 sollicitus,
1303 1311 1538 1380 nihilque
1581 1311 1678 1380 ipsi
1728 1311 1844 1380 plus
1885 1309 2032 1362 cordi

460 1420 597 1463 erat.
639 1409 694 1462 id
724 1423 848 1462 vero
879 1424 980 1461 non
1005 1407 1162 1460 modo
1210 1403 1460 1457 virtutem
1488 1403 1712 1456 filiorum
1759 1400 2030 1465 declarat,

457 1501 550 1555 sed
577 1502 734 1555 etiam
764 1501 926 1570 patris
951 1514 1206 1553 amorem.
1239 1498 1370 1551 Cum
1402 1497 1559 1566 igitur
1603 1505 1656 1550 et
1681 1505 1829 1565 pater
1853 1503 1994 1550 esset
2019 1537 2033 1559 ,

458 1604 513 1647 et
556 1609 718 1662 usque
738 1593 870 1648 adeo
895 1593 1057 1662 prolis
1081 1606 1284 1653 amans,
1311 1592 1397 1659 qui
1427 1603 1530 1643 non
1563 1589 1854 1642 naturalem
1879 1589 2037 1642 modo

458 1685 723 1751 aﬂ'ectum,
755 1685 846 1740 sed
877 1687 1033 1739 etiam
1064 1670 1207 1748 eum,
1237 1684 1325 1752 qui
1353 1699 1416 1736 ex
1443 1683 1634 1752 pietate
1661 1680 2034 1751 proficisceba-

460 1786 579 1840 tur,
607 1777 918 1841 exhiberet;
945 1791 1062 1830 eum
1093 1776 1250 1829 etiam
1291 1774 1518 1828 defuncti
1561 1783 1721 1827 tautze
1758 1773 2034 1842 probitatis

459 1879 670 1934 essent,
702 1870 822 1923 hinc
853 1869 1042 1938 triplex
1080 1868 1326 1923 mceroris
1365 1867 1498 1937 ignis
1532 1867 1862 1937 gignebatur.
1895 1866 2038 1920 Prte-

459 1971 600 2016 terea
631 1977 749 2016 cum
783 1963 967 2031 partim
997 1971 1196 2014 tantum
1219 1959 1817 2029 abripiuntur,aliquam
1846 1974 2038 2012 conso-

461 2054 707 2108 lationcm
731 2055 830 2109 hoc
848 2055 1039 2108 malum
1067 2054 1240 2107 habet.
1280 2053 1412 2108 Nam
1444 2052 1638 2107 residui
1683 2051 1772 2105 ﬁlii
1798 2051 2038 2105 dolorem

461 2146 527 2200 de
551 2147 770 2199 aliorum
803 2156 970 2200 morte
1000 2147 1282 2200 obscurant
1319 2155 1373 2199 et
1399 2145 1655 2214 mitigant.
1686 2146 1754 2197 At
1781 2158 1900 2198 cum
1933 2157 2038 2196 uno

463 2247 702 2305 tempore
730 2236 957 2290 universi
990 2237 1284 2289 moriuntur
1307 2276 1322 2298 ,
1365 2235 1430 2289 ad
1459 2251 1613 2304 quem
1642 2234 1910 2302 respicere
1939 2246 2036 2301 po-

464 2329 588 2381 terit
632 2329 752 2391 ille,
805 2329 890 2395 qui
931 2329 1213 2382 multormn
1254 2327 1481 2381 filiorum
1510 2337 1658 2394 pater
1691 2326 1798 2395 jam
1830 2326 2039 2394 penitus

461 2421 621 2473 orbus
646 2423 769 2474 est?
799 2421 876 2474 Ad
917 2421 1028 2475 haec
1057 2421 1290 2490 quintam
1317 2421 1474 2475 etiam
1506 2420 1707 2489 plagam
1756 2433 2035 2475 recensere

464 2510 605 2565 licet.
631 2511 882 2580 Quzcnam
915 2512 1000 2566 illa
1029 2511 1153 2566 est?
1175 2511 1326 2580 Quod
1357 2512 1643 2580 derepente
1670 2527 1856 2566 omnes
1902 2512 2042 2565 inte-

464 2603 666 2656 rierint.
705 2601 833 2656 Nam
871 2603 915 2656 si
943 2619 1062 2658 cum
1103 2603 1240 2657 intra
1285 2613 1393 2658 tres
1421 2613 1511 2657 aut
1545 2603 1773 2673 quinque
1797 2603 1911 2658 dies
1940 2603 2043 2654 vita

463 2691 752 2760 funguntur
771 2693 953 2763 aliqui,
984 2704 1104 2748 tunc
1125 2695 1372 2750 mulieres
1395 2703 1449 2748 et
1476 2695 1682 2764 cognati
1705 2709 1891 2749 omnes
1917 2693 2044 2746 illud

463 2786 691 2841 maxime
727 2785 1002 2856 deplorant
1026 2827 1039 2849 ,
1073 2787 1212 2857 quod
1238 2787 1344 2842 cito
1373 2795 1426 2842 et
1454 2786 1742 2857 derepente
1767 2786 2046 2840 defunctus

463 2875 530 2929 ab
556 2887 736 2930 eorum
781 2879 948 2931 oculis
976 2877 1224 2947 abreptus
1263 2879 1365 2943 sit;
1408 2886 1607 2948 quanto
1651 2878 1818 2948 magis
1845 2877 1930 2930 hic
1969 2877 2046 2929 in-

463 2966 648 3034 doluit,
671 2969 760 3037 qui
783 2985 884 3022 nou
913 2970 1045 3022 intra
1073 2978 1178 3025 tres
1201 2971 1282 3025 vel
1309 2971 1462 3035 duos,
1486 2971 1565 3025 vel
1593 2986 1753 3024 unum
1769 2971 1930 3037 diem,
1954 2968 2047 3023 sed

466 3058 594 3111 hora
630 3074 731 3113 una
761 3075 945 3114 onmcs
987 3065 1064 3116 sic
1093 3063 1287 3115 amisit.
1331 3061 1522 3116 Malum
1568 3061 1887 3131 aliquamdiu
1924 3070 2047 3116 ante

465 3151 782 3218 praivisum,
834 3154 1037 3207 etiamsi
1084 3154 1366 3208 admodum
1413 3155 1742 3208 intolerabile
1782 3155 1885 3220 sit,
1936 3154 2048 3222 ipsa

466 3250 642 3296 tamen
673 3246 1066 3313 exspectatione
1104 3247 1258 3301 facile
1284 3247 1514 3300 lenitur:
1547 3246 1687 3314 quod
1715 3256 1889 3300 autem
1929 3247 2048 3300 ino-

467 3331 699 3400 piuatum
726 3334 932 3399 accidit,
967 3336 1352 3392 intolerandum
1392 3346 1493 3391 est.
1516 3336 1646 3391 Cum
1675 3337 1831 3406 igitur
1854 3336 2049 3406 aliquid

465 3434 562 3491 per
608 3434 665 3475 se
690 3436 880 3491 Grave,
910 3425 1235 3494 inepinatum
1267 3439 1526 3498 praeterea
1555 3429 1844 3497 contingit,
1878 3430 2048 3499 cogita

467 3532 625 3585 quam
651 3513 982 3574 intolerabile
1009 3519 1097 3581 sit,
1127 3531 1182 3572 nt
1205 3536 1302 3574 nec
1324 3521 1450 3575 satis
1479 3521 1653 3574 verbis
1679 3519 1901 3590 exprimi
1930 3535 2050 3589 pos-

468 3611 557 3663 sit.
603 3610 694 3665 Vis
719 3621 920 3668 sextam
967 3611 1174 3679 plagam
1219 3614 1440 3667 audire?
1471 3613 1525 3666 In
1571 3614 1686 3682 ipso
1723 3614 1892 3667 {etatis
1918 3612 2051 3668 ﬂore

468 3715 654 3756 onines
697 3704 942 3770 perdidit.
977 3699 1134 3760 Scitis
1176 3712 1429 3772 quantum
1467 3718 1752 3760 mcerorem
1794 3713 1851 3761 et
1891 3718 2049 3777 quam

469 3793 670 3845 varium
695 3794 885 3848 luctum
911 3794 1134 3850 inferant
1149 3804 1486 3865 praematura:
1499 3807 1719 3854 mortes.
1748 3798 1870 3853 Haec
1895 3812 2050 3867 porro

471 3897 615 3936 mors
642 3899 744 3937 non
776 3897 1084 3953 praematura
1115 3899 1336 3955 tantum,
1361 3890 1453 3945 sed
1480 3891 1638 3944 etiam
1663 3890 1889 3944 violenta
1910 3899 2047 3954 erat,

471 3971 542 4025 ita
570 3984 627 4026 ut
657 3974 768 4029 haec
797 3978 1021 4046 septima
1051 3979 1198 4051 plaga
1224 3991 1382 4036 esset.
1418 3981 1532 4035 Non
1553 3981 1692 4035 enim
1723 3981 1774 4035 in
1797 3982 1933 4035 lecto
1955 3996 2050 4036 eos

472 4065 745 4132 exspirare
787 4068 1121 4139 animamque
1150 4071 1331 4125 efﬂare
1360 4071 1521 4136 vidit,
1563 4071 1657 4126 sed
1681 4071 1871 4126 domus
1899 4073 2050 4125 ruina

473 4154 692 4208 obrutos
719 4173 921 4211 omnes.
957 4161 1228 4229 l’erpcude
1271 4163 1456 4231 igitur,
1496 4179 1600 4232 quo
1625 4164 1802 4216 animo
1836 4173 1977 4217 esset
2007 4163 2053 4218 is

473 4247 562 4313 qui
591 4251 856 4302 cumulum
903 4250 1051 4303 illum
1083 4253 1339 4308 eﬂ‘odiens
1363 4295 1377 4318 ,
1425 4271 1562 4308 nunc
1594 4255 1820 4323 lapidem
1848 4297 1862 4320 ,
1909 4269 2052 4308 nunc

475 4336 770 4390 membrum
799 4339 1021 4410 alicujus
1047 4357 1077 4395 e
1105 4343 1228 4396 filiis
1255 4346 1578 4409 extraheret,
1603 4346 1692 4416 qui
1729 4361 1940 4399 manum
1968 4346 2051 4400 vi-

473 4426 623 4482 deret
651 4427 824 4484 adlmc
853 4433 1097 4501 poculum
1129 4444 1416 4503 tenentem,
1445 4453 1672 4506 moxque
1695 4437 1932 4492 dextram
1961 4453 2056 4508 pa-

476 4519 603 4572 tina:
635 4521 932 4590 impositam
955 4568 968 4591 ,
1001 4535 1270 4598 totumque
1294 4544 1488 4600 corpus
1512 4531 1862 4590 deformatum
1881 4575 1896 4599 ,
1927 4549 2054 4587 con-

479 4612 602 4664 trito
635 4628 784 4678 naso,
812 4617 1084 4672 confracto
1111 4625 1300 4690 capite,
1325 4623 1597 4676 exstinctis
1621 4624 1805 4687 oculis,
1833 4623 2055 4678 cerebro

475 4699 580 4755 huc
600 4712 651 4756 ct
677 4703 798 4760 illuc
826 4707 1067 4777 disjecto,
1101 4719 1230 4781 tota,
1256 4721 1313 4766 ut
1338 4729 1444 4768 uno
1474 4715 1635 4769 verbo
1655 4715 1846 4780 dicam,
1875 4715 2055 4783 specie

477 4791 808 4860 labefactata,
832 4800 900 4853 ita
919 4810 975 4854 ut
996 4817 1090 4870 per
1110 4803 1381 4858 vulnerum
1405 4807 1709 4862 varietatem
1737 4823 1840 4862 non
1871 4808 2059 4866 liceret

476 4888 836 4944 amantissimo
855 4893 1059 4961 parenti
1087 4895 1258 4950 vultus
1284 4896 1660 4953 internoscere.
1686 4899 1810 4954 Haec
1841 4901 2060 4955 audien-

481 4989 560 5035 tes
607 4984 995 5042 conturbamini
1037 5001 1099 5042 ac
1143 4987 1303 5043 ﬂetis.
1355 4991 1544 5047 Animo
1571 5004 1809 5064 reputate
1856 4995 2054 5065 igitur,

478 5075 600 5143 quis
635 5074 724 5129 ille
764 5086 906 5131 esset
931 5117 944 5140 ,
984 5079 1074 5147 qui
1110 5078 1225 5134 haec
1265 5082 1643 5151 eouspiciebat.
1689 5084 1746 5140 Si
1789 5086 1928 5141 enim
1960 5101 2058 5140 nos

486 5173 606 5231 post
635 5175 836 5220 tantmn
869 5171 1121 5237 temporis
1152 5171 1480 5228 intervallum
1510 5190 1612 5228 non
1639 5189 1919 5244 possumus
1946 5186 2054 5230 tra-

482 5259 708 5325 gmdiam
736 5260 880 5314 illam
911 5261 1026 5316 sine
1053 5262 1299 5336 lacrytnis
1325 5267 1409 5320 vel
1434 5267 1614 5322 auditu
1660 5267 1817 5333 ferre,
1851 5270 2057 5323 etiamsi

485 5350 671 5405 aliena:
695 5352 1022 5408 calamitates
1053 5366 1371 5423 narrentur;
1403 5360 1520 5429 quis
1551 5371 1663 5414 erat
1691 5361 2057 5416 adamantinus

407 5485 415 5494 .
486 5439 596 5501 ille,
627 5446 717 5511 qui
750 5443 848 5497 hoc
875 5444 1048 5498 oblato
1077 5448 1397 5516 spectaculo,
1435 5466 1538 5504 non
1567 5452 1616 5505 in
1647 5452 1851 5517 alienis,
1885 5452 1977 5506 sed
2003 5453 2056 5506 in

486 5526 597 5585 suis
617 5534 767 5587 malis
779 5534 1243 5607 philosophabatur
1260 5540 1274 5571 ¹
1292 5540 1315 5595 ?
1333 5540 1511 5612 Neque
1530 5543 1669 5597 enim
1689 5543 1899 5614 indigne
1921 5543 2056 5605 tulit,

489 5692 586 5763 tu}:
600 5699 656 5763 in
689 5703 898 5763 unoums.
923 5696 992 5744 sic
1014 5699 1298 5748 terminatur
1334 5699 1438 5763 base
1482 5703 1676 5752 tiomilia
1711 5715 1723 5750 :
1752 5698 2061 5763 nequeenim

481 5747 680 5825 ξζεαὶῃηε
731 5755 838 5825 tulit
862 5771 1098 5825 unquam,
1135 5747 1287 5825 neque
1323 5747 1450 5811 ᾱὶζὶῖι
1480 5747 2060 5822 Keilii/io;

483 5813 592 5859 αἰχ(
647 5818 915 5870 :Dominus
939 5813 1100 5881 dedit,
1129 5813 1352 5875 Doininus
1377 5813 1583 5876 abstulit.
1627 5827 1758 5886 Quod
1798 5813 1857 5888 si,
1896 5813 2056 5879 exent-

1154 373 1210 429 S.
1248 369 1523 428 JOANNIS
1563 357 2031 422 CllRYSOSTUMI
2073 355 2391 416 ARCHIEP.
2435 361 2963 417 CONSTANTINOP.

3588 367 3740 424 4094

2138 488 2308 544 neque
2334 476 2506 532 simile
2532 478 2802 550 quidpiam
2838 480 2966 534 dixit
2994 497 3007 534 :
3036 479 3167 548 Quid
3196 481 3295 536 hoc
3324 484 3449 538 est?
3487 484 3746 540 Hmccine

2138 568 2473 638 benignitatis
2517 586 2649 625 mea:
2691 573 3093 626 remuneratio?
3122 573 3253 628 Num
3279 575 3402 632 ideo
3432 575 3747 649 hOSpitilius

2137 659 2352 714 donium
2381 676 2551 714 meam
2580 663 2762 731 aperui
2786 703 2800 725 ,
2828 674 2885 718 ut
2907 681 3024 720 eam
3056 666 3341 723 liberorum
3365 670 3631 723 tumulum
3663 688 3751 729 vi-

2138 755 2360 809 det-em?
2402 754 2595 810 ldeone
2627 767 2826 812 tantam
2868 774 2991 828 erga
3033 760 3150 814 illos
3191 762 3442 814 virtutem
3471 761 3741 827 exhibui,

2139 857 2197 899 ut
2225 848 2322 901 hac
2367 861 2540 903 morte
2588 851 3004 905 occumbereut?
3031 851 3171 906 Nihil
3199 856 3389 906 horum
3431 854 3520 906 vel
3564 853 3703 905 dixit
3727 893 3744 915 ,

2139 939 2223 991 vel
2252 939 2538 1008 cogitavit;
2568 941 2661 995 sed
2685 943 2858 995 omnia
2883 942 3090 998 fortiter
3120 944 3265 1008 tulit,
3303 943 3431 998 licet
3460 953 3589 1012 post
3619 955 3744 996 tau-

2139 1038 2244 1083 tmu
2267 1046 2448 1085 curam
2471 1032 2652 1087 orbus.
2675 1031 2824 1088 Sicut
2845 1037 2987 1089 enim
3012 1035 3211 1104 peritus
3232 1036 3530 1089 statuarius
3551 1049 3745 1088 aureas

2143 1125 2396 1194 imagines
2422 1124 2719 1196 efﬁngens,
2750 1142 2943 1196 magno
2969 1142 3061 1180 eas
3090 1127 3264 1180 studio
3291 1137 3564 1191 exornat;
3595 1129 3658 1181 ita
3689 1139 3747 1181 et

2142 1217 2228 1272 ille
2257 1233 2440 1272 eorum
2479 1219 2686 1272 animos
2725 1219 3113 1287 componebat,
3147 1219 3465 1272 informabat
3488 1221 3744 1273 ornabat-

2140 1325 2264 1380 que.
2293 1313 2371 1366 Ac
2394 1312 2837 1380 quemadmodum
2861 1314 3157 1369 laboriosus
3179 1315 3410 1384 agricola
3438 1317 3742 1385 palmarum

2142 1403 2223 1455 \el
2251 1401 2487 1457 olearum
2536 1404 2728 1472 stirpes
2771 1405 2944 1474 rigat.
2993 1407 3161 1459 munit
3183 1415 3237 1461 et
3263 1408 3440 1476 sepit,
3486 1411 3753 1476 omnique

2141 1495 2343 1547 ratione
2363 1493 2537 1547 colere
2559 1509 2664 1549 non
2698 1507 2901 1558 cessat;
2931 1496 2997 1548 ita
3027 1505 3080 1549 et
3102 1497 3186 1550 ille
3218 1512 3319 1550 non
3349 1499 3607 1552 cessabat
3629 1501 3742 1552 sin-

2141 1584 2385 1654 gulorum
2402 1587 2654 1650 animam,
2681 1586 2830 1656 quasi
2856 1587 3045 1640 olivam
3070 1587 3414 1651 frurtiferam,
3441 1589 3509 1642 ad
3535 1591 3738 1657 majora

2141 1677 2352 1729 virtutis
2396 1678 2718 1732 incrementa
2749 1679 3034 1733 deducere.
3078 1679 3181 1734 Sed
3229 1681 3360 1734 vidit
3384 1683 3588 1751 stirpa
3621 1698 3735 1734 ma-

2143 1768 2268 1837 ligni
2292 1769 2506 1839 spiritus
2528 1770 2720 1837 impetu
2743 1771 2973 1835 avulsas,
3003 1779 3160 1840 atque
3185 1772 3235 1824 in
3265 1783 3462 1825 terram
3487 1784 3732 1842 prostra—

2146 1868 2244 1922 tas,
2279 1859 2742 1930 miserabilemque
2769 1863 2890 1915 vitze
2910 1866 3106 1916 exitum
3129 1878 3412 1934 perpessas
3435 1907 3450 1930 ,
3481 1865 3620 1920 nihil
3651 1875 3733 1918 ta-

2143 1966 2264 2006 men
2294 1951 2557 2006 maledicti
2590 1954 2823 2020 protulit,
2852 1953 2945 2007 sed
2975 1954 3082 2010 Deo
3110 1956 3306 2025 gratias
3331 1971 3518 2026 agens,
3555 1956 3737 2010 letha-

2146 2042 2247 2096 lem
2275 2042 2488 2097 diabolo
2514 2043 2715 2112 plagam
2747 2044 2954 2098 inﬂixit.

2217 2134 2269 2188 5.
2311 2135 2364 2190 Si
2394 2151 2519 2189 vero
2547 2135 2744 2190 dixeris
2770 2179 2783 2195 .
2816 2138 3006 2191 inultos
3046 2137 3133 2191 ille
3173 2139 3308 2192 lilios
3345 2138 3565 2193 habuit:
3593 2141 3737 2197 alius

2148 2242 2275 2281 vero
2304 2241 2446 2296 sarpe
2473 2228 2684 2282 unicum
2714 2229 2940 2298 perdidit
2973 2230 3136 2284 lilium
3159 2271 3172 2294 ,
3203 2247 3376 2302 neque
3404 2235 3515 2301 pari
3543 2233 3740 2292 dolore

2145 2319 2365 2376 aﬂ'ectus
2385 2329 2486 2388 est,
2510 2322 2707 2392 optime
2730 2322 2962 2392 loqueris
2993 2341 3006 2378 :
3034 2335 3190 2394 atque
3223 2327 3271 2378 in
3299 2325 3398 2380 hoc
3425 2326 3512 2380 tibi
3543 2342 3737 2381 assen-

2150 2414 2269 2477 tior,
2293 2413 2559 2483 quodnon
2585 2429 2681 2483 par
2702 2413 2857 2468 fuerit
2882 2415 3051 2477 dolor,
3079 2416 3170 2470 sed
3192 2416 3309 2471 Jobi
3342 2418 3506 2471 multo
3535 2419 3736 2487 major.

2147 2508 2276 2575 Quae
2315 2509 2454 2562 enim
2485 2509 2557 2562 illi
2596 2524 2660 2564 ex
2703 2523 2984 2564 numerosa
3023 2511 3204 2565 sobole
3233 2511 3464 2566 utilitas?
3492 2511 3730 2565 Eviderh

2151 2603 2337 2655 tiorem
2368 2603 2464 2671 ipsi
2495 2611 2651 2672 atque
2681 2603 3006 2658 acerbiorem
3037 2603 3275 2659 dolorem
3307 2605 3495 2659 vulnus
3526 2605 3735 2671 intulit,

2150 2694 2201 2747 in
2227 2694 2462 2762 pluribus
2487 2695 2799 2763 corporibus
2819 2705 3116 2764 acceptum.

2222 2785 2494 2838 Abrahami
2521 2787 2822 2856 exemplum.
2847 2817 2915 2826 -—
2935 2787 3085 2852 Quod
3115 2787 3158 2840 si
3190 2787 3332 2842 lubet
3357 2788 3514 2841 alium
3550 2790 3740 2843 videre

2150 2886 2411 2939 sanctum,
2435 2879 2519 2932 cui
2545 2879 2728 2933 unicus
2750 2889 2864 2933 erat
2891 2879 3049 2946 filius,
3078 2881 3209 2949 pari,
3242 2880 3346 2932 imo
3364 2880 3546 2947 majori
3568 2881 3738 2934 animi

2150 2971 2510 3041 magnitudine
2536 2987 2688 3027 usum
2711 3014 2724 3037 ,
2754 2972 3038 3027 recordare
3065 2973 3347 3028 Abrahami
3375 2975 3700 3044 patriarcha:
3722 3018 3736 3038 ,

2150 3063 2239 3131 qui
2271 3061 2503 3117 lsaacum
2528 3063 2741 3132 quidem
2788 3066 3100 3119 morientem
3144 3081 3247 3119 non
3281 3065 3432 3128 vidit;
3463 3066 3558 3120 sed
3591 3067 3740 3136 quod

2151 3155 2306 3226 longe
2325 3155 2566 3210 acerbius
2587 3156 2921 3226 amariusque
2944 3163 3078 3220 erat,
3099 3157 3212 3227 ipse
3235 3173 3354 3212 eum
3375 3169 3611 3213 mactare
3625 3160 3741 3234 jus-

2153 3264 2244 3304 sus
2265 3259 2379 3316 est;
2410 3266 2509 3305 nec
2535 3251 2784 3305 mandato
2809 3253 3135 3321 repugnabat
3164 3253 3269 3319 ille,
3293 3268 3394 3313 non
3417 3252 3740 3329 indignam-

2152 3351 2274 3407 tur,
2307 3358 2477 3412 neque
2505 3342 2678 3397 simile
2717 3343 2984 3412 quidpiam
3026 3343 3232 3404 dicebat
3260 3367 3274 3404 :
3308 3351 3490 3406 ideone
3519 3368 3610 3405 me
3639 3368 3734 3422 pa-

2153 3442 2286 3487 trem
2311 3433 2496 3497 fecisti,
2535 3441 2594 3487 ut
2617 3432 2708 3487 lilii
2731 3432 3047 3495 homicidam
3069 3439 3302 3495 faceres?
3339 3441 3520 3494 Melius
3543 3441 3737 3496 fuisset

2151 3527 2370 3580 omnino
2391 3541 2495 3580 non
2518 3525 2748 3599 dedisse,
2767 3547 2922 3602 quam
2944 3532 3123 3586 datum
3145 3534 3234 3587 tali
3256 3535 3408 3587 modo
3425 3535 3734 3589 sustulisse.

2153 3617 2286 3676 Eum
2327 3633 2540 3692 prorsus
2581 3625 2660 3678 vis
2703 3624 2933 3678 habere?
2978 3624 3084 3678 Cur
3132 3641 3252 3679 eum
3309 3641 3338 3679 a
3383 3642 3467 3680 me
3510 3629 3735 3681 mactari

2153 3713 2383 3782 imperas
2403 3753 2418 3779 ,
2445 3729 2721 3783 meamque
2745 3713 3016 3769 dexteram
3047 3716 3296 3784 sanguine
3327 3715 3441 3785 ejus
3468 3719 3735 3770 contami~

2152 3805 2307 3860 nari?
2351 3807 2542 3860 Annon
2589 3805 2853 3876 pollicitus
2899 3821 3020 3862 eras
3067 3823 3155 3862 me
3197 3823 3293 3876 per
3325 3806 3463 3863 hunc
3507 3825 3734 3878 puerum

2153 3907 2320 3952 totum
2359 3898 2543 3952 orbem
2590 3897 2737 3968 prole
2775 3914 2891 3952 mea
2937 3899 3319 3968 impleturum?
3358 3899 3454 3968 Qui
3502 3901 3733 3956 fructum

2152 3988 2305 4043 dabis
2325 3990 2500 4043 avulsa
2525 3990 2734 4044 radice?
2760 3990 3036 4057 Quomodo
3069 3990 3270 4060 prolem
3299 3991 3581 4059 promittis,
3613 4008 3732 4047 cum

2155 4081 2320 4135 tilium
2370 4090 2601 4135 mactare
2639 4079 2862 4148 iubeas?
2899 4080 3026 4148 Quis
3068 4081 3188 4134 talia
3232 4081 3358 4134 vidit
3385 4081 3465 4134 vel
3495 4082 3735 4137 audivit?

2157 4172 2416 4241 Deceptus
2444 4188 2560 4225 sum
2587 4187 2649 4224 ac
2681 4171 3086 4226 circumventus.
3119 4171 3254 4224 Nihil
3284 4173 3457 4225 simile
3485 4173 3624 4226 dixit
3647 4184 3734 4228 aut

2153 4265 2421 4331 cogitavit.
2447 4279 2550 4318 non
2579 4266 2770 4317 restitit
2791 4263 3208 4331 imperanti,non
3230 4263 3479 4332 expetivit
3501 4264 3623 4318 facti
3652 4281 3733 4319 ra-

2158 4356 2376 4420 tionem,
2405 4354 2498 4408 sed
2521 4355 2603 4408 his
2629 4355 2821 4410 auditis
2849 4379 2862 4408 :
2892 4354 3072 4424 Accipe
3096 4356 3258 4425 ﬁlium
3285 4365 3454 4420 tuum,
3484 4375 3632 4427 quem
3659 4360 3732 4410 di-

2158 4449 2290 4518 ligis,
2321 4446 2490 4511 Isaac,
2517 4456 2560 4500 et
2589 4447 2755 4500 adduc
2785 4464 2901 4500 eum
2936 4447 2988 4500 in
3013 4463 3167 4500 unum
3193 4449 3452 4509 montium,
3475 4466 3628 4518 quem
3657 4451 3733 4501 di-

2157 4555 2276 4592 xero
2297 4538 2384 4591 tibi
2410 4537 2570 4606 (Gen.
2602 4536 2690 4590 22.
2713 4537 2748 4590 ‘2
2766 4539 2806 4606 ),
2834 4553 2952 4591 cum
2985 4546 3126 4590 tanta
3153 4537 3423 4592 alacritate
3450 4539 3648 4606 paruit,
3679 4548 3733 4593 ut

2159 4635 2276 4704 plus
2296 4634 2474 4697 etiam,
2497 4649 2652 4702 quam
2679 4631 2991 4700 imperatum
3018 4641 3179 4696 esset,
3204 4630 3419 4685 faceret.
3445 4631 3578 4685 Nam
3603 4648 3731 4686 tuo-

2158 4742 2270 4781 rem
2300 4725 2400 4780 hoc
2426 4725 2612 4780 celavit
2641 4733 2695 4778 et
2721 4739 2928 4787 servos,
2961 4724 3189 4792 ipsisque
3220 4723 3270 4776 in
3311 4723 3507 4776 montis
3557 4724 3731 4778 radice

2160 4821 2392 4875 dimissis
2412 4861 2428 4885 ,
2459 4819 2567 4874 sola
2596 4833 2774 4874 secum
2804 4818 2961 4872 ducta
2991 4817 3202 4870 victima
3230 4817 3485 4870 ascendit.
3521 4816 3593 4869 Ita
3627 4832 3728 4870 non

2161 4913 2376 4977 invitus,
2397 4912 2490 4966 sed
2518 4927 2635 4964 cum
2667 4910 2933 4963 alacritate
2963 4909 3125 4964 multa
3149 4910 3295 4979 jussa
3319 4909 3730 4978 exsequebatur.

2161 5005 2343 5075 Cogita
2371 5018 2499 5074 ergo
2523 5013 2776 5072 quantum
2804 5001 2930 5055 illud
2959 5009 3072 5054 erat
3091 5042 3105 5066 ,
3136 5001 3304 5055 solum
3329 5014 3448 5053 cum
3474 4999 3596 5053 solo
3629 4999 3734 5053 ﬁlio

2161 5097 2408 5169 colloqui,
2431 5107 2690 5168 praesente
2715 5095 2944 5158 nemine,
2966 5110 3086 5149 cum
3109 5094 3312 5148 viscera
3334 5093 3567 5146 maxime
3587 5108 3734 5145 com-

2161 5200 2456 5257 moventur,
2489 5190 2788 5259 amorisque
2812 5190 2888 5242 vis
2918 5187 3085 5257 major
3112 5193 3224 5252 est,
3251 5184 3408 5255 idque
3437 5200 3547 5238 non
3579 5185 3730 5238 unius

2161 5286 2243 5340 vel
2268 5285 2491 5340 duorum
2511 5324 2527 5348 ,
2558 5283 2649 5337 sed
2678 5282 2906 5352 plurium
2933 5279 3139 5334 dierum
3177 5277 3364 5347 spatio.
3393 5275 3528 5330 Nam
3555 5277 3599 5330 si
3623 5284 3728 5329 sta-

2163 5380 2257 5434 tim
2283 5377 2493 5433 fecisset
2520 5374 2657 5446 quod
2681 5375 2995 5444 imperatum
3023 5378 3156 5438 erat,
3184 5384 3429 5439 magnum
3459 5368 3724 5423 mirabile-

2161 5513 2294 5579 plum
2314 5513 2381 5562 ad
2403 5525 2486 5562 nos
2507 5509 2760 5579 ﬂectentes,
2787 5509 2910 5579 beati
3079 5507 3252 5579 aqemfi
3289 5511 3522 5579 rationem
3558 5504 3724 5555 imitat:

2158 5569 2515 5641 fugi-imusmon
2536 5572 2677 5641 modo
2719 5571 2768 5622 in
2787 5569 3131 5641 amictimtibits,
3158 5569 3241 5619 sed
3277 5582 3331 5641 ui
3357 5569 3722 5641 quimqu

2152 5628 2267 5691 aliis
2287 5628 2612 5689 incoinmodis,
2645 5647 2757 5683 cum
2793 5628 2905 5692 p'itri
2941 5633 3188 5682 Dominum
3215 5628 3442 5692 nostrum
3462 5628 3718 5678 adibimus.

2161 5708 2260 5749 tum
2299 5698 2525 5748 stabimus
2545 5695 2703 5746 securi
2724 5691 2832 5745 ante
2857 5694 3064 5758 tribuum
3107 5691 3282 5758 Christi
3317 5705 3334 5741 :
3371 5705 3477 5758 qua?
3495 5699 3719 5758 seruatas

2161 5763 2294 5813 nobis
2315 5758 2532 5810 euntibus
2558 5758 2697 5822 detur
2719 5771 2804 5818 per
2827 5756 3033 5822 gratiam
3054 5764 3098 5806 et
3119 5754 3497 5806 misericordiam
3541 5753 3716 5805 Domini

2163 5826 2313 5878 nostri
2333 5833 2444 5875 Jcsu
2467 5820 2658 5881 Christi.
2685 5828 2780 5870 etc.
