3906 6244
123 309 142 358 ί
154 307 271 361 (ιε-δ

111 423 296 478 ὐταν
347 423 452 491 γὰρ
482 423 746 494 πονηροὺς
792 420 1038 490 ἀποϐάλῃ
1073 437 1153 484 τις
1184 421 1399 484 παῖδας,
1441 421 1693 473 δάκνεται

113 509 218 578 μὲν
254 506 345 578 τῷ
381 506 562 566 πάθει.
603 505 742 577 πλὴν
787 505 902 558 ἀλλ’
930 505 990 557 οὐ
1024 505 1162 575 μετά
1190 505 1390 573 πολλῆς
1420 505 1518 576 τῆς
1567 521 1696 572 σφο-

109 593 418 662 δρότητος’
460 591 492 660 ἡ
541 589 649 660 γάρ
691 589 922 659 πονηρία
963 587 1070 642 τῶν
1114 587 1452 641 ἀπελθόντων
1500 586 1695 656 δριμυ-

109 676 288 747 τέραν
320 676 419 728 οὐκ
452 674 646 744 ἀφίησι
679 672 926 741 γενέσθαι
955 673 1052 742 τὴν
1082 671 1274 742 ὀδύνην
1295 688 1308 700 ·
1340 673 1469 724 ὅταν
1500 670 1558 722 δέ
1603 670 1697 722 καὶ

111 759 374 829 ἐνάρετοι
403 750 527 816 ὦσι.
560 756 784 826 μόνιμον
809 756 870 808 16
898 755 1116 826 τραῦμα
1142 753 1370 822 γίνεται,
1405 753 1633 823 ἀληστος
1661 755 1696 824 ἠ

115 840 344 910 μνήμη,
373 837 800 910 ἀπαραμύθητον
820 838 880 892 τὸ
911 838 1099 901 κακὸν,
1123 837 1340 890 διπλοῦν
1366 838 1426 891 τὸ
1451 836 1692 907 κέντρον,

110 923 174 975 16
221 923 331 992 μὲν
358 924 464 976 ἀπὸ
514 923 612 991 τῆς
645 921 879 990 φύσεως,
912 921 973 972 16
997 921 1054 974 δὲ
1083 921 1191 974 ἀπὸ
1222 921 1322 990 τῆς
1360 921 1560 990 ἀρετῆς
1586 919 1696 972 τῶν

112 1004 490 1060 ἀπελθόντων.
520 1007 641 1058 Ὀτι
667 1006 724 1058 δὲ
769 1000 909 1074 ἦσαν
942 1005 1182 1074 ἐνάρετοι
1201 1045 1216 1069 ,
1248 1004 1404 1075 δῆλον
1450 1002 1654 1057 ἐκεῖθεν
1677 1019 1689 1030 ·

114 1090 336 1158 Πολλὴν
373 1089 550 1144 αὐτῶν
578 1091 606 1142 6
636 1088 817 1160 πατὴρ
845 1089 1078 1141 ἐποιεῖτο
1105 1088 1202 1159 τὴν
1241 1088 1574 1159 ἐπιμέλειαν,
1606 1088 1696 1140 καὶ

112 1174 485 1242 ἀνιστάμενος
536 1172 724 1233 Θυσίας
783 1171 1119 1242 προσέφερεν
1169 1173 1308 1244 ὑπὲρ
1358 1170 1557 1234 αὐτῶν,
1605 1169 1697 1222 καὶ

114 1256 265 1324 ὑπὲρ
295 1253 406 1308 τῶν
436 1253 644 1324 ἀδήλων
675 1255 1085 1325 ἁμαρτημάτων
1113 1254 1385 1318 δεδοικὼς,
1418 1255 1511 1308 καὶ
1543 1253 1696 1306 οὐδὲν

112 1338 275 1407 αὐτῷ
307 1336 494 1390 τούτου
528 1337 912 1408 προτιμότερον
946 1333 1032 1408 ῆν.
1061 1337 1231 1391 Τοῦτο
1259 1338 1313 1390 δὲ
1343 1338 1403 1391 οὐ
1433 1336 1541 1389 τῶν
1573 1335 1696 1390 παί-

113 1421 225 1473 δων
259 1421 364 1492 τὴν
413 1421 612 1491 ἀρετὴν
651 1419 888 1473 δείκνυσι
945 1421 1125 1490 μόνον,
1156 1420 1290 1473 ἀλλά
1335 1421 1430 1472 καὶ
1462 1419 1558 1490 τὴν
1600 1415 1694 1470 τοῦ

115 1503 337 1574 πατρὸς
375 1503 771 1573 φιλοστοργίαν.
803 1503 970 1555 Ὅταν
1004 1499 1097 1556 οὖν
1140 1505 1234 1555 καὶ
1269 1501 1448 1577 πατὴρ
1479 1498 1566 1573 ἦν,
1600 1499 1696 1554 καὶ

113 1585 269 1638 οῦτω
321 1586 693 1656 φιλόστοργος,
726 1585 801 1656 μὴ
846 1586 937 1638 τὸν
986 1587 1092 1639 ἀπὸ
1122 1587 1220 1656 τῆς
1267 1584 1480 1654 φύσεως
1533 1582 1698 1637 πόθον

114 1668 536 1742 ἐνδεικνύμενος
569 1667 751 1738 μόνον,
800 1667 936 1720 ἀλλά
968 1669 1062 1720 καὶ
1110 1669 1202 1720 τὸν
1241 1668 1347 1722 ἀπὸ
1390 1668 1488 1738 τῆς
1536 1666 1698 1721 εὐλαρ-

117 1754 301 1817 ϐείας,
341 1752 478 1806 ἀλλά
509 1752 601 1806 καὶ
629 1752 678 1804 οἱ
719 1751 1040 1814 ἀπελθόντες
1069 1750 1240 1814 οῦτως
1285 1751 1548 1822 ἐνάρετοι,
1579 1767 1700 1821 τρι.⁴

117 1838 229 1907 πλῆ
267 1836 479 1905 γίνεται
513 1836 612 1907 τῆς
644 1834 880 1905 ἀθυμίας
909 1836 943 1906 ἡ
979 1834 1144 1905 πυρά.
1173 1834 1361 1896 Πάλιν,
1391 1835 1520 1887 ὃταν
1554 1832 1699 1888 κατὰ

120 1920 297 1990 μέρος
336 1919 776 1992 ἀναρπάξωνται,
807 1917 919 1988 ἔχει
946 1917 1069 1971 τινά
1115 1917 1464 1989 παραμυθίαν
1504 1916 1566 1970 16
1593 1916 1700 1970 πά-

118 2006 247 2065 θος·
285 2003 336 2054 οἱ
385 2001 494 2073 γὰρ
529 2000 929 2071 ἐπιλειπόμενοι
969 2003 1065 2072 τὴν
1112 2001 1204 2054 ἐπὶ
1245 2003 1356 2064 τοῖς
1404 1997 1699 2058 ἀπελθοῦσι

121 2083 518 2148 συσκιάζουσιν
565 2084 828 2155 ἀθυμίανο
871 2085 997 2138 ὃταν
1037 2084 1094 2137 δὲ
1143 2083 1432 2154 ὁλόκληρος
1480 2083 1508 2134 6
1541 2081 1700 2154 χορὸς

124 2170 365 2244 ἀπέλθῃ.
391 2168 524 2238 πρὸς
547 2169 668 2222 τίνα
704 2169 987 2239 δυνήσεται
1018 2168 1141 2220 ἰδεῖν
1162 2170 1189 2220 6
1217 2167 1480 2229 πολύπαις
1507 2165 1701 2234 ἀθρόον

124 2255 300 2318 ἄπαις
333 2252 653 2324 γενόμενος;
695 2252 848 2307 Μετά
876 2251 1077 2305 τούτων
1108 2250 1266 2303 πάλιν
1293 2250 1407 2303 ἐστι
1438 2253 1528 2303 καὶ
1559 2249 1696 2318 πέμ-

123 2355 273 2408 πτην
313 2339 485 2389 εἰπεῖν
519 2336 752 2406 πληγήν.
802 2334 965 2387 Ποίαν
1010 2333 1347 2404 δὴ’ταύτην;
1396 2335 1456 2386 τὸ
1508 2332 1700 2403 ἀθρόον

122 2422 328 2483 αὐτοὺς
369 2419 781 2491 ἀναρπασθῆναι
823 2419 1043 2480 πάντας.
1076 2418 1138 2472 EE
1187 2417 1295 2486 γὰρ
1328 2418 1383 2468 ἐν
1429 2416 1627 2487 τρισὶν,
1663 2416 1697 2488 ἢ

123 2509 297 2558 πέντε
342 2504 575 2574 ἡμέραις
611 2501 952 2556 ἀπελθόντων
998 2501 1180 2566 τινῶν,
1217 2501 1272 2554 αί
1306 2503 1562 2567 γυναῖκες
1608 2502 1702 2552 καὶ

124 2592 174 2641 οἱ
242 2589 617 2661 προσήκοντες
687 2585 922 2648 ἅπαντες
979 2583 1136 2636 τοῦτο
1195 2583 1428 2653 μάλιστα
1484 2583 1701 2637 πάντων

126 2673 520 2742 ὀλοφύρονται,
569 2671 650 2723 ὅτι
705 2667 911 2739 ταχέως
969 2666 1062 2720 καὶ
1111 2665 1366 2738 ἐξαίφνης
1411 2667 1700 2739 ἀνηρπάγη

130 2757 230 2826 τῆς
284 2755 500 2808 ἐκείνων
542 2753 716 2823 ὅψεως
747 2755 774 2805 6
812 2751 1211 2822 τετελευτηκώς
1233 2770 1245 2780 ’
1290 2750 1469 2822 πολλῷ
1504 2750 1702 2822 μᾶλλον

126 2836 288 2902 οὗτος
325 2838 390 2890 ἂν
419 2836 651 2908 ῆλγησεν
677 2836 776 2888 οὐκ
802 2837 860 2888 ἐν
894 2836 1127 2906 ἡμέραις
1164 2836 1309 2906 τρισὶ
1339 2836 1431 2888 καὶ
1461 2833 1579 2886 δυσ).
1611 2835 1704 2887 καὶ

133 2924 276 2992 μιᾷ,
323 2920 437 2972 ἀλλ’
483 2923 541 2972 ἐν
591 2918 710 2992 ὥρᾳ
763 2921 859 2990 μιᾷ
907 2920 1111 2983 πάντας
1145 2918 1316 2980 οὓτως
1365 2915 1700 2988 ἀφαιρεθείς.

130 3006 207 3058 Τὸ
242 3005 343 3075 μὲν
377 3004 482 3075 γάρ
515 3003 804 3075 μελετηθέν
835 3001 912 3073 τῷ
939 3001 1113 3074 χρόνῳ
1142 3001 1331 3066 δεινὸν,
1363 3001 1466 3055 κᾶν
1497 3000 1704 3072 σφόδρα

131 3090 412 3159 ἀφόρητον
452 3084 519 3160 ῄ,
565 3089 630 3158 τῇ
683 3086 972 3159 προσδοκίᾳ
1023 3085 1221 3155 κοῦφον
1261 3085 1326 3138 ἂν
1357 3084 1562 3153 γένοιτο
1603 3087 1705 3156 ῥα-

130 3173 262 3236 δίως
285 3189 298 3202 ·
327 3173 389 3226 τὸ
416 3171 471 3224 δὲ
516 3172 642 3242 παρ’
672 3169 860 3224 ἐλπίδα
889 3168 1103 3240 συμϐάν
1137 3169 1230 3221 καὶ
1263 3167 1520 3240 ἐξαίφνης
1568 3167 1704 3237 ἀφό-

136 3273 306 3327 ρητον
354 3255 581 3324 γίνεται.
607 3254 770 3306 Ὅταν
802 3249 895 3305 οὖν
943 3269 994 3304 τι
1039 3253 1158 3306 καθ’
1188 3253 1346 3305 ἐαυτὸ
1382 3250 1610 3322 χαλεπὸν
1637 3246 1702 3322 ᾖ,

133 3343 232 3392 καὶ
268 3338 363 3409 τὴν
387 3340 450 3391 ἐκ
475 3336 568 3389 τοῦ
597 3335 723 3406 παρ’
749 3335 938 3387 ἐλπίδα
965 3335 1235 3406 συμϐῆναι
1267 3335 1515 3409 λαμϐάνῃ
1545 3353 1707 3406 προσ-

135 3424 338 3494 θήκην,
384 3421 631 3492 ἐννόησον
665 3417 779 3481 πῶς
810 3419 1080 3490 ἀφόρητον
1126 3418 1366 3486 γίνεται,
1401 3420 1494 3472 καὶ
1532 3420 1706 3472 πάντα

134 3504 458 3577 ὑπερϐαίνει
500 3503 673 3570 λόγον.
719 3501 903 3555 Βούλει
941 3502 1034 3555 καί
1076 3501 1242 3574 ἕκτην
1284 3501 1512 3556 ἀκοῦσαι
1568 3503 1706 3574 πλη-

143 3593 290 3658 γήν;
351 3588 438 3640 Ἐν
469 3584 615 3656 αὐτῷ
653 3585 750 3656 τῆς
782 3585 995 3656 ἡλικίας
1040 3584 1116 3656 τῷ
1157 3585 1305 3640 ἄνθει
1348 3587 1557 3650 πάντας
1604 3589 1710 3645 ἀπ..

142 3673 518 3726 ὡλεσεν.”1στε
546 3670 602 3723 δὲ
627 3671 770 3733 ὅπως
795 3672 842 3722 οί
875 3670 1040 3743 ἄωροι
1070 3673 1319 3725 δάκνουσι
1347 3670 1583 3736 θάνατοι,
1616 3671 1708 3724 καὶ

140 3756 391 3810 ποικίλον
440 3753 650 3808 ποιοῦσι
698 3754 758 3806 16
794 3753 998 3816 πένθος.
1055 3750 1224 3818 Οὗτος
1277 3755 1334 3808 δέ
1380 3755 1480 3809 οὐκ
1531 3756 1707 3827 ἀωρος

139 3843 308 3913 μόνον
346 3836 434 3912 ἦν,
466 3838 610 3912 [769]
654 3839 790 3892 ἀλλά
834 3839 924 3892 καὶ
955 3839 1145 3910 βίαιος,
1175 3839 1250 3903 ὡς
1280 3835 1420 3894 εἶναι
1458 3841 1551 3893 καὶ
1582 3839 1709 3893 ταύ·

138 3943 243 3995 την
292 3923 522 3993 ἑϐδόμην
552 3923 763 3994 πληγήν
787 3939 800 3952 °
837 3923 898 3975 οὐ
939 3921 1046 3995 γάρ
1083 3922 1176 3976 ἐπὶ
1220 3923 1408 3995 κλίνης
1435 3919 1572 3976 εἶδεν
1607 3924 1708 3977 αύ-

143 4013 278 4072 τοὺς
327 4006 692 4069 ἀποπνέοντας
740 4005 834 4058 καὶ
886 4004 1396 4078 ψυχορραγοῦντας,
1449 4005 1586 4060 ἀλλά
1639 4011 1708 4081 τῇ

144 4093 301 4164 οίκία
329 4091 767 4162 καταχωσθέντας
801 4091 1062 4154 ἅπαντας.
1101 4091 1379 4162 Ἐννόησον
1399 4093 1594 4160 τοίνυν,
1625 4095 1709 4156 τίς

140 4175 208 4249 ῆν
257 4175 562 4246 ἀνορύττων
594 4176 768 4228 ἐκεῖνο
815 4172 876 4226 τὸ
923 4173 1104 4244 χῶμα,
1147 4175 1240 4228 καὶ
1272 4175 1366 4228 νῦν
1400 4176 1497 4246 μὲν
1538 4178 1704 4243 λίθον,

143 4265 244 4315 νῦν
283 4261 340 4314 δὲ
390 4259 546 4330 μέλος
573 4259 812 4312 ἀνέλκων
847 4258 1080 4322 παιδίου,
1113 4261 1205 4311 καὶ
1253 4262 1409 4332 χεῖρα
1439 4261 1581 4332 ὀρῶν
1627 4261 1708 4315 ἔτι

144 4344 349 4415 φιάλην
377 4343 730 4414 κατέχουσαν,
758 4342 851 4394 καὶ
895 4340 1072 4407 δεξιὰν
1118 4341 1309 4412 ἑτέραν
1357 4344 1709 4416 ἐπικειμένην

145 4428 223 4499 τῷ
281 4427 490 4489 πίνακι,
539 4425 630 4478 καὶ¹
666 4425 826 4478 αὐτὸν
872 4422 964 4476 τοῦ
1012 4423 1261 4494 σώματος
1314 4424 1705 4498 διεφθαρμένον

144 4515 241 4566 16v
300 4511 487 4571 τύπον,
539 4508 682 4580 ῥινὸς
738 4507 1148 4580 συντριϐείσης,
1199 4509 1436 4580 κεφαλῆς
1485 4510 1708 4565 διαθλα-

147 4595 408 4666 σθείσης,
455 4592 744 4664 ὀφθαλμῶν
799 4591 1230 4661 ἀφανισθέντων.
1277 4593 1576 4664 ἐγκεφάλου
1631 4596 1710 4648 δι..

144 4677 515 4748 εσπαρμένου,
542 4676 719 4747 πάσης
735 4674 918 4738 ἀπλῶς
935 4675 1033 4746 τῆς
1058 4675 1271 4746 μορφῆς
1290 4675 1706 4750 διεφθαρμένης,

145 4764 241 4816 καὶ
294 4761 386 4830 τῆς
415 4758 524 4813 τῶν
550 4758 875 4829 τραυμάτων
907 4757 1174 4822 ποικιλίας
1211 4760 1312 4812 οὐκ
1337 4760 1589 4834 ἀφιείσης
1616 4765 1707 4816 16v

147 4842 366 4913 πατέρα
406 4841 513 4896 τῶν
550 4841 894 4911 ποθουμένων
936 4839 1110 4910 όψεων
1163 4841 1458 4912 ἐπιγνῶναι
1488 4844 1578 4898 τὸν
1613 4846 1707 4899 τύ-

146 4944 278 4982 πον.
324 4925 656 4997 Συνεχύθητε
705 4925 878 4979 ταῦτα
923 4925 1228 4990 ἀκούοντες,
1282 4929 1376 4982 καὶ
1406 4928 1664 4996 δακρύετε
1689 4947 1704 4963 ο

145 5011 442 5081 ἐννοήσατε
474 5007 670 5071 τοίνυν,
695 5007 780 5071 τίς
810 5003 878 5078 ῆν
905 5009 1106 5071 ἐκεῖνος
1129 5009 1299 5065 ταῦτα
1322 5011 1480 5081 ὀρῶν.
1511 5018 1570 5065 h:
1602 5028 1709 5086 γαρ

146 5098 315 5170 ήμεῖς
348 5094 484 5165 μετά
509 5092 755 5146 τοσοῦτον
783 5092 970 5165 χρόνον
1016 5093 1078 5146 οὐ
1125 5093 1396 5164 δυνάμεθα
1445 5097 1708 5170 ἀδακρυτὶ

145 5180 253 5250 τῆς
272 5177 570 5248 τραγῳδίας
595 5175 804 5248 ἐκείνης
828 5176 926 5245 τὴν
950 5176 1116 5246 ἀκοὴν
1135 5178 1396 5244 ἐνεγκεῖν,
1424 5182 1708 5237 καὶταῦτα

147 5261 436 5330 ἀλλοτρίας
485 5260 770 5322 ἀκούοντες
810 5259 1126 5330 συμφοράς,
1181 5261 1263 5323 τίς
1309 5257 1378 5332 ἦν
1424 5265 1453 5315 6
1497 5265 1708 5336 ἀδάμας

149 5347 358 5409 ἐκεῖνος
383 5344 483 5416 θέᾳ
501 5342 671 5396 ταῦτα
700 5343 1158 5414 παραλαμϐάνων,
1187 5346 1287 5398 οὐκ
1309 5347 1366 5399 ἐν
1385 5346 1702 5420 ἀλλοτρίοις,

149 5428 267 5481 ἀλλ’
294 5429 352 5480 ἐν
383 5427 602 5489 οἰκείοις
631 5426 932 5498 φιλοσοφῶν
958 5429 1178 5494 κακοῖς;
1207 5438 1235 5468 ι
1279 5430 1412 5484 Οὐδὲ
1444 5433 1550 5504 γὰρ
1597 5435 1708 5487 ἀπ..

149 5510 533 5580 εδυσπέτησεν,
561 5511 681 5564 οὐδέ
704 5509 941 5563 τοιοῦτον
962 5509 1111 5563 οὐδὲν
1137 5508 1284 5564 εἷπε·
1308 5513 1372 5566 Τί
1405 5531 1532 5568 ποτε
1556 5517 1709 5570 τοῦτό

151 5596 334 5660 ἐστιν;
378 5591 518 5663 αὕτη
567 5609 655 5663 μοι
703 5593 801 5664 τῆς
833 5593 1228 5665 φιλοφροσύνης
1236 5598 1310 5668 ,ιη
1347 5597 1545 5670 ἀμοιϐή
1573 5617 1588 5665 ;
1621 5600 1710 5654 διά

218 5744 247 5775 ⁸
270 5745 394 5795 οὐδέ
417 5746 506 5808 γάρ
543 5744 922 5813 ἀπεδυσπέτησεν
947 5743 1200 5815 ..οὐδέποτῆ
1239 5747 1348 5797 οὐδὲ
1374 5748 1491 5810 εἶπε,
1516 5749 1574 5799 Τί
1595 5767 1710 5801 ποτε

1364 305 1449 359 ΒΕ
1489 305 1763 360 LAZARO
1797 306 2045 366 CONCIU
2085 313 2142 371 V.

3229 312 3367 366 {02-6

1804 419 1962 472 τοῦτο
1990 421 2104 482 τοῖς
2143 417 2311 484 ξένοις
2335 420 2545 491 ἀνέῳξα
2584 420 2684 490 τὴν
2721 419 2918 483 οίκίαν,
2941 420 3025 472 ἵνα
3056 419 3222 488 τάφον
3261 422 3369 472 τῶν

1804 502 2009 555 παίδων
2029 502 2320 572 γινομένην
2342 503 2507 573 αὐτὴν
2533 503 2727 569 ἐπίδω;
2752 503 2840 556 διά
2865 501 3020 555 τοῦτο
3042 504 3220 556 πᾶσαν
3244 505 3372 576 περὶ
3440 492 3442 495 ’

1803 585 1996 648 αὐτοὺς
2034 583 2232 656 ἀρετὴν
2267 585 2639 655 ἐπεδειξάμην,
2673 587 2756 638 ἵνα
2781 585 3016 639 τοιοῦτον
3044 587 3373 654 ὑπομείνωσι

1805 667 2066 728 θάνατον;
2115 667 2280 721 υὺδὲν
2327 667 2529 721 τούτων
2568 671 2668 722 ούκ
2701 665 2872 731 εἶπεν,
2919 670 3016 722 οὐκ
3061 670 3368 736 ἐνενόησενο

1803 759 1916 812 ἀλλ’
1944 757 2104 828 ἔφερε
2145 757 2324 812 πάντα
2352 758 2612 826 γενναίως
2644 761 2738 811 καὶ
2769 760 2903 830 μετά
2952 759 3220 828 τοσαύτην
3253 759 3374 813 ἐπι-

1817 842 2034 913 μέλειαν
2071 841 2249 894 αὐτῶν
2301 842 2635 911 ἀφαιρεθείς.
2687 843 2946 915 Καθάπερ
3000 843 3109 912 γὰρ
3157 842 3386 914 ἀριστοςι

1803 923 2210 994 ἀδριαντοποιὸς
2244 924 2474 993 χρυσοῦς
2504 923 2838 977 διαπλάττων
2869 926 3204 996 ἀνδριάντας,
3235 924 3375 995 μετά

1807 1007 2006 1077 πολλῆς
2028 1007 2356 1070 καλλωπίζει
2375 1008 2473 1078 τῆς
2491 1007 2773 1078 ἀκριϐείας
2791 1023 2802 1035 ·
2822 1008 2960 1060 οὕτω
2981 1010 3073 1062 καὶ
3096 1009 3254 1071 αὐτὸς
3275 1009 3374 1069 τάς

1802 1089 2022 1142 ἐκείνων
2048 1089 2343 1162 ἐρῤύθμιζε
2373 1090 2546 1160 ψυχάς
2584 1089 2952 1155 διαπλάττων,
2989 1092 3368 1161 κατακοσμῶν.

1803 1173 1913 1224 Καὶ
1953 1172 2202 1244 καθάπερ
2245 1190 2328 1235 τις
2373 1172 2615 1243 γεωργὸς
2667 1173 2950 1241 φιλόπονος
2995 1174 3216 1244 στελέχη
3254 1190 3372 1242 φοι-

1803 1254 1966 1308 νίκων
2027 1255 2061 1324 ἢ
2115 1254 2308 1307 ἐλαιῶν
2370 1254 2574 1324 ἄρδων,
2638 1255 2908 1324 τειχίζων,
2967 1258 3370 1328 περιφράττων,

1805 1337 1965 1390 παντὶ
2019 1337 2335 1410 θεραπεύων
2368 1337 2553 1409 τρόπῳ
2598 1339 2857 1392 διατελεῖο
2908 1339 3050 1392 οὕτω
3090 1341 3182 1392 καὶ
3224 1335 3375 1402 οὗτος

1803 1419 1862 1471 οὐ
1902 1419 2250 1490 διελίμπανε,
2285 1419 2535 1492 καθάπερ
2590 1421 2776 1474 ἐλαίαν
2827 1421 2947 1474 τινὰ
2996 1423 3370 1491 κατάκαρπον,

1803 1501 1901 1570 τὴν
1936 1502 2166 1554 ἑκάστου
2195 1501 2372 1572 ψυχὴν
2414 1505 2493 1565 είς
2539 1502 2756 1556 πλείονα
2787 1505 2987 1574 ἀρετῆς
3030 1503 3207 1569 αὔξων
3257 1504 3375 1556 ἐπί-

1801 1581 1964 1634 δοσιν.
2005 1581 2140 1635 Ἀλλ⁹
2169 1579 2275 1636 εἶδε
2307 1584 2530 1656 στελέχη
2555 1589 2620 1656 τῇ
2652 1585 2744 1638 τοῦ
2786 1586 3022 1656 πονηροῦ
3069 1586 3377 1656 πνεύματος

1804 1665 2073 1737 προσϐολῇ
2130 1667 2575 1730 ἀνασπασθέντα,
2631 1671 2726 1722 καὶ
2773 1670 2863 1721 ἐπὶ⁵
2913 1669 3015 1738 γῆς
3057 1669 3371 1730 ἐκταθέντα,

1803 1749 1897 1802 καὶ
1924 1748 2014 1801 τὸν
2041 1749 2271 1804 ἐλεεινὸν
2314 1750 2411 1820 τῆς
2446 1749 2697 1820 τελευτῆς
2737 1752 3103 1822 ὑπομείναντα
3151 1752 3370 1822 τρόπον,

1803 1829 1896 1883 καὶ¹
1927 1831 2078 1886 οὐδὲν
2117 1831 2435 1903 βλάσφημον
2473 1832 2792 1901 ἐφθέγξατο,
2835 1834 2969 1888 ἀλλά
3014 1835 3106 1888 καὶ
3149 1833 3372 1904 εὐχαρί-

1804 1929 1988 1983 στησε,
2019 1914 2237 1986 καιρίαν
2272 1915 2393 1978 δοὺς
2423 1915 2500 1986 τῷ
2527 1915 2756 1987 διαϐόλῳ
2786 1917 2883 1988 τὴν
2910 1919 3142 1989 πληγήν.

1875 1993 1934 2050 ε’.
1967 1995 2030 2049 Et
2059 1996 2117 2050 δὲ
2153 1995 2358 2065 λέγοις,
2404 1997 2485 2050 ὅτι
2535 1997 2758 2063 πολλοὺς
2809 1996 2951 2070 εἶχεν
2995 1993 3147 2063 οὗτος
3191 1999 3375 2063 υἱοὺς,

1804 2077 1961 2141 ἄλλος
1997 2079 2052 2132 δὲ
2094 2079 2354 2144 πολλάκις
2382 2081 2476 2134 ἕνα
2507 2082 2769 2153 μονογενῆ
2810 2082 2947 2153 ἔχων
2980 2080 3248 2144 ἀπώλεσε,
3280 2082 3374 2134 καὶ

1805 2162 1903 2214 οὐκ
1933 2162 2043 2214 ἴσον
2069 2163 2130 2215 τὸ
2157 2162 2368 2227 πένθος,
2399 2163 2578 2228 καλῶς
2608 2163 2807 2232 λέγεις,
2837 2164 2991 2233 κάγώ
3017 2164 3095 2218 σοί
3124 2183 3264 2236 φημι
3293 2165 3374 2217 ὅτι

1806 2244 1904 2297 ούκ
1949 2243 2061 2298 ἴσον
2100 2246 2159 2299 16
2194 2247 2408 2313 πένθος,
2434 2247 2568 2302 ἀλλά
2597 2246 2773 2318 πολλῷ
2807 2246 2988 2318 μεῖζον
3019 2248 3081 2300 16
3109 2249 3200 2302 τοῦ
3233 2248 3374 2302 Ἰώϐ.

1807 2327 1871 2379 Τί
1908 2327 2015 2398 γὰρ
2055 2327 2202 2399 αὐτῷ
2232 2328 2330 2398 τῆς
2371 2329 2724 2394 πολυπαιδίας
2772 2331 2989 2400 δφελος;
3037 2332 3377 2404 Τρανοτέραν

1808 2411 1956 2482 αύτῷ
1995 2411 2091 2482 τὴν
2143 2414 2425 2484 συμφοράν
2477 2416 2697 2484 ἐποίησε
2757 2416 2851 2468 καὶ
2903 2415 3230 2487 πικροτέραν
3282 2414 3378 2486 τὴν

1807 2493 1997 2565 ὀδύνην
2024 2495 2085 2548 16
2124 2497 2181 2548 ἐν
2213 2497 2417 2548 πλείοσι
2447 2495 2660 2567 σώμασι
2693 2498 2752 2550 16
2781 2497 3001 2568 τραῦμα
3033 2499 3304 2562 δέξασθαι.

1878 2578 1942 2630 Εί
1978 2577 2035 2630 δέ
2063 2577 2239 2647 βούλει
2266 2581 2358 2632 καὶ
2383 2578 2567 2650 ἕτερον
2600 2579 2726 2632 ίδεῖν
2750 2579 2903 2646 ἅγιον
2927 2581 3185 2650 μονογενῆ
3211 2583 3376 2635 παῖδα

1809 2657 2018 2729 ἔχοντα,
2070 2660 2161 2714 καὶ
2195 2661 2292 2721 τὴν
2341 2662 2508 2732 αὐτὴν
2536 2661 2570 2733 ἢ
2603 2663 2696 2715 καὶ
2729 2662 2948 2714 πλείονα
2979 2662 3226 2733 ἀνδρείαν
3260 2667 3377 2718 ἐπι-

1809 2741 2136 2812 δειξάμενον,
2181 2743 2553 2814 ἀναμνήσθητι
2585 2743 2676 2797 τοῦ
2730 2745 3063 2815 πατριάρχου
3105 2745 3374 2817 Ἀϐραὰμ,

1808 2823 1867 2887 ὃς
1902 2825 2001 2878 οὐκ
2051 2821 2154 2878 εἶδε
2192 2826 2281 2878 τὸν
2319 2826 2499 2881 Ἰσαάκ
2545 2828 2900 2890 ἀποθανόντα,
2947 2827 3082 2891 ἀλλ’,
3122 2829 3150 2880 ὃ
3197 2830 3375 2901 πολλῷ

1811 2907 2129 2980 πικρότερον
2172 2903 2238 2981 ῆν
2267 2910 2359 2962 καὶ
2401 2909 2804 2985 ὀδυνηρότερον,
2833 2911 2994 2975 αὐτὸς
3030 2912 3190 2966 αὑτὸν
3219 2931 3378 2966 κατα-

1812 2990 2008 3062 σφάξαι
2056 2991 2396 3055 ἐπετάττετο,
2446 2994 2539 3045 καὶ
2580 2994 2679 3046 οὐκ
2726 2995 2944 3046 ἀντεῖπε
2996 2995 3127 3066 πρὸς
3166 2996 3226 3049 16
3254 2997 3374 3050 ἐπί-

1811 3093 2016 3147 ταγμα,
2049 3075 2168 3128 οὐδὲ
2213 3075 2586 3147 ἐδυσχέρανεν,
2633 3078 2753 3129 οὑδέ
2787 3077 3084 3146 ἐφθέγξατό
3115 3097 3167 3132 τι
3204 3079 3376 3133 τοιοῦ-

1811 3177 1903 3213 τον
1921 3175 1934 3189 ·
1967 3158 2066 3212 Διά
2089 3157 2244 3211 τοῦτό
2276 3175 2342 3229 με
2371 3159 2580 3230 πατέρα
2610 3161 2889 3231 ἐποίησας,
2919 3161 3006 3214 ἵνα
3032 3163 3378 3218 παιδοκτόνον

1812 3243 2124 3316 ἀπεργάσῃ;
2161 3241 2364 3312 βέλτιον
2395 3237 2461 3313 ῆν
2490 3243 2563 3314 μὴ
2591 3241 2772 3296 δοῦναι
2801 3243 2897 3316 τὴν
2923 3244 3116 3317 ἀρχὴν,
3151 3247 3182 3319 ἢ
3213 3247 3372 3301 δόντα

1811 3325 2046 3396 τοιούτῳ
2076 3324 2228 3398 [770]
2273 3325 2458 3396 τρόπῳ
2506 3325 2668 3378 αὑτὸν
2703 3327 3016 3394 ἀφελέσθαι.
3065 3327 3251 3384 Βούλει
3284 3331 3380 3385 λα-

1812 3409 1958 3476 ϐεῖν;
2001 3408 2143 3472 τίνος
2191 3408 2377 3461 ἕνεκεν
2415 3409 2559 3479 κάμὲ
2604 3408 2946 3479 κατασφάξαι
2993 3411 3255 3479 κελεύεις,
3287 3417 3380 3470 καὶ

1812 3493 1910 3564 τὴν
1953 3491 2130 3558 δεξιὰν
2189 3492 2376 3562 μιᾶναι
2420 3493 2516 3561 τὴν
2563 3492 2835 3562 ἐμαυτοῦ;
2874 3496 2987 3548 Ούκ
3035 3495 3142 3550 ἀπὸ
3185 3499 3377 3552 τούτου

1817 3591 1908 3644 μοι
1938 3572 2032 3626 τοῦ
2070 3573 2280 3628 παιδίου
2314 3573 2412 3643 τὴν
2441 3575 2763 3646 οἰκουμένην
2800 3577 3073 3647 ἐμπλῆσαι
3107 3578 3216 3631 τῶν
3245 3581 3379 3633 ἀπο-

1813 3657 1985 3726 γόνων
2017 3656 2286 3726 ὑπέσχου;
2327 3656 2442 3719 πῶς
2474 3652 2566 3710 οὖν
2607 3659 2732 3720 τοὺς
2784 3661 3030 3731 καρποὺς
3081 3661 3232 3724 δίδως
3277 3664 3376 3736 τὴν

1817 3739 1972 3812 ῥίζαν
2023 3738 2288 3811 ἀναιρῶν;
2332 3740 2448 3803 πῶς
2497 3741 2553 3793 δὲ
2602 3742 2902 3810 ἀπογόνους
2941 3745 3249 3818 ἐπαγγέλλῃ
3286 3749 3377 3801 16v

1815 3823 1928 3875 ul6v
1981 3822 2380 3892 κατασφάττειν
2437 3823 2704 3890 κελεύων,
2758 3826 2842 3890 τίς
2896 3826 3066 3880 ταῦτα
3121 3825 3248 3892 εἶδε,
3292 3832 3376 3894 τίς

1815 3905 1986 3958 ταῦτα
2036 3905 2300 3977 ῆκουσενς
2348 3906 2698 3978 Ἦπάτημαι,
2758 3909 3174 3980 παρελογίσθην.
3211 3912 3375 3965 Οὐδὲν

1814 3988 2024 4041 τοιοῦτο
2060 3987 2159 4041 οὒκ
2189 3985 2360 4054 είπεν,
2405 3991 2503 4043 οὐκ
2537 3991 2834 4061 ἐνενόησεν,
2883 3993 2982 4046 οὐκ
3032 3995 3248 4047 ἀντεῖπε
3285 3997 3375 4067 ,τῷ

1816 4071 2151 4138 κελεύσαντι,
2179 4073 2278 4125 οὐκ
2319 4073 2596 4144 ἀπῄτησεν
2635 4074 2885 4140 εὐθύνας,
2922 4075 3056 4129 ἀλλά
3095 4077 3332 4144 ἀκούσας
3355 4096 3369 4110 ’

1815 4156 1972 4208 Λασὲ
1997 4153 2102 4207 τόν
2136 4156 2269 4208 υίόν
2299 4173 2413 4210 σου
2448 4158 2553 4210 τὸν
2579 4157 2906 4228 ἀγαπητὸν,
2935 4159 3008 4214 ὃν
3032 4161 3372 4230 ἠγάπησας,

1815 4238 1920 4290 τὸν
1959 4237 2171 4302 Ἰσαὰκ,
2197 4237 2293 4292 καί
2319 4238 2578 4309 ἀνάγαγε
2610 4241 2796 4294 αὑτὸν
2827 4243 2919 4312 ἐφ’
2949 4242 3018 4296 ἓν
3050 4243 3166 4297 τῶν
3193 4247 3375 4313 ὀρέων

1814 4315 1902 4374 ὧν
1929 4320 2007 4372 ἄν
2035 4335 2134 4372 σοι
2169 4320 2334 4384 almo,
2365 4323 2501 4392 μετά
2529 4323 2795 4397 τοσαύτης
2825 4325 3130 4397 προθυμίας
3154 4329 3214 4381 τὸ
3256 4328 3376 4383 ἐπί-

1815 4419 2000 4474 ταγμα
2026 4402 2360 4474 ἐπλήρωσεν,
2386 4405 2460 4468 ὡς
2486 4409 2578 4460 καὶ
2604 4407 2820 4460 πλείονα
2841 4408 2950 4462 τῶν
2975 4409 3374 4480 ἐπιταχθέντων

1817 4488 2058 4556 ποιῆσαι.
2111 4487 2220 4539 Καὶ
2269 4485 2376 4560 γὰρ
2414 4488 2473 4540 16
2537 4489 2755 4556 γύναιον
2819 4491 3056 4561 ἔκρυψε,
3095 4493 3189 4545 καὶ
3245 4495 3372 4558 τοὺς

1816 4569 2013 4631 παῖδας
2061 4568 2216 4620 ἔλαθε
2261 4571 2413 4623 κάτω
2449 4571 2630 4641 μένειν
2661 4573 2837 4642 ἀφεὶς,
2887 4577 2979 4628 καὶ
3012 4575 3172 4644 μόνον
3201 4577 3264 4630 16
3298 4579 3372 4630 ίε-

1817 4655 1958 4724 ρεῖον
1990 4651 2169 4704 λαϐὼν
2217 4653 2399 4723 ἀνῄει·
2453 4653 2622 4719 οὕτως
2667 4659 2768 4710 οὐκ
2821 4649 2990 4722 ἀκων,
3037 4659 3173 4712 ἀλλά
3235 4662 3371 4732 μετά

1817 4734 2122 4806 προθυμίας
2153 4735 2352 4815 πολλῆς
2373 4737 2433 4790 16
2459 4739 2742 4793 κελευσθὲν
2767 4741 3051 4813 ἔπραττεν.
3093 4744 3371 4815 Ἐννόησον

1813 4819 1990 4870 τοίνυν
2019 4818 2203 4888 ἡλίκον
2231 4814 2320 4891 ῆν,
2352 4821 2509 4892 μόνον
2540 4823 2684 4894 μόνῳ
2719 4824 3057 4894 διαλέγεσθαι
3089 4827 3166 4898 τῷ
3198 4814 3368 4890 παιδὶ,

1818 4900 2042 4973 μηδενὸς
2067 4903 2350 4973 παρόντος,
2377 4904 2466 4956 ὅτε
2499 4906 2696 4975 μᾶλλον
2729 4906 2800 4959 τά
2837 4908 3119 4978 σπλάγχνα
3157 4909 3370 4982 διαθερ-

1818 4985 2081 5055 μαίνεται,
2125 4987 2214 5039 καὶ
2255 4986 2602 5059 σφοδρότερον
2645 4989 2705 5042 16
2743 4989 2962 5059 φίλτρον
2993 4993 3231 5060 γίνεται,
3278 4998 3371 5048 καὶ

1815 5065 1971 5120 τοῦτο
1998 5069 2097 5121 οὐκ
2133 5069 2190 5121 ἐν
2217 5071 2316 5140 μιᾷ
2339 5070 2372 5142 ἢ
2401 5070 2569 5135 δυσὶν,
2595 5070 2732 5124 ἀλλά
2760 5074 2854 5124 καὶ
2882 5076 2940 5126 ἐν
2972 5075 3208 5128 πλείοσιν
3237 5079 3371 5146 ὴμέ-

1819 5168 1962 5222 ραις.
2016 5151 2090 5204 T6
2145 5153 2242 5224 μὲν
2288 5153 2396 5224 γὰρ
2428 5155 2638 5224 ταχέως
2674 5157 2891 5226 ποιῆσαι
2945 5159 3006 5212 τὸ
3058 5160 3366 5230 ἐπιταχθὲν,

1815 5233 2122 5304 θαυμαστὸν
2167 5235 2259 5288 καὶ
2293 5236 2452 5305 μέγα,
2499 5237 2614 5290 ἀλλ’
2639 5239 2736 5308 οὐχ
2767 5239 2908 5293 οὕτω
2953 5241 3262 5312 θαυμαστὸν
3294 5244 3368 5306 ὡς

1813 5330 1954 5402 τοῦτό
1997 5331 2548 5402 éa1:v;__'An’_ilayzv,u
2568 5352 2604 5402 οιΔ
2638 5333 2696 5384 ‘0
2728 5337 2898 5402 Κύριος
2937 5339 3127 5397 ἔδωκεν,
3150 5341 3176 5386 6
3202 5339 3371 5402 Κύριος

1814 5393 2044 5464 ἀφείλετο.
2072 5412 2131 5476 ,r‘
2153 5393 2248 5476 ;Av
2273 5394 2410 5468 ὀὕτω
2447 5396 2558 5472 καθξ
2582 5397 2733 5476 ἡμᾶςῃ
2744 5393 3062 5476 οίκονομῶμεν
3105 5393 3313 5476 καθάπίρ
3343 5393 3372 5450 ὃ

1817 5455 2040 5514 μακάριος
2072 5455 2198 5512 Ἰὼϐ,
2239 5455 2292 5500 ού
2327 5455 2465 5515 μόνον
2488 5455 2562 5502 ἐπὶ
2587 5455 2670 5514 τῆς
2691 5455 2914 5567 θλίιζεως,⁷
2930 5455 3049 5508 ἀλλά
3073 5464 3152 5508 καὶ
3178 5462 3252 5509 ἐπὶ
3274 5455 3394 5516 τῶν.

1815 5515 2687 5598 ἑέἒφέἐλειῖξειέῖφῖιδιαὶξξαὲξιιοὶ
2703 5537 2766 5598 πει
2798 5537 2818 5577 ς
2835 5523 2914 5594 τὴν
2931 5525 3373 5598 ἡμέῖεροϊὲπελενα

1815 5577 1992 5638 σόμεθα
2032 5577 2290 5633 Δεσπότην,
2313 5578 2391 5623 καὶ
2429 5584 2511 5634 τῆς
2545 5577 2630 5626 τοῦ
2655 5577 2798 5644 πυρός
2817 5577 2998 5644 γεέννης
3033 5577 3376 5644 ἀπαλλαγησό-

1815 5638 2470 5720 ξιξξατξιιζιξξῖάέτξιέἑξῖξξε
2488 5642 2756 5720 mw?“
2772 5644 3138 5720 .εμτξροσθεν.τοῦ
3156 5649 3372 5720 βήματος

1813 5696 1900 5774 τοῖι
1940 5696 2162 5774 ξριστρῦ·
2198 5696 2475 5774 ᾐςῂέῖοιψ
2501 5696 2674 5774 Quiqui:
2695 5696 2818 5774 ἡμμῇἑ
2851 5696 3079 5774 ἐᾶτιευχεῖν
3109 5696 3262 5774 lgith
3288 5696 3368 5755 καί

1817 5760 2128 5824 φιλανθρωπία⁵
2151 5760 2236 5808 τοῦ
2259 5761 2432 5822 Κυρίου
2444 5764 2580 5818 ἡμῶν
2593 5760 2750 5822 Ἰησοῦ
2764 5760 3204 5830 Χριστοῦξέιαίὶιὲ.
3222 5781 3365 5818 unus.
