3884 6274
556 295 698 352 4925

556 427 614 479 τὸ
666 423 749 478 διὰ
800 425 1008 480 πολλῶν
1058 428 1280 497 ήμερων
1337 427 1768 498 βασανιζομένης
1812 424 1978 480 αὐτοῦ
2028 422 2125 477 καὶ

553 509 968 579 γυρναζομένης
1023 510 1119 580 τῆς
1172 509 1351 580 ψυῂς
1407 511 1571 582 μηδὲν
1623 511 1816 564 παθεῖν
1876 509 2014 581 πρὸς
2062 509 2126 562 τὸ

553 593 766 646 παιδίον
795 595 1150 665 ἀνθρώπινον.
1179 597 1277 648 Διά
1305 596 1413 668 γάρ
1451 596 1608 649 τοῦτο
1639 596 1772 649 αὐτὸ
1796 597 1891 649 καὶ
1920 594 2126 665 μακρό-

553 695 686 749 τερα
739 680 1036 750 σκάμματα
1083 679 1347 751 ἐπέθηκεν
1385 683 1414 734 ό
1451 680 1614 744 Θεὸς,
1671 682 1764 733 καὶ
1808 681 1868 733 τὸ
1912 679 2124 733 στάδιον

554 761 816 826 ἐξέτεινεν
843 803 858 825 ,
892 763 979 816 ἵνα
1020 763 1405 834 ἀκριϐέστερον
1441 764 1556 834 ἴδῃς
1585 764 1679 818 τὸν
1719 763 1980 834 ἀθλητήν.
2016 763 2124 816 Καὶ

554 846 661 914 γάρ
690 841 758 917 ἦν
792 846 1031 918 ἀθλητὴς
1057 846 1245 910 ὅντως,
1274 848 1372 900 οὐκ
1400 846 1672 919 ἀνθρώπῳ
1708 848 1972 906 παλαίων,
2007 846 2122 901 ἀλλ’

552 931 688 1000 αὐτῇ
723 931 788 1000 τῇ
833 929 933 999 τῆς
986 929 1199 998 φύσεως
1229 930 1522 1002 τυραννίδι.
1553 933 1710 995 Ποῖος
1748 931 1906 999 λόγος
1941 949 2120 1002 παρα-

554 1013 746 1082 στῆσαι
789 1013 1074 1084 δυνήσεται
1116 1015 1212 1084 τὴν
1262 1014 1545 1085 ἀνδρείως
1585 1015 1849 1086 Ἀνήγαγε
1883 1016 1945 1068 τὸ
1995 1033 2121 1069 παι-

548 1094 681 1157 δίον,
713 1097 1047 1161 συνεπόδισε,
1081 1101 1193 1160 τοῖς
1223 1097 1399 1162 ξύλοις
1433 1097 1690 1168 ἐπέθηκε,
1718 1099 1816 1170 τὴν
1848 1100 2120 1168 μάχαιραν

549 1179 817 1248 ἥρπασεν,
847 1181 1072 1250 ἐπάγειν
1097 1181 1194 1244 τὴν
1220 1182 1435 1253 πληγὴν
1460 1182 1672 1253 ἔμελλε.
1707 1183 1832 1246 Πῶς
1858 1183 1996 1236 εἴπω
2025 1185 2121 1236 κα)⁸

551 1263 688 1332 ποίῳ
733 1264 938 1336 τρόπῳ,
991 1265 1089 1318 οὐκ
1123 1266 1258 1336 ἐχω·
1297 1266 1457 1336 μόνος
1508 1267 1669 1327 αὐτὸς
1702 1260 1842 1319 οἶδεν
1885 1268 1914 1319 ό
1945 1265 2120 1319 ταῦτα

549 1345 948 1418 ἐργασάμενος·
979 1348 1135 1416 λόγος
1175 1348 1283 1420 γάρ
1305 1349 1477 1412 οὐδεὶς
1508 1349 1857 1420 παραστῆσαι
1895 1348 2120 1419 δυνήσε-

549 1447 658 1494 ται,
693 1432 809 1494 πῶς
837 1433 936 1485 οὐκ
963 1433 1262 1505 ἐνάρκησεν
1294 1436 1326 1505 ή
1361 1434 1502 1504 χεὶρ,
1535 1433 1650 1496 πῶς
1679 1433 1779 1486 οὐκ
1813 1432 1976 1503 ἐλύθη
2010 1433 2121 1486 τῶν

548 1513 754 1586 νεύρων
810 1519 838 1570 ὁ
884 1517 1051 1580 τόνος,
1083 1518 1197 1582 πῶς
1249 1518 1307 1571 οὐ
1363 1518 1614 1587 συνέχεεν
1644 1517 1807 1570 αὐτὸν
1840 1519 1874 1588 ἡ
1924 1517 2120 1570 ποθου-

551 1599 685 1670 μένη
727 1597 819 1652 τοῦ
858 1600 1069 1653 παιδίου
1123 1600 1265 1670 ὄψις.
1317 1601 1496 1665 Ἀξιον
1555 1599 1786 1653 ἐνταῦθα
1839 1600 2117 1671 θαυμάσαι

546 1681 758 1734 καὶτὸν
815 1683 1016 1736 Ἰσαάκ.
1054 1684 1262 1756 Ὠσπερ
1301 1683 1409 1756 γὰρ
1459 1686 1661 1747 ἐκεῖνος
1686 1683 1764 1754 τῷ
1795 1684 1934 1756 Θεῷ,
1975 1684 2119 1739 οῦτω

547 1767 641 1819 καὶ
694 1761 844 1831 οὗτος
897 1769 1142 1821 ἐπείθετο
1207 1769 1282 1840 τῷ
1335 1769 1530 1841 πατρί⁸
1594 1769 1840 1840 καθάπερ
1891 1770 2116 1834 ἐκεῖνος,

543 1850 638 1903 τοῦ
672 1849 806 1903 Θεοῦ
847 1851 1158 1915 κελεύοντος
1187 1850 1370 1914 θῦσαι,
1398 1855 1500 1906 οὐκ
1531 1851 1808 1923 ἀπῄτησεν
1855 1851 2114 1916 εὐθύνας⁶

543 1932 688 1988 οὕτω
749 1934 842 1988 καὶ
887 1929 1068 1999 οὗτος,
1131 1935 1224 1989 τοῦ
1261 1936 1463 2007 πατρὸς
1495 1935 1846 2006 δεσμεύοντος
1890 1937 1984 1989 καὶ
2029 1937 2120 1989 άν-

544 2018 767 2086 άγοντος
786 2020 874 2072 ἐπὶ
903 2019 993 2073 τὸν
1023 2020 1222 2092 βωμὸν,
1249 2021 1349 2074 οὐκ
1376 2015 1526 2073 εἷπε·
1557 2021 1711 2084 Τίνος
1736 2021 1919 2074 ἐνεκεν
1949 2020 2121 2076 ταῦτα

545 2107 748 2167 ποιεῖςς
781 2106 894 2157 ἀλλ’
920 2105 1173 2158 ὑπέκειτο
1207 2107 1272 2175 τῇ
1319 2104 1465 2176 χειρὶ
1498 2108 1562 2177 τῇ
1595 2108 1868 2178 πατρικῇ.
1909 2107 2020 2160 Καὶ
2050 2103 2118 2178 ἦν

547 2187 675 2240 ἰδεῖν
695 2189 903 2259 πατέρα
922 2190 1013 2242 καὶ
1032 2190 1076 2240 ἰε
1083 2189 1183 2260 ρέα
1197 2189 1479 2259 γινόμενον
1497 2189 1589 2244 τὸν
1609 2188 1790 2253 αὐτὸν,
1809 2191 1904 2244 καὶ
1927 2190 2120 2246 θυσίαν

543 2273 712 2342 χωρὶς
765 2273 994 2342 αἵματος
1043 2273 1478 2343 ἀναφερομένην,
1547 2271 1904 2345 ὁλοκαύτωμα
1953 2276 2121 2346 χωρὶς

545 2354 735 2425 πυρὸς,
766 2355 994 2408 θανάτου
1040 2355 1131 2408 καὶ
1164 2355 1511 2418 ἀναστάσεως
1542 2355 1712 2410 τύπον
1741 2358 1834 2410 ἐπὶ
1882 2357 1977 2411 τοῦ
2011 2359 2117 2428 βωο

547 2437 648 2508 μοῦ
695 2439 998 2508 γινόμενον.
1051 2440 1159 2491 Καὶ
1201 2439 1306 2510 γὰρ
1350 2438 1551 2508 ἔσφαξε
1588 2441 1678 2493 τὸν
1712 2441 1847 2503 υἱὸν,
1881 2442 1974 2494 καὶ
2019 2442 2120 2495 οὐκ

545 2521 800 2590 ἔσφαξεν
828 2523 926 2574 οὐκ
951 2521 1147 2591 ἔσφαξε
1181 2524 1343 2594 χειρὶ,
1370 2523 1507 2577 ἀλλὰ
1535 2527 1600 2594 τῇ
1630 2523 1930 2596 προθυμία.
1967 2526 2118 2577 Ἐπεὶ

544 2605 637 2659 καὶ
663 2607 690 2658 ὁ
724 2605 854 2670 Θεὸς
881 2605 966 2659 διά
1002 2605 1157 2659 τοῦτο
1192 2607 1498 2672 ἐκέλευσεν,
1546 2608 1643 2678 οὐχ
1677 2608 1910 2678 αἵματος
1961 2610 2117 2678 χύσιν

545 2687 864 2760 βουλόμενος
897 2690 1044 2754 ἰδεῖν,
1074 2690 1210 2744 ἀλλά
1249 2691 1566 2763 προαίρεσίν
1602 2709 1684 2744 σοι
1715 2693 1884 2759 δεῖξαι
1919 2693 2112 2758 θέλων,

541 2773 754 2827 καὶτὸν
789 2777 1030 2842 γενναῖον
1085 2777 1290 2828 ἐκεῖνον
1336 2777 1392 2827 ἐν
1443 2776 1592 2847 μέσῳ
1639 2777 1738 2847 τῆς
1787 2777 2117 2848 οἰκουμένης

541 2857 877 2929 ἀνακηρῦξαι
917 2859 1114 2929 πάσης,
1159 2861 1254 2912 καὶ
1287 2859 1570 2914 παιδεῦσαι
1603 2860 1730 2922 τοὺς
1771 2861 1908 2930 μετά
1941 2859 2115 2914 ταῦτα

542 2940 770 3005 πάντας,
793 2943 873 2996 ὃτι
907 2946 999 2997 καὶ
1027 2944 1252 3008 παίδων,
1285 2946 1378 2998 καὶ
1412 2942 1650 3013 φύσεως,
1677 2945 1775 2997 καὶ
1804 2943 1913 2998 τῶν
1941 2943 2109 2998 όντων

541 3025 816 3092 ἁπάντων,
860 3029 953 3080 καὶ
985 3027 1155 3098 αὐτῆς
1185 3027 1281 3096 τῆς
1326 3028 1503 3097 ψυχῆς
1547 3026 1639 3080 τοῦ
1667 3026 1801 3080 Θεοῦ
1841 3027 1909 3080 τά
1941 3045 2111 3098 προσ-

539 3107 794 3178 τάγματα
847 3112 1114 3182 προτιμᾷν
1159 3112 1286 3181 χρή.
1326 3109 1534 3180 Κατῄει
1583 3109 1762 3163 τοίνυν
1811 3110 1989 3175 ζῶντα
2019 3111 2112 3164 λα-

541 3189 650 3242 ϐὼν
685 3192 936 3264 μάρτυρα
967 3195 1059 3246 τὸν
1094 3193 1296 3247 Ἰσαάκ.
1337 3194 1468 3246 Τίνα
1515 3189 1606 3247 οῦν
1641 3194 1834 3264 ἕξομεν
1868 3194 2113 3262 συγγνώο

543 3291 672 3344 μην,
717 3276 836 3328 εἰπέ
872 3293 981 3345 μοι,
1013 3276 1169 3329 ποίαν
1208 3278 1264 3330 δὲ
1307 3277 1620 3346 ἀπολογίαν,
1655 3280 1703 3330 εἰ
1737 3277 1829 3330 τὸν
1864 3281 2111 3346 γενναῖον

539 3357 746 3411 ἐκεῖνον
782 3359 918 3428 μετά
968 3360 1234 3432 τοσαύτης
1279 3361 1492 3430 εἴδομεν
1535 3361 1842 3431 προθυμίας
1871 3361 1950 3432 τῷ
1992 3362 2110 3434 Θεῷ

541 3442 880 3512 πειθόμενον,
913 3445 1004 3496 καὶ
1042 3445 1255 3497 πάντων
1284 3443 1430 3514 αὐτῷ
1465 3443 1915 3514 παραχωροῦντα,
1958 3445 2107 3518 [771]

540 3527 635 3579 καὶ
659 3527 815 3598 ἡμεῖς
843 3527 1292 3598 δυσχεραίνομεν;
1333 3528 1423 3598 Μὴ
1463 3527 1525 3598 δή
1565 3545 1654 3598 μοι
1685 3528 1746 3580 τὸ
1787 3529 1982 3593 πένθος
2028 3530 2108 3581 εῖ-

540 3626 668 3681 πῃς,
719 3609 852 3682 μηδέ
885 3611 944 3662 τὸ
979 3613 1076 3680 τῆς
1111 3613 1394 3682 συμφορᾶς
1441 3611 1733 3682 ἀφόρητον,
1766 3612 1879 3666 ἀλλ’
1932 3614 2108 3667 ἐκεῖνο

541 3697 832 3764 σκόπησον,
858 3695 936 3747 ὃτι
967 3696 1060 3748 καὶ
1087 3695 1179 3748 τοῦ
1206 3695 1432 3758 πένθους
1462 3694 1697 3765 χαλεποῦ
1725 3695 1877 3760 ὄντος
1908 3695 2110 3749 ἀνώτε-

539 3794 630 3847 ρος
679 3775 766 3850 ἦν.
807 3779 1006 3832 Ἱκανὸν
1055 3774 1122 3849 ἦν
1172 3779 1232 3832 τὸ
1291 3779 1577 3848 ἐπιταχθὲν
1611 3779 1906 3851 θορυϐῆσαι
1941 3779 2106 3833 αὐτοῦ

537 3860 626 3914 τὸν
665 3860 941 3932 λογισμὸν,
978 3863 1073 3915 καὶ
1109 3863 1188 3926 εἰς
1224 3863 1454 3935 ἀπορίαν
1501 3861 1665 3917 αὐτὸν
1701 3863 1980 3934 ἐμϐαλεῖν,
2011 3863 2108 3918 καὶ

535 3945 634 4016 τὴν
681 3946 862 4000 πίστιν
906 3946 1170 4020 ὐπορύξαι
1215 3948 1314 4019 τὴν
1349 3949 1406 4001 ἐν
1438 3950 1551 4011 τοῖς
1602 3947 1953 4019 παρελθοῦσι.
2010 3947 2108 4011 Τίς

536 4029 645 4100 γὰρ
676 4028 783 4082 τῶν
817 4031 1023 4085 πολλῶν
1065 4032 1164 4084 οὐκ
1203 4030 1268 4084 ἂν
1317 4030 1564 4102 ἐνόμιζεν
1605 4031 1821 4102 ἀπάτην
1868 4029 2006 4086 εἶναι
2038 4031 2108 4084 τὰ

537 4114 799 4185 εἰρημένα
837 4117 961 4187 περὶ
999 4116 1094 4169 τοῦ
1139 4116 1372 4187 πλήθους
1412 4117 1519 4171 τῶν
1553 4117 1808 4188 ἐγγόνων,
1851 4110 1924 4172 ὧν
1957 4116 2106 4189 αὐτῷ

1279 301 1338 355 S.
1377 300 1662 358 JOANNIS
1700 301 2183 360 CHRYSOSTOIII
2225 305 2542 363 ABCIIIEP.
2582 301 3129 360 CONSTANTINOP.

3669 316 3798 372 1026

2227 411 2614 483 ἐπηγγεῦατω
2669 411 2806 469 Ἀλλ’
2856 416 2953 487 οὐχ
2998 419 3028 471 ὁ
3068 416 3337 489 Ἀϐραάμ.
3388 421 3497 475 Καὶ
3545 421 3644 475 τὸν
3684 424 3795 476 Ἰὼϐ

2225 496 2282 579 δέ
2326 502 2424 570 τῆς
2485 501 2576 554 ἐπὶ¹
2630 504 2694 574 τῇ
2757 505 3013 575 συμφορᾷ
3074 504 3389 574 φιλοσοφίας
3446 507 3549 577 οὐχ
3615 503 3795 579 ἦττον,

2227 577 2321 634 καὶ
2355 583 2495 654 ὐπέρ
2522 583 2710 638 τούτου
2754 586 2989 655 μάλιστα
3035 589 3196 642 αὐτὸν
3227 587 3524 659 θαυμάζειν
3555 577 3690 661 χρὴ,
3723 593 3794 646 ὅτι

2229 666 2367 736 μετὰ
2393 669 2659 740 τοσαύτην
2697 670 2917 740 ἀρετὴν,
2953 671 3090 740 μετά
3133 672 3502 743 ἐλεημοσύνας
3536 676 3638 727 καὶ
3681 677 3794 742 φιλ-

2225 750 2569 823 ανθρωπίας,
2627 755 2762 824 μετά
2820 755 2881 806 τὺ
2931 755 3096 826 μηδὲν
3177 758 3312 828 μήτε
3384 757 3599 827 ἐαυτῷ,
3667 761 3795 827 μήτε

2224 837 2337 898 τοῖς
2392 836 2548 889 παισὶ
2613 838 2908 893 συνειδέναι
2972 841 3227 912 πονηρὸν,
3287 840 3546 894 τοσοῦτον
3609 841 3794 904 dves;

2228 917 2352 971 ἰδὼν
2393 919 2534 973 οὕτω
2578 923 2763 976 καινὸν
2801 925 2896 977 καὶ
2949 923 3246 994 παράδοξον
3298 925 3394 977 καὶ
3450 924 3647 996 μηδενὶ
3693 924 3791 975 τῶν

2223 1001 2292 1054 τά
2330 1001 2527 1073 ἔσχατα
2589 1004 2999 1076 τετολμηκότων
3045 1007 3419 1078 συμϐεϐηκὸς,
3473 1009 3578 1061 οὐκ
3633 1008 3791 1062 ἔπαθε

2222 1084 2291 1138 τά
2333 1087 2440 1139 τῶν
2483 1087 2712 1152 πολλῶν,
2763 1090 2882 1142 οὐδέ
2918 1089 3167 1160 ἐνόμισεν
3212 1090 3472 1162 ἀνόνητον
3515 1089 3661 1146 εἶναι

2223 1168 2445 1240 ἀρετὴν,
2499 1171 2621 1224 οὐδέ
2695 1173 2878 1235 κακῶς
2947 1172 3328 1243 βεϐουλεῦσθαι
3405 1179 3520 1238 τοῖς
3598 1177 3791 1247 παρελ-

2224 1251 2426 1307 θοῦσιν.
2461 1256 2623 1310 Ὥστε
2661 1257 2728 1310 δι’
2765 1259 3050 1330 ἀμφότερα
3098 1259 3294 1321 αὐτοὺς
3347 1259 3525 1312 ταῦτα
3572 1262 3636 1313 οὐ
3676 1261 3794 1313 Bau-

2226 1340 2418 1410 μάζειν
2455 1341 2560 1413 χρὴ
2598 1344 2776 1413 μόνον,
2823 1343 2959 1398 ἀλλά
3002 1345 3097 1397 καὶ
3135 1343 3330 1415 ζηλοῦν
3381 1345 3478 1396 καὶ
3511 1345 3790 1415 μιμεῖσθαι

2221 1423 2318 1494 τὴν
2364 1424 2582 1495 ἀρετήν.
2629 1426 2738 1479 Καὶ
2781 1427 2855 1497 μὴ
2889 1425 3090 1495 λεγέτω
3129 1443 3245 1490 τις,
3286 1428 3371 1480 ὅτι
3395 1417 3620 1481 ’ἐκεῖνοι
3666 1429 3791 1482 θαυ-

2225 1508 2414 1575 μαστοί
2441 1525 2582 1572 τινες
2610 1505 2769 1580 ἦσαν.
2792 1511 3104 1581 Θαυμαστοὶ
3137 1512 3233 1581 μὲν
3261 1511 3371 1582 γάρ
3403 1507 3547 1582 ἦσαν
3578 1515 3675 1566 καὶ
3704 1532 3790 1583 με-

2220 1591 2406 1658 γάλοιο
2428 1592 2544 1645 ἀλλ’
2569 1596 2731 1664 ἡμεῖς
2754 1594 2920 1647 τανῦν
2949 1595 3168 1647 πλείονα
3202 1596 3428 1649 ἐκείναιν
3457 1598 3791 1668 ἀπαιτούμε-

2221 1675 2290 1728 θα
2322 1677 2638 1746 φιλοσοφίαν
2691 1677 2922 1731 καὶτῶν
2971 1679 3030 1730 ἐν
3063 1681 3129 1748 τῇ
3177 1678 3389 1750 Παλαιᾷ
3450 1680 3788 1750 βεϐιωκότων

2219 1759 2494 1815 ἁπάντων.
2539 1762 2679 1816 Ἐὰν
2709 1763 2818 1831 γὰρ
2845 1761 2931 1830 μὴ
2957 1763 3333 1830 περισσεύσῃ
3359 1766 3397 1832 ἡ
3425 1763 3784 1830 δικαιοσύνη

2219 1845 2386 1914 ὑμῶν
2408 1845 2598 1899 πλέον
2629 1845 2746 1899 τῶν
2768 1846 3153 1916 γραμματέων
3179 1849 3277 1902 καί
3302 1852 3669 1920 Φαρισαίων,
3698 1871 3788 1922 φη-

2221 1930 2326 1997 σὶν,
2360 1932 2431 1985 οὺ
2456 1929 2541 1998 μὴ
2573 1930 2882 2000 εἰσέλθητε
2905 1936 2992 1999 εἰς
3020 1933 3135 2002 τὴν
3150 1933 3480 1998 βασιλείαν
3526 1933 3657 1989 τῶν
3692 1939 3784 1988 οὐ·

2211 2014 2436 2083 ραν-ῶν.
2462 2016 2735 2070 Πάντοθεν
2761 2017 2940 2071 τοίνυν
2963 2018 3442 2089 σωφρονισθέντες,
3479 2021 3579 2073 καὶ
3624 2021 3784 2074 ταῦτα

2220 2098 2592 2162 συλλέξαντες,
2626 2102 2719 2154 καὶ
2734 2101 2800 2154 τά
2825 2103 2951 2172 περὶ
2977 2101 3325 2165 ἀναστάσεως
3340 2104 3474 2172 ἡμῖν
3498 2105 3784 2174 εἰρημένα,

2220 2185 2313 2238 καὶ
2338 2183 2409 2237 τά
2431 2184 2559 2254 περὶ
2584 2183 2693 2238 τῶν
2731 2186 2901 2254 ἁγίων
2940 2187 3168 2251 τούτων,
3213 2188 3455 2258 συνεχῶς
3501 2189 3784 2258 ἐπᾴδωμεν

2219 2272 2336 2333 ταῖς
2359 2269 2578 2340 ψυχαῖς,
2613 2271 2686 2342 μὴ
2722 2271 2881 2339 μόνον
2903 2273 3045 2325 κατὰ
3067 2272 3158 2326 τὸν
3190 2273 3380 2343 καιρὸν
3405 2274 3500 2326 τοῦ
3531 2274 3782 2337 πένθοκ,

2217 2353 2352 2406 ἀλλὰ
2396 2355 2487 2406 καὶ
2539 2355 2705 2426 ἡνίκα
2757 2355 2824 2408 ἂν
2871 2352 3268 2426 καθαρεύωμεν
3299 2356 3513 2426 ὀδύνης.
3555 2357 3662 2410 Διά
3684 2357 3782 2425 γὰρ

2217 2437 2373 2491 τοῦτο
2401 2438 2493 2490 καὶ
2512 2437 2641 2506 ἐγὼ,
2671 2437 2848 2492 καίτοι
2877 2439 3102 2511 μηδενὸς
3137 2440 3289 2502 ὄντος
3326 2441 3383 2491 ἐν
3406 2440 3622 2509 ἀθυμίᾳ
3644 2483 3659 2504 ,
3696 2440 3783 2492 νῖν

2217 2522 2436 2586 τούτους
2484 2523 2710 2594 ἐκίνησα
2743 2525 2870 2588 τοὺς
2898 2524 3112 2592 λόγους,
3155 2525 3220 2577 ἶν’
3241 2565 3257 2589 ,
3288 2525 3416 2576 ὅταν
3448 2522 3780 2594 ἐμπέσωμεν

2217 2609 2296 2670 εἰς
2316 2624 2434 2660 τινα
2454 2607 2709 2680 τοιαύτην
2749 2609 3034 2680 συμφοράν
3064 2650 3078 2672 ,
3116 2607 3449 2679 μεμνημένοι
3492 2608 3608 2660 τῶν
3636 2611 3779 2678 εἰρησ

2219 2691 2414 2762 μένων,
2458 2693 2646 2762 ἱκανῆς
2677 2692 3039 2764 ἀπολαύωμεν
3081 2692 3467 2764 παραμυθίαςο
3515 2692 3648 2745 ἐπεὶ
3697 2695 3779 2744 καὶ

2217 2775 2564 2847 στρατιῶται,
2589 2779 2811 2849 εἰρήνης
2843 2775 3032 2848 οὔσης,
3055 2775 3123 2830 τά
3152 2776 3244 2829 τοῦ
3267 2776 3506 2846 πολέμου
3545 2777 3781 2846 μελετῶ-

2217 2875 2320 2921 σιν,
2356 2859 2442 2912 ἵνα
2470 2859 2567 2930 τῆς
2619 2859 2798 2930 μάχης
2847 2860 3168 2930 ἐπιστάσης,
3213 2859 3424 2913 καὶτοῦ
3456 2861 3658 2932 καιροῦ
3692 2862 3782 2930 τὴν

2216 2941 2505 3012 ἐμπειρίαν
2552 2943 2928 3007 ἀπαιτοῦντος,
2963 2943 3234 3014 εὐκαίρως
3273 2943 3653 3009 ἐπιδείξωνται

2214 3024 2430 3094 τέχνην,
2458 3025 2526 3096 ἢν
2558 3028 2614 3078 ἐν
2636 3029 2699 3096 τῇ
2725 3027 2914 3098 εἰρήνῃ
2944 3026 3331 3098 κατώρθωσαν.
3349 3028 3458 3080 Καὶ
3479 3029 3652 3097 ἡμεῖς
3677 3028 3779 3081 τοία

2213 3126 2308 3161 νυν
2341 3109 2434 3162 καὶ
2461 3109 2600 3163 ὅπλα
2629 3110 2722 3163 καὶ
2752 3111 3016 3181 φάρμακα
3037 3111 3529 3180 κατασκευάσωμεν
3565 3112 3776 3173 ἐαυτοξ

2213 3194 2272 3246 ἐν
2296 3192 2372 3263 τῷ
2387 3191 2562 3263 καιρῷ
2586 3193 2684 3264 τῆς
2700 3195 2939 3266 εἰρήνης,
2963 3194 3069 3259 ἵνα,
3088 3194 3142 3247 ετ
3166 3211 3295 3248 ποτε
3320 3193 3550 3263 πόλεμος
3582 3197 3775 3264 ἐπιστῇ

2215 3275 2400 3328 παθῶν
2431 3276 2710 3347 ἀλόγων,ἢ
2738 3277 2985 3342 πένθους,
3014 3277 3046 3348 ἢ
3069 3278 3280 3348 ὀδύνης,
3313 3277 3345 3348 ἢ
3371 3277 3528 3331 άλλου
3555 3279 3776 3331 ὁτουοῦν

2213 3358 2477 3426 τοιούτου,
2529 3360 2970 3431 καθωπλισμένοι
3017 3361 3198 3428 καλῶς
3250 3361 3342 3413 καὶ
3393 3362 3771 3431 πεφραγμένοι

2214 3443 2496 3508 πάντοθεν,
2528 3444 2628 3507 τάς
2655 3443 2747 3498 τοῦ
2779 3445 3022 3516 Πονηροῦ
3060 3444 3363 3516 προσϐολάς
3401 3445 3536 3516 μετὰ
3571 3444 3772 3514 πολλῆς

2212 3527 2677 3598 ἀποκρουσάῳεθα
2697 3528 2797 3598 τῆς
2825 3529 3131 3600 ἐμπειρίας,
3154 3529 3247 3582 καὶ
3268 3529 3540 3597 λογισμοῖς
3569 3529 3769 3600 ὀρθοῖς,

2212 3611 2306 3663 καί¹
2341 3612 2456 3674 ταῖς
2479 3611 2786 3680 ἀποφάσεσι
2818 3610 2910 3664 τοῦ
2945 3610 3100 3676 Θεοῦ,
3139 3611 3232 3665 καί⁵
3260 3615 3370 3673 τοῖς
3408 3611 3768 3681 ὐποδείγμαα

2210 3695 2317 3747 τῷν
2337 3693 2554 3763 ἀγαθῶν
2577 3693 2806 3765 ἀνδρῶν,
2833 3694 2928 3747 καὶ
2961 3695 3122 3748 παντὶ
3154 3695 3335 3766 τρόπῳ
3359 3694 3626 3748 πάντοθεν
3653 3698 3766 3748 ἐαυ-

2211 3781 2334 3843 τούς
2349 3779 2689 3850 τειχίσωμεν.
2710 3779 2864 3832 Οὕτω
2882 3779 2988 3851 γὰρ
3003 3780 3338 3851 δυνησόμεθα
3353 3780 3442 3831 καὶ
3460 3780 3556 3850 τὴν
3577 3779 3768 3850 παροῦ-

2211 3880 2308 3917 σαν
2337 3864 2479 3934 ζωὴν
2505 3862 2644 3935 μετά
2698 3863 2959 3934 εὐθυμίας
3002 3863 3294 3931 διενεγκεῖν
3315 3905 3328 3924 ,
3360 3864 3452 3916 καὶ
3489 3862 3591 3932 τῆς
3622 3863 3761 3932 βασι·

2209 3946 2359 4010 λείας
2390 3945 2496 4000 τῶν
2530 3946 2774 4020 οὐρανῶν
2803 3948 3100 4017 ἐπιτυχεῖν,
3131 3948 3188 3998 ἐν
3231 3945 3451 4018 Χριστῷ
3495 3947 3696 4016 Ἰησοῦ,
3723 3940 3754 4012 ᾇ

2210 4031 2243 4100 ἡ
2283 4027 2410 4094 δόξα
2439 4030 2534 4083 καὶ
2586 4028 2647 4082 τὸ
2698 4030 2900 4100 κράτος
2929 4029 3044 4100 ἅμα
3081 4027 3157 4100 τῷ
3191 4029 3365 4101 Πατρί¹
3398 4029 3491 4083 καί
3519 4030 3598 4099 τῷ
3632 4030 3746 4101 ἀγίς

2210 4113 2506 4184 Πνεύματι,
2541 4116 2620 4178 εἰς
2647 4117 2772 4179 τοὺς
2799 4114 3003 4178 αἰῶνας
3032 4114 3139 4168 τῶν
3163 4113 3393 4168 αἰώνων.
3446 4115 3640 4184 Ἀμήν.
