3784 6258
45 364 98 418 25
1147 344 1234 399 DE
1272 343 1541 399 LAZARO
1577 342 1818 399 CONCIO
1864 343 1925 399 V.

45 497 65 535 e
93 476 287 531 facinus
313 470 531 533 fuisset;
559 465 657 522 sed
684 480 785 520 non
816 461 1035 535 perinde
1066 470 1241 516 tamen
1265 459 1522 522 mirabile,

45 587 118 643 lue
156 583 268 623 cum
300 580 394 635 per
424 561 619 616 multos
656 559 772 613 dies
808 558 922 628 ejus
951 557 1161 610 animus
1195 553 1526 609 excruciatus

45 661 330 727 ercitusque
358 653 534 714 fuerit,
564 651 696 705 nihil
726 650 937 703 humani
966 648 1105 700 circa
1130 645 1292 698 filium
1315 656 1527 712 passum

45 769 101 809 se.
132 751 246 804 Ideo
271 746 408 802 enim
432 744 667 812 longiora
693 742 769 795 illi
789 746 1075 794 scammata
1100 736 1370 807 proposuit
1391 735 1530 788 Deus

46 845 291 911 idiumque
336 837 615 907 spatiosius
638 877 652 898 ,
687 844 742 888 ut
786 832 1083 886 accuratius
1119 829 1370 883 athletam
1410 841 1531 897 spe-

45 951 154 992 tres.
182 932 317 986 Vere
346 942 571 996 namque
611 926 809 980 athleta
848 935 993 989 erat,
1024 940 1127 975 non
1166 936 1285 975 cum
1317 919 1531 973 homine

46 1036 257 1087 certans,
280 1020 369 1075 sed
391 1035 506 1072 cum
531 1018 639 1086 ipsa
662 1026 862 1070 natura:
889 1014 1183 1086 tyrannide.
1207 1012 1333 1079 Quis
1355 1026 1532 1064 sermo

49 1120 134 1175 ssit
164 1116 273 1185 ejus
301 1111 656 1166 fortitudinem
695 1109 1041 1179 exprimere?
1068 1107 1301 1161 Adduxit
1326 1105 1490 1159 filium
1513 1146 1527 1169 ,

48 1210 220 1272 vinxit,
252 1205 402 1276 lignis
432 1202 702 1272 imposuit,
730 1216 910 1256 ensem
936 1201 1179 1268 arripuit,
1199 1200 1307 1269 jam
1332 1198 1531 1267 plagam

45 1305 242 1358 llixurus
264 1306 395 1352 erat.
427 1295 561 1362 Quid
588 1296 721 1349 ultra
747 1304 832 1347 aut
862 1309 963 1363 qua
990 1293 1192 1347 ratione
1217 1293 1402 1361 loquar
1430 1308 1533 1345 non

45 1396 145 1450 ibeo
170 1392 339 1447 :solus
364 1390 451 1444 ille
477 1390 642 1452 novit,
672 1388 761 1457 qui
789 1388 886 1441 ista
913 1386 1148 1456 perfecit.
1179 1385 1359 1439 Oratio
1379 1385 1534 1453 quip-

45 1506 58 1544 ξ
86 1486 215 1541 nulla
237 1483 530 1553 exprimere
554 1480 768 1550 poterit,
791 1478 1057 1548 quomodo
1084 1493 1270 1530 manus
1289 1476 1404 1545 ejus
1430 1491 1535 1529 non

45 1575 316 1646 itorpuerit,
338 1571 601 1643 quomodo
628 1585 910 1625 nervorum
940 1570 1016 1623 vis
1037 1585 1139 1622 non
1165 1568 1333 1621 soluta
1357 1568 1533 1631 fuerit,

45 1685 82 1723 ιο
107 1675 249 1738 pacto
273 1663 507 1718 amabilis
538 1662 627 1716 ille
654 1661 744 1715 filii
770 1671 1013 1729 aspectus
1040 1676 1158 1713 eum
1188 1675 1292 1713 non
1321 1667 1535 1713 contur-

46 1760 186 1814 iverit.
213 1757 307 1810 Hic
330 1755 487 1809 etiam
524 1752 669 1807 Isaac
694 1752 943 1806 admirari
984 1752 1256 1805 convenit.
1299 1750 1366 1805 Ut
1394 1749 1535 1805 enim

45 1868 66 1907 e
94 1852 209 1915 Deo,
239 1850 306 1902 ita
344 1847 428 1901 hic
454 1847 590 1915 patri
630 1846 821 1916 paruit,
852 1855 903 1899 et
944 1853 999 1899 u‘.
1032 1844 1145 1908 ille,
1188 1846 1296 1899 Deo
1319 1844 1537 1916 jubente

46 1942 281 2004 criﬁcare,
310 1938 538 1993 rationes
575 1951 682 1991 non
710 1936 892 2007 exigit,
922 1936 992 1989 ita
1019 1943 1071 1989 et
1108 1936 1214 2001 ille,
1247 1944 1398 2004 patre
1423 1934 1540 1986 vin-

45 2041 145 2089 ente
172 2041 222 2087 et
247 2045 404 2100 super
428 2044 574 2083 aram
622 2028 903 2084 inducente
927 2068 942 2093 ,
971 2042 1074 2081 non
1120 2027 1287 2091 dixit,
1318 2042 1414 2081 cur
1438 2026 1539 2082 boc

45 2128 120 2191 ;is?
144 2124 239 2179 Sed
258 2134 485 2193 paterna:
503 2123 679 2176 manui
702 2121 1026 2191 subjacebat.
1047 2120 1239 2175 Videre
1255 2129 1370 2174 erat
1384 2135 1536 2173 eum-

46 2234 105 2273 3m
144 2227 335 2287 patrem
371 2215 561 2268 factum
602 2222 655 2267 et
682 2213 1011 2267 sacerdotem
1032 2254 1046 2277 ,
1079 2212 1395 2267 sacrificium
1422 2211 1539 2266 sine

52 2309 223 2377 nguine
250 2307 477 2361 oblatum
500 2346 515 2371 ,
549 2304 914 2359 holocaustum
941 2305 1138 2374 absque
1170 2304 1286 2373 igne
1310 2346 1324 2368 ,
1352 2305 1540 2360 mortis

45 2397 457 2453 :resurrectionis
499 2396 723 2465 figuram
764 2396 817 2450 in
856 2395 1007 2449 altari
1048 2396 1293 2465 positam.
1328 2396 1538 2451 Etenim

46 2492 143 2544 ium
168 2489 484 2552 immolavit,
518 2497 572 2541 et
603 2502 706 2540 non
749 2487 1040 2541 immolavit
1068 2504 1079 2539 :
1112 2502 1214 2539 non
1238 2483 1535 2539 immolavit

48 2597 166 2647 anu,
195 2580 283 2635 sed
314 2579 601 2648 proposito.
640 2577 772 2632 Nam
810 2587 864 2632 et
904 2578 1045 2632 Dens
1084 2577 1202 2632 ideo
1242 2577 1535 2646 imperavit,

46 2691 90 2728 in
106 2673 231 2743 quod
254 2673 558 2727 effusionem
587 2672 856 2742 sanguinis
881 2670 1063 2726 videre
1080 2671 1261 2736 vellet,
1289 2670 1380 2724 sed
1398 2669 1539 2739 quod

46 2768 291 2837 'opositum
317 2766 474 2820 animi
513 2766 609 2819 tibi
650 2764 931 2820 ostendere
969 2773 1217 2833 cuperet,
1248 2771 1405 2833 atque
1435 2778 1537 2816 una

46 2872 165 2913 artem
187 2858 322 2912 illum
348 2858 519 2912 virum
546 2857 598 2911 in
629 2858 773 2911 orbis
798 2856 972 2911 medio
997 2856 1305 2926 praedicare,
1329 2871 1541 2909 omnes-

46 2966 90 3004 ie
115 2958 335 3018 posteros
361 2949 581 3012 docere,
612 2956 665 3003 et
698 2948 877 3002 liberis
896 2989 911 3013 ,
944 2956 994 3003 et
1033 2956 1232 3002 natura:
1256 2989 1271 3012 ,
1301 2956 1354 3001 et
1380 2947 1539 3001 rebus

46 3042 248 3104 nuibus,
277 3041 475 3110 ipsique
500 3041 691 3094 anima:
733 3040 823 3094 Dei
859 3039 1006 3109 jussa
1036 3039 1285 3108 anteponi
1320 3038 1536 3093 debere.

46 3132 253 3186 escendit
300 3130 456 3202 igitur
501 3132 622 3185 vivo
662 3138 877 3200 recepto
927 3139 1161 3201 martyre
1209 3130 1372 3183 Isaac.
1411 3127 1540 3194 Qua:

45 3238 111 3291 ‘go
134 3223 273 3278 nobis
297 3224 443 3278 venia
470 3266 484 3289 ,
515 3239 697 3294 quaaso
721 3265 737 3285 ,
769 3239 887 3292 qua:
910 3222 1150 3277 defensio
1179 3223 1279 3277 erit
1301 3264 1314 3286 ,
1346 3223 1388 3277 si
1418 3239 1537 3276 cum

51 3314 476 3370 dcrimusfortem
526 3316 669 3369 illum
714 3319 883 3369 virum
925 3331 1043 3370 cum
1085 3325 1225 3369 tanta
1272 3315 1542 3372 alacritate

49 3420 102 3459 eo
118 3407 495 3476 obsequentem,
515 3409 567 3462 in
590 3408 938 3477 omnibusque
955 3408 1425 3478 obtemperantem,
1446 3425 1541 3465 nos

45 3494 201 3551 noleste
221 3499 475 3552 feramus?
502 3499 581 3554 Ne
606 3500 734 3554 mihi
760 3499 980 3565 luctum,
1012 3514 1079 3554 ne
1100 3499 1412 3554 calamitatis
1433 3515 1543 3553 ma-

46 3588 294 3644 nitudinem
308 3591 524 3647 afferas:
546 3593 639 3647 sed
658 3593 942 3662 perpende,
964 3594 1105 3648 illum
1126 3593 1287 3647 fuisse
1300 3595 1441 3649 luctu
1455 3610 1544 3647 su-

46 3680 257 3734 eriorem.
278 3682 574 3737 Mandatum
601 3683 898 3753 hujusmodi
921 3694 1126 3753 poterat
1142 3685 1285 3739 illius
1305 3685 1538 3739 animum

46 3775 305 3840 inturbare,
334 3778 545 3831 anxium
576 3777 819 3843 reddere,
845 3787 897 3831 et
927 3778 1084 3833 ﬁdem
1116 3780 1230 3847 ejus
1254 3779 1392 3833 circa
1417 3793 1543 3848 prae.

45 3861 138 3914 erita
158 3866 461 3936 subagitare.
485 3868 616 3936 Quis
638 3869 777 3922 enim
795 3870 930 3923 alius
950 3879 1143 3939 prieter
1159 3869 1536 3935 Abrahamum,

45 3964 95 4005 an
112 3958 335 4017 putasset
360 3958 595 4015 fraudem
624 3975 686 4015 ea
714 3960 889 4016 omnia
919 3975 1038 4016 esse
1060 4002 1074 4025 ,
1107 3976 1223 4031 quae
1264 3961 1331 4017 de
1358 3961 1535 4016 multi-

3076 355 3210 410 €036

1634 460 1815 512 tudine
1840 459 2050 529 generis
2074 467 2128 514 et
2157 471 2405 531 nepotum
2436 463 2575 519 Deus
2604 465 2866 533 pollicitus
2895 471 3043 524 erat?
3086 472 3210 526 l‘hi-

1635 550 1928 621 losophiam
1962 552 2085 605 item
2110 551 2228 606 Johi
2258 553 2308 607 in
2351 563 2493 608 tanta
2519 556 2823 614 calamitate
2850 561 3016 615 nihilo
3038 563 3212 616 minus

1632 645 1751 713 quis
1802 644 2047 698 admirari
2096 645 2277 710 debet,
2322 647 2463 716 quod
2511 658 2630 717 post
2676 661 2872 706 tantam
2918 655 3209 709 exhibitam

1633 736 1909 799 virtutem,
1936 746 2054 805 post
2070 726 2436 809 eleemosynas
2463 750 2516 794 et
2539 740 2932 811 benignitatem,
2954 762 3072 799 cum
3096 748 3213 801 uul-

1636 828 1734 882 lius
1754 830 1834 883 vel
1859 829 1954 883 sibi
1983 830 2060 883 vel
2092 831 2211 885 filiis
2233 832 2356 885 mali
2391 835 2635 888 conscius
2664 850 2834 900 esset,
2856 854 2975 893 cum
3010 851 3211 893 tantum

1637 928 1847 989 tamque
1871 920 2197 990 inopinatum
2221 922 2427 978 videret
2456 925 2669 989 luctmn,
2696 941 2921 996 quantus
2946 947 3010 985 re
3040 933 3212 986 scele-

1636 1011 1913 1065 ratissimis
1943 1012 2152 1082 quidem
2199 1030 2443 1084 umquam
2475 1018 2797 1086 contigerat,
2834 1038 2935 1073 non
2982 1024 3055 1077 sic
3082 1024 3214 1079 affe-

1636 1110 1751 1154 ctus
1778 1100 1960 1167 fuerit,
1992 1112 2046 1156 ut
2074 1104 2159 1157 alii
2188 1105 2395 1171 solent,
2430 1124 2599 1177 neque
2639 1114 2895 1177 putaverit
2923 1113 3213 1168 infructuo—

1638 1206 1749 1245 sam
1777 1208 1896 1247 csse
1924 1194 2169 1248 virtutem
2195 1238 2210 1260 ,
2240 1207 2330 1250 aut
2358 1214 2417 1252 se
2446 1201 2582 1253 male
2613 1201 2768 1254 rebus
2797 1204 2908 1256 suis
2936 1215 3057 1257 ante
3087 1222 3215 1259 con-

1640 1288 1886 1342 suluisse.
1918 1289 2094 1357 Itaque
2119 1290 2279 1345 hosce
2306 1293 2445 1345 viros
2472 1293 2540 1346 ob
2566 1294 2674 1348 hzec
2698 1305 2914 1365 utraque
2938 1315 3041 1350 non
3061 1301 3216 1352 [nodo

1640 1380 1886 1434 admirari
1908 1382 2182 1447 debemus,
2205 1386 2295 1438 sed
2331 1388 2486 1440 etiam
2510 1389 2767 1453 aemulari,
2792 1406 3082 1463 eorumque
3108 1397 3216 1449 vir-

1642 1481 1803 1526 tutem
1832 1474 2042 1528 imitari.
2061 1475 2167 1530 Nec
2186 1476 2328 1530 dicat
2352 1477 2612 1546 quisliiam
2636 1479 2741 1534 :llli
2765 1483 2858 1536 viri
2881 1484 3219 1543 admirabiles

1640 1574 1784 1618 certe
1804 1575 1857 1618 et
1876 1567 2050 1635 magni
2070 1577 2221 1621 erant
2236 1585 2250 1631 ;
2266 1569 2356 1622 sed
2375 1585 2401 1619 a
2421 1571 2571 1623 nobis
2592 1572 2761 1636 major
2778 1591 2915 1628 nunc
2937 1578 3219 1646 requiritur

1640 1657 1994 1727 phil050phia,
2014 1675 2169 1729 quam
2194 1661 2261 1714 ab
2284 1662 2386 1715 illis
2410 1663 2677 1730 omnibus,
2700 1666 2787 1735 qui
2817 1667 2867 1720 iu
2894 1671 3059 1723 veteri
3087 1671 3218 1725 Tes-

1645 1758 1876 1805 tamento
1903 1752 2161 1806 vixerunt.
2185 1752 2301 1807 Nisi
2329 1755 2468 1808 enim
2490 1757 2815 1812 abundaverit
2832 1762 3033 1830 justitia
3056 1775 3217 1817 vestra

1641 1841 1755 1911 plus
1767 1858 1917 1912 quam
1930 1843 2206 1896 scribarum
2221 1855 2267 1897 et
2278 1844 2677 1909 Pharisaeorum,
2698 1867 2797 1903 non
2820 1852 3064 1907 intrabitis
3080 1855 3131 1908 in
3150 1874 3220 1909 γε·

1641 1950 1795 2003 gnum
1805 1935 2040 1989 caelorum
2058 1935 2265 2004 (Matth.
2286 1938 2337 1991 5.
2355 1936 2467 2007 20).
2485 1939 2564 1991 Ad
2586 1941 2857 1996 meliorem
2875 1959 3001 2014 ergo
3019 1945 3216 2014 frugem

1641 2023 1857 2078 omnino
1884 2026 2103 2092 reversi,
2133 2026 2317 2095 hisque
2341 2029 2595 2093 collectis,
2629 2046 2691 2085 ac
2719 2031 2875 2085 simul
2903 2034 2985 2099 iis,
3013 2052 3128 2104 qua:
3153 2038 3220 2093 de

1642 2116 2030 2170 resurrectione
2047 2132 2252 2170 necnon
2269 2118 2334 2171 de
2350 2120 2547 2172 sanctis
2564 2120 2666 2174 illis
2682 2122 2808 2176 viris
2826 2122 3054 2178 diximus
3072 2167 3086 2191 ,
3110 2127 3221 2180 lucc

1642 2205 1852 2261 assidue
1876 2207 1924 2259 in
1946 2208 2135 2261 animis
2155 2208 2629 2274 concinamus,non
2649 2212 2808 2266 modo
2830 2214 2880 2267 in
2901 2215 3073 2270 luctus
3093 2228 3222 2271 tem-

1642 2300 1886 2369 pore,sed
1899 2301 2054 2354 etiam
2070 2302 2279 2371 quando
2292 2304 2437 2356 vacui
2453 2303 2634 2359 dolore
2650 2322 2851 2359 sumus.
2866 2307 2986 2362 Ideo
2999 2325 3223 2380 namque

1642 2407 1758 2462 ego,
1776 2393 1885 2447 etsi
1903 2394 2074 2446 nullus
2093 2394 2143 2447 in
2164 2410 2390 2449 mmrnre
2404 2396 2489 2463 sit,
2512 2395 2725 2466 hosjam
2742 2415 3015 2454 sermones
3030 2401 3147 2465 feci,
3166 2413 3224 2456 ut

1643 2500 1761 2538 cum
1782 2501 1832 2537 in
1846 2486 2071 2539 similem
2094 2486 2442 2541 Calamitatem
2464 2488 2827 2558 inciderimus,
2842 2492 3101 2547 dictorum
3124 2512 3224 2549 me-

1644 2594 1837 2642 mores,
1855 2580 2012 2633 multa
2032 2578 2660 2636 fruamurconsolatione.
2681 2583 2866 2638 Milites
2879 2588 3017 2639 enim
3033 2588 3081 2641 in
3100 2606 3224 2656 pace

1645 2687 1731 2725 res
1755 2672 1970 2726 bellicas
1996 2671 2334 2736 meditantur,
2369 2681 2424 2725 ut
2456 2673 2682 2728 instante
2711 2691 2881 2745 pugna
2912 2687 2963 2730 et
2989 2688 3224 2747 tempore

1646 2761 1885 2831 peritiam
1906 2761 2224 2831 postulante,
2245 2772 2539 2832 Opportune
2557 2773 2721 2818 artem
2744 2767 3047 2833 exhibeant,
3067 2787 3222 2837 quam

1646 2853 1697 2907 in
1726 2869 1855 2923 pace
1883 2854 2179 2908 coluerunt.
2224 2854 2290 2907 Et
2332 2869 2430 2908 nos
2460 2855 2616 2925 igitur
2638 2871 2783 2911 arma
2815 2866 2867 2912 et
2907 2862 3138 2913 remedia
3172 2863 3223 2916 iu

1645 2944 1789 3013 pacis
1822 2954 2059 3013 tempore
2085 2944 2237 2999 nobis
2264 2960 2529 3013 paremus,
2561 2955 2616 3000 ut
2642 2948 2685 3001 si
2712 2948 2922 3017 quando
2949 2950 3224 3004 irrationa-

1645 3034 1827 3088 bilium
1848 3034 2149 3101 affectuum,
2173 3036 2347 3090 acerbi
2369 3037 2558 3100 luctus,
2582 3047 2676 3092 aut
2694 3039 2911 3106 doloris,
2934 3051 3024 3094 aut
3050 3043 3225 3110 cujus-

1646 3127 1783 3196 piam
1806 3127 2010 3182 adversi
2034 3128 2228 3182 bellum
2250 3130 2524 3200 ingruerit,
2552 3131 2770 3200 pulchre
2791 3136 2975 3187 armati
2999 3146 3052 3188 et
3074 3137 3226 3189 undi~

1644 3234 1748 3291 que
1773 3218 1958 3272 muniti
1984 3260 1997 3283 ,
2027 3219 2241 3289 maligni
2271 3223 2522 3290 impetum
2548 3222 2710 3275 multa
2737 3238 2856 3276 cum
2889 3225 3071 3294 peritia
3105 3243 3225 3296 pro-

1647 3313 1947 3382 pulsemus;
1984 3321 2140 3380 atque
2169 3312 2326 3366 rectis
2364 3313 2770 3382 cogitationibus
2791 3355 2805 3377 ,
2843 3315 2934 3370 Dei
2964 3316 3222 3386 eloquiis,

1645 3405 2040 3475 proborumque
2070 3404 2300 3457 virorum
2333 3406 2589 3475 exemplis
2614 3448 2627 3470 ,
2658 3408 2964 3462 omnimode
2996 3409 3223 3479 undique

1646 3514 1744 3553 nos
1792 3500 2110 3553 muniamus.
2159 3497 2247 3551 Sic
2292 3498 2430 3550 enim
2478 3499 2763 3565 poterimus
2813 3509 2864 3551 et
2912 3510 3223 3567 prceseutem

1646 3591 1807 3644 vitam
1833 3605 1951 3644 cum
1992 3590 2129 3644 bono
2167 3589 2344 3645 animo
2390 3589 2676 3657 transigere
2696 3631 2708 3651 ,
2737 3597 2790 3642 et
2817 3606 3034 3659 regnum
3061 3593 3224 3647 caelo-

1646 3699 1763 3739 rum
1789 3683 2040 3752 consequi
2065 3725 2079 3749 ,
2109 3684 2159 3736 in
2181 3682 2392 3737 Christo
2420 3679 2545 3737 Iesu
2573 3721 2588 3745 ,
2617 3680 2700 3733 cui
2753 3682 2915 3749 gloria
2960 3692 3015 3735 et
3060 3681 3225 3750 impe-

1647 3776 1785 3829 rium
1802 3790 1920 3829 cum
1945 3774 2097 3829 Patre
2117 3784 2170 3829 et
2189 3784 2370 3831 sancto
2386 3775 2583 3846 Spiritu
2604 3773 2655 3830 in
2678 3772 2869 3831 szecula
2887 3773 3222 3830 smculorum.

1648 3869 1838 3923 Amen.
