3884 6256
564 303 694 354 ΙθξὶἹ

1221 305 1280 359 S.
1315 302 1592 359 JOANNIS
1627 301 2106 361 CllRYSOSTOMl
2141 301 2455 360 ABCHlEP.
2489 300 3025 358 CONSTANTINOP.

3633 293 3757 355 ιοξε

965 515 1073 572 AD
1103 513 1513 574 HOMlLlAM
1551 515 1631 576 IN
1663 513 1946 576 TERRZE
1982 517 2296 590 MOTUM,
2335 519 2436 578 ET
2463 519 2802 579 DlVlTEM
2835 520 2937 579 ET
2978 519 3349 580 LAZARUM

646 613 946 686 772]llanc
994 615 1307 669 concionem
1352 616 1578 669 antehae
1625 617 1891 677 mutilam,
1924 618 2103 686 ingen-

551 686 699 742 tiuue
729 696 965 752 quatuor
1003 688 1319 753 paginarum
1344 686 1492 739 hiatu
1526 686 1924 750 labefactatam,
1963 701 2104 742 nunc

551 755 836 821 integram,
901 764 954 808 et
1001 757 1066 808 ad
1113 756 1344 808 duorum
1402 757 1893 824 manuscriptorum
1946 760 2102 810 Iidem

552 827 804 896 sareitam
832 825 1047 896 damus.
1086 824 1216 896 Eam
1251 841 1378 879 vero
1409 841 1515 877 non
1555 840 1946 894 consequenter
1986 838 2107 896 post

551 895 706 953 alias.
753 894 1206 967 sig-daliquantulo
1236 896 1554 956 interposito
1597 906 1837 964 tempore
1867 894 2107 967 Cbrysw

552 973 763 1017 atomus
792 965 1017 1031 ltabuit;
1046 965 1119 1019 ita
1150 976 1326 1019 tamen
1363 975 1422 1018 ut
1448 979 1635 1019 recens
1673 967 1849 1021 athuc
1897 965 2107 1020 memo-

555 1035 631 1086 ria
670 1050 854 1088 eorum
883 1073 898 1094 ,
945 1051 1062 1102 qute
1109 1035 1174 1088 de
1236 1033 1438 1088 Lazaro
1492 1043 1546 1086 et
1577 1035 1642 1088 de
1682 1037 1845 1089 divite
1890 1053 1994 1089 non
2035 1037 2108 1090 ita

555 1105 762 1172 pridem
797 1105 938 1157 dicta
975 1104 1212 1163 fuerant.
1270 1106 1577 1158 auditorum
1619 1106 1819 1158 animis
1851 1106 2105 1168 haereret,

557 1183 616 1227 ttt
646 1173 968 1228 testificatur
1010 1176 1122 1241 ipse
1172 1190 1320 1227 num.
1354 1175 1407 1228 4.
1441 1174 1736 1229 Occasione
1785 1186 1964 1229 autem
2027 1175 2111 1228 itt-

554 1244 725 1308 geotis
757 1255 911 1298 terra:
941 1255 1136 1305 motus,
1167 1246 1258 1312 qui
1295 1246 1472 1298 triduo
1504 1245 1690 1298 urbem
1725 1255 2071 1300 suceusserat
2093 1287 2108 1310 ,

561 1315 674 1367 lucc
703 1315 1058 1367 concionatus
1085 1322 1168 1368 est
1192 1316 1627 1383 tlltrysostm‘nus.
1655 1314 1757 1378 Qui
1784 1316 1852 1369 sit
1877 1333 2002 1369 vero
2025 1317 2112 1370 ille

560 1393 719 1436 terra!
754 1393 954 1447 tnotus,
990 1395 1041 1436 et
1075 1398 1183 1452 quo
1203 1385 1488 1452 contigerit
1512 1400 1674 1444 anno,
1708 1400 1812 1437 non
1856 1386 1926 1438 ita
1958 1385 2112 1440 facile

555 1463 642 1506 est
671 1456 949 1520 augurari,
983 1455 1420 1522 quandoquidem
1461 1456 1770 1520 frequenter
1816 1455 2114 1510 Antiochia:

556 1535 712 1576 terra?
742 1535 916 1577 motus
949 1525 1195 1580 accidere
1225 1526 1486 1579 solebant.
1537 1525 1906 1578 Memorantur
1957 1534 2116 1580 terra:

557 1604 736 1646 motus
765 1595 1065 1648 Autioebize
1095 1605 1219 1648 ante
1245 1604 1544 1649 statuarum
1585 1597 1942 1654 eversionem.
1971 1611 2114 1649 anno

557 1661 683 1722 587,
701 1673 752 1716 et
771 1665 1109 1732 quidemjam
1137 1665 1445 1733 frequentes
1465 1665 1745 1726 accidisse,
1762 1664 1988 1718 llomilia
2013 1667 2045 1720 5
2062 1667 2114 1718 in

561 1743 786 1804 statuas,
822 1750 973 1787 ttttttt.
994 1735 1046 1796 7,
1073 1737 1180 1787 Kal.
1225 1735 1332 1804 γὰρ
1356 1735 1591 1804 σεισμῶν
1611 1735 1866 1798 πολλάκις
1888 1739 2120 1789 καταλα-

559 1800 784 1867 6όντων,
821 1806 915 1857 καὶ
955 1805 1112 1876 λιμοῦ
1153 1800 1245 1858 καῖ
1273 1800 1511 1876 α’ὐχμοῦ,
1539 1807 1686 1876 τρεῖς
1721 1807 1815 1858 καὶ
1847 1807 2119 1878 τέσσαρας

2203 619 2414 744 lpépa;
2436 617 2911 688 σωφρονισθέντες,
2937 618 3030 671 καὶ
3050 619 3439 689 ἐπιεικέστεροι
3461 619 3760 687 γενόμενοι,

2251 692 2415 744 'tem'nt
2447 701 2599 743 terrm
2631 690 2855 741 motibus
2895 690 3084 744 uruius
3118 689 3496 744 accidentibus.
3531 698 3582 740 et
3638 689 3760 744 fame

2251 689 2415 744 Etenim
2447 701 2599 743 terrm
2631 690 2855 741 motibus
2895 690 3084 756 rmpius
3118 689 3496 750 accidentibus,
3531 698 3582 740 et
3638 689 3763 750 fame

2208 772 2362 829 atque
2393 761 2644 820 siccitate,
2672 761 2740 811 ad
2772 768 2873 812 tres
2907 760 2982 812 vel
3011 769 3236 827 quatuor
3267 759 3376 812 dies
3431 758 3695 811 moderati
3721 771 3761 811 et

2209 831 2581 884 mansuetiores
2609 830 2794 898 e/ferti.
2826 839 2930 883 etc.
2960 829 3080 883 llazc
3103 831 3170 882 de
3199 840 3354 882 terra:
3384 829 3652 890 motibus,
3679 831 3759 894 qui

2211 910 2337 954 ante
2371 901 2855 968 Quadragesimam
2887 902 3013 953 anni
3044 900 3147 954 387
3169 898 3278 967 jam
3317 899 3640 967 frequentes
3685 914 3763 952 ar-

2211 972 2470 1024 ciderant.
2503 971 2635 1023 Aliis
2687 971 2810 1024 item
2847 971 3299 1040 subseqm-ntibus
3327 972 3490 1024 annis
3552 971 3765 1022 crebros

2212 1043 2404 1094 iterum
2453 1041 2714 1094 accidisse
2750 1058 2851 1093 non
2897 1041 3118 1094 dubium
3169 1042 3399 1095 videtur.
3443 1043 3502 1092 In
3537 1040 3760 1109 quadam

2214 1111 2356 1163 enim
2386 1111 2626 1173 homilia,
2667 1126 2694 1163 a
2725 1111 3051 1164 Combelisio
3099 1113 3262 1174 edita,
3318 1112 3383 1163 de
3443 1110 3556 1162 alio
3615 1123 3760 1162 terra:

2215 1190 2388 1236 motu.
2410 1182 2502 1248 qui
2531 1181 2695 1234 biduo
2729 1183 2912 1233 urbem
2965 1183 3381 1247 subagitaverat,
3419 1182 3598 1233 multa
3636 1195 3762 1247 pra:-

2213 1252 2358 1304 clare
2389 1251 2646 1316 loquitur,
2680 1267 2743 1305 ac
2772 1251 3082 1318 frequentes
3107 1252 3348 1305 accidere
3383 1262 3551 1304 terra:
3598 1260 3763 1301 motus

2213 1320 2418 1391 indicat
2449 1319 2786 1391 ltisgverb'ts:
2831 1319 2996 1375 Εἶπον
3057 1323 3147 1374 καὶ
3196 1321 3322 1391 χθὲς
3351 1321 3435 1372 ὅτι
3464 1318 3529 1372 οὗ
3583 1318 3763 1391 piety)»;

2216 1389 2424 1460 καρπὸς
2475 1389 2579 1442 ἀπὸ
2626 1391 2733 1462 τῶν
2791 1393 3056 1462 σεισμῶν,
3109 1388 3380 1462 οἱέιὲιηιηιΔ
3415 1388 3594 1462 etiam
3632 1388 3761 1462 ﬁeri,

2214 1459 2317 1513 uoti
2369 1476 2586 1527 parvum
2643 1461 2872 1529 fructum
2913 1459 2990 1514 ἐπι
3027 1472 3178 1515 terrm
3234 1459 3460 1512 motibus
3522 1459 3762 1511 derivari.

2216 1529 2543 1584 Memoratur
2596 1541 2772 1582 autem
2833 1532 2886 1584 in
2933 1532 3202 1584 Chronico
3253 1529 3558 1583 Marcellini
3621 1538 3765 1581 teme

2222 1608 2400 1653 motus
2441 1601 2628 1667 ingens
2655 1601 2718 1652 ad
2753 1616 2951 1654 annum
2980 1601 3101 1659 594.
3139 1601 3230 1653 sed
3266 1600 3356 1668 qui
3385 1600 3601 1664 alique!
3657 1608 3767 1649 tan-

2219 1681 2332 1722 tum
2385 1668 2612 1736 Europa:
2663 1671 2908 1737 regiones
2945 1670 3232 1723 concussit.
3283 1670 3439 1722 Alius
3490 1668 3763 1737 eademin

2217 1739 2486 1792 Chronico
2514 1736 2804 1792 annotatur
2833 1749 2988 1792 terrm
3046 1750 3222 1793 motus
3276 1741 3340 1792 ad
3379 1754 3592 1792 annum
3651 1736 3764 1795 596,

2219 1810 2311 1877 qui
2350 1819 2520 1862 totum
2559 1811 2742 1863 orbem
2797 1809 3155 1863 commovisse
3212 1809 3400 1862 fertur.
3441 1807 3607 1861 llunc
3649 1820 3767 1858 vero

559 1993 3779 2024 ἐφῇ-Μ

672 2099 734 2140 tv
778 2094 1003 2138 reuna;
1049 2091 1299 2145 uorum,
1331 2091 1412 2133 ET
1453 2089 1519 2132 IN
1561 2086 1834 2131 mvrruu
1862 2086 1943 2130 er
1975 2085 2294 2144 LAZARUM,
2324 2087 2531 2141 noun
2574 2089 2744 2132 unus
2786 2090 3083 2136 seuvrrus
3127 2091 3292 2137 oun
3338 2093 3482 2138 ενι-Α
3531 2077 3651 2158 (a).

2121 2230 2204 2242 ’-

610 2355 656 2406 l.
697 2351 798 2403 (.‘ur
825 2361 971 2403 terrm
997 2359 1162 2401 motus
1190 2346 1298 2416 fieri
1337 2344 1586 2414 permittat
1616 2341 1774 2395 Deus.
1799 2370 1867 2382 -
1894 2339 2112 2394 Vidistis

535 2448 623 2502 Dei
655 2445 959 2516 potentiam,
987 2441 1190 2496 vidistis
1223 2439 1314 2494 Dci
1345 2436 1756 2508 benignitatem?
1786 2434 2072 2504 potentiam
2095 2471 2111 2500 ,

532 2539 672 2610 qttod
711 2538 894 2592 orbem
925 2547 1081 2592 terra:
1123 2531 1487 2595 concusserit;
1527 2528 1903 2599 benignitatem
1927 2569 1940 2592 ,
1973 2524 2112 2594 quod

531 2647 652 2685 cmn
677 2629 950 2684 cadentem
973 2625 1297 2680 firmaverit:
1322 2624 1428 2678 imo
1453 2637 1580 2676 vero
1599 2621 1651 2674 in
1681 2631 1902 2688 utroque
1925 2630 2112 2689 poten-

533 2722 656 2774 tiam
696 2729 749 2774 et
775 2717 1172 2788 benignitatem.
1219 2714 1348 2770 Nam
1393 2723 1448 2767 et
1486 2712 1838 2767 commovisse
1868 2708 2114 2778 potentiae

533 2811 630 2866 fuit
651 2853 666 2876 ,
703 2819 756 2864 et
785 2810 1151 2877 composuisse
1179 2805 1552 2875 benignitatis;
1582 2801 1720 2872 quod
1751 2812 1942 2855 terram
1971 2813 2115 2854 com-

533 2904 757 2958 moverit
795 2912 848 2957 et
879 2902 1166 2956 lirmavcrit
1189 2900 1371 2954 orbem
1402 2908 1557 2952 terra:
1578 2937 1592 2962 ,
1625 2893 1764 2964 quod
1799 2906 2113 2948 concussum

538 2997 829 3068 etjamjam
874 2996 1132 3050 ruiturum
1173 2992 1424 3048 erexerit.
1457 2990 1525 3043 At
1567 2987 1708 3042 enim
1752 2993 1906 3040 terrm
1943 2992 2116 3038 motus

538 3089 749 3158 quidem
781 3086 1037 3158 prteteriit
1060 3126 1075 3150 ,
1107 3093 1277 3137 metus
1300 3090 1477 3136 autem
1511 3087 1722 3134 maneat
1752 3094 1765 3131 :
1797 3075 2002 3131 transiit
2028 3073 2114 3128 illa

533 3187 853 3248 tempestas,
887 3174 981 3231 sed
1025 3176 1183 3229 timor
1223 3188 1326 3226 non
1373 3181 1607 3225 transeat
1649 3187 1662 3224 :
1711 3167 2118 3238 supplicationes

535 3271 704 3338 spatio
739 3269 896 3322 trium
936 3265 1142 3320 dierum
1189 3263 1416 3316 obiimus
1438 3302 1454 3328 ,
1485 3269 1847 3316 verumtamen
1885 3258 2117 3312 studium

536 3377 641 3415 non
672 3359 1060 3428 restinguamus
1092 3373 1105 3408 :
1133 3355 1202 3410 ob
1231 3355 1332 3409 boc
1356 3354 1496 3409 enim
1527 3362 1682 3408 terra:
1709 3361 1881 3404 motus
1905 3349 2116 3416 accidit,

538 3455 607 3508 ob
646 3461 878 3507 nostram
919 3449 1213 3505 socordiam
1254 3467 1268 3504 :
1309 3446 1559 3502 socordes
1599 3444 1832 3508 fuimus,
1873 3450 1927 3498 et
1965 3453 2118 3497 terra;

536 3557 738 3601 motum
777 3543 1194 3606 accersivimus;
1236 3540 1467 3595 studium
1510 3554 1574 3594 ac
1599 3537 1922 3607 diligentiam
1965 3534 2118 3590 adhi-

538 3638 768 3704 lmimus,
787 3645 840 3691 et
862 3637 991 3689 iram
1015 3634 1340 3703 repulimus;
1365 3647 1432 3686 ne
1453 3630 1702 3686 socordes
1725 3631 1914 3685 iterum
1933 3629 2119 3694 simus,

539 3740 595 3785 ut
625 3731 755 3784 iram
782 3744 844 3784 ac
881 3727 1198 3797 supplicium
1242 3725 1430 3780 iterum
1467 3739 1572 3779 non
1613 3738 1976 3780 accersamus.
2002 3721 2118 3778 Non

541 3822 681 3875 enim
712 3831 935 3875 mortem
963 3817 1257 3890 peccatoris
1278 3817 1386 3870 vult
1408 3816 1568 3882 Deus,
1589 3816 1725 3870 sicut
1744 3831 1862 3870 eum
1886 3813 2118 3870 converti

539 3928 604 3968 ac
629 3913 803 3967 vivere
832 3909 1050 3982 (Exerit.
1081 3911 1168 3966 '55.
1201 3910 1260 3964 ll
1279 3910 1320 3980 ).
1348 3907 1564 3962 Vidistis
1590 3922 1747 3977 quam
1776 3906 1958 3976 fragile
1981 3906 2049 3960 sit
2068 3911 2122 3960 et

541 4005 797 4060 caducum
824 4018 992 4073 genus
1026 4000 1351 4056 humanum?
1391 4000 1521 4054 Cum
1551 3999 1697 4054 lieret
1727 4007 1879 4053 terra:
1907 4006 2078 4051 motus
2101 4035 2119 4061 ,

544 4098 621 4152 sic
663 4111 761 4166 ego
798 4095 936 4164 apud
980 4110 1066 4149 me
1107 4093 1399 4164 cogitabam
1432 4111 1446 4146 :
1480 4093 1565 4148 ubi
1605 4107 1745 4147 nunc
1777 4091 2007 4161 rupium?
2033 4090 2121 4146 ubi

545 4187 945 4242 fraudationcs?
991 4186 1078 4239 ubi
1124 4185 1342 4255 imperia
1388 4184 1624 4252 injusta?
1665 4183 1751 4237 ubi
1793 4181 1992 4236 fastus?
2032 4181 2118 4234 ubi

545 4277 908 4349 principatus?
933 4276 1019 4330 ubi
1040 4275 1445 4346 oppressiones?
1475 4275 1561 4328 ubi
1589 4273 1902 4343 spoliatores
1927 4287 2121 4342 egeno-

545 4370 704 4426 rum?
753 4369 840 4424 ubi
879 4369 1096 4423 divitum
1138 4366 1362 4438 superba
1414 4365 1660 4421 fastidia?
1699 4365 1784 4419 ubi
1825 4364 2117 4434 principum

548 4461 806 4532 imperia?
831 4461 914 4514 ubi
943 4459 1135 4514 mittar?
1157 4459 1242 4514 ubi
1265 4457 1517 4513 timores?
1542 4456 1713 4514 Unum
1736 4457 1988 4527 temporis
2003 4473 2118 4510 tno-

553 4563 790 4609 mentum
815 4553 1016 4608 facilius
1031 4567 1187 4623 quam
1205 4565 1512 4606 aranearum
1538 4551 1667 4605 telas
1691 4548 1866 4604 omnia
1886 4548 2117 4619 diripuit,

545 4647 723 4700 omnia
768 4645 1028 4700 destruxit
1071 4661 1084 4697 :
1128 4653 1184 4700 et
1227 4643 1537 4698 audiebatur
1579 4638 1806 4697 civitatis
1855 4642 2116 4713 ejulatus,

545 4751 835 4805 comesque
863 4735 927 4789 ad
958 4735 1247 4790 Ecclesiam
1276 4734 1574 4790 currebant.
1611 4734 1849 4805 Cogitate
1868 4777 1882 4801 ,
1907 4733 1954 4790 si
1985 4753 2119 4791 cuo-

544 4835 628 4882 cta
658 4825 998 4897 pessumdare
1043 4826 1152 4880 Deo
1185 4827 1354 4880 visum
1397 4836 1579 4891 esset,
1617 4827 1746 4897 quid
1785 4827 2113 4884 fecissemus.

548 4920 672 4974 llzec
696 4929 870 4974 autem
893 4918 1031 4984 dico,
1059 4929 1116 4972 ut
1141 4933 1344 4982 eorum,
1369 4933 1487 4986 qua:
1510 4917 1838 4986 acciderunt,
1862 4932 2119 4990 perpetuo

544 5013 718 5080 vigeat
754 5015 806 5064 in
838 5010 985 5064 vobis
1028 5020 1237 5074 metus,
1275 5009 1620 5079 omniumque
1658 5021 1888 5069 mentem
1932 5027 2116 5068 corro-

545 5103 718 5156 boret.
744 5098 1039 5164 Concussit,
1071 5110 1124 5155 at
1151 5115 1255 5156 non
1282 5101 1583 5170 prostravit.
1624 5102 1679 5158 Si
1713 5103 1855 5159 enim
1883 5115 2117 5174 proster-

546 5210 675 5249 nere
712 5195 1004 5258 voluisset,
1037 5195 1253 5249 minimc
1294 5193 1531 5265 profecto
1569 5199 1921 5252 concussisset
1962 5211 1976 5248 :
2024 5195 2117 5251 sed

546 5293 795 5360 quoniam
826 5291 875 5345 id
919 5291 1159 5356 nolebat,
1190 5290 1460 5359 praecessit
1489 5301 1734 5362 tanquam
1764 5305 1937 5362 prteco
1963 5299 2116 5346 teme

550 5389 746 5447 motus,
778 5382 908 5436 iram
944 5383 1032 5437 Dei
1063 5382 1306 5436 omnibtts
1332 5391 1454 5437 ante
1481 5381 1814 5448 denuntians,
1847 5391 1904 5437 ut
1929 5383 2118 5439 timore

549 5472 799 5528 meliores
821 5473 991 5529 effecti
1013 5514 1028 5540 ,
1052 5473 1364 5544 suppliciunt
1393 5474 1564 5545 reipsa
1593 5473 1918 5530 inferendum
1947 5477 2114 5546 repel-

613 5628 687 5690 (a)
705 5625 890 5693 collata
912 5626 1153 5693 cumcod.
1196 5625 1416 5676 Vaticano
1441 5626 1554 5693 57L,
1591 5634 1642 5677 et
1661 5627 1972 5693 Ottobouiano
1993 5643 2114 5693 quo-

548 5688 854 5755 dam'aliquot
875 5689 921 5737 iu
945 5688 1075 5755 locis,
1101 5691 1442 5755 itemquecutu
1463 5689 1570 5736 cod.
1601 5695 1714 5752 Reg.
1738 5690 1879 5751 “2343,
1901 5691 1961 5741 ad
1979 5688 2117 5755 cujus

549 5750 698 5802 fidem
719 5749 818 5802 haec
837 5751 1024 5801 bomilia
1045 5749 1247 5814 primum
1268 5749 1396 5798 edita
1420 5749 1593 5800 fuerat.

2221 2340 2412 2394 lamus.
2438 2341 2510 2394 ita
2537 2355 2746 2411 quoque
2770 2359 2888 2398 cum
2919 2344 3156 2399 barbaris
3177 2346 3282 2413 egit
3307 2363 3320 2400 :
3347 2348 3527 2401 Adhuc
3559 2359 3665 2403 tres
3678 2353 3788 2412 dies,

2219 2441 2265 2485 et
2288 2425 2479 2484 Ninive
2490 2435 2792 2490 subvertetur
2833 2434 2978 2504 (Jan.
3015 2437 3068 2494 3.
3093 2441 3176 2508 4).
3201 2439 3375 2508 Quare
3395 2457 3525 2495 vero
3548 2459 3658 2498 non
3678 2445 3788 2498 sub-

2222 2523 2424 2577 vertis?
2446 2524 2660 2580 Minaris
2684 2536 2732 2580 te
2750 2527 3155 2595 subversurum;
3181 2536 3306 2599 qttin
3325 2531 3482 2600 igitur
3494 2534 3789 2589 subvenis!

2218 2612 2348 2679 Quia
2377 2614 2500 2669 nolo
2527 2617 2836 2674 subvertere
2856 2659 2872 2683 ,
2902 2618 3099 2675 idcirco
3127 2621 3320 2677 minor.
3341 2617 3453 2677 Cur
3477 2639 3613 2694 ergo
3635 2625 3790 2679 dicis?

2217 2705 2294 2762 Ne
2321 2705 2511 2763 faciam
2540 2725 2603 2766 ea
2623 2753 2638 2777 ,
2667 2727 2786 2782 qua:
2812 2712 2933 2768 dico
2973 2729 2987 2766 :
3036 2713 3297 2783 praecedat
3338 2730 3551 2780 sermo,
3588 2728 3647 2772 et
3672 2733 3791 2787 opta

2221 2796 2564 2869 impediatur:
2586 2803 2764 2858 Adhuc
2785 2814 2881 2858 tres
2901 2806 3026 2872 dies,
3044 2817 3090 2860 et
3113 2807 3293 2862 Nitriae
3319 2809 3654 2864 subvertant.
3670 2811 3792 2866 Tu

2220 2893 2471 2963 temporis
2491 2893 2696 2950 dicebat
2719 2896 2969 2966 prepbeta
2995 2914 3007 2949 :
3035 2897 3189 2953 ltodie
3209 2899 3341 2953 muri
3355 2915 3540 2955 vocem
3559 2903 3792 2957 mittunt.

2221 2983 2345 3040 Haec
2369 3001 2496 3040 vero
2520 2986 2638 3043 dico
2655 3029 2670 3052 ,
2698 3003 2869 3058 neque
2895 2989 3074 3045 dicere
3113 2989 3360 3046 desistam
3379 3031 3394 3057 ,
3420 3008 3542 3046 cum
3573 2995 3644 3048 ad
3671 3011 3795 3065 [uno

2221 3092 2373 3146 peres
2399 3086 2510 3133 tum
2535 3078 2602 3132 ad
2640 3079 2827 3134 divites
2858 3096 2870 3134 :
2900 3081 3125 3152 cogitate
3165 3094 3355 3152 quanta
3386 3083 3475 3136 Dei
3502 3086 3576 3140 sit
3604 3086 3683 3140 ira
3704 3129 3721 3150 ,
3751 3097 3794 3141 et

2221 3183 2324 3238 quo
2350 3177 2503 3238 pacto
2532 3169 2702 3224 facilia
2727 3171 2834 3226 sint
2863 3171 2936 3226 illi
2964 3182 3151 3227 cuncta
3175 3183 3230 3228 et
3257 3176 3524 3244 proclivia,
3557 3178 3795 3233 tandem-

2221 3274 2324 3330 que
2355 3260 2424 3314 ab
2462 3260 2797 3330 improbitate
2833 3261 3152 3318 desistamus
3199 3282 3212 3318 :
3261 3267 3498 3335 perbrevi
3542 3271 3794 3338 temporis

2221 3362 2492 3408 momento
2507 3365 2736 3410 mentem
2755 3357 2771 3387 ⁸
2783 3355 3121 3427 animumque
3133 3357 3536 3429 uniuscujusque
3555 3371 3794 3416 nostrum

2221 3445 2450 3518 infregit,
2483 3457 2535 3503 et
2562 3449 2735 3503 cordis
2765 3447 3103 3506 fundamenta
3128 3449 3411 3505 concussit.

2294 3536 2421 3594 Dies
2456 3540 2639 3610 judieii
2676 3555 2826 3610 quam
2867 3540 3169 3595 tremendus.
3191 3570 3260 3580 —
3296 3539 3531 3610 Cogitate
3577 3542 3668 3596 die
3711 3544 3794 3596 ille

2224 3633 2518 3698 tremendo,
2549 3649 2668 3688 cum
2704 3648 2806 3688 non
2846 3649 3006 3688 unum
3038 3634 3290 3702 temporis
3317 3645 3649 3689 momentum
3672 3637 3790 3698 erit,

2223 3722 2318 3779 sed
2357 3723 2555 3778 infinita
2592 3723 2802 3789 smcula,
2837 3732 2892 3779 et
2931 3723 3065 3794 ignis
3104 3723 3268 3786 fluvii,
3297 3739 3358 3778 ac
3398 3726 3640 3780 minaces
3683 3728 3790 3784 ir:r.

2223 3822 2382 3882 atque
2409 3813 2474 3868 ad
2501 3813 2755 3882 judicium
2783 3814 3150 3883 pertrahentes
3176 3816 3391 3870 virtutes
3410 3857 3425 3880 ,
3459 3817 3790 3871 tremendum

2226 3903 2473 3967 tribunal,
2495 3903 2749 3973 judicium
2778 3905 3158 3973 incorruptum,
3189 3915 3242 3961 et
3274 3921 3390 3974 qua:
3427 3908 3596 3976 gessit
3631 3923 3790 3961 unus-

2224 3998 2445 4067 quisque
2484 3997 2834 4051 versabuntur
2873 3998 2941 4052 ob
2986 3997 3189 4061 oculos,
3235 4013 3334 4052 nec
3378 3998 3516 4051 ullus
3557 4001 3666 4054 erit
3705 4001 3788 4068 qui

2225 4096 2525 4152 succurrat,
2560 4104 2664 4142 non
2691 4091 2911 4153 vicinus,
2941 4104 3043 4144 non
3073 4099 3282 4154 orator,
3315 4105 3417 4145 non
3444 4092 3785 4161 propinquus,

2226 4197 2332 4234 non
2371 4179 2550 4244 frater,
2594 4197 2696 4234 non
2737 4191 2904 4251 pater,
2942 4197 3045 4236 non
3084 4193 3270 4245 mater,
3312 4197 3414 4236 non
3459 4185 3786 4252 peregrinus,

2224 4289 2328 4328 non
2350 4275 2482 4329 alius
2503 4273 2656 4341 ullus,
2680 4274 2802 4345 quid
2830 4283 2936 4328 tum
2964 4289 3143 4345 quaeso
3169 4273 3459 4329 faciemus?
3489 4275 3688 4330 Metutn
3716 4277 3788 4329 in-

2226 4363 2358 4430 fero,
2389 4374 2445 4419 ut
2472 4365 2693 4420 salutem
2721 4365 2985 4435 perﬁciam
3016 4383 3031 4421 :
3059 4365 3347 4421 doctrinam
3379 4365 3523 4422 ferro
3544 4378 3757 4437 penem

2225 4455 2465 4510 biliorem
2513 4457 2795 4512 fabricatus
2839 4473 2992 4524 sum,
3041 4467 3098 4512 ut
3147 4469 3376 4513 vestrum
3419 4460 3671 4529 quisque,
3710 4460 3786 4514 cui

2224 4547 2382 4603 fuerit
2410 4548 2576 4614 ulcus,
2605 4547 2730 4602 illud
2755 4547 2987 4617 abjiciat.
3018 4547 3203 4603 Nonne
3231 4563 3438 4618 semper
3467 4549 3712 4604 dicebam
3739 4560 3787 4604 et

2225 4654 2364 4694 nunc
2387 4639 2524 4701 dico,
2548 4647 2601 4693 et
2625 4639 2801 4694 dicere
2827 4655 2930 4694 non
2955 4640 3202 4694 desistam
3233 4657 3245 4693 :
3276 4654 3553 4713 quousque
3576 4643 3784 4697 tandem

2225 4733 2384 4787 rebus
2408 4731 2584 4787 saeculi
2615 4731 2768 4802 bujus
2795 4731 2937 4787 afﬁxi
2965 4733 3132 4788 estis?
3155 4733 3234 4788 Ad
3261 4749 3445 4789 omnes
3470 4735 3691 4805 quidem
3717 4747 3788 4790 est

2223 4824 2353 4878 mihi
2377 4838 2574 4880 sermo.
2592 4823 2684 4879 sed
2706 4824 2770 4878 ad
2791 4839 2884 4879 eos
2905 4826 3184 4894 prtecipue,
3204 4826 3291 4896 qui
3314 4827 3501 4881 morbo
3531 4828 3786 4889 laborant,

2223 4933 2322 4973 nec
2341 4919 2406 4973 ad
2433 4933 2494 4974 ea
2517 4934 2633 4988 qua:
2648 4917 2910 4985 dicuntur,
2941 4917 3231 4973 attendunt.
3263 4919 3373 4974 lmo
3397 4934 3526 4976 vero
3555 4923 3789 4991 perutilis

2222 5020 2306 5065 est
2333 5011 2539 5080 utrique
2567 5025 2742 5065 sermo
2773 5027 2786 5062 :
2817 5010 2888 5064 illi
2914 5011 3124 5079 quidem
3154 5011 3242 5080 qui
3268 5011 3451 5064 morbo
3479 5012 3714 5076 laborat,
3743 5024 3791 5065 ut

2221 5102 2498 5159 sanitatem
2525 5113 2801 5172 recuperet
2833 5120 2846 5155 :
2876 5104 2925 5159 ei
2953 5118 3079 5158 vero
3102 5105 3188 5172 qui
3217 5118 3375 5158 sonus
3393 5114 3493 5165 est,
3516 5122 3583 5160 ne
3605 5108 3790 5161 morbo

2223 5196 2443 5251 laboret.
2460 5196 2739 5266 Quousque
2757 5196 2963 5250 tandem
2982 5196 3252 5266 pecunize?
3270 5211 3543 5265 quousque
3559 5198 3788 5251 divitis?

2222 5271 2494 5361 quousque
2505 5289 2846 5344 aediﬁciorum
2862 5287 3274 5358 magniﬁcentia?
3289 5303 3566 5357 quousque
3579 5289 3790 5343 rabidus

2222 5397 2405 5438 eorum
2431 5381 2594 5446 furor,
2621 5380 2709 5451 qui
2734 5381 2888 5435 bruto
2902 5382 3222 5450 voluptatum
3251 5381 3418 5433 amori
3442 5381 3608 5436 dediti
3643 5383 3789 5436 sunt?

2223 5476 2360 5532 Ecce
2383 5475 2526 5531 venit
2553 5483 2706 5529 terra:
2734 5483 2935 5528 motus:
2953 5472 3075 5543 quid
3100 5473 3406 5542 profuerunt
3427 5473 3593 5541 opes?
3620 5471 3788 5526 Labor

2286 5633 2303 5664 ι
2321 5631 2505 5699 _\~'atic.,
2526 5641 2627 5699 cor.
2658 5627 2800 5678 Paulo
2835 5635 2952 5699 post
2986 5633 3112 5678 idem
3131 5662 3146 5686 ,
3183 5634 3229 5678 et
3253 5627 3582 5699 fundaruenta
3627 5634 3790 5699 ntegra...

2222 5692 2365 5743 Paulo
2387 5684 2500 5755 post
2525 5692 2689 5753 \'atic.,
2713 5684 2859 5753 Quod'
2881 5703 2972 5742 non
3007 5684 3207 5754 parvum
3231 5684 3503 5749 discrimen,
3546 5691 3638 5741 sed
3658 5684 3792 5746 ﬂuit

2223 5755 2344 5820 ignis
2367 5754 2664 5817 crepitant“.
