3884 6260
74 370 222 424 1027

1084 367 1169 421 DE
1210 367 1484 422 [ΑΖΗζο
1523 365 1769 423 CONCIO
1809 366 1893 421 γι.
1931 395 1999 405 ——
2028 361 2361 419 MONITUM.

3208 361 3344 418 1028

901 503 1153 518 ——~_-_
1176 512 1240 518 ,μ
1252 508 1785 518 -.ο-.-.Μ-η--ο-μκ

1520 581 1899 643 MONITUM

110 712 429 756 ostremum
477 709 633 770 putat
676 700 1026 756 Hertnantius
1083 702 1359 755 linmiliam
1416 701 1552 757 lianc
1596 702 1665 757 de

101 788 302 825 .azaro
362 772 748 840 prmcessisse:
805 774 935 840 quia
1002 772 1251 825 vidulici-t
1329 772 1485 826 initio
1535 772 1667 826 dicit

72 844 539 911 tilirysnstomus,
571 840 782 905 ἐτίναξε
815 842 913 911 τὴν
932 843 1276 911 οἰκουμένην,
1308 842 1481 895 orbem
1510 852 1666 895 teme

72 909 376 964 concussit.
406 909 460 965 Si
491 925 671 966 autem
692 913 806 965 haec
829 909 939 965 sint
968 912 1034 964 ad
1064 909 1301 965 litteram
1328 912 1663 980 accipienda,

73 983 142 1035 ad
184 983 346 1035 illum
404 982 762 1035 universalem
820 991 976 1035 terra:
1032 991 1239 1035 motum
1302 996 1408 1035 non
1476 982 1666 1036 incon-

74 1065 351 1119 gruvnter
401 1050 728 1105 referantur.
788 1052 855 1104 At
916 1051 1388 1122 Chrysoswmus,
1443 1053 1666 1121 quando

75 1122 314 1175 vixdum
345 1130 503 1175 terra:
538 1131 717 1175 motus
765 1131 1092 1191 cessaverat.
1146 1130 1205 1174 ut
1235 1138 1299 1175 ex
1351 1123 1512 1177 dictis
1545 1122 1666 1191 ejus

79 1192 299 1245 inferre
341 1192 485 1253 licet,
521 1190 661 1245 hanc
690 1190 1009 1245 concionem
1050 1191 1275 1245 habuit:
1311 1200 1363 1245 et
1389 1190 1666 1261 quomodo

76 1263 232 1316 scire
273 1271 506 1329 poterat,
534 1277 603 1313 ne
645 1262 822 1315 dicam
855 1276 923 1314 an
956 1271 1126 1314 totum
1172 1262 1382 1323 orbein,
1432 1279 1500 1316 an
1534 1262 1665 1315 viri-

81 1347 188 1386 nas
249 1333 444 1385 saltem
505 1330 757 1399 regiones
810 1331 1182 1385 concussisset
1236 1342 1393 1386 terrae
1444 1333 1667 1387 motus?

78 1402 238 1455 Sane
270 1417 391 1455 cum
428 1401 560 1455 dicit
590 1402 782 1469 bistu
814 1401 1007 1468 repetit
1064 1403 1251 1455 orbem
1304 1411 1463 1456 terra:
1515 1418 1666 1457 com-

82 1483 307 1526 motum
337 1485 481 1533 esse,
517 1472 766 1525 oratorio
794 1471 1037 1539 loquitur
1076 1486 1245 1535 more,
1278 1481 1442 1540 atque
1486 1474 1667 1527 verbis

74 1556 144 1593 ex
171 1541 466 1611 Scriptura
487 1554 639 1595 sacra
658 1541 925 1609 decerptis
947 1542 1134 1595 utitur.
1154 1540 1518 1606 Quamobrem
1541 1558 1666 1596 cum

78 1621 196 1663 tam
232 1610 549 1680 frequentes
573 1620 754 1665 essent
780 1611 1083 1665 Antiochiae
1117 1620 1273 1666 terra;
1302 1624 1501 1675 motus,
1533 1628 1668 1666 non-

76 1681 187 1733 nisi
218 1681 517 1735 divinando
553 1696 847 1749 possumus
876 1680 943 1734 ad
979 1682 1213 1750 aliquem
1243 1694 1666 1735 memorator-um

76 1750 564 1819 huiuS'conciouis
594 1760 804 1819 tempus
839 1764 1116 1805 revocare.
1152 1751 1313 1805 Certe
1338 1760 1413 1805 ait
1440 1750 1668 1806 Cosmas

78 1818 406 1891 1E3yptiu5,
439 1835 495 1891 p.
526 1820 652 1883 121,
681 1818 1029 1876 Antiochiam
1086 1820 1465 1892 frequentibus
1512 1832 1668 1876 terrae

1770 701 2008 756 motibus
2036 715 2356 756 succussam
2381 741 2397 765 ,
2432 700 2501 755 iis
2551 699 2843 763 aliquando
2891 712 3191 752 corruisse.
3247 698 3344 755 His

1771 773 2068 841 perspectis
2097 781 2323 827 eatenus
2368 779 2578 824 tantum
2624 769 2921 823 llerinantii
2955 769 3163 823 calculo
3192 779 3344 841 stant

1769 838 2240 901 domicenScmus,
2274 849 2546 910 quatenus
2591 857 2695 910 non
2734 849 3028 907 repugnat,
3062 855 3207 892 anno
3235 838 3341 891 596

1770 912 2107 965 huncterrze
2162 920 2369 964 motum
2403 909 2745 976 contigisse:
2804 924 2990 960 verum
3056 918 3114 960 ut
3169 910 3347 976 potuit

1770 981 1864 1035 illo
1893 996 2060 1043 anno,
2087 982 2262 1049 p0tuit
2285 989 2339 1033 ct
2376 981 2519 1041 aliis,
2558 980 2611 1033 iu
2647 980 2777 1032 urbe
2814 990 2923 1031 tam
2956 978 3163 1032 crebris
3191 979 3345 1047 quati

1770 1051 2013 1104 motibus
2040 1048 2278 1105 assueta.
2309 1049 2422 1105 Hoc
2448 1066 2616 1103 unum
2641 1058 2793 1103 certo
2824 1048 3004 1103 dicere
3026 1063 3346 1116 possumus,

1771 1124 1917 1174 hunc
1948 1122 2013 1174 de
2046 1120 2253 1174 Lazaro
2293 1135 2626 1176 sermonem.
2666 1121 2769 1173 etsi
2814 1134 2920 1171 non
2974 1118 3159 1171 eadem
3220 1134 3346 1172 cunt

1768 1200 2010 1259 quatuor
2061 1191 2337 1259 prioribus
2388 1192 2531 1244 serie
2562 1190 2781 1244 habitus
2842 1188 3013 1241 fuisse
3078 1187 3345 1259 videatur.

1770 1256 1895 1330 post
1918 1256 2192 1330 modicum
2218 1263 2287 1314 ab
2318 1261 2423 1314 illis
2456 1269 2671 1328 tempus
2697 1259 3114 1330 pronuntiatum
3141 1256 3344 1330 fuisse:

1768 1328 2207 1401 quandoquidem
2265 1346 2495 1401 nurnero
2540 1330 2573 1382 4
2604 1332 2680 1383 ait
2711 1329 3138 1399 Chrysostomus
3162 1329 3348 1401 _assi-

1768 1398 1931 1455 duam
1966 1398 2280 1454 sei'inonuni
2311 1401 2377 1453 de
2409 1399 2615 1454 LaLaro
2644 1398 3025 1453 tractationem
3070 1398 3349 1453 auditores

1768 1485 1901 1527 suos
1933 1474 2034 1527 hac
2070 1473 2121 1525 in
2154 1486 2212 1524 rc
2265 1471 2459 1525 fecisse
2487 1473 2759 1535 doctores,
2790 1471 3146 1534 διδασκάλους
3204 1471 3350 1540 ὑμᾶς

1768 1543 2066 1612 εἰργάσατο
2118 1543 2151 1612 ή
2182 1540 2411 1612 συνεχὴς
2437 1542 2545 1595 τῶν
2590 1542 2763 1612 λόγων
2792 1542 3117 1604 ἀπόλαυσις.

1841 1610 2220 1681 luterpretatio
2251 1611 2445 1665 Latina
2476 1621 2559 1665 cst
2588 1610 2880 1667 Frontonis
2926 1612 3125 1671 Duc-.ei.
3160 1627 3221 1665 ea
3254 1626 3349 1665 ex-

1768 1694 1918 1747 cepta
1953 1683 2157 1750 ingenti
2190 1691 2362 1750 parte,
2395 1696 2561 1751 quam
2590 1697 2735 1736 nunc
2767 1684 3002 1751 primum
3034 1684 3251 1736 edimus
3293 1692 3349 1736 ct

1770 1751 1964 1809 Latine
1991 1752 2383 1807 convertimus.

2920 2072 3322 2085 —--————-—_

247 2197 354 2261 Eu;
384 2193 493 2247 τὸν
522 2190 781 2261 σεισμὸν
811 2188 912 2243 καὶ
942 2189 1030 2256 εις
1056 2187 1163 2244 τὸν
1185 2188 1494 2243 Πλούσιον
1537 2186 1636 2241 καὶ
1672 2187 1761 2254 εἰς
1791 2186 1899 2242 τὸν
1927 2188 2216 2260 Λάζαρον,
2236 2189 2539 2246 καιπόθσν
2557 2191 2597 2260 ή
2615 2190 2866 2248 δουλεία
2882 2192 3122 2263 ἐγένετο
3140 2206 3192 2249 ι.

151 2448 226 2495 α’.
248 2438 433 2491 Εῐδετε
460 2434 595 2490 Θεοῦ
610 2434 861 2504 δύναμιν,
879 2431 1050 2487 εἴδετε
1067 2430 1201 2486 Θεοῦ
1214 2430 1628 2503 φιλανθρωπίαν
1650 2452 1665 2503 ;

73 2525 337 2593 δύναμιν,
372 2523 453 2573 ὅτι
478 2518 689 2582 ἐτίναξε
711 2516 811 2587 τὴν
842 2516 1169 2588 οἰκουμένην
1190 2533 1203 2546 °
1231 2515 1665 2588 φιλανθρωπίαν,

73 2608 159 2661 ὅτι
198 2605 507 2659 πίπτουσαν
538 2600 704 2670 αὐτὴν
725 2599 917 2668 ἔστησε
937 2615 950 2629 ·
996 2598 1198 2669 μᾶλλον
1235 2599 1293 2652 δὲ
1324 2600 1383 2651 ἐν
1420 2600 1668 2673 ἐκατέρῳ

75 2692 175 2744 καὶ
197 2688 430 2757 δύναμιν
459 2685 553 2739 καὶ
582 2681 1014 2755 φιλανθρωπίαν.
1046 2682 1074 2723 ι)
1107 2681 1219 2735 Καὶ
1248 2681 1357 2753 γὰρ
1395 2682 1456 2734 τὸ
1490 2686 1667 2738 σεῖσαι

77 2772 240 2847 [77⁸5]
271 2770 569 2840 δυνάμεως,
604 2769 701 2821 καὶ
737 2768 799 2819 τὸ
846 2767 1045 2837 στῆσαι
1094 2765 1511 2836 φιλανθρωπίας
1534 2782 1548 2797 ο
1584 2768 1668 2822 ὅτι

74 2859 265 2910 ἔσεισε
300 2853 397 2923 τὴν
426 2854 528 2922 γῆν
554 2852 649 2904 κα)⁵
673 2849 922 2921 ἐστήριξε
948 2850 1047 2920 τὴν
1074 2848 1426 2918 οἰκουμένην,
1463 2849 1544 2901 ὅτι
1581 2866 1668 2905 σα-

74 2938 386 3009 λευομένην
436 2934 531 2988 καὶ
572 2934 870 3003 μέλλουσαν
922 2932 1093 3002 αὐτὴν
1142 2932 1363 2984 πίπτειν
1422 2932 1665 3003 ἤγειρεν.

74 3023 228 3077 Ἀλλ’
256 3023 288 3073 6
326 3018 425 3089 μὲν
458 3016 681 3087 σεισμὸς
720 3013 1018 3087 παρῆλθεν,
1052 3016 1081 3067 6
1116 3013 1173 3066 δὲ
1221 3013 1387 3082 φόϐος
1418 3014 1628 3084 μενέτω
1650 3029 1664 3044 ο

73 3111 105 3161 6
144 3105 315 3166 σάλος
344 3103 548 3164 ἐκεῖνος
569 3099 941 3170 παρέδραμεν,
971 3099 1005 3167 ἡ
1033 3096 1365 3151 δὲεὺλάϐεια
1397 3097 1472 3170 μὴ
1499 3115 1670 3170 παρα-

73 3188 372 3263 δραμέτω.
414 3182 839 3251 ἐλιτανεύσαμεν
855 3181 1005 3263 τρεῖς
1031 3179 1266 3263 ἡμέρας,
1287 3178 1425 3233 ἀλλὰ
1460 3181 1535 3251 μὴ
1571 3197 1670 3235 κα.

74 3261 411 3338 ταλύσωμεν
441 3268 538 3337 τὴν
574 3264 831 3335 σπουδήν.
861 3261 959 3315 Διὰ
1005 3263 1115 3333 γὰρ
1143 3261 1302 3315 τοῦτο
1356 3265 1386 3316 6
1419 3264 1665 3333 σεισμὸς,

75 3358 169 3410 διὰ
203 3355 309 3423 τὴν
354 3348 624 3422 ρᾳθυμίαν
678 3348 778 3417 τὴν
812 3344 1121 3416 ἡμετέραν·
1172 3345 1667 3417 ἐρῤᾳθυμήσαμεν,

78 3442 177 3493 καὶ
199 3434 545 3503 ἐκαλέσαμεν
566 3430 658 3483 τὸν
681 3428 906 3497 σεισμόν
925 3445 939 3458 ·
964 3427 1381 3499 ἐσπουδάσαμεν
1398 3468 1412 3492 ,
1442 3429 1535 3483 καὶ
1570 3432 1671 3484 ἀπ-

77 3515 475 3592 εκρουσάμεθα
493 3513 592 3585 τὴν
612 3513 783 3585 ὀργήν
804 3528 818 3543 ·
841 3511 917 3582 μὴ
942 3510 1107 3565 πάλιν
1129 3510 1554 3583 ῥαθυμήσωμεν,
1580 3514 1670 3569 ἵνα

82 3606 163 3675 μὴ
204 3600 372 3655 πάλιν
399 3596 715 3667 καλέσωμεν
747 3594 846 3665 τὴν
875 3593 1043 3665 ὀργὴν
1088 3594 1183 3646 καὶ
1226 3594 1323 3662 τὴν
1374 3594 1665 3665 τιμωρίαν,

79 3688 157 3741 Οὐ
192 3681 307 3754 γὰρ
345 3680 592 3751 βούλεται
620 3680 649 3731 6
682 3678 815 3740 Θεὸς
836 3677 927 3730 τὸν
956 3676 1184 3730 θάνατον
1199 3675 1293 3729 τοῦ
1313 3677 1665 3747 ἀμαρτωλοῦ,

79 3771 159 3833 ὡς
193 3767 258 3820 τὸ
284 3762 611 3834 ἐπιστρέψαι
638 3760 732 3813 καὶ
762 3759 860 3830 ζῇν
882 3759 1067 3813 αὐτόν.
1101 3759 1285 3814 Είδετε
1310 3759 1373 3811 τὸ
1402 3760 1669 3833 ἐπίκηρον

77 3849 178 3905 τοῦ
206 3849 397 3919 γένους
425 3846 532 3899 τῶν
562 3842 902 3915 ἁνθρὼπων;
930 3841 1061 3894 ’Ὀτε
1097 3841 1127 3893 6
1167 3840 1389 3911 σεισμὸς
1434 3841 1669 3910 ἐγένετο,

80 3933 335 3987 ἐνενόουν
367 3931 421 3982 ἐν
456 3926 634 3997 ἐαυτῷ
655 3925 863 3993 λέγων’
908 3922 1018 3975 Ποῦ
1066 3924 1122 3977 αἱ
1160 3922 1412 3994 ἁρπαγαί
1432 3940 1446 3987 ;
1480 3922 1585 3977 ποῦ
1613 3925 1671 3978 αί

82 4014 433 4079 πλεονεξίαις
466 4010 568 4064 ποῦ
600 4009 657 4062 αἱ
682 4006 1027 4078 τυραννίδες;
1055 4006 1160 4058 ποῦ
1180 4007 1236 4058 αἱ
1254 4006 1541 4073 ἀπόνοιαι;
1567 4006 1671 4060 ποῦ

81 4100 139 4152 at
163 4098 504 4160 δυναστεῖαι;
538 4092 644 4146 ποῦ
679 4092 735 4144 αἱ
775 4090 1221 4158 καταπονήσεις;
1260 4089 1363 4142 ποῦ
1395 4091 1453 4143 αἱ
1482 4089 1675 4162 λεηλα-

83 4183 203 4235 σίαι
245 4179 356 4233 τῶν
402 4178 683 4247 πενήτων;
740 4173 843 4226 ποῦ
875 4173 931 4225 αἱ
965 4171 1333 4242 ὑπερηφανίαι
1360 4172 1467 4227 τῶν
1506 4174 1674 4227 πλου-

81 4265 363 4326 τούντων;
391 4260 494 4313 ποῦ
536 4258 645 4311 τῶν
676 4258 957 4329 ἀρχόντων
990 4257 1046 4308 αι
1098 4255 1444 4321 δυναστείαις
1479 4256 1582 4309 ποῦ
1616 4259 1673 4311 αἱ

81 4346 344 4407 ἁπειλαίς
370 4343 472 4397 ποῦ
500 4343 550 4395 οι
582 4341 737 4410 φόὸοι
759 4356 773 4403 ;
801 4339 917 4394 Μία
939 4337 1136 4409 καιροῦ
1155 4338 1295 4408 ῥοπὴ
1319 4339 1412 4391 καὶ
1430 4338 1677 4411 ἀράχνης

83 4428 476 4499 εὐτελέστερον
524 4426 703 4480 πάντα
755 4424 1015 4476 διεσπᾶτο
1040 4460 1055 4485 ,
1088 4422 1267 4474 πάντα
1299 4422 1486 4475 ἐκεῖνα
1535 4439 1677 4494 παρ·

84 4514 305 4575 ελύετο,
335 4511 429 4565 καὶ
458 4507 704 4572 κωκυτὸς
734 4507 941 4569 πόλεως
977 4501 1067 4577 ἦν,
1100 4505 1193 4557 καὶ
1231 4504 1432 4569 πάντες
1456 4506 1550 4559 ἐπὶ
1577 4506 1677 4575 τὴν

83 4596 391 4667 ἐκκλησίαν
423 4594 666 4664 ἔτρεχον.
702 4591 1045 4659 Ἐννοήσατε,
1070 4590 1119 4641 εί
1140 4588 1285 4652 ἔδοξε
1306 4587 1383 4658 τῷ
1409 4588 1527 4658 Θεῷ
1544 4590 1679 4644 πάν-

82 4701 160 4737 τα
190 4677 541 4746 κατενέγκαι,
568 4674 622 4728 τί
652 4672 715 4727 ἂν
746 4671 1040 4741 ἐπάθομεν.
1088 4669 1274 4724 Ταῦτα
1306 4669 1362 4723 δὲ
1394 4670 1559 4738 λέγω,
1592 4671 1678 4725 ἴνα

86 4761 339 4834 συνεχῶς
373 4758 597 4831 ἀκμάζῃ
630 4757 689 4809 ἐν
738 4756 867 4825 ὑμῖν
916 4756 945 4808 6
986 4753 1151 4824 φόϐος
1204 4754 1311 4807 τῶν
1342 4754 1675 4825 γενομένων,

87 4849 189 4903 καὶ
214 4846 316 4916 τὴν
340 4844 575 4897 διάνοιαν
602 4840 821 4895 πάντων
857 4837 1109 4910 στηρίζῃ.
1149 4838 1430 4900 Ἐσεισεν,
1463 4837 1580 4889 ἀλλ’
1615 4839 1677 4891 οὐ

88 4928 427 4985 κατέϐαλεν
462 4927 510 4980 εί
540 4926 647 4995 γὰρ
675 4921 925 4976 ἐϐούλετο
948 4920 1296 4985 καταϐαλεῖν,
1320 4921 1419 4973 οὐκ
1435 4920 1500 4973 ἂν
1532 4920 1673 4973 ἔσει-

90 5031 225 5067 σεν·
257 5012 392 5065 ἀλλά
429 5009 616 5071 ἐπειδὴ
651 5007 751 5059 οὐκ
782 5004 1061 5058 ἐϐούλετο,
1106 5003 1375 5075 προέλαϐε
1418 5004 1672 5076 καθάπερ

162 5200 191 5231 ἰ
213 5198 402 5248 Collata
442 5210 551 5246 cum
577 5196 684 5244 cod.
727 5194 962 5243 Vaticano
987 5192 1095 5250 574,
1122 5198 1173 5241 et
1197 5192 1525 5243 Ottoboniano
1558 5207 1683 5255 quo-

89 5266 211 5313 dam
232 5264 418 5321 aliquot
438 5262 486 5307 in
518 5262 654 5321 locis.
681 5259 903 5321 itemque
926 5269 1035 5321 cum
1059 5256 1167 5321 cod.
1192 5256 1314 5317 Reg.
1346 5256 1485 5314 2m,
1510 5258 1569 5305 ad
1595 5269 1684 5304 cu-

86 5329 172 5389 jus
194 5316 343 5389 (idem
366 5322 469 5389 bagc
488 5319 687 5389 bomilia
708 5316 1073 5389 primumtedita
1098 5316 1283 5375 fuerat;
1298 5321 1682 5389 quiqueingeo-

92 5377 203 5434 iam
252 5385 384 5431 illam
426 5382 576 5430 habet
610 5377 867 5428 lacunam.
914 5378 1131 5439 itemque
1172 5392 1280 5425 cum
1326 5377 1434 5425 cod.
1460 5377 1675 5427 Colbert.

92 5448 246 5504 2493,
271 5447 357 5505 qui
398 5442 593 5492 mendis
629 5448 788 5491 seatet
828 5442 1037 5505 ethunc
1062 5439 1446 5505 habet_titulum:
1469 5439 1551 5505 [Sig
1571 5440 1680 5505 τοῦς

92 5500 347 5568 σεισμοῦς,
367 5507 446 5568 καὶ
474 5506 536 5560 εἰς
556 5506 639 5568 τήν
656 5504 929 5568 παραϐολὴν
953 5500 1038 5549 τοῦ
1061 5502 1288 5568 πλουσίου
1314 5502 1401 5568 καὶ.
1415 5503 1499 5568 τοῦ
1522 5500 1682 5568 ᾼαζά-

95 5561 382 5682 ΰιῖιῖὶὲῃθ
408 5567 473 5615 ita
496 5564 663 5613 dure“
690 5561 748 5613 ab
771 5564 922 5622 edim,
949 5571 999 5611 υί
1024 5566 1317 5624 Ριετυωψιε
1340 5563 1435 5610 alia
1457 5561 1682 5609 videatur

204 5630 322 5678 tilia.

162 5690 196 5731 δ
224 5690 359 5739 linus
382 5690 474 5737 Καὶ
492 5689 580 5749 γὰρ
603 5688 683 5735 καὶ
704 5687 760 5733 τὸ
780 5687 936 5734 σεῖσαι
958 5684 1315 5749 φιλανθρωπίας,
1335 5685 1406 5732 ὁτι
1428 5684 1686 5749 ξσεισεᾼτήν

98 5753 403 5812 οἰκουμένην,
428 5746 511 5796 καί
549 5746 786 5812 έστήριζεν
827 5746 990 5804 αὐτήν’
1024 5746 1216 5808 δύναμιν
1255 5748 1328 5795 ὅτι
1364 5746 1685 5807 σαλευομένην

100 5813 188 5863 καὶ
213 5810 475 5874 μὲλλουσαν
506 5810 690 5857 πίπτειν
709 5811 909 5872 ἤγειρεν.

409 5916 680 5975 ΡΑτιιοι..
721 5908 840 5969 Gn.
886 5902 1167 5967 XLVIII.

1770 2436 1995 2510 κήρυξό
2028 2434 2273 2507 σεισμὸς,
2326 2436 2786 2505 προαναγγέλλων
2843 2437 3015 2492 ἅπασι
3042 2438 3142 2509 τὴν
3186 2437 3354 2510 ὀργὴν

1768 2521 1861 2574 τοῦ
1899 2519 2056 2583 Θεοῦ,
2082 2519 2168 2572 ἵνα
2199 2518 2277 2588 τῷ
2307 2516 2457 2586 φόϐῳ
2488 2517 2731 2587 βελτίους
2756 2519 3059 2589 γενόμενοι,
3084 2522 3335 2590 ἀποκρου

1770 2602 1992 2672 σώμεθα
2013 2601 2113 2671 τὴν
2146 2600 2235 2653 διὰ
2264 2599 2372 2653 τῶν
2398 2601 2741 2669 πραγμάτων
2764 2601 3055 2672 τιμωρίαν.
3082 2601 3240 2654 Οὕτω
3262 2604 3353 2655 καὶ

1768 2683 1987 2737 ἐπὶτῶν
2019 2681 2310 2753 βαρϐάρων
2336 2682 2615 2753 ἐποίησεν.
2644 2684 2770 2737 Ἔτι
2804 2683 2962 2751 τρεῖς
2990 2682 3221 2752 ἡμέραι,
3255 2684 3354 2739 καὶ

1767 2766 1993 2833 Νινευὴ
2019 2764 2607 2835 καταστραφήσεται.
2632 2767 2744 2820 Καὶ
2763 2766 2854 2819 διὰ
2880 2766 2935 2820 τί
2959 2767 3020 2820 οὑ
3050 2766 3355 2837 καταστρέ-

1770 2866 1924 2921 φεις;
1957 2849 2205 2911 ἀπειλεῖς
2248 2849 2685 2913 κατασκάπτειν,
2727 2850 2824 2902 καὶ
2872 2848 2961 2902 διὰ
2997 2850 3050 2903 τί
3086 2850 3147 2903 οὐ
3189 2865 3355 2903 κατα-

1771 2936 2089 2999 σκάπτεις;
2156 2933 2377 3002 Ἐπειδὴ
2440 2933 2502 2986 οὐ
2581 2933 2839 3004 βούλομαι
2911 2935 3354 3003 κατασκάπτειν,

1768 3018 1858 3071 διὰ
1896 3018 2054 3070 τοῦτο
2088 3015 2315 3071 ἀπειλῶ.
2349 3015 2414 3068 Τί
2444 3010 2537 3069 οὖν
2592 3015 2812 3085 λέγεις;
2863 3016 2979 3069 Ἵνα
3014 3017 3088 3088 μὴ
3143 3018 3356 3088 ποιήσω

1768 3099 1804 3155 ἃ
1864 3100 2009 3169 λέγω
2041 3139 2057 3164 ,
2124 3098 2555 3171 προλαμϐανέτω
2615 3100 2643 3149 6
2712 3097 2870 3167 λόγος
2899 3137 2915 3164 ,
2981 3101 3077 3153 καὶ
3148 3100 3355 3154 κωλυέ-

1768 3202 1848 3238 τω
1869 3185 1930 3238 τὸ
1954 3184 2137 3257 ἔργον.
2177 3184 2307 3237 Ἔτι
2332 3182 2487 3250 τρεῖς
2506 3182 2740 3253 ἡμέραι,
2770 3184 2868 3237 καὶ
2910 3184 3131 3251 Νινευὴ
3179 3202 3357 3238 κατα-

1769 3269 2201 3338 στραρήσεται,
2220 3268 2338 3322 τότε
2351 3270 2379 3321 6
2396 3270 2679 3339 προφήτης
2695 3267 2869 3337 ἔλεγε,
2885 3270 3122 3340 σήμερον
3132 3268 3358 3340 οίτοῖχοι

1771 3353 1955 3425 φωνὴν
1972 3352 2186 3422 ἀφιᾶσι.
2204 3352 2390 3406 Ταῦτα
2410 3350 2464 3404 δὲ
2482 3351 2647 3420 λέγω.
2664 3352 2757 3404 καὶ
2773 3350 2949 3420 λέγων
2968 3352 3028 3405 οὐ
3051 3352 3355 3423 παύσομαι.

1770 3435 2021 3505 καὶπρὸς
2039 3434 2277 3505 πένητας
2298 3433 2392 3486 καὶ
2413 3434 2549 3505 πρὸς
2577 3433 2884 3497 πλουσίουςο
2906 3436 3197 3505 ἐννοήσατε
3215 3436 3355 3505 πόση

1769 3519 1865 3574 τοῦ
1887 3519 2023 3573 Θεοῦ
2043 3521 2077 3590 ἡ
2113 3517 2272 3589 ὀργὴ,
2296 3518 2413 3582 πῶς
2440 3517 2590 3589 αὐτῷ
2620 3519 2795 3573 πάντα
2822 3519 2979 3590 ῥᾴδια
3001 3521 3095 3572 κα)⁵
3122 3519 3319 3573 εῦκολα
3340 3537 3355 3550 ο

1771 3606 1866 3659 καὶ
1891 3602 2106 3673 στῶμέν
2136 3620 2266 3654 ποτε
2303 3603 2403 3672 τῆς
2433 3603 2718 3671 πονηρίας.
2771 3604 2858 3655 Ἐν
2889 3602 3118 3673 βραχείᾳ
3165 3603 3359 3673 καιροῦ

1774 3690 1913 3758 ῥοπῇ
1948 3687 2041 3739 καὶ
2068 3685 2168 3755 τὴν
2188 3684 2427 3738 διάνοιαν
2457 3696 2481 3724 ο
2507 3682 2603 3737 καὶ
2628 3684 2719 3739 τὸν
2743 3684 2867 3737 νοῦν
2887 3684 3033 3737 οῦτω
3054 3686 3358 3756 παρέλυσεν

1772 3769 2003 3824 ἑκάστου
2030 3808 2044 3827 .
2078 3767 2174 3821 καὶ
2197 3768 2267 3821 τὰ
2296 3767 2525 3837 θεμέλια
2553 3766 2654 3836 τῆς
2686 3766 2914 3837 καρδίας
2941 3767 3223 3821 διέσεισεν.

1856 3852 2248 3921 Ἐννοήσωμεν,
2280 3852 2331 3904 εί
2358 3850 2502 3903 κατὰ
2526 3849 2625 3919 τὴν
2644 3850 2857 3921 ἡμέραν
2882 3850 3101 3920 ἐκείνην
3123 3849 3225 3919 τὴν
3259 3867 3360 3918 φο-

1774 3935 1965 4007 ϐεράν,
1995 3936 2085 3987 ὅτε
2108 3934 2169 3986 οὐ
2200 3934 2299 4005 μία
2319 3933 2513 4004 καιροῦ
2537 3932 2701 4003 ῥοπὴ,
2743 3931 2858 3986 ἀλλ’
2892 3933 3110 4004 ἄπειροι
3139 3933 3358 3999 αἰῶνες,

1773 4021 1868 4074 καὶ
1892 4018 2126 4087 ποταμοὶ
2151 4016 2342 4087 πυρὸς,
2367 4018 2461 4070 καὶ
2487 4016 2849 4086 άπειληφόροι
2872 4015 3055 4085 ὀργαὶ,
3082 4016 3177 4068 καὶ
3200 4015 3361 4070 δυνά-

1779 4116 1900 4173 μεις
1921 4100 2014 4153 ἐπὶ
2039 4098 2138 4171 τὴν
2173 4100 2354 4170 κρίσιν
2388 4099 2667 4164 ἕλκουσαι,
2693 4099 2787 4152 καὶ
2813 4098 2963 4169 βῆμα
2990 4098 3245 4170 φοϐερὸν,
3265 4099 3362 4153 καὶ

1774 4184 2121 4255 δικαστήριον
2156 4182 2472 4238 ἀδέκαστον.
2502 4182 2596 4237 καὶ
2635 4180 2866 4233 ἑκάστου
2890 4179 2960 4233 τὰ
2994 4182 3362 4253 πεπραγμένα

1777 4267 1883 4340 πρὸ
1911 4266 2016 4320 τῶν
2045 4264 2339 4335 ὀφθαλμῶν
2362 4265 2585 4335 ἔστηκε,
2611 4264 2706 4317 καὶ
2729 4263 2904 4326 οὐδεὶς
2932 4265 2959 4316 6
2982 4262 3211 4335 βοηθῶν,
3237 4263 3363 4319 οῦτε

1776 4350 1993 4418 γείτων,
2027 4348 2150 4402 οὔτε
2182 4349 2389 4420 ῥήτωρ,
2430 4346 2555 4399 οὔτε
2578 4346 2864 4417 συγγενὴς,
2899 4346 2999 4399 οῦκ
3031 4346 3276 4414 ἀδελφὸς,
3299 4348 3361 4400 οῦ

1777 4434 1981 4504 πατὴρ,
2009 4433 2072 4485 οὐ
2106 4432 2309 4504 μήτηρ,
2329 4432 2390 4483 οῦ
2410 4431 2577 4495 ξένος,
2601 4432 2700 4484 οὑκ
2723 4430 2881 4492 ἄλλος
2900 4428 3096 4495 οὐδεὶς,
3126 4430 3178 4482 τί
3204 4431 3364 4497 ποιή-

1780 4532 1945 4587 σομεν
1992 4514 2113 4567 τότε
2138 4531 2153 4581 ;
2178 4515 2303 4567 εἰπέ
2344 4531 2457 4583 μοι.
2507 4513 2662 4581 Ἀγω
2694 4513 2786 4565 τὸν
2817 4509 2985 4581 φόϐον
3017 4510 3043 4550 ἀ
3076 4512 3162 4564 ἵνα
3195 4520 3366 4564 καταο

1780 4599 2031 4653 σκευάσω
2054 4598 2153 4666 τὴν
2176 4596 2451 4666 σωτηρίαν
2467 4611 2479 4623 ⁸
2516 4596 2735 4666 σιδήρου
2759 4596 3074 4665 τομωτέραν
3103 4594 3365 4665 εἰργασά-

1782 4698 1891 4753 μην
1916 4682 2018 4750 τὴν
2057 4678 2428 4743 διδασκαλίαν,
2488 4679 2576 4732 ενα
2622 4678 2853 4740 ἕκαστος
2904 4677 3059 4747 ὑμῶν
3098 4678 3366 4746 σηπεδόνα

1779 4765 1939 4836 έχων,
1975 4761 2266 4831 ἀπόθηται.
2294 4762 2411 4814 Οῦκ
2434 4761 2522 4814 ἀεὶ
2551 4762 2761 4829 ἔλεγον,
2786 4762 2881 4813 καὶ
2908 4760 3005 4813 νῦν
3044 4760 3188 4828 λέγω
3208 4799 3222 4823 ,
3269 4761 3366 4815 καί

1779 4848 1951 4915 λέγων
1983 4847 2042 4899 οὺ
2071 4843 2367 4914 παύσομαι,
2408 4845 2572 4916 μέχρι
2615 4844 2746 4897 πότε
2790 4845 2905 4906 τοῖς
2936 4842 3203 4914 παροῦσιν
3241 4844 3363 4896 ἐστε

1781 4918 2194 5000 προσηλωμένοι
2220 4944 2235 4994 ;
2258 4927 2402 4999 Πρὸς
2434 4928 2637 4990 πάντας
2670 4926 2770 4997 μὲν
2795 4926 2948 4997 [ΤΗ]
2966 4925 3129 4993 λέγω,
3152 4923 3365 4996 ἐξαιρέ-

1781 5030 1887 5076 τως
1921 5010 1977 5064 δέ
2010 5012 2145 5082 πρὸς
2196 5010 2323 5074 τοῦς
2371 5009 2684 5073 νοσοῦντας,
2736 5010 2831 5061 καὶ
2887 5008 2965 5079 μὴ
2995 5006 3365 5079 προσέχοντας

1780 5098 1893 5158 τοῖς
1930 5093 2274 5164 λεγομένοιςο
2313 5092 2513 5163 μᾶλλον
2542 5093 2618 5157 δὲ,
2647 5092 2895 5162 ἐκατέρῳ
2918 5093 3189 5162 χρήσιμος
3210 5094 3239 5145 6
3273 5091 3365 5145 λόο

1780 5194 1897 5247 γος,
1923 5176 2002 5247 τῷ
2030 5175 2130 5248 μὲν
2158 5174 2425 5240 νοσοῦντι,
2450 5176 2537 5230 ἴνα
2586 5174 2803 5245 ὑγιάνῃ,
2831 5173 2909 5244 τῷ
2952 5174 3009 5227 δὲ
3046 5172 3365 5242 ὑγιαίνοντι,

1784 5263 1869 5315 ἵνα
1907 5261 1983 5331 μὴ
2029 5261 2253 5333 νοσήσῃ.
2302 5259 2481 5331 Μέχρι
2511 5260 2641 5312 πότε
2690 5259 2989 5329 χρήματα;
3043 5258 3207 5329 μέχρι
3237 5259 3365 5311 πότε

1784 5343 2046 5407 πλοῦτος;
2094 5343 2253 5412 μέχρι
2297 5342 2426 5395 πότε
2476 5342 2828 5412 περιφάνειαι
2876 5341 3363 5411 οίκοδομημάτωνς

1790 5429 1949 5498 μέχρι
1982 5428 2111 5480 πότε
2138 5426 2308 5480 λύσσα
2332 5427 2459 5499 περὶ
2492 5426 2589 5497 τὴν
2614 5427 2817 5495 ἄψυχον
2835 5425 3146 5496 φιληδονία-ι
3170 5443 3186 5491 ;
3233 5428 3368 5483 Ἰδοὺ

1786 5507 1951 5582 ἦλθεν
1981 5512 2009 5563 6
2045 5509 2264 5580 σεισμός
2284 5525 2296 5538 ·
2328 5510 2381 5562 τί
2432 5509 2714 5580 ὠφέλησεν
2744 5512 2772 5561 6
2808 5508 3070 5573 πλοῦτος;
3120 5510 3176 5561 Ὀ
3209 5511 3369 5575 πόνος

1853 5624 1877 5653 ⁶
1901 5620 2401 5695 ἴελξεκτὴνικαρδίαχ.
2427 5622 2581 5695 Paulo
2606 5628 2714 5695 post
2891 5623 2976 5695 xui
2990 5624 3051 5670 τὰ
3077 5625 3264 5695 θεμέλια
3283 5630 3367 5695 τῆς

1790 5690 1899 5793 Ξῆςὶ
1918 5682 2032 5731 Ibid.
2061 5682 2327 5759 ἐννοήσατε.
2356 5685 2509 5759 Paulo
2528 5682 2640 5746 post
2661 5684 2812 5732 Valte.
2835 5684 2908 5731 ὅτι
2928 5685 2983 5732 οὐ
3007 5682 3151 5747 μικρὰ
3169 5689 3199 5741 ὴ
3224 5688 3367 5751 ῥοπὴ,

1826 5747 1912 5791 λλα
1932 5761 2137 5793 ποταμοι
2168 5762 2311 5793 πυοοε
2332 5748 2653 5793 καγλαζοντεε.

1826 5746 2149 5819 λλὰλιοταμοὶ-
2160 5748 2311 5819 ,πυρός
2332 5748 2653 5819 καχλάζοντες.
2770 5811 2780 5819 _
2914 5816 2922 5819 _
2952 5807 2979 5819 η
3006 5810 3013 5819 ⁸

1856 5804 1883 5844 ἀ
1918 5804 2069 5856 i’atic.
2094 5804 2322 5863 αὗεωτὸν
2345 5804 2505 5871 φόϐον,
2551 5822 2649 5860 non
2687 5811 2846 5872 male;
2877 5816 2930 5858 et
2951 5807 3067 5856 ibid.
3098 5809 3363 5870 ἐργάζομαι-

2954 5897 3033 5957 32
