3784 6238
51 347 193 401 102')

46 471 409 532 utrorumque
431 462 669 519 sublatus
693 474 809 532 est;
839 468 993 537 periit
1018 484 1119 524 una
1153 486 1272 527 cum
1304 478 1639 545 possessione

43 566 359 619 possessor,
405 554 730 611 domicilium
786 575 907 614 cum
957 576 1022 616 co
1070 565 1158 633 qui
1206 576 1575 625 construxerat
1625 589 1640 626 :

40 642 292 697 omnium
323 659 608 702 commune
631 648 932 718 sepulcrum
954 652 1089 708 facta
1114 664 1193 711 est
1223 656 1429 724 civitas,
1459 661 1642 730 sepul-

38 746 196 787 crum
221 749 293 789 ex
317 743 556 806 tempore
575 747 968 807 structum,non
997 744 1064 799 ab
1082 745 1349 803 artiﬁcum
1370 750 1635 820 manibus,

38 823 129 878 sed
142 840 176 878 a
190 826 499 884 calamitate
514 828 846 888 fabricatum.
865 833 960 889 Ubi
973 836 1188 905 divitiae,
1205 839 1294 894 ubi
1317 843 1533 912 rapinae,
1547 845 1637 900 ubi

38 913 449 974 fraudationes?
480 920 679 977 Videtis
700 965 714 989 ,
755 933 813 980 ut
838 928 1013 982 omnia
1041 932 1147 984 sint
1179 934 1386 989 araneis
1410 936 1637 993 viliora?

104 1004 161 1060 2.
195 1008 272 1062 At
297 1010 439 1064 enim
469 1011 600 1067 mihi
624 1012 790 1082 dices,
817 1016 944 1087 quid
968 1018 1196 1077 dicendo
1225 1025 1476 1091 proﬁcis?
1501 1027 1635 1084 Pro-

37 1096 180 1164 ﬁcio,
215 1098 262 1152 si
306 1099 425 1169 quis
465 1117 552 1157 me
592 1104 813 1159 audiat:
841 1121 941 1178 ego
985 1110 1129 1180 quod
1172 1112 1406 1171 ofﬁcium
1454 1133 1633 1175 meum

34 1198 139 1255 est,
171 1190 227 1245 id
257 1201 456 1261 praesto
489 1212 503 1248 :
531 1196 822 1252 seminator
849 1200 1093 1257 seminat.
1128 1202 1271 1259 Exiit
1294 1208 1385 1277 qui
1405 1210 1633 1265 seminat

35 1281 99 1336 ad
130 1285 531 1352 seminandum,
559 1297 613 1343 et
640 1288 882 1359 qutedam
913 1292 1222 1351 ceciderunt
1260 1311 1416 1355 secus
1451 1301 1589 1356 viam
1611 1342 1627 1370 ,

34 1376 283 1443 quaedam
305 1392 465 1448 supra
487 1390 710 1449 petram,
729 1384 970 1453 qumdam
992 1400 1153 1457 supra
1174 1389 1373 1459 spinas,
1387 1391 1629 1462 quaedam

35 1467 84 1521 'n
108 1476 315 1523 terram
333 1470 527 1527 bonam
555 1472 763 1543 (Matth.
782 1477 866 1532 15.
882 1476 937 1549 3)
963 1495 977 1533 :
1008 1489 1113 1535 tres
1140 1490 1317 1551 partes
1332 1485 1626 1556 perierunt,

32 1570 83 1613 et
109 1575 215 1616 una
236 1572 446 1619 servata
470 1576 569 1632 est,
589 1582 685 1622 nec
704 1567 771 1624 ab
786 1571 1103 1639 agricultura
1124 1574 1359 1631 destitit:
1381 1578 1475 1634 sed
1496 1595 1630 1650 quo-

32 1651 174 1704 niam
204 1666 313 1706 una
338 1665 654 1711 conservata
682 1666 763 1713 est
782 1699 798 1725 ,
829 1673 1014 1730 agrum
1044 1662 1222 1721 colere
1249 1679 1353 1721 non
1379 1670 1624 1726 cessavit.

102 1764 226 1820 Non
265 1769 460 1838 frustra
495 1771 699 1838 seritur,
727 1773 923 1828 etiamsi
946 1776 1095 1845 pauci
1123 1793 1289 1833 semen
1325 1782 1622 1852 suscipiant.

31 1886 95 1897 —-
124 1857 188 1912 Et
215 1874 349 1913 vero
380 1875 522 1916 nunc
559 1861 611 1916 in
653 1872 852 1919 tantam
893 1867 1281 1926 multitudinem
1326 1873 1623 1943 projectum

29 1961 210 2003 semen
244 1949 361 2004 ﬁeri
400 1965 505 2005 non
545 1960 721 2022 potest
753 1955 879 2024 quin
922 1956 1051 2011 mihi
1091 1969 1299 2031 segetes
1340 1962 1618 2033 proferat:

29 2040 237 2095 tametsi
265 2056 457 2097 omnes
486 2059 591 2098 non
620 2044 839 2102 audiant
860 2087 876 2113 ,
921 2047 1138 2104 dimidia
1164 2066 1288 2121 pars
1313 2053 1494 2110 audiet
1523 2071 1538 2110 :
1567 2066 1622 2113 et

28 2130 149 2185 licet
173 2145 281 2185 non
310 2131 549 2201 dimidia,
580 2149 702 2204 pars
726 2138 876 2213 tertia
908 2154 923 2192 :
953 2149 1008 2195 et
1036 2140 1160 2196 licet
1188 2157 1288 2199 nec
1317 2144 1493 2214 tertia,
1520 2146 1618 2204 de-

28 2223 160 2277 cima
190 2240 204 2276 :
234 2232 285 2278 et
318 2224 441 2280 licet
469 2240 568 2281 nec
591 2226 797 2281 decima
820 2269 834 2294 ,
874 2229 997 2285 licet
1027 2247 1160 2287 unus
1190 2249 1256 2288 ex
1282 2250 1346 2290 ea
1372 2236 1615 2292 multitu-

27 2312 145 2367 dine
168 2313 451 2369 auditurus
477 2316 564 2381 sit,
594 2317 775 2372 audiat
803 2335 816 2372 :
849 2334 953 2374 non
982 2321 1122 2376 enim
1151 2324 1396 2395 exiguum
1423 2336 1504 2382 est
1533 2328 1616 2384 vel

28 2420 180 2460 uuam
224 2422 384 2463 ovem
430 2409 632 2465 servari
663 2430 676 2465 :
707 2413 1136 2485 quandoquidem
1185 2426 1239 2472 et
1279 2428 1462 2489 pastor
1498 2421 1610 2487 ille,

29 2498 112 2567 qui
140 2501 428 2570 nonaginta
452 2517 639 2557 novem
668 2503 953 2574 reliquerat
976 2521 1124 2574 oves,
1151 2507 1218 2564 ad
1240 2524 1397 2564 uuam
1424 2526 1614 2568 cucur-

28 2590 111 2653 rit,
139 2582 258 2659 qute
286 2592 629 2648 abet-raverat
662 2597 682 2666 (
700 2594 889 2650 Matth.
914 2596 1001 2653 18.
1031 2597 1154 2669 12).
1193 2599 1474 2657 Hominem
1504 2618 1610 2658 non

29 2690 307 2735 contemno
338 2698 352 2735 :
389 2682 509 2737 licet
537 2698 674 2739 unus
706 2685 795 2752 sit,
829 2685 991 2741 homo
1020 2696 1126 2756 est,
1151 2689 1348 2744 animal
1383 2690 1497 2747 Deo
1521 2707 1611 2748 ca-

29 2772 311 2828 rissimum.
354 2772 504 2829 Licet
525 2789 712 2833 servus
750 2779 837 2845 sit,
869 2780 1289 2838 contemnendus
1334 2782 1463 2839 mihi
1501 2798 1609 2842 non

31 2864 225 2920 videtur
253 2883 268 2919 :
300 2881 408 2920 non
433 2867 575 2921 enim
600 2867 914 2939 dignitatem
949 2887 1163 2943 quatro,
1192 2874 1285 2929 sed
1312 2875 1603 2931 virtutem:

30 2969 125 3009 non
154 2956 572 3014 dominationem
601 2970 694 3015 aut
712 2962 1045 3030 servitutem,
1073 2965 1168 3021 sed
1190 2965 1460 3024 animam:
1483 2967 1605 3025 licet

29 3063 156 3102 unus
182 3050 272 3116 sit,
307 3049 471 3105 homo
495 3062 610 3120 est,
647 3062 862 3123 propter
897 3071 1055 3126 quem
1094 3058 1282 3115 cazlum
1324 3069 1603 3119 extensum

28 3151 123 3207 est,
149 3142 226 3195 sol
255 3142 422 3210 lucet,
450 3142 574 3200 luna
599 3144 857 3212 decurrit,
896 3162 990 3203 aer
1026 3147 1224 3205 eﬁ‘usus
1265 3160 1385 3219 est,
1426 3150 1603 3210 fontes

29 3233 334 3298 scaturiunt,
354 3248 648 3303 expansum
674 3245 760 3291 est
787 3252 953 3304 mare,
976 3240 1255 3311 Prophetas
1282 3244 1429 3301 missi
1454 3254 1598 3315 sunt,

26 3331 76 3377 et
117 3323 198 3378 lex
245 3325 375 3380 data
417 3334 500 3380 est
525 3341 543 3384 :
573 3338 627 3383 et
653 3328 779 3399 quid
807 3344 943 3399 opus
972 3340 1055 3387 est
1079 3343 1268 3388 cuncta
1310 3338 1601 3408 persequi?

27 3421 231 3483 propter
267 3432 429 3487 quem
468 3419 768 3490 unigenitus
796 3421 890 3476 Dei
917 3422 1081 3479 Filius
1105 3422 1279 3483 factus
1304 3435 1388 3483 est
1414 3428 1596 3485 homo.

28 3504 269 3563 Dominus
313 3523 466 3564 meus
512 3510 814 3567 immolatus
854 3523 957 3582 est,
998 3529 1062 3570 ac
1102 3519 1411 3589 sanguinem
1442 3535 1594 3576 suum

26 3611 116 3665 pro
141 3598 355 3655 homine
385 3599 536 3668 fudit,
561 3612 614 3655 et
637 3602 783 3657 illum
810 3619 909 3675 ego
927 3610 1300 3664 contemnam?
1326 3611 1441 3678 Qua
1470 3627 1597 3669 vero

26 3688 202 3759 dignus
232 3693 388 3748 venia
433 3692 622 3749 fuero?
665 3694 852 3753 Nonne
896 3700 1119 3755 audistis
1163 3701 1442 3758 Dominum
1470 3719 1594 3761 eum

26 3779 339 3837 Samaritana
374 3785 734 3856 colloquatqu
776 3802 896 3844 esse
919 3789 1143 3859 (Joann.
1180 3793 1234 3846 4.
1262 3793 1316 3848 6.
1344 3793 1501 3865 sqq.),
1529 3810 1593 3851 ac

26 3883 292 3929 sexcentos
321 3876 643 3944 impendisse
671 3891 968 3946 sermones,
1000 3896 1099 3936 nec
1126 3883 1377 3952 quoniam
1404 3885 1591 3939 Sama-

26 3963 179 4019 ritana
203 3974 340 4029 erat,
370 3965 490 4020 ideo
514 3978 869 4039 contemptam
890 3985 1007 4026 eam
1038 3971 1589 4047 fuisse,sedquoniam

26 4057 239 4113 animam
271 4060 520 4125 habebat,
552 4061 607 4116 in
651 4064 822 4133 pretio
859 4065 1092 4121 habitam
1122 4069 1280 4125 esse?
1320 4068 1438 4126 Non
1465 4072 1588 4141 quia

25 4141 262 4194 meretrix
274 4149 418 4208 erat,
435 4143 690 4214 despecta
701 4157 810 4215 est;
829 4150 925 4206 sed
948 4152 1075 4222 quia
1092 4152 1361 4208 servanda
1378 4162 1516 4221 erat,
1532 4163 1589 4215 et

26 4228 166 4284 ﬁdem
179 4233 696 4300 exhibuit,multain
710 4239 859 4296 illam
872 4257 1004 4298 cura
1016 4243 1216 4300 collata
1228 4251 1313 4303 est
1323 4243 1589 4318 (a).Equi-

25 4318 131 4373 dem
155 4323 339 4381 dicere
364 4341 470 4382 non
499 4331 751 4397 cessabo,
776 4333 905 4389 licet
920 4337 1107 4392 nullus
1133 4336 1227 4406 sit,
1250 4339 1341 4409 qui
1360 4340 1582 4397 audiat:

25 4413 249 4469 medicus
280 4432 428 4481 sum,
452 4419 684 4476 adhibeo
714 4424 1117 4483 medicamenta
1155 4448 1170 4483 :
1206 4430 1402 4486 doctor
1436 4447 1582 4497 sum,

25 4506 316 4562 mandatum
342 4511 570 4566 mihiest
594 4520 651 4568 ut
670 4515 990 4573 admoneam
1013 4537 1027 4586 ;
1053 4520 1134 4575 sic
1157 4522 1300 4576 enim
1320 4523 1396 4577 ait
1416 4541 1430 4577 :
1450 4521 1583 4593 Spe-

25 4593 294 4652 rulatorem
325 4601 447 4655 dedi
477 4612 523 4658 te
542 4604 723 4661 domui
753 4607 1153 4681 Israel(Ezeclt.
1192 4615 1246 4670 3.
1277 4614 1585 4685 l7).Nemi-

25 4698 130 4738 nem
148 4692 364 4763 corrigo
390 4712 403 4747 :
435 4696 564 4765 quid
590 4707 702 4753 tum
723 4708 913 4770 postea
931 4701 1074 4760 iSed
1088 4718 1189 4775 ego
1206 4707 1455 4763 mercede
1470 4723 1582 4763 non

25 4788 187 4835 careo.
210 4782 274 4838 Et
289 4785 395 4842 hoc
412 4788 479 4842 ad
503 4804 776 4847 summum
795 4793 941 4850 dixi:
966 4811 1089 4851 nam
1108 4797 1162 4853 in
1179 4805 1330 4853 tanta
1348 4800 1565 4855 multitu

25 4866 139 4926 dine
157 4872 265 4930 ﬁeri
295 4893 405 4933 non
430 4888 631 4950 potest,
653 4884 786 4953 quin
810 4887 1009 4957 aliquis
1034 4889 1381 4961 corrigatur:
1403 4892 1500 4947 sed
1528 4893 1583 4947 hi

25 4970 296 5025 praetextus
312 4978 464 5034 sunt,
494 4971 576 5027 hae
600 4975 990 5046 negligentium
1012 4987 1142 5035 sunt
1157 4981 1467 5037 auditorum
1486 4997 1583 5038 ex-

25 5054 335 5116 cusationes.
352 5060 528 5118 Audio
545 5065 812 5132 quotidie,
831 5067 1029 5138 inquit,
1046 5078 1100 5125 et
1119 5087 1228 5127 non
1246 5071 1386 5128 facio
1404 5091 1417 5128 :
1433 5074 1581 5138 audi,

25 5138 134 5197 licet
149 5162 249 5203 non
265 5150 456 5217 facias;
482 5170 606 5210 nam
624 5170 687 5211 ex
705 5172 772 5212 eo
787 5160 1072 5230 quodquis
1090 5164 1298 5230 audiat,
1314 5167 1583 5239 contingit

25 5232 236 5293 etiam'ut
255 5241 419 5298 faciat
440 5262 453 5297 :
474 5248 687 5301 tametsi
706 5263 816 5303 non
836 5249 1211 5323 facis,'pudore
1231 5232 1574 5325 perfunderis

25 5321 86 5375 οἱ)
104 5340 377 5393 peccatum
403 5352 416 5388 :
441 5337 656 5392 tametsi
681 5353 792 5394 non
812 5339 969 5408 facis,
995 5321 1177 5399 mutas
1203 5321 1525 5403 sententiam
1558 5368 1572 5405 :

29 5417 226 5473 tametsi
247 5437 355 5478 non
381 5422 540 5489 facis,
562 5426 798 5497 teipsum
821 5432 1172 5498 condemnas,
1200 5436 1345 5504 quod
1369 5452 1477 5493 non
1500 5438 1577 5513 fa-

25 5500 147 5560 cias.
164 5507 282 5568 Haec
301 5524 482 5570 autem
499 5517 614 5588 ipsa
639 5521 718 5575 tui
747 5521 920 5592 ipsius
946 5525 1223 5581 accusatio
1235 5527 1377 5584 unde
1393 5512 1576 5587 nasci-

25 5596 102 5645 tur
118 5594 139 5647 ?
154 5595 472 5660 Sermonum
494 5604 708 5664 fructus
723 5617 808 5666 est
825 5624 1092 5668 meorum.
1106 5614 1336 5680 Quando
1351 5618 1571 5685 dixeris,

80 5727 147 5791 (α)
167 5731 254 5785 Hic
274 5737 408 5789 locus
429 5742 613 5792 citatur
630 5758 657 5795 a
680 5743 859 5796 Photio
884 5747 934 5797 in
961 5747 1190 5801 Biblioth.

1265 361 1351 421 DE
1393 363 1667 422 LAZARO
1699 366 1943 427 CONCIO
1970 371 2056 429 VI.

3198 401 3332 461 i030

1754 481 1841 539 bei
1868 483 1997 540 mihi
2023 504 2037 539 :
2060 487 2257 555 audivi,
2286 500 2340 547 et
2379 509 2484 550 non
2526 495 2661 553 facio
2695 517 2706 552 :
2734 498 2884 569 illud,
2918 504 3000 560 hci
3032 509 3180 576 mihi,
3214 530 3334 570 mu-

1752 576 1962 634 tationis
2001 580 2054 635 in
2094 582 2284 638 melius
2317 594 2399 641 est
2440 590 2771 657 praeludium.
2814 594 3072 664 Peccasti,
3102 601 3325 659 lusisti?

1710 704 1713 707 ›
1747 666 2028 725 Peccatum
2050 673 2251 730 solvisti
2276 693 2291 730 :
2312 675 2413 732 Dic
2426 681 2559 734 enim
2588 693 2642 737 tu
2666 688 2860 755 primus
2880 689 3164 761 iniquitates
3193 705 3326 765 tuas,

1745 767 1803 811 ut
1835 759 2134 829 justi/iceris
2175 763 2328 833 (Isai.
2361 768 2450 823 45.
2482 769 2599 839 26).
2631 773 2780 842 Quod
2820 779 2863 832 si
2903 759 3235 841 contristeris
3274 759 3329 844 et

1745 857 1968 905 moestus
1993 850 2111 919 ﬁas,
2143 864 2226 910 est
2248 856 2444 928 aliquid
2471 861 2657 917 salutis
2682 865 2734 919 ia
2761 872 3031 939 maestitia,
3058 890 3164 931 non
3199 894 3325 948 pro-

1708 980 1709 983 η
1743 948 1862 1008 pter
1884 943 2153 999 mrestitiae
2180 957 2418 1003 naturam
2440 993 2455 1018 ,
2485 953 2576 1007 sed
2599 968 2815 1025 prepter
2845 961 3051 1021 Domini
3081 943 3334 1034 benigni-

1743 1038 1924 1086 tatem.
1957 1034 2025 1089 Et
2052 1036 2135 1090 cui
2165 1035 2362 1094 fuerint
2389 1054 2621 1111 peccata,
2646 1061 2753 1102 non
2782 1051 3067 1111 mediocris
3092 1070 3174 1115 est
3200 1075 3329 1117 con-

1739 1120 1931 1178 solatio
1969 1124 2111 1195 quod
2154 1128 2387 1199 seipsum
2429 1135 2724 1191 contristet.
2777 1138 2893 1195 Vidi
2932 1145 3096 1210 enim,
3130 1150 3321 1221 inquit,

1736 1213 1873 1280 quod
1896 1216 2216 1274 contristatus
2252 1230 2324 1275 est
2365 1232 2414 1276 et
2448 1236 2651 1281 mmstus
2682 1230 2797 1298 fuit,
2833 1243 2881 1287 et
2917 1240 3091 1292 sanavi
3127 1213 3325 1302 dolores

1736 1303 1845 1372 ejus
1873 1303 2024 1377 (Isai.
2049 1309 2137 1363 57.
2166 1310 2277 1381 18).
2326 1312 2371 1367 0
2408 1314 2724 1375 ineﬁ‘abilem
2750 1320 3127 1395 benignitatem
3157 1341 3320 1404 atque

1734 1394 2047 1464 bonitatem,
2070 1416 2189 1471 quas
2211 1404 2441 1473 exprimi
2465 1421 2568 1463 non
2596 1421 2772 1480 potest
2796 1414 2810 1468 ι
2840 1394 3196 1478 contristatus
3214 1394 3318 1495 est,

1732 1494 1788 1540 et
1816 1490 1997 1544 sanavi
2021 1506 2164 1546 eum.
2204 1493 2339 1562 Quid
2370 1511 2498 1553 vero
2523 1514 2792 1571 magnum,
2810 1507 2952 1575 quod
2970 1490 3315 1571 contristatus

1734 1579 1838 1634 sit?
1876 1580 2121 1654 Magnum
2166 1584 2218 1641 id
2263 1587 2477 1657 quidem
2507 1607 2612 1648 non
2640 1604 2740 1663 est,
2785 1598 2878 1653 sed
2924 1599 3050 1659 inde
3096 1610 3318 1667 sanandi

1730 1670 1945 1729 dolores
1970 1676 2084 1745 ejus
2104 1680 2438 1736 occasionem
2460 1685 2680 1755 arripui.
2710 1688 2946 1761 Vidistis,
2971 1706 3025 1751 ut
3053 1714 3158 1755 uno
3181 1711 3289 1758 tem

1731 1763 1877 1830 poris
1903 1778 2172 1821 motuento
2194 1782 2382 1825 cuncta
2412 1773 2725 1845 collegerit?

1802 1851 1922 1907 Non
1948 1856 2009 1908 ob
2042 1866 2188 1912 term:
2214 1869 2424 1929 malum,
2455 1864 2543 1918 sed
2566 1869 2628 1920 ob
2650 1883 2854 1925 causam
2883 1874 2992 1946 ejus
3018 1877 3310 1942 timendum.

1726 1971 1797 1982 -—
1817 1941 1963 1999 illam
2005 1947 2182 2017 itaque
2207 1965 2484 2022 vesperam
2517 1963 2672 2012 terra:
2701 1970 2878 2018 motus
2902 1941 3165 2037 perpetuo
3190 1986 3309 2026 cum

1724 2035 1919 2091 animis
1959 2040 2151 2094 vestris
2194 2041 2410 2098 volvite.
2452 2044 2586 2103 Nam
2622 2049 2713 2105 alii
2760 2054 2973 2123 quidem
3008 2035 3198 2116 omnes
3240 2058 3312 2112 οι)
3364 2102 3375 2111 .

1724 2134 1881 2182 terra:
1911 2138 2112 2184 motum
2140 2131 2330 2189 timore
2357 2139 2587 2207 correpti
2615 2151 2788 2207 erant,
2817 2160 2916 2216 ego
2941 2164 3065 2203 vero
3092 2164 3307 2224 propter

1722 2231 1938 2273 causam
1968 2230 2122 2276 terra:
2151 2233 2348 2279 motus.
2396 2225 2607 2285 Satisne
2645 2233 2864 2302 capitis,
2894 2239 3018 2307 quid
3043 2240 3310 2299 dixerim?

1722 2306 1802 2361 llli
1845 2309 2059 2379 quidem
2104 2315 2566 2385 pertimescebant,
2605 2337 2673 2378 ne
2711 2306 3017 2383 concideret
3042 2332 3230 2389 civitas
3254 2347 3308 2392 et

1721 2400 2001 2458 interirent
2047 2420 2061 2455 :
2114 2416 2214 2475 ego
2254 2422 2401 2473 vero,
2450 2410 2591 2482 quod
2636 2414 2789 2471 nobis
2832 2418 3088 2477 Dominus
3140 2425 3303 2484 iratus

1719 2500 1880 2556 esset,
1900 2493 2220 2549 metuebam.
2246 2496 2362 2553 Non
2391 2500 2533 2555 enim
2558 2518 2716 2572 grave
2736 2519 2816 2562 est
2838 2521 3063 2568 mortem
3085 2515 3302 2586 obiisse,

1716 2581 1813 2637 sed
1838 2598 1999 2654 grave
2027 2594 2111 2641 est
2137 2587 2419 2647 Dominum
2451 2592 2707 2651 irritasse.
2753 2596 2935 2670 itaque
2964 2619 3068 2659 non
3089 2608 3199 2677 jam
3229 2581 3301 2666 ob

1719 2681 1876 2729 terrae
1903 2684 2105 2733 motum
2128 2679 2404 2749 pavebam,
2431 2684 2526 2740 sed
2554 2686 2624 2741 ob
2650 2704 2866 2745 causam
2890 2700 3049 2752 terrae
3078 2709 3291 2757 motus.

1714 2780 1873 2822 causa
1915 2768 2056 2824 enim
2095 2778 2254 2827 terra:
2300 2783 2477 2831 motus
2522 2776 2613 2832 Del
2656 2782 2897 2849 estira;
2946 2800 3103 2855 porro
3139 2804 3299 2850 causa

1712 2855 1912 2914 divina:
1938 2858 2032 2915 ira:
2061 2873 2239 2916 nostra
2265 2873 2389 2919 sunt
2416 2877 2654 2936 peccata.
2681 2870 2797 2926 Noli
2821 2889 3068 2946 umquam
3095 2884 3295 2953 suppli-

1709 2949 1852 3005 cium
1883 2951 2071 3008 timere
2094 2995 2109 3021 ,
2141 2954 2237 3009 sed
2262 2958 2501 3027 supplicii
2527 2974 2799 3029 parentem
2826 2978 3123 3035 peccatum.
3149 2949 3292 3033 (Ion-

1711 3040 1907 3098 cutitur
1936 3043 2167 3099 civitas?
2188 3045 2325 3112 Quid
2354 3056 2463 3103 tum
2493 3054 2712 3120 postea?
2740 3055 2888 3113 Mens
2912 3075 3042 3117 vero
3072 3073 3157 3119 tua
3180 3082 3290 3125 non

1708 3143 2094 3202 conquassetur
2118 3152 2132 3189 :
2159 3137 2584 3209 quandoquidem
2613 3153 2667 3198 et
2696 3145 2748 3200 in
2777 3148 2978 3205 morbis
3012 3167 3077 3209 ac
3106 3156 3291 3214 vulne-

1707 3221 1855 3277 ribus
1882 3238 1989 3279 non
2015 3239 2108 3280 eos
2130 3226 2388 3297 lugemus,
2416 3232 2507 3299 qui
2536 3244 2811 3305 curantur,
2841 3240 2934 3295 sed
2961 3244 3047 3312 qui
3075 3246 3288 3305 insana-

1704 3312 1798 3369 bili
1824 3314 2012 3370 morbo
2030 3316 2292 3374 laborant.
2340 3319 2491 3387 Quod
2519 3331 2602 3378 est
2627 3327 2843 3384 morbus
2868 3341 2922 3386 et
2948 3335 3158 3405 vulnus,
3185 3337 3289 3395 hoc

1702 3413 1786 3460 est
1824 3405 1984 3461 etiam
2024 3417 2328 3477 peceatum;
2363 3412 2504 3483 quod
2538 3424 2625 3471 est
2657 3420 2823 3475 sectio
2848 3430 2904 3477 et
2928 3425 3283 3487 medicamen-

1705 3504 1837 3562 tum,
1870 3494 1972 3551 hoc
1996 3506 2079 3553 est
2106 3498 2266 3554 etiam
2296 3515 2476 3570 paena.

1772 3587 1825 3642 ὅ.
1869 3586 1923 3641 Ν
1928 3602 1993 3642 οη
2015 3590 2102 3657 qui
2130 3591 2428 3661 puniuntur,
2460 3596 2552 3650 sed
2587 3599 2678 3667 qui
2718 3614 2924 3670 peccant
2963 3608 3188 3679 lugendi.
3210 3645 3278 3657 _

1700 3677 2040 3736 lntellexistis
2067 3681 2206 3750 quod
2232 3681 2391 3738 dico?
2426 3686 2699 3745 Attendite
2725 3708 2740 3744 :
2770 3695 2890 3749 volo
2913 3677 3057 3754 enim
3083 3704 3280 3759 oratio.

1698 3783 1821 3824 nem
1859 3767 2205 3840 philosophia
2243 3772 2450 3843 plenam
2474 3791 2571 3833 vos
2596 3778 2809 3837 docere.
2854 3784 3022 3852 Quam
3066 3793 3278 3850 tandem

1695 3856 1768 3915 ob
1793 3871 2007 3915 causam
2035 3874 2129 3916 eos
2155 3861 2246 3931 qui
2284 3863 2609 3934 puniuntur,
2650 3884 2754 3925 non
2796 3888 2889 3929 eos
2932 3879 3021 3946 qui
3058 3893 3279 3950 peccant

1694 3948 1976 4020 lugemus?
2013 3950 2129 4007 Non
2167 3952 2309 4007 enim
2345 3968 2432 4010 res
2475 3956 2546 4012 ita
2585 3962 2760 4029 gravis
2783 3974 2865 4020 est
2895 3948 3073 4037 prena,
3104 3983 3275 4029 utres

1693 4040 1870 4111 gravis
1892 4049 1975 4099 est
1998 4054 2274 4113 peceatum
2303 4063 2319 4102 :
2345 4063 2466 4105 nam
2508 4065 2681 4122 pretia:
2694 4068 2850 4110 causa
2874 4069 3148 4127 peccatum
3169 4077 3271 4119 est.

1692 4130 1750 4186 Si
1775 4144 1934 4201 quem
1961 4133 2119 4205 igitur
2139 4136 2336 4193 videris
2359 4137 2639 4197 habentem
2664 4144 2833 4211 ulcus,
2866 4161 3076 4206 vermes
3096 4160 3152 4207 et
3173 4169 3262 4209 sa-

1691 4223 1832 4278 niem
1875 4238 1907 4278 a
1952 4239 2178 4295 corpore
2225 4227 2542 4295 deﬁuentes,
2588 4248 2687 4289 nec
2724 4235 2918 4292 vulnus
2960 4249 3135 4297 tamen
3178 4256 3267 4300 aut

1690 4314 1842 4371 ulcus
1880 4327 2154 4372 curantem
2183 4335 2198 4370 :
2229 4320 2454 4376 alterum
2480 4338 2607 4379 vero
2644 4329 2844 4395 pariter
2868 4328 3115 4386 aﬁ'ectum
3135 4374 3151 4399 ,
3175 4338 3265 4405 qui

1689 4409 2014 4465 medicorum
2062 4421 2241 4468 utatur
2278 4429 2436 4485 opera
2467 4457 2481 4481 ,
2523 4417 2613 4487 qui
2654 4430 2874 4489 uratur,
2914 4435 3162 4495 secetur,
3210 4442 3266 4485 et

1684 4500 1878 4554 acerba
1900 4500 2282 4559 medicamenta
2303 4504 2575 4575 deglutiat,
2596 4511 3040 4581 utrum,istorum,
3060 4530 3263 4585 quaeso,

1685 4587 1924 4656 lugebis?
1963 4603 2158 4646 eumne
2192 4594 2282 4662 qui
2313 4609 2456 4664 :eger
2490 4606 2591 4663 est,
2635 4614 2734 4654 nec
2772 4611 3010 4670 curatur,
3040 4618 3110 4659 an
3136 4621 3258 4662 eum

1683 4678 1774 4748 qui
1811 4694 1954 4750 aeger
1987 4689 2089 4746 est,
2116 4691 2170 4738 et
2199 4686 2454 4739 curatur?
2495 4687 2643 4743 llaud
2685 4689 2939 4757 dubium,
2968 4694 3095 4763 quin
3137 4711 3260 4753 eum

1685 4770 1879 4839 potius,
1935 4772 2027 4841 qui
2075 4786 2195 4829 cum
2252 4790 2394 4845 :eger
2444 4778 2546 4845 sit,
2592 4795 2694 4835 non
2728 4794 2962 4838 curatur.
3007 4786 3081 4840 Ita
3129 4804 3263 4858 quo-

1681 4875 1785 4929 que
1809 4871 2113 4931 peccatores
2136 4865 2241 4919 sint
2266 4866 2390 4930 duo,
2413 4882 2635 4937 quorum
2662 4886 2797 4927 unus
2824 4874 3035 4942 quidem
3065 4880 3254 4945 punia-

1681 4961 1786 5020 tur,
1816 4954 1952 5010 alter
1976 4970 2102 5011 vero
2127 4970 2231 5013 non
2256 4960 2537 5027 puniatur:
2564 4977 2629 5016 ne
2651 4962 2817 5030 dicas,
2842 4965 3023 5021 beatus
3043 4966 3131 5023 hic
3148 4978 3252 5036 est,

1677 5045 1802 5112 quia
1821 5044 2015 5100 divitiis
2037 5046 2226 5112 afﬂuit,
2250 5048 2518 5118 orphanos
2535 5051 2748 5119 spoliat,
2768 5054 2951 5109 viduas
2965 5058 3219 5125 opprimit
3241 5079 3255 5114 :

1679 5135 1885 5189 tametsi
1915 5151 2017 5191 non
2047 5147 2286 5208 a-grotat,
2317 5139 2410 5194 sed
2438 5154 2559 5195 cum
2586 5144 2773 5212 rapiat,
2796 5154 2879 5199 est
2902 5146 2954 5201 in
2975 5150 3251 5204 existima-

1678 5224 1842 5289 tione,
1872 5227 2171 5282 cumulatur
2200 5227 2402 5286 honore
2420 5271 2435 5297 ,
2470 5231 2795 5299 dominatur,
2824 5237 2984 5291 nullis
3010 5239 3250 5297 adversis

1674 5330 1851 5369 rerum
1894 5316 2240 5373 humanarum
2279 5322 2488 5377 casibus
2526 5323 2765 5391 ﬁnditur,
2801 5341 2906 5382 non
2948 5327 3113 5395 febri,
3142 5346 3247 5387 non

1673 5404 2045 5474 afllictationc,
2075 5425 2181 5464 non
2210 5410 2316 5467 alio
2337 5414 2524 5481 quovis
2553 5416 2739 5471 morbo
2770 5434 2784 5470 :
2811 5417 3097 5475 liberorum
3128 5423 3248 5478 cin-

1670 5496 1812 5565 gitur
1848 5496 2033 5565 choro,
2069 5510 2396 5556 senectutem
2425 5502 2577 5558 beate
2606 5506 2888 5576 transigit:
2919 5517 2973 5561 at
3013 5508 3155 5565 hunc
3193 5523 3248 5569 tu

1672 5590 1901 5644 maxime
1929 5590 2068 5661 iuge,
2092 5592 2231 5662 quod
2258 5604 2477 5664 aegrotet
2497 5637 2512 5663 ,
2542 5610 2639 5652 nec
2667 5606 3097 5673 tatnencurctur.
3130 5604 3249 5672 Quo

1675 5680 1884 5736 tandem
1908 5690 2083 5752 pacto,
2108 5697 2209 5753 ego
2235 5684 2430 5742 dicam.
2459 5687 2514 5742 Si
2541 5703 2701 5759 quem
2726 5690 2920 5746 videris
2943 5704 3242 5763 correptum

1674 5774 1979 5847 liydropisi,
2021 5777 2211 5848 cuique
2258 5778 2412 5837 lienis
2456 5798 2522 5838 ex
2565 5783 2837 5841 doloribus
2874 5800 3067 5858 corpus
3103 5789 3240 5844 iutu-
