3884 6274
497 373 629 430 1051
658 392 660 394 '

494 488 710 555 muerit,
739 499 839 543 nec
881 494 1055 540 tamen
1092 485 1271 535 currat
1312 474 1378 530 ad
1419 472 1717 538 medicum,
1746 468 1840 526 sed
1870 466 2076 537 frigida:

495 590 624 653 potu
650 595 711 636 se
734 576 963 635 oblectet
982 614 997 639 ,
1028 585 1091 627 ac
1114 565 1411 643 Sybaritica
1445 579 1626 621 mensa
1654 567 1877 625 fruatur,
1899 558 2077 628 quoti-

492 676 583 731 die
603 671 915 734 inebrietur,
943 662 1195 721 satellitio
1220 660 1466 729 stipetur,
1496 664 1554 711 et
1579 654 1822 708 morbum
1850 656 2074 720 augeat:

493 765 627 822 cedo
669 764 954 819 heatumne
992 752 1307 827 prmdicabis
1350 746 1609 819 ejusmodi
1658 744 1959 807 hominem,
2008 754 2078 794 an

494 869 622 911 vero
651 853 904 907 miserum
931 842 1227 917 judicabis?
1256 838 1407 907 Quod
1433 838 1479 892 si
1505 836 1730 890 alterum
1757 831 1951 888 videris
1975 828 2076 901 hy-

494 947 694 1018 dropisi
724 949 1056 1011 correptum,
1089 935 1178 1006 qui
1206 932 1531 989 medicorum
1559 925 1800 981 manibus
1827 930 2075 986 curetur,

493 1038 586 1113 qui
611 1036 736 1093 fami
757 1034 989 1103 seipsum
1012 1026 1189 1089 dedat,
1214 1024 1302 1094 qui
1332 1021 1793 1113 multaprematur
1819 1020 2085 1113 egesta-te,

494 1101 584 1203 qui
606 1101 1009 1184 medicamentis
1041 1115 1253 1174 assidue
1290 1110 1591 1183 peracerbis
1616 1114 1812 1203 utatur,
1840 1119 1959 1203 quae
1983 1101 2077 1157 do-

497 1196 665 1277 lorem
690 1216 903 1289 quidem
924 1212 1169 1275 afferunt,
1194 1206 1286 1262 sed
1313 1203 1592 1261 sanitatem
1616 1200 1802 1255 dolore
1824 1196 2036 1268 pariunt
2061 1211 2075 1248 :

495 1327 677 1371 nonne
702 1310 842 1365 hunc
872 1321 981 1377 pra:
1010 1304 1101 1357 illo
1132 1301 1341 1355 beatum
1382 1294 1558 1351 dices?
1599 1289 1854 1347 Confessa
1885 1302 1973 1343 res
1997 1294 2081 1341 est

493 1421 558 1463 ac
582 1401 861 1460 manifesta
893 1415 907 1451 :
935 1410 1056 1451 nam
1082 1405 1219 1449 unus
1244 1388 1457 1460 quidem
1483 1399 1624 1453 roger
1643 1391 1757 1447 est,
1797 1392 1896 1434 nec
1920 1390 2079 1432 cura-

498 1508 585 1555 tur
618 1514 632 1551 :
662 1493 799 1548 alter
823 1497 1001 1543 autem
1025 1498 1167 1555 :rger
1189 1490 1293 1546 est,
1321 1476 1415 1533 sed
1442 1474 1770 1530 medicorum
1797 1482 1958 1539 opera
1986 1465 2082 1521 uti-

495 1597 602 1643 tur.
630 1586 701 1642 At
724 1583 867 1639 enim
891 1578 1107 1633 molesta
1132 1582 1213 1627 est
1234 1568 1439 1626 curatio
1461 1583 1474 1620 :
1494 1578 1676 1620 verum
1700 1561 1841 1617 utilis
1860 1567 1943 1614 est
1965 1559 2082 1627 ejus

497 1678 638 1734 finis.
669 1675 743 1730 lla
763 1682 974 1742 quoque
996 1674 1193 1721 nostra:
1214 1661 1373 1730 hujus
1392 1657 1514 1712 vitae
1533 1670 1593 1711 se
1617 1668 1705 1708 res
1728 1651 1954 1713 habent;
1985 1647 2080 1742 sed

498 1787 528 1826 a
559 1740 870 1838 corporibus
900 1770 1204 1816 sermonem
1236 1748 1463 1807 transfer
1488 1747 1553 1801 ad
1575 1745 1801 1809 animas,
1823 1758 1862 1838 a‘
1878 1740 2081 1795 morbis

496 1864 564 1918 ad
598 1834 834 1931 pecmta,
861 1853 930 1909 ab
948 1848 1238 1908 acerbitate
1266 1843 1774 1931 medicamentorum
1800 1834 1864 1888 ad
1899 1846 2081 1931 ptenas

495 1965 545 2009 et
560 1923 1084 2024 judiciumdivinum.
1106 1935 1261 2007 Quod
1276 1936 1416 1991 enim
1432 1941 1516 1989 est
1535 1923 2084 2024 medicamentumad-

492 2018 723 2099 bibitum
742 2053 773 2092 a
795 2035 1090 2100 medico,et
1105 2028 1269 2085 sectio
1283 2035 1338 2082 et
1357 2024 1513 2096 ignis,
1528 2024 1630 2078 hoc
1649 2029 1731 2077 est
1748 2036 1777 2075 a
1807 2020 1918 2074 Deo
1938 2018 2082 2072 illata

497 2155 675 2211 pinna.
703 2136 834 2193 Nam
856 2140 915 2187 ut
926 2137 1292 2199 szepenumero
1314 2121 1558 2177 admotus
1578 2118 1714 2189 ignis
1732 2115 1857 2179 urit,
1874 2123 1934 2211 et
1944 2113 2086 2211 sistit

500 2204 650 2287 ulcus
664 2226 803 2299 quod
818 2220 1085 2296 pascendo
1096 2216 1280 2287 serpit,
1293 2224 1348 2270 et
1359 2212 1737 2268 ferramentum
1752 2204 2084 2277 putredinem

496 2322 765 2386 exhaurit,
798 2318 1039 2375 dolorem
1068 2312 1281 2384 quidem
1308 2310 1543 2369 inurens,
1572 2302 1667 2359 sed
1699 2300 1975 2356 utilitatem
2002 2306 2085 2353 ta-

501 2431 624 2473 men
650 2412 864 2485 pariens
896 2408 1007 2463 :ita
1033 2413 1086 2461 et
1109 2404 1276 2458 fames
1295 2442 1312 2469 ,
1350 2408 1404 2455 et
1436 2406 1633 2469 pestes,
1662 2402 1714 2450 et
1736 2405 2086 2465 quaecumque

497 2506 642 2564 mala
665 2517 786 2560 esse
814 2499 1078 2563 videntur,
1127 2492 1254 2550 ferri
1312 2492 1429 2547 loco
1462 2496 1517 2544 et
1550 2486 1687 2558 ignis
1731 2485 2086 2541 admoventur

500 2599 713 2657 animae,
738 2602 796 2648 ut
814 2588 1216 2661 regrotationum
1237 2582 1353 2653 ejus
1376 2581 1526 2635 ulcus
1547 2578 1840 2648 depascens
1853 2574 1921 2629 ad
1940 2573 2087 2629 simi-

501 2689 777 2748 litudinem
798 2694 1080 2753 corporum
1102 2675 1407 2741 cohibeant,
1429 2684 1652 2741 eamque
1671 2667 1945 2723 meliorem
1970 2663 2086 2720 efﬂ—

501 2782 664 2837 ciant.
698 2778 900 2832 Rursus
924 2773 1030 2829 duo
1052 2777 1210 2826 sunto
1235 2772 1587 2828 scortatores;
1612 2760 1847 2817 sermoni
1868 2758 2087 2814 subesse

502 2870 824 2941 intelligatur
844 2867 1017 2935 imago
1042 2880 1055 2917 :
1079 2862 1203 2925 duo,
1229 2860 1466 2928 inquam,
1489 2862 1830 2916 scortatores,
1858 2862 2085 2920 quorum

503 2978 640 3019 unus
677 2961 825 3017 dives
852 2957 957 3023 sit,
998 2966 1197 3024 pauper
1220 2950 1400 3004 alter:
1433 2954 1551 3001 uter
1587 2957 1772 3000 eorum
1808 2941 2087 2997 meliorem

504 3054 669 3111 habet
693 3065 842 3122 spem
874 3044 1093 3103 salutis?
1137 3041 1285 3097 Haud
1312 3038 1530 3095 dubium
1557 3034 1682 3106 quin
1713 3048 1930 3104 pauper.
1969 3030 2087 3122 Noli

504 3159 633 3214 ergo
683 3121 906 3197 dicere:
937 3137 1089 3193 dives
1136 3140 1439 3195 scortntur,
1487 3135 1542 3182 et
1584 3126 1775 3195 opibus
1818 3121 2085 3187 abundat;

507 3236 704 3291 idcirco
751 3232 963 3287 beatum
1002 3227 1176 3297 ipsum
1223 3221 1455 3294 pra-dico
1493 3234 1509 3274 :
1563 3217 1691 3288 quin
1738 3216 1912 3287 potius
1958 3215 2087 3269 beao

508 3330 621 3376 tum
646 3319 792 3373 illum
812 3331 841 3369 a
863 3323 916 3369 te
934 3310 1209 3384 pmdicari
1224 3305 1524 3379 oportebat,
1540 3306 1584 3359 si
1604 3319 1724 3359 cum
1743 3309 2083 3367 scortaretur,

508 3423 712 3482 pauper
734 3413 877 3464 esset
907 3422 921 3459 :
947 3404 994 3460 si
1031 3418 1153 3459 cum
1183 3407 1526 3462 scortaretur,
1552 3396 1692 3451 fame
1713 3401 2043 3466 premeretur
2069 3409 2085 3447 :

509 3500 730 3555 haberet
754 3497 894 3553 enim
920 3494 1166 3549 adactum
1202 3489 1518 3546 necessitate
1552 3487 1825 3542 doctorem
1855 3483 2089 3555 philoso-

511 3593 670 3664 phiae,
698 3594 1083 3662 paupertatem.
1109 3584 1243 3640 Cum
1282 3583 1441 3652 igitur
1469 3578 1767 3650 improbum
1788 3574 1985 3631 videris
2004 3588 2088 3629 se-

509 3684 683 3743 cunda
720 3689 956 3738 utentem
986 3678 1218 3743 fortuna,
1244 3677 1537 3745 lacrymare
1562 3688 1575 3725 :
1603 3670 1709 3726 duo
1729 3670 1924 3741 quippe
1948 3666 2088 3723 mala

496 3787 658 3845 sunt,
678 3775 866 3833 morbo
892 3772 1089 3843 urgeri,
1113 3779 1168 3825 et
1195 3766 1538 3822 insanabilem
1566 3777 1703 3819 esse.
1730 3762 1863 3818 Cum
1892 3760 2090 3816 videris

510 3869 811 3941 improbum
838 3863 1226 3921 calamitatibus
1255 3859 1444 3930 premi,
1473 3857 1772 3924 consolare,
1796 3870 1902 3911 non
1928 3853 2090 3910 modo

510 3961 633 4033 quia
658 3958 850 4015 melior
872 3954 1134 4018 redditur,
1165 3950 1257 4007 sed
1281 3950 1402 4021 quia
1431 3948 1591 4003 multa
1619 3947 1734 4017 ejus
1760 3954 1976 4015 peccata
2003 3943 2091 4000 hic

511 4050 812 4120 expiantur.
856 4044 1086 4101 Attende
1123 4043 1402 4112 diligenter
1424 4038 1489 4094 ad
1516 4054 1578 4093 ea
1604 4052 1722 4107 qua:
1743 4037 1898 4102 dico;
1935 4034 2088 4090 multi

513 4142 759 4198 homines
780 4146 835 4194 et
857 4137 946 4192 hic
969 4136 1265 4206 expiantur,
1297 4140 1352 4187 et
1385 4131 1492 4185 illic
1519 4129 1820 4199 plectuntur
1849 4144 1864 4182 :
1893 4128 1981 4182 alii
2006 4127 2092 4181 hic

512 4242 741 4298 tantum,
787 4230 876 4285 alii
928 4228 1036 4283 illic
1082 4235 1307 4282 tantum.
1364 4220 1526 4291 lnfige
1570 4220 1748 4274 animo
1792 4217 2090 4274 doctrinam

516 4338 690 4379 meam
722 4339 737 4377 :
762 4320 850 4377 hic
876 4319 1070 4389 quippe
1095 4330 1274 4372 sermo
1294 4322 1481 4368 exacte
1507 4311 1777 4367 discussus
1801 4309 1994 4365 multas
2021 4323 2090 4365 ex

514 4414 695 4469 animo
718 4420 811 4466 tuo
831 4408 1265 4481 perturbationes
1290 4403 1486 4474 ejiciet.

586 4506 793 4561 Beatius
817 4516 889 4559 est
930 4505 984 4557 in
1009 4502 1105 4555 hac
1140 4501 1243 4556 uita
1270 4496 1462 4570 puniri.
1502 4524 1571 4536 —
1597 4493 1706 4551 Sed
1751 4494 1978 4564 primum
1999 4534 2016 4560 ,
2045 4493 2091 4549 si

513 4599 707 4669 placet,
740 4597 794 4651 iu
828 4594 1060 4650 medium
1088 4590 1421 4663 proferamus
1460 4602 1581 4643 eum
1601 4627 1617 4654 ,
1644 4588 1735 4656 qui
1764 4585 1872 4640 illic
1905 4584 2092 4656 punia-

512 4699 623 4756 tur,
655 4689 742 4744 hic
767 4702 895 4744 vero
915 4686 1121 4742 deliciis
1156 4681 1354 4753 potitus
1376 4681 1533 4736 fuerit
1563 4699 1575 4735 :
1600 4679 1875 4735 attendant
1900 4679 2093 4736 divites

511 4790 566 4836 et
603 4791 865 4851 pauperes
884 4778 950 4831 iis
981 4791 1098 4847 quae
1117 4774 1366 4829 dicuntur
1393 4790 1408 4827 :
1439 4772 1679 4842 utrisque
1714 4786 1942 4841 namque
1967 4785 2093 4841 per-

514 4871 660 4926 utilis
698 4877 782 4924 est
817 4867 1077 4923 doctrina.
1105 4864 1175 4921 Ut
1210 4862 1353 4919 enim
1382 4863 1521 4917 scias
1557 4861 1642 4917 hic
1679 4871 1735 4918 et
1765 4861 1875 4917 illic
1898 4861 2096 4916 multos

516 4961 716 5032 puniri,
746 4957 1015 5015 Christum
1043 4954 1305 5011 dicentem
1334 4952 1456 5008 audi
1486 4950 1590 5007 :ln
1609 4966 1971 5024 quamcumque
1996 4967 2093 5005 au-

514 5064 620 5106 tem
641 5051 889 5106 civitatem
926 5058 1011 5102 aut
1040 5046 1244 5101 domum
1280 5044 1586 5099 intraveritis
1604 5084 1619 5108 ,
1650 5042 1893 5096 intrantes
1916 5042 1971 5095 in
1999 5043 2094 5095 do-

514 5158 655 5197 mum
698 5140 915 5196 salutate
956 5155 1067 5192 eam
1100 5138 1357 5191 dicentes:
1399 5152 1503 5207 paa:
1550 5134 1666 5188 huic
1708 5135 1929 5199 domui;
1970 5142 2017 5187 et
2053 5134 2098 5187 si

518 5234 720 5303 quidem
751 5231 904 5303 fuerit
923 5229 1103 5283 domus
1130 5227 1221 5280 illa
1243 5227 1417 5298 digna,
1444 5227 1608 5280 ueniat
1632 5241 1736 5295 pas:
1762 5233 1923 5280 vestra
1944 5240 2098 5295 super

518 5339 666 5389 eam;
691 5323 738 5376 si
771 5330 937 5375 autem
961 5334 1062 5372 non
1086 5319 1235 5389 fuerit
1275 5318 1447 5388 digna,
1477 5332 1580 5386 pax
1620 5326 1782 5369 vestra
1823 5324 2099 5369 revertatur

520 5414 590 5467 ad
610 5429 714 5467 vos.
747 5411 814 5466 Et
848 5411 1144 5483 quicumque
1172 5425 1272 5463 non
1304 5410 1541 5479 receperit
1565 5422 1669 5473 vas,
1691 5423 1847 5477 neque
1878 5408 2097 5461 audierit

518 5522 783 5561 sermones
819 5510 1039 5567 vestros,
1085 5508 1320 5554 exeuntes
1360 5498 1496 5568 foras
1534 5498 1597 5551 de
1634 5499 1849 5565 civitate,
1886 5498 2101 5552 excutite

525 5594 775 5665 pulverem
816 5592 878 5645 de
905 5592 1111 5660 pedibus
1144 5592 1334 5646 vestris.
1367 5592 1525 5644 Amen
1566 5592 1682 5645 dico
1714 5592 1879 5656 vobis,
1913 5591 2099 5645 tolera-

527 5684 679 5741 bilius
705 5686 797 5738 erit
836 5692 983 5739 terrm
1007 5684 1351 5738 Sodomorum
1386 5692 1430 5737 et
1464 5680 1907 5737 Gomorrhworum
1943 5683 1996 5736 in
2021 5683 2103 5737 die

526 5778 896 5851 judicii,quam
922 5776 999 5829 illi
1022 5776 1227 5830 civitati.
1260 5775 1326 5829 In
1353 5791 1714 5846 quamcumque
1738 5784 1902 5830 autem
1923 5775 2099 5830 civita-

1236 360 1294 416 S.
1333 356 1610 415 JOANNIS
1645 348 2120 411 CHRYSOSTOMI
2159 349 2476 408 ARCHIEP.
2518 347 3055 406 CONS’I‘ANTINOP.

3639 352 3769 408 1039

2189 474 2288 519 tem
2307 475 2395 520 aut
2414 466 2620 521 domum
2640 466 2968 533 intraueritis,
2990 467 3291 538 interrogate
3304 468 3417 536 quis
3440 467 3493 523 in
3514 484 3576 522 ea
3597 470 3771 540 dignas

2184 556 2280 620 sit,
2304 566 2355 611 et
2385 556 2456 611 ibi
2482 568 2710 625 manete,
2751 559 2911 613 donec
2937 560 3124 613 exeatis
3147 559 3362 630 (Matth.
3402 561 3494 616 10.
3534 562 3653 631 Η).
3693 563 3767 617 Ex

2184 646 2269 703 his
2292 648 2462 719 liquet
2502 648 2807 705 Sodomitas
2836 660 2891 706 ct
2931 650 3309 708 Gomorrlueos
3346 663 3401 709 et
3437 654 3527 710 hic
3566 656 3770 724 punitos

2186 736 2369 805 fuisse,
2394 749 2448 794 et
2472 739 2581 795 illic
2600 740 2757 810 plecti
2782 758 2796 797 :
2827 756 2947 798 cum
2969 744 3111 798 enim
3133 744 3273 799 dicat
3298 746 3637 802 tolerabilius
3668 748 3771 804 fore

2182 830 2472 887 Sodomitis
2499 848 2657 902 quam
2685 833 2821 901 istis,
2850 834 3082 890 ostendit
3106 850 3199 891 eos
3229 836 3386 907 plecti
3417 838 3664 908 quidem,
3686 840 3771 895 sed

2186 938 2292 978 non
2323 924 2394 979 ita
2427 934 2483 979 ut
2505 926 2612 980 isti.

2256 1016 2307 1069 4.
2337 1016 2471 1071 Sunt
2509 1031 2723 1083 rursus,
2755 1016 2847 1087 qui
2872 1017 3175 1089 plectuntur
3215 1021 3303 1077 hic
3329 1031 3538 1078 tantum
3563 1066 3580 1090 ,
3608 1035 3663 1079 ut
3693 1026 3770 1082 ille

2185 1115 2484 1161 scortator:
2532 1107 2611 1162 sic
2652 1109 2795 1163 enim
2839 1109 2908 1164 ad
2951 1110 3257 1167 Corinthios
3305 1116 3557 1170 scribens
3596 1117 3770 1173 beatus

2186 1197 2377 1252 Paulus
2421 1198 2667 1253 diccbat:
2703 1198 2923 1255 Omnino
2959 1202 3164 1255 auditur
3199 1204 3327 1258 inter
3370 1221 3459 1259 vos
3486 1207 3767 1277 [aruit-alio,

2185 1302 2229 1343 et
2255 1290 2370 1343 talis
2395 1293 2683 1363 foruicatio,
2713 1294 2879 1362 qualis
2902 1310 2994 1347 nec
3021 1296 3149 1348 inter
3168 1306 3355 1367 gentes,
3386 1300 3461 1351 ita
3487 1310 3546 1351 ut
3573 1317 3771 1355 uxorem

2187 1385 2343 1455 patris
2388 1387 2467 1440 sui
2510 1388 2692 1457 aliquis
2730 1387 2930 1441 habeat.
2974 1387 3038 1442 Et
3081 1404 3166 1443 vos
3207 1392 3373 1461 inﬂati
3410 1394 3566 1460 estis,
3596 1405 3644 1447 et
3679 1411 3768 1449 non

2185 1479 2345 1547 magis
2369 1477 2560 1531 luctum
2584 1478 2860 1544 habuistis,
2893 1488 2949 1531 ut
2995 1479 3201 1534 tollatur
3234 1482 3297 1535 de
3324 1483 3494 1536 medio
3528 1495 3767 1551 uestrum,

2185 1572 2270 1639 qui
2296 1571 2390 1625 hoc
2418 1588 2545 1643 opus
2574 1573 2711 1645 fecit.
2746 1571 2855 1643 Ego
2876 1573 3076 1641 quidem
3096 1573 3271 1629 absens
3296 1590 3530 1645 corpore,
3563 1594 3771 1646 prmus

2184 1673 2350 1717 autem
2375 1664 2580 1733 spiritu,
2604 1665 2717 1735 jam
2734 1664 2964 1735 judicavi
2986 1674 3039 1717 ut
3066 1680 3283 1735 praesens
3308 1682 3423 1719 eum
3450 1669 3542 1737 qui
3566 1669 3638 1722 sic
3665 1686 3771 1737 ope—

2184 1762 2324 1808 ratus
2352 1755 2498 1809 estin
2532 1755 2733 1809 nomine
2759 1754 2965 1815 Domini
2990 1757 3149 1810 nostri
3167 1754 3290 1811 Jesu
3314 1757 3539 1826 Christi,
3569 1775 3771 1831 congre-

2185 1847 2316 1916 gatis
2345 1847 2506 1914 nobis,
2530 1857 2576 1903 et
2592 1849 2774 1918 spiritu
2803 1864 2936 1915 meo,
2970 1848 3167 1902 tradere
3193 1850 3488 1919 hujusmodi
3513 1862 3705 1906 satam:
3725 1855 3770 1906 in

2186 1937 2447 1993 interitum
2486 1940 2687 2003 carnis,
2715 1948 2768 1993 ut
2794 1939 3003 2010 spiritus
3045 1940 3214 1994 salvus
3260 1941 3322 1994 sit
3364 1941 3419 1994 in
3446 1942 3532 1996 die
3576 1942 3770 1997 Domini

2184 2027 2313 2084 Iesu
2368 2029 2444 2103 (l.
2482 2029 2599 2088 Cor.
2644 2031 2699 2087 5.
2751 2032 2827 2101 l).
2880 2030 3041 2086 Vides
3101 2040 3160 2087 ut
3213 2030 3298 2087 hic
3349 2033 3607 2102 puniatur
3648 2034 3767 2101 iste,

2189 2136 2291 2179 nec
2340 2122 2450 2179 illic
2492 2123 2778 2194 puniatur?
2824 2121 2957 2178 Nam
2999 2123 3246 2192 quoniam
3296 2123 3387 2179 hic
3428 2124 3550 2194 ejus
3589 2140 3771 2195 corpus

2194 2214 2435 2284 punitum
2478 2222 2581 2279 est,
2624 2214 2733 2268 illic
2759 2229 2864 2268 non
2888 2214 3121 2284 punitur.
3154 2213 3270 2269 Jam
3306 2216 3599 2271 ostendere
3636 2216 3769 2270 illum

2190 2307 2336 2373 volo,
2364 2305 2455 2377 qui
2482 2305 2687 2362 deliciis
2716 2305 2803 2361 hic
2831 2305 3065 2369 fruatur,
3101 2314 3155 2360 et
3186 2306 3290 2359 illic
3317 2305 3604 2375 plectatur.
3634 2307 3771 2361 Diva

2190 2407 2299 2454 erat
2327 2399 2556 2468 quidam.
2587 2401 2657 2453 At
2687 2397 2899 2453 tametsi
2943 2396 3182 2451 historia:
3225 2398 3596 2454 narrationem
3635 2409 3772 2453 ante-

2189 2489 2395 2545 vertitis
2417 2528 2435 2557 ,
2463 2497 2771 2559 exspectate
2814 2488 2971 2543 littem
3007 2487 3298 2553 orationis;
3328 2487 3444 2544 haec
3485 2491 3635 2544 enim
3666 2506 3773 2545 mea

2190 2584 2308 2639 laus
2332 2592 2436 2651 est,
2469 2590 2815 2653 vestrumque
2858 2581 3183 2650 praeconium
3204 2622 3219 2648 ,
3251 2592 3307 2635 ut
3342 2582 3452 2651 jam
3479 2581 3614 2636 dum
3644 2582 3773 2652 prin-

2190 2675 2329 2746 cipia
2368 2683 2652 2741 seruntur,
2692 2687 2788 2729 vos
2829 2681 3038 2743 segetes
3082 2672 3344 2743 colligatis
3389 2673 3653 2728 :assidua
3690 2688 3773 2728 vos

2190 2780 2499 2822 sermonum
2547 2764 2751 2820 auditio
2797 2764 3046 2820 doctores
3088 2763 3358 2819 reddidit:
3398 2763 3493 2818 sed
3525 2768 3773 2834 quoniam

2192 2858 2464 2914 vobiscum
2493 2866 2549 2913 et
2586 2855 2825 2911 nonnulli
2848 2855 3114 2926 peregrini
3159 2864 3284 2909 sunt
3318 2855 3584 2925 ingressi,
3618 2856 3775 2910 nolite

2192 2964 2430 3015 currere,
2458 2948 2554 3005 sed
2579 2963 2674 3003 eos
2691 2948 2780 3018 qui
2810 2947 3129 3013 claudicant,
3156 2955 3476 3017 exspectate.
3501 2946 3777 3018 Siquidem

2193 3054 2393 3111 corpus
2417 3049 2500 3095 est
2520 3039 2760 3094 Ecclesia
2789 3055 2803 3093 :
2832 3038 3046 3094 oculum
3075 3038 3233 3093 habet
3253 3046 3306 3093 et
3329 3038 3695 3109 caputbabet.
3718 3039 3779 3096 Ut

2192 3133 2354 3204 igitur
2382 3131 2429 3187 si
2452 3132 2701 3187 calcaneo
2722 3131 2877 3201 spina
2917 3133 2985 3187 sit
3021 3132 3203 3199 infixa,
3232 3130 3476 3186 deorsum
3502 3132 3703 3187 oculus
3726 3147 3779 3187 se

2194 3224 2437 3289 inclinat,
2462 3222 2605 3293 quod
2644 3222 2944 3277 membrum
2979 3223 3048 3277 sit
3084 3222 3326 3291 corporis
3353 3264 3367 3287 ,
3403 3238 3579 3293 neque
3605 3223 3776 3280 dicit:

2194 3313 2636 3385 Quandoquidem
2666 3315 2721 3368 in
2746 3314 2858 3370 alto
2898 3313 3083 3381 sedeo,
3114 3314 3409 3369 membrum
3435 3313 3586 3384 quod
3628 3314 3777 3371 deor-

2194 3422 2312 3462 sum
2334 3415 2417 3462 est
2443 3406 2592 3461 nibili
2612 3405 2785 3475 facio;
2817 3406 2912 3462 sed
2938 3406 3157 3461 inclinat
3183 3420 3265 3473 se,
3293 3420 3555 3477 suamque
3578 3407 3777 3465 desait

2194 3495 2530 3553 altitudinem
2560 3512 2574 3550 :
2605 3496 2817 3552 tametsi
2857 3496 2983 3567 quid
3016 3496 3266 3558 calcaneo
3296 3495 3485 3552 vilius?
3511 3508 3612 3552 aut
3657 3499 3777 3570 quid

2194 3589 2354 3645 oculo
2382 3589 2650 3645 nobilius?
2675 3588 2782 3646 Sed
2826 3589 3238 3659 inaequalitatem
3280 3590 3523 3659 cognatio
3574 3602 3777 3647 natm-1e

2186 3680 2436 3750 corrigit,
2467 3687 2521 3734 et
2548 3680 2741 3735 caritas
2765 3680 2945 3734 omnia
2972 3680 3180 3734 miscet.
3225 3679 3303 3735 lta
3326 3679 3408 3734 fac
3437 3688 3493 3734 tu
3518 3696 3773 3753 quoque:

2194 3770 2437 3841 quamvis
2458 3770 2601 3825 celer
2625 3779 2681 3825 et
2704 3770 2985 3839 expeditus
3025 3770 3130 3835 sis,
3158 3782 3317 3842 atque
3342 3770 3409 3825 ad
3452 3771 3773 3828 audiendum

2193 3872 2433 3934 paratus,
2458 3862 2505 3918 si
2529 3861 2746 3916 fratrem
2780 3861 2997 3927 habeas,
3024 3862 3115 3931 qui
3138 3877 3199 3917 ea
3230 3878 3347 3932 quae
3372 3875 3771 3932 proponuntur,

2194 3954 2404 4023 assequi
2437 3960 2699 4023 nequeat,
2741 3952 3030 4008 descendat
3062 3954 3128 4008 ad
3168 3954 3368 4009 calcem
3411 3955 3604 4010 oculus
3629 3964 3771 4021 tuus,

2195 4042 2548 4100 claudicantis
2570 4042 2795 4099 membri
2823 4044 3285 4099 commiseratione
3311 4052 3585 4116 tangatur,
3621 4047 3695 4102 ita
3720 4057 3771 4101 ut

2192 4135 2267 4192 ob
2298 4145 2442 4191 tuam
2466 4135 2795 4192 celeritatem
2821 4144 2875 4191 et
2913 4136 3054 4191 illius
3092 4135 3392 4191 tarditatem
3426 4152 3628 4207 expers
3670 4154 3772 4194 ser-

2196 4227 2375 4281 monis
2404 4226 2518 4295 ipse
2535 4240 2640 4282 non
2662 4234 2876 4281 maneat
2900 4244 2912 4280 :
2946 4227 3052 4281 noli
3078 4236 3169 4281 tua
3195 4227 3537 4297 intelligentia
3562 4231 3621 4283 in
3644 4231 3772 4285 illius

2198 4315 2488 4387 perniciem
2513 4314 2680 4383 abuti,
2713 4315 2807 4371 sed
2830 4317 2898 4371 ob
2926 4325 3069 4371 tuam
3091 4317 3420 4373 celeritatem
3454 4318 3567 4373 Deo
3586 4323 3772 4390 gratias

2198 4420 2318 4477 age.
2344 4405 2503 4462 Dives
2538 4407 2635 4461 es?
2660 4406 2868 4476 gaudeo
2897 4406 3347 4477 vehementerque
3380 4407 3535 4463 laetor
3559 4425 3578 4462 :
3615 4421 3671 4464 at
3694 4411 3771 4465 ille

2202 4513 2403 4569 pauper
2425 4498 2600 4553 adhuc
2620 4509 2703 4553 est
2732 4515 2745 4551 :
2774 4514 2842 4554 ne
2866 4507 3082 4568 propter
3102 4500 3313 4554 divitias
3338 4509 3456 4554 tuas
3474 4501 3528 4555 in
3550 4512 3772 4571 egestate

2202 4600 2435 4646 maneat.
2485 4591 2703 4661 Spinam
2732 4591 2891 4647 habet
2915 4592 3039 4660 ille,
3072 4592 3431 4662 perturbatam
3473 4596 3768 4650 rationem:

2203 4692 2259 4739 tu
2284 4697 2412 4739 vero
2437 4682 2511 4749 ad
2526 4683 2672 4738 illum
2706 4683 2989 4751 descende,
3038 4699 3100 4739 ac
3121 4685 3324 4755 spinam
3362 4687 3616 4742 extrahe.
3649 4686 3769 4755 Quid

2205 4774 2362 4844 igitur
2389 4774 2501 4830 ait?
2538 4774 2690 4829 Dives
2729 4784 2835 4829 erat
2862 4775 3099 4847 quidam;
3136 4776 3383 4843 nomine,
3429 4791 3540 4831 non
3568 4780 3769 4849 reipa;

2203 4866 2353 4921 dives
2377 4876 2494 4922 erat
2518 4867 2732 4939 quidam
2763 4883 2993 4937 purpura
3024 4867 3264 4934 indutus.
3285 4869 3372 4924 cui
3401 4885 3592 4926 mensa
3623 4886 3773 4943 appo-

2204 4957 2432 5013 nebatur
2451 4960 2667 5030 opipara
2692 4999 2708 5025 ,
2738 4960 2845 5014 vini
2877 4969 3114 5016 crateres
3139 4960 3338 5016 habens
3358 4974 3671 5028 coronatos,
3695 4965 3773 5033 qui

2204 5050 2447 5104 convivia
2472 5050 2710 5119 quotidie
2737 5050 3076 5115 celebrabat;
3103 5050 3237 5107 alter
3272 5066 3399 5107 vero
3425 5052 3647 5123 quidam
3676 5066 3773 5111 erat

2208 5154 2427 5209 pauper,
2455 5140 2686 5195 Lazarus
2709 5142 2923 5195 nomine
2955 5139 3108 5212 (Luc.
3134 5141 3225 5197 16.
3253 5141 3367 5213 l9).

2280 5229 2382 5283 Cur
2420 5247 2601 5285 nomen
2642 5231 2811 5285 divitis
2853 5246 2955 5285 non
2992 5232 3057 5287 sit
3095 5248 3403 5301 expressum.
3431 5259 3506 5275 ε·-
3532 5234 3638 5290 Ubi
3666 5250 3775 5305 ergo

2210 5337 2407 5377 nomen
2432 5322 2611 5376 divitis
2636 5324 2659 5376 ?
2687 5322 2978 5393 Nusquam,
3005 5325 3200 5394 quippe
3220 5322 3312 5395 qui
3341 5326 3562 5381 nomine
3590 5339 3773 5381 careat.

2209 5412 2429 5480 Quantae
2472 5413 2711 5468 divitiae?
2758 5412 2868 5469 Nec
2913 5422 3087 5469 tamen
3141 5414 3219 5468 illi
3265 5430 3460 5470 nomen
3506 5420 3774 5485 reperitur.

2209 5503 2402 5570 Quales
2433 5502 2644 5557 tandem
2670 5503 2753 5559 bm
2777 5504 3023 5558 divitiae?
3052 5505 3224 5560 Arbor
3253 5505 3395 5561 foliis
3416 5521 3676 5573 vernans,
3700 5506 3776 5561 sed

2211 5595 2384 5651 fructu
2422 5595 2671 5651 destituta
2705 5614 2719 5651 :
2762 5610 2990 5666 quercus
3031 5596 3083 5651 in
3128 5597 3294 5652 altum
3336 5607 3589 5667 protensa
3616 5641 3635 5664 ,
3680 5614 3778 5669 qu

2210 5686 2454 5757 glandem
2512 5688 2679 5743 brutis
2730 5688 3085 5742 animantibus
3136 5687 3187 5741 in
3242 5687 3416 5741 cibum
3469 5690 3777 5757 suppeditat,

2217 5777 2375 5833 homo
2403 5779 2490 5849 qui
2519 5779 2742 5833 fructum
2774 5793 2877 5833 non
2906 5776 3067 5833 habet
3094 5776 3341 5833 hominis.
3378 5776 3474 5833 Ubi
3500 5776 3649 5833 enim
3672 5778 3779 5833 divi-
