3884 6258
122 385 256 436 1031

120 518 237 562 σον,
270 499 395 552 εἰπέ
429 516 539 568 μοι,
569 500 890 573 μακαρίζεις
918 500 1125 566 τοῦτον,
1160 500 1519 573 ἦταλανίζεις
1540 519 1554 565 ;
1576 501 1701 554 Ἐἀν

119 586 178 639 δὲ
203 587 398 656 ἕτερον
425 584 539 654 ἴδῃς
573 584 743 655 ὑδέρῳ
775 598 799 625 ι
828 586 1211 655 κατεχόμενον,
1261 585 1518 656 ίατρικῶν
1567 586 1696 638 ἀποο

121 668 368 722 λαύοντα
391 670 623 741 χειρῶν,
654 670 800 741 λιμῷ
833 670 1022 724 ἑαυτὸν
1055 670 1349 733 ἐκδιδόντα,
1398 671 1454 722 ἐν
1501 670 1705 740 ἀπορίᾳ

123 752 302 821 πολλῇ
334 754 484 815 ὄντα,
540 755 853 824 φαρμάκοις
900 752 1411 827 προσκαρτεροῦντα
1466 753 1701 822 πικροῖς,

121 836 317 904 ἔχουσι
354 836 452 905 μὲν
487 836 702 907 ὀδύνην,
717 836 961 891 τίκτουσι
982 837 1039 889 δέ
1065 837 1151 889 διὰ
1171 837 1270 906 τῆς
1284 834 1471 905 ὀδύνης
1496 834 1701 901 ὑγείαν,

121 918 250 985 οὐχὶ
286 918 476 972 τοῦτον
498 919 640 990 ὑπὲρ
667 921 872 973 ἐκεῖνον
906 920 1229 989 μακαρίζεις
1254 934 1268 983 ς
1294 916 1664 987 -Ὧμολόγηται
1688 933 1699 945 ο

122 1000 153 1052 6
180 1000 285 1069 μὲν
317 1001 422 1071 γάρ
454 1004 619 1063 νοσεῖ.
644 1000 739 1056 καὶ
770 1002 831 1054 ού
858 1000 1219 1073 θεραπεύεται
1244 1016 1257 1029 °
1285 1002 1314 1053 6
1337 1000 1393 1054 δὲ
1426 1002 1587 1062 νοσεῖ,
1611 998 1704 1051 καλ⁸

123 1081 395 1136 ἀπολαύει
444 1083 702 1154 ἰατρείας.
746 1084 884 1137 Ἀλλ’
928 1084 1246 1153 ἐπίπονοςὴ
1288 1082 1516 1152 ἰατρεία.
1566 1081 1704 1133 Ἀλλ’

121 1164 405 1234 ὠφέλιμον
434 1166 604 1236 αὐτῆς
632 1166 693 1219 τὸ
710 1166 879 1229 τέλος.
912 1166 1099 1230 Οὕτως
1124 1166 1239 1220 ἐστὶ
1259 1166 1352 1218 καὶ
1375 1167 1431 1217 ἐν
1456 1164 1533 1234 τῷ
1561 1181 1703 1235 παρ-

122 1247 243 1299 όντι
309 1248 430 1319 βίῳ.
473 1248 611 1301 Ἀλλ’
642 1249 749 1302 ἀπὸ
778 1249 886 1302 τῶν
918 1249 1185 1320 σωμάτων
1226 1248 1405 1316 ἄπαγε
1427 1248 1517 1301 τὸν
1548 1246 1704 1315 λόγον

122 1330 217 1383 ἐπὶ
245 1330 350 1394 τάς
381 1330 579 1401 ψυχάς,
612 1330 722 1385 ἀπὸ
752 1332 859 1385 τῶν
881 1331 1202 1402 νοσημάτων
1233 1329 1326 1383 ἐπὶ
1363 1330 1429 1383 τά
1451 1330 1702 1400 ἁμαρτή-

124 1429 300 1482 ματα,
331 1413 441 1467 ὕπὸ
457 1414 555 1484 τῆς
586 1413 810 1484 πικρίας
835 1413 945 1468 τῶν
965 1413 1271 1485 φαρμάκων
1298 1413 1391 1467 ἐπὶ
1417 1414 1515 1476 τὰς
1530 1429 1704 1481 τιμω-

125 1495 253 1564 ρίας
288 1496 383 1549 καὶ⁸
415 1497 516 1567 τὴν
566 1497 751 1568 κρίσιν
806 1496 902 1550 τοῦ
946 1496 1103 1551 Θεοῦ.
1144 1497 1321 1567 Ὅπερ
1344 1497 1452 1567 γάρ
1499 1496 1617 1547 ἐστι
1644 1494 1705 1547 τὸ

122 1579 424 1651 φάρμακον
474 1579 534 1633 τὺ
582 1580 733 1652 παρά
760 1579 853 1633 τοῦ
891 1579 1097 1649 ίατροῦ,
1134 1579 1229 1632 καὶ
1260 1580 1293 1648 ἡ
1322 1578 1463 1649 τομὴ
1516 1577 1610 1629 καὶ
1643 1576 1705 1631 τὸ

123 1660 262 1732 πῦρ,
288 1661 447 1714 τοῦτό
464 1664 611 1715 ἐστιν
641 1664 674 1733 ἠ
702 1662 941 1732 τιμωρία
965 1665 998 1732 ἡ
1026 1660 1177 1733 παρὰ
1197 1660 1289 1715 τοῦ
1312 1659 1467 1714 Θεοῦ.
1493 1660 1705 1729 Ὠσπερ

122 1744 236 1814 γάρ
269 1744 332 1798 τὸ
367 1744 478 1815 πῦρ
510 1744 769 1811 πολλάκις
792 1744 1131 1815 ἐπαγόμενον
1164 1743 1331 1806 καίει,
1373 1744 1467 1796 καὶ
1492 1742 1593 1812 τὴν
1620 1757 1705 1793 νο-

127 1825 237 1897 μὴν
268 1825 492 1891 κωλύει,
527 1827 623 1881 καὶ
649 1827 709 1880 τὸ
739 1827 977 1898 σιδήριον
998 1828 1308 1896 ἀφαιρεῖται
1351 1824 1447 1895 τὴν
1474 1822 1704 1896 σηπεδό-

123 1926 212 1972 να,
241 1910 368 1979 ἔχον
395 1908 496 1980 μὲν
530 1909 743 1980 όδύνην,
780 1910 1015 1981 παρέχον
1033 1910 1088 1962 δέ
1119 1908 1414 1978 ὡφέλειανσ
1444 1906 1584 1960 οὕτω
1610 1906 1705 1959 καὶ

122 1993 285 2062 λιμὸς
319 1994 414 2047 καὶ
441 1994 620 2065 λοιμοὶ
658 1994 751 2048 καὶ
779 1996 880 2049 ὅσα
906 1992 1053 2047 κακά
1088 1989 1348 2046 δοκοῦντα
1373 1986 1539 2057 εἶναι,
1583 1991 1703 2045 ἀντὶ

124 2076 347 2147 σιδήρου
382 2078 475 2131 καὶ
506 2077 678 2147 πυρὸς
708 2078 1003 2145 ἐπάγονται
1027 2079 1092 2147 τῇ
1124 2076 1294 2147 ψυχῇ,
1313 2074 1401 2128 ῖνα
1420 2074 1518 2146 τὴν
1534 2072 1704 2143 νομὴν

122 2160 230 2212 τῶν
260 2160 583 2231 νοσημάτων
606 2159 749 2214 κατά
778 2160 877 2231 τὴν
919 2159 1103 2214 εἰκόνα
1138 2158 1247 2211 τῶν
1295 2156 1559 2228 σωμάτιον
1592 2173 1703 2211 κω-

122 2241 264 2313 λύσῃ
300 2244 396 2296 καὶ
448 2242 696 2312 βελτίονα
743 2242 1064 2314 ἐργάσηται.
1113 2240 1285 2296 Πάλιν
1342 2239 1583 2293 ἔστωσαν
1612 2237 1705 2291 δύο

124 2326 340 2395 πόρνοι,
374 2326 467 2379 καὶ
494 2326 802 2380 ὑποκείσθω
824 2325 901 2397 τῷ
918 2326 1060 2398 λόγῳ
1088 2326 1121 2397 ἠ
1153 2322 1317 2378 εἰκών
1337 2340 1351 2354 ο
1377 2322 1471 2378 δύο
1492 2322 1700 2393 πόρνοι·

121 2408 241 2461 ἀλλ’
278 2410 306 2461 6
346 2410 444 2478 μέν
476 2409 750 2474 πλούσιος.
784 2412 813 2464 6
835 2409 891 2463 δὲ
920 2408 1109 2477 πένης.
1135 2407 1231 2470 Τίς
1262 2406 1463 2477 μᾶλλον
1482 2404 1705 2469 ἐλπίδας
1736 2470 1739 2475 ί

124 2492 406 2562 σωτηρίας
430 2492 579 2562 έχει;
619 2492 975 2563 Ὠμολόγηται
1007 2489 1248 2561 δηλονότι
1301 2491 1328 2543 6
1371 2487 1561 2558 πένης.
1610 2486 1703 2559 Μὴ

120 2574 309 2627 τοίνυν
335 2576 493 2643 εἴπῃς
518 2616 532 2639 ,
563 2575 643 2628 ὅτι
684 2575 715 2627 6
760 2573 1013 2637 πλούσιος
1052 2571 1305 2643 πορνεύει
1337 2571 1430 2624 καὶ
1461 2570 1701 2635 πλουτεῖ,

124 2659 221 2711 καὶ
250 2657 341 2711 διά
372 2658 529 2711 τοῦτο
561 2659 849 2729 μακαρίζω
878 2658 1061 2712 αὐτόν.
1104 2655 1320 2710 Μᾶλλον
1356 2654 1463 2708 ἔδει
1505 2670 1565 2706 σε
1597 2670 1703 2723 μα·-

124 2741 377 2809 καρίζειν
409 2740 591 2809 αὑτὸν,
639 2742 687 2793 εί
721 2740 999 2813 πορνεύων
1028 2739 1268 2803 ἐπένετο,
1324 2739 1372 2791 εί
1428 2736 1705 2806 πορνεύων

124 2824 448 2893 ἐλίμωττεν’
480 2817 592 2894 εἶχε
610 2822 716 2896 γὰρ
738 2823 1053 2879 διδάσκαλον
1071 2819 1591 2893 κατηναγκασμένον
1607 2818 1706 2888 τῆς

126 2907 452 2977 φιλοσοφίας
477 2908 575 2979 τὴν
597 2907 807 2961 πενίαν.
836 2909 1004 2961 Ὅταν
1031 2908 1147 2980 ἴδῃς
1176 2905 1343 2960 κακὸν
1372 2902 1706 2975 εὑημεροῦν-

123 3012 212 3060 τα,
250 2994 547 3065 δάκρυσονο
584 2992 677 3046 δύο
706 2992 814 3062 γὰρ
846 2992 1011 3057 κακά,
1048 2992 1140 3045 καὶ
1163 2991 1317 3055 νόσος
1343 2988 1436 3043 καὶ
1465 2988 1528 3041 τὸ
1552 2988 1706 3041 ἀνία-

124 3096 237 3133 τον.
265 3078 434 3131 Ὅταν
454 3076 567 3150 ἴδῃς
591 3077 759 3131 κακὸν
785 3078 842 3130 ἐν
864 3077 1167 3147 συμφοραῖς
1184 3073 1331 3137 ὄντα,
1353 3068 1703 3145 παραμυθοῦ,

127 3163 203 3234 μὴ
227 3162 321 3215 διά
340 3160 495 3215 τοῦτο
519 3161 700 3232 μόνον,
730 3160 813 3213 ὅτι
838 3159 1057 3230 βελτίων
1079 3158 1311 3227 γίνεται,
1339 3156 1452 3211 ἀλλ’
1475 3158 1557 3210 ὅτι
1586 3155 1707 3209 πολε

123 3245 191 3297 λά
217 3243 334 3296 τῶν
351 3243 759 3314 ἁμαρτημάτων
788 3243 951 3296 αὑτοῦ
970 3240 1199 3295 ἐνταῦθα
1212 3237 1503 3293 διαλύεται.
1531 3238 1707 3309 Πρόσ-

122 3344 216 3397 εχε
260 3328 400 3397 μετά
420 3327 706 3399 ἀκριϐείας
734 3324 812 3397 τῷ
838 3325 1001 3397 λόγῳ.
1036 3324 1229 3378 Πολλοὶ
1264 3325 1372 3377 τῶν
1404 3320 1707 3394 ἀνθρώπων

124 3413 222 3466 καὶ
272 3410 505 3464 ἐνταῦθα
558 3408 898 3476 διαλύονται,
934 3409 1028 3462 καὶ
1055 3410 1173 3462 ἐκεῖ
1212 3408 1519 3479 κρίνονταιο
1568 3406 1617 3459 οί
1650 3405 1708 3459 δὲ

125 3492 368 3548 ἐνταῦθα
408 3492 585 3563 μόνον,
611 3493 660 3545 οί
682 3492 741 3545 δὲ
764 3493 881 3547 ἐκεῖ
910 3491 1089 3562 μόνον.
1124 3490 1338 3560 Κάτεχέ
1373 3506 1474 3562 μου
1508 3488 1605 3562 τὴν
1629 3488 1707 3541 δι-

124 3574 425 3632 δασκαλίαν
443 3592 456 3605 ·
490 3568 644 3639 οὗτος
672 3573 780 3646 γάρ
808 3572 1203 3645 διευκρινηθεὶς
1227 3574 1256 3626 6
1280 3571 1437 3642 λόγος
1479 3570 1706 3635 πολλοὺς

126 3658 395 3731 θορύϐους
416 3656 635 3711 ἐκϐαλεῖ
664 3674 755 3710 σου
787 3655 882 3710 τοῦ
913 3654 1195 3728 λογισμοῦ.

213 3740 378 3806 Ἀλλ’,
414 3740 462 3794 εί
503 3739 670 3803 δοκεῖ,
705 3739 1119 3811 παραγάγωμεν
1166 3738 1246 3802 είς
1283 3736 1443 3807 μέσον
1494 3736 1706 3809 πρῶτον

124 3826 220 3881 τὸν
273 3826 388 3879 ὲκεί
426 3824 524 3895 μὲν
566 3822 945 3893 κολαζόμενον,
986 3819 1298 3875 ἐνταῦθαδέ
1326 3819 1706 3873 ἀπολαύσαντα

125 3909 367 3980 τρυφῆς.
399 3906 823 3979 Προσεχέτωσαν
852 3906 945 3958 καὶ
970 3903 1213 3958 πλούσιοι
1243 3900 1338 3956 καὶ
1369 3902 1599 3972 πένητες
1628 3897 1707 3969 τῷ

126 3993 429 4064 λεγομένῳ·
482 3990 763 4062 ἑκατέροις
817 3987 926 4060 γὰρ
984 3988 1253 4060 χρήσιμος
1296 3987 1329 4057 ὴ
1368 3983 1703 4038 διδασκαλία.

129 4080 262 4131 Ὅτι
288 4076 394 4145 γὰρ
423 4074 515 4129 καὶ⁸
547 4064 695 4146 [777]
728 4071 962 4126 ἐνταῦθα
993 4070 1087 4124 καὶ
1132 4070 1249 4122 ἐκεῖ
1284 4067 1468 4121 πολλοὶ
1497 4065 1709 4136 κρίνον-

124 4180 242 4224 ται,
268 4160 430 4213 ἀκουε
450 4158 543 4212 τοῦ
566 4156 801 4229 Χριστοῦ
827 4156 1092 4226 λέγοντος·
1122 4157 1228 4220 El;
1255 4151 1335 4221 ῆν
1358 4151 1409 4205 δ’
1434 4151 1509 4206 ἂν
1529 4152 1709 4204 πόλιν

124 4247 165 4312 ἢ
198 4244 399 4297 οὶκίαν
424 4239 754 4308 εἰσέλθητε,
782 4240 1191 4308 εἰσερχόμενοι
1225 4238 1315 4302 εὶς
1338 4234 1452 4303 τὴν
1487 4234 1704 4299 οὶκίαν,

126 4324 501 4381 ἀσπάσασθε
550 4322 765 4389 αὐτὴν,
817 4321 1119 4390 λέγοντες·
1157 4318 1379 4389 Είρήνη
1433 4314 1513 4382 τῷ
1564 4318 1709 4382 οἴκῳ

127 4410 343 4472 τούτῳ.
374 4408 503 4461 Κᾶν
525 4406 643 4476 μὲν
678 4401 718 4478 ᾗ
745 4407 783 4474 ἡ
822 4406 979 4460 οίκία
1002 4404 1165 4469 ἀξία,
1204 4401 1520 4457 εἰσελθέτω
1554 4402 1592 4471 ἡ
1628 4403 1707 4455 εί-

121 4492 288 4565 ρήνη
310 4489 478 4558 ὑμῶν
499 4489 591 4542 ἐπ’
612 4488 823 4557 αὐτην·
855 4488 964 4543 ἐὰν
991 4487 1058 4541 δὲ
1075 4486 1162 4558 μὴ
1189 4481 1231 4558 ᾖ
1254 4486 1414 4551 ἀξία.
1438 4486 1477 4554 ὴ
1501 4484 1709 4554 εἰρήνη

126 4574 303 4647 ὑμῶν
327 4574 418 4644 ἐφ’
452 4572 604 4644 ὑμᾶς
635 4571 1052 4640 ἐπιστραφήτω
1074 4570 1121 4625 δ.
1150 4570 1259 4626 Καὶ
1288 4570 1355 4637 ὃς
1398 4568 1475 4624 ἂν
1494 4568 1581 4639 μὴ
1614 4568 1709 4623 δέη

127 4661 313 4728 ξηται
335 4658 511 4729 ὑμᾶς,
537 4657 693 4728 μηδὲ
720 4658 956 4724 ἀκούσῃ
992 4655 1135 4722 τοὺς
1152 4657 1375 4725 λόγους
1402 4653 1587 4724 ὑμῶν,
1609 4654 1709 4718 ἐξ-

126 4744 449 4813 ερχόμενοι
497 4742 613 4807 ἔξω
674 4739 785 4809 τῆς
848 4740 1116 4805 πόλεως,
1191 4735 1536 4801 ἐκτινάξατε
1604 4737 1711 4791 τὸν

128 4826 451 4894 κονιορτὸν
497 4823 615 4879 τῶν
656 4822 857 4878 ποδῶν
899 4820 1086 4892 ὑμῶν.
1140 4820 1317 4891 Ἀμὴν
1346 4821 1500 4891 λέγω
1545 4822 1708 4890 ὑμῖν,

126 4912 528 4977 ἀνεκτότερον
558 4909 729 4961 ἐσται
760 4904 836 4975 γῇ
861 4905 1139 4975 Σοδόμων
1167 4903 1268 4957 καὶ
1297 4904 1616 4973 Γομόρρων
1641 4904 1712 4957 ὲν

128 4994 328 5066 ἡμέρᾳ
366 4992 639 5061 κρίσεως.
671 4990 709 5058 ἢ
737 4986 812 5057 τῇ
852 4990 1027 5043 πόλει
1051 4988 1271 5056 ἐκείνῃ.
1300 4988 1403 5053 εις
1436 4986 1517 5055 ἢν
1552 4987 1604 5042 δ’
1635 4988 1713 5043 ἂν

129 5080 322 5133 πόλιν
355 5075 393 5144 ἢ
426 5075 622 5128 οὶκίαν
650 5074 981 5141 είσέλθητε,
1017 5069 1341 5135 ἐξετάσατε
1385 5070 1475 5136 τίς
1499 5070 1569 5124 ἐν
1606 5073 1712 5127 αὺ-

128 5161 213 5229 τῇ
255 5158 422 5225 ἄξιός
459 5157 612 5220 ἐστι,
648 5153 825 5209 κάκεῖ
848 5154 1112 5223 μείνατε,
1156 5152 1267 5219 ἕως
1296 5153 1372 5207 ἂν
1400 5152 1708 5221 ἐξέλθητε.

142 5244 286 5299 Ἀπὸ
306 5242 508 5296 τούτων
535 5239 694 5310 δῆλον
723 5240 806 5292 ὅτι
826 5239 876 5291 οί
903 5238 1152 5308 Σοδόμων
1180 5238 1274 5292 καὶ
1298 5239 1590 5310 Γομόρρων
1618 5240 1712 5292 καὶ

130 5323 375 5381 ἐνταῦθα
427 5322 743 5393 ἐκρίθησαν,
798 5321 892 5375 καὶ
938 5321 1055 5374 ἐκεῖ
1104 5331 1126 5359 α
1170 5320 1507 5385 κολάζονται.
1542 5322 1711 5376 Ὅταν

132 5410 254 5480 γὰρ
289 5408 443 5479 λέγῃ,
492 5408 574 5461 ὃτι
617 5405 967 5476 ἀνεκτότερον
1019 5404 1169 5460 ἔσται
1214 5404 1468 5475 Σοδόμοις
1512 5405 1545 5476 ἢ
1587 5405 1710 5459 τού-

197 5640 217 5705 _'
240 5641 605 5705 γραεύδερεῑᾳ.

195 5702 227 5744 Β
255 5703 407 5768 Vali_c_.
432 5702 545 5765 πρὸς
568 5702 687 5768 ὒμᾷς
704 5706 1056 5768 ἀναστραφέτω.

198 5768 225 5797 ⁶
250 5768 331 5815 Sic
356 5763 531 5826 νωιιε,
564 5763 611 5815 ιιι
648 5763 818 5815 Morel.
842 5763 891 5816 ἐι
918 5764 1066 5818 Savil.
1094 5778 1208 5816 vero
1233 5768 1311 5815 καὶ
1332 5768 1516 5818 ἐκεῖθεν.

1348 381 1436 436 DE
1472 378 1750 435 LAZARO
1785 377 2034 435 CONCIO
2073 379 2160 436 Vl.

3242 377 3265 432 ί
3275 373 3383 433 0⁸52

1808 519 1942 567 τοις,
1968 504 2260 568 δείκνυσιν,
2300 502 2381 555 ὅτι
2416 500 2733 566 κολάζονται
2763 498 2884 568 μὲν,
2911 498 3009 567 οὐχ
3030 495 3171 549 οὕτω
3210 496 3269 553 δὲ
3303 497 3381 561 ὡς

1837 577 1863 601 τ

1806 600 1971 640 ουτοι.

1878 675 1919 729 δ’
1926 714 1939 728 .
1961 675 2129 729 Πάλιν
2148 676 2288 728 εἰσὶν
2316 676 2366 727 οί
2384 673 2615 727 ἐνταῦθα
2630 670 2977 735 κολαζόμενοι
2998 670 3178 739 μόνον,
3192 667 3381 739 ῶσπερ

1803 760 1834 812 6
1867 757 2273 829 πεπορνευκώς.
2300 757 2606 828 Κορινθίοις
2644 754 2751 823 γάρ
2780 752 3107 807 ἐπιστέλλων
3143 755 3172 806 6
3197 753 3380 822 μακά-

1809 858 1923 911 ριος
1974 840 2204 904 Παῦλος,
2250 840 2424 903 οὕτως
2483 840 2686 906 ἔλεγεν*
2741 838 2927 902 Ὅλως
2974 836 3253 891 ἀκούεται
3309 836 3381 889 ἐν

1805 923 1947 992 ὑμῖν
1969 924 2234 992 πορνεία,
2257 923 2357 978 καί
2385 924 2629 989 τοιαύτη
2664 920 2930 989 πορνεία,
2972 918 3101 986 ἥτις
3134 918 3279 972 οὐδὲ
3310 918 3381 972 ἐν

1806 1005 1931 1072 τοῖς
1970 1006 2214 1060 ἔθνεσιν
2250 1004 2613 1074 ὀνομάζεται,
2646 1003 2802 1058 ὣστε
2830 1001 3084 1073 γυναῖκά
3111 1018 3244 1054 τινα
3271 996 3378 1056 τοῦ

1806 1088 2028 1156 πατρὸς
2053 1090 2235 1157 ἔχειν.
2266 1089 2376 1142 Καὶ
2404 1088 2573 1157 ὑμεῖς
2608 1084 3050 1156 πεφυσιωμένοι
3088 1084 3248 1146 ἐστὲ,
3281 1082 3379 1136 και

1806 1172 1943 1240 οὐχὶ
1980 1171 2222 1241 μᾶλλον
2264 1170 2655 1238 ἐπενθήσατε,
2690 1170 2790 1222 ἵνα
2817 1165 3042 1235 ἐξαρθῇ
3079 1166 3147 1219 ἐκ
3185 1165 3382 1234 μέσον

1806 1253 1973 1322 ὑμῶν
1993 1256 2026 1309 ό
2047 1252 2115 1307 τὸ
2138 1253 2314 1322 ἔργον
2340 1252 2516 1307 τοῦτο
2536 1249 2818 1318 ποιήσας.
2855 1249 3004 1318 Ἐγὼ
3026 1248 3142 1317 μὲν
3165 1247 3275 1317 γὰρ
3300 1247 3383 1313 ὡς

1805 1335 1977 1390 ἀπὼν
2008 1335 2087 1401 τῷ
2124 1334 2370 1407 σώματι,
2421 1334 2627 1403 παρὼν
2677 1333 2747 1387 δὲ
2781 1332 2863 1398 τῷ
2906 1332 3218 1401 πνεύματι,
3263 1329 3386 1398 ἤδη

1806 1417 2073 1487 κέκρικα,
2102 1417 2182 1483 ὡς
2220 1416 2425 1485 παρὼν
2452 1417 2561 1471 τὸν
2586 1417 2740 1471 οὕτω
2770 1414 2947 1469 τοῦτο
2976 1410 3382 1481 κατεργασμέ-

1804 1515 1935 1563 νον,
1960 1500 2031 1554 ἐν
2053 1499 2134 1565 τῷ
2159 1500 2401 1569 ὀνόματι
2429 1498 2537 1559 τοῦ
2559 1500 2779 1566 Κυρίου
2815 1496 2984 1566 ἡμῶν
3024 1494 3222 1563 Ἰησοῦ
3247 1497 3383 1563 Χρισο

1804 1583 1955 1637 στοῦ
1978 1582 2405 1650 συναχθέντων
2437 1580 2646 1651 ἠμῶνδ
2674 1580 2773 1635 καὶ
2812 1580 2915 1635 τοῦ
2945 1578 3093 1649 ἐμοῦ
3122 1578 3385 1646 πνεύμα-

1804 1680 1928 1730 τος,
1962 1664 2335 1732 παραδοῦναι
2384 1664 2491 1722 τὸν
2541 1663 2815 1719 τοιοῦτον
2872 1660 2955 1727 τῷ
3003 1659 3240 1727 σατανᾷ
3294 1662 3386 1727 εις

1805 1746 2057 1815 ὀλεθρον
2077 1746 2189 1816 τῆς
2212 1747 2459 1815 σαρκὸς,
2508 1748 2609 1801 ἵνα
2637 1746 2703 1801 τό
2738 1745 2977 1814 πνεῦμα
3012 1741 3181 1810 σωθῇ
3214 1743 3284 1796 ἐν
3307 1740 3385 1811 τῇ

1804 1829 1995 1898 ἡμέρᾳ
2016 1829 2122 1885 τοῦ
2143 1831 2365 1898 Κυρίου
2398 1831 2614 1897 Ἰησοῦ.
2656 1826 2808 1893 Εἶδες
2839 1828 2956 1891 πῶς
2982 1822 3135 1893 οὗτος
3161 1820 3262 1881 ὦδε
3291 1843 3384 1879 κο·

1804 1912 2045 1978 λάζεται,
2096 1914 2190 1967 καὶ
2237 1915 2353 1966 ἐκεῖ
2402 1914 2463 1965 ού
2506 1912 2827 1978 κολάζεται;
2875 1910 3091 1978 Ἐπειδὴ
3127 1908 3237 1980 γάρ
3277 1900 3381 1962 ὧδε

1804 1995 2073 2065 ἐκολάσθη
2116 1994 2280 2050 αὑτοῦ
2312 1996 2374 2051 τὸ
2410 1996 2589 2066 σῶμα,
2623 1998 2739 2050 ἐκεῖ
2768 1996 2827 2050 ού
2872 1994 3183 2059 κολάζεται.
3231 1990 3385 2046 Θέλω

1807 2077 1908 2150 [δὲ]
1929 2077 2115 2133 λοιπὸν
2153 2078 2324 2147 δεῖξαι
2353 2079 2445 2132 τὸν
2474 2076 2576 2133 ὧδε
2599 2079 2978 2149 τρυφήσαντα,
3006 2078 3124 2131 ἐκεῖ
3146 2077 3201 2130 δὲ
3224 2076 3386 2130 κολα-

1805 2160 2052 2233 ζόμενον.
2081 2158 2192 2217 Ἦν
2213 2180 2305 2229 τις
2327 2164 2646 2229 πλούσιος.
2684 2161 2823 2215 Ἀλλ’
2853 2162 2903 2215 εί
2938 2162 3034 2215 καὶ
3060 2159 3385 2231 προλαμϐά-

1804 2260 1924 2297 νετε
1958 2245 2057 2317 τὴν
2095 2245 2336 2318 ἱστορίαν
2384 2244 2479 2298 τοῦ
2514 2244 2875 2315 διηγήματος,
2914 2243 3245 2313 ἀναμείνατε
3286 2241 3386 2312 τὴν

1803 2326 1956 2382 λύσιν
1981 2328 2075 2382 τοῦ
2108 2328 2289 2397 λόγοιν
2310 2328 2468 2383 τοῦτο
2487 2328 2596 2399 γάρ
2625 2328 2756 2398 ἐμὸν
2794 2327 3096 2397 ἐγκώμιον,
3128 2328 3223 2380 καὶ
3243 2326 3383 2396 ὑμέ-

1802 2428 1961 2483 τερος
1991 2411 2229 2478 ἔπαινος,
2259 2412 2559 2485 προοιμίων
2587 2411 3098 2481 καταϐαλλομένων,
3115 2410 3215 2481 ἤδη
3238 2410 3385 2480 ὑμᾶς

1802 2494 1896 2549 τὸν
1926 2496 2123 2567 στάχυν
2154 2495 2469 2566 δρέπεσθαι.
2500 2493 2869 2558 Διδασκάλους
2905 2494 3050 2563 ὑμᾶς
3089 2492 3391 2563 εἰργάσατο

1803 2579 1838 2647 ἡ
1871 2578 2100 2648 συνεχὴς
2139 2577 2249 2631 τῶν
2287 2577 2460 2646 λόγων
2511 2577 2832 2640 ἀπόλαυσις
2880 2574 2998 2639 ἀλλ’
3027 2575 3216 2645 ἐπειδὴ
3264 2574 3384 2645 μεθ’

1804 2658 1959 2729 ὑμῶν
2006 2662 2114 2713 είσι
2155 2660 2250 2715 καὶ
2289 2660 2430 2727 ξένοι
2462 2659 2608 2724 τινὲς
2636 2658 2916 2723 είσιόντες,
2959 2657 3035 2729 μὴ
3073 2656 3297 2727 τρέχετε
3332 2666 3381 2720 ο,

1804 2742 1920 2805 ἀλλ’
1965 2742 2293 2814 ἀναμείνατε
2341 2744 2469 2810 τοὺς
2509 2740 2865 2814 χωλεύοντας.
2901 2740 3013 2794 Καὶ
3054 2738 3165 2810 γὰρ
3198 2740 3232 2808 ἡ
3268 2738 3387 2803 Ἑκ-

1805 2824 2004 2897 κλησία
2055 2825 2215 2896 σῶμά
2269 2827 2437 2879 ἐστιν·
2489 2824 2766 2896 ὀφθαλμὸν
2814 2822 2948 2893 ἔχει,
2999 2821 3096 2877 καὶ
3140 2819 3385 2892 κεφαλὴν

1803 2907 1936 2980 ἔχει.
1969 2909 2180 2981 Ὠσπερ
2224 2903 2317 2963 οὖν
2358 2908 2453 2962 ἐάν
2491 2909 2525 2980 ὴ
2571 2908 2781 2981 πτέρνα
2812 2906 3031 2976 δέξηται
3060 2903 3319 2969 ἄκανθαν,
3353 2904 3386 2959 6

1802 2990 2077 3067 ὀφθαλμὸς
2105 2990 2255 3045 κάτω
2295 2988 2511 3053 κύπτει,
2541 2990 2701 3061 μέλος
2740 2988 2815 3043 ὢν
2850 2986 2945 3043 τοῦ
2986 2988 3256 3058 σώματος,
3286 2988 3384 3042 καὶ

1803 3074 1864 3128 οὐ
1894 3075 2062 3142 λέγει,
2101 3074 2319 3144 Ἐπειδὴ
2367 3074 2424 3126 ἐν
2462 3072 2585 3145 ὕψει
2622 3072 2888 3145 κάθημαι,
2925 3071 3250 3143 καταφρονῶ
3285 3071 3388 3125 τοῦ

1805 3155 1958 3211 κάτω
1984 3157 2197 3229 μέλους,
2232 3156 2367 3211 ἀλλά
2396 3156 2592 3211 κύπτει
2618 3155 2710 3211 καὶ
2741 3154 3143 3226 καταλιμπάνει
3176 3153 3237 3207 τὸ
3258 3155 3384 3207 ἐαυ-

1803 3238 1898 3293 τοῦ
1964 3239 2116 3311 66:0;-
2184 3241 2363 3295 καίτοι
2412 3239 2465 3293 τί
2513 3239 2751 3313 πτέρνης
2798 3238 3195 3307 εὐτελέστερον,
3242 3236 3276 3307 ἢ
3330 3236 3385 3290 τί

1803 3324 2084 3394 ὀφθαλμοῦ
2107 3324 2518 3395 εὐγενέστερονς
2542 3324 2655 3380 ἀλλ’
2677 3326 2711 3395 ἡ
2740 3322 3053 3393 συμπάθεια
3079 3322 3138 3376 τὸ
3164 3320 3387 3390 ἀνώμα-

1805 3408 1896 3461 λον
1922 3406 2223 3477 διώρθωσε,
2264 3408 2359 3461 καὶ
2396 3409 2429 3477 ἡ
2467 3408 2653 3476 ἀγάπη
2679 3407 2740 3459 τὸ
2773 3409 2883 3460 πᾶν
2930 3403 3213 3476 ἐκέρασεν’
3241 3402 3388 3458 οὕτω

1806 3490 1902 3545 καὶ
1945 3490 2009 3544 σὺ
2054 3490 2217 3544 ποίει·
2267 3489 2370 3544 κᾶν
2400 3490 2570 3559 ταχὺς
2604 3485 2691 3560 ᾖς,
2728 3487 2831 3542 κᾶν
2866 3486 3384 3560 παρεσκευασμένος

1806 3571 1944 3643 πρὸς
1992 3571 2274 3643 ἀκρόασιν,
2322 3570 2398 3643 μὴ
2453 3570 2582 3644 ἔχῃς
2631 3572 2688 3625 δὲ
2734 3569 3249 3644 παρακολουθοῦντα
3290 3569 3387 3624 τὸν

1807 3651 2037 3721 ἀδελφὸν
2079 3653 2191 3714 τοίς
2230 3650 2743 3721 καταϐαλλομένοις,
2780 3648 3076 3719 καταϐήτω
3113 3651 3142 3702 6
3180 3647 3385 3717 ὀφθαλ-

1810 3735 1909 3807 μός
1940 3750 2034 3787 σου
2066 3734 2200 3803 πρὸς
2227 3732 2323 3804 τὴν
2346 3733 2597 3805 πτέρναν·
2635 3750 2697 3786 συ
2706 3732 3002 3802 μπασχέτω
3026 3732 3104 3802 τῷ
3124 3729 3385 3801 χωλεύον-

1804 3835 1859 3871 τι
1908 3816 2081 3888 μέλει,
2124 3814 2264 3869 ὥστε
2301 3816 2375 3888 μὴ
2417 3815 2505 3869 διὰ
2545 3814 2644 3885 τὴν
2688 3815 2785 3884 σὴν
2818 3814 3113 3885 ταχυτῆτα,
3148 3814 3243 3867 καὶ
3283 3812 3385 3883 τὴν

1809 3900 2017 3954 ἐκείνου
2081 3898 2410 3969 βραδυτῆτα,
2470 3897 2675 3967 ἔρημον
2721 3896 2883 3949 αὐτὸν
2943 3897 3235 3967 ἀπομεῖναι
3284 3893 3382 3947 τοῦ

1808 3980 1958 4054 [778]
1995 3980 2174 4049 λόγου.
2224 3979 2410 4051 Μὴτῇ
2446 3980 2657 4032 συνέσει
2698 3980 2764 4049 τῇ
2807 3981 2871 4051 σῇ
2913 3979 2990 4041 είς
3033 3977 3241 4030 ἐκείνου
3278 3977 3386 4030 ἀπ-

1806 4064 2003 4118 ώλειαν
2054 4064 2364 4135 ἀποχρήσῃ,
2404 4062 2540 4116 ἀλλά
2569 4062 2728 4134 χάριν
2764 4063 2853 4133 έχε
2888 4061 2967 4132 τῷ
2994 4060 3113 4131 Θεῷ
3154 4059 3244 4123 διὰ
3282 4059 3387 4131 τὴν

1810 4149 1908 4220 σὴν
1928 4148 2223 4219 ταχυτῆτα.
2259 4145 2518 4210 Πλούσιος
2548 4141 2633 4211 et;
2670 4145 2846 4219 χαίρω
2874 4146 2969 4199 καλ⁵
2996 4143 3379 4216 εύιρραίνομιιι⁸

1808 4232 1922 4293 ἀλλ’
1950 4233 2157 4295 ἐκεῖνος
2195 4230 2276 4284 ἐτι
2304 4229 2550 4284 πένεται·
2580 4229 2653 4302 μὴ
2676 4228 2885 4289 διά,τὺν
2916 4228 3006 4282 σὺν
3025 4227 3255 4282 πλοῦτον
3284 4244 3379 4299 με·

1808 4317 1948 4371 νέτω
1986 4316 2045 4370 ἐν
2068 4317 2134 4387 τῇ
2156 4313 2419 4385 πτωχεία.
2454 4311 2730 4366 Ἀκανθαν
2760 4311 2870 4382 ἔχει
2904 4313 3127 4376 ἐκεῖνος,
3157 4311 3383 4384 τεθορυ-

1810 4399 2048 4470 ϐημένον
2090 4393 2369 4467 λογισμόν·
2412 4395 2550 4449 ἀλλά
2589 4394 2860 4466 κατάϐηθι
2900 4394 3034 4465 πρὸς
3072 4394 3255 4455 αὑτὸν,
3291 4394 3387 4446 καί¹

1811 4482 1958 4547 ἔξελε
1984 4480 2083 4550 τὴν
2105 4478 2368 4534 ἄκανθαν.
2386 4478 2451 4531 Τί
2484 4473 2576 4532 οὗν
2598 4494 2759 4548 φησιν
2780 4496 2794 4541 ;
2823 4474 2933 4530 Ἦν
2955 4495 3042 4543 τις
3065 4476 3383 4541 πλούσιος,

1810 4565 2056 4635 ὀνόματι,
2074 4562 2193 4633 οὐχὶ
2220 4555 2640 4632 πράγματιῙΗν
2664 4578 2752 4625 τις
2768 4556 3388 4630 πλούσιος-,πορφύραν

1811 4645 2249 4716 ἐνδιδυσκόμενος
2276 4686 2291 4710 ,
2326 4642 2604 4713 τράπεζαν
2638 4642 3071 4715 παρατιθέμενος
3097 4640 3385 4711 πολυτελῆ.

1813 4728 2093 4802 κρατῆρας
2143 4725 2281 4796 ἔχων
2333 4726 2697 4797 ἐστεμμένους
2734 4726 2899 4793 οἴνου,
2947 4726 3221 4796 συμπόσια
3262 4723 3384 4778 καθ’

1814 4812 2049 4882 ἑκάστην
2076 4809 2289 4881 ἡμέραν
2319 4810 2507 4864 ποιῶν
2543 4810 2729 4883 ἔτερος
2760 4810 2817 4864 δέ
2850 4827 2932 4873 τις
2955 4805 3023 4881 ἦν
3052 4809 3243 4879 πένης,
3278 4806 3385 4862 Λά-

1814 4896 1977 4967 ζαρος
2000 4894 2241 4964 ὀνόματι.

1885 4978 1996 5029 Καὶ
2025 4976 2129 5029 ποῦ
2160 4976 2221 5029 τὸ
2244 4975 2414 5045 ὄνομα
2443 4975 2535 5029 τοῦ
2568 4974 2855 5037 πλουσίους
2887 4969 3156 5041 Οὐδαμοῦ·
3183 4969 3386 5025 ἀνώνυ-

1817 5066 1935 5129 μος
1956 5059 2065 5130 γάρ
2101 5061 2235 5113 ἐστι.
2272 5058 2444 5119 Πόσος
2478 5057 2730 5119 πλοῦτος;
2765 5056 2860 5109 καὶ
2904 5055 3075 5124 ὄνομα
3107 5051 3255 5122 αύτῷ
3288 5052 3388 5123 οὐχ

1812 5141 2144 5215 εὑρίσκεται.
2176 5141 2332 5203 Ποίος
2386 5138 2614 5201 πλοῦτος
2665 5133 2851 5204 οῦτοςς
2907 5137 3129 5207 Δένδρον
3169 5136 3387 5206 φύλλοις

1818 5224 1920 5295 μὲν
1972 5224 2177 5295 κομῶν,
2229 5222 2441 5292 καρποῦ
2478 5222 2536 5275 δέ
2580 5222 3045 5293 ἀπεστερημένον,
3089 5220 3219 5293 δρῦς
3252 5221 3387 5291 πρὸς

1815 5306 1947 5377 ὕψος
1995 5305 2392 5377 ἀνατεταμένη,
2446 5304 2663 5374 ἀλόγοις
2696 5304 2901 5377 τροφὴν
2940 5304 3253 5375 παρέχουσα
3290 5304 3388 5374 τὴν

1817 5390 2066 5459 βάλανον,
2124 5389 2410 5460 ἄνθρωπος
2463 5389 2564 5442 οὐκ
2623 5388 2760 5458 ἔχων
2807 5387 3096 5460 ἀνθρώπου
3152 5388 3387 5458 καρπόν.

1817 5473 1988 5525 Ὅπου
2022 5470 2131 5540 γάρ
2163 5469 2392 5534 πλοῦτος
2424 5472 2518 5524 καὶ
2565 5471 2831 5543 ἁρπαγαὶ,
2862 5472 3025 5535 λύκος
3058 5474 3085 5525 6
3126 5469 3375 5541 βλεπόμε-

1817 5572 1924 5619 νος’
1954 5556 2087 5610 ὅπου
2116 5553 2343 5619 πλοῦτος
2367 5555 2462 5611 καὶ¹
2490 5554 2770 5626 θηριωδία,
2795 5556 2982 5612 λέοντα
3006 5556 3139 5629 ὁρῶ,
3174 5558 3269 5612 καὶ
3292 5557 3393 5611 οὐκ

1878 5709 1902 5781 :1
1932 5710 2053 5781 ﬂag.
2082 5723 2188 5781 cum
2222 5711 2369 5781 Sayil.
2389 5714 2547 5781 696w.

1876 5772 1895 5793 '
1932 5772 2079 5822 Valic.
2108 5775 2172 5833 μὴ
2191 5772 2555 5835 προλαμϐάνετε.
