  <div class='ocr_page' id='page_1' title='image "/cluster/home/n/w/nwhite01/storage/ocr_20150623/48/hvd.32044014784250/515.png"; bbox 0 0 3884 6266; ppageno 0'>
   <div class='ocr_carea' id='block_1_1' title="bbox 484 387 625 443">
    <p class='ocr_par' dir='ltr' id='par_1_1' title="bbox 484 387 625 443">
     <span class='ocr_line' id='line_1_1' title="bbox 484 387 625 443; baseline 0 -1"><span class='ocrx_word' id='word_1_1' title='bbox 484 390 507 442; x_wconf 69' lang='grc'><strong>1</strong></span> <span class='ocrx_word' id='word_1_2' title='bbox 518 387 625 443; x_wconf 76' lang='lat'>033</span> 
     </span>
    </p>
   </div>
   <div class='ocr_carea' id='block_1_2' title="bbox 471 502 2047 577">
    <p class='ocr_par' dir='ltr' id='par_1_2' title="bbox 471 502 2047 577">
     <span class='ocr_line' id='line_1_2' title="bbox 471 502 2047 577; baseline -0.001 -19"><span class='ocrx_word' id='word_1_3' title='bbox 471 502 776 574; x_wconf 72' lang='grc' dir='ltr'>ἄνθρωπον·</span> <span class='ocrx_word' id='word_1_4' title='bbox 804 503 1049 557; x_wconf 76' lang='grc' dir='ltr'>ἀπώλεσε</span> <span class='ocrx_word' id='word_1_5' title='bbox 1084 504 1181 576; x_wconf 77' lang='grc' dir='ltr'>τὴν</span> <span class='ocrx_word' id='word_1_6' title='bbox 1213 504 1491 573; x_wconf 83' lang='grc' dir='ltr'>εὐγένειαν</span> <span class='ocrx_word' id='word_1_7' title='bbox 1523 509 1590 577; x_wconf 81' lang='grc' dir='ltr'>τῇ</span> <span class='ocrx_word' id='word_1_8' title='bbox 1627 507 1914 576; x_wconf 75' lang='grc' dir='ltr'>δυσγενείᾳ</span> <span class='ocrx_word' id='word_1_9' title='bbox 1950 507 2047 573; x_wconf 86' lang='grc' dir='ltr'>τῆς</span> 
     </span>
    </p>
   </div>
   <div class='ocr_carea' id='block_1_3' title="bbox 473 582 2052 660">
    <p class='ocr_par' dir='ltr' id='par_1_3' title="bbox 473 582 2052 660">
     <span class='ocr_line' id='line_1_3' title="bbox 473 582 2052 660; baseline 0.001 -21"><span class='ocrx_word' id='word_1_10' title='bbox 473 585 757 658; x_wconf 82' lang='grc' dir='ltr'>πονηρίας.</span> <span class='ocrx_word' id='word_1_11' title='bbox 812 582 921 639; x_wconf 82' lang='grc' dir='ltr'>Ἦν</span> <span class='ocrx_word' id='word_1_12' title='bbox 959 604 1050 653; x_wconf 80' lang='grc' dir='ltr'>τις</span> <span class='ocrx_word' id='word_1_13' title='bbox 1083 589 1399 654; x_wconf 80' lang='grc' dir='ltr'>πλούσιος,</span> <span class='ocrx_word' id='word_1_14' title='bbox 1443 590 1727 660; x_wconf 85' lang='grc' dir='ltr'>πορφύραν</span> <span class='ocrx_word' id='word_1_15' title='bbox 1773 588 1894 643; x_wconf 82' lang='grc' dir='ltr'>καθ’</span> <span class='ocrx_word' id='word_1_16' title='bbox 1923 588 2052 641; x_wconf 82' lang='grc' dir='ltr'>ἐκά-</span> 
     </span>
    </p>
   </div>
   <div class='ocr_carea' id='block_1_4' title="bbox 475 669 2049 743">
    <p class='ocr_par' dir='ltr' id='par_1_4' title="bbox 475 669 2049 743">
     <span class='ocr_line' id='line_1_4' title="bbox 475 669 2049 743; baseline 0.003 -23"><span class='ocrx_word' id='word_1_17' title='bbox 475 686 608 739; x_wconf 86' lang='grc' dir='ltr'>στην</span> <span class='ocrx_word' id='word_1_18' title='bbox 636 669 853 740; x_wconf 84' lang='grc' dir='ltr'>ἡμέραν</span> <span class='ocrx_word' id='word_1_19' title='bbox 882 670 1340 741; x_wconf 81' lang='grc' dir='ltr'>ἐνδιόυσκόμενος,</span> <span class='ocrx_word' id='word_1_20' title='bbox 1378 671 1474 743; x_wconf 82' lang='grc' dir='ltr'>τὴν</span> <span class='ocrx_word' id='word_1_21' title='bbox 1502 673 1559 725; x_wconf 83' lang='grc' dir='ltr'>δὲ</span> <span class='ocrx_word' id='word_1_22' title='bbox 1587 672 1765 743; x_wconf 74' lang='grc' dir='ltr'>ψυχὴν</span> <span class='ocrx_word' id='word_1_23' title='bbox 1805 672 2049 743; x_wconf 85' lang='grc' dir='ltr'>ἀράχνης</span> 
     </span>
    </p>
   </div>
   <div class='ocr_carea' id='block_1_5' title="bbox 472 751 2048 826">
    <p class='ocr_par' dir='ltr' id='par_1_5' title="bbox 472 751 2048 826">
     <span class='ocr_line' id='line_1_5' title="bbox 472 751 2048 826; baseline 0.004 -24"><span class='ocrx_word' id='word_1_24' title='bbox 472 751 678 820; x_wconf 87' lang='grc' dir='ltr'>γέμων,</span> <span class='ocrx_word' id='word_1_25' title='bbox 723 751 894 821; x_wconf 87' lang='grc' dir='ltr'>μύρου</span> <span class='ocrx_word' id='word_1_26' title='bbox 946 752 1144 815; x_wconf 85' lang='grc' dir='ltr'>πνέων,</span> <span class='ocrx_word' id='word_1_27' title='bbox 1171 753 1435 818; x_wconf 77' lang='grc' dir='ltr'>δυσωδίας</span> <span class='ocrx_word' id='word_1_28' title='bbox 1462 755 1519 808; x_wconf 84' lang='grc' dir='ltr'>δὲ</span> <span class='ocrx_word' id='word_1_29' title='bbox 1570 755 2048 826; x_wconf 76' lang='grc' dir='ltr'>ἐμπεπλησμένος,</span> 
     </span>
    </p>
   </div>
   <div class='ocr_carea' id='block_1_6' title="bbox 471 832 2050 909">
    <p class='ocr_par' dir='ltr' id='par_1_6' title="bbox 471 832 2050 909">
     <span class='ocr_line' id='line_1_6' title="bbox 471 832 2050 909; baseline 0.002 -23"><span class='ocrx_word' id='word_1_30' title='bbox 471 832 753 905; x_wconf 81' lang='grc' dir='ltr'>τράπεζαν</span> <span class='ocrx_word' id='word_1_31' title='bbox 776 835 1209 907; x_wconf 79' lang='grc' dir='ltr'>παρατιθέμενος</span> <span class='ocrx_word' id='word_1_32' title='bbox 1237 837 1527 908; x_wconf 77' lang='grc' dir='ltr'>πολυτελῆ,</span> <span class='ocrx_word' id='word_1_33' title='bbox 1566 840 1901 909; x_wconf 87' lang='grc' dir='ltr'>παρασίτους</span> <span class='ocrx_word' id='word_1_34' title='bbox 1926 837 2050 907; x_wconf 82' lang='grc' dir='ltr'>τρέ-</span> 
     </span>
    </p>
   </div>
   <div class='ocr_carea' id='block_1_7' title="bbox 471 916 2050 992">
    <p class='ocr_par' dir='ltr' id='par_1_7' title="bbox 471 916 2050 992">
     <span class='ocr_line' id='line_1_7' title="bbox 471 916 2050 992; baseline 0.001 -22"><span class='ocrx_word' id='word_1_35' title='bbox 471 933 588 985; x_wconf 75' lang='grc' dir='ltr'>φων</span> <span class='ocrx_word' id='word_1_36' title='bbox 612 918 706 969; x_wconf 78' lang='grc' dir='ltr'>καὶ</span> <span class='ocrx_word' id='word_1_37' title='bbox 725 916 984 981; x_wconf 87' lang='grc' dir='ltr'>κόλακας,</span> <span class='ocrx_word' id='word_1_38' title='bbox 1006 918 1105 989; x_wconf 82' lang='grc' dir='ltr'>τὴν</span> <span class='ocrx_word' id='word_1_39' title='bbox 1132 918 1325 991; x_wconf 80' lang='grc' dir='ltr'>δούλην</span> <span class='ocrx_word' id='word_1_40' title='bbox 1355 921 1583 974; x_wconf 79' lang='grc' dir='ltr'>πιαίνων</span> <span class='ocrx_word' id='word_1_41' title='bbox 1602 920 1701 991; x_wconf 84' lang='grc' dir='ltr'>τὴν</span> <span class='ocrx_word' id='word_1_42' title='bbox 1724 919 1923 992; x_wconf 83' lang='grc' dir='ltr'>σάρκα,</span> <span class='ocrx_word' id='word_1_43' title='bbox 1949 919 2050 989; x_wconf 82' lang='grc' dir='ltr'>τὴν</span> 
     </span>
    </p>
   </div>
   <div class='ocr_carea' id='block_1_8' title="bbox 468 999 2044 1075">
    <p class='ocr_par' dir='ltr' id='par_1_8' title="bbox 468 999 2044 1075">
     <span class='ocr_line' id='line_1_8' title="bbox 468 999 2044 1075; baseline 0.001 -22"><span class='ocrx_word' id='word_1_44' title='bbox 468 999 758 1054; x_wconf 89' lang='grc' dir='ltr'>δέσποιναν</span> <span class='ocrx_word' id='word_1_45' title='bbox 777 999 835 1053; x_wconf 82' lang='grc' dir='ltr'>δὲ</span> <span class='ocrx_word' id='word_1_46' title='bbox 859 1004 957 1071; x_wconf 80' lang='grc' dir='ltr'>τὴν</span> <span class='ocrx_word' id='word_1_47' title='bbox 982 1002 1163 1072; x_wconf 76' lang='grc' dir='ltr'>ψυχὴν</span> <span class='ocrx_word' id='word_1_48' title='bbox 1195 1002 1341 1074; x_wconf 87' lang='grc' dir='ltr'>λιμῷ</span> <span class='ocrx_word' id='word_1_49' title='bbox 1367 1003 1731 1075; x_wconf 86' lang='grc' dir='ltr'>φθειρομένην</span> <span class='ocrx_word' id='word_1_50' title='bbox 1755 1001 2044 1075; x_wconf 86' lang='grc' dir='ltr'>περιορῶν·</span> 
     </span>
    </p>
   </div>
   <div class='ocr_carea' id='block_1_9' title="bbox 469 1083 2050 1158">
    <p class='ocr_par' dir='ltr' id='par_1_9' title="bbox 469 1083 2050 1158">
     <span class='ocr_line' id='line_1_9' title="bbox 469 1083 2050 1158; baseline 0.003 -23"><span class='ocrx_word' id='word_1_51' title='bbox 469 1083 884 1155; x_wconf 88' lang='grc' dir='ltr'>κατεστεμμένη</span> <span class='ocrx_word' id='word_1_52' title='bbox 920 1084 1069 1155; x_wconf 78' lang='grc' dir='ltr'>αὐτῷ</span> <span class='ocrx_word' id='word_1_53' title='bbox 1093 1087 1126 1156; x_wconf 77' lang='grc' dir='ltr'><strong>ἡ</strong></span> <span class='ocrx_word' id='word_1_54' title='bbox 1156 1086 1322 1150; x_wconf 91' lang='grc' dir='ltr'>οἰκία,</span> <span class='ocrx_word' id='word_1_55' title='bbox 1351 1088 1447 1140; x_wconf 74' lang='grc' dir='ltr'>καὶ</span> <span class='ocrx_word' id='word_1_56' title='bbox 1472 1088 1500 1140; x_wconf 98' lang='lat'>6</span> <span class='ocrx_word' id='word_1_57' title='bbox 1531 1087 1630 1157; x_wconf 83' lang='grc' dir='ltr'>τῆς</span> <span class='ocrx_word' id='word_1_58' title='bbox 1660 1087 1934 1158; x_wconf 73' lang='grc' dir='ltr'>ἁμαρτίας</span> <span class='ocrx_word' id='word_1_59' title='bbox 1962 1085 2050 1139; x_wconf 88' lang='grc' dir='ltr'>θε-</span> 
     </span>
    </p>
   </div>
   <div class='ocr_carea' id='block_1_10' title="bbox 472 1165 2048 1242">
    <p class='ocr_par' dir='ltr' id='par_1_10' title="bbox 472 1165 2048 1242">
     <span class='ocr_line' id='line_1_10' title="bbox 472 1165 2048 1242; baseline 0.002 -24"><span class='ocrx_word' id='word_1_60' title='bbox 472 1165 658 1234; x_wconf 89' lang='grc' dir='ltr'>μέλιος</span> <span class='ocrx_word' id='word_1_61' title='bbox 721 1167 1126 1236; x_wconf 68' lang='grc' dir='ltr'>κεκονιαμένος·</span> <span class='ocrx_word' id='word_1_62' title='bbox 1195 1170 1253 1221; x_wconf 85' lang='grc' dir='ltr'>ἐν</span> <span class='ocrx_word' id='word_1_63' title='bbox 1317 1170 1446 1240; x_wconf 82' lang='grc' dir='ltr'>οίνῳ</span> <span class='ocrx_word' id='word_1_64' title='bbox 1508 1171 1613 1239; x_wconf 83' lang='grc' dir='ltr'>τὴν</span> <span class='ocrx_word' id='word_1_65' title='bbox 1663 1169 1841 1242; x_wconf 73' lang='grc' dir='ltr'>ψυχὴν</span> <span class='ocrx_word' id='word_1_66' title='bbox 1907 1168 2048 1239; x_wconf 81' lang='grc' dir='ltr'>έχων</span> 
     </span>
    </p>
   </div>
   <div class='ocr_carea' id='block_1_11' title="bbox 469 1246 2049 1320">
    <p class='ocr_par' dir='ltr' id='par_1_11' title="bbox 469 1246 2049 1320">
     <span class='ocr_line' id='line_1_11' title="bbox 469 1246 2049 1320; baseline 0.001 -20"><span class='ocrx_word' id='word_1_67' title='bbox 469 1250 989 1320; x_wconf 85' lang='grc' dir='ltr'>κατορωρυγμένην.</span> <span class='ocrx_word' id='word_1_68' title='bbox 1041 1246 1151 1304; x_wconf 84' lang='grc' dir='ltr'>Ἦν</span> <span class='ocrx_word' id='word_1_69' title='bbox 1203 1251 1386 1305; x_wconf 82' lang='grc' dir='ltr'>τοίνυν</span> <span class='ocrx_word' id='word_1_70' title='bbox 1448 1252 1478 1305; x_wconf 90' lang='lat'>6</span> <span class='ocrx_word' id='word_1_71' title='bbox 1535 1251 1791 1315; x_wconf 90' lang='grc' dir='ltr'>πλούσιος</span> <span class='ocrx_word' id='word_1_72' title='bbox 1842 1252 2049 1313; x_wconf 82' lang='grc' dir='ltr'>ἐκεῖνος</span> 
     </span>
    </p>
   </div>
   <div class='ocr_carea' id='block_1_12' title="bbox 466 1329 2049 1406">
    <p class='ocr_par' dir='ltr' id='par_1_12' title="bbox 466 1329 2049 1406">
     <span class='ocr_line' id='line_1_12' title="bbox 466 1329 2049 1406; baseline 0.002 -24"><span class='ocrx_word' id='word_1_73' title='bbox 466 1329 750 1399; x_wconf 81' lang='grc' dir='ltr'>τράπεζαν</span> <span class='ocrx_word' id='word_1_74' title='bbox 799 1330 939 1401; x_wconf 75' lang='grc' dir='ltr'>ἔχων</span> <span class='ocrx_word' id='word_1_75' title='bbox 999 1332 1287 1405; x_wconf 77' lang='grc' dir='ltr'>πολυτελῆ,</span> <span class='ocrx_word' id='word_1_76' title='bbox 1335 1336 1617 1406; x_wconf 80' lang='grc' dir='ltr'>κρατῆρας</span> <span class='ocrx_word' id='word_1_77' title='bbox 1680 1334 2049 1404; x_wconf 86' lang='grc' dir='ltr'>ἐστεμμένους</span> 
     </span>
    </p>
   </div>
   <div class='ocr_carea' id='block_1_13' title="bbox 468 1412 2049 1487">
    <p class='ocr_par' dir='ltr' id='par_1_13' title="bbox 468 1412 2049 1487">
     <span class='ocr_line' id='line_1_13' title="bbox 468 1412 2049 1487; baseline 0.003 -23"><span class='ocrx_word' id='word_1_78' title='bbox 468 1412 637 1475; x_wconf 81' lang='grc' dir='ltr'>οἰνου,</span> <span class='ocrx_word' id='word_1_79' title='bbox 665 1414 1001 1483; x_wconf 83' lang='grc' dir='ltr'>παρασίτους</span> <span class='ocrx_word' id='word_1_80' title='bbox 1033 1415 1249 1485; x_wconf 80' lang='grc' dir='ltr'>τρέφων</span> <span class='ocrx_word' id='word_1_81' title='bbox 1290 1418 1384 1471; x_wconf 80' lang='grc' dir='ltr'>καὶ</span> <span class='ocrx_word' id='word_1_82' title='bbox 1418 1418 1673 1481; x_wconf 89' lang='grc' dir='ltr'>κόλακας,</span> <span class='ocrx_word' id='word_1_83' title='bbox 1714 1417 1776 1470; x_wconf 90' lang='lat'>:6</span> <span class='ocrx_word' id='word_1_84' title='bbox 1814 1416 2049 1487; x_wconf 85' lang='grc' dir='ltr'>πονηρὸν</span> 
     </span>
    </p>
   </div>
   <div class='ocr_carea' id='block_1_14' title="bbox 468 1493 2049 1569">
    <p class='ocr_par' dir='ltr' id='par_1_14' title="bbox 468 1493 2049 1569">
     <span class='ocr_line' id='line_1_14' title="bbox 468 1493 2049 1569; baseline 0.004 -22"><span class='ocrx_word' id='word_1_85' title='bbox 468 1493 564 1547; x_wconf 88' lang='lat'>:06</span> <span class='ocrx_word' id='word_1_86' title='bbox 596 1494 846 1550; x_wconf 83' lang='grc' dir='ltr'>διαϐόλου</span> <span class='ocrx_word' id='word_1_87' title='bbox 878 1496 1126 1569; x_wconf 78' lang='grc' dir='ltr'>θέατρον,</span> <span class='ocrx_word' id='word_1_88' title='bbox 1156 1499 1283 1563; x_wconf 83' lang='grc' dir='ltr'>τοὺς</span> <span class='ocrx_word' id='word_1_89' title='bbox 1313 1497 1510 1564; x_wconf 81' lang='grc' dir='ltr'>λύκους</span> <span class='ocrx_word' id='word_1_90' title='bbox 1544 1501 1671 1565; x_wconf 85' lang='grc' dir='ltr'>τοὺς</span> <span class='ocrx_word' id='word_1_91' title='bbox 1714 1498 2049 1569; x_wconf 83' lang='grc' dir='ltr'>αἰχμαλωτί-</span> 
     </span>
    </p>
   </div>
   <div class='ocr_carea' id='block_1_15' title="bbox 469 1579 2049 1659">
    <p class='ocr_par' dir='ltr' id='par_1_15' title="bbox 469 1579 2049 1659">
     <span class='ocr_line' id='line_1_15' title="bbox 469 1579 2049 1659; baseline 0.003 -25"><span class='ocrx_word' id='word_1_92' title='bbox 469 1579 661 1645; x_wconf 78' lang='grc' dir='ltr'>ζοντας</span> <span class='ocrx_word' id='word_1_93' title='bbox 703 1582 931 1647; x_wconf 74' lang='grc' dir='ltr'>πολλοὺς</span> <span class='ocrx_word' id='word_1_94' title='bbox 966 1585 1076 1638; x_wconf 90' lang='grc' dir='ltr'>τῶν</span> <span class='ocrx_word' id='word_1_95' title='bbox 1120 1586 1513 1654; x_wconf 81' lang='grc' dir='ltr'>πλουτούντων,</span> <span class='ocrx_word' id='word_1_96' title='bbox 1546 1588 1673 1652; x_wconf 83' lang='grc' dir='ltr'>τοὺς</span> <span class='ocrx_word' id='word_1_97' title='bbox 1708 1587 2049 1659; x_wconf 77' lang='grc' dir='ltr'>ὠνουμένους</span> 
     </span>
    </p>
   </div>
   <div class='ocr_carea' id='block_1_16' title="bbox 468 1664 2049 1743">
    <p class='ocr_par' dir='ltr' id='par_1_16' title="bbox 468 1664 2049 1743">
     <span class='ocr_line' id='line_1_16' title="bbox 468 1664 2049 1743; baseline 0.004 -24"><span class='ocrx_word' id='word_1_98' title='bbox 468 1664 570 1735; x_wconf 81' lang='grc' dir='ltr'>τῆς</span> <span class='ocrx_word' id='word_1_99' title='bbox 608 1665 814 1731; x_wconf 74' lang='grc' dir='ltr'>οἰκείας</span> <span class='ocrx_word' id='word_1_100' title='bbox 857 1668 1095 1740; x_wconf 82' lang='grc' dir='ltr'>γαστρὸς</span> <span class='ocrx_word' id='word_1_101' title='bbox 1136 1671 1201 1741; x_wconf 79' lang='grc' dir='ltr'>τῇ</span> <span class='ocrx_word' id='word_1_102' title='bbox 1242 1669 1527 1743; x_wconf 73' lang='grc' dir='ltr'>πλησμονῇ</span> <span class='ocrx_word' id='word_1_103' title='bbox 1556 1670 1656 1743; x_wconf 76' lang='grc' dir='ltr'>τὴν</span> <span class='ocrx_word' id='word_1_104' title='bbox 1685 1671 1910 1725; x_wconf 75' lang='grc' dir='ltr'>ἐκείνων</span> <span class='ocrx_word' id='word_1_105' title='bbox 1951 1672 2049 1725; x_wconf 88' lang='grc' dir='ltr'>ἀπ-</span> 
     </span>
    </p>
   </div>
   <div class='ocr_carea' id='block_1_17' title="bbox 465 1746 2048 1827">
    <p class='ocr_par' dir='ltr' id='par_1_17' title="bbox 465 1746 2048 1827">
     <span class='ocr_line' id='line_1_17' title="bbox 465 1746 2048 1827; baseline 0.007 -28"><span class='ocrx_word' id='word_1_106' title='bbox 465 1746 683 1812; x_wconf 87' lang='grc' dir='ltr'>ώλειαν,</span> <span class='ocrx_word' id='word_1_107' title='bbox 735 1750 863 1814; x_wconf 80' lang='grc' dir='ltr'>τοὺς</span> <span class='ocrx_word' id='word_1_108' title='bbox 892 1751 1059 1824; x_wconf 78' lang='grc' dir='ltr'>πολλῇ</span> <span class='ocrx_word' id='word_1_109' title='bbox 1097 1754 1230 1825; x_wconf 80' lang='grc' dir='ltr'>τιμῇ</span> <span class='ocrx_word' id='word_1_110' title='bbox 1272 1754 1368 1807; x_wconf 75' lang='grc' dir='ltr'>καὶ</span> <span class='ocrx_word' id='word_1_111' title='bbox 1398 1753 1656 1827; x_wconf 76' lang='grc' dir='ltr'>κολακείᾳ</span> <span class='ocrx_word' id='word_1_112' title='bbox 1694 1754 1787 1810; x_wconf 77' lang='grc' dir='ltr'>τὸν</span> <span class='ocrx_word' id='word_1_113' title='bbox 1819 1754 2048 1810; x_wconf 82' lang='grc' dir='ltr'>πλοῦτον</span> 
     </span>
    </p>
   </div>
   <div class='ocr_carea' id='block_1_18' title="bbox 468 1828 918 1902">
    <p class='ocr_par' dir='ltr' id='par_1_18' title="bbox 468 1828 918 1902">
     <span class='ocr_line' id='line_1_18' title="bbox 468 1828 918 1902; baseline 0.007 -19"><span class='ocrx_word' id='word_1_114' title='bbox 468 1828 918 1902; x_wconf 86' lang='grc' dir='ltr'>λυμαινομένους.</span> 
     </span>
    </p>
   </div>
   <div class='ocr_carea' id='block_1_19' title="bbox 539 1913 2052 1993">
    <p class='ocr_par' dir='ltr' id='par_1_19' title="bbox 539 1913 2052 1993">
     <span class='ocr_line' id='line_1_19' title="bbox 539 1913 2052 1993; baseline 0.005 -24"><span class='ocrx_word' id='word_1_115' title='bbox 539 1913 655 1969; x_wconf 82' lang='grc' dir='ltr'>Οὐκ</span> <span class='ocrx_word' id='word_1_116' title='bbox 714 1916 781 1971; x_wconf 80' lang='lat' dir='ltr'><strong><em>6v</em></strong></span> <span class='ocrx_word' id='word_1_117' title='bbox 823 1933 908 1980; x_wconf 90' lang='grc' dir='ltr'>τις</span> <span class='ocrx_word' id='word_1_118' title='bbox 948 1916 1184 1987; x_wconf 81' lang='grc' dir='ltr'>ἁμάρτοι</span> <span class='ocrx_word' id='word_1_119' title='bbox 1214 1919 1341 1984; x_wconf 80' lang='grc' dir='ltr'>τοὺς</span> <span class='ocrx_word' id='word_1_120' title='bbox 1368 1919 1643 1984; x_wconf 85' lang='grc' dir='ltr'>τοιούτους</span> <span class='ocrx_word' id='word_1_121' title='bbox 1674 1920 1871 1986; x_wconf 83' lang='grc' dir='ltr'>λύκους</span> <span class='ocrx_word' id='word_1_122' title='bbox 1892 1939 2052 1993; x_wconf 86' lang='grc' dir='ltr'>προσ-</span> 
     </span>
    </p>
   </div>
   <div class='ocr_carea' id='block_1_20' title="bbox 467 1996 2051 2077">
    <p class='ocr_par' dir='ltr' id='par_1_20' title="bbox 467 1996 2051 2077">
     <span class='ocr_line' id='line_1_20' title="bbox 467 1996 2051 2077; baseline 0.003 -23"><span class='ocrx_word' id='word_1_123' title='bbox 467 1996 660 2065; x_wconf 70' lang='grc' dir='ltr'>ειπὼν,</span> <span class='ocrx_word' id='word_1_124' title='bbox 718 1999 771 2053; x_wconf 82' lang='grc' dir='ltr'>οἳ</span> <span class='ocrx_word' id='word_1_125' title='bbox 810 2000 1065 2073; x_wconf 78' lang='grc' dir='ltr'>καθάπερ</span> <span class='ocrx_word' id='word_1_126' title='bbox 1104 2002 1376 2075; x_wconf 85' lang='grc' dir='ltr'>πρόϐατον</span> <span class='ocrx_word' id='word_1_127' title='bbox 1404 2005 1495 2058; x_wconf 87' lang='grc' dir='ltr'>τὸν</span> <span class='ocrx_word' id='word_1_128' title='bbox 1528 2004 1781 2060; x_wconf 88' lang='grc' dir='ltr'>πλούσιον</span> <span class='ocrx_word' id='word_1_129' title='bbox 1809 2007 1865 2059; x_wconf 91' lang='grc' dir='ltr'>ἐν</span> <span class='ocrx_word' id='word_1_130' title='bbox 1901 2006 2051 2077; x_wconf 83' lang='grc' dir='ltr'>μέσῳ</span> 
     </span>
    </p>
   </div>
   <div class='ocr_carea' id='block_1_21' title="bbox 466 2081 2052 2159">
    <p class='ocr_par' dir='ltr' id='par_1_21' title="bbox 466 2081 2052 2159">
     <span class='ocr_line' id='line_1_21' title="bbox 466 2081 2052 2159; baseline 0.002 -20"><span class='ocrx_word' id='word_1_131' title='bbox 466 2081 745 2148; x_wconf 83' lang='grc' dir='ltr'>λαϐόντες,</span> <span class='ocrx_word' id='word_1_132' title='bbox 787 2084 1075 2155; x_wconf 76' lang='grc' dir='ltr'>ἐπαίρουσι</span> <span class='ocrx_word' id='word_1_133' title='bbox 1119 2088 1232 2150; x_wconf 79' lang='grc' dir='ltr'>τοῖς</span> <span class='ocrx_word' id='word_1_134' title='bbox 1263 2088 1526 2153; x_wconf 89' lang='grc' dir='ltr'>ἐπαίνοις,</span> <span class='ocrx_word' id='word_1_135' title='bbox 1560 2089 1656 2143; x_wconf 76' lang='grc' dir='ltr'>καὶ</span> <span class='ocrx_word' id='word_1_136' title='bbox 1690 2088 1901 2159; x_wconf 88' lang='grc' dir='ltr'>φυσῶσι</span> <span class='ocrx_word' id='word_1_137' title='bbox 1938 2092 2052 2153; x_wconf 81' lang='grc' dir='ltr'>τοῖς</span> 
     </span>
    </p>
   </div>
   <div class='ocr_carea' id='block_1_22' title="bbox 469 2165 2050 2237">
    <p class='ocr_par' dir='ltr' id='par_1_22' title="bbox 469 2165 2050 2237">
     <span class='ocr_line' id='line_1_22' title="bbox 469 2165 2050 2237; baseline 0.004 -19"><span class='ocrx_word' id='word_1_138' title='bbox 469 2165 789 2236; x_wconf 71' lang='grc' dir='ltr'>ἐγκωμίοις,</span> <span class='ocrx_word' id='word_1_139' title='bbox 812 2168 907 2221; x_wconf 79' lang='grc' dir='ltr'>καὶ</span> <span class='ocrx_word' id='word_1_140' title='bbox 927 2168 1027 2221; x_wconf 81' lang='grc' dir='ltr'>οὐκ</span> <span class='ocrx_word' id='word_1_141' title='bbox 1053 2170 1280 2237; x_wconf 79' lang='grc' dir='ltr'>ἀφιᾶσιν</span> <span class='ocrx_word' id='word_1_142' title='bbox 1301 2170 1466 2226; x_wconf 82' lang='grc' dir='ltr'>αὑτὸν</span> <span class='ocrx_word' id='word_1_143' title='bbox 1492 2172 1613 2226; x_wconf 82' lang='grc' dir='ltr'>οὐδέ</span> <span class='ocrx_word' id='word_1_144' title='bbox 1636 2171 1699 2225; x_wconf 88' lang='lat'>:6</span> <span class='ocrx_word' id='word_1_145' title='bbox 1715 2172 1873 2234; x_wconf 77' lang='grc' dir='ltr'>ἐλκος</span> <span class='ocrx_word' id='word_1_146' title='bbox 1901 2172 2050 2235; x_wconf 84' lang='grc' dir='ltr'>ἰδεῖν,</span> 
     </span>
    </p>
   </div>
   <div class='ocr_carea' id='block_1_23' title="bbox 466 2248 2053 2325">
    <p class='ocr_par' dir='ltr' id='par_1_23' title="bbox 466 2248 2053 2325">
     <span class='ocr_line' id='line_1_23' title="bbox 466 2248 2053 2325; baseline 0.004 -24"><span class='ocrx_word' id='word_1_147' title='bbox 466 2248 606 2302; x_wconf 85' lang='grc' dir='ltr'>ἀλλά</span> <span class='ocrx_word' id='word_1_148' title='bbox 628 2249 922 2320; x_wconf 83' lang='grc' dir='ltr'>τυφλοῦσιν</span> <span class='ocrx_word' id='word_1_149' title='bbox 948 2251 1113 2306; x_wconf 81' lang='grc' dir='ltr'>αὑτοῦ</span> <span class='ocrx_word' id='word_1_150' title='bbox 1143 2252 1241 2325; x_wconf 84' lang='grc' dir='ltr'>τὴν</span> <span class='ocrx_word' id='word_1_151' title='bbox 1267 2252 1524 2319; x_wconf 90' lang='grc' dir='ltr'>διάνοιαν,</span> <span class='ocrx_word' id='word_1_152' title='bbox 1547 2257 1640 2309; x_wconf 79' lang='grc' dir='ltr'>καὶ</span> <span class='ocrx_word' id='word_1_153' title='bbox 1671 2255 1926 2322; x_wconf 76' lang='grc' dir='ltr'>αὔξουσιν</span> <span class='ocrx_word' id='word_1_154' title='bbox 1956 2255 2053 2310; x_wconf 83' lang='grc' dir='ltr'>αύ-</span> 
     </span>
    </p>
   </div>
   <div class='ocr_carea' id='block_1_24' title="bbox 468 2331 2051 2411">
    <p class='ocr_par' dir='ltr' id='par_1_24' title="bbox 468 2331 2051 2411">
     <span class='ocr_line' id='line_1_24' title="bbox 468 2331 2051 2411; baseline 0.004 -25"><span class='ocrx_word' id='word_1_155' title='bbox 468 2331 565 2387; x_wconf 80' lang='grc' dir='ltr'><strong>τοῦ</strong></span> <span class='ocrx_word' id='word_1_156' title='bbox 607 2334 708 2404; x_wconf 79' lang='grc' dir='ltr'>τὴν</span> <span class='ocrx_word' id='word_1_157' title='bbox 752 2334 1039 2406; x_wconf 84' lang='grc' dir='ltr'>σηπεδόνα.</span> <span class='ocrx_word' id='word_1_158' title='bbox 1095 2331 1231 2392; x_wconf 74' lang='grc' dir='ltr'>Εἶτα</span> <span class='ocrx_word' id='word_1_159' title='bbox 1286 2338 1797 2409; x_wconf 88' lang='grc' dir='ltr'>καταλαμϐάνοντος</span> <span class='ocrx_word' id='word_1_160' title='bbox 1856 2338 2051 2411; x_wconf 84' lang='grc' dir='ltr'>καιροῦ</span> 
     </span>
    </p>
   </div>
   <div class='ocr_carea' id='block_1_25' title="bbox 472 2415 2053 2493">
    <p class='ocr_par' dir='ltr' id='par_1_25' title="bbox 472 2415 2053 2493">
     <span class='ocr_line' id='line_1_25' title="bbox 472 2415 2053 2493; baseline 0.003 -24"><span class='ocrx_word' id='word_1_161' title='bbox 472 2415 780 2486; x_wconf 79' lang='grc' dir='ltr'>μεταϐολῆς</span> <span class='ocrx_word' id='word_1_162' title='bbox 811 2428 861 2484; x_wconf 78' lang='grc'>⁸,</span> <span class='ocrx_word' id='word_1_163' title='bbox 885 2418 944 2471; x_wconf 94' lang='grc' dir='ltr'>ἐν</span> <span class='ocrx_word' id='word_1_164' title='bbox 982 2421 1127 2491; x_wconf 76' lang='grc' dir='ltr'>φυγῇ</span> <span class='ocrx_word' id='word_1_165' title='bbox 1168 2422 1218 2474; x_wconf 88' lang='grc' dir='ltr'>οἰ</span> <span class='ocrx_word' id='word_1_166' title='bbox 1250 2420 1417 2491; x_wconf 89' lang='grc' dir='ltr'>φίλοι,</span> <span class='ocrx_word' id='word_1_167' title='bbox 1449 2422 1507 2475; x_wconf 93' lang='grc' dir='ltr'>ἐν</span> <span class='ocrx_word' id='word_1_168' title='bbox 1545 2423 1857 2492; x_wconf 80' lang='grc' dir='ltr'>συμπαθείᾳ</span> <span class='ocrx_word' id='word_1_169' title='bbox 1891 2423 2053 2493; x_wconf 76' lang='grc' dir='ltr'>ἡμεῖς</span> 
     </span>
    </p>
   </div>
   <div class='ocr_carea' id='block_1_26' title="bbox 468 2499 2048 2574">
    <p class='ocr_par' dir='ltr' id='par_1_26' title="bbox 468 2499 2048 2574">
     <span class='ocr_line' id='line_1_26' title="bbox 468 2499 2048 2574; baseline 0.004 -23"><span class='ocrx_word' id='word_1_170' title='bbox 468 2499 521 2551; x_wconf 93' lang='grc' dir='ltr'>οἰ</span> <span class='ocrx_word' id='word_1_171' title='bbox 563 2499 948 2571; x_wconf 85' lang='grc' dir='ltr'>ἐπιτιμῶντες·</span> <span class='ocrx_word' id='word_1_172' title='bbox 998 2503 1066 2557; x_wconf 89' lang='grc' dir='ltr'>τά</span> <span class='ocrx_word' id='word_1_173' title='bbox 1118 2506 1434 2574; x_wconf 83' lang='grc' dir='ltr'>προσωπεῖα</span> <span class='ocrx_word' id='word_1_174' title='bbox 1471 2505 1693 2560; x_wconf 82' lang='grc' dir='ltr'>ἐκείνων</span> <span class='ocrx_word' id='word_1_175' title='bbox 1726 2505 2048 2570; x_wconf 87' lang='grc' dir='ltr'>κρύπτεται·</span> 
     </span>
    </p>
   </div>
   <div class='ocr_carea' id='block_1_27' title="bbox 471 2582 1502 2657">
    <p class='ocr_par' dir='ltr' id='par_1_27' title="bbox 471 2582 1502 2657">
     <span class='ocr_line' id='line_1_27' title="bbox 471 2582 1502 2657; baseline 0.003 -21"><span class='ocrx_word' id='word_1_176' title='bbox 471 2582 695 2657; x_wconf 80' lang='grc' dir='ltr'>ὅπερδὴ</span> <span class='ocrx_word' id='word_1_177' title='bbox 731 2584 826 2637; x_wconf 79' lang='grc' dir='ltr'>καὶ</span> <span class='ocrx_word' id='word_1_178' title='bbox 859 2583 1121 2651; x_wconf 87' lang='grc' dir='ltr'>πολλάκις</span> <span class='ocrx_word' id='word_1_179' title='bbox 1141 2585 1236 2641; x_wconf 82' lang='grc' dir='ltr'>νῦν</span> <span class='ocrx_word' id='word_1_180' title='bbox 1258 2587 1502 2657; x_wconf 88' lang='grc' dir='ltr'>γέγονεν.</span> 
     </span>
    </p>
   </div>
   <div class='ocr_carea' id='block_1_28' title="bbox 542 2655 2051 2743">
    <p class='ocr_par' dir='ltr' id='par_1_28' title="bbox 542 2655 2051 2743">
     <span class='ocr_line' id='line_1_28' title="bbox 542 2655 2051 2743; baseline 0.005 -26"><span class='ocrx_word' id='word_1_181' title='bbox 542 2655 718 2718; x_wconf 66' lang='grc' dir='ltr'>ε’.⁷Ην</span> <span class='ocrx_word' id='word_1_182' title='bbox 727 2664 907 2720; x_wconf 86' lang='grc' dir='ltr'>τοίνυν</span> <span class='ocrx_word' id='word_1_183' title='bbox 926 2668 955 2721; x_wconf 89' lang='grc' dir='ltr'>ό</span> <span class='ocrx_word' id='word_1_184' title='bbox 982 2668 1235 2735; x_wconf 90' lang='grc' dir='ltr'>πλούσιος</span> <span class='ocrx_word' id='word_1_185' title='bbox 1254 2655 1459 2735; x_wconf 83' lang='grc' dir='ltr'>ἐκεῖνος</span> <span class='ocrx_word' id='word_1_186' title='bbox 1479 2669 1816 2742; x_wconf 88' lang='grc' dir='ltr'>παρασίτους</span> <span class='ocrx_word' id='word_1_187' title='bbox 1834 2672 2051 2743; x_wconf 84' lang='grc' dir='ltr'>τρέφων</span> 
     </span>
    </p>
   </div>
   <div class='ocr_carea' id='block_1_29' title="bbox 470 2747 2052 2828">
    <p class='ocr_par' dir='ltr' id='par_1_29' title="bbox 470 2747 2052 2828">
     <span class='ocr_line' id='line_1_29' title="bbox 470 2747 2052 2828; baseline 0.005 -28"><span class='ocrx_word' id='word_1_188' title='bbox 470 2748 567 2801; x_wconf 80' lang='grc' dir='ltr'>καὶ</span> <span class='ocrx_word' id='word_1_189' title='bbox 598 2747 855 2815; x_wconf 86' lang='grc' dir='ltr'>κόλακας,</span> <span class='ocrx_word' id='word_1_190' title='bbox 891 2751 1118 2825; x_wconf 83' lang='grc' dir='ltr'>θέατρον</span> <span class='ocrx_word' id='word_1_191' title='bbox 1148 2754 1249 2827; x_wconf 73' lang='grc' dir='ltr'>τὴν</span> <span class='ocrx_word' id='word_1_192' title='bbox 1282 2754 1459 2810; x_wconf 88' lang='grc' dir='ltr'>οἰκίαν</span> <span class='ocrx_word' id='word_1_193' title='bbox 1502 2753 1888 2828; x_wconf 82' lang='grc' dir='ltr'>ἐργαζόμενος,</span> <span class='ocrx_word' id='word_1_194' title='bbox 1921 2757 2052 2828; x_wconf 71' lang='grc' dir='ltr'>οϊνῳ</span> 
     </span>
    </p>
   </div>
   <div class='ocr_carea' id='block_1_30' title="bbox 469 2830 2053 2913">
    <p class='ocr_par' dir='ltr' id='par_1_30' title="bbox 469 2830 2053 2913">
     <span class='ocr_line' id='line_1_30' title="bbox 469 2830 2053 2913; baseline 0.005 -25"><span class='ocrx_word' id='word_1_195' title='bbox 469 2830 700 2888; x_wconf 66' lang='grc' dir='ltr'>ἕκαστον</span> <span class='ocrx_word' id='word_1_196' title='bbox 732 2834 960 2913; x_wconf 82' lang='grc' dir='ltr'>ἐκλύων,</span> <span class='ocrx_word' id='word_1_197' title='bbox 996 2838 1056 2889; x_wconf 91' lang='grc' dir='ltr'>ἐν</span> <span class='ocrx_word' id='word_1_198' title='bbox 1087 2839 1358 2910; x_wconf 77' lang='grc' dir='ltr'>εὐημερίᾳ</span> <span class='ocrx_word' id='word_1_199' title='bbox 1383 2838 1552 2911; x_wconf 80' lang='grc' dir='ltr'>πολλῇ</span> <span class='ocrx_word' id='word_1_200' title='bbox 1594 2839 1903 2913; x_wconf 87' lang='grc' dir='ltr'>διατρίϐων·</span> <span class='ocrx_word' id='word_1_201' title='bbox 1933 2841 2053 2896; x_wconf 81' lang='grc' dir='ltr'>ἐτε-</span> 
     </span>
    </p>
   </div>
   <div class='ocr_carea' id='block_1_31' title="bbox 474 2912 2053 2993">
    <p class='ocr_par' dir='ltr' id='par_1_31' title="bbox 474 2912 2053 2993">
     <span class='ocr_line' id='line_1_31' title="bbox 474 2912 2053 2993; baseline 0.006 -25"><span class='ocrx_word' id='word_1_202' title='bbox 474 2930 566 2985; x_wconf 90' lang='grc' dir='ltr'>ρος</span> <span class='ocrx_word' id='word_1_203' title='bbox 581 2915 637 2968; x_wconf 88' lang='grc' dir='ltr'>δέ</span> <span class='ocrx_word' id='word_1_204' title='bbox 656 2933 740 2979; x_wconf 91' lang='grc' dir='ltr'>τις</span> <span class='ocrx_word' id='word_1_205' title='bbox 763 2912 832 2989; x_wconf 84' lang='grc' dir='ltr'>ῆν</span> <span class='ocrx_word' id='word_1_206' title='bbox 858 2918 1108 2990; x_wconf 77' lang='grc' dir='ltr'>Λάζαρος</span> <span class='ocrx_word' id='word_1_207' title='bbox 1144 2920 1319 2975; x_wconf 90' lang='grc' dir='ltr'>ἐλκῶν</span> <span class='ocrx_word' id='word_1_208' title='bbox 1342 2921 1549 2992; x_wconf 87' lang='grc' dir='ltr'>γέμων,</span> <span class='ocrx_word' id='word_1_209' title='bbox 1580 2912 1727 2993; x_wconf 79' lang='grc' dir='ltr'>πρὸς</span> <span class='ocrx_word' id='word_1_210' title='bbox 1744 2924 1835 2978; x_wconf 82' lang='grc' dir='ltr'>τὸν</span> <span class='ocrx_word' id='word_1_211' title='bbox 1868 2924 2053 2977; x_wconf 80' lang='grc' dir='ltr'>πυλῶ-</span> 
     </span>
    </p>
   </div>
   <div class='ocr_carea' id='block_1_32' title="bbox 470 2998 2048 3077">
    <p class='ocr_par' dir='ltr' id='par_1_32' title="bbox 470 2998 2048 3077">
     <span class='ocr_line' id='line_1_32' title="bbox 470 2998 2048 3077; baseline 0.009 -29"><span class='ocrx_word' id='word_1_212' title='bbox 470 3013 538 3049; x_wconf 92' lang='grc' dir='ltr'>να</span> <span class='ocrx_word' id='word_1_213' title='bbox 567 2998 661 3051; x_wconf 80' lang='grc' dir='ltr'>τοῦ</span> <span class='ocrx_word' id='word_1_214' title='bbox 694 2999 949 3056; x_wconf 84' lang='grc' dir='ltr'>πλουσίου</span> <span class='ocrx_word' id='word_1_215' title='bbox 982 3002 1370 3075; x_wconf 85' lang='grc' dir='ltr'>καθεζόμενος,</span> <span class='ocrx_word' id='word_1_216' title='bbox 1400 3006 1494 3059; x_wconf 77' lang='grc' dir='ltr'>καὶ</span> <span class='ocrx_word' id='word_1_217' title='bbox 1523 3005 1806 3076; x_wconf 75' lang='grc' dir='ltr'>ἐπιθυμῶν</span> <span class='ocrx_word' id='word_1_218' title='bbox 1832 3006 2048 3077; x_wconf 77' lang='grc' dir='ltr'>ψιχίων.</span> 
     </span>
    </p>
   </div>
   <div class='ocr_carea' id='block_1_33' title="bbox 471 3080 2048 3160">
    <p class='ocr_par' dir='ltr' id='par_1_33' title="bbox 471 3080 2048 3160">
     <span class='ocr_line' id='line_1_33' title="bbox 471 3080 2048 3160; baseline 0.007 -25"><span class='ocrx_word' id='word_1_219' title='bbox 471 3080 631 3150; x_wconf 83' lang='grc' dir='ltr'>Παρά</span> <span class='ocrx_word' id='word_1_220' title='bbox 674 3082 774 3153; x_wconf 85' lang='grc' dir='ltr'>τὴν</span> <span class='ocrx_word' id='word_1_221' title='bbox 814 3083 997 3156; x_wconf 84' lang='grc' dir='ltr'>πηγὴν</span> <span class='ocrx_word' id='word_1_222' title='bbox 1042 3085 1221 3156; x_wconf 78' lang='grc' dir='ltr'>ἐδίψα,</span> <span class='ocrx_word' id='word_1_223' title='bbox 1266 3087 1326 3141; x_wconf 90' lang='grc' dir='ltr'>ἐν</span> <span class='ocrx_word' id='word_1_224' title='bbox 1369 3088 1641 3160; x_wconf 77' lang='grc' dir='ltr'>εὐημερίᾳ</span> <span class='ocrx_word' id='word_1_225' title='bbox 1676 3088 1975 3159; x_wconf 89' lang='grc' dir='ltr'>ἐλίμωττεν</span> <span class='ocrx_word' id='word_1_226' title='bbox 1998 3088 2048 3147; x_wconf 76' lang='grc' dir='ltr'>δ.</span> 
     </span>
    </p>
   </div>
   <div class='ocr_carea' id='block_1_34' title="bbox 472 3163 2053 3243">
    <p class='ocr_par' dir='ltr' id='par_1_34' title="bbox 472 3163 2053 3243">
     <span class='ocr_line' id='line_1_34' title="bbox 472 3163 2053 3243; baseline 0.006 -28"><span class='ocrx_word' id='word_1_227' title='bbox 472 3163 585 3225; x_wconf 80' lang='lat' dir='ltr'>Kal</span> <span class='ocrx_word' id='word_1_228' title='bbox 612 3163 716 3217; x_wconf 88' lang='lat'><em>1:06</em></span> <span class='ocrx_word' id='word_1_229' title='bbox 746 3164 1008 3238; x_wconf 72' lang='grc' dir='ltr'>ἐῤῥιπτος</span> <span class='ocrx_word' id='word_1_230' title='bbox 1041 3167 1157 3222; x_wconf 81' lang='grc' dir='ltr'>Οὐκ</span> <span class='ocrx_word' id='word_1_231' title='bbox 1200 3170 1280 3233; x_wconf 87' lang='grc' dir='ltr'>εἰς</span> <span class='ocrx_word' id='word_1_232' title='bbox 1317 3169 1378 3223; x_wconf 90' lang='lat'>:6</span> <span class='ocrx_word' id='word_1_233' title='bbox 1410 3170 1669 3239; x_wconf 81' lang='grc' dir='ltr'>ἄμφοδον,</span> <span class='ocrx_word' id='word_1_234' title='bbox 1705 3171 1803 3223; x_wconf 85' lang='grc' dir='ltr'>οὐκ</span> <span class='ocrx_word' id='word_1_235' title='bbox 1842 3172 1919 3235; x_wconf 88' lang='grc' dir='ltr'>εἰς</span> <span class='ocrx_word' id='word_1_236' title='bbox 1953 3172 2053 3243; x_wconf 78' lang='grc' dir='ltr'>ρύ-</span> 
     </span>
    </p>
   </div>
   <div class='ocr_carea' id='block_1_35' title="bbox 476 3247 2051 3324">
    <p class='ocr_par' dir='ltr' id='par_1_35' title="bbox 476 3247 2051 3324">
     <span class='ocr_line' id='line_1_35' title="bbox 476 3247 2051 3324; baseline 0.006 -26"><span class='ocrx_word' id='word_1_237' title='bbox 476 3262 607 3315; x_wconf 90' lang='grc' dir='ltr'>μην,</span> <span class='ocrx_word' id='word_1_238' title='bbox 652 3247 755 3300; x_wconf 82' lang='grc' dir='ltr'>οὐκ</span> <span class='ocrx_word' id='word_1_239' title='bbox 785 3250 866 3312; x_wconf 89' lang='grc' dir='ltr'>εἰς</span> <span class='ocrx_word' id='word_1_240' title='bbox 900 3250 1197 3315; x_wconf 86' lang='grc' dir='ltr'>στενωπὸν,</span> <span class='ocrx_word' id='word_1_241' title='bbox 1240 3250 1338 3304; x_wconf 83' lang='grc' dir='ltr'>οὐκ</span> <span class='ocrx_word' id='word_1_242' title='bbox 1371 3253 1450 3315; x_wconf 92' lang='grc' dir='ltr'>εἰς</span> <span class='ocrx_word' id='word_1_243' title='bbox 1473 3253 1643 3324; x_wconf 85' lang='grc' dir='ltr'>μέσην</span> <span class='ocrx_word' id='word_1_244' title='bbox 1670 3252 1897 3324; x_wconf 84' lang='grc' dir='ltr'>ἀγορὰν,</span> <span class='ocrx_word' id='word_1_245' title='bbox 1936 3255 2051 3309; x_wconf 84' lang='grc' dir='ltr'>ἀλλ’</span> 
     </span>
    </p>
   </div>
   <div class='ocr_carea' id='block_1_36' title="bbox 472 3328 2054 3407">
    <p class='ocr_par' dir='ltr' id='par_1_36' title="bbox 472 3328 2054 3407">
     <span class='ocr_line' id='line_1_36' title="bbox 472 3328 2054 3407; baseline 0.006 -27"><span class='ocrx_word' id='word_1_246' title='bbox 472 3328 555 3390; x_wconf 78' lang='grc' dir='ltr'>εἰς</span> <span class='ocrx_word' id='word_1_247' title='bbox 576 3328 667 3382; x_wconf 84' lang='grc' dir='ltr'>τὸν</span> <span class='ocrx_word' id='word_1_248' title='bbox 688 3330 909 3384; x_wconf 86' lang='grc' dir='ltr'>πυλῶνα</span> <span class='ocrx_word' id='word_1_249' title='bbox 927 3331 1021 3385; x_wconf 84' lang='grc' dir='ltr'>τοῦ</span> <span class='ocrx_word' id='word_1_250' title='bbox 1044 3332 1322 3399; x_wconf 88' lang='grc' dir='ltr'>πλουσίου,</span> <span class='ocrx_word' id='word_1_251' title='bbox 1347 3334 1480 3387; x_wconf 83' lang='grc' dir='ltr'>ὅπου</span> <span class='ocrx_word' id='word_1_252' title='bbox 1504 3335 1748 3405; x_wconf 87' lang='grc' dir='ltr'>ἀνάγκην</span> <span class='ocrx_word' id='word_1_253' title='bbox 1768 3331 1913 3407; x_wconf 79' lang='grc' dir='ltr'>εῖχεν</span> <span class='ocrx_word' id='word_1_254' title='bbox 1943 3339 2054 3391; x_wconf 81' lang='grc' dir='ltr'>εἰσ-</span> 
     </span>
    </p>
   </div>
   <div class='ocr_carea' id='block_1_37' title="bbox 472 3410 2049 3491">
    <p class='ocr_par' dir='ltr' id='par_1_37' title="bbox 472 3410 2049 3491">
     <span class='ocr_line' id='line_1_37' title="bbox 472 3410 2049 3491; baseline 0.006 -27"><span class='ocrx_word' id='word_1_255' title='bbox 472 3410 607 3464; x_wconf 78' lang='grc' dir='ltr'>όδων</span> <span class='ocrx_word' id='word_1_256' title='bbox 628 3414 721 3467; x_wconf 72' lang='grc' dir='ltr'>καὶ</span> <span class='ocrx_word' id='word_1_257' title='bbox 743 3412 937 3478; x_wconf 75' lang='grc' dir='ltr'>ἐξόδων</span> <span class='ocrx_word' id='word_1_258' title='bbox 963 3417 993 3469; x_wconf 87' lang='lat'>6</span> <span class='ocrx_word' id='word_1_259' title='bbox 1014 3416 1267 3481; x_wconf 90' lang='grc' dir='ltr'>πλούσιος</span> <span class='ocrx_word' id='word_1_260' title='bbox 1288 3428 1336 3482; x_wconf 78' lang='grc' dir='ltr'>ο,</span> <span class='ocrx_word' id='word_1_261' title='bbox 1362 3418 1449 3472; x_wconf 78' lang='grc' dir='ltr'>ἵνα</span> <span class='ocrx_word' id='word_1_262' title='bbox 1473 3418 1547 3491; x_wconf 80' lang='grc' dir='ltr'>μὴ</span> <span class='ocrx_word' id='word_1_263' title='bbox 1575 3418 1631 3472; x_wconf 93' lang='grc' dir='ltr'>λέ</span> <span class='ocrx_word' id='word_1_264' title='bbox 1643 3432 1729 3491; x_wconf 76' lang='grc' dir='ltr'>γῃο</span> <span class='ocrx_word' id='word_1_265' title='bbox 1754 3422 1867 3473; x_wconf 85' lang='grc' dir='ltr'>Οὐκ</span> <span class='ocrx_word' id='word_1_266' title='bbox 1892 3417 2049 3487; x_wconf 77' lang='grc' dir='ltr'>εἶδον,</span> 
     </span>
    </p>
   </div>
   <div class='ocr_carea' id='block_1_38' title="bbox 473 3494 2051 3575">
    <p class='ocr_par' dir='ltr' id='par_1_38' title="bbox 473 3494 2051 3575">
     <span class='ocr_line' id='line_1_38' title="bbox 473 3494 2051 3575; baseline 0.008 -29"><span class='ocrx_word' id='word_1_267' title='bbox 473 3494 848 3569; x_wconf 83' lang='grc' dir='ltr'>παρέδραμον,</span> <span class='ocrx_word' id='word_1_268' title='bbox 879 3498 980 3553; x_wconf 84' lang='grc' dir='ltr'>οὑκ</span> <span class='ocrx_word' id='word_1_269' title='bbox 1007 3495 1145 3553; x_wconf 73' lang='grc' dir='ltr'>εἶδόν</span> <span class='ocrx_word' id='word_1_270' title='bbox 1174 3517 1275 3571; x_wconf 92' lang='grc' dir='ltr'>μου</span> <span class='ocrx_word' id='word_1_271' title='bbox 1306 3501 1355 3554; x_wconf 81' lang='grc' dir='ltr'>οἱ</span> <span class='ocrx_word' id='word_1_272' title='bbox 1384 3500 1669 3573; x_wconf 84' lang='grc' dir='ltr'>ὀφθαλμοί.</span> <span class='ocrx_word' id='word_1_273' title='bbox 1698 3503 1792 3568; x_wconf 74' lang='grc' dir='ltr'>Εἰς</span> <span class='ocrx_word' id='word_1_274' title='bbox 1813 3504 1911 3575; x_wconf 84' lang='grc' dir='ltr'>τὴν</span> <span class='ocrx_word' id='word_1_275' title='bbox 1940 3503 2051 3558; x_wconf 81' lang='grc' dir='ltr'>εἶσ-</span> 
     </span>
    </p>
   </div>
   <div class='ocr_carea' id='block_1_39' title="bbox 472 3576 2050 3665">
    <p class='ocr_par' dir='ltr' id='par_1_39' title="bbox 472 3576 2050 3665">
     <span class='ocr_line' id='line_1_39' title="bbox 472 3576 2050 3665; baseline 0.01 -35"><span class='ocrx_word' id='word_1_276' title='bbox 472 3576 594 3665; x_wconf 65' lang='grc' dir='ltr'>οδόν</span> <span class='ocrx_word' id='word_1_277' title='bbox 632 3594 724 3632; x_wconf 89' lang='grc' dir='ltr'>σου</span> <span class='ocrx_word' id='word_1_278' title='bbox 767 3583 966 3646; x_wconf 80' lang='grc' dir='ltr'>κεῖται,</span> <span class='ocrx_word' id='word_1_279' title='bbox 1065 3585 1411 3657; x_wconf 85' lang='grc' dir='ltr'>μαργαρίτης</span> <span class='ocrx_word' id='word_1_280' title='bbox 1465 3586 1523 3639; x_wconf 91' lang='grc' dir='ltr'>ἐν</span> <span class='ocrx_word' id='word_1_281' title='bbox 1558 3585 1822 3665; x_wconf 77' lang='grc' dir='ltr'>βορϐόρῳ,</span> <span class='ocrx_word' id='word_1_282' title='bbox 1861 3590 1953 3645; x_wconf 81' lang='grc' dir='ltr'>καὶ</span> <span class='ocrx_word' id='word_1_283' title='bbox 1989 3590 2050 3645; x_wconf 85' lang='grc' dir='ltr'>ού</span> 
     </span>
    </p>
   </div>
   <div class='ocr_carea' id='block_1_40' title="bbox 476 3657 2053 3743">
    <p class='ocr_par' dir='ltr' id='par_1_40' title="bbox 476 3657 2053 3743">
     <span class='ocr_line' id='line_1_40' title="bbox 476 3657 2053 3743; baseline 0.009 -32"><span class='ocrx_word' id='word_1_284' title='bbox 476 3657 729 3732; x_wconf 80' lang='grc' dir='ltr'>βλέπειςς</span> <span class='ocrx_word' id='word_1_285' title='bbox 751 3665 781 3716; x_wconf 89' lang='lat'>6</span> <span class='ocrx_word' id='word_1_286' title='bbox 813 3666 996 3736; x_wconf 74' lang='grc' dir='ltr'>ἰατρὸς</span> <span class='ocrx_word' id='word_1_287' title='bbox 1019 3664 1170 3739; x_wconf 82' lang='grc'><strong>[779]</strong></span> <span class='ocrx_word' id='word_1_288' title='bbox 1193 3668 1353 3743; x_wconf 39' lang='grc' dir='ltr'>,παρά</span> <span class='ocrx_word' id='word_1_289' title='bbox 1378 3668 1469 3722; x_wconf 81' lang='grc' dir='ltr'>τὸν</span> <span class='ocrx_word' id='word_1_290' title='bbox 1500 3657 1742 3732; x_wconf 75' lang='grc' dir='ltr'>πυλῶνα,</span> <span class='ocrx_word' id='word_1_291' title='bbox 1768 3657 1860 3724; x_wconf 77' lang='grc' dir='ltr'>καὶ</span> <span class='ocrx_word' id='word_1_292' title='bbox 1880 3672 1939 3724; x_wconf 86' lang='grc' dir='ltr'>οὐ</span> <span class='ocrx_word' id='word_1_293' title='bbox 1965 3671 2053 3725; x_wconf 80' lang='grc' dir='ltr'>θε-</span> 
     </span>
    </p>
   </div>
   <div class='ocr_carea' id='block_1_41' title="bbox 476 3743 2052 3824">
    <p class='ocr_par' dir='ltr' id='par_1_41' title="bbox 476 3743 2052 3824">
     <span class='ocr_line' id='line_1_41' title="bbox 476 3743 2052 3824; baseline 0.009 -29"><span class='ocrx_word' id='word_1_294' title='bbox 476 3743 723 3816; x_wconf 81' lang='grc' dir='ltr'>ραπεύῃ;</span> <span class='ocrx_word' id='word_1_295' title='bbox 756 3746 785 3799; x_wconf 91' lang='lat'>6</span> <span class='ocrx_word' id='word_1_296' title='bbox 824 3746 1164 3824; x_wconf 69' lang='grc' dir='ltr'>κυϐερνῄτης</span> <span class='ocrx_word' id='word_1_297' title='bbox 1200 3751 1260 3803; x_wconf 87' lang='grc' dir='ltr'>ἐν</span> <span class='ocrx_word' id='word_1_298' title='bbox 1299 3749 1378 3823; x_wconf 80' lang='grc' dir='ltr'>τῷ</span> <span class='ocrx_word' id='word_1_299' title='bbox 1424 3752 1623 3822; x_wconf 78' lang='grc' dir='ltr'>λιμένι,</span> <span class='ocrx_word' id='word_1_300' title='bbox 1666 3753 1760 3806; x_wconf 76' lang='grc' dir='ltr'>καὶ</span> <span class='ocrx_word' id='word_1_301' title='bbox 1796 3756 2052 3824; x_wconf 83' lang='grc' dir='ltr'>ναυάγιον</span> 
     </span>
    </p>
   </div>
   <div class='ocr_carea' id='block_1_42' title="bbox 476 3824 2054 3911">
    <p class='ocr_par' dir='ltr' id='par_1_42' title="bbox 476 3824 2054 3911">
     <span class='ocr_line' id='line_1_42' title="bbox 476 3824 2054 3911; baseline 0.007 -30"><span class='ocrx_word' id='word_1_302' title='bbox 476 3824 804 3911; x_wconf 44' lang='grc' dir='ltr'>ὑπομένεις)</span> <span class='ocrx_word' id='word_1_303' title='bbox 833 3824 1170 3901; x_wconf 68' lang='grc' dir='ltr'>παρασίτους</span> <span class='ocrx_word' id='word_1_304' title='bbox 1186 3830 1426 3903; x_wconf 79' lang='grc' dir='ltr'>τρέφεις,</span> <span class='ocrx_word' id='word_1_305' title='bbox 1451 3834 1545 3887; x_wconf 84' lang='grc' dir='ltr'>καὶ</span> <span class='ocrx_word' id='word_1_306' title='bbox 1575 3835 1813 3907; x_wconf 88' lang='grc' dir='ltr'>πένητας</span> <span class='ocrx_word' id='word_1_307' title='bbox 1844 3838 1905 3890; x_wconf 87' lang='grc' dir='ltr'>ού</span> <span class='ocrx_word' id='word_1_308' title='bbox 1928 3839 2054 3911; x_wconf 80' lang='grc' dir='ltr'>τρέ-</span> 
     </span>
    </p>
   </div>
   <div class='ocr_carea' id='block_1_43' title="bbox 474 3910 2050 3996">
    <p class='ocr_par' dir='ltr' id='par_1_43' title="bbox 474 3910 2050 3996">
     <span class='ocr_line' id='line_1_43' title="bbox 474 3910 2050 3996; baseline 0.011 -36"><span class='ocrx_word' id='word_1_309' title='bbox 474 3923 628 3996; x_wconf 76' lang='grc' dir='ltr'>φειςς</span> <span class='ocrx_word' id='word_1_310' title='bbox 648 3910 911 3996; x_wconf 32' lang='grc' dir='ltr'>’Ἐγίνετο</span> <span class='ocrx_word' id='word_1_311' title='bbox 941 3915 1064 3968; x_wconf 89' lang='grc' dir='ltr'>τότε</span> <span class='ocrx_word' id='word_1_312' title='bbox 1099 3915 1293 3981; x_wconf 82' lang='grc' dir='ltr'>ταῦτα,</span> <span class='ocrx_word' id='word_1_313' title='bbox 1326 3916 1535 3984; x_wconf 89' lang='grc' dir='ltr'>γίνεται</span> <span class='ocrx_word' id='word_1_314' title='bbox 1564 3917 1623 3972; x_wconf 84' lang='grc' dir='ltr'>δὲ</span> <span class='ocrx_word' id='word_1_315' title='bbox 1661 3918 1756 3975; x_wconf 79' lang='grc' dir='ltr'>καὶ</span> <span class='ocrx_word' id='word_1_316' title='bbox 1789 3910 2050 3996; x_wconf 78' lang='grc' dir='ltr'>σήμερον.</span> 
     </span>
    </p>
   </div>
   <div class='ocr_carea' id='block_1_44' title="bbox 474 3988 2052 4073">
    <p class='ocr_par' dir='ltr' id='par_1_44' title="bbox 474 3988 2052 4073">
     <span class='ocr_line' id='line_1_44' title="bbox 474 3988 2052 4073; baseline 0.01 -26"><span class='ocrx_word' id='word_1_317' title='bbox 474 3988 575 4047; x_wconf 83' lang='grc' dir='ltr'>Διά</span> <span class='ocrx_word' id='word_1_318' title='bbox 600 3991 710 4066; x_wconf 86' lang='grc' dir='ltr'>γὰρ</span> <span class='ocrx_word' id='word_1_319' title='bbox 738 3995 896 4049; x_wconf 80' lang='grc' dir='ltr'>τοῦτο</span> <span class='ocrx_word' id='word_1_320' title='bbox 930 3998 1113 4057; x_wconf 76' lang='grc' dir='ltr'>ἐκεῖνα</span> <span class='ocrx_word' id='word_1_321' title='bbox 1131 3996 1159 4038; x_wconf 74' lang='grc' dir='ltr'>ά</span> <span class='ocrx_word' id='word_1_322' title='bbox 1184 3998 1514 4070; x_wconf 90' lang='grc' dir='ltr'>γέγραπται,</span> <span class='ocrx_word' id='word_1_323' title='bbox 1546 4001 1633 4056; x_wconf 82' lang='grc' dir='ltr'>ἵνα</span> <span class='ocrx_word' id='word_1_324' title='bbox 1653 4003 1701 4054; x_wconf 91' lang='grc' dir='ltr'>οἰ</span> <span class='ocrx_word' id='word_1_325' title='bbox 1720 3988 2052 4073; x_wconf 65' lang='grc' dir='ltr'>μετάταῧτα</span> 
     </span>
    </p>
   </div>
   <div class='ocr_carea' id='block_1_45' title="bbox 474 4074 2052 4161">
    <p class='ocr_par' dir='ltr' id='par_1_45' title="bbox 474 4074 2052 4161">
     <span class='ocr_line' id='line_1_45' title="bbox 474 4074 2052 4161; baseline 0.01 -33"><span class='ocrx_word' id='word_1_326' title='bbox 474 4074 585 4161; x_wconf 76' lang='grc' dir='ltr'>ἀπὸ</span> <span class='ocrx_word' id='word_1_327' title='bbox 623 4075 735 4132; x_wconf 88' lang='grc' dir='ltr'>τῶν</span> <span class='ocrx_word' id='word_1_328' title='bbox 774 4081 1113 4155; x_wconf 83' lang='grc' dir='ltr'>πραγμάτων</span> <span class='ocrx_word' id='word_1_329' title='bbox 1131 4082 1504 4161; x_wconf 35' lang='grc' dir='ltr'>ῌπαιδευθῶσι,</span> <span class='ocrx_word' id='word_1_330' title='bbox 1550 4084 1643 4138; x_wconf 77' lang='grc' dir='ltr'>καὶ</span> <span class='ocrx_word' id='word_1_331' title='bbox 1690 4086 1764 4161; x_wconf 81' lang='grc' dir='ltr'>μὴ</span> <span class='ocrx_word' id='word_1_332' title='bbox 1809 4087 2052 4143; x_wconf 88' lang='grc' dir='ltr'>πάθωσιν</span> 
     </span>
    </p>
   </div>
   <div class='ocr_carea' id='block_1_46' title="bbox 475 4157 2052 4244">
    <p class='ocr_par' dir='ltr' id='par_1_46' title="bbox 475 4157 2052 4244">
     <span class='ocr_line' id='line_1_46' title="bbox 475 4157 2052 4244; baseline 0.011 -33"><span class='ocrx_word' id='word_1_333' title='bbox 475 4159 681 4244; x_wconf 70' lang='grc' dir='ltr'>ἐκεῖνα,</span> <span class='ocrx_word' id='word_1_334' title='bbox 706 4161 850 4244; x_wconf 86' lang='grc' dir='ltr'>ἆπερ</span> <span class='ocrx_word' id='word_1_335' title='bbox 874 4163 1073 4223; x_wconf 85' lang='grc' dir='ltr'>ἐπαθεν</span> <span class='ocrx_word' id='word_1_336' title='bbox 1098 4157 1275 4229; x_wconf 75' lang='grc' dir='ltr'>οὗτος.</span> <span class='ocrx_word' id='word_1_337' title='bbox 1297 4167 1516 4220; x_wconf 86' lang='grc' dir='ltr'>Ἐκειτο</span> <span class='ocrx_word' id='word_1_338' title='bbox 1539 4168 1718 4223; x_wconf 91' lang='grc' dir='ltr'>τοίνυν</span> <span class='ocrx_word' id='word_1_339' title='bbox 1751 4157 1808 4222; x_wconf 86' lang='grc' dir='ltr'>ἐν</span> <span class='ocrx_word' id='word_1_340' title='bbox 1836 4171 1914 4244; x_wconf 83' lang='grc' dir='ltr'>τῷ</span> <span class='ocrx_word' id='word_1_341' title='bbox 1947 4189 2052 4228; x_wconf 81' lang='grc' dir='ltr'>πυ-</span> 
     </span>
    </p>
   </div>
   <div class='ocr_carea' id='block_1_47' title="bbox 477 4240 2047 4317">
    <p class='ocr_par' dir='ltr' id='par_1_47' title="bbox 477 4240 2047 4317">
     <span class='ocr_line' id='line_1_47' title="bbox 477 4240 2047 4317; baseline 0.008 -20"><span class='ocrx_word' id='word_1_342' title='bbox 477 4240 609 4297; x_wconf 85' lang='grc' dir='ltr'>λῶνι</span> <span class='ocrx_word' id='word_1_343' title='bbox 637 4243 667 4294; x_wconf 93' lang='lat'>6</span> <span class='ocrx_word' id='word_1_344' title='bbox 692 4243 878 4314; x_wconf 81' lang='grc' dir='ltr'>πένης·</span> <span class='ocrx_word' id='word_1_345' title='bbox 906 4246 1072 4317; x_wconf 87' lang='grc' dir='ltr'>πένης</span> <span class='ocrx_word' id='word_1_346' title='bbox 1097 4248 1197 4317; x_wconf 85' lang='grc' dir='ltr'>μὲν</span> <span class='ocrx_word' id='word_1_347' title='bbox 1223 4248 1442 4317; x_wconf 76' lang='grc' dir='ltr'>ἔξωθεν,</span> <span class='ocrx_word' id='word_1_348' title='bbox 1471 4249 1723 4317; x_wconf 89' lang='grc' dir='ltr'>πλούσιος</span> <span class='ocrx_word' id='word_1_349' title='bbox 1749 4253 1807 4311; x_wconf 78' lang='grc' dir='ltr'>δὲ</span> <span class='ocrx_word' id='word_1_350' title='bbox 1828 4240 2047 4313; x_wconf 71' lang='grc' dir='ltr'>ἔσωθεν·</span> 
     </span>
    </p>
   </div>
   <div class='ocr_carea' id='block_1_48' title="bbox 476 4324 2053 4405">
    <p class='ocr_par' dir='ltr' id='par_1_48' title="bbox 476 4324 2053 4405">
     <span class='ocr_line' id='line_1_48' title="bbox 476 4324 2053 4405; baseline 0.01 -26"><span class='ocrx_word' id='word_1_351' title='bbox 476 4324 655 4381; x_wconf 72' lang='grc' dir='ltr'>ἔκειτο</span> <span class='ocrx_word' id='word_1_352' title='bbox 683 4325 1003 4400; x_wconf 77' lang='grc' dir='ltr'>ἡλκωμένος</span> <span class='ocrx_word' id='word_1_353' title='bbox 1032 4330 1093 4383; x_wconf 83' lang='grc' dir='ltr'>τὸ</span> <span class='ocrx_word' id='word_1_354' title='bbox 1127 4329 1306 4403; x_wconf 87' lang='grc' dir='ltr'>σῶμα·</span> <span class='ocrx_word' id='word_1_355' title='bbox 1338 4331 1608 4405; x_wconf 84' lang='grc' dir='ltr'>θησαυρὸς</span> <span class='ocrx_word' id='word_1_356' title='bbox 1648 4335 1854 4396; x_wconf 84' lang='grc' dir='ltr'>ἀνωθεν</span> <span class='ocrx_word' id='word_1_357' title='bbox 1884 4339 2053 4393; x_wconf 84' lang='grc' dir='ltr'>ἀκάν-</span> 
     </span>
    </p>
   </div>
   <div class='ocr_carea' id='block_1_49' title="bbox 475 4407 2053 4495">
    <p class='ocr_par' dir='ltr' id='par_1_49' title="bbox 475 4407 2053 4495">
     <span class='ocr_line' id='line_1_49' title="bbox 475 4407 2053 4495; baseline 0.01 -35"><span class='ocrx_word' id='word_1_358' title='bbox 475 4407 778 4495; x_wconf 73' lang='grc' dir='ltr'>θαςέχων,</span> <span class='ocrx_word' id='word_1_359' title='bbox 813 4410 1057 4467; x_wconf 87' lang='grc' dir='ltr'>κάτωθεν</span> <span class='ocrx_word' id='word_1_360' title='bbox 1109 4412 1167 4466; x_wconf 86' lang='grc' dir='ltr'>δέ</span> <span class='ocrx_word' id='word_1_361' title='bbox 1209 4414 1577 4488; x_wconf 85' lang='grc' dir='ltr'>μαργαρίτας.</span> <span class='ocrx_word' id='word_1_362' title='bbox 1630 4416 1696 4472; x_wconf 89' lang='grc' dir='ltr'>Τί</span> <span class='ocrx_word' id='word_1_363' title='bbox 1738 4420 1846 4492; x_wconf 84' lang='grc' dir='ltr'>γάρ</span> <span class='ocrx_word' id='word_1_364' title='bbox 1902 4422 2053 4495; x_wconf 81' lang='grc' dir='ltr'>αύτῷ</span> 
     </span>
    </p>
   </div>
   <div class='ocr_carea' id='block_1_50' title="bbox 476 4492 2053 4579">
    <p class='ocr_par' dir='ltr' id='par_1_50' title="bbox 476 4492 2053 4579">
     <span class='ocr_line' id='line_1_50' title="bbox 476 4492 2053 4579; baseline 0.013 -40"><span class='ocrx_word' id='word_1_365' title='bbox 476 4492 675 4579; x_wconf 63' lang='grc' dir='ltr'>βλάϐος</span> <span class='ocrx_word' id='word_1_366' title='bbox 711 4495 818 4579; x_wconf 68' lang='grc' dir='ltr'>ἀπὸ</span> <span class='ocrx_word' id='word_1_367' title='bbox 845 4496 945 4568; x_wconf 77' lang='grc' dir='ltr'>τῆς</span> <span class='ocrx_word' id='word_1_368' title='bbox 969 4497 1280 4570; x_wconf 75' lang='grc' dir='ltr'>ἀρρωστίας</span> <span class='ocrx_word' id='word_1_369' title='bbox 1310 4497 1403 4555; x_wconf 81' lang='grc' dir='ltr'>τοῦ</span> <span class='ocrx_word' id='word_1_370' title='bbox 1442 4498 1714 4571; x_wconf 82' lang='grc' dir='ltr'>σώματος,</span> <span class='ocrx_word' id='word_1_371' title='bbox 1743 4504 1843 4574; x_wconf 84' lang='grc' dir='ltr'>τῆς</span> <span class='ocrx_word' id='word_1_372' title='bbox 1874 4492 2053 4579; x_wconf 71' lang='grc' dir='ltr'>ψυχῆς</span> 
     </span>
    </p>
   </div>
   <div class='ocr_carea' id='block_1_51' title="bbox 478 4577 2052 4661">
    <p class='ocr_par' dir='ltr' id='par_1_51' title="bbox 478 4577 2052 4661">
     <span class='ocr_line' id='line_1_51' title="bbox 478 4577 2052 4661; baseline 0.009 -30"><span class='ocrx_word' id='word_1_373' title='bbox 478 4577 862 4653; x_wconf 83' lang='grc' dir='ltr'>ὑγιαινούσης;</span> <span class='ocrx_word' id='word_1_374' title='bbox 897 4581 1267 4637; x_wconf 80' lang='grc' dir='ltr'>Ἀκουέτωσαν</span> <span class='ocrx_word' id='word_1_375' title='bbox 1308 4583 1358 4637; x_wconf 91' lang='grc' dir='ltr'>οἰ</span> <span class='ocrx_word' id='word_1_376' title='bbox 1397 4584 1649 4657; x_wconf 86' lang='grc' dir='ltr'>πένητες,</span> <span class='ocrx_word' id='word_1_377' title='bbox 1689 4586 1784 4641; x_wconf 80' lang='grc' dir='ltr'>καὶ</span> <span class='ocrx_word' id='word_1_378' title='bbox 1814 4577 2052 4661; x_wconf 15' lang='grc' dir='ltr'>μὴνάπο-</span> 
     </span>
    </p>
   </div>
   <div class='ocr_carea' id='block_1_52' title="bbox 478 4661 2051 4736">
    <p class='ocr_par' dir='ltr' id='par_1_52' title="bbox 478 4661 2051 4736">
     <span class='ocr_line' id='line_1_52' title="bbox 478 4661 2051 4736; baseline 0.011 -24"><span class='ocrx_word' id='word_1_379' title='bbox 478 4661 830 4732; x_wconf 78' lang='grc' dir='ltr'>πνιγήτωσαν</span> <span class='ocrx_word' id='word_1_380' title='bbox 861 4674 885 4702; x_wconf 75' lang='grc' dir='ltr'>ε</span> <span class='ocrx_word' id='word_1_381' title='bbox 913 4664 1020 4723; x_wconf 86' lang='lat'><em>61:6</em></span> <span class='ocrx_word' id='word_1_382' title='bbox 1035 4665 1136 4735; x_wconf 88' lang='grc' dir='ltr'>τῆς</span> <span class='ocrx_word' id='word_1_383' title='bbox 1156 4665 1411 4736; x_wconf 84' lang='grc' dir='ltr'>ἀθυμίας·</span> <span class='ocrx_word' id='word_1_384' title='bbox 1442 4668 1787 4727; x_wconf 87' lang='grc' dir='ltr'>ἀκουέτωσαν</span> <span class='ocrx_word' id='word_1_385' title='bbox 1810 4675 1860 4726; x_wconf 86' lang='grc' dir='ltr'>οἰ</span> <span class='ocrx_word' id='word_1_386' title='bbox 1886 4675 2051 4730; x_wconf 90' lang='grc' dir='ltr'>πλού-</span> 
     </span>
    </p>
   </div>
   <div class='ocr_carea' id='block_1_53' title="bbox 479 4744 2052 4831">
    <p class='ocr_par' dir='ltr' id='par_1_53' title="bbox 479 4744 2052 4831">
     <span class='ocr_line' id='line_1_53' title="bbox 479 4744 2052 4831; baseline 0.011 -36"><span class='ocrx_word' id='word_1_387' title='bbox 479 4760 607 4831; x_wconf 77' lang='grc' dir='ltr'>σιοι,</span> <span class='ocrx_word' id='word_1_388' title='bbox 633 4744 725 4831; x_wconf 44' lang='grc' dir='ltr'>καὶ</span> <span class='ocrx_word' id='word_1_389' title='bbox 759 4746 1245 4831; x_wconf 77' lang='grc' dir='ltr'>μεταϐαλέσθωσαν</span> <span class='ocrx_word' id='word_1_390' title='bbox 1272 4748 1379 4805; x_wconf 84' lang='lat'><em>61:6</em></span> <span class='ocrx_word' id='word_1_391' title='bbox 1396 4751 1496 4821; x_wconf 90' lang='grc' dir='ltr'>τῆς</span> <span class='ocrx_word' id='word_1_392' title='bbox 1512 4754 1792 4825; x_wconf 90' lang='grc' dir='ltr'>πονηρίας.</span> <span class='ocrx_word' id='word_1_393' title='bbox 1816 4756 1914 4810; x_wconf 87' lang='grc' dir='ltr'>Διά</span> <span class='ocrx_word' id='word_1_394' title='bbox 1943 4759 2052 4831; x_wconf 81' lang='grc' dir='ltr'>γάρ</span> 
     </span>
    </p>
   </div>
   <div class='ocr_carea' id='block_1_54' title="bbox 478 4822 2051 4907">
    <p class='ocr_par' dir='ltr' id='par_1_54' title="bbox 478 4822 2051 4907">
     <span class='ocr_line' id='line_1_54' title="bbox 478 4822 2051 4907; baseline 0.011 -27"><span class='ocrx_word' id='word_1_395' title='bbox 478 4829 635 4882; x_wconf 80' lang='grc' dir='ltr'>τοῦτο</span> <span class='ocrx_word' id='word_1_396' title='bbox 660 4822 817 4883; x_wconf 70' lang='grc' dir='ltr'>αὗται</span> <span class='ocrx_word' id='word_1_397' title='bbox 850 4830 904 4883; x_wconf 91' lang='grc' dir='ltr'>αἰ</span> <span class='ocrx_word' id='word_1_398' title='bbox 932 4828 1025 4883; x_wconf 84' lang='grc' dir='ltr'>δύο</span> <span class='ocrx_word' id='word_1_399' title='bbox 1061 4833 1194 4903; x_wconf 79' lang='grc' dir='ltr'>ἡμῖν</span> <span class='ocrx_word' id='word_1_400' title='bbox 1220 4834 1427 4899; x_wconf 91' lang='grc' dir='ltr'>εἰκόνες</span> <span class='ocrx_word' id='word_1_401' title='bbox 1454 4822 1793 4907; x_wconf 80' lang='grc' dir='ltr'>πρόκεινται,</span> <span class='ocrx_word' id='word_1_402' title='bbox 1817 4822 2051 4897; x_wconf 70' lang='grc' dir='ltr'>πλούτου</span> 
     </span>
    </p>
   </div>
   <div class='ocr_carea' id='block_1_55' title="bbox 478 4912 2053 4995">
    <p class='ocr_par' dir='ltr' id='par_1_55' title="bbox 478 4912 2053 4995">
     <span class='ocr_line' id='line_1_55' title="bbox 478 4912 2053 4995; baseline 0.011 -31"><span class='ocrx_word' id='word_1_403' title='bbox 478 4913 575 4995; x_wconf 83' lang='grc' dir='ltr'>καὶ</span> <span class='ocrx_word' id='word_1_404' title='bbox 614 4912 822 4976; x_wconf 86' lang='grc' dir='ltr'>πενίας,</span> <span class='ocrx_word' id='word_1_405' title='bbox 844 4913 1125 4986; x_wconf 81' lang='grc' dir='ltr'>ὠμότητος</span> <span class='ocrx_word' id='word_1_406' title='bbox 1164 4919 1257 4975; x_wconf 81' lang='grc' dir='ltr'>καὶ</span> <span class='ocrx_word' id='word_1_407' title='bbox 1294 4918 1606 4989; x_wconf 74' lang='grc' dir='ltr'>καρτερίας,</span> <span class='ocrx_word' id='word_1_408' title='bbox 1639 4920 1917 4995; x_wconf 81' lang='grc' dir='ltr'>ὑπομονῆς</span> <span class='ocrx_word' id='word_1_409' title='bbox 1958 4928 2053 4989; x_wconf 75' lang='grc' dir='ltr'>καὶ</span> 
     </span>
    </p>
   </div>
   <div class='ocr_carea' id='block_1_56' title="bbox 478 4994 2053 5076">
    <p class='ocr_par' dir='ltr' id='par_1_56' title="bbox 478 4994 2053 5076">
     <span class='ocr_line' id='line_1_56' title="bbox 478 4994 2053 5076; baseline 0.01 -30"><span class='ocrx_word' id='word_1_410' title='bbox 478 4994 812 5061; x_wconf 79' lang='grc' dir='ltr'>πλεονεξίας,</span> <span class='ocrx_word' id='word_1_411' title='bbox 851 4997 918 5049; x_wconf 75' lang='grc' dir='ltr'>ἶν’</span> <span class='ocrx_word' id='word_1_412' title='bbox 960 4998 1086 5055; x_wconf 81' lang='grc' dir='ltr'>ὅταν</span> <span class='ocrx_word' id='word_1_413' title='bbox 1139 5000 1253 5076; x_wconf 73' lang='grc' dir='ltr'>ἴδῃς</span> <span class='ocrx_word' id='word_1_414' title='bbox 1299 5000 1506 5072; x_wconf 88' lang='grc' dir='ltr'>πένητα</span> <span class='ocrx_word' id='word_1_415' title='bbox 1572 4994 1910 5076; x_wconf 78' lang='grc' dir='ltr'>ἡλκωμένον,</span> <span class='ocrx_word' id='word_1_416' title='bbox 1960 5012 2053 5071; x_wconf 68' lang='grc' dir='ltr'>καὶ</span> 
     </span>
    </p>
   </div>
   <div class='ocr_carea' id='block_1_57' title="bbox 478 5082 2052 5167">
    <p class='ocr_par' dir='ltr' id='par_1_57' title="bbox 478 5082 2052 5167">
     <span class='ocr_line' id='line_1_57' title="bbox 478 5082 2052 5167; baseline 0.007 -32"><span class='ocrx_word' id='word_1_417' title='bbox 478 5082 1006 5167; x_wconf 78' lang='grc' dir='ltr'>καταφρονούμενον,</span> <span class='ocrx_word' id='word_1_418' title='bbox 1058 5084 1132 5155; x_wconf 85' lang='grc' dir='ltr'>μὴ</span> <span class='ocrx_word' id='word_1_419' title='bbox 1180 5084 1340 5140; x_wconf 78' lang='grc' dir='ltr'>αὑτὸν</span> <span class='ocrx_word' id='word_1_420' title='bbox 1392 5085 1701 5161; x_wconf 78' lang='grc' dir='ltr'>ταλανίσῃς·</span> <span class='ocrx_word' id='word_1_421' title='bbox 1766 5090 1893 5152; x_wconf 83' lang='grc' dir='ltr'>ὅταν</span> <span class='ocrx_word' id='word_1_422' title='bbox 1938 5093 2052 5167; x_wconf 74' lang='grc' dir='ltr'>ἴδῃς</span> 
     </span>
    </p>
   </div>
   <div class='ocr_carea' id='block_1_58' title="bbox 482 5165 2048 5251">
    <p class='ocr_par' dir='ltr' id='par_1_58' title="bbox 482 5165 2048 5251">
     <span class='ocr_line' id='line_1_58' title="bbox 482 5165 2048 5251; baseline 0.01 -35"><span class='ocrx_word' id='word_1_423' title='bbox 482 5165 733 5251; x_wconf 80' lang='grc' dir='ltr'>πλούσιον</span> <span class='ocrx_word' id='word_1_424' title='bbox 783 5167 1291 5251; x_wconf 72' lang='grc' dir='ltr'>καλλωπιζόμενον,</span> <span class='ocrx_word' id='word_1_425' title='bbox 1356 5169 1429 5240; x_wconf 74' lang='grc' dir='ltr'>μὴ</span> <span class='ocrx_word' id='word_1_426' title='bbox 1496 5172 1659 5223; x_wconf 82' lang='grc' dir='ltr'>αὑτὸν</span> <span class='ocrx_word' id='word_1_427' title='bbox 1714 5165 2048 5251; x_wconf 78' lang='grc' dir='ltr'>μακαρίσῃς.</span> 
     </span>
    </p>
   </div>
   <div class='ocr_carea' id='block_1_59' title="bbox 491 5248 2051 5330">
    <p class='ocr_par' dir='ltr' id='par_1_59' title="bbox 491 5248 2051 5330">
     <span class='ocr_line' id='line_1_59' title="bbox 491 5248 2051 5330; baseline 0.009 -31"><span class='ocrx_word' id='word_1_428' title='bbox 491 5248 790 5324; x_wconf 84' lang='grc' dir='ltr'>’Λνάδραμε</span> <span class='ocrx_word' id='word_1_429' title='bbox 856 5251 949 5303; x_wconf 76' lang='grc' dir='ltr'>ἐπὶ</span> <span class='ocrx_word' id='word_1_430' title='bbox 993 5250 1092 5321; x_wconf 77' lang='grc' dir='ltr'>τὴν</span> <span class='ocrx_word' id='word_1_431' title='bbox 1144 5251 1476 5322; x_wconf 82' lang='grc' dir='ltr'>παραϐολήν·</span> <span class='ocrx_word' id='word_1_432' title='bbox 1524 5254 1618 5307; x_wconf 84' lang='grc' dir='ltr'>ἐάν</span> <span class='ocrx_word' id='word_1_433' title='bbox 1656 5254 1855 5330; x_wconf 81' lang='grc' dir='ltr'>θορυϐᾔ</span> <span class='ocrx_word' id='word_1_434' title='bbox 1891 5276 1951 5311; x_wconf 85' lang='grc' dir='ltr'>σε</span> <span class='ocrx_word' id='word_1_435' title='bbox 1987 5248 2051 5313; x_wconf 82' lang='lat'>:6</span> 
     </span>
    </p>
   </div>
   <div class='ocr_carea' id='block_1_60' title="bbox 478 5332 2051 5409">
    <p class='ocr_par' dir='ltr' id='par_1_60' title="bbox 478 5332 2051 5409">
     <span class='ocr_line' id='line_1_60' title="bbox 478 5332 2051 5409; baseline 0.01 -27"><span class='ocrx_word' id='word_1_436' title='bbox 478 5332 734 5403; x_wconf 84' lang='grc' dir='ltr'>ναυάγιον</span> <span class='ocrx_word' id='word_1_437' title='bbox 765 5332 874 5385; x_wconf 84' lang='grc' dir='ltr'>τῶν</span> <span class='ocrx_word' id='word_1_438' title='bbox 899 5334 1198 5405; x_wconf 84' lang='grc' dir='ltr'>λογισμῶν,</span> <span class='ocrx_word' id='word_1_439' title='bbox 1227 5335 1400 5405; x_wconf 90' lang='grc' dir='ltr'>δράμε</span> <span class='ocrx_word' id='word_1_440' title='bbox 1428 5336 1520 5389; x_wconf 76' lang='grc' dir='ltr'>ἐπὶ</span> <span class='ocrx_word' id='word_1_441' title='bbox 1540 5336 1631 5389; x_wconf 85' lang='grc' dir='ltr'>τὸν</span> <span class='ocrx_word' id='word_1_442' title='bbox 1666 5337 1878 5409; x_wconf 79' lang='grc' dir='ltr'>λιμένα,</span> <span class='ocrx_word' id='word_1_443' title='bbox 1919 5342 2051 5399; x_wconf 81' lang='grc' dir='ltr'>λαϐὲ</span> 
     </span>
    </p>
   </div>
   <div class='ocr_carea' id='block_1_61' title="bbox 476 5414 2053 5493">
    <p class='ocr_par' dir='ltr' id='par_1_61' title="bbox 476 5414 2053 5493">
     <span class='ocr_line' id='line_1_61' title="bbox 476 5414 2053 5493; baseline 0.01 -29"><span class='ocrx_word' id='word_1_444' title='bbox 476 5414 585 5470; x_wconf 85' lang='grc' dir='ltr'>ἀπὸ</span> <span class='ocrx_word' id='word_1_445' title='bbox 616 5414 717 5483; x_wconf 90' lang='grc' dir='ltr'>τῆς</span> <span class='ocrx_word' id='word_1_446' title='bbox 742 5415 1045 5487; x_wconf 87' lang='grc' dir='ltr'>διηγήσεως</span> <span class='ocrx_word' id='word_1_447' title='bbox 1076 5418 1445 5489; x_wconf 87' lang='grc' dir='ltr'>παραμυθίαν,</span> <span class='ocrx_word' id='word_1_448' title='bbox 1468 5420 1717 5493; x_wconf 87' lang='grc' dir='ltr'>ἐννόησον</span> <span class='ocrx_word' id='word_1_449' title='bbox 1760 5424 1849 5483; x_wconf 83' lang='grc' dir='ltr'>τὸν</span> <span class='ocrx_word' id='word_1_450' title='bbox 1879 5427 2053 5492; x_wconf 84' lang='grc' dir='ltr'>Λάζα-</span> 
     </span>
    </p>
   </div>
   <div class='ocr_carea' id='block_1_62' title="bbox 539 5550 2050 5618">
    <p class='ocr_par' dir='ltr' id='par_1_62' title="bbox 539 5550 2050 5618">
     <span class='ocr_line' id='line_1_62' title="bbox 539 5550 2050 5618; baseline 0.007 -20"><span class='ocrx_word' id='word_1_451' title='bbox 539 5551 563 5577; x_wconf 83' lang='grc'><strong><em>⁸</em></strong></span> <span class='ocrx_word' id='word_1_452' title='bbox 593 5550 788 5599; x_wconf 71' lang='grc' dir='ltr'>Βεηῑειί.</span> <span class='ocrx_word' id='word_1_453' title='bbox 806 5553 1037 5618; x_wconf 76' lang='grc' dir='ltr'>κατέλαϐε</span> <span class='ocrx_word' id='word_1_454' title='bbox 1048 5556 1209 5617; x_wconf 85' lang='grc' dir='ltr'>καιρὸς</span> <span class='ocrx_word' id='word_1_455' title='bbox 1232 5555 1396 5618; x_wconf 84' lang='grc' dir='ltr'>μιταϐ.</span> <span class='ocrx_word' id='word_1_456' title='bbox 1424 5552 1549 5604; x_wconf 73' lang='lat' dir='ltr'><strong>Infra</strong></span> <span class='ocrx_word' id='word_1_457' title='bbox 1574 5556 1705 5605; x_wconf 83' lang='lat' dir='ltr'>idem</span> <span class='ocrx_word' id='word_1_458' title='bbox 1730 5558 1808 5604; x_wconf 83' lang='grc' dir='ltr'>καὶ</span> <span class='ocrx_word' id='word_1_459' title='bbox 1827 5559 2050 5617; x_wconf 80' lang='grc' dir='ltr'>πολλάκις</span> 
     </span>
    </p>
   </div>
   <div class='ocr_carea' id='block_1_63' title="bbox 475 5612 1491 5741">
    <p class='ocr_par' dir='ltr' id='par_1_63' title="bbox 475 5612 1491 5741">
     <span class='ocr_line' id='line_1_63' title="bbox 475 5612 1244 5722; baseline 0.01 -64"><span class='ocrx_word' id='word_1_460' title='bbox 475 5612 660 5711; x_wconf 55' lang='grc' dir='ltr'>γέγονεν</span> <span class='ocrx_word' id='word_1_461' title='bbox 683 5617 736 5659; x_wconf 75' lang='lat' dir='ltr'>et</span> <span class='ocrx_word' id='word_1_462' title='bbox 755 5614 1045 5722; x_wconf 56' lang='grc' dir='ltr'>παρνασξτους</span> <span class='ocrx_word' id='word_1_463' title='bbox 1068 5612 1207 5678; x_wconf 77' lang='grc' dir='ltr'>ἔχων.</span> <span class='ocrx_word' id='word_1_464' title='bbox 1235 5612 1244 5618; x_wconf 56' lang='grc'>⁷</span> 
     </span>
     <span class='ocr_line' id='line_1_64' title="bbox 544 5673 1491 5741; baseline 0.003 -21"><span class='ocrx_word' id='word_1_465' title='bbox 544 5736 561 5741; x_wconf 83' lang='lat'>_</span> <span class='ocrx_word' id='word_1_466' title='bbox 595 5673 787 5741; x_wconf 45' lang='lat' dir='ltr'>genui,</span> <span class='ocrx_word' id='word_1_467' title='bbox 842 5736 855 5741; x_wconf 31' lang='grc' dir='ltr'><strong>Δ</strong></span> <span class='ocrx_word' id='word_1_468' title='bbox 874 5678 1113 5741; x_wconf 74' lang='grc' dir='ltr'>,ευημερίᾳ</span> <span class='ocrx_word' id='word_1_469' title='bbox 1136 5680 1258 5741; x_wconf 84' lang='grc' dir='ltr'>λιμῷ</span> <span class='ocrx_word' id='word_1_470' title='bbox 1280 5678 1491 5735; x_wconf 77' lang='grc' dir='ltr'>ἐτήκετο.</span> 
     </span>
    </p>
   </div>
   <div class='ocr_carea' id='block_1_64' title="bbox 540 5735 2047 5807">
    <p class='ocr_par' dir='ltr' id='par_1_64' title="bbox 540 5735 2047 5807">
     <span class='ocr_line' id='line_1_65' title="bbox 540 5735 2047 5807; baseline 0.009 -27"><span class='ocrx_word' id='word_1_471' title='bbox 540 5736 563 5807; x_wconf 52' lang='grc' dir='ltr'>ξ</span> <span class='ocrx_word' id='word_1_472' title='bbox 604 5735 798 5807; x_wconf 66' lang='grc' dir='ltr'>Βςηῑει.</span> <span class='ocrx_word' id='word_1_473' title='bbox 820 5735 1079 5807; x_wconf 63' lang='grc' dir='ltr'>εἰσιὼνκαὶ</span> <span class='ocrx_word' id='word_1_474' title='bbox 1098 5735 1246 5793; x_wconf 73' lang='grc' dir='ltr'>’ἐξιὼν</span> <span class='ocrx_word' id='word_1_475' title='bbox 1269 5741 1295 5787; x_wconf 89' lang='lat'>6</span> <span class='ocrx_word' id='word_1_476' title='bbox 1316 5740 1556 5796; x_wconf 79' lang='grc' dir='ltr'>πλούσιος.</span> <span class='ocrx_word' id='word_1_477' title='bbox 1585 5741 1645 5791; x_wconf 83' lang='grc' dir='ltr'>Εἰ</span> <span class='ocrx_word' id='word_1_478' title='bbox 1663 5744 1807 5806; x_wconf 85' lang='lat' dir='ltr'>paulo</span> <span class='ocrx_word' id='word_1_479' title='bbox 1828 5750 1937 5807; x_wconf 76' lang='lat' dir='ltr'>post</span> <span class='ocrx_word' id='word_1_480' title='bbox 1962 5747 2047 5794; x_wconf 68' lang='grc' dir='ltr'>οὐκ</span> 
     </span>
    </p>
   </div>
   <div class='ocr_carea' id='block_1_65' title="bbox 478 5795 1673 5905">
    <p class='ocr_par' dir='ltr' id='par_1_65' title="bbox 478 5795 1673 5905">
     <span class='ocr_line' id='line_1_66' title="bbox 478 5795 1673 5904; baseline -0.03 -58"><span class='ocrx_word' id='word_1_481' title='bbox 478 5796 618 5853; x_wconf 77' lang='grc' dir='ltr'>ιῐδον,</span> <span class='ocrx_word' id='word_1_482' title='bbox 638 5795 717 5843; x_wconf 74' lang='grc' dir='ltr'>ὅτι</span> <span class='ocrx_word' id='word_1_483' title='bbox 746 5797 1058 5904; x_wconf 57' lang='grc' dir='ltr'>παρέδραμον,</span> <span class='ocrx_word' id='word_1_484' title='bbox 1532 5795 1537 5796; x_wconf 54' lang='grc' dir='ltr'><em>ν</em></span> <span class='ocrx_word' id='word_1_485' title='bbox 1663 5795 1673 5813; x_wconf 61' lang='grc' dir='ltr'><strong>ε</strong></span> 
     </span>
     <span class='ocr_line' id='line_1_67' title="bbox 538 5854 972 5905; baseline -0.005 0"><span class='ocrx_word' id='word_1_486' title='bbox 538 5854 562 5893; x_wconf 79' lang='grc' dir='ltr'>ἀ</span> <span class='ocrx_word' id='word_1_487' title='bbox 592 5857 779 5905; x_wconf 77' lang='lat' dir='ltr'>Benzel.</span> <span class='ocrx_word' id='word_1_488' title='bbox 830 5874 972 5905; x_wconf 79' lang='grc' dir='ltr'>κεινο.</span> 
     </span>
    </p>
   </div>
   <div class='ocr_carea' id='block_1_66' title="bbox 539 5916 1231 5978">
    <p class='ocr_par' dir='ltr' id='par_1_66' title="bbox 539 5916 1231 5978">
     <span class='ocr_line' id='line_1_68' title="bbox 539 5916 1231 5978; baseline 0 -10"><span class='ocrx_word' id='word_1_489' title='bbox 539 5920 558 5945; x_wconf 78' lang='grc'><strong><em>⁸</em></strong></span> <span class='ocrx_word' id='word_1_490' title='bbox 587 5916 784 5973; x_wconf 77' lang='grc' dir='ltr'>Βοηιει.</span> <span class='ocrx_word' id='word_1_491' title='bbox 808 5922 871 5978; x_wconf 71' lang='grc' dir='ltr'>μή</span> <span class='ocrx_word' id='word_1_492' title='bbox 896 5920 1231 5972; x_wconf 41' lang='lat' dir='ltr'>ﬂuuiana».</span> 
     </span>
    </p>
   </div>
   <div class='ocr_carea' id='block_1_67' title="bbox 1170 378 3025 439">
    <p class='ocr_par' dir='ltr' id='par_1_67' title="bbox 1170 378 3025 439">
     <span class='ocr_line' id='line_1_69' title="bbox 1170 378 3025 439; baseline 0.001 -3"><span class='ocrx_word' id='word_1_493' title='bbox 1170 380 1227 436; x_wconf 86' lang='lat' dir='ltr'>S.</span> <span class='ocrx_word' id='word_1_494' title='bbox 1270 380 1559 437; x_wconf 73' lang='lat' dir='ltr'>JOANNIS</span> <span class='ocrx_word' id='word_1_495' title='bbox 1593 378 2085 437; x_wconf 69' lang='lat' dir='ltr'>CHRYSOSTOMI</span> <span class='ocrx_word' id='word_1_496' title='bbox 2125 378 2442 435; x_wconf 71' lang='lat' dir='ltr'>ARIJIIIEP.</span> <span class='ocrx_word' id='word_1_497' title='bbox 2475 381 3025 439; x_wconf 75' lang='lat' dir='ltr'>CONSTANTINOP.</span> 
     </span>
    </p>
   </div>
   <div class='ocr_carea' id='block_1_68' title="bbox 3600 381 3742 437">
    <p class='ocr_par' dir='ltr' id='par_1_68' title="bbox 3600 381 3742 437">
     <span class='ocr_line' id='line_1_70' title="bbox 3600 381 3742 437; baseline -0.007 0"><span class='ocrx_word' id='word_1_498' title='bbox 3600 381 3742 437; x_wconf 61' lang='lat'><em>1036</em></span> 
     </span>
    </p>
   </div>
   <div class='ocr_carea' id='block_1_69' title="bbox 2162 496 3745 574">
    <p class='ocr_par' dir='ltr' id='par_1_69' title="bbox 2162 496 3745 574">
     <span class='ocr_line' id='line_1_71' title="bbox 2162 496 3745 574; baseline -0.004 -18"><span class='ocrx_word' id='word_1_499' title='bbox 2162 520 2251 574; x_wconf 83' lang='grc' dir='ltr'>ρον</span> <span class='ocrx_word' id='word_1_500' title='bbox 2291 506 2823 574; x_wconf 87' lang='grc' dir='ltr'>καταφρονούμενον,</span> <span class='ocrx_word' id='word_1_501' title='bbox 2856 506 3111 572; x_wconf 80' lang='grc' dir='ltr'>ἐννόησον</span> <span class='ocrx_word' id='word_1_502' title='bbox 3142 502 3232 553; x_wconf 84' lang='grc' dir='ltr'>τὸν</span> <span class='ocrx_word' id='word_1_503' title='bbox 3262 498 3520 551; x_wconf 80' lang='grc' dir='ltr'>πλούσιον</span> <span class='ocrx_word' id='word_1_504' title='bbox 3548 496 3745 567; x_wconf 76' lang='grc' dir='ltr'>εὑημεο</span> 
     </span>
    </p>
   </div>
   <div class='ocr_carea' id='block_1_70' title="bbox 2161 580 3742 657">
    <p class='ocr_par' dir='ltr' id='par_1_70' title="bbox 2161 580 3742 657">
     <span class='ocr_line' id='line_1_72' title="bbox 2161 580 3742 657; baseline -0.004 -19"><span class='ocrx_word' id='word_1_505' title='bbox 2161 590 2355 657; x_wconf 76' lang='grc' dir='ltr'>ροῠντα</span> <span class='ocrx_word' id='word_1_506' title='bbox 2398 588 2490 641; x_wconf 78' lang='grc' dir='ltr'>καὶ</span> <span class='ocrx_word' id='word_1_507' title='bbox 2525 585 2869 641; x_wconf 82' lang='grc' dir='ltr'>ἀπολαύοντα</span> <span class='ocrx_word' id='word_1_508' title='bbox 2898 587 3129 655; x_wconf 82' lang='grc' dir='ltr'>τρυφῆς,</span> <span class='ocrx_word' id='word_1_509' title='bbox 3159 584 3253 635; x_wconf 81' lang='grc' dir='ltr'>καὶ</span> <span class='ocrx_word' id='word_1_510' title='bbox 3286 581 3454 652; x_wconf 79' lang='grc' dir='ltr'>μηδέν</span> <span class='ocrx_word' id='word_1_511' title='bbox 3487 597 3549 633; x_wconf 85' lang='grc' dir='ltr'>σε</span> <span class='ocrx_word' id='word_1_512' title='bbox 3578 580 3742 649; x_wconf 80' lang='grc' dir='ltr'>θορυ-</span> 
     </span>
    </p>
   </div>
   <div class='ocr_carea' id='block_1_71' title="bbox 2157 663 3743 739">
    <p class='ocr_par' dir='ltr' id='par_1_71' title="bbox 2157 663 3743 739">
     <span class='ocr_line' id='line_1_73' title="bbox 2157 663 3743 739; baseline -0.006 -18"><span class='ocrx_word' id='word_1_513' title='bbox 2157 670 2320 723; x_wconf 87' lang='grc' dir='ltr'>ϐείτω</span> <span class='ocrx_word' id='word_1_514' title='bbox 2356 668 2466 722; x_wconf 91' lang='grc' dir='ltr'>τῶν</span> <span class='ocrx_word' id='word_1_515' title='bbox 2495 667 2655 738; x_wconf 80' lang='grc' dir='ltr'>ἐντῷ</span> <span class='ocrx_word' id='word_1_516' title='bbox 2689 668 2789 739; x_wconf 81' lang='grc' dir='ltr'>βίῳ</span> <span class='ocrx_word' id='word_1_517' title='bbox 2816 668 3136 736; x_wconf 80' lang='grc' dir='ltr'>γινομένων.</span> <span class='ocrx_word' id='word_1_518' title='bbox 3186 666 3309 718; x_wconf 77' lang='grc' dir='ltr'>Ἐάν</span> <span class='ocrx_word' id='word_1_519' title='bbox 3343 663 3452 735; x_wconf 86' lang='grc' dir='ltr'>γάρ</span> <span class='ocrx_word' id='word_1_520' title='bbox 3477 663 3743 732; x_wconf 70' lang='grc' dir='ltr'>λογισμὸν</span> 
     </span>
    </p>
   </div>
   <div class='ocr_carea' id='block_1_72' title="bbox 2157 744 3739 825">
    <p class='ocr_par' dir='ltr' id='par_1_72' title="bbox 2157 744 3739 825">
     <span class='ocr_line' id='line_1_74' title="bbox 2157 744 3739 825; baseline -0.006 -20"><span class='ocrx_word' id='word_1_521' title='bbox 2157 752 2287 825; x_wconf 81' lang='grc' dir='ltr'>ἔχῃς</span> <span class='ocrx_word' id='word_1_522' title='bbox 2322 752 2723 824; x_wconf 79' lang='grc' dir='ltr'>ἠκριϐωμένον,</span> <span class='ocrx_word' id='word_1_523' title='bbox 2748 752 2809 804; x_wconf 82' lang='grc' dir='ltr'>ού</span> <span class='ocrx_word' id='word_1_524' title='bbox 2834 749 3083 821; x_wconf 76' lang='grc' dir='ltr'>βαπτίζει</span> <span class='ocrx_word' id='word_1_525' title='bbox 3102 765 3161 801; x_wconf 87' lang='grc' dir='ltr'>σε</span> <span class='ocrx_word' id='word_1_526' title='bbox 3194 747 3264 800; x_wconf 89' lang='lat'>:6</span> <span class='ocrx_word' id='word_1_527' title='bbox 3290 746 3537 817; x_wconf 84' lang='grc' dir='ltr'>κύματα,</span> <span class='ocrx_word' id='word_1_528' title='bbox 3564 746 3629 799; x_wconf 80' lang='grc' dir='ltr'>οὐ</span> <span class='ocrx_word' id='word_1_529' title='bbox 3656 744 3739 811; x_wconf 72' lang='grc' dir='ltr'>γίν</span> 
     </span>
    </p>
   </div>
   <div class='ocr_carea' id='block_1_73' title="bbox 2156 827 3743 906">
    <p class='ocr_par' dir='ltr' id='par_1_73' title="bbox 2156 827 3743 906">
     <span class='ocr_line' id='line_1_75' title="bbox 2156 827 3743 906; baseline -0.006 -18"><span class='ocrx_word' id='word_1_530' title='bbox 2156 852 2309 890; x_wconf 86' lang='grc' dir='ltr'>νεται</span> <span class='ocrx_word' id='word_1_531' title='bbox 2348 834 2679 906; x_wconf 82' lang='grc' dir='ltr'>ὑποϐρύχιον</span> <span class='ocrx_word' id='word_1_532' title='bbox 2722 833 2786 886; x_wconf 89' lang='lat'>:6</span> <span class='ocrx_word' id='word_1_533' title='bbox 2827 833 3031 895; x_wconf 83' lang='grc' dir='ltr'>πλοῖον,</span> <span class='ocrx_word' id='word_1_534' title='bbox 3070 832 3167 884; x_wconf 86' lang='grc' dir='ltr'>ἐὰν</span> <span class='ocrx_word' id='word_1_535' title='bbox 3207 834 3272 901; x_wconf 81' lang='grc' dir='ltr'>τῇ</span> <span class='ocrx_word' id='word_1_536' title='bbox 3321 829 3599 899; x_wconf 80' lang='grc' dir='ltr'>διακρίσει</span> <span class='ocrx_word' id='word_1_537' title='bbox 3636 827 3743 879; x_wconf 78' lang='grc' dir='ltr'>τῶν</span> 
     </span>
    </p>
   </div>
   <div class='ocr_carea' id='block_1_74' title="bbox 2156 912 3743 990">
    <p class='ocr_par' dir='ltr' id='par_1_74' title="bbox 2156 912 3743 990">
     <span class='ocr_line' id='line_1_76' title="bbox 2156 912 3743 990; baseline -0.007 -18"><span class='ocrx_word' id='word_1_538' title='bbox 2156 918 2435 990; x_wconf 87' lang='grc' dir='ltr'>λογισμῶν</span> <span class='ocrx_word' id='word_1_539' title='bbox 2460 918 2677 989; x_wconf 78' lang='grc' dir='ltr'>διαιρῇς</span> <span class='ocrx_word' id='word_1_540' title='bbox 2702 916 2812 971; x_wconf 89' lang='grc' dir='ltr'>τῶν</span> <span class='ocrx_word' id='word_1_541' title='bbox 2845 917 3190 986; x_wconf 83' lang='grc' dir='ltr'>πραγμάτων</span> <span class='ocrx_word' id='word_1_542' title='bbox 3212 914 3312 984; x_wconf 83' lang='grc' dir='ltr'>τὴν</span> <span class='ocrx_word' id='word_1_543' title='bbox 3334 912 3519 981; x_wconf 84' lang='grc' dir='ltr'>φύσιν.</span> <span class='ocrx_word' id='word_1_544' title='bbox 3554 912 3622 963; x_wconf 89' lang='grc' dir='ltr'>Τί</span> <span class='ocrx_word' id='word_1_545' title='bbox 3656 926 3743 980; x_wconf 86' lang='grc' dir='ltr'>μοι</span> 
     </span>
    </p>
   </div>
   <div class='ocr_carea' id='block_1_75' title="bbox 2155 996 3741 1071">
    <p class='ocr_par' dir='ltr' id='par_1_75' title="bbox 2155 996 3741 1071">
     <span class='ocr_line' id='line_1_77' title="bbox 2155 996 3741 1071; baseline -0.006 -16"><span class='ocrx_word' id='word_1_546' title='bbox 2155 1003 2355 1071; x_wconf 83' lang='grc' dir='ltr'>λέγεις,</span> <span class='ocrx_word' id='word_1_547' title='bbox 2386 1002 2461 1055; x_wconf 89' lang='lat' dir='ltr'><em>T6</em></span> <span class='ocrx_word' id='word_1_548' title='bbox 2493 1000 2654 1069; x_wconf 88' lang='grc' dir='ltr'>σῶμά</span> <span class='ocrx_word' id='word_1_549' title='bbox 2689 1017 2791 1071; x_wconf 88' lang='grc' dir='ltr'>μου</span> <span class='ocrx_word' id='word_1_550' title='bbox 2824 1001 3275 1069; x_wconf 76' lang='grc' dir='ltr'>οτενοχωρεῖται;</span> <span class='ocrx_word' id='word_1_551' title='bbox 3307 998 3373 1049; x_wconf 80' lang='grc' dir='ltr'><strong><em>Ἠ</em></strong></span> <span class='ocrx_word' id='word_1_552' title='bbox 3402 996 3622 1049; x_wconf 83' lang='grc' dir='ltr'>διάνοιά</span> <span class='ocrx_word' id='word_1_553' title='bbox 3652 1010 3741 1046; x_wconf 86' lang='grc' dir='ltr'>σου</span> 
     </span>
    </p>
   </div>
   <div class='ocr_carea' id='block_1_76' title="bbox 2158 1080 3737 1157">
    <p class='ocr_par' dir='ltr' id='par_1_76' title="bbox 2158 1080 3737 1157">
     <span class='ocr_line' id='line_1_78' title="bbox 2158 1080 3737 1157; baseline -0.01 -15"><span class='ocrx_word' id='word_1_554' title='bbox 2158 1086 2235 1157; x_wconf 83' lang='grc' dir='ltr'>μὴ</span> <span class='ocrx_word' id='word_1_555' title='bbox 2270 1084 2650 1156; x_wconf 82' lang='grc' dir='ltr'>παραϐλαϐείη</span> <span class='ocrx_word' id='word_1_556' title='bbox 2686 1082 2732 1139; x_wconf 70' lang='grc' dir='ltr'>ἲ.</span> <span class='ocrx_word' id='word_1_557' title='bbox 2776 1083 2836 1136; x_wconf 86' lang='lat'>&#39;0</span> <span class='ocrx_word' id='word_1_558' title='bbox 2872 1084 3021 1137; x_wconf 76' lang='grc' dir='ltr'>δεῖνα</span> <span class='ocrx_word' id='word_1_559' title='bbox 3058 1082 3309 1144; x_wconf 86' lang='grc' dir='ltr'>πλούσιος</span> <span class='ocrx_word' id='word_1_560' title='bbox 3344 1083 3440 1134; x_wconf 73' lang='grc' dir='ltr'>καὶ</span> <span class='ocrx_word' id='word_1_561' title='bbox 3482 1080 3737 1150; x_wconf 78' lang='grc' dir='ltr'>πονηρός·</span> 
     </span>
    </p>
   </div>
   <div class='ocr_carea' id='block_1_77' title="bbox 2156 1166 3741 1238">
    <p class='ocr_par' dir='ltr' id='par_1_77' title="bbox 2156 1166 3741 1238">
     <span class='ocr_line' id='line_1_79' title="bbox 2156 1166 3741 1238; baseline -0.005 -15"><span class='ocrx_word' id='word_1_562' title='bbox 2156 1170 2252 1223; x_wconf 77' lang='grc' dir='ltr'>καὶ</span> <span class='ocrx_word' id='word_1_563' title='bbox 2278 1169 2328 1222; x_wconf 81' lang='grc' dir='ltr'>τί</span> <span class='ocrx_word' id='word_1_564' title='bbox 2356 1167 2514 1222; x_wconf 73' lang='grc' dir='ltr'>τοῦτο</span> <span class='ocrx_word' id='word_1_565' title='bbox 2548 1169 2608 1232; x_wconf 72' lang='grc' dir='ltr'>ες</span> <span class='ocrx_word' id='word_1_566' title='bbox 2646 1166 2763 1220; x_wconf 84' lang='grc' dir='ltr'>ἀλλ’</span> <span class='ocrx_word' id='word_1_567' title='bbox 2797 1169 2831 1238; x_wconf 78' lang='grc' dir='ltr'>ἡ</span> <span class='ocrx_word' id='word_1_568' title='bbox 2864 1166 3034 1221; x_wconf 87' lang='grc' dir='ltr'>κακία</span> <span class='ocrx_word' id='word_1_569' title='bbox 3074 1166 3176 1219; x_wconf 82' lang='grc' dir='ltr'>οὐκ</span> <span class='ocrx_word' id='word_1_570' title='bbox 3222 1167 3480 1234; x_wconf 76' lang='grc' dir='ltr'>αἰσθητή.</span> <span class='ocrx_word' id='word_1_571' title='bbox 3517 1166 3613 1235; x_wconf 77' lang='grc' dir='ltr'>Μή</span> <span class='ocrx_word' id='word_1_572' title='bbox 3657 1182 3741 1234; x_wconf 84' lang='grc' dir='ltr'>μοι</span> 
     </span>
    </p>
   </div>
   <div class='ocr_carea' id='block_1_78' title="bbox 2155 1247 3741 1322">
    <p class='ocr_par' dir='ltr' id='par_1_78' title="bbox 2155 1247 3741 1322">
     <span class='ocr_line' id='line_1_80' title="bbox 2155 1247 3741 1322; baseline -0.004 -15"><span class='ocrx_word' id='word_1_573' title='bbox 2155 1252 2266 1307; x_wconf 87' lang='lat'><em>61:6</em></span> <span class='ocrx_word' id='word_1_574' title='bbox 2288 1253 2399 1305; x_wconf 91' lang='grc' dir='ltr'>τῶν</span> <span class='ocrx_word' id='word_1_575' title='bbox 2428 1250 2630 1317; x_wconf 75' lang='grc' dir='ltr'>ἔξωθεν</span> <span class='ocrx_word' id='word_1_576' title='bbox 2652 1250 2744 1304; x_wconf 83' lang='grc' dir='ltr'>τὸν</span> <span class='ocrx_word' id='word_1_577' title='bbox 2766 1250 2862 1304; x_wconf 83' lang='grc' dir='ltr'>ἀνθ</span> <span class='ocrx_word' id='word_1_578' title='bbox 2872 1267 3076 1322; x_wconf 89' lang='grc' dir='ltr'>ρωπον,</span> <span class='ocrx_word' id='word_1_579' title='bbox 3109 1248 3249 1303; x_wconf 89' lang='grc' dir='ltr'>ἀλλά</span> <span class='ocrx_word' id='word_1_580' title='bbox 3277 1248 3388 1302; x_wconf 87' lang='grc' dir='ltr'>τῶν</span> <span class='ocrx_word' id='word_1_581' title='bbox 3424 1248 3643 1302; x_wconf 77' lang='grc' dir='ltr'>ἔνδοθεν</span> <span class='ocrx_word' id='word_1_582' title='bbox 3664 1247 3741 1300; x_wconf 88' lang='grc' dir='ltr'>δο-</span> 
     </span>
    </p>
   </div>
   <div class='ocr_carea' id='block_1_79' title="bbox 2156 1330 3737 1405">
    <p class='ocr_par' dir='ltr' id='par_1_79' title="bbox 2156 1330 3737 1405">
     <span class='ocr_line' id='line_1_81' title="bbox 2156 1330 3737 1405; baseline -0.004 -16"><span class='ocrx_word' id='word_1_583' title='bbox 2156 1335 2377 1405; x_wconf 84' lang='grc' dir='ltr'>κίμαζε.</span> <span class='ocrx_word' id='word_1_584' title='bbox 2419 1333 2546 1387; x_wconf 80' lang='grc' dir='ltr'>Ἐἀν</span> <span class='ocrx_word' id='word_1_585' title='bbox 2578 1333 2695 1403; x_wconf 76' lang='grc' dir='ltr'>ἴδῃς</span> <span class='ocrx_word' id='word_1_586' title='bbox 2721 1333 2955 1403; x_wconf 86' lang='grc' dir='ltr'>δένδρον,</span> <span class='ocrx_word' id='word_1_587' title='bbox 2983 1333 3052 1387; x_wconf 89' lang='grc' dir='ltr'>τά</span> <span class='ocrx_word' id='word_1_588' title='bbox 3077 1332 3250 1401; x_wconf 89' lang='grc' dir='ltr'>φύλλα</span> <span class='ocrx_word' id='word_1_589' title='bbox 3274 1330 3737 1401; x_wconf 84' lang='grc' dir='ltr'>καταμανθάνεις.</span> 
     </span>
    </p>
   </div>
   <div class='ocr_carea' id='block_1_80' title="bbox 2156 1414 3742 1489">
    <p class='ocr_par' dir='ltr' id='par_1_80' title="bbox 2156 1414 3742 1489">
     <span class='ocr_line' id='line_1_82' title="bbox 2156 1414 3742 1489; baseline -0.004 -17"><span class='ocrx_word' id='word_1_590' title='bbox 2156 1418 2189 1489; x_wconf 75' lang='grc' dir='ltr'>ἢ</span> <span class='ocrx_word' id='word_1_591' title='bbox 2220 1418 2313 1472; x_wconf 83' lang='grc' dir='ltr'>τὸν</span> <span class='ocrx_word' id='word_1_592' title='bbox 2340 1417 2590 1489; x_wconf 76' lang='grc' dir='ltr'>καρπόνς</span> <span class='ocrx_word' id='word_1_593' title='bbox 2620 1416 2778 1470; x_wconf 79' lang='grc' dir='ltr'>Οὕτω</span> <span class='ocrx_word' id='word_1_594' title='bbox 2804 1417 2869 1488; x_wconf 85' lang='grc' dir='ltr'>δὴ</span> <span class='ocrx_word' id='word_1_595' title='bbox 2912 1418 3006 1471; x_wconf 70' lang='grc' dir='ltr'>καὶ</span> <span class='ocrx_word' id='word_1_596' title='bbox 3036 1417 3130 1471; x_wconf 77' lang='grc' dir='ltr'>ἐπὶ</span> <span class='ocrx_word' id='word_1_597' title='bbox 3157 1416 3253 1469; x_wconf 84' lang='grc' dir='ltr'>τοῦ</span> <span class='ocrx_word' id='word_1_598' title='bbox 3285 1415 3609 1484; x_wconf 83' lang='grc' dir='ltr'>ἀνθρώπου,</span> <span class='ocrx_word' id='word_1_599' title='bbox 3649 1414 3742 1467; x_wconf 73' lang='grc' dir='ltr'>ἐὰν</span> 
     </span>
    </p>
   </div>
   <div class='ocr_carea' id='block_1_81' title="bbox 2157 1498 3743 1576">
    <p class='ocr_par' dir='ltr' id='par_1_81' title="bbox 2157 1498 3743 1576">
     <span class='ocr_line' id='line_1_83' title="bbox 2157 1498 3743 1576; baseline -0.001 -23"><span class='ocrx_word' id='word_1_600' title='bbox 2157 1502 2275 1576; x_wconf 75' lang='grc' dir='ltr'>ἴδῃς</span> <span class='ocrx_word' id='word_1_601' title='bbox 2294 1501 2603 1573; x_wconf 78' lang='grc' dir='ltr'>ἄνθρωπον,</span> <span class='ocrx_word' id='word_1_602' title='bbox 2650 1499 2723 1570; x_wconf 79' lang='grc' dir='ltr'>μὴ</span> <span class='ocrx_word' id='word_1_603' title='bbox 2753 1501 2822 1556; x_wconf 85' lang='lat'>:6</span> <span class='ocrx_word' id='word_1_604' title='bbox 2856 1501 3056 1566; x_wconf 75' lang='grc' dir='ltr'>ἔξωθεν</span> <span class='ocrx_word' id='word_1_605' title='bbox 3089 1498 3369 1571; x_wconf 77' lang='grc' dir='ltr'>δοκίμαζε,</span> <span class='ocrx_word' id='word_1_606' title='bbox 3402 1500 3543 1553; x_wconf 83' lang='grc' dir='ltr'>ἀλλά</span> <span class='ocrx_word' id='word_1_607' title='bbox 3566 1499 3635 1551; x_wconf 83' lang='lat'>:6</span> <span class='ocrx_word' id='word_1_608' title='bbox 3664 1499 3743 1551; x_wconf 75' lang='grc' dir='ltr'>ἐν-</span> 
     </span>
    </p>
   </div>
   <div class='ocr_carea' id='block_1_82' title="bbox 2156 1581 3737 1656">
    <p class='ocr_par' dir='ltr' id='par_1_82' title="bbox 2156 1581 3737 1656">
     <span class='ocr_line' id='line_1_84' title="bbox 2156 1581 3737 1656; baseline -0.002 -19"><span class='ocrx_word' id='word_1_609' title='bbox 2156 1585 2329 1640; x_wconf 73' lang='grc' dir='ltr'>δοθεν·</span> <span class='ocrx_word' id='word_1_610' title='bbox 2374 1584 2465 1639; x_wconf 83' lang='grc' dir='ltr'>τὸν</span> <span class='ocrx_word' id='word_1_611' title='bbox 2484 1582 2708 1655; x_wconf 61' lang='grc' dir='ltr'>καρπὸν</span> <span class='ocrx_word' id='word_1_612' title='bbox 2741 1585 3148 1656; x_wconf 83' lang='grc' dir='ltr'>καταμάνθανε,</span> <span class='ocrx_word' id='word_1_613' title='bbox 3185 1583 3280 1637; x_wconf 75' lang='grc' dir='ltr'>καὶ</span> <span class='ocrx_word' id='word_1_614' title='bbox 3316 1583 3391 1653; x_wconf 82' lang='grc' dir='ltr'>μὴ</span> <span class='ocrx_word' id='word_1_615' title='bbox 3435 1582 3505 1635; x_wconf 88' lang='lat'>:6</span> <span class='ocrx_word' id='word_1_616' title='bbox 3550 1581 3737 1651; x_wconf 78' lang='grc' dir='ltr'>φύλλα.</span> 
     </span>
    </p>
   </div>
   <div class='ocr_carea' id='block_1_83' title="bbox 2158 1666 3740 1742">
    <p class='ocr_par' dir='ltr' id='par_1_83' title="bbox 2158 1666 3740 1742">
     <span class='ocr_line' id='line_1_85' title="bbox 2158 1666 3740 1742; baseline -0.004 -18"><span class='ocrx_word' id='word_1_617' title='bbox 2158 1670 2382 1741; x_wconf 84' lang='grc' dir='ltr'>Μήποτε</span> <span class='ocrx_word' id='word_1_618' title='bbox 2419 1669 2708 1742; x_wconf 89' lang='grc' dir='ltr'>ἀγριελαία</span> <span class='ocrx_word' id='word_1_619' title='bbox 2735 1670 2833 1740; x_wconf 80' lang='grc' dir='ltr'>μὲν</span> <span class='ocrx_word' id='word_1_620' title='bbox 2862 1669 2999 1734; x_wconf 82' lang='grc' dir='ltr'>ἐστι,</span> <span class='ocrx_word' id='word_1_621' title='bbox 3025 1667 3306 1740; x_wconf 79' lang='grc' dir='ltr'>νομίζεται</span> <span class='ocrx_word' id='word_1_622' title='bbox 3328 1667 3384 1720; x_wconf 85' lang='grc' dir='ltr'>δὲ</span> <span class='ocrx_word' id='word_1_623' title='bbox 3414 1666 3596 1719; x_wconf 81' lang='grc' dir='ltr'>ἐλαία·</span> <span class='ocrx_word' id='word_1_624' title='bbox 3638 1666 3740 1735; x_wconf 74' lang='grc' dir='ltr'>μῆο</span> 
     </span>
    </p>
   </div>
   <div class='ocr_carea' id='block_1_84' title="bbox 2158 1747 3739 1825">
    <p class='ocr_par' dir='ltr' id='par_1_84' title="bbox 2158 1747 3739 1825">
     <span class='ocr_line' id='line_1_86' title="bbox 2158 1747 3739 1825; baseline -0.003 -21"><span class='ocrx_word' id='word_1_625' title='bbox 2158 1769 2289 1807; x_wconf 89' lang='grc' dir='ltr'>ποτε</span> <span class='ocrx_word' id='word_1_626' title='bbox 2326 1752 2491 1817; x_wconf 90' lang='grc' dir='ltr'>λύκος</span> <span class='ocrx_word' id='word_1_627' title='bbox 2529 1756 2629 1825; x_wconf 84' lang='grc' dir='ltr'>μὲν</span> <span class='ocrx_word' id='word_1_628' title='bbox 2666 1755 2803 1820; x_wconf 77' lang='grc' dir='ltr'>ἐστι,</span> <span class='ocrx_word' id='word_1_629' title='bbox 2835 1754 3116 1824; x_wconf 78' lang='grc' dir='ltr'>νομίζεται</span> <span class='ocrx_word' id='word_1_630' title='bbox 3157 1753 3213 1807; x_wconf 86' lang='grc' dir='ltr'>δὲ</span> <span class='ocrx_word' id='word_1_631' title='bbox 3243 1747 3382 1806; x_wconf 75' lang='grc' dir='ltr'>εἶναι</span> <span class='ocrx_word' id='word_1_632' title='bbox 3430 1750 3739 1821; x_wconf 85' lang='grc' dir='ltr'>ἄνθρωπος.</span> 
     </span>
    </p>
   </div>
   <div class='ocr_carea' id='block_1_85' title="bbox 2158 1832 3740 1911">
    <p class='ocr_par' dir='ltr' id='par_1_85' title="bbox 2158 1832 3740 1911">
     <span class='ocr_line' id='line_1_87' title="bbox 2158 1832 3740 1911; baseline -0.004 -20"><span class='ocrx_word' id='word_1_633' title='bbox 2158 1836 2249 1909; x_wconf 80' lang='grc' dir='ltr'>Μὴ</span> <span class='ocrx_word' id='word_1_634' title='bbox 2291 1836 2470 1890; x_wconf 90' lang='grc' dir='ltr'>τοίνυν</span> <span class='ocrx_word' id='word_1_635' title='bbox 2505 1838 2614 1892; x_wconf 90' lang='lat'><em>61:6</em></span> <span class='ocrx_word' id='word_1_636' title='bbox 2650 1839 2748 1911; x_wconf 86' lang='grc' dir='ltr'>τῆς</span> <span class='ocrx_word' id='word_1_637' title='bbox 2781 1838 2997 1907; x_wconf 83' lang='grc' dir='ltr'>φύσεως</span> <span class='ocrx_word' id='word_1_638' title='bbox 3027 1836 3440 1907; x_wconf 83' lang='grc' dir='ltr'>καταμάνθανε,</span> <span class='ocrx_word' id='word_1_639' title='bbox 3477 1833 3600 1887; x_wconf 81' lang='grc' dir='ltr'>ἀλλ’</span> <span class='ocrx_word' id='word_1_640' title='bbox 3639 1832 3740 1885; x_wconf 77' lang='grc' dir='ltr'>ἀπὸ</span> 
     </span>
    </p>
   </div>
   <div class='ocr_carea' id='block_1_86' title="bbox 2158 1915 3739 1993">
    <p class='ocr_par' dir='ltr' id='par_1_86' title="bbox 2158 1915 3739 1993">
     <span class='ocr_line' id='line_1_88' title="bbox 2158 1915 3739 1993; baseline 0.002 -19"><span class='ocrx_word' id='word_1_641' title='bbox 2158 1922 2257 1993; x_wconf 86' lang='grc' dir='ltr'>τῆς</span> <span class='ocrx_word' id='word_1_642' title='bbox 2290 1922 2684 1993; x_wconf 81' lang='grc' dir='ltr'>προαιρέσεως,</span> <span class='ocrx_word' id='word_1_643' title='bbox 2724 1923 2800 1993; x_wconf 83' lang='grc' dir='ltr'>μὴ</span> <span class='ocrx_word' id='word_1_644' title='bbox 2844 1921 2955 1976; x_wconf 88' lang='lat'><em>61:6</em></span> <span class='ocrx_word' id='word_1_645' title='bbox 2981 1921 3081 1991; x_wconf 87' lang='grc' dir='ltr'>τῆς</span> <span class='ocrx_word' id='word_1_646' title='bbox 3107 1920 3304 1990; x_wconf 77' lang='grc' dir='ltr'>ὅψεως,</span> <span class='ocrx_word' id='word_1_647' title='bbox 3339 1918 3458 1973; x_wconf 81' lang='grc' dir='ltr'>ἀλλ’</span> <span class='ocrx_word' id='word_1_648' title='bbox 3496 1915 3612 1969; x_wconf 68' lang='grc' dir='ltr'>ἀπὸ</span> <span class='ocrx_word' id='word_1_649' title='bbox 3645 1915 3739 1981; x_wconf 76' lang='grc' dir='ltr'>τῆς</span> 
     </span>
    </p>
   </div>
   <div class='ocr_carea' id='block_1_87' title="bbox 2158 1996 3740 2073">
    <p class='ocr_par' dir='ltr' id='par_1_87' title="bbox 2158 1996 3740 2073">
     <span class='ocr_line' id='line_1_89' title="bbox 2158 1996 3740 2073; baseline -0.005 -16"><span class='ocrx_word' id='word_1_650' title='bbox 2158 2003 2405 2073; x_wconf 89' lang='grc' dir='ltr'>γνώμης·</span> <span class='ocrx_word' id='word_1_651' title='bbox 2445 2006 2540 2058; x_wconf 76' lang='grc' dir='ltr'>καὶ</span> <span class='ocrx_word' id='word_1_652' title='bbox 2572 2006 2675 2059; x_wconf 86' lang='grc' dir='ltr'>οὐκ</span> <span class='ocrx_word' id='word_1_653' title='bbox 2712 2004 2821 2059; x_wconf 85' lang='lat'><em>61:6</em></span> <span class='ocrx_word' id='word_1_654' title='bbox 2853 2004 2956 2073; x_wconf 85' lang='grc' dir='ltr'>τῆς</span> <span class='ocrx_word' id='word_1_655' title='bbox 2986 2003 3213 2073; x_wconf 84' lang='grc' dir='ltr'>γνώμης</span> <span class='ocrx_word' id='word_1_656' title='bbox 3254 2001 3439 2073; x_wconf 85' lang='grc' dir='ltr'>μόνον,</span> <span class='ocrx_word' id='word_1_657' title='bbox 3476 1997 3621 2053; x_wconf 87' lang='lat'><em>6116</em></span> <span class='ocrx_word' id='word_1_658' title='bbox 3651 1996 3740 2050; x_wconf 74' lang='grc' dir='ltr'>καὶ</span> 
     </span>
    </p>
   </div>
   <div class='ocr_carea' id='block_1_88' title="bbox 2159 2081 3736 2157">
    <p class='ocr_par' dir='ltr' id='par_1_88' title="bbox 2159 2081 3736 2157">
     <span class='ocr_line' id='line_1_90' title="bbox 2159 2081 3736 2157; baseline -0.005 -18"><span class='ocrx_word' id='word_1_659' title='bbox 2159 2087 2523 2157; x_wconf 85' lang='grc' dir='ltr'>περιεργάζου</span> <span class='ocrx_word' id='word_1_660' title='bbox 2562 2087 2730 2141; x_wconf 79' lang='grc' dir='ltr'>αὐτοῦ</span> <span class='ocrx_word' id='word_1_661' title='bbox 2778 2088 2869 2141; x_wconf 85' lang='grc' dir='ltr'>τὸν</span> <span class='ocrx_word' id='word_1_662' title='bbox 2900 2086 3036 2157; x_wconf 87' lang='grc' dir='ltr'>βίον.</span> <span class='ocrx_word' id='word_1_663' title='bbox 3083 2085 3146 2139; x_wconf 86' lang='grc' dir='ltr'>Εἰ</span> <span class='ocrx_word' id='word_1_664' title='bbox 3189 2082 3573 2155; x_wconf 85' lang='grc' dir='ltr'>φιλοπτωχίαν</span> <span class='ocrx_word' id='word_1_665' title='bbox 3608 2081 3736 2149; x_wconf 74' lang='grc' dir='ltr'>ἔχει,</span> 
     </span>
    </p>
   </div>
   <div class='ocr_carea' id='block_1_89' title="bbox 2158 2164 3738 2240">
    <p class='ocr_par' dir='ltr' id='par_1_89' title="bbox 2158 2164 3738 2240">
     <span class='ocr_line' id='line_1_91' title="bbox 2158 2164 3738 2240; baseline -0.005 -18"><span class='ocrx_word' id='word_1_666' title='bbox 2158 2167 2449 2240; x_wconf 71' lang='grc' dir='ltr'>ἄνθρωπός</span> <span class='ocrx_word' id='word_1_667' title='bbox 2504 2171 2673 2224; x_wconf 86' lang='grc' dir='ltr'>ἐστιν·</span> <span class='ocrx_word' id='word_1_668' title='bbox 2712 2170 2760 2223; x_wconf 92' lang='grc' dir='ltr'>εἰ</span> <span class='ocrx_word' id='word_1_669' title='bbox 2802 2170 2858 2224; x_wconf 81' lang='grc' dir='ltr'>δὲ</span> <span class='ocrx_word' id='word_1_670' title='bbox 2887 2172 2945 2224; x_wconf 89' lang='grc' dir='ltr'>ἐν</span> <span class='ocrx_word' id='word_1_671' title='bbox 2979 2167 3273 2239; x_wconf 87' lang='grc' dir='ltr'>ἐμπορίαις</span> <span class='ocrx_word' id='word_1_672' title='bbox 3312 2164 3738 2235; x_wconf 77' lang='grc' dir='ltr'>ἀναστρέφεται,</span> 
     </span>
    </p>
   </div>
   <div class='ocr_carea' id='block_1_90' title="bbox 2157 2245 3735 2324">
    <p class='ocr_par' dir='ltr' id='par_1_90' title="bbox 2157 2245 3735 2324">
     <span class='ocr_line' id='line_1_92' title="bbox 2157 2245 3735 2324; baseline -0.006 -19"><span class='ocrx_word' id='word_1_673' title='bbox 2157 2249 2289 2321; x_wconf 79' lang='grc' dir='ltr'>δρῦς</span> <span class='ocrx_word' id='word_1_674' title='bbox 2323 2253 2492 2305; x_wconf 85' lang='grc' dir='ltr'>ἐστιν·</span> <span class='ocrx_word' id='word_1_675' title='bbox 2544 2254 2592 2306; x_wconf 90' lang='grc' dir='ltr'>εἰ</span> <span class='ocrx_word' id='word_1_676' title='bbox 2622 2252 2681 2306; x_wconf 87' lang='grc' dir='ltr'>δέ</span> <span class='ocrx_word' id='word_1_677' title='bbox 2717 2252 2874 2324; x_wconf 81' lang='grc' dir='ltr'>θυμῷ</span> <span class='ocrx_word' id='word_1_678' title='bbox 2912 2250 3184 2323; x_wconf 85' lang='grc' dir='ltr'>θηριώδης</span> <span class='ocrx_word' id='word_1_679' title='bbox 3211 2250 3350 2312; x_wconf 80' lang='grc' dir='ltr'>ἐστὶ,</span> <span class='ocrx_word' id='word_1_680' title='bbox 3381 2247 3525 2301; x_wconf 81' lang='grc' dir='ltr'>λέων</span> <span class='ocrx_word' id='word_1_681' title='bbox 3574 2245 3735 2298; x_wconf 83' lang='grc' dir='ltr'>ἐστίν·</span> 
     </span>
    </p>
   </div>
   <div class='ocr_carea' id='block_1_91' title="bbox 2159 2328 3737 2405">
    <p class='ocr_par' dir='ltr' id='par_1_91' title="bbox 2159 2328 3737 2405">
     <span class='ocr_line' id='line_1_93' title="bbox 2159 2328 3737 2405; baseline -0.005 -19"><span class='ocrx_word' id='word_1_682' title='bbox 2159 2335 2209 2387; x_wconf 92' lang='grc' dir='ltr'>εἰ</span> <span class='ocrx_word' id='word_1_683' title='bbox 2248 2334 2305 2388; x_wconf 87' lang='grc' dir='ltr'>δέ</span> <span class='ocrx_word' id='word_1_684' title='bbox 2343 2334 2528 2405; x_wconf 79' lang='grc' dir='ltr'>ἀρπαξ</span> <span class='ocrx_word' id='word_1_685' title='bbox 2572 2336 2711 2398; x_wconf 80' lang='grc' dir='ltr'>ἐστὶ,</span> <span class='ocrx_word' id='word_1_686' title='bbox 2752 2334 2917 2399; x_wconf 90' lang='grc' dir='ltr'>λύκος</span> <span class='ocrx_word' id='word_1_687' title='bbox 2954 2334 3121 2387; x_wconf 86' lang='grc' dir='ltr'>ἐστίν·</span> <span class='ocrx_word' id='word_1_688' title='bbox 3164 2334 3215 2386; x_wconf 88' lang='grc' dir='ltr'>εἰ</span> <span class='ocrx_word' id='word_1_689' title='bbox 3244 2332 3301 2386; x_wconf 83' lang='grc' dir='ltr'>δέ</span> <span class='ocrx_word' id='word_1_690' title='bbox 3332 2328 3573 2393; x_wconf 80' lang='grc' dir='ltr'>ὖπουλός</span> <span class='ocrx_word' id='word_1_691' title='bbox 3604 2330 3737 2389; x_wconf 78' lang='grc' dir='ltr'>ἐστι,</span> 
     </span>
    </p>
   </div>
   <div class='ocr_carea' id='block_1_92' title="bbox 2158 2411 3738 2489">
    <p class='ocr_par' dir='ltr' id='par_1_92' title="bbox 2158 2411 3738 2489">
     <span class='ocr_line' id='line_1_94' title="bbox 2158 2411 3738 2489; baseline -0.006 -19"><span class='ocrx_word' id='word_1_692' title='bbox 2158 2415 2325 2479; x_wconf 85' lang='grc' dir='ltr'>ἀσπίς</span> <span class='ocrx_word' id='word_1_693' title='bbox 2343 2417 2482 2472; x_wconf 89' lang='grc' dir='ltr'>ἐστι.</span> <span class='ocrx_word' id='word_1_694' title='bbox 2520 2418 2629 2472; x_wconf 82' lang='lat' dir='ltr'><strong><em>Kal</em></strong></span> <span class='ocrx_word' id='word_1_695' title='bbox 2664 2418 2822 2472; x_wconf 84' lang='grc' dir='ltr'>είπέ·</span> <span class='ocrx_word' id='word_1_696' title='bbox 2862 2416 3005 2487; x_wconf 82' lang='grc' dir='ltr'>Ἐγὼ</span> <span class='ocrx_word' id='word_1_697' title='bbox 3028 2417 3313 2489; x_wconf 76' lang='grc' dir='ltr'>ἄνθρωπον</span> <span class='ocrx_word' id='word_1_698' title='bbox 3338 2412 3510 2485; x_wconf 77' lang='grc' dir='ltr'>ζητῶ,</span> <span class='ocrx_word' id='word_1_699' title='bbox 3549 2411 3607 2463; x_wconf 90' lang='grc' dir='ltr'>τί</span> <span class='ocrx_word' id='word_1_700' title='bbox 3654 2428 3738 2481; x_wconf 70' lang='grc' dir='ltr'>μοι</span> 
     </span>
    </p>
   </div>
   <div class='ocr_carea' id='block_1_93' title="bbox 2159 2493 3736 2573">
    <p class='ocr_par' dir='ltr' id='par_1_93' title="bbox 2159 2493 3736 2573">
     <span class='ocr_line' id='line_1_95' title="bbox 2159 2493 3736 2573; baseline -0.004 -21"><span class='ocrx_word' id='word_1_701' title='bbox 2159 2498 2369 2565; x_wconf 77' lang='grc' dir='ltr'>ἔδειξας</span> <span class='ocrx_word' id='word_1_702' title='bbox 2403 2500 2594 2573; x_wconf 89' lang='grc' dir='ltr'>θηρίον</span> <span class='ocrx_word' id='word_1_703' title='bbox 2626 2501 2746 2555; x_wconf 78' lang='grc' dir='ltr'>ἀντὶ</span> <span class='ocrx_word' id='word_1_704' title='bbox 2777 2499 3097 2573; x_wconf 76' lang='grc' dir='ltr'>ἀνθρώπους</span> <span class='ocrx_word' id='word_1_705' title='bbox 3122 2497 3277 2554; x_wconf 79' lang='grc' dir='ltr'>Μάθε</span> <span class='ocrx_word' id='word_1_706' title='bbox 3311 2498 3363 2550; x_wconf 91' lang='grc' dir='ltr'>τί</span> <span class='ocrx_word' id='word_1_707' title='bbox 3401 2512 3536 2548; x_wconf 89' lang='grc' dir='ltr'>ποτε</span> <span class='ocrx_word' id='word_1_708' title='bbox 3573 2493 3736 2563; x_wconf 75' lang='grc' dir='ltr'>ἀρετὴ</span> 
     </span>
    </p>
   </div>
   <div class='ocr_carea' id='block_1_94' title="bbox 2159 2577 3737 2657">
    <p class='ocr_par' dir='ltr' id='par_1_94' title="bbox 2159 2577 3737 2657">
     <span class='ocr_line' id='line_1_96' title="bbox 2159 2577 3737 2657; baseline -0.003 -22"><span class='ocrx_word' id='word_1_709' title='bbox 2159 2582 2471 2655; x_wconf 86' lang='grc' dir='ltr'>ἀνθρώπου,</span> <span class='ocrx_word' id='word_1_710' title='bbox 2502 2584 2598 2638; x_wconf 76' lang='grc' dir='ltr'>καὶ</span> <span class='ocrx_word' id='word_1_711' title='bbox 2627 2584 2702 2657; x_wconf 79' lang='grc' dir='ltr'>μὴ</span> <span class='ocrx_word' id='word_1_712' title='bbox 2731 2583 2984 2656; x_wconf 82' lang='grc' dir='ltr'>θορυϐοὖ.</span> <span class='ocrx_word' id='word_1_713' title='bbox 3014 2577 3123 2635; x_wconf 86' lang='grc' dir='ltr'>Ἦν</span> <span class='ocrx_word' id='word_1_714' title='bbox 3147 2581 3327 2634; x_wconf 88' lang='grc' dir='ltr'>τοίνυν</span> <span class='ocrx_word' id='word_1_715' title='bbox 3352 2580 3381 2633; x_wconf 91' lang='lat'>6</span> <span class='ocrx_word' id='word_1_716' title='bbox 3402 2578 3662 2647; x_wconf 77' lang='grc' dir='ltr'>Λάζαρος</span> <span class='ocrx_word' id='word_1_717' title='bbox 3684 2577 3737 2627; x_wconf 81' lang='grc' dir='ltr'>ἐν</span> 
     </span>
    </p>
   </div>
   <div class='ocr_carea' id='block_1_95' title="bbox 2158 2659 3739 2739">
    <p class='ocr_par' dir='ltr' id='par_1_95' title="bbox 2158 2659 3739 2739">
     <span class='ocr_line' id='line_1_97' title="bbox 2158 2659 3739 2739; baseline -0.005 -20"><span class='ocrx_word' id='word_1_718' title='bbox 2158 2664 2236 2737; x_wconf 84' lang='grc' dir='ltr'>τῷ</span> <span class='ocrx_word' id='word_1_719' title='bbox 2262 2666 2466 2720; x_wconf 86' lang='grc' dir='ltr'>πυλῶνι</span> <span class='ocrx_word' id='word_1_720' title='bbox 2490 2667 2764 2739; x_wconf 86' lang='grc' dir='ltr'>κείμενος,</span> <span class='ocrx_word' id='word_1_721' title='bbox 2788 2666 3127 2739; x_wconf 75' lang='grc' dir='ltr'>ἡλκωμένος,</span> <span class='ocrx_word' id='word_1_722' title='bbox 3146 2662 3291 2737; x_wconf 85' lang='grc' dir='ltr'>λιμῷ</span> <span class='ocrx_word' id='word_1_723' title='bbox 3326 2663 3659 2734; x_wconf 81' lang='grc' dir='ltr'>τηκόμενος·</span> <span class='ocrx_word' id='word_1_724' title='bbox 3691 2659 3739 2711; x_wconf 89' lang='grc' dir='ltr'>οἰ</span> 
     </span>
    </p>
   </div>
   <div class='ocr_carea' id='block_1_96' title="bbox 2158 2742 3737 2823">
    <p class='ocr_par' dir='ltr' id='par_1_96' title="bbox 2158 2742 3737 2823">
     <span class='ocr_line' id='line_1_98' title="bbox 2158 2742 3737 2823; baseline -0.005 -20"><span class='ocrx_word' id='word_1_725' title='bbox 2158 2748 2217 2803; x_wconf 87' lang='grc' dir='ltr'>δέ</span> <span class='ocrx_word' id='word_1_726' title='bbox 2245 2749 2405 2816; x_wconf 92' lang='grc' dir='ltr'>κύνες</span> <span class='ocrx_word' id='word_1_727' title='bbox 2438 2751 2725 2823; x_wconf 83' lang='grc' dir='ltr'>ἐρχόμενοι</span> <span class='ocrx_word' id='word_1_728' title='bbox 2755 2750 2959 2822; x_wconf 82' lang='grc' dir='ltr'>έλειχον</span> <span class='ocrx_word' id='word_1_729' title='bbox 2988 2748 3154 2803; x_wconf 81' lang='grc' dir='ltr'>αὐτοῦ</span> <span class='ocrx_word' id='word_1_730' title='bbox 3189 2748 3260 2803; x_wconf 94' lang='lat'>:6</span> <span class='ocrx_word' id='word_1_731' title='bbox 3295 2746 3616 2818; x_wconf 81' lang='grc' dir='ltr'>τραύματα·</span> <span class='ocrx_word' id='word_1_732' title='bbox 3648 2742 3737 2795; x_wconf 82' lang='lat'>:06</span> 
     </span>
    </p>
   </div>
   <div class='ocr_carea' id='block_1_97' title="bbox 2158 2826 3739 2908">
    <p class='ocr_par' dir='ltr' id='par_1_97' title="bbox 2158 2826 3739 2908">
     <span class='ocr_line' id='line_1_99' title="bbox 2158 2826 3739 2908; baseline -0.006 -19"><span class='ocrx_word' id='word_1_733' title='bbox 2158 2834 2448 2908; x_wconf 86' lang='grc' dir='ltr'>ἀνθρώπου</span> <span class='ocrx_word' id='word_1_734' title='bbox 2492 2836 2542 2889; x_wconf 89' lang='grc' dir='ltr'>οἰ</span> <span class='ocrx_word' id='word_1_735' title='bbox 2586 2834 2749 2900; x_wconf 88' lang='grc' dir='ltr'>κύνες</span> <span class='ocrx_word' id='word_1_736' title='bbox 2782 2833 3280 2906; x_wconf 87' lang='grc' dir='ltr'>φιλανθρωπότεροι</span> <span class='ocrx_word' id='word_1_737' title='bbox 3323 2832 3529 2901; x_wconf 80' lang='grc' dir='ltr'>ἐλειχον</span> <span class='ocrx_word' id='word_1_738' title='bbox 3572 2826 3739 2881; x_wconf 71' lang='grc' dir='ltr'>αὑτοῦ</span> 
     </span>
    </p>
   </div>
   <div class='ocr_carea' id='block_1_98' title="bbox 2158 2912 3741 2991">
    <p class='ocr_par' dir='ltr' id='par_1_98' title="bbox 2158 2912 3741 2991">
     <span class='ocr_line' id='line_1_100' title="bbox 2158 2912 3741 2991; baseline -0.006 -19"><span class='ocrx_word' id='word_1_739' title='bbox 2158 2917 2230 2972; x_wconf 89' lang='grc' dir='ltr'>τά</span> <span class='ocrx_word' id='word_1_740' title='bbox 2284 2917 2597 2990; x_wconf 89' lang='grc' dir='ltr'>τραύματα,</span> <span class='ocrx_word' id='word_1_741' title='bbox 2647 2919 2742 2973; x_wconf 81' lang='grc' dir='ltr'>καὶ</span> <span class='ocrx_word' id='word_1_742' title='bbox 2794 2919 2893 2991; x_wconf 77' lang='grc' dir='ltr'>τὴν</span> <span class='ocrx_word' id='word_1_743' title='bbox 2960 2917 3227 2987; x_wconf 84' lang='grc' dir='ltr'>σηπεδόνα</span> <span class='ocrx_word' id='word_1_744' title='bbox 3284 2917 3583 2987; x_wconf 77' lang='grc' dir='ltr'>περιῄρουν</span> <span class='ocrx_word' id='word_1_745' title='bbox 3648 2912 3741 2964; x_wconf 68' lang='grc' dir='ltr'>καὶ</span> 
     </span>
    </p>
   </div>
   <div class='ocr_carea' id='block_1_99' title="bbox 2159 2996 3740 3072">
    <p class='ocr_par' dir='ltr' id='par_1_99' title="bbox 2159 2996 3740 3072">
     <span class='ocr_line' id='line_1_101' title="bbox 2159 2996 3740 3072; baseline -0.005 -18"><span class='ocrx_word' id='word_1_746' title='bbox 2159 3001 2531 3072; x_wconf 81' lang='grc' dir='ltr'>ἐξεκάθαιρον.</span> <span class='ocrx_word' id='word_1_747' title='bbox 2563 3004 2781 3057; x_wconf 85' lang='grc' dir='ltr'>’Έκειτο</span> <span class='ocrx_word' id='word_1_748' title='bbox 2807 3003 2864 3056; x_wconf 85' lang='grc' dir='ltr'>δέ</span> <span class='ocrx_word' id='word_1_749' title='bbox 2893 3002 3101 3064; x_wconf 78' lang='grc' dir='ltr'>ἐκεῖνος</span> <span class='ocrx_word' id='word_1_750' title='bbox 3136 3000 3385 3071; x_wconf 90' lang='grc' dir='ltr'>καθάπερ</span> <span class='ocrx_word' id='word_1_751' title='bbox 3421 2996 3654 3070; x_wconf 87' lang='grc' dir='ltr'>χρυσίον</span> <span class='ocrx_word' id='word_1_752' title='bbox 3686 2996 3740 3046; x_wconf 85' lang='grc' dir='ltr'>ἐν</span> 
     </span>
    </p>
   </div>
   <div class='ocr_carea' id='block_1_100' title="bbox 2160 3078 3742 3157">
    <p class='ocr_par' dir='ltr' id='par_1_100' title="bbox 2160 3078 3742 3157">
     <span class='ocr_line' id='line_1_102' title="bbox 2160 3078 3742 3157; baseline -0.01 -12"><span class='ocrx_word' id='word_1_753' title='bbox 2160 3085 2377 3157; x_wconf 77' lang='grc' dir='ltr'>καμίνῳ</span> <span class='ocrx_word' id='word_1_754' title='bbox 2408 3085 2948 3157; x_wconf 78' lang='grc' dir='ltr'>παρακαθεζόμενος,</span> <span class='ocrx_word' id='word_1_755' title='bbox 2985 3086 3082 3140; x_wconf 71' lang='grc' dir='ltr'>καὶ</span> <span class='ocrx_word' id='word_1_756' title='bbox 3115 3082 3479 3155; x_wconf 86' lang='grc' dir='ltr'>δοκιμώτερος</span> <span class='ocrx_word' id='word_1_757' title='bbox 3512 3078 3742 3148; x_wconf 71' lang='grc' dir='ltr'>γινόμε-</span> 
     </span>
    </p>
   </div>
   <div class='ocr_carea' id='block_1_101' title="bbox 2160 3164 3743 3238">
    <p class='ocr_par' dir='ltr' id='par_1_101' title="bbox 2160 3164 3743 3238">
     <span class='ocr_line' id='line_1_103' title="bbox 2160 3164 3743 3238; baseline -0.005 -17"><span class='ocrx_word' id='word_1_758' title='bbox 2160 3185 2268 3232; x_wconf 89' lang='grc' dir='ltr'>νος·</span> <span class='ocrx_word' id='word_1_759' title='bbox 2310 3168 2411 3222; x_wconf 85' lang='grc' dir='ltr'>οὑκ</span> <span class='ocrx_word' id='word_1_760' title='bbox 2443 3165 2597 3222; x_wconf 77' lang='grc' dir='ltr'>εἶπεν</span> <span class='ocrx_word' id='word_1_761' title='bbox 2642 3170 2671 3222; x_wconf 84' lang='lat'>6</span> <span class='ocrx_word' id='word_1_762' title='bbox 2707 3170 2892 3224; x_wconf 79' lang='grc' dir='ltr'>πολλοὶ</span> <span class='ocrx_word' id='word_1_763' title='bbox 2927 3168 3034 3222; x_wconf 88' lang='grc' dir='ltr'>τῶν</span> <span class='ocrx_word' id='word_1_764' title='bbox 3071 3170 3335 3238; x_wconf 80' lang='grc' dir='ltr'>πενήτων·</span> <span class='ocrx_word' id='word_1_765' title='bbox 3373 3164 3560 3219; x_wconf 75' lang='grc' dir='ltr'>Ταῦτα</span> <span class='ocrx_word' id='word_1_766' title='bbox 3607 3180 3743 3234; x_wconf 82' lang='grc' dir='ltr'>προ-</span> 
     </span>
    </p>
   </div>
   <div class='ocr_carea' id='block_1_102' title="bbox 2159 3248 3744 3326">
    <p class='ocr_par' dir='ltr' id='par_1_102' title="bbox 2159 3248 3744 3326">
     <span class='ocr_line' id='line_1_104' title="bbox 2159 3248 3744 3326; baseline -0.006 -19"><span class='ocrx_word' id='word_1_767' title='bbox 2159 3254 2305 3318; x_wconf 89' lang='grc' dir='ltr'>νοίας</span> <span class='ocrx_word' id='word_1_768' title='bbox 2326 3270 2341 3317; x_wconf 88' lang='lat'><strong>;</strong></span> <span class='ocrx_word' id='word_1_769' title='bbox 2364 3250 2473 3323; x_wconf 80' lang='grc' dir='ltr'>ἆρα</span> <span class='ocrx_word' id='word_1_770' title='bbox 2499 3253 2630 3317; x_wconf 86' lang='grc' dir='ltr'>Θεὸς</span> <span class='ocrx_word' id='word_1_771' title='bbox 2651 3254 2822 3326; x_wconf 86' lang='grc' dir='ltr'>ἐφορᾷ</span> <span class='ocrx_word' id='word_1_772' title='bbox 2844 3253 2911 3306; x_wconf 90' lang='grc' dir='ltr'>τά</span> <span class='ocrx_word' id='word_1_773' title='bbox 2932 3251 3276 3325; x_wconf 73' lang='grc' dir='ltr'>ἀνθρώπινας</span> <span class='ocrx_word' id='word_1_774' title='bbox 3306 3250 3413 3319; x_wconf 84' lang='grc' dir='ltr'>ἐγὼ</span> <span class='ocrx_word' id='word_1_775' title='bbox 3442 3250 3498 3301; x_wconf 86' lang='grc' dir='ltr'>ἐν</span> <span class='ocrx_word' id='word_1_776' title='bbox 3525 3248 3744 3300; x_wconf 72' lang='grc' dir='ltr'>δικαιοο</span> 
     </span>
    </p>
   </div>
   <div class='ocr_carea' id='block_1_103' title="bbox 2161 3330 3742 3408">
    <p class='ocr_par' dir='ltr' id='par_1_103' title="bbox 2161 3330 3742 3408">
     <span class='ocr_line' id='line_1_105' title="bbox 2161 3330 3742 3408; baseline -0.004 -19"><span class='ocrx_word' id='word_1_777' title='bbox 2161 3336 2317 3408; x_wconf 81' lang='grc' dir='ltr'>σύνῃ,</span> <span class='ocrx_word' id='word_1_778' title='bbox 2352 3337 2446 3389; x_wconf 79' lang='grc' dir='ltr'>καὶ</span> <span class='ocrx_word' id='word_1_779' title='bbox 2478 3336 2732 3406; x_wconf 88' lang='grc' dir='ltr'>πένομαι,</span> <span class='ocrx_word' id='word_1_780' title='bbox 2766 3336 2862 3390; x_wconf 78' lang='grc' dir='ltr'>καὶ</span> <span class='ocrx_word' id='word_1_781' title='bbox 2890 3330 3045 3400; x_wconf 76' lang='grc' dir='ltr'>οὗτος</span> <span class='ocrx_word' id='word_1_782' title='bbox 3079 3336 3137 3387; x_wconf 90' lang='grc' dir='ltr'>ἐν</span> <span class='ocrx_word' id='word_1_783' title='bbox 3161 3334 3346 3405; x_wconf 84' lang='grc' dir='ltr'>ἀδικίᾳ</span> <span class='ocrx_word' id='word_1_784' title='bbox 3370 3335 3419 3398; x_wconf 73' lang='grc' dir='ltr'>ιι,</span> <span class='ocrx_word' id='word_1_785' title='bbox 3446 3332 3539 3385; x_wconf 73' lang='grc' dir='ltr'>καὶ</span> <span class='ocrx_word' id='word_1_786' title='bbox 3575 3332 3742 3384; x_wconf 79' lang='grc' dir='ltr'>πλου-</span> 
     </span>
    </p>
   </div>
   <div class='ocr_carea' id='block_1_104' title="bbox 2158 3411 3742 3488">
    <p class='ocr_par' dir='ltr' id='par_1_104' title="bbox 2158 3411 3742 3488">
     <span class='ocr_line' id='line_1_106' title="bbox 2158 3411 3742 3488; baseline -0.004 -17"><span class='ocrx_word' id='word_1_787' title='bbox 2158 3421 2277 3483; x_wconf 84' lang='grc' dir='ltr'>τετ;</span> <span class='ocrx_word' id='word_1_788' title='bbox 2325 3418 2494 3473; x_wconf 82' lang='grc' dir='ltr'>Ούδέν</span> <span class='ocrx_word' id='word_1_789' title='bbox 2531 3418 2738 3472; x_wconf 87' lang='grc' dir='ltr'>τούτων</span> <span class='ocrx_word' id='word_1_790' title='bbox 2783 3418 3084 3487; x_wconf 84' lang='grc' dir='ltr'>ἐλογίσατο,</span> <span class='ocrx_word' id='word_1_791' title='bbox 3132 3417 3268 3471; x_wconf 88' lang='grc' dir='ltr'>ἀλλά</span> <span class='ocrx_word' id='word_1_792' title='bbox 3297 3414 3619 3488; x_wconf 86' lang='grc' dir='ltr'>παρεχώρει</span> <span class='ocrx_word' id='word_1_793' title='bbox 3666 3411 3742 3481; x_wconf 76' lang='grc' dir='ltr'>τῷ</span> 
     </span>
    </p>
   </div>
   <div class='ocr_carea' id='block_1_105' title="bbox 2159 3496 3742 3573">
    <p class='ocr_par' dir='ltr' id='par_1_105' title="bbox 2159 3496 3742 3573">
     <span class='ocr_line' id='line_1_107' title="bbox 2159 3496 3742 3573; baseline -0.006 -18"><span class='ocrx_word' id='word_1_794' title='bbox 2159 3500 2533 3573; x_wconf 81' lang='grc' dir='ltr'>ἀκαταλήπτῳ</span> <span class='ocrx_word' id='word_1_795' title='bbox 2558 3503 2657 3572; x_wconf 87' lang='grc' dir='ltr'>τῆς</span> <span class='ocrx_word' id='word_1_796' title='bbox 2688 3501 2784 3555; x_wconf 80' lang='grc' dir='ltr'>τοῦ</span> <span class='ocrx_word' id='word_1_797' title='bbox 2813 3501 2947 3555; x_wconf 76' lang='grc' dir='ltr'>Θεοῦ</span> <span class='ocrx_word' id='word_1_798' title='bbox 2978 3500 3405 3572; x_wconf 87' lang='grc' dir='ltr'>φιλανθρωπίας·</span> <span class='ocrx_word' id='word_1_799' title='bbox 3435 3497 3531 3568; x_wconf 74' lang='grc' dir='ltr'>τὴν</span> <span class='ocrx_word' id='word_1_800' title='bbox 3553 3496 3742 3567; x_wconf 73' lang='grc' dir='ltr'>ψυχὴν</span> 
     </span>
    </p>
   </div>
   <div class='ocr_carea' id='block_1_106' title="bbox 2158 3581 3739 3656">
    <p class='ocr_par' dir='ltr' id='par_1_106' title="bbox 2158 3581 3739 3656">
     <span class='ocr_line' id='line_1_108' title="bbox 2158 3581 3739 3656; baseline -0.003 -18"><span class='ocrx_word' id='word_1_801' title='bbox 2158 3583 2258 3655; x_wconf 77' lang='grc' dir='ltr'>τὴν</span> <span class='ocrx_word' id='word_1_802' title='bbox 2294 3585 2489 3639; x_wconf 79' lang='grc' dir='ltr'>ἐαυτοῦ</span> <span class='ocrx_word' id='word_1_803' title='bbox 2523 3586 2881 3656; x_wconf 83' lang='grc' dir='ltr'>ἀποσμήχων,</span> <span class='ocrx_word' id='word_1_804' title='bbox 2922 3585 3022 3655; x_wconf 81' lang='grc' dir='ltr'>τὴν</span> <span class='ocrx_word' id='word_1_805' title='bbox 3057 3584 3352 3656; x_wconf 88' lang='grc' dir='ltr'>καρτερίαν</span> <span class='ocrx_word' id='word_1_806' title='bbox 3396 3581 3606 3654; x_wconf 85' lang='grc' dir='ltr'>φέρων,</span> <span class='ocrx_word' id='word_1_807' title='bbox 3640 3582 3739 3649; x_wconf 74' lang='grc' dir='ltr'>τὴν</span> 
     </span>
    </p>
   </div>
   <div class='ocr_carea' id='block_1_107' title="bbox 2159 3663 3736 3741">
    <p class='ocr_par' dir='ltr' id='par_1_107' title="bbox 2159 3663 3736 3741">
     <span class='ocr_line' id='line_1_109' title="bbox 2159 3663 3736 3741; baseline 0.001 -19"><span class='ocrx_word' id='word_1_808' title='bbox 2159 3668 2436 3741; x_wconf 80' lang='grc' dir='ltr'>ὑπομονὴν</span> <span class='ocrx_word' id='word_1_809' title='bbox 2470 3668 2619 3741; x_wconf 83' lang='grc'>[780]</span> <span class='ocrx_word' id='word_1_810' title='bbox 2650 3668 3077 3740; x_wconf 76' lang='grc' dir='ltr'>ἐνδεικνύμενος,</span> <span class='ocrx_word' id='word_1_811' title='bbox 3106 3668 3358 3739; x_wconf 90' lang='grc' dir='ltr'>κείμενος</span> <span class='ocrx_word' id='word_1_812' title='bbox 3386 3665 3465 3737; x_wconf 86' lang='grc' dir='ltr'>τῷ</span> <span class='ocrx_word' id='word_1_813' title='bbox 3490 3663 3736 3735; x_wconf 76' lang='grc' dir='ltr'>σώματι.</span> 
     </span>
    </p>
   </div>
   <div class='ocr_carea' id='block_1_108' title="bbox 2159 3748 3739 3825">
    <p class='ocr_par' dir='ltr' id='par_1_108' title="bbox 2159 3748 3739 3825">
     <span class='ocr_line' id='line_1_110' title="bbox 2159 3748 3739 3825; baseline -0.004 -19"><span class='ocrx_word' id='word_1_814' title='bbox 2159 3752 2255 3808; x_wconf 76' lang='grc' dir='ltr'>καὶ</span> <span class='ocrx_word' id='word_1_815' title='bbox 2286 3753 2497 3824; x_wconf 88' lang='grc' dir='ltr'>τρέχων</span> <span class='ocrx_word' id='word_1_816' title='bbox 2524 3756 2591 3823; x_wconf 74' lang='grc' dir='ltr'>τῇ</span> <span class='ocrx_word' id='word_1_817' title='bbox 2632 3754 2860 3825; x_wconf 81' lang='grc' dir='ltr'>διανοίᾳ,</span> <span class='ocrx_word' id='word_1_818' title='bbox 2901 3752 3281 3824; x_wconf 87' lang='grc' dir='ltr'>ἐπτερωμένος</span> <span class='ocrx_word' id='word_1_819' title='bbox 3315 3753 3381 3821; x_wconf 82' lang='grc' dir='ltr'>τῇ</span> <span class='ocrx_word' id='word_1_820' title='bbox 3423 3748 3653 3821; x_wconf 76' lang='grc' dir='ltr'>γνώμῃ.</span> <span class='ocrx_word' id='word_1_821' title='bbox 3681 3748 3739 3800; x_wconf 81' lang='grc' dir='ltr'>τὸ</span> 
     </span>
    </p>
   </div>
   <div class='ocr_carea' id='block_1_109' title="bbox 2162 3833 3740 3909">
    <p class='ocr_par' dir='ltr' id='par_1_109' title="bbox 2162 3833 3740 3909">
     <span class='ocr_line' id='line_1_111' title="bbox 2162 3833 3740 3909; baseline -0.003 -19"><span class='ocrx_word' id='word_1_822' title='bbox 2162 3835 2412 3908; x_wconf 83' lang='grc' dir='ltr'>βραϐεῖον</span> <span class='ocrx_word' id='word_1_823' title='bbox 2437 3837 2720 3909; x_wconf 81' lang='grc' dir='ltr'>ἁρπάζων,</span> <span class='ocrx_word' id='word_1_824' title='bbox 2750 3836 2949 3900; x_wconf 80' lang='grc' dir='ltr'>ἀναδὺς</span> <span class='ocrx_word' id='word_1_825' title='bbox 2966 3837 3075 3889; x_wconf 92' lang='grc' dir='ltr'>τῶν</span> <span class='ocrx_word' id='word_1_826' title='bbox 3099 3835 3305 3898; x_wconf 90' lang='grc' dir='ltr'>κακῶν,</span> <span class='ocrx_word' id='word_1_827' title='bbox 3336 3833 3425 3887; x_wconf 76' lang='grc' dir='ltr'>καὶ</span> <span class='ocrx_word' id='word_1_828' title='bbox 3447 3833 3559 3889; x_wconf 62' lang='grc' dir='ltr'>τῶν</span> <span class='ocrx_word' id='word_1_829' title='bbox 3596 3834 3740 3900; x_wconf 78' lang='grc' dir='ltr'>ἀγαο</span> 
     </span>
    </p>
   </div>
   <div class='ocr_carea' id='block_1_110' title="bbox 2160 3915 3737 3991">
    <p class='ocr_par' dir='ltr' id='par_1_110' title="bbox 2160 3915 3737 3991">
     <span class='ocr_line' id='line_1_112' title="bbox 2160 3915 3737 3991; baseline -0.003 -18"><span class='ocrx_word' id='word_1_830' title='bbox 2160 3919 2270 3973; x_wconf 90' lang='grc' dir='ltr'>θῶν</span> <span class='ocrx_word' id='word_1_831' title='bbox 2300 3920 2530 3991; x_wconf 89' lang='grc' dir='ltr'>μάρτυς.</span> <span class='ocrx_word' id='word_1_832' title='bbox 2560 3922 2673 3973; x_wconf 82' lang='grc' dir='ltr'>Οὐκ</span> <span class='ocrx_word' id='word_1_833' title='bbox 2714 3915 2866 3975; x_wconf 76' lang='grc' dir='ltr'>εἶπεν</span> <span class='ocrx_word' id='word_1_834' title='bbox 2892 3936 2905 3951; x_wconf 89' lang='grc'>·</span> <span class='ocrx_word' id='word_1_835' title='bbox 2940 3921 3241 3991; x_wconf 77' lang='grc' dir='ltr'>Παράσιτοι</span> <span class='ocrx_word' id='word_1_836' title='bbox 3279 3918 3416 3990; x_wconf 87' lang='grc' dir='ltr'>μετά</span> <span class='ocrx_word' id='word_1_837' title='bbox 3449 3916 3737 3985; x_wconf 73' lang='grc' dir='ltr'>δαψιλείας</span> 
     </span>
    </p>
   </div>
   <div class='ocr_carea' id='block_1_111' title="bbox 2160 4001 3734 4073">
    <p class='ocr_par' dir='ltr' id='par_1_111' title="bbox 2160 4001 3734 4073">
     <span class='ocr_line' id='line_1_113' title="bbox 2160 4001 3734 4073; baseline -0.003 -16"><span class='ocrx_word' id='word_1_838' title='bbox 2160 4002 2514 4067; x_wconf 82' lang='grc' dir='ltr'>ἀπολαύουσι,</span> <span class='ocrx_word' id='word_1_839' title='bbox 2538 4002 2650 4071; x_wconf 85' lang='grc' dir='ltr'>ἐγὼ</span> <span class='ocrx_word' id='word_1_840' title='bbox 2669 4004 2726 4057; x_wconf 83' lang='grc' dir='ltr'>δὲ</span> <span class='ocrx_word' id='word_1_841' title='bbox 2745 4002 2942 4073; x_wconf 76' lang='grc' dir='ltr'>ψιχίων</span> <span class='ocrx_word' id='word_1_842' title='bbox 2972 4004 3032 4057; x_wconf 83' lang='grc' dir='ltr'>οὐ</span> <span class='ocrx_word' id='word_1_843' title='bbox 3060 4001 3438 4073; x_wconf 81' lang='grc' dir='ltr'>καταξιοῦμαι·</span> <span class='ocrx_word' id='word_1_844' title='bbox 3470 4001 3612 4055; x_wconf 81' lang='grc' dir='ltr'>ἀλλά</span> <span class='ocrx_word' id='word_1_845' title='bbox 3648 4003 3734 4065; x_wconf 76' lang='grc' dir='ltr'>τίς</span> 
     </span>
    </p>
   </div>
   <div class='ocr_carea' id='block_1_112' title="bbox 2158 4084 3737 4157">
    <p class='ocr_par' dir='ltr' id='par_1_112' title="bbox 2158 4084 3737 4157">
     <span class='ocr_line' id='line_1_114' title="bbox 2158 4084 3737 4157; baseline -0.001 -18"><span class='ocrx_word' id='word_1_846' title='bbox 2158 4085 2511 4157; x_wconf 83' lang='grc' dir='ltr'>Ηὺχαρίστει,</span> <span class='ocrx_word' id='word_1_847' title='bbox 2553 4087 2649 4139; x_wconf 77' lang='grc' dir='ltr'>καὶ</span> <span class='ocrx_word' id='word_1_848' title='bbox 2682 4085 2897 4153; x_wconf 81' lang='grc' dir='ltr'>ἐδόξαζε</span> <span class='ocrx_word' id='word_1_849' title='bbox 2929 4084 3022 4139; x_wconf 85' lang='grc' dir='ltr'>τὸν</span> <span class='ocrx_word' id='word_1_850' title='bbox 3053 4085 3206 4140; x_wconf 89' lang='grc' dir='ltr'>Θεόν.</span> <span class='ocrx_word' id='word_1_851' title='bbox 3243 4085 3490 4153; x_wconf 85' lang='grc' dir='ltr'>Ἐγένετο</span> <span class='ocrx_word' id='word_1_852' title='bbox 3524 4085 3737 4138; x_wconf 79' lang='grc' dir='ltr'>ἀποθα-</span> 
     </span>
    </p>
   </div>
   <div class='ocr_carea' id='block_1_113' title="bbox 2159 4167 3733 4238">
    <p class='ocr_par' dir='ltr' id='par_1_113' title="bbox 2159 4167 3733 4238">
     <span class='ocr_line' id='line_1_115' title="bbox 2159 4167 3733 4238; baseline -0.002 -16"><span class='ocrx_word' id='word_1_853' title='bbox 2159 4172 2269 4223; x_wconf 78' lang='grc' dir='ltr'>νεῖν</span> <span class='ocrx_word' id='word_1_854' title='bbox 2289 4168 2506 4233; x_wconf 83' lang='grc' dir='ltr'>αὐτούς·</span> <span class='ocrx_word' id='word_1_855' title='bbox 2535 4168 2806 4223; x_wconf 86' lang='grc' dir='ltr'>ἀπέθανεν</span> <span class='ocrx_word' id='word_1_856' title='bbox 2824 4170 2853 4222; x_wconf 89' lang='lat'>6</span> <span class='ocrx_word' id='word_1_857' title='bbox 2883 4167 3155 4233; x_wconf 88' lang='grc' dir='ltr'>πλούσιος,</span> <span class='ocrx_word' id='word_1_858' title='bbox 3179 4168 3273 4221; x_wconf 73' lang='grc' dir='ltr'>καὶ</span> <span class='ocrx_word' id='word_1_859' title='bbox 3298 4170 3491 4238; x_wconf 80' lang='grc' dir='ltr'>ἐτάφη·</span> <span class='ocrx_word' id='word_1_860' title='bbox 3519 4167 3733 4237; x_wconf 66' lang='grc' dir='ltr'>ἀτᾶγλθε</span> 
     </span>
    </p>
   </div>
   <div class='ocr_carea' id='block_1_114' title="bbox 2159 4249 3735 4324">
    <p class='ocr_par' dir='ltr' id='par_1_114' title="bbox 2159 4249 3735 4324">
     <span class='ocr_line' id='line_1_116' title="bbox 2159 4249 3735 4324; baseline -0.002 -19"><span class='ocrx_word' id='word_1_861' title='bbox 2159 4251 2256 4305; x_wconf 75' lang='grc' dir='ltr'>καὶ</span> <span class='ocrx_word' id='word_1_862' title='bbox 2283 4253 2312 4305; x_wconf 89' lang='lat'>6</span> <span class='ocrx_word' id='word_1_863' title='bbox 2336 4250 2605 4322; x_wconf 87' lang='grc' dir='ltr'>Λάζαρος·</span> <span class='ocrx_word' id='word_1_864' title='bbox 2633 4252 2693 4304; x_wconf 83' lang='grc' dir='ltr'>ού</span> <span class='ocrx_word' id='word_1_865' title='bbox 2716 4252 2826 4324; x_wconf 87' lang='grc' dir='ltr'>γὰρ</span> <span class='ocrx_word' id='word_1_866' title='bbox 2853 4252 2918 4306; x_wconf 78' lang='grc' dir='ltr'>ἂν</span> <span class='ocrx_word' id='word_1_867' title='bbox 2950 4251 3178 4323; x_wconf 70' lang='grc' dir='ltr'>εἴποιμι,</span> <span class='ocrx_word' id='word_1_868' title='bbox 3203 4252 3456 4304; x_wconf 82' lang='grc' dir='ltr'>ἀπέθανε.</span> <span class='ocrx_word' id='word_1_869' title='bbox 3489 4249 3605 4304; x_wconf 75' lang='grc' dir='ltr'>Τοδ</span> <span class='ocrx_word' id='word_1_870' title='bbox 3637 4251 3735 4320; x_wconf 76' lang='grc' dir='ltr'>μὲν</span> 
     </span>
    </p>
   </div>
   <div class='ocr_carea' id='block_1_115' title="bbox 2159 4333 3734 4406">
    <p class='ocr_par' dir='ltr' id='par_1_115' title="bbox 2159 4333 3734 4406">
     <span class='ocr_line' id='line_1_117' title="bbox 2159 4333 3734 4406; baseline -0.001 -18"><span class='ocrx_word' id='word_1_871' title='bbox 2159 4333 2269 4406; x_wconf 83' lang='grc' dir='ltr'>γάρ</span> <span class='ocrx_word' id='word_1_872' title='bbox 2294 4333 2549 4387; x_wconf 89' lang='grc' dir='ltr'>πλουσίου</span> <span class='ocrx_word' id='word_1_873' title='bbox 2589 4336 2616 4388; x_wconf 90' lang='lat'>6</span> <span class='ocrx_word' id='word_1_874' title='bbox 2645 4334 2873 4398; x_wconf 82' lang='grc' dir='ltr'>θάνατος</span> <span class='ocrx_word' id='word_1_875' title='bbox 2898 4336 3124 4400; x_wconf 84' lang='grc' dir='ltr'>θάνατος</span> <span class='ocrx_word' id='word_1_876' title='bbox 3157 4334 3252 4393; x_wconf 74' lang='grc' dir='ltr'>καὶ</span> <span class='ocrx_word' id='word_1_877' title='bbox 3284 4334 3451 4403; x_wconf 85' lang='grc' dir='ltr'>τάφος</span> <span class='ocrx_word' id='word_1_878' title='bbox 3474 4335 3517 4398; x_wconf 77' lang='grc' dir='ltr'>ι,</span> <span class='ocrx_word' id='word_1_879' title='bbox 3550 4334 3654 4387; x_wconf 81' lang='grc' dir='ltr'>τοῦ</span> <span class='ocrx_word' id='word_1_880' title='bbox 3680 4334 3734 4387; x_wconf 78' lang='grc' dir='ltr'>δέ</span> 
     </span>
    </p>
   </div>
   <div class='ocr_carea' id='block_1_116' title="bbox 2160 4415 3736 4490">
    <p class='ocr_par' dir='ltr' id='par_1_116' title="bbox 2160 4415 3736 4490">
     <span class='ocr_line' id='line_1_118' title="bbox 2160 4415 3736 4490; baseline -0.001 -20"><span class='ocrx_word' id='word_1_881' title='bbox 2160 4418 2389 4487; x_wconf 89' lang='grc' dir='ltr'>πένητος</span> <span class='ocrx_word' id='word_1_882' title='bbox 2435 4417 2465 4470; x_wconf 84' lang='lat'>6</span> <span class='ocrx_word' id='word_1_883' title='bbox 2516 4417 2745 4482; x_wconf 92' lang='grc' dir='ltr'>θάνατος</span> <span class='ocrx_word' id='word_1_884' title='bbox 2786 4418 3085 4490; x_wconf 87' lang='grc' dir='ltr'>ἀποδημία,</span> <span class='ocrx_word' id='word_1_885' title='bbox 3132 4417 3224 4471; x_wconf 79' lang='grc' dir='ltr'>καὶ</span> <span class='ocrx_word' id='word_1_886' title='bbox 3271 4415 3404 4487; x_wconf 82' lang='grc' dir='ltr'>πρὸς</span> <span class='ocrx_word' id='word_1_887' title='bbox 3436 4416 3506 4468; x_wconf 86' lang='grc' dir='ltr'>τά</span> <span class='ocrx_word' id='word_1_888' title='bbox 3540 4415 3736 4486; x_wconf 83' lang='grc' dir='ltr'>βελτίω</span> 
     </span>
    </p>
   </div>
   <div class='ocr_carea' id='block_1_117' title="bbox 2162 4498 3734 4573">
    <p class='ocr_par' dir='ltr' id='par_1_117' title="bbox 2162 4498 3734 4573">
     <span class='ocr_line' id='line_1_119' title="bbox 2162 4498 3734 4573; baseline -0.002 -19"><span class='ocrx_word' id='word_1_889' title='bbox 2162 4502 2512 4573; x_wconf 88' lang='grc' dir='ltr'>μετάστασις,</span> <span class='ocrx_word' id='word_1_890' title='bbox 2549 4501 2643 4554; x_wconf 72' lang='grc' dir='ltr'>καὶ</span> <span class='ocrx_word' id='word_1_891' title='bbox 2666 4500 2774 4554; x_wconf 87' lang='lat'><em>61:6</em></span> <span class='ocrx_word' id='word_1_892' title='bbox 2792 4501 2886 4555; x_wconf 85' lang='lat'>:06</span> <span class='ocrx_word' id='word_1_893' title='bbox 2916 4502 3237 4571; x_wconf 84' lang='grc' dir='ltr'>σκάμματος</span> <span class='ocrx_word' id='word_1_894' title='bbox 3273 4498 3366 4552; x_wconf 72' lang='grc' dir='ltr'>ἐπὶ</span> <span class='ocrx_word' id='word_1_895' title='bbox 3408 4499 3479 4552; x_wconf 90' lang='grc' dir='ltr'>τά</span> <span class='ocrx_word' id='word_1_896' title='bbox 3505 4499 3734 4570; x_wconf 79' lang='grc' dir='ltr'>βραϐεἴα</span> 
     </span>
    </p>
   </div>
   <div class='ocr_carea' id='block_1_118' title="bbox 2157 4582 3734 4659">
    <p class='ocr_par' dir='ltr' id='par_1_118' title="bbox 2157 4582 3734 4659">
     <span class='ocr_line' id='line_1_120' title="bbox 2157 4582 3734 4659; baseline -0.003 -20"><span class='ocrx_word' id='word_1_897' title='bbox 2157 4586 2187 4639; x_wconf 92' lang='lat'>6</span> <span class='ocrx_word' id='word_1_898' title='bbox 2216 4584 2414 4659; x_wconf 87' lang='grc' dir='ltr'>δρόμος</span> <span class='ocrx_word' id='word_1_899' title='bbox 2440 4622 2454 4647; x_wconf 95' lang='grc'>,</span> <span class='ocrx_word' id='word_1_900' title='bbox 2483 4584 2592 4637; x_wconf 91' lang='lat'><em>61:6</em></span> <span class='ocrx_word' id='word_1_901' title='bbox 2614 4584 2710 4639; x_wconf 84' lang='lat'>:06</span> <span class='ocrx_word' id='word_1_902' title='bbox 2742 4584 3007 4651; x_wconf 88' lang='grc' dir='ltr'>πελάγους</span> <span class='ocrx_word' id='word_1_903' title='bbox 3032 4584 3123 4636; x_wconf 86' lang='grc' dir='ltr'>ἐπί</span> <span class='ocrx_word' id='word_1_904' title='bbox 3150 4583 3241 4637; x_wconf 86' lang='grc' dir='ltr'>τὸν</span> <span class='ocrx_word' id='word_1_905' title='bbox 3265 4582 3604 4653; x_wconf 71' lang='grc' dir='ltr'>λιμένα,ἀπὺ</span> <span class='ocrx_word' id='word_1_906' title='bbox 3636 4584 3734 4652; x_wconf 85' lang='grc' dir='ltr'>τῆς</span> 
     </span>
    </p>
   </div>
   <div class='ocr_carea' id='block_1_119' title="bbox 2161 4665 3733 4738">
    <p class='ocr_par' dir='ltr' id='par_1_119' title="bbox 2161 4665 3733 4738">
     <span class='ocr_line' id='line_1_121' title="bbox 2161 4665 3733 4738; baseline -0.002 -18"><span class='ocrx_word' id='word_1_907' title='bbox 2161 4666 2516 4737; x_wconf 88' lang='grc' dir='ltr'>παρατάξεως</span> <span class='ocrx_word' id='word_1_908' title='bbox 2542 4666 2634 4720; x_wconf 76' lang='grc' dir='ltr'>ἐπὶ</span> <span class='ocrx_word' id='word_1_909' title='bbox 2658 4666 2718 4719; x_wconf 89' lang='lat'>:6</span> <span class='ocrx_word' id='word_1_910' title='bbox 2744 4667 3024 4738; x_wconf 85' lang='grc' dir='ltr'>τρόπαιον,</span> <span class='ocrx_word' id='word_1_911' title='bbox 3070 4665 3179 4719; x_wconf 85' lang='lat'><em>61:6</em></span> <span class='ocrx_word' id='word_1_912' title='bbox 3208 4665 3317 4718; x_wconf 89' lang='grc' dir='ltr'>τῶν</span> <span class='ocrx_word' id='word_1_913' title='bbox 3367 4665 3612 4733; x_wconf 76' lang='grc' dir='ltr'>ἱδρώτων</span> <span class='ocrx_word' id='word_1_914' title='bbox 3642 4668 3733 4719; x_wconf 75' lang='grc' dir='ltr'>ἐπὶ</span> 
     </span>
    </p>
   </div>
   <div class='ocr_carea' id='block_1_120' title="bbox 2157 4746 3733 4821">
    <p class='ocr_par' dir='ltr' id='par_1_120' title="bbox 2157 4746 3733 4821">
     <span class='ocr_line' id='line_1_122' title="bbox 2157 4746 3733 4821; baseline -0.001 -18"><span class='ocrx_word' id='word_1_915' title='bbox 2157 4749 2250 4803; x_wconf 83' lang='grc' dir='ltr'>τὸν</span> <span class='ocrx_word' id='word_1_916' title='bbox 2272 4749 2554 4819; x_wconf 85' lang='grc' dir='ltr'>στέφανον.</span> <span class='ocrx_word' id='word_1_917' title='bbox 2591 4748 2860 4816; x_wconf 83' lang='grc' dir='ltr'>Ἀπῆλθον</span> <span class='ocrx_word' id='word_1_918' title='bbox 2879 4749 3177 4821; x_wconf 86' lang='grc' dir='ltr'>ἀμφότεροι</span> <span class='ocrx_word' id='word_1_919' title='bbox 3200 4750 3331 4814; x_wconf 75' lang='grc' dir='ltr'>ἐκεῖ,</span> <span class='ocrx_word' id='word_1_920' title='bbox 3356 4746 3493 4801; x_wconf 81' lang='grc' dir='ltr'>ὀποῦ</span> <span class='ocrx_word' id='word_1_921' title='bbox 3515 4748 3585 4801; x_wconf 81' lang='lat'>:6</span> <span class='ocrx_word' id='word_1_922' title='bbox 3604 4748 3733 4817; x_wconf 83' lang='grc' dir='ltr'>ἀλη-</span> 
     </span>
    </p>
   </div>
   <div class='ocr_carea' id='block_1_121' title="bbox 2160 4829 3730 4905">
    <p class='ocr_par' dir='ltr' id='par_1_121' title="bbox 2160 4829 3730 4905">
     <span class='ocr_line' id='line_1_123' title="bbox 2160 4829 3730 4905; baseline -0.001 -21"><span class='ocrx_word' id='word_1_923' title='bbox 2160 4830 2282 4885; x_wconf 89' lang='grc' dir='ltr'>θινά</span> <span class='ocrx_word' id='word_1_924' title='bbox 2307 4832 2631 4903; x_wconf 84' lang='grc' dir='ltr'>πράγματα·</span> <span class='ocrx_word' id='word_1_925' title='bbox 2664 4831 2832 4905; x_wconf 89' lang='grc' dir='ltr'>ἐλύθη</span> <span class='ocrx_word' id='word_1_926' title='bbox 2864 4832 2926 4885; x_wconf 90' lang='lat'>:6</span> <span class='ocrx_word' id='word_1_927' title='bbox 2954 4831 3201 4905; x_wconf 90' lang='grc' dir='ltr'>θέατρον,</span> <span class='ocrx_word' id='word_1_928' title='bbox 3234 4829 3330 4885; x_wconf 79' lang='lat' dir='ltr'><strong><em>xal</em></strong></span> <span class='ocrx_word' id='word_1_929' title='bbox 3367 4831 3730 4901; x_wconf 75' lang='grc' dir='ltr'>ἀπεκαλύφθη</span> 
     </span>
    </p>
   </div>
   <div class='ocr_carea' id='block_1_122' title="bbox 2158 4915 2588 4988">
    <p class='ocr_par' dir='ltr' id='par_1_122' title="bbox 2158 4915 2588 4988">
     <span class='ocr_line' id='line_1_124' title="bbox 2158 4915 2588 4988; baseline 0.005 -21"><span class='ocrx_word' id='word_1_930' title='bbox 2158 4915 2227 4969; x_wconf 92' lang='grc' dir='ltr'>τά</span> <span class='ocrx_word' id='word_1_931' title='bbox 2248 4918 2588 4988; x_wconf 86' lang='grc' dir='ltr'>προσωπεῖα.</span> 
     </span>
    </p>
   </div>
   <div class='ocr_carea' id='block_1_123' title="bbox 2230 4997 3732 5071">
    <p class='ocr_par' dir='ltr' id='par_1_123' title="bbox 2230 4997 3732 5071">
     <span class='ocr_line' id='line_1_125' title="bbox 2230 4997 3732 5071; baseline -0.001 -21"><span class='ocrx_word' id='word_1_932' title='bbox 2230 4998 2498 5071; x_wconf 84' lang='grc' dir='ltr'>Καθάπερ</span> <span class='ocrx_word' id='word_1_933' title='bbox 2521 4998 2629 5071; x_wconf 80' lang='grc' dir='ltr'>γὰρ</span> <span class='ocrx_word' id='word_1_934' title='bbox 2658 5000 2715 5052; x_wconf 79' lang='grc' dir='ltr'>ἐν</span> <span class='ocrx_word' id='word_1_935' title='bbox 2743 4998 2818 5068; x_wconf 81' lang='grc' dir='ltr'>τῷ</span> <span class='ocrx_word' id='word_1_936' title='bbox 2848 4997 3060 5070; x_wconf 84' lang='grc' dir='ltr'>θεάτρῳ</span> <span class='ocrx_word' id='word_1_937' title='bbox 3098 4998 3271 5069; x_wconf 81' lang='grc' dir='ltr'>τούτῳ</span> <span class='ocrx_word' id='word_1_938' title='bbox 3310 4998 3366 5051; x_wconf 92' lang='grc' dir='ltr'>ἐν</span> <span class='ocrx_word' id='word_1_939' title='bbox 3412 4998 3732 5069; x_wconf 69' lang='grc' dir='ltr'>μεσημϐρίᾳ</span> 
     </span>
    </p>
   </div>
   <div class='ocr_carea' id='block_1_124' title="bbox 2163 5079 3733 5154">
    <p class='ocr_par' dir='ltr' id='par_1_124' title="bbox 2163 5079 3733 5154">
     <span class='ocr_line' id='line_1_126' title="bbox 2163 5079 3733 5154; baseline 0 -21"><span class='ocrx_word' id='word_1_940' title='bbox 2163 5082 2304 5154; x_wconf 71' lang='grc' dir='ltr'>μέσῃ</span> <span class='ocrx_word' id='word_1_941' title='bbox 2333 5083 2814 5151; x_wconf 87' lang='grc' dir='ltr'>παραπετάσματα</span> <span class='ocrx_word' id='word_1_942' title='bbox 2847 5081 3077 5149; x_wconf 89' lang='grc' dir='ltr'>γίνεται,</span> <span class='ocrx_word' id='word_1_943' title='bbox 3110 5081 3204 5133; x_wconf 75' lang='grc' dir='ltr'>καὶ</span> <span class='ocrx_word' id='word_1_944' title='bbox 3238 5080 3575 5151; x_wconf 87' lang='grc' dir='ltr'>εἰσέρχονται</span> <span class='ocrx_word' id='word_1_945' title='bbox 3609 5079 3733 5132; x_wconf 82' lang='grc' dir='ltr'>πολ-</span> 
     </span>
    </p>
   </div>
   <div class='ocr_carea' id='block_1_125' title="bbox 2158 5162 3731 5235">
    <p class='ocr_par' dir='ltr' id='par_1_125' title="bbox 2158 5162 3731 5235">
     <span class='ocr_line' id='line_1_127' title="bbox 2158 5162 3731 5235; baseline 0 -20"><span class='ocrx_word' id='word_1_946' title='bbox 2158 5163 2241 5215; x_wconf 69' lang='grc' dir='ltr'>λοὶ</span> <span class='ocrx_word' id='word_1_947' title='bbox 2280 5163 2389 5217; x_wconf 86' lang='grc' dir='ltr'>τῶν</span> <span class='ocrx_word' id='word_1_948' title='bbox 2417 5163 2710 5232; x_wconf 85' lang='grc' dir='ltr'>σκηνικῶν,</span> <span class='ocrx_word' id='word_1_949' title='bbox 2736 5162 3152 5235; x_wconf 84' lang='grc' dir='ltr'>ὑποκρινόμενοι</span> <span class='ocrx_word' id='word_1_950' title='bbox 3175 5204 3189 5229; x_wconf 95' lang='grc'>,</span> <span class='ocrx_word' id='word_1_951' title='bbox 3236 5165 3555 5234; x_wconf 78' lang='grc' dir='ltr'>προσωπεῖα</span> <span class='ocrx_word' id='word_1_952' title='bbox 3578 5164 3641 5216; x_wconf 88' lang='grc' dir='ltr'>ἐν</span> <span class='ocrx_word' id='word_1_953' title='bbox 3668 5164 3731 5231; x_wconf 73' lang='grc' dir='ltr'>τῇ</span> 
     </span>
    </p>
   </div>
   <div class='ocr_carea' id='block_1_126' title="bbox 2157 5244 3734 5316">
    <p class='ocr_par' dir='ltr' id='par_1_126' title="bbox 2157 5244 3734 5316">
     <span class='ocr_line' id='line_1_128' title="bbox 2157 5244 3734 5316; baseline 0.001 -20"><span class='ocrx_word' id='word_1_954' title='bbox 2157 5244 2277 5314; x_wconf 78' lang='grc' dir='ltr'>ὄψει</span> <span class='ocrx_word' id='word_1_955' title='bbox 2304 5245 2539 5316; x_wconf 79' lang='grc' dir='ltr'>ἔχοντες,</span> <span class='ocrx_word' id='word_1_956' title='bbox 2573 5246 2667 5297; x_wconf 80' lang='grc' dir='ltr'>καὶ</span> <span class='ocrx_word' id='word_1_957' title='bbox 2701 5244 2869 5314; x_wconf 81' lang='grc' dir='ltr'>μῦθον</span> <span class='ocrx_word' id='word_1_958' title='bbox 2894 5245 3121 5303; x_wconf 82' lang='grc' dir='ltr'>παλαιὸν</span> <span class='ocrx_word' id='word_1_959' title='bbox 3157 5246 3615 5314; x_wconf 87' lang='grc' dir='ltr'>ἀπαγγέλλοντες,</span> <span class='ocrx_word' id='word_1_960' title='bbox 3643 5247 3734 5299; x_wconf 78' lang='grc' dir='ltr'>καὶ</span> 
     </span>
    </p>
   </div>
   <div class='ocr_carea' id='block_1_127' title="bbox 2157 5328 3733 5403">
    <p class='ocr_par' dir='ltr' id='par_1_127' title="bbox 2157 5328 3733 5403">
     <span class='ocr_line' id='line_1_129' title="bbox 2157 5328 3733 5403; baseline 0.001 -23"><span class='ocrx_word' id='word_1_961' title='bbox 2157 5328 2225 5381; x_wconf 85' lang='lat'>:6</span> <span class='ocrx_word' id='word_1_962' title='bbox 2254 5329 2555 5398; x_wconf 87' lang='grc' dir='ltr'>πράγματα</span> <span class='ocrx_word' id='word_1_963' title='bbox 2579 5328 2947 5403; x_wconf 89' lang='grc' dir='ltr'>διηγούμενοι,</span> <span class='ocrx_word' id='word_1_964' title='bbox 2979 5332 3074 5383; x_wconf 73' lang='grc' dir='ltr'>καὶ</span> <span class='ocrx_word' id='word_1_965' title='bbox 3106 5332 3133 5384; x_wconf 92' lang='lat'>6</span> <span class='ocrx_word' id='word_1_966' title='bbox 3157 5331 3253 5400; x_wconf 83' lang='grc' dir='ltr'>μὲν</span> <span class='ocrx_word' id='word_1_967' title='bbox 3284 5329 3491 5398; x_wconf 85' lang='grc' dir='ltr'>γίνεται</span> <span class='ocrx_word' id='word_1_968' title='bbox 3521 5329 3733 5398; x_wconf 68' lang='grc' dir='ltr'>φιλόσο-</span> 
     </span>
    </p>
   </div>
   <div class='ocr_carea' id='block_1_128' title="bbox 2159 5411 3735 5483">
    <p class='ocr_par' dir='ltr' id='par_1_128' title="bbox 2159 5411 3735 5483">
     <span class='ocr_line' id='line_1_130' title="bbox 2159 5411 3735 5483; baseline 0.001 -20"><span class='ocrx_word' id='word_1_969' title='bbox 2159 5426 2277 5479; x_wconf 85' lang='grc' dir='ltr'>φος,</span> <span class='ocrx_word' id='word_1_970' title='bbox 2306 5411 2408 5464; x_wconf 87' lang='grc' dir='ltr'>ούκ</span> <span class='ocrx_word' id='word_1_971' title='bbox 2454 5411 2530 5464; x_wconf 86' lang='grc' dir='ltr'>ῶν</span> <span class='ocrx_word' id='word_1_972' title='bbox 2556 5411 2865 5483; x_wconf 87' lang='grc' dir='ltr'>φιλόσοφος,</span> <span class='ocrx_word' id='word_1_973' title='bbox 2895 5416 2924 5467; x_wconf 88' lang='lat'>6</span> <span class='ocrx_word' id='word_1_974' title='bbox 2954 5414 3010 5467; x_wconf 78' lang='grc' dir='ltr'>δὲ</span> <span class='ocrx_word' id='word_1_975' title='bbox 3048 5414 3249 5483; x_wconf 86' lang='grc' dir='ltr'>γίνεται</span> <span class='ocrx_word' id='word_1_976' title='bbox 3293 5413 3547 5483; x_wconf 82' lang='grc' dir='ltr'>βασιλεὺς</span> <span class='ocrx_word' id='word_1_977' title='bbox 3568 5452 3583 5475; x_wconf 94' lang='grc'>,</span> <span class='ocrx_word' id='word_1_978' title='bbox 3634 5414 3735 5466; x_wconf 74' lang='grc' dir='ltr'>οὐκ</span> 
     </span>
    </p>
   </div>
   <div class='ocr_carea' id='block_1_129' title="bbox 2158 5494 3730 5567">
    <p class='ocr_par' dir='ltr' id='par_1_129' title="bbox 2158 5494 3730 5567">
     <span class='ocr_line' id='line_1_131' title="bbox 2158 5494 3730 5567; baseline 0 -19"><span class='ocrx_word' id='word_1_979' title='bbox 2158 5494 2233 5548; x_wconf 85' lang='grc' dir='ltr'>ῶν</span> <span class='ocrx_word' id='word_1_980' title='bbox 2270 5494 2544 5563; x_wconf 78' lang='grc' dir='ltr'>βασιλεὺς,</span> <span class='ocrx_word' id='word_1_981' title='bbox 2575 5495 2711 5557; x_wconf 84' lang='grc' dir='ltr'>ἀλλά</span> <span class='ocrx_word' id='word_1_982' title='bbox 2740 5497 2926 5567; x_wconf 80' lang='grc' dir='ltr'>σχῆμα</span> <span class='ocrx_word' id='word_1_983' title='bbox 2965 5498 3103 5567; x_wconf 80' lang='grc' dir='ltr'>ἔχων</span> <span class='ocrx_word' id='word_1_984' title='bbox 3129 5497 3219 5551; x_wconf 88' lang='grc' dir='ltr'>διά</span> <span class='ocrx_word' id='word_1_985' title='bbox 3247 5497 3345 5566; x_wconf 78' lang='grc' dir='ltr'>τῆς</span> <span class='ocrx_word' id='word_1_986' title='bbox 3370 5497 3730 5566; x_wconf 80' lang='grc' dir='ltr'>ύφηγήσεως·</span> 
     </span>
    </p>
   </div>
   <div class='ocr_carea' id='block_1_130' title="bbox 2156 5579 3728 5652">
    <p class='ocr_par' dir='ltr' id='par_1_130' title="bbox 2156 5579 3728 5652">
     <span class='ocr_line' id='line_1_132' title="bbox 2156 5579 3728 5652; baseline 0 -21"><span class='ocrx_word' id='word_1_987' title='bbox 2156 5581 2185 5631; x_wconf 94' lang='lat'>6</span> <span class='ocrx_word' id='word_1_988' title='bbox 2213 5580 2269 5631; x_wconf 84' lang='grc' dir='ltr'>δὲ</span> <span class='ocrx_word' id='word_1_989' title='bbox 2300 5580 2481 5651; x_wconf 82' lang='grc' dir='ltr'>ἰατρὸς</span> <span class='ocrx_word' id='word_1_990' title='bbox 2519 5580 2642 5633; x_wconf 82' lang='grc' dir='ltr'>ούδέ</span> <span class='ocrx_word' id='word_1_991' title='bbox 2677 5579 2832 5646; x_wconf 86' lang='grc' dir='ltr'>ξύλον</span> <span class='ocrx_word' id='word_1_992' title='bbox 2871 5581 3353 5652; x_wconf 88' lang='grc' dir='ltr'>μεταχειρίσασθαι</span> <span class='ocrx_word' id='word_1_993' title='bbox 3388 5580 3691 5649; x_wconf 76' lang='grc' dir='ltr'>δυνάμενος</span> <span class='ocrx_word' id='word_1_994' title='bbox 3713 5620 3728 5643; x_wconf 91' lang='grc'>,</span> 
     </span>
    </p>
   </div>
   <div class='ocr_carea' id='block_1_131' title="bbox 2224 5741 3725 5807">
    <p class='ocr_par' dir='ltr' id='par_1_131' title="bbox 2224 5741 3725 5807">
     <span class='ocr_line' id='line_1_133' title="bbox 2224 5741 3725 5807; baseline 0.003 -19"><span class='ocrx_word' id='word_1_995' title='bbox 2224 5742 2241 5807; x_wconf 60' lang='grc' dir='ltr'>ί</span> <span class='ocrx_word' id='word_1_996' title='bbox 2272 5741 2467 5807; x_wconf 56' lang='lat' dir='ltr'>gente].</span> <span class='ocrx_word' id='word_1_997' title='bbox 2490 5743 2535 5807; x_wconf 70' lang='grc' dir='ltr'>εί</span> <span class='ocrx_word' id='word_1_998' title='bbox 2551 5744 2580 5797; x_wconf 81' lang='grc' dir='ltr'><strong>ἡ</strong></span> <span class='ocrx_word' id='word_1_999' title='bbox 2598 5744 2787 5807; x_wconf 62' lang='grc' dir='ltr'>Δδιάνοιοὶ</span> <span class='ocrx_word' id='word_1_1000' title='bbox 2808 5761 2897 5792; x_wconf 86' lang='grc' dir='ltr'>σου</span> <span class='ocrx_word' id='word_1_1001' title='bbox 2921 5746 2983 5806; x_wconf 83' lang='grc' dir='ltr'>μή</span> <span class='ocrx_word' id='word_1_1002' title='bbox 2998 5742 3440 5807; x_wconf 12' lang='grc' dir='ltr'>γπαραϐλαϐεἱηβίίὶ</span> <span class='ocrx_word' id='word_1_1003' title='bbox 3464 5745 3531 5803; x_wconf 79' lang='grc' dir='ltr'>μή</span> <span class='ocrx_word' id='word_1_1004' title='bbox 3556 5745 3725 5805; x_wconf 64' lang='grc' dir='ltr'>βὶαϐῇ.</span> 
     </span>
    </p>
   </div>
   <div class='ocr_carea' id='block_1_132' title="bbox 2221 5803 3092 5859">
    <p class='ocr_par' dir='ltr' id='par_1_132' title="bbox 2221 5803 3092 5859">
     <span class='ocr_line' id='line_1_134' title="bbox 2221 5803 3092 5859; baseline 0.005 -10"><span class='ocrx_word' id='word_1_1005' title='bbox 2221 5806 2243 5841; x_wconf 73' lang='grc'>8</span> <span class='ocrx_word' id='word_1_1006' title='bbox 2277 5803 2467 5850; x_wconf 70' lang='lat' dir='ltr'>Benzel.</span> <span class='ocrx_word' id='word_1_1007' title='bbox 2492 5804 2729 5859; x_wconf 81' lang='grc' dir='ltr'>πλούσιος.</span> <span class='ocrx_word' id='word_1_1008' title='bbox 2760 5809 2850 5854; x_wconf 82' lang='grc' dir='ltr'>Καὶ</span> <span class='ocrx_word' id='word_1_1009' title='bbox 2871 5803 3092 5854; x_wconf 57' lang='grc' dir='ltr'>τί“τοῦτο’.</span> 
     </span>
    </p>
   </div>
   <div class='ocr_carea' id='block_1_133' title="bbox 2221 5864 3666 5931">
    <p class='ocr_par' dir='ltr' id='par_1_133' title="bbox 2221 5864 3666 5931">
     <span class='ocr_line' id='line_1_135' title="bbox 2221 5864 3666 5931; baseline 0.005 -23"><span class='ocrx_word' id='word_1_1010' title='bbox 2221 5864 2243 5901; x_wconf 81' lang='lat' dir='ltr'><strong>h</strong></span> <span class='ocrx_word' id='word_1_1011' title='bbox 2272 5864 2462 5931; x_wconf 63' lang='grc' dir='ltr'>ρρυῑοί.</span> <span class='ocrx_word' id='word_1_1012' title='bbox 2492 5866 2539 5912; x_wconf 82' lang='grc' dir='ltr'>ἐν</span> <span class='ocrx_word' id='word_1_1013' title='bbox 2557 5868 2815 5931; x_wconf 75' lang='grc' dir='ltr'>ἀμαρτίαις.</span> <span class='ocrx_word' id='word_1_1014' title='bbox 2845 5867 2972 5917; x_wconf 80' lang='lat' dir='ltr'><strong>Infra</strong></span> <span class='ocrx_word' id='word_1_1015' title='bbox 2992 5870 3116 5918; x_wconf 75' lang='lat' dir='ltr'>alius</span> <span class='ocrx_word' id='word_1_1016' title='bbox 3137 5869 3216 5925; x_wconf 76' lang='grc' dir='ltr'>τήν</span> <span class='ocrx_word' id='word_1_1017' title='bbox 3250 5867 3475 5931; x_wconf 77' lang='grc' dir='ltr'>τιμωρίαν</span> <span class='ocrx_word' id='word_1_1018' title='bbox 3496 5866 3666 5931; x_wconf 70' lang='grc' dir='ltr'>φέρων.</span> 
     </span>
    </p>
   </div>
   <div class='ocr_carea' id='block_1_134' title="bbox 2226 5924 2733 5991">
    <p class='ocr_par' dir='ltr' id='par_1_134' title="bbox 2226 5924 2733 5991">
     <span class='ocr_line' id='line_1_136' title="bbox 2226 5924 2733 5991; baseline 0.016 -19"><span class='ocrx_word' id='word_1_1019' title='bbox 2226 5938 2235 5965; x_wconf 80' lang='grc' dir='ltr'>ι</span> <span class='ocrx_word' id='word_1_1020' title='bbox 2270 5924 2463 5978; x_wconf 78' lang='lat' dir='ltr'>Benzel.</span> <span class='ocrx_word' id='word_1_1021' title='bbox 2496 5928 2567 5973; x_wconf 69' lang='grc' dir='ltr'>καὶ</span> <span class='ocrx_word' id='word_1_1022' title='bbox 2592 5924 2733 5991; x_wconf 57' lang='grc' dir='ltr'>ταφή.</span> 
     </span>
    </p>
   </div>
  </div>
