3884 6268
30 441 179 500 1053

30 562 119 613 the
152 571 223 611 ac
257 552 485 625 rapinae,
517 550 671 619 lupus
700 554 782 601 est
813 544 859 598 is
885 542 974 614 qui
1012 539 1250 597 cernitur
1282 557 1295 593 :
1324 538 1410 595 ubi
1440 535 1645 592 divitia:

30 665 85 707 ct
133 650 357 711 feritas,
404 647 612 701 leonem
648 640 803 696 video
841 651 947 691 non
977 635 1284 690 hominem:
1315 632 1645 687 nobilitatem

32 739 285 813 perdidit
314 735 643 811 ignobilitate
687 729 923 787 malitiae.
957 726 1109 782 Dives
1138 732 1242 813 erat
1284 723 1529 796 quidam,
1557 722 1647 791 qui

29 810 292 906 quotidie
315 810 546 903 purpura
572 825 891 882 induebatur
914 838 927 875 :
955 820 1131 876 anima
1152 810 1279 873 vero
1304 816 1418 886 ejus
1437 814 1649 869 araneis

33 928 249 983 referta
280 931 396 981 erat
437 940 451 975 :
496 925 765 992 unguenta
794 914 1060 988 spirabat,
1107 920 1162 967 at
1208 909 1413 966 fmtoris
1460 908 1651 978 plenus

34 1028 157 1075 erat
193 1035 210 1073 :
247 1028 437 1072 mensa
467 1012 542 1067 illi
590 1007 957 1081 apponebatur
999 1004 1217 1074 opipara
1249 1019 1264 1056 :
1292 1001 1554 1073 parasitos
1594 1009 1651 1054 et

34 1114 360 1169 adulatores
401 1107 577 1165 alebat
622 1122 635 1158 :
679 1116 897 1160 carnem
927 1098 1205 1170 saginabat
1231 1094 1477 1149 ancillam
1512 1111 1525 1147 :
1556 1092 1653 1146 do-

34 1208 253 1262 minam
311 1210 489 1258 autem
518 1197 748 1255 animam
778 1194 919 1252 fame
947 1190 1245 1248 confectam
1298 1186 1600 1257 negligehat
1631 1201 1646 1238 :

34 1299 247 1353 domus
288 1295 363 1349 illi
392 1300 507 1349 erat
541 1289 699 1345 sertis
728 1283 971 1342 redimita
992 1324 1011 1347 ,
1040 1280 1135 1336 sed
1165 1279 1502 1334 fundamenta
1530 1291 1652 1345 pec-

36 1390 147 1445 cati
177 1389 338 1443 catce
381 1383 642 1445 obducta,
686 1386 741 1433 et
767 1378 943 1434 anima
974 1376 1027 1429 in
1055 1373 1179 1427 vino
1208 1369 1440 1426 defossa.
1494 1369 1651 1423 Dives

40 1485 212 1552 igitur
265 1479 358 1534 ille
405 1490 591 1533 mensa
638 1471 907 1527 fruebatur
944 1467 1165 1539 opipara
1208 1463 1518 1534 poculisque
1542 1460 1649 1514 vini

37 1570 328 1627 coronatis
359 1586 372 1623 :
405 1567 668 1639 parasitos
708 1571 763 1617 et
798 1568 1160 1616 assentatores
1188 1554 1396 1619 alebat,
1427 1567 1649 1623 pravum

39 1662 254 1719 diaboli
288 1659 556 1715 theatrum
576 1698 592 1722 ,
634 1654 787 1724 lupos
814 1652 965 1716 illos,
997 1649 1086 1719 qui
1116 1647 1311 1702 multos
1338 1644 1565 1699 divitum
1596 1643 1649 1696 in

41 1755 372 1808 servitutem
403 1749 683 1818 redigunt,
731 1744 820 1815 qui
866 1740 1153 1813 perniciem
1202 1737 1414 1791 illorum
1450 1733 1651 1789 ventris

44 1847 135 1899 sui
160 1842 476 1913 expletione
508 1846 842 1901 mereantur,
870 1832 961 1904 qui
1002 1829 1213 1887 divitias
1246 1827 1449 1884 honore
1485 1824 1652 1880 multo

46 1952 101 1994 et
133 1936 507 1993 assentatione
534 1930 873 2003 papulantur.

124 2034 231 2089 Ubi
273 2030 424 2087 semel
460 2029 705 2082 inclinata
740 2040 825 2077 res
850 2030 945 2087 est,
966 2018 1118 2073 amici
1150 2016 1212 2070 de
1248 2013 1521 2069 medio.—-
1551 2010 1654 2066 Ne-

46 2139 328 2201 quaquam
354 2123 566 2178 aberret
590 2117 679 2189 qui
703 2115 834 2171 tales
854 2112 1099 2167 homines
1125 2110 1280 2179 lupos
1302 2104 1655 2201 compellave-

49 2192 140 2283 rit,
177 2192 276 2287 qui
305 2214 460 2285 quasi
483 2225 638 2267 ovem
666 2206 886 2265 divitem
918 2204 970 2261 in
998 2200 1175 2257 medio
1202 2196 1453 2268 positum,
1485 2192 1656 2247 laudi-

50 2314 153 2366 bus
170 2284 443 2366 extollunt
467 2313 522 2358 et
542 2298 821 2375 praeconiis
842 2295 1051 2361 inﬂant,
1080 2306 1142 2346 ac
1169 2306 1236 2345 ne
1260 2286 1476 2360 quidem
1503 2284 1655 2339 ulcus

48 2405 244 2459 videre
275 2400 491 2462 sinunt,
532 2392 627 2451 sed
656 2392 771 2462 ejus
799 2396 1034 2444 mentem
1062 2389 1366 2451 excmcant,
1414 2375 1656 2449 putredi'

52 2510 183 2551 nem
215 2496 434 2562 augent.
469 2483 669 2541 Deinde
692 2479 766 2554 (a)
790 2484 991 2537 mutata
1014 2489 1192 2530 rerum
1218 2467 1547 2562 facie,amici
1574 2464 1658 2521 fu-

49 2590 233 2658 giunt,
274 2558 373 2637 nos
412 2591 538 2634 vero
577 2575 669 2651 qui
707 2569 1134 2640 increpabamus,
1188 2558 1657 2619 commiseratione

51 2647 347 2735 moventur
377 2691 389 2726 :
422 2671 583 2726 larva:
607 2647 715 2723 illa:
734 2705 750 2732 ,
785 2660 929 2734 quod
956 2658 1267 2733 plerumque
1303 2652 1412 2724 jam
1440 2647 1653 2717 accidit,

51 2770 419 2829 occultantur.

128 2862 187 2919 5.
231 2859 394 2914 Dives
436 2867 565 2925 ergo
594 2851 681 2907 ille
727 2845 989 2920 parasitos
1031 2841 1209 2897 alebat
1246 2847 1301 2894 et
1327 2834 1654 2899 adulatores,

53 2957 285 3012 domum
336 2947 605 3021 propriam
651 2940 915 2997 theatrum
966 2934 1203 2998 fecerat,
1248 2930 1374 2985 vino
1420 2926 1658 2997 singulos

55 3018 410 3107 resolvebat,
442 3018 620 3094 rebus
668 3030 955 3088 admodum
1014 3022 1286 3098 prosperis
1337 3018 1654 3107 fruebatur;

55 3140 196 3193 alius
225 3149 361 3190 vero
389 3105 604 3202 quidam
631 3132 747 3181 erat
773 3122 1025 3183 Lazarus,
1056 3114 1325 3171 ulceribus
1352 3110 1562 3182 plenus,
1591 3105 1660 3162 ad

54 3230 263 3286 ostium
293 3223 469 3280 divitis
495 3219 688 3275 sedens
706 3258 722 3282 ,
766 3214 857 3285 qui
886 3212 968 3267 vel
1000 3210 1165 3283 micas
1193 3204 1439 3276 cupiebat
1468 3220 1482 3257 :
1508 3202 1657 3273 juxta

56 3323 271 3377 fontem
302 3316 531 3378 sitiebat,
562 3312 614 3366 in
646 3324 703 3365 re
730 3318 835 3363 tam
865 3317 1119 3376 prospera
1148 3300 1285 3355 fame
1310 3294 1661 3353 consumeba-

58 3425 173 3470 tur.
204 3413 273 3467 Et
291 3422 525 3481 quonam
548 3403 817 3475 projectus
841 3394 1054 3453 fuerat?
1083 3393 1199 3450 Non
1224 3392 1277 3447 in
1303 3390 1525 3457 bivium,
1552 3402 1660 3444 non

58 3510 118 3563 in
144 3506 351 3567 vicum,
381 3515 486 3554 non
516 3497 569 3552 in
594 3494 950 3565 angiportum,
975 3502 1080 3543 non
1109 3483 1340 3541 medium
1366 3483 1421 3538 in
1448 3481 1658 3547 forum;

56 3598 157 3655 sed
187 3594 261 3651 ad
289 3592 485 3649 ostium
531 3585 745 3653 divitis,
785 3596 890 3653 qua
932 3580 1268 3650 ingressurus
1296 3573 1387 3629 ille
1412 3586 1661 3644 egressu-

10 3760 11 3763 η
59 3705 271 3763 rusque
295 3683 601 3743 necessario
615 3687 732 3735 erat
758 3695 773 3730 :
796 3691 865 3732 ne
889 3674 1111 3739 diceret,
1144 3686 1251 3726 non
1279 3667 1408 3736 vidi,
1436 3674 1660 3737 praeter-

62 3787 138 3841 ivi
162 3757 205 3849 ι’,
236 3795 344 3836 non
374 3776 544 3833 oculis
572 3770 799 3843 inspexi.
828 3767 911 3825 Ad
952 3767 1248 3848 ingressum
1305 3769 1457 3819 tuum
1494 3757 1661 3828 jacet,

60 3874 358 3946 margarita
384 3870 437 3925 in
460 3881 640 3931 caeno,
668 3872 723 3920 et
748 3877 855 3917 non
882 3858 1030 3915 vides
1046 3856 1073 3911 ν
1099 3854 1336 3913 Medicus
1355 3851 1425 3910 ad
1444 3849 1660 3916 ostium,

10 4016 11 4019 η
59 3979 117 4025 et
144 3939 258 4022 non
293 3961 498 4019 curaris
516 3958 543 4012 τ
586 3956 922 4017 ὓιιὺεωειῐοι·
950 3951 1005 4005 in
1031 3955 1184 4019 portu
1206 3987 1222 4014 ,
1250 3953 1305 3999 et
1332 3939 1663 4013 naufragium

60 4054 320 4132 pateris?
363 4048 632 4111 Parasitus
659 4045 780 4111 alis,
824 4051 880 4097 et
906 4050 1166 4112 pauperes
1203 4048 1313 4132 non
1353 4030 1493 4132 alis?
1538 4028 1665 4132 limo

10 4120 198 4206 "iuno
225 4151 378 4217 gesta
404 4148 568 4205 sunt,
599 4136 863 4204 hodieque
904 4137 1182 4202 geruntur.
1229 4124 1353 4180 Ideo
1378 4123 1518 4179 enim
1550 4120 1667 4176 hare

10 4250 13 4255 ’
62 4214 274 4311 scripta
301 4244 460 4301 sunt,
504 4240 565 4289 ut
592 4227 790 4303 posteri
836 4239 902 4281 ex
940 4221 1101 4281 rebus
1145 4217 1273 4297 ipsis
1303 4214 1661 4277 erudirentur,

62 4352 133 4395 ac
279 4328 466 4389 eadem
498 4326 611 4396 ipsa
654 4328 999 4399 paterentur,
1040 4327 1159 4384 quae
1203 4323 1394 4382 passus
1431 4306 1522 4361 ille
1561 4312 1665 4360 est.

10 4418 13 4425 ’
64 4426 157 4485 Ad
182 4423 384 4479 ostium
412 4419 571 4489 igitur
593 4396 804 4485 jacebat
832 4423 1039 4481 pauper
1069 4423 1082 4457 :
1115 4418 1314 4475 pauper
1340 4399 1491 4465 foris,
1517 4396 1667 4453 dives

10 4502 13 4529 ί
64 4520 218 4574 intus
248 4532 264 4569 :
291 4523 519 4579 corpore
565 4503 832 4559 ulceribus
862 4498 1021 4569 pleno
1057 4493 1270 4566 iacebat
1305 4508 1319 4545 :
1363 4490 1666 4553 thesaurus,

62 4610 161 4681 qui
190 4609 247 4664 in
287 4578 569 4672 superficie
596 4595 794 4666 spinas,
827 4593 970 4646 intus
995 4601 1124 4643 vero
1153 4582 1468 4655 margaritas
1506 4578 1669 4635 habe-

10 4675 13 4773 :
64 4675 183 4757 bat.
217 4694 376 4765 Quod
418 4691 561 4748 enim
589 4688 665 4743 illi
706 4689 1083 4740 nocumentum
1111 4694 1178 4733 ex
1209 4675 1516 4731 infirmitate
1542 4687 1667 4728 cor-

66 4791 226 4865 poris
246 4829 269 4855 ,
291 4784 468 4840 anima
496 4781 636 4835 bene
662 4773 916 4832 valente?
942 4771 1173 4826 Audiam
1201 4779 1461 4839 pauperes
1479 4804 1495 4830 ,
1522 4772 1671 4867 etne

66 4856 315 4944 incrore
342 4876 700 4951 praefocenutr
730 4888 745 4927 :
772 4869 993 4925 audiant
1030 4863 1221 4919 divites
1243 4903 1259 4929 ,
1292 4869 1347 4916 et
1374 4874 1404 4913 a
1436 4856 1671 4927 nequitia

66 4983 481 5038 convertantur.
530 4970 654 5030 ideo
699 4977 930 5034 namque
960 4959 1044 5015 hze
1072 4958 1191 5013 dua:
1230 4953 1384 5010 nobis
1412 4950 1672 5019 imagines

10 5097 19 5125 ι
70 5075 360 5144 prostant,
405 5062 709 5118 divitiarum
752 5064 808 5112 et
847 5048 1227 5144 paupertatis,
1257 5040 1591 5144 crudelitatis
1619 5047 1674 5140 et

10 5180 17 5211 :
72 5129 423 5222 iolorantitc,
474 5149 742 5223 patientiae
785 5154 840 5201 et
883 5140 1138 5198 avaritias.
1186 5136 1257 5193 Ut
1303 5148 1426 5190 cum
1472 5129 1674 5223 videris

10 5264 15 5295 ⁵
72 5264 375 5329 pauperem
402 5221 670 5301 ulceribus
700 5238 913 5315 plenum
943 5242 997 5292 et
1024 5232 1330 5302 despectum
1356 5267 1371 5292 ,
1414 5239 1482 5278 ne
1507 5221 1671 5277 mise-

10 5346 20 5379 ⁵
74 5325 203 5406 rum
232 5337 607 5416 praedicaveris
633 5352 649 5391 :
680 5347 803 5389 cum
831 5329 1027 5385 videris
1050 5325 1267 5380 divitem
1296 5327 1540 5377 ornatum
1558 5357 1573 5383 ,
1606 5328 1675 5370 ne

14 5436 21 5461 ⁵
78 5410 304 5501 beatum
332 5433 554 5491 dixeris.
599 5427 835 5486 Gradum
881 5418 1123 5479 refcrad
1164 5415 1470 5488 parabolam
1502 5430 1516 5466 :
1546 5410 1592 5465 si
1620 5418 1675 5464 te

10 5520 15 5549 έ
84 5534 272 5593 turbet
296 5525 627 5595 naufragium
655 5517 1057 5589 cogitationum,
1087 5510 1211 5581 fuge
1238 5509 1291 5564 in
1321 5513 1532 5595 portum
1562 5520 1576 5557 :
1608 5516 1674 5557 ex

10 5600 23 5699 ί
91 5633 206 5701 ejus
250 5594 559 5680 narratione
597 5612 1017 5672 consolationem
1045 5604 1271 5674 accipe:
1300 5597 1472 5671 cogita
1512 5594 1678 5655 Lara.

152 5794 170 5825 ι
208 5782 424 5843 semet.
449 5790 551 5832 Non
573 5774 674 5829 vidi
695 5786 807 5826 cum
827 5766 1093 5843 νηςξιςζίυί·

153 5819 1677 5911 ξῖηῖιξῖὖῖιτδιὶίἑέιί

10 5878 13 5883 μ
85 5878 169 5971 ινὶιΚ
897 5878 1047 5945 iidem
1057 5878 1254 5941 dcodicis
1274 5878 1562 5937 Μυοοίῧιὶί,

1296 422 1385 479 DE
1424 418 1693 479 LAZARO
1732 418 1974 479 CONCIO
2012 422 2099 478 Vl.

3209 432 3345 485 103'.

1756 553 1872 593 rum
1920 539 2269 610 despectum,
2319 540 2488 611 cogita
2532 539 2751 597 divitem
2793 557 3048 614 prospere
3094 555 3339 615 agentem

1755 627 2068 698 deliciisque
2098 628 2361 685 fruentem
2386 672 2401 696 ,
2448 629 2682 703 nihilque
2721 640 2775 688 te
2818 635 3091 703 perturbet
3126 650 3338 702 eorum,

1756 735 1875 790 quas
1920 720 1971 775 in
2021 720 2127 775 vita
2173 731 2451 793 geruntur.
2499 722 2633 778 Nam
2677 724 2726 779 si
2768 736 3017 783 accurato
3065 728 3345 783 ratiocinio

1758 814 1957 879 utaris,
2008 829 2112 869 non
2145 823 2196 869 te
2240 814 2434 870 ﬂuctus
2475 814 2793 886 demergunt
2819 834 2834 872 :
2862 818 3011 874 navis
3050 834 3157 875 non
3185 821 3346 876 undis

1757 904 2034 971 obruitur,
2078 906 2123 961 si
2169 906 2432 962 ratiocinii
2489 907 2775 978 sagacitate
2820 924 3001 966 rerum
3051 912 3346 983 distinguas

1758 1006 2023 1051 naturam.
2052 996 2189 1062 Quid
2221 1006 2277 1051 tu
2299 996 2428 1053 mihi
2453 997 2621 1064 dicis,
2652 1013 2847 1069 corpus
2872 1016 3049 1057 meum
3080 1004 3132 1059 in
3170 1019 3339 1074 augu-

1758 1097 1842 1141 sto
1878 1085 2065 1156 jacet?
2108 1087 2257 1143 Mens
2297 1102 2364 1142 ne
2394 1088 2635 1144 lmdatur.
2669 1090 2763 1145 llle
2786 1091 2937 1147 dives
2970 1101 3027 1147 et
3070 1093 3344 1163 improbus

1758 1188 1840 1233 est
1865 1197 1878 1233 :
1902 1179 2027 1249 quid
2055 1189 2166 1235 tum
2193 1192 2378 1251 postea
2398 1182 2423 1236 ἲ
2453 1182 2520 1236 At
2541 1182 2855 1251 improbitas
2875 1198 2991 1240 non.
3008 1184 3109 1241 sub
3128 1200 3344 1240 sensmu

1757 1271 1919 1326 cadit.
1949 1271 2027 1326 Ne
2055 1271 2185 1326 mihi
2230 1273 2500 1327 hominem
2529 1272 2598 1328 ab
2632 1274 2892 1329 exteriori
2938 1274 3073 1330 facie
3113 1284 3342 1345 Spectas,

1757 1362 1853 1419 sed
1881 1364 2021 1420 hunc
2046 1365 2282 1420 exterius
2310 1365 2497 1435 proba.
2523 1364 2659 1421 Cum
2683 1365 2836 1421 vides
2856 1366 3124 1435 arborem,
3152 1368 3348 1426 foliane

1757 1458 2087 1523 consideras,
2121 1473 2186 1511 an
2219 1460 2445 1513 fructum
2464 1460 2489 1512 ?
2517 1457 2671 1514 itaet
2707 1459 2760 1514 in
2789 1458 3026 1517 homine.
3067 1461 3123 1516 Si
3151 1462 3357 1522 videris-

1759 1547 2066 1614 hominem,
2114 1564 2183 1605 ne
2223 1548 2489 1605 exteriora
2530 1550 2863 1621 perpendas,
2905 1552 3001 1607 sed
3048 1550 3346 1607 interiora:

1757 1639 1988 1693 fructum
2012 1640 2341 1705 consideres,
2362 1656 2470 1696 non
2493 1639 2627 1696 folia
2644 1643 2661 1673 ⁸
2688 1660 2701 1696 :
2722 1657 2791 1698 ne
2817 1642 2955 1699 forte
2974 1644 3090 1699 olea
3112 1646 3182 1699 sit
3196 1661 3333 1714 agno

1760 1730 1858 1785 stis
1878 1771 1893 1795 ,
1937 1729 2065 1785 dum
2104 1731 2335 1801 genuina
2376 1729 2493 1786 olea
2525 1740 2738 1801 putatur
2764 1749 2778 1785 :
2808 1748 2877 1788 ne
2909 1732 3045 1789 forte
3072 1734 3227 1803 lupus
3253 1735 3357 1799 sit,

1758 1820 1885 1876 dum
1913 1821 2149 1877 creditur
2191 1837 2312 1879 esse
2355 1822 2537 1877 homo.
2576 1821 2655 1878 Ne
2683 1824 2861 1893 itaque
2893 1838 2929 1878 a
2953 1834 3142 1880 natura
3170 1824 3329 1883 homi-

1761 1930 1883 1970 nem
1928 1915 2123 1986 proba,
2166 1915 2263 1973 sed
2291 1932 2321 1970 a
2348 1916 2635 1971 voluntatis
2667 1917 2943 1989 proposito
2969 1934 2986 1974 :
3013 1933 3081 1974 ne
3111 1934 3145 1974 a
3174 1919 3342 1985 vultu,

1760 2007 1855 2063 sed
1880 2023 1911 2063 a
1950 2009 2213 2066 sententia
2243 2025 2257 2064 :
2286 2023 2386 2065 nec
2410 2023 2442 2064 a
2470 2009 2732 2066 sententia
2772 2019 2979 2066 tantum
2998 2051 3014 2076 ,
3058 2010 3154 2068 sed
3183 2012 3349 2068 vitam

1758 2101 2042 2172 diligenter
2085 2102 2334 2173 inquire;
2381 2102 2429 2160 si
2471 2118 2764 2174 pauperum
2804 2113 2890 2161 est
2930 2118 3139 2172 amans,
3184 2103 3349 2161 homo

1760 2202 1841 2249 est
1869 2210 1884 2247 :
1913 2193 1957 2249 si
1998 2197 2053 2249 in
2076 2195 2413 2251 commerciis
2438 2204 2712 2263 versatur,
2739 2210 2969 2267 quercus
2999 2205 3084 2254 est
3119 2214 3135 2252 :
3179 2196 3227 2252 si
3267 2205 3370 2253 est.

1760 2287 1941 2343 animo
1966 2287 2131 2355 ferus,
2162 2287 2249 2343 leo
2272 2296 2355 2345 est
2382 2305 2397 2343 :
2428 2288 2475 2344 si
2502 2304 2664 2360 rapax
2683 2329 2700 2356 ,
2743 2289 2898 2361 lupus
2926 2298 3010 2346 est
3037 2305 3052 2345 :
3081 2291 3127 2346 si
3153 2291 3350 2347 subdo-

1760 2379 1864 2446 lus,
1893 2379 2058 2450 aspis.
2094 2379 2161 2435 Et
2183 2380 2290 2446 dic,
2322 2379 2983 2454 hominemqurerorquid
3010 2382 3141 2439 mihi
3172 2392 3225 2438 tu
3254 2398 3377 2454 pro.

1761 2467 1978 2525 homine
1999 2469 2165 2526 feram
2186 2471 2469 2527 ostendis?
2493 2471 2645 2528 Disce
2664 2471 2791 2543 quid
2814 2472 3073 2533 sitvirtus
3094 2474 3349 2542 hominis,

1761 2570 1817 2617 et
1853 2576 1921 2616 ne
1957 2561 2207 2617 turberis.
2239 2560 2372 2623 Erat
2408 2561 2567 2633 igitur
2592 2561 2828 2619 Lazarus
2868 2563 2921 2619 in
2952 2563 3092 2619 ostio
3129 2564 3371 2629 sedens...

1762 2654 2031 2711 ulceribus
2082 2653 2273 2724 plenus
2298 2692 2325 2721 ι
2359 2654 2501 2710 fame
2547 2653 2876 2721 tabefactus,
2923 2654 3375 2725 accedentesque-

1761 2760 1924 2801 canes
1970 2745 2245 2817 lingebant
2291 2746 2408 2815 ejus
2452 2744 2716 2811 vulnera;
2761 2759 2924 2802 canes
2971 2745 3189 2805 homine
3231 2747 3353 2816 ipso

1763 2835 2106 2895 humaniores
2132 2836 2404 2909 lingebant
2429 2837 2549 2906 ejus
2576 2836 2829 2904 vulnera,
2856 2836 3064 2893 saniem
3095 2836 3372 2893 tollebant

1762 2937 1821 2987 et
1840 2927 2221 2985 emundabant.
2261 2928 2482 2986 Jacebat
2522 2928 2613 2984 ille
2640 2929 2792 2999 quasi
2829 2943 3020 2984 aurum
3052 2929 3102 2984 in
3131 2927 3375 2985 fornace-

1763 3020 1991 3087 sedens,
2032 3028 2088 3075 et
2112 3019 2389 3091 probatior
2410 3018 2652 3075 effectus.
2698 3018 2816 3075 Non
2840 3018 3053 3076 dicebat
3075 3019 3127 3075 id
3149 3060 3169 3087 ,
3207 3020 3372 3090 quod.

1763 3112 1981 3186 plurimi
2021 3127 2286 3185 pauperes
2325 3112 2548 3169 dicunt:
2576 3112 2813 3169 bzeccine
2849 3120 2934 3168 est
2976 3112 3309 3182 providentia
3328 3111 3365 3167 i-

1765 3206 1981 3263 Deusne
2007 3204 2239 3261 humana
2268 3205 2529 3276 respicit?
2572 3204 2688 3276 Ego
2715 3204 2770 3262 in
2789 3203 2994 3276 iustitia
3012 3205 3198 3260 vivens
3224 3220 3356 3275 pau-

1764 3313 1862 3371 per
1904 3313 2063 3366 sum,
2108 3306 2164 3354 et
2208 3297 2301 3354 ille
2350 3296 2564 3368 iniquus
2606 3296 2759 3352 dives
2800 3295 2929 3353 est?
2973 3295 3113 3352 Nihil
3162 3296 3353 3353 horum

1764 3390 2051 3463 cogitabat,
2096 3388 2191 3446 sed
2233 3387 2763 3459 incomprehensibili
2806 3387 2901 3445 Dei
2946 3404 3071 3458 erga
3110 3386 3357 3444 homines

1766 3482 2064 3540 clementia;
2105 3480 2286 3537 omnia
2331 3480 2730 3545 committebat,
2779 3480 3015 3535 animum
3059 3479 3356 3535 emundaus

1767 3587 1923 3630 suum
1943 3615 1959 3642 ,
1989 3571 2285 3630 cruciatum
2311 3571 2579 3636 tolerans,
2607 3569 2916 3640 patientiam
2946 3569 3239 3636 exhibens,
3269 3569 3358 3640 ja.

1765 3679 1898 3722 cens
1924 3677 2154 3736 corpore
2172 3703 2188 3731 ,
2225 3675 2447 3719 currens
2476 3669 2653 3717 mente
2672 3702 2690 3728 ,
2728 3660 2909 3721 animo
2935 3660 3120 3717 volans
3148 3670 3205 3720 et
3231 3660 3357 3716 bra.

1766 3757 1914 3818 vium
1960 3755 2223 3827 arripiens
2244 3794 2261 3821 ,
2304 3767 2591 3825 emergens
2640 3768 2709 3810 sx
2753 3752 2909 3809 malis
2931 3793 2947 3820 ,
2992 3762 3049 3809 et
3091 3753 3371 3809 bonorum

1770 3851 1942 3906 testis.
1986 3848 2100 3905 Non
2128 3847 2264 3908 dixit
2295 3864 2310 3903 :
2340 3844 2565 3919 parasiti
2593 3844 2821 3900 ubertim
2851 3842 3102 3899 fruuntur
3128 3843 3355 3910 deliciis,

1768 3956 1869 4014 ego
1898 3957 1966 3998 ne
1991 3940 2147 3997 micis
2173 3938 2390 4011 quidem
2415 3938 2606 4009 dignus
2636 3936 2858 3993 habeor.
2900 3936 3007 3993 Sed
3035 3937 3205 4008 quid?
3244 3937 3373 3993 Deo

1769 4036 1995 4107 gratiam
2020 4041 2075 4090 et
2101 4032 2326 4107 gloriam
2354 4031 2640 4089 referebat.
2672 4029 2882 4085 Accidit
2916 4037 2975 4084 ut
3000 4028 3362 4084 ambomore-

1770 4134 1957 4182 rentur
1987 4141 2003 4179 :
2032 4131 2277 4180 mortuus
2322 4131 2405 4178 est
2445 4121 2628 4187 dives,
2674 4119 3020 4191 sepultusque
3058 4117 3157 4180 fuit
3187 4134 3201 4173 :
3231 4118 3364 4174 abiit

1771 4227 1833 4279 et.
1853 4219 2087 4276 Lazarus
2106 4258 2123 4285 ,
2159 4230 2335 4287 neque
2361 4213 2505 4271 enim
2532 4212 2761 4269 dixerim
2780 4253 2794 4278 ,
2823 4221 3068 4268 mortuus
3093 4220 3195 4267 est.
3226 4211 3360 4266 Nam

1772 4311 1953 4368 divitis
1978 4308 2194 4381 quidem
2221 4322 2370 4364 mors
2392 4320 2520 4363 vere
2546 4320 2696 4361 mors
2717 4313 2881 4361 estet
2908 4304 3202 4375 sepultura,
3231 4319 3365 4375 pau-

1774 4404 1918 4475 peris
1947 4417 2075 4459 vero
2104 4415 2249 4457 mors
2285 4408 2370 4455 est
2393 4397 2754 4470 peregrinatio
2778 4404 2832 4452 et
2860 4396 3132 4451 translatio
3156 4394 3223 4449 ad
3252 4410 3364 4449 me-

1775 4499 1909 4555 liora
1928 4538 1945 4563 ,
1981 4508 2275 4565 cursusque
2298 4508 2329 4547 a
2359 4501 2650 4547 scammate
2686 4488 2754 4543 ad
2781 4488 3056 4559 prmmium
3076 4529 3091 4555 ,
3119 4503 3151 4541 a
3177 4487 3365 4557 pelago

1774 4589 1843 4645 ad
1880 4595 2125 4661 portum,
2172 4583 2243 4639 ab
2283 4583 2401 4639 acie
2442 4581 2512 4636 ad
2556 4591 2860 4650 tropazum,
2905 4593 2936 4632 a
2983 4577 3267 4633 sudoribus
3296 4578 3365 4632 ad

1775 4693 2050 4735 coronam.
2080 4675 2254 4731 Ambo
2294 4674 2421 4729 illuc
2446 4672 2731 4735 abierunt,
2759 4670 2849 4727 ubi
2896 4684 2984 4726 res
3009 4685 3151 4726 verte
3180 4688 3194 4725 :
3223 4669 3368 4726 solu-

1779 4780 1889 4827 tum
1913 4778 1997 4825 est
2026 4767 2294 4824 theatrum
2313 4806 2330 4829 ,
2362 4765 2583 4820 sublata:
2611 4763 2792 4817 larva).

1849 4862 1955 4917 Rea
1992 4861 2231 4915 humanm
2268 4871 2434 4912 sum
2476 4863 2858 4926 comparantur.
2896 4881 2970 4893 —
3008 4850 3368 4919 Quemadmo-

1779 4954 1908 5011 dum
1938 4951 2017 5025 (a)
2044 4952 2189 5008 enim
2232 4951 2287 5004 in
2329 4949 2538 5003 theatro
2575 4948 2629 5000 in
2658 4944 2881 5000 meridie
2910 4942 3172 4998 velamina
3200 4941 3368 4996 multa

1779 5057 1941 5114 sunt,
1987 5046 2247 5114 multique
2276 5041 2473 5098 scenici
2503 5037 2729 5107 ingrcssi
2771 5034 3136 5090 histrionicam
3166 5032 3368 5087 larvam

1782 5144 1835 5199 in
1865 5142 2015 5197 vultu
2057 5140 2287 5204 habent,
2328 5143 2571 5190 veterem
2607 5129 2836 5185 fabulam
2882 5135 3145 5192 tractant,
3175 5140 3373 5195 resque

1782 5244 1960 5305 gestas
1990 5237 2211 5286 narrant
2250 5245 2264 5281 :
2305 5236 2360 5281 et
2395 5224 2532 5279 alius
2558 5220 2772 5293 quidem
2817 5216 3192 5289 philosophum
3240 5216 3368 5286 agit,

1782 5327 1873 5398 qui
1914 5341 2020 5381 non
2062 5331 2145 5379 est
2185 5317 2533 5391 phil050phus
2562 5331 2575 5367 :
2605 5314 2740 5369 alius
2768 5327 2945 5383 regem
2967 5351 2982 5375 ,
3013 5309 3105 5378 qui
3136 5324 3229 5364 rex
3263 5324 3371 5362 non

1785 5427 1889 5485 est,
1916 5416 2014 5473 sed
2039 5412 2180 5484 regis
2206 5411 2442 5466 habitum
2465 5406 2627 5462 habet
2650 5420 2746 5475 per
2771 5402 3164 5461 enarrationem
3194 5418 3208 5454 :
3236 5400 3374 5455 alius

1786 5509 2027 5566 medicus
2046 5548 2059 5573 ,
2090 5504 2179 5577 qui
2204 5519 2272 5559 ne
2306 5501 2508 5573 lignum
2536 5497 2751 5570 quidem
2783 5504 3010 5552 tractare
3039 5502 3248 5565 potest,
3277 5493 3372 5547 sed

1850 5691 1878 5724 ι
1902 5687 1986 5738 Hic
1997 5684 2216 5738 quaedam
2238 5677 2583 5729 desiderantur»
2600 5674 2650 5723 in
2686 5669 2901 5733 Benzel.,
2922 5683 3033 5734 quae
3056 5668 3298 5719 habentur
3318 5668 3370 5717 in

1786 5755 1931 5802 cond.
1956 5738 2079 5809 aliis,
2105 5754 2158 5797 et
2172 5743 2407 5809 quadram
2428 5738 2486 5789 ad
2505 5744 2713 5809 textum.

1849 5794 1931 5876 Ῑᾶί
1956 5794 2079 5863 itte?
2109 5794 2417 5873 paucioribus
2446 5807 2618 5853 tractat
2659 5809 2805 5862 supra
2839 5794 3004 5847 uomit.
3033 5800 3065 5842 tt
3099 5797 3164 5844 de
3186 5798 3383 5848 Lam-0,

1790 5892 1918 5935 num.
1940 5876 1990 5926 3.
