3784 6292
424 377 560 434 1055
1160 367 1219 426 8.
1259 365 1537 424 JOANNIS
1570 363 2037 422 CHRYSOSTOMI
2077 360 2392 420 ARCHIEP.
2432 359 2964 420 CONSTANTINOP.

422 488 615 548 medici
643 485 878 554 vestibus
902 483 1126 539 amictus
1154 490 1236 536 est
1259 497 1273 534 :
1304 481 1440 535 alius
1465 493 1677 544 servus,
1705 478 1792 547 qui
1821 488 1998 532 tamen

424 583 561 638 liber
586 589 704 635 est:
732 578 869 633 alius
898 576 1105 642 doctor,
1133 574 1220 645 qui
1249 589 1317 628 ne
1346 573 1550 628 litteras
1576 570 1790 642 quidem
1815 568 2000 624 novit:

426 674 575 728 nullo
614 671 774 725 modo
812 683 960 724 suam
983 709 998 733 ,
1044 667 1138 722 sed
1167 665 1393 719 alienam
1424 663 1656 732 Speciem
1688 662 2002 717 referentes.

424 765 556 820 Nam
586 762 823 818 medicus
853 768 1104 829 apparet,
1137 757 1226 828 qui
1258 771 1362 810 non
1392 764 1474 810 est
1515 753 1752 807 medicus
1785 770 1798 804 :
1829 750 2006 821 philo-

425 857 628 926 sophus
652 861 893 924 apparet,
917 850 1005 921 qui
1031 865 1237 905 comam
1265 848 1424 902 habet
1447 848 1582 900 intra
1609 845 1830 905 larvam,
1852 841 2007 897 miles

424 958 646 1019 apparet
684 949 752 1012 is,
793 945 884 1016 qui
924 943 1106 998 militis
1152 941 1352 996 cultum
1399 940 1584 992 refert.
1632 935 1853 991 Etiamsi
1880 946 2008 987 vero

425 1041 587 1096 larvis
631 1039 836 1109 species
878 1035 1043 1099 fallat,
1085 1034 1179 1089 sed
1224 1047 1330 1086 non
1377 1031 1508 1086 fallit
1549 1037 1812 1095 naturam,
1858 1025 2010 1096 cujus

426 1133 703 1190 veritatem
732 1130 909 1201 specie
952 1135 1289 1183 transmutat.
1337 1125 1516 1179 Donec
1557 1133 1733 1176 autem
1766 1135 1925 1176 scena
1955 1129 2010 1175 et

428 1225 695 1281 theatrum
740 1231 854 1288 est,
901 1220 1112 1288 lietiquc
1157 1225 1484 1287 spectatores
1527 1213 1802 1278 assident,
1849 1211 2012 1265 larva;

2115 475 2294 530 divitis
2315 475 2508 531 ostium
2533 478 2682 532 sinus
2702 477 2948 545 Abrahae,
2971 489 3089 548 post
3113 478 3312 537 famem
3349 495 3590 536 rerum
3611 487 3749 553 copi:

2113 566 2274 621 linem
2293 581 2398 620 non
2424 566 2687 634 habitura,
2709 577 2829 636 post
2852 584 3118 624 aerumnas
3135 573 3554 642 tranquillitas
3581 589 3754 644 per-pe

2113 665 2240 723 tua;
2267 657 2416 712 illum
2441 657 2520 730 (α)
2533 673 2660 713 vero
2679 669 2798 728 post
2825 659 3036 717 divitias
3063 675 3394 736 paupertas,
3435 675 3585 734 post
3616 681 3745 718 Μ

2115 762 2230 803 sam
2255 751 2527 820 opiparam
2556 751 2871 822 supplicium
2899 764 2953 808 et
2970 756 3264 823 cruciatus,
3295 767 3450 825 post
3487 762 3748 825 tranquil-

2115 837 2318 894 litatem
2361 839 2678 896 intolerandi
2712 841 2950 898 dolores.
2997 845 3064 899 Et
3099 847 3405 901 considera
3451 847 3605 899 inihi
3637 851 3744 916 quid

2115 926 2316 984 factum
2355 931 2446 984 sit.
2481 932 2611 987 llluc
2639 932 2919 1000 abierunt,
2952 945 3007 991 et
3033 938 3267 993 solutum
3298 947 3402 994 est
3441 939 3741 1003 theatrum,

2116 1019 2338 1090 abjecta:
2363 1023 2523 1077 larvas
2552 1041 2565 1077 :
2591 1025 2766 1080 vultus
2791 1026 3004 1082 demum
3031 1041 3443 1099 apparuerunt.
3485 1031 3743 1087 Abierant

2117 1116 2298 1183 ambo,
2322 1117 2567 1189 videtque
2591 1119 2740 1177 dives
2767 1121 2855 1176 ille
2878 1122 3194 1178 torrefactus
3217 1125 3522 1180 Lazarum
3555 1128 3612 1180 iii
3635 1131 3738 1182 siina

2119 1208 2350 1263 Abrahm
2393 1210 2532 1266 bene
2572 1224 2836 1282 agentem,
2884 1215 3086 1270 deliciis
3127 1217 3461 1284 fruentem,
3511 1220 3739 1290 dicitque

428 1323 648 1372 manent
687 1330 702 1368 :
746 1328 866 1369 cum
911 1321 1087 1366 autem
1130 1307 1448 1364 adveniente
1478 1318 1697 1374 vespera
1745 1302 2010 1356 theatrum

431 1407 677 1470 solvitur,
709 1400 1083 1459 recedentibus
1110 1397 1376 1462 omnibus,
1419 1397 1581 1451 larva:
1619 1393 2009 1465 projiciuntur:

431 1510 556 1554 tunc
581 1499 670 1568 qui
715 1497 856 1551 intus
882 1509 978 1550 rex
1008 1501 1142 1556 erat,
1188 1489 1318 1546 foris
1361 1489 1581 1544 aerarius
1623 1497 1726 1542 est.
1758 1485 2014 1555 Projectaa

431 1599 556 1647 sunt
576 1591 757 1656 larvae,
784 1586 1043 1642 abscessit
1067 1583 1296 1649 fallacia,
1319 1581 1516 1637 veritas
1539 1579 1785 1650 apparuit
1809 1595 1822 1631 :
1846 1587 1900 1633 et
1923 1578 2013 1648 qui

431 1683 578 1737 intus
605 1681 744 1735 liber
773 1686 909 1744 erat,
940 1675 1072 1730 foris
1101 1689 1286 1729 servus
1312 1670 1749 1742 deprehenditur.
1781 1667 1846 1724 Ut
1870 1669 2012 1723 enim

429 1775 538 1844 jam
561 1772 691 1839 dixi,
714 1771 860 1825 intus
881 1767 1106 1832 fallacia,
1129 1765 1260 1820 foris
1279 1764 1475 1818 veritas
1500 1780 1514 1816 :
1535 1761 1751 1816 advenit
1770 1773 2014 1829 vespera,

431 1865 665 1919 solutum
693 1870 775 1916 est
802 1859 1088 1925 theatrum,
1115 1855 1358 1926 apparuit
1383 1853 1597 1908 veritas.
1628 1851 1701 1905 lla
1728 1863 1939 1921 quoque
1964 1850 2017 1903 in

432 1957 540 2009 vita
569 1961 624 2008 et
649 1953 702 2006 in
730 1952 836 2006 line
863 1951 982 2005 vita:
1010 1963 1097 2003 res
1125 1953 1415 2018 praesentes
1440 1953 1565 1999 sunt
1591 1942 1856 1998 theatrum
1885 1957 1900 2006 ;
1933 1940 2018 1995 hi-

433 2047 746 2104 strionicam
788 2051 953 2115 agunt
995 2041 1197 2098 divitiae
1235 2049 1289 2094 et
1328 2047 1647 2109 paupertas,
1694 2037 1941 2106 princeps
1967 2043 2021 2089 et

433 2137 698 2202 subditus,
727 2143 782 2191 et
809 2134 892 2189 his
915 2132 1104 2188 similia
1129 2147 1146 2197 ;
1179 2145 1302 2185 cum
1329 2137 1508 2184 autem
1535 2127 1652 2182 dies
1679 2127 1769 2181 illa
1797 2127 2022 2181 transie-

434 2233 526 2299 rit,
553 2240 608 2286 et
633 2237 744 2285 nox‘
767 2229 857 2283 illa
887 2225 1162 2282 tremenda
1189 2223 1503 2288 advenerit;
1548 2221 1656 2276 imo
1687 2219 1861 2289 potius
1883 2219 2017 2284 dies,

434 2337 556 2394 quae
583 2317 956 2392 peccatoribus
982 2331 1110 2383 uox,
1135 2313 1399 2385 justisque
1422 2312 1538 2368 dies
1561 2313 1664 2365 erit
1690 2328 1703 2364 :
1733 2325 1852 2366 cum
1878 2309 2023 2364 solu-

437 2426 548 2469 tum
591 2411 757 2466 fuerit
798 2410 1087 2472 theatrum,
1133 2420 1253 2461 cum
1300 2405 1550 2474 projecta:
1593 2401 1790 2456 fuerint
1837 2401 2020 2468 larvze,

437 2518 558 2559 cum
587 2500 952 2570 unusquisque
989 2492 1045 2552 et
1073 2509 1235 2566 opera
1280 2495 1347 2550 ad
1387 2507 1611 2549 examen
1655 2491 2020 2547 vocabuntur:

437 2613 544 2653 non
575 2594 936 2663 unusquisque
961 2600 1016 2647 et
1041 2589 1238 2645 divitiae
1263 2589 1382 2658 ejus
1400 2628 1414 2652 ,
1451 2585 1948 2656 non-unusquisque
1971 2592 2027 2639 et

437 2687 771 2762 principatus
809 2683 950 2752 ejus,
993 2695 1100 2735 non
1153 2677 1518 2748 unusquisque
1563 2683 1619 2731 et
1663 2675 1838 2730 honor
1884 2673 2021 2744 ejus,

437 2795 546 2835 non
572 2775 937 2845 unusquisque
964 2776 1035 2826 ‘et
1063 2769 1298 2840 potentia
1327 2768 1485 2838 ejus;
1529 2766 1624 2822 sed
1663 2765 2026 2836 unusquisque

435 2881 492 2926 et
518 2883 684 2940 opera
710 2867 845 2937 ejus,
877 2874 933 2919 et
962 2865 1208 2934 princeps
1237 2871 1292 2916 et
1330 2861 1638 2930 imperator,
1671 2869 1724 2914 et
1751 2858 1946 2913 mulier
1974 2866 2028 2913 et

438 2963 523 3017 vir
541 3001 557 3028 ,
587 2974 709 3016 cum
741 2973 770 3012 a
800 2956 955 3012 nobis
983 2956 1146 3009 vitam
1189 2953 1407 3023 probam
1436 2961 1491 3006 et
1517 2951 1656 3005 bona
1685 2965 1847 3020 opera
1874 2964 2028 3020 repe-

439 3065 550 3122 tet,
579 3069 687 3109 non
711 3051 1025 3122 dignitatum
1057 3061 1326 3119 pompam,
1369 3060 1472 3098 non
1499 3043 1827 3114 paupertatis
1845 3043 2028 3098 vilita-

441 3155 590 3210 tem,
636 3160 743 3198 non
791 3142 1075 3210 despectus
1125 3136 1482 3208 tyrannidem.
1536 3135 1607 3189 Da
1657 3133 1787 3188 mihi
1842 3148 2025 3203 opera,

440 3235 649 3292 etiamsi
679 3245 867 3288 servus
897 3231 992 3296 sis,
1035 3244 1194 3300 quam
1222 3226 1375 3282 liberi
1405 3225 1504 3279 viri
1533 3225 1790 3289 meliora;
1819 3224 2029 3278 etiamsi

440 3327 636 3385 mulier
675 3325 781 3388 sis,
813 3337 972 3393 quam
1003 3320 1101 3374 viri
1146 3317 1388 3373 fortiora.
1417 3315 1552 3371 Cum
1581 3315 1803 3384 abjectai
1831 3313 2030 3370 fuerint

442 3419 626 3483 larvai,
659 3423 786 3469 tunc
815 3419 1076 3482 apparent
1103 3418 1158 3465 et
1182 3408 1332 3463 dives
1359 3417 1415 3462 et
1440 3421 1658 3477 pauper.
1691 3406 1757 3460 Et
1777 3405 2032 3476 quemad-

443 3508 662 3565 modum
691 3505 800 3569 hic,
828 3513 1108 3573 postquam
1137 3501 1372 3556 solutum
1400 3499 1498 3554 fuit
1527 3499 1817 3565 theatrum,
1839 3499 1885 3553 si
1911 3499 2031 3569 quis

445 3608 690 3654 nostrum
720 3597 775 3650 in
804 3595 950 3651 edito
991 3593 1112 3648 loco
1154 3591 1350 3646 sedens
1383 3589 1577 3645 viderit
1617 3603 1740 3644 eum
1769 3589 1860 3659 qui
1890 3590 2032 3644 intus

445 3687 797 3762 philosophus
831 3694 945 3741 erat
968 3725 984 3752 ,
1035 3683 1166 3738 foris
1194 3681 1440 3736 aerarium
1479 3694 1629 3747 esse,
1659 3679 2027 3735 exclamabit:

447 3781 610 3836 hem!
655 3781 846 3834 Annon
877 3777 964 3830 hic
1003 3777 1144 3830 intus
1166 3772 1700 3846 philosophuserat?
1745 3772 1862 3826 Jain
1902 3771 2033 3825 foris

449 3873 696 3928 aerarium
723 3869 880 3924 video
908 3886 923 3924 :
949 3881 1128 3921 annon
1176 3865 1262 3919 hic
1305 3880 1397 3918 rex
1444 3863 1588 3920 intus
1613 3862 1777 3918 erat?
1815 3860 1885 3916 Et
1921 3861 2032 3931 jam

452 3963 584 4018 foris
609 3963 767 4016 vilem
797 3958 1080 4030 quemdam
1108 3956 1377 4010 hominem
1405 3967 1588 4009 cerno.
1619 3953 1813 4010 Annon
1841 3951 1928 4006 hic
1955 3953 2036 4006 in-

451 4062 541 4108 tus
577 4051 728 4108 dives
755 4049 914 4106 erat?
943 4049 1013 4103 At
1045 4047 1175 4102 foris
1205 4059 1492 4117 pauperem
1522 4043 1678 4099 video
1707 4059 1721 4096 :
1751 4042 1820 4097 ita
1847 4051 1902 4097 et
1929 4042 2036 4096 illic

451 4144 576 4199 erit.

525 4234 580 4290 6.
610 4233 924 4288 Sermonem
951 4244 1056 4283 non
1078 4227 1303 4282 ulterius
1329 4225 1641 4295 producam,
1665 4238 1734 4280 ne
1754 4224 2035 4280 verborum

452 4323 606 4394 Copia
635 4322 932 4376 auditorem
961 4318 1182 4373 obruam
1212 4333 1226 4367 :
1253 4317 1348 4370 sed
1375 4315 1579 4370 duabus
1606 4315 1891 4385 propositis
1915 4330 2038 4384 per-

452 4414 600 4470 sonis
629 4421 794 4467 totam
833 4409 1027 4466 theatri
1059 4407 1425 4462 histrionicam
1460 4405 1761 4461 declarabo.
1795 4407 1870 4462 De
1907 4406 2040 4462 dua-

453 4506 556 4561 bus
586 4503 830 4574 personis
859 4500 1114 4566 tractavi,
1144 4513 1317 4569 exque
1345 4498 1452 4555 illis
1489 4496 1696 4552 duabus
1719 4497 1874 4551 vobis
1897 4499 2036 4552 viam
2073 4536 2078 4540 .

453 4597 638 4664 aperui
685 4603 742 4650 et
783 4593 1118 4649 occasionem
1163 4589 1364 4660 prtebui
1409 4606 1424 4642 :
1467 4604 1563 4659 per
1597 4588 1721 4643 vita:
1764 4589 2040 4658 praesentis

456 4688 851 4742 enarrationem
895 4693 1128 4739 mentem
1170 4682 1386 4737 dilatavi
1431 4690 1703 4745 vestram,
1746 4689 1804 4734 ut
1843 4680 2039 4750 singuli

457 4793 636 4833 rerum
664 4776 951 4830 discrimen
974 4773 1234 4828 ediscant.
1264 4771 1391 4824 Dum
1411 4770 1570 4839 igitur
1589 4780 1742 4824 erant
1763 4784 2036 4839 personui:

455 4869 594 4923 alter
618 4877 900 4937 perSonam
925 4862 1144 4933 gerebat
1169 4859 1368 4925 divitis,
1395 4859 1528 4914 alter
1557 4861 1803 4929 pauperis
1834 4877 1847 4914 :
1874 4859 2042 4914 Laza-

460 4976 552 5016 rus
594 4971 876 5028 personam
905 4951 1188 5023 pauperis,
1217 4951 1367 5005 dives
1409 4950 1499 5004 ille
1531 4965 1810 5018 personam
1839 4950 2038 5005 divitis.

456 5051 556 5114 liae
583 5059 707 5104 sunt
751 5048 912 5102 larva:
939 5053 996 5099 et
1029 5056 1272 5112 persona
1294 5081 1309 5107 ,
1345 5055 1450 5096 non
1486 5057 1664 5097 rerum
1703 5043 1897 5098 veritas
1935 5042 2039 5114 (a).

456 5140 589 5199 Illuc
622 5141 782 5198 ambo
808 5139 1082 5200 abierunt,
1115 5135 1264 5190 dives
1291 5134 1498 5190 scilicet
1523 5145 1802 5205 etpauper
1832 5155 1844 5188 :
1870 5137 2041 5191 Laza-

459 5250 576 5289 rum
604 5236 956 5300 susceperuiit
977 5225 1184 5296 angeli,
1213 5233 1336 5296 post
1360 5239 1520 5280 canes
1551 5225 1668 5280 illos
1693 5226 1897 5295 angeli,
1926 5236 2044 5296 post

543 5432 596 5501 ᾳ)
623 5439 753 5501 ρπβ
775 5435 920 5501 Ρυῖθξ
938 5424 1450 5501 οδτῖδίέδέίὲιηξὲφνέῐνέ
1473 5422 2043 5501 ίμρξξρξξξψξξξψξιξίῖ·

521 5434 596 5543 ἳα)
626 5439 753 5481 Cave
775 5435 920 5501 puzes
938 5434 1338 5496 Chrysostomum,
1363 5434 1450 5495 qui
1473 5437 1519 5471 in
1540 5434 1930 5503 praecedentium
1954 5434 2043 5472 ηο.

461 5497 524 5544 nii
549 5497 606 5544 iis
623 5494 872 5541 historiam
892 5495 1044 5537 lazari
1067 5493 1119 5536 et
1138 5486 1300 5536 lelllS
1316 5499 1452 5548 quasi
1489 5497 1650 5548 veram
1675 5484 1921 5548 historiam
1939 5498 2044 5548 pro-

463 5557 588 5614 tulit,
609 5550 1028 5617 jam_palinodiain
1052 5561 1251 5606 canere,
1276 5545 1387 5596 cuin
1409 5546 1524 5617 dicit
1546 5545 1608 5594 de
1632 5551 1799 5592 Lazaro
1823 5553 1874 5594 et
1895 5545 2044 5617 divite

463 5607 684 5681 loquens,
711 5607 858 5681 (arcte
880 5617 986 5661 sunt
1010 5624 1083 5671 ea,
1122 5621 1231 5672 qua:
1251 5615 1503 5681 apparent,
1537 5621 1630 5656 non
1655 5619 1817 5656 rerum
1849 5607 2040 5681 ueritas.

463 5668 571 5731 ttaic
588 5668 774 5740 quippe
793 5675 1014 5724 dicuntur
1033 5668 1394 5740 conSequenter
1417 5671 1475 5718 ad
1499 5681 1576 5726 ea,
1600 5681 1712 5730 quae
1725 5680 1880 5731 supra.
1894 5668 2045 5740 fusius

462 5730 657 5798 extulit,
679 5730 856 5800 ii'empe
881 5741 1028 5786 totam
1044 5730 1299 5800 humanam
1322 5735 1466 5780 vitam
1489 5730 2044 5800 scenzecomparandam

464 5817 578 5860 esse
601 5817 612 5853 ε
636 5802 763 5869 quod
784 5798 946 5856 tamen
967 5809 1132 5848 rerum
1161 5798 1422 5852 veritatem
1446 5813 1542 5852 non
1564 5799 1716 5853 tollit.

2121 1300 2195 1356 illi
2227 1319 2238 1354 τ
2273 1300 2427 1355 Pater
2451 1303 2705 1357 Abraham
2723 1346 2739 1372 ,
2767 1307 2904 1360 mitte
2926 1305 3180 1362 Lazarum
3207 1319 3267 1362 ut
3305 1321 3566 1364 extremo
3595 1314 3734 1382 dig-iiii

2119 1393 2328 1450 instillet
2371 1396 2423 1449 in
2453 1397 2681 1467 linguam
2709 1414 2892 1464 nteain,
2930 1400 3049 1470 quia
3075 1405 3278 1456 crucior
3304 1404 3361 1456 in
3397 1405 3513 1456 hac
3538 1405 3734 1474 ﬂamina

2121 1483 2273 1559 (Luc.
2304 1486 2392 1542 16.
2423 1487 2492 1541 24
2513 1488 2556 1558 ).
2580 1487 2731 1555 Quid
2772 1489 2932 1560 igitur
2957 1491 3272 1548 Abraham?
3313 1493 3364 1546 F
3366 1497 3430 1547 ili
3451 1536 3469 1558 ,
3512 1499 3732 1562 receptas

2123 1579 2254 1632 bona
2278 1587 2385 1645 tua,
2408 1587 2455 1633 et
2474 1577 2705 1634 Lazarus
2726 1582 2862 1636 mala
2885 1599 2980 1636 sua
3009 1599 3026 1637 :
3051 1594 3097 1637 et
3124 1602 3262 1638 nunc
3289 1587 3378 1638 hic
3410 1588 3728 1650 consolatur,

2122 1679 2177 1723 tu
2204 1685 2319 1723 vero
2349 1670 2612 1725 cruciaris.
2640 1671 2878 1743 Alioquin
2909 1685 3078 1729 autent
3103 1684 3150 1727 et
3187 1675 3355 1729 chaos
3398 1681 3549 1730 inter
3578 1695 3667 1732 nos
3689 1692 3727 1733 et

2123 1777 2209 1816 vos
2232 1763 2488 1831 firmatum
2514 1775 2624 1831 est;
2669 1776 2723 1819 ut
2749 1768 2794 1820 si
2822 1769 2934 1838 quis
2972 1763 3183 1823 voluerit
3210 1771 3340 1824 hinc
3381 1773 3526 1825 illuc
3554 1776 3624 1826 ad
3657 1790 3725 1828 ra

2125 1854 2465 1923 pertransire,
2511 1872 2612 1911 non
2660 1858 2838 1928 possit.
2890 1860 3137 1916 Animum
3184 1862 3463 1919 adhibete
3499 1883 3516 1917 :
3549 1863 3617 1918 de
3655 1866 3722 1920 liis

2124 1950 2267 2004 enim
2297 1951 2441 2005 utilis
2464 1965 2641 2006 sermo
2669 1953 2992 2020 instituetur,
3019 1957 3105 2026 qui
3131 1965 3338 2013 terreat
3363 1959 3622 2028 quidem,
3643 1963 3722 2015 sed

2124 2043 2213 2113 qui
2258 2053 2482 2115 purget;
2527 2046 2617 2116 qui
2660 2031 3102 2114 excruciet,'sed
3131 2048 3222 2120 qui
3267 2051 3552 2106 emendet
3581 2070 3595 2104 :
3621 2069 3718 2122 qua

2126 2134 2375 2189 dicuntur
2415 2135 2620 2206 excipe.
2653 2135 2786 2192 Cum
2818 2137 2869 2192 in
2914 2139 3238 2195 cruciatibus
3280 2141 3532 2208 degeret
3571 2145 3720 2211 dives,

2128 2239 2341 2280 sursum
2365 2228 2595 2297 aspexit,
2627 2237 2680 2284 et
2705 2228 2833 2283 vidit
2859 2228 3121 2284 Lazarum
3151 2250 3165 2285 :
3196 2233 3334 2287 vidit
3360 2250 3489 2288 rem
3525 2251 3718 2290 nonin.

2129 2315 2186 2369 lii
2214 2316 2353 2370 ostio
2381 2325 2470 2370 tuo
2495 2317 2732 2387 quotidie
2760 2327 2874 2372 erat
2905 2335 2919 2371 :
2954 2319 3037 2374 bis
3065 2332 3210 2377 terve
3248 2323 3656 2392 ingrediebaris
3679 2339 3721 2380 et

2129 2407 2508 2477 egrediebaris,
2536 2418 2592 2464 et
2631 2423 2735 2463 non
2759 2410 3080 2480 respiciebas
3110 2427 3230 2467 eum
3257 2431 3273 2480 ;
3307 2429 3440 2472 cum
3471 2427 3654 2472 autem
3677 2419 3717 2471 ia

2129 2486 2400 2570 sartagine
2427 2501 2677 2566 versaris,
2705 2516 2773 2556 ex
2800 2510 2947 2558 tanto
2973 2504 3258 2560 interstitio
3285 2507 3448 2562 vides
3474 2509 3502 2562 ?
3525 2510 3652 2563 Cum
3678 2512 3717 2563 iii

2130 2591 2330 2648 divitiis
2354 2607 2570 2662 ageres,
2597 2608 2718 2648 cum
2745 2608 2913 2665 penes
2952 2606 3004 2651 te
3029 2604 3146 2652 erat
3167 2608 3228 2651 ut
3255 2598 3487 2654 videres
3508 2641 3524 2664 ,
3556 2600 3718 2655 videre

2131 2683 2278 2739 illum
2306 2685 2524 2740 nolebas
2543 2727 2559 2751 ,
2585 2700 2683 2741 cur
2725 2701 2866 2743 nunc
2893 2697 2997 2742 tam
3028 2698 3181 2745 acute
3222 2693 3407 2746 cernis
3433 2695 3453 2724 ¹
3479 2693 3508 2745 ?
3549 2696 3717 2749 Annon

2131 2774 2185 2830 in
2213 2776 2353 2831 ostio
2397 2787 2488 2832 tuo
2533 2777 2696 2832 erat?
2737 2777 2844 2834 Cur
2889 2779 3039 2834 illum
3084 2789 3209 2836 tunc
3250 2798 3282 2836 e
3327 2785 3592 2852 proximo
3627 2802 3718 2839 non

2133 2865 2376 2935 videbas,
2419 2877 2773 2940 nunc‘autem
2809 2884 2873 2924 ex
2913 2877 3061 2926 tanto
3086 2871 3380 2928 interstitio
3405 2875 3588 2942 vides,
3614 2891 3716 2930 cum
3782 2881 3784 2908 ί

2136 2965 2339 3011 tantum
2389 2961 2457 3014 sit
2506 2959 2879 3015 intermedium
2923 2962 3130 3017 chaos?
3176 2963 3315 3032 Quid
3372 2977 3564 3021 autem
3604 2968 3720 3022 ille?
3782 2975 3784 2982 '

2133 3049 2401 3104 Abraham
2425 3041 2634 3120 patrem
2651 3061 2823 3106 vocat.
2848 3052 3130 3110 Patremne
3147 3071 3308 3111 vocas
3324 3059 3566 3130 eum(b),
3583 3063 3718 3130 cujus

2137 3141 2550 3212 hospitalitatem
2583 3161 2689 3199 non
2733 3161 2792 3200 es
2835 3145 3118 3201 imitatus?
3159 3148 3259 3204 Hic
3300 3159 3518 3221 patrem
3558 3162 3714 3216 vocat,

2137 3234 2226 3290 ille
2253 3235 2418 3289 lilium
2446 3253 2461 3290 :
2490 3237 3071 3308 nomina-cognationis
3096 3251 3241 3308 sunt,
3409 3245 3616 3300 nullum
3641 3261 3714 3314 [η-
3782 3213 3784 3272 ι

2138 3327 2441 3383 trociiiium.
2472 3328 2668 3386 Verum
2697 3331 2914 3386 nomina
2940 3334 3175 3403 profert,
3214 3343 3272 3388 ut
3308 3335 3543 3391 discatis
3568 3353 3713 3408 genus

2137 3422 2266 3478 nihil
2295 3421 2572 3493 prodesse.

2210 3515 2463 3570 Nobilitas
2495 3527 2567 3572 est
2600 3533 2702 3572 non
2735 3519 2986 3589 majorum
3027 3517 3288 3588 splendor,
3321 3521 3419 3574 sed
3457 3523 3633 3576 virtu.
3655 3551 3714 3563 —

2136 3608 2395 3665 Nobilitas
2419 3610 2614 3682 quippe
2640 3618 2723 3666 est
2751 3627 2855 3666 non
2886 3611 3147 3681 majorum
3177 3613 3463 3684 splendor,
3491 3617 3586 3670 sed
3613 3632 3710 3671 mo-
3782 3629 3784 3636 '

2137 3715 2226 3760 res
2253 3702 2446 3756 virtute
2476 3701 2704 3770 praediti.
2737 3701 2817 3757 Ne
2853 3702 2982 3758 mihi
3013 3703 3209 3758 dixeris
3229 3746 3244 3768 ,
3289 3715 3447 3775 pater
3479 3717 3567 3763 est
3601 3710 3708 3763 mihi

2138 3794 2345 3848 consul.
2381 3792 2518 3860 Quid
2553 3794 2656 3850 hoc
2697 3794 2761 3849 ad
2807 3796 2938 3850 me?
2964 3795 3080 3851 Non
3110 3795 3214 3851 hoc
3235 3813 3450 3869 quaem.
3490 3800 3570 3856 Ne
3601 3801 3708 3855 milii

2139 3882 2356 3948 dixeris,
2377 3893 2580 3954 patrem
2599 3884 2768 3940 habeo
2789 3885 3083 3941 consulem.
3107 3887 3334 3942 Etiamsi
3359 3890 3589 3946 Paulum
3603 3907 3708 3961 apo-

2140 3978 2336 4032 stolum
2362 3988 2565 4047 patrem
2593 3976 2820 4034 haberes
2843 4020 2858 4045 ,
2886 3980 2932 4035 si
2959 3988 3221 4052 martyres
3249 3979 3454 4039 fratres
3474 4024 3490 4048 ,
3525 3994 3577 4039 tu
3602 4001 3706 4040 vero

2140 4062 2390 4124 virtutem
2418 4069 2629 4125 illorum
2661 4085 2765 4126 non
2799 4071 3086 4128 imitareris
3109 4114 3124 4140 ,
3157 4073 3290 4128 nihil
3319 4075 3419 4130 tibi
3458 4079 3704 4145 prodesset

2142 4160 2228 4215 illa
2250 4160 2530 4233 cognatio;
2554 4161 2661 4217 imo
2681 4161 2858 4232 potius
2879 4162 2970 4218 tibi
2989 4172 3206 4219 noceret
3226 4173 3388 4236 teque
3407 4169 3702 4222 condemna-

2142 4263 2242 4311 ret.
2266 4255 2451 4320 Mater,
2476 4257 2698 4326 inquiet,
2723 4271 2838 4311 mea
2863 4257 3257 4329 eleemosynam
3285 4271 3500 4331 erogat.
3532 4263 3699 4330 Ecquid

2145 4349 2246 4405 hoc
2270 4349 2335 4404 ad
2367 4357 2454 4415 te,
2484 4351 2573 4420 qui
2612 4349 2933 4410 inhumanus
2957 4351 3053 4406 es?
3088 4349 3220 4404 Nam
3260 4351 3385 4420 ejus
3433 4353 3700 4410 humanitas

2146 4439 2251 4494 tuis
2280 4440 2536 4509 improbis
2575 4439 2816 4494 moribus
2845 4439 3084 4494 accessio
3121 4439 3592 4498 condemnationis
3620 4457 3698 4499 est.

2144 4531 2279 4598 Quid
2306 4530 2448 4586 enim
2480 4530 2607 4586 dicit
2639 4529 2872 4586 Joannes
2901 4529 3133 4600 Baptista
3169 4530 3235 4584 ad
3267 4533 3530 4599 populum
3555 4533 3701 4588 Jodai-

2145 4622 2302 4676 cum?
2319 4621 2495 4675 Facite
2518 4621 2734 4692 fructum
2753 4621 2960 4692 dignum
2985 4621 3310 4692 paenitentia,
3338 4633 3470 4676 etne
3488 4625 3698 4693 dixeritis,

2146 4725 2338 4785 patrem
2360 4713 2598 4768 habemus
2630 4713 2883 4768 Abraham
2909 4711 3060 4783 (Luc.
3091 4714 3146 4768 5.
3176 4714 3257 4769 8i.
3285 4715 3604 4772 Praeclarum
3626 4718 3700 4771 hae

2146 4809 2242 4862 bes
2269 4817 2479 4862 atavum
2506 4823 2518 4860 :
2548 4807 2592 4861 si
2622 4807 2856 4861 imitatus
2883 4804 3047 4861 fueris
3070 4847 3084 4871 ,
3117 4805 3242 4859 hinc
3281 4807 3492 4861 lucrum
3530 4808 3699 4873 habes;

2146 4900 2191 4954 si
2219 4915 2323 4953 non
2351 4900 2604 4964 imitatus,
2632 4897 2947 4968 prmclaruni
2977 4898 3122 4950 illum
3152 4897 3320 4951 habes
3346 4910 3698 4968 accusatorem,
3782 4897 3784 4964 Ι

2147 4994 2288 5064 quod
2315 5009 2381 5047 ex
2410 4993 2549 5047 dulci
2580 4992 2760 5047 radice
2795 4997 3013 5046 amarus
3033 4993 3107 5046 sis
3133 5003 3283 5047 ortus
3321 4992 3542 5050 fructos.
3568 4997 3699 5052 Nam.
3782 4992 3784 5050 !

2147 5102 2304 5156 quam
2335 5086 2544 5141 beatum
2576 5085 2830 5152 praidices
2850 5084 3143 5149 hominem,
3166 5085 3317 5152 cujus
3335 5100 3589 5155 cognatus
3606 5106 3691 5159 pm.
3782 5073 3784 5080 ’

2155 5177 2253 5230 bus
2282 5185 2383 5242 est,
2412 5176 2511 5229 nisi
2538 5175 2654 5244 ejus
2683 5189 2858 5228 mores
2889 5175 3144 5228 imitetur.
3171 5174 3399 5229 Matrem
3431 5180 3588 5236 habes
3610 5197 3681 5236 san

2148 5272 2330 5329 ctam?
2352 5271 2490 5326 Nihil
2519 5271 2584 5326 ad
2615 5281 2666 5326 te
2703 5269 2892 5324 attinet
2918 5287 2932 5322 :
2965 5277 3188 5324 matrem
3220 5269 3390 5326 habes
3419 5275 3695 5328 scelestam:
3782 5271 3784 5282 '

2215 5478 2230 5510 ί
2253 5472 2463 5532 Benzel.,
2480 5480 2600 5532 Cum
2621 5470 2670 5520 in
2685 5467 2862 5520 divitiis
2881 5467 3179 5532 twtabwdus
3201 5481 3297 5517 non
3314 5469 3698 5532 uides,ciaiiqariii

2149 5551 2290 5604 poma
2308 5529 2640 5591 acute‘cemis,
2663 5539 2757 5580 etc.
2784 5532 3041 5604 sequentia
3077 5529 3474 5604 itein_pauli_iluni
3495 5529 3695 5604 dim-runt

2212 5601 2285 5663 (τι)
2318 5607 2426 5648 ηωο
2465 5607 2723 5660 parumper
2747 5594 2933 5642 variant
2969 5594 3019 5642 iu
3043 5593 3164 5641 edit.
3189 5593 3412 5652 Beuzel.,
3437 5595 3524 5643 sed
3564 5601 3701 5644 sensti
3782 5593 3784 5662 ᾗ

2151 5663 2379 5840 miliaria
2418 5719 2526 5772 fere
2547 5719 2733 5783 repetit
2766 5729 2874 5780 qua:
2914 5716 3146 5767 concione
3190 5718 3339 5768 tertia
3367 5731 3444 5781 su;
3461 5731 3526 5778 ra,
3558 5713 3694 5768 aum.9

2155 5794 2207 5840 et
2300 5820 2315 5836 .

2155 5794 2207 5840 et
2241 5794 2315 5840 ιυ.
