3884 6364
288 389 316 445 Ι
328 389 446 446 035

280 506 437 563 ἀλλά
465 506 651 579 ίατροῦ
677 506 868 578 ίμάτια
902 509 1386 582 περιϐεϐλημένος,
1403 513 1432 566 6
1460 512 1516 567 δὲ
1533 512 1717 577 δοῦλος
1739 512 1861 566 ἔλεύ

1506 394 1590 448 DE
1630 390 1905 447 LAZAHO
1943 391 2194 451 CONCIO
2232 393 2321 449 Vl.

3436 405 3574 461 £036

1993 514 2090 568 τοῦ
2121 516 2377 570 πλουσίου
2402 517 2430 570 6
2460 516 2659 601 κόλπος
2683 517 2776 573 τοῦ
2822 517 3092 590 Ἀϐραάμ,
3132 517 3268 591 μετά
3295 520 3384 573 τὸν
3414 520 3573 593 λιμὸν

282 602 458 671 θερος
485 600 582 664 ὣν,
622 603 652 655 6
675 601 731 654 δὲ
759 602 1079 669 διδάσκαλος
1103 604 1224 659 οὐδὲ
1262 606 1567 677 γράμματα
1590 604 1891 675 ἐπιστάμε-
1989 609 2217 681 εύθηνία
2244 611 2419 683 πέρας
2452 612 2552 664 οὐκ
2595 612 2812 683 ἔχουσα,
2850 612 2991 683 μετά
3030 613 3128 683 τὴν
3164 612 3342 684 θλῖψιν
3386 614 3572 681 ἄνεσις

282 708 408 756 νος,
444 691 597 745 οὐδὲν
626 685 701 747 ὧν
730 695 838 747 είσι
861 695 1166 764 φαίνονται,
1192 696 1229 749 ἃ
1263 696 1317 749 δέ
1340 697 1478 750 είσιν
1501 696 1563 773 ού
1606 695 1886 765 φαίνονται

281 784 587 853 (φαίνεται
631 785 741 858 γὰρ
795 786 979 858 ἰατρὸς
1003 788 1105 841 οὐκ
1131 787 1207 842 ὢν
1240 789 1449 858 ίατρὸς,
1496 787 1592 843 καὶ
1632 787 1886 858 φαίνεται

281 876 592 949 φιλόσοφος
623 877 801 949 κόμην
834 878 973 948 ἔχων
1004 881 1063 931 ὲν
1094 879 1170 950 τῷ
1195 880 1545 950 προσωπείῳ,
1573 879 1671 934 καὶ
1701 881 1887 949 φαίνε-

279 985 382 1022 ται
423 968 766 1038 στρατιώτης
792 969 1124 1040 στρατιώτου
1164 972 1350 1042 σχῆμα
1391 973 1883 1044 περιϐεϐλημένος

282 1060 390 1115 καὶ
421 1060 612 1133 ἀπατᾷ
640 1063 673 1133 ἡ
701 1062 826 1130 ὄψις
854 1061 951 1115 τοῦ
986 1065 1354 1133 προσωπείου.
1379 1065 1495 1118 ἀλλ’
1538 1066 1600 1119 ού
1632 1066 1886 1135 ψεύδεται

281 1151 396 1221 τὴν
429 1151 610 1220 φύσιν,
650 1147 715 1224 ἦς
774 1154 1100 1224 μεταϐάλλει
1144 1156 1245 1226 τὴν
1293 1155 1573 1226 ἀλήθειαν.
1624 1157 1733 1209 Καὶ
1780 1157 1887 1221 ἔως

286 1243 400 1312 μὲν
451 1242 774 1308 καθέζονται
821 1246 871 1298 οί
905 1247 1256 1318 τερπόμενοι,
1281 1247 1350 1301 τά
1388 1251 1709 1319 προσωπεῖα
1730 1248 1885 1303 ἵστα-

276 1351 384 1389 ται
414 1352 430 1367 ·
485 1336 703 1391 ἐπειδάν
730 1351 757 1379 ι
785 1338 841 1391 δὲ
874 1339 1084 1411 ἑσπέρα
1136 1341 1420 1413 καταλάϐῃ
1443 1382 1457 1405 ,
1509 1342 1605 1395 καὶ
1650 1340 1782 1411 λυθῇ
1825 1341 1885 1394 :6

282 1425 555 1500 θέατρον,
616 1430 712 1484 καὶ
756 1431 958 1497 πάντες
1015 1434 1433 1504 ἀναχωρήσωσι,
1482 1433 1763 1505 ῥίπτονται
1814 1433 1883 1487 τά

282 1523 639 1590 προσωπεῖα,
671 1523 766 1575 καὶ
786 1524 814 1576 6
839 1522 984 1578 ἔνδον
1006 1524 1262 1595 βασιλεὺς
1286 1525 1596 1598 εὑρίσκεται
1624 1525 1727 1592 ἔξω
1755 1525 1885 1597 χαλ-

283 1611 549 1676 κότυπος.
597 1613 902 1688 Ἀπερῤίφη
943 1617 1013 1671 τά
1040 1621 1380 1688 προσωπεῖα,
1406 1618 1649 1689 ἀπῆλθεν
1678 1621 1713 1690 ἡ
1741 1619 1884 1673 ἀπά-

280 1723 382 1776 τη,
418 1706 635 1778 ἐδείχθη
660 1710 693 1779 ἡ
736 1708 966 1781 ἀλήθεια
989 1723 1002 1738 ⁸
1036 1711 1129 1765 καὶ
1160 1711 1477 1782 εὑρίσκεται
1504 1714 1533 1767 6
1560 1712 1706 1766 ἔνδον
1729 1711 1883 1766 ἐλεύ-

282 1796 476 1869 θερος.
502 1799 608 1866 ἔξω
627 1799 812 1864 δοῦλος
830 1819 844 1832 ·
874 1802 1011 1873 ὅπερ
1028 1803 1135 1873 γάρ
1157 1800 1330 1867 εἷπον,
1358 1803 1467 1857 ἔσω
1494 1802 1594 1873 μὲν
1618 1806 1648 1874 ἡ
1672 1804 1879 1875 ἀπάτη,

280 1890 401 1956 ἔξω
429 1890 484 1943 δὲ
512 1893 544 1963 ἠ
571 1892 834 1963 ἀλήθεια·
870 1894 1170 1949 κατέλαϐεν
1198 1895 1255 1950 δὲ
1289 1897 1322 1968 ή
1351 1898 1561 1968 ἑσπέρα
1580 1914 1592 1928 ο
1631 1896 1794 1968 ἐλύθη
1818 1896 1882 1950 τὸ

281 1981 539 2054 θέατρον,
569 1984 742 2056 ἐφάνη
775 1988 807 2056 ἡ
835 1986 1114 2057 ἀλήθεια)·
1147 1987 1291 2041 οὕτω
1314 1988 1407 2041 καὶ
1444 1988 1502 2042 ὲν
1538 1987 1616 2060 τῷ
1653 1988 1753 2060 βίῳ
1787 1989 1881 2043 καὶ

278 2075 345 2127 ὲν
378 2074 458 2145 τῷ
482 2076 627 2130 τέλει
646 2094 661 2108 ’
694 2079 763 2131 τά
784 2079 1027 2150 παρόντα
1054 2079 1296 2153 θέατρον,
1320 2080 1389 2135 τά
1411 2082 1715 2154 πράγματα
1743 2081 1880 2135 ὑπό-

277 2186 496 2241 κρισις,
528 2169 757 2234 πλοῦτος
795 2173 890 2225 καὶ
934 2171 1123 2236 πενία,
1161 2172 1255 2227 καὶ
1292 2172 1477 2244 ἅρχων
1506 2174 1599 2227 καὶ
1640 2172 1880 2242 ἀρχόμε-

275 2279 398 2327 νος,
459 2261 553 2315 καὶ
584 2263 685 2316 ὅσα
749 2263 996 2317 τοιαῦτα·
1031 2265 1159 2318 ὅταν
1197 2264 1255 2318 δὲ
1306 2263 1590 2335 ἀποϐληθῇ
1630 2265 1663 2335 ἡ
1694 2265 1877 2336 ἡμέρα

274 2353 494 2421 ἐκείνη,
525 2355 617 2409 καὶ
648 2355 777 2430 ἔλθῃ
804 2358 836 2428 ή
866 2356 962 2422 νὺξ
986 2357 1169 2428 ἐκείνη
1192 2358 1224 2429 ἡ
1249 2357 1477 2430 φοϐερά,
1515 2358 1716 2428 μᾶλλον
1753 2356 1809 2410 δὲ
1843 2358 1876 2429 ἡ

272 2447 494 2520 ἡμέρα.
522 2448 617 2515 νὺξ
645 2449 744 2519 μὲν
771 2453 884 2513 τοῖς
918 2451 1285 2523 ἁμαρτωλοῖς,
1313 2451 1499 2523 ἡμέρα
1546 2451 1603 2504 δὲ
1637 2452 1752 2514 τοῖς
1802 2449 1877 2502 δι-

274 2540 493 2603 καίοις’
544 2542 671 2595 ὅταν
701 2541 834 2613 λυθῇ
864 2544 927 2598 τὸ
960 2543 1207 2615 θέατρον,
1262 2546 1391 2600 ὅταν
1424 2547 1553 2617 ριφῇ
1597 2544 1666 2598 τὰ
1701 2561 1875 2615 προσ-

270 2634 483 2697 ωπεῖα,
506 2632 635 2687 ὅταν
657 2633 1020 2706 δοκιμάζηται
1049 2636 1278 2699 ἔκαστος
1304 2637 1399 2690 καὶ
1426 2636 1494 2689 τὰ
1516 2636 1654 2707 ἔργα
1682 2636 1871 2699 αὐτοῦ,

272 2724 387 2795 οὐχ
416 2724 649 2791 ἔκαστος
675 2727 770 2781 καὶ
798 2729 825 2781 6
857 2727 1084 2792 πλοῦτος
1110 2727 1298 2791 αὑτοῦ,
1328 2729 1427 2800 οὐχ
1455 2730 1685 2792 ἔκαστος
1716 2730 1809 2783 καὶ
1840 2731 1873 2800 ἡ

272 2817 433 2889 ἁρχὴ
462 2817 651 2886 αὑτοῦ,
682 2820 783 2890 οὐχ
806 2819 1037 2884 ἔκαστος
1062 2822 1156 2874 καλ⁵
1188 2821 1221 2890 ὴ
1253 2820 1386 2892 τιμὴ
1409 2819 1596 2889 αὐτοῦ,
1628 2821 1728 2891 οὐχ
1745 2820 1877 2874 ἔκα-

275 2926 414 2973 στος
437 2910 531 2963 καὶ
556 2912 589 2982 ἡ
627 2910 916 2964 δυναστεία
934 2909 1122 2976 αὐτοῦ,
1146 2911 1259 2965 ἀλλ’
1281 2912 1511 2975 ἕκαστος
1531 2913 1623 2966 καὶ
1649 2913 1717 2966 τά
1739 2912 1876 2984 ἔργα

273 3002 476 3067 αὑτοῦ,
508 3004 605 3057 καὶ
627 3005 832 3076 ἄρχων,
857 3006 953 3059 καὶ⁸
985 3005 1258 3075 βασιλεὺς,
1295 3005 1391 3059 καὶ
1415 3006 1575 3076 γυνὴ,
1602 3007 1696 3059 καὶ
1710 3006 1872 3077 ἀνὴρ,

272 3095 375 3149 ὅτε
397 3096 547 3167 ἡμᾶς
573 3095 685 3166 βίον
707 3098 1046 3151 ἀπαιτεῖηκαὶ
1063 3097 1293 3169 πράξεις
1322 3096 1556 3166 ἀγαθάς,
1583 3098 1683 3151 οὑκ
1712 3097 1875 3163 ἀξιω-

278 3188 479 3261 μάτων
502 3190 685 3259 ὄγκον,
714 3192 776 3245 οὐ
804 3191 993 3256 πενίας
1010 3191 1305 3257 εὐτέλειαν,
1322 3191 1383 3244 ού
1415 3192 1875 3263 καταφρονήσεως

270 3283 601 3355 τυραννίδα·
644 3285 765 3355 ἐμοὶ
804 3284 941 3361 ἔργα
960 3286 1071 3351 δὸς,
1109 3284 1260 3359 [781]
1287 3284 1391 3340 κᾶν
1416 3285 1603 3349 δοῦλος
1628 3282 1697 3361 ᾖς
1720 3329 1732 3343 .
1776 3286 1872 3339 τοῦ

274 3375 571 3447 ἀλευθέρου
598 3378 857 3449 ἀμείνων,
886 3379 989 3433 κᾶν
1012 3379 1150 3450 γυνὴ
1179 3374 1266 3453 ᾖς.
1293 3380 1388 3434 τοῦ
1420 3378 1610 3452 ἀνδρὸς
1636 3380 1874 3451 ἀνδρειο-

274 3470 421 3538 τέρα
441 3485 455 3498 ·
491 3467 713 3522 ἐπειδὰν
739 3470 869 3541 ῥιφῇ
903 3470 972 3523 τὰ
994 3472 1336 3541 προσωπεῖα,
1360 3470 1481 3523 τότε
1513 3470 1873 3540 φαίνεταικαὶ

276 3559 312 3611 ὃ
341 3557 618 3623 πλούσιος,
637 3558 731 3612 καλ⁵
750 3559 778 3612 6
807 3559 978 3630 πένης
998 3576 1013 3591 ο
1041 3560 1136 3614 καὶ
1160 3560 1350 3633 ὥσπερ
1371 3553 1474 3616 ὧδε
1497 3562 1717 3615 ὲπειδάν
1735 3560 1871 3633 λυθῇ

274 3649 345 3713 τὸ
368 3650 619 3723 θέατρον,
644 3651 738 3705 καί
766 3669 851 3715 τις
877 3651 1032 3724 ἡμῶν
1062 3652 1174 3707 ἄνω
1202 3653 1508 3724 καθήμενος
1534 3654 1619 3726 ἴδῃ
1646 3654 1737 3708 τὸν
1764 3653 1873 3708 ἔσω

276 3740 593 3811 φιλόσοφον,
620 3741 726 3810 ἔξω
748 3742 1109 3813 χαλκότυπον,
1134 3743 1310 3813 λέγει’
1342 3744 1481 3808 Ούά,
1507 3742 1659 3809 οὗτος
1680 3746 1780 3799 οὐκ
1805 3742 1872 3817 ἦν

276 3832 392 3887 ἔσω
418 3832 744 3904 φιλόσοφοςς
783 3835 888 3903 ἔξω
922 3836 1258 3907 χαλκότυπον
1280 3837 1392 3908 ὁρῶ
1412 3855 1424 3867 ·
1456 3831 1607 3902 οὗτος
1630 3839 1729 3892 οὐκ
1765 3838 1873 3891 ἔσω

279 3925 575 3997 βασιλεύς;
608 3927 713 3992 ἔξω
736 3928 926 4001 εὐτελῆ
951 3948 1075 3983 τινα
1110 3930 1223 4002 ὁρῶ
1243 3950 1255 3964 ο
1288 3924 1443 3997 οὗτος
1480 3933 1581 3987 οὐκ
1626 3928 1696 4003 ἦν
1725 3932 1872 3986 ἔνδον

278 4015 572 4083 πλούσιος;
604 4018 708 4085 ἔξω
734 4021 942 4093 πένητα
978 4021 1092 4093 ὁρῶ
1110 4038 1124 4052 ·
1150 4022 1326 4087 οὕτως
1348 4024 1445 4078 καὶ
1488 4026 1607 4079 ἐκεῖ
1637 4023 1869 4094 γίνεται.

198 4167 204 4171 ,
355 4115 433 4174 ς’.
456 4110 554 4165 Διά
574 4109 733 4165 τοῦτο
759 4112 861 4166 οὐκ
886 4111 1005 4181 ἄγω
1031 4112 1123 4167 τὸν
1152 4113 1311 4182 λόγον
1335 4116 1415 4176 είς
1438 4113 1661 4180 πλάτος,
1686 4114 1773 4169 ῖνα
1796 4114 1871 4187 μὴ

279 4201 503 4272 συγχέω
560 4202 653 4256 τὸν
698 4204 980 4276 ἀκροατὴν
1022 4204 1102 4276 τῷ
1140 4205 1333 4277 πλήθει
1371 4207 1479 4260 τῶν
1523 4205 1870 4276 λεγομένων·

277 4292 398 4347 ἀλλ’
429 4294 510 4357 είς
541 4293 635 4347 δύο
683 4298 1006 4365 προσωπεῖα
1052 4297 1151 4369 τὴν
1174 4298 1465 4368 ὑπόκρισιν
1506 4296 1600 4348 τοῦ
1639 4296 1870 4368 θεάτρου

279 4383 637 4454 παραστῆσαι
666 4384 947 4456 βούλομαι.
1005 4386 1109 4440 Δύο
1142 4389 1460 4458 προσωπεῖα
1494 4385 1873 4457 μετεχειρισά-

283 4492 418 4547 μην,
455 4475 564 4530 61:6
611 4477 720 4530 τῶν
751 4477 843 4537 δύο
888 4478 1094 4532 τούτων
1153 4478 1366 4550 τέμνων
1405 4480 1531 4550 ὑμῖν
1588 4481 1740 4544 666v,
1778 4483 1872 4536 καὶ¹

279 4566 461 4633 διδοὺς
511 4569 786 4641 ἀφορμήν.
825 4571 1193 4626 Ἐνεπλάτυνα
1223 4572 1378 4643 ὑμῶν
1408 4573 1505 4644 τὴν
1529 4573 1772 4628 διάνοιαν
1802 4578 1869 4647 τῇ

278 4660 536 4733 διηγήσει
566 4661 661 4716 τοῦ
691 4663 958 4735 παρόντος
1012 4663 1151 4734 βίου,
1185 4664 1327 4719 ὥστε
1358 4665 1589 4719 ἕκαστον
1621 4684 1872 4735 καταμα-

281 4752 401 4808 θεῖν
415 4753 516 4825 τὴν
540 4754 807 4824 διαφοράν
835 4754 943 4808 τῶν
971 4757 1333 4829 πραγμάτων.
1366 4757 1471 4811 Δύο
1503 4758 1683 4811 τοίνυν
1707 4775 1872 4830 προσ-

279 4847 493 4899 ωπεῖαο
524 4846 554 4897 6
595 4845 697 4916 μὲν
754 4848 1100 4917 προσωπεῖον
1132 4843 1246 4917 εἶχε
1287 4847 1566 4913 πλουσίου,
1599 4850 1628 4901 6
1659 4849 1716 4901 δὲ
1775 4848 1871 4901 πέ-

280 4952 471 5006 νητος·
504 4939 532 4990 ὁ
557 4936 805 5009 Λάζαρος
836 4941 1179 5009 προσωπεῖον
1204 4940 1457 5011 πένητος,
1483 4943 1512 4994 6
1529 4941 1586 4995 δὲ
1615 4941 1870 5006 πλούσιος

281 5032 628 5099 προσωπεῖον
648 5030 904 5084 πλουσίου
924 5047 939 5061 ο
981 5035 1300 5103 προσωπεῖα
1338 5034 1405 5087 τά
1454 5033 1779 5105 φαινόμενα,
1806 5034 1869 5088 οὐ

281 5118 630 5191 πραγμάτων
659 5121 886 5192 ἀλήθεια
901 5121 947 5173 b.
965 5122 1232 5193 Ἀπῆλθον
1258 5124 1561 5195 ἀμφότεροι
1589 5126 1726 5189 ἐκεῖ,
1756 5126 1784 5177 ὅ
1809 5142 1868 5178 τε

283 5212 564 5278 πλούσιος,
612 5215 709 5267 καὶ
738 5216 767 5266 6
812 5214 1014 5286 πένης·
1046 5214 1239 5268 ἔλαϐον
1291 5215 1381 5269 τὸν
1409 5216 1661 5288 Λάζαρον
1694 5219 1744 5270 οί
1769 5218 1870 5287 ἀγ-

282 5305 462 5375 γελοιο
510 5305 653 5378 μετά
683 5306 809 5371 τοὺς
859 5306 1028 5372 κύνας
1058 5307 1301 5377 ἄγγελοι,
1350 5309 1487 5380 μετά
1519 5310 1609 5363 τὸν
1646 5311 1869 5367 πυλῶνα

349 5607 375 5679 ξι
398 5606 617 5679 Reme];
638 5609 872 5679 ἀλήθειαν.
916 5610 1046 5679 καθὸ
1070 5610 1152 5673 μὲν
1180 5611 1450 5679 γὰρ-σκηνὴ
1476 5611 1508 5673 ᾖ
1540 5612 1622 5661 καὶ
1648 5614 1866 5679 θέατρον,

281 5672 365 5736 καὶ
387 5672 746 5736 συγκαθέζονται
771 5677 815 5721 οἱ
832 5672 1109 5736 τερπόμενοι
1142 5675 1225 5735 μὲν
1248 5672 1312 5728 εἰς
1329 5676 1389 5722 τὰ
1419 5672 1716 5736 προσωπεῖα,
1740 5672 1869 5727 ἐπαιξ-

286 5730 388 5810 δάν,
403 5730 467 5810 ει
482 5734 718 5807 nonnqlla
742 5730 918 5810 poste'a’
934 5730 1259 5810 observthur
1278 5730 1468 5810 magica'
1487 5730 1783 5810 όιεςςίωίιιε.

349 5791 376 5862 Ρ
402 5796 689 5862 Πρρσωπεῖα
711 5791 769 5845 τά
792 5798 1060 5862 φαινόμενα,
1094 5797 1148 5847 οὐ
1178 5799 1466 5861 πραγμάτων
1499 5800 1708 5859 ἀλήθεια.
1737 5803 1866 5854 Ben-

283 5857 377 5906 :cl.
399 5857 652 5915 πρόσωπα.

1989 702 2354 767 ἀκατάλυτος·
2429 706 2634 760 ἐκεῖνον
2687 704 2746 757 δὲ
2808 706 2898 759 τὸν
2964 704 3218 759 πλούσιον
3281 708 3420 780 μετά
3480 708 3572 761 τὸν

1994 791 2224 847 πλοῦτον
2275 793 2459 859 πενία,
2517 794 2657 865 μετὰ
2708 795 2806 867 τὴν
2851 795 3130 867 τράπεζαν
3175 797 3272 869 τὴν
3314 796 3574 852 πλουσίαν

1992 884 2214 949 κόλασις
2244 884 2338 939 καὶ
2362 887 2626 957 τιμωρία,
2672 888 2809 957 μετά
2845 886 2942 957 τὴν
2970 890 3153 943 ἄνεσιν
3179 888 3360 942 ὀδύναι
3397 891 3572 959 ἀκαρ-

1980 978 2228 1049 τέρητοι.
2246 980 2354 1032 Καὶ⁸
2380 979 2482 1051 ὃρα
2499 979 2552 1032 τί
2574 979 2782 1047 γίνεται
2799 997 2813 1010 ·
2834 981 3100 1052 Ἀπῆλθον
3120 983 3255 1047 ἐκεῖ,
3284 984 3379 1036 καὶ
3404 982 3571 1054 ἐλύθη

1985 1070 2049 1124 ’τὸ
2092 1071 2349 1142 θέατρον·
2402 1072 2765 1142 ἀπεκαλύφθη
2796 1072 2867 1126 τὰ
2897 1077 3241 1145 προσωπεῖα,
3289 1075 3573 1144 φαίνονται

1987 1161 2175 1216 λοιπὸν
2211 1164 2267 1216 αί
2295 1162 2469 1232 ϐψεις.
2507 1162 2779 1234 Ἀπῆλθον
2803 1164 3111 1236 ἀμφότεροι
3136 1166 3273 1227 ἐκεῖ,
3302 1166 3395 1219 καλ⁵
3418 1168 3520 1237 ὁρᾷ
3541 1165 3574 1218 6

1989 1256 2253 1320 πλούσιος
2286 1258 2828 1329 ἀποτηγανιζόμενος
2861 1257 2953 1311 τὸν
2982 1255 3233 1329 Λάζαρον
3268 1258 3325 1310 ὲν
3352 1257 3573 1321 κόλποις

1986 1346 2081 1400 τοῦ
2119 1346 2375 1418 Ἀϐραὰμ
2395 1346 2817 1418 εύθηνούμενον,
2842 1346 3209 1412 ἀπολαύοντα,
3248 1347 3568 1418 τρυφῶντα·

1988 1439 2083 1492 καὶ
2136 1438 2285 1506 λέγει
2332 1440 2469 1508 πρὸς
2512 1439 2709 1493 αὐτόν’
2746 1438 2940 1507 Πάτερ
2980 1440 3270 1509 Ἀϐραὰμ,
3330 1440 3576 1511 πέμψον

1994 1529 2281 1601 Λάζαρον,
2312 1533 2411 1585 ἵνα
2434 1531 2593 1601 ἄκρῳ
2622 1531 2701 1597 τῷ
2720 1531 3002 1599 δακτύλῳ
3044 1532 3231 1586 αὐτοῦ
3277 1532 3571 1602 ἐπιστάεῃ

1980 1642 2102 1694 μου
2146 1623 2223 1694 τῇ
2269 1624 2527 1696 γλώττῃ,
2588 1623 2675 1678 ὅτι
2708 1621 3235 1695 ἀποτηγανίζομαι.
3289 1624 3356 1677 Τί
3402 1619 3496 1677 οὖν
3543 1626 3573 1678 6

1998 1716 2279 1791 Ἀϐραάμ;
2322 1717 2565 1785 Τέκνον,
2596 1717 2898 1783 ἀπέλαϐες
2934 1717 3007 1771 τὰ
3051 1715 3241 1785 ἀγαθά
3284 1733 3431 1782 σου,
3469 1718 3569 1772 καὶ

1984 1809 2254 1879 Λάζαρος
2286 1812 2360 1863 τὰ
2395 1811 2549 1864 κακὰ
2569 1809 2755 1865 αὑτοῦ
2782 1827 2795 1839 °
2819 1808 2918 1865 καί
2952 1810 3070 1863 νῦν
3101 1805 3277 1875 οὗτος
3300 1825 3570 1877 παρακα-

1989 1902 2201 1963 λεῖται.
2249 1900 2331 1955 σὺ
2373 1901 2443 1954 δὲ
2491 1899 2807 1954 ὀδυνᾶσαι.
2860 1901 3098 1967 Ἀλλως
3151 1898 3219 1951 δέ
3272 1899 3371 1951 καὶ
3422 1896 3571 1966 χάος

1978 1994 2207 2064 μεταξὺ
2238 1992 2407 2063 ’ἡμῶν
2436 1993 2533 2047 καὶ
2554 1986 2719 2063 ὑμῶν
2748 1993 3118 2061 ἐστήρικται,
3157 1992 3288 2052 ἵνα,
3325 1989 3434 2043 ἐάν
3477 2008 3569 2056 τις

1978 2087 2281 2155 βούληται
2308 2085 2590 2140 ἐντεῦθεν
2624 2084 2751 2138 ἐκεῖ
2785 2082 3066 2153 διαϐῆναι
3097 2083 3245 2151 πρὸς
3271 2081 3450 2152 ὑμᾶς,
3478 2080 3567 2152 μὴ

1982 2179 2252 2247 δύνηται.
2342 2178 2647 2251 Προσέχετε
2694 2193 2708 2207 '
2764 2166 3072 2249 χρήσιμος
3146 2174 3255 2246 γάρ
3334 2174 3362 2227 ὁ
3439 2174 3569 2244 περὶ

1981 2270 2188 2325 τούτων
2217 2269 2397 2337 λόγος,
2428 2269 2609 2338 φοϐῶν
2655 2269 2779 2339 μὲν,
2808 2268 3088 2339 καθαίρων
3109 2268 3185 2331 δὲ,
3216 2263 3418 2319 ὀδυνῶν
3445 2265 3566 2334 μὲν,

1981 2362 2359 2433 διορθούμενος
2376 2362 2453 2418 δέ.
2478 2362 2644 2431 Δέχου
2668 2362 2736 2415 τὰ
2763 2361 3161 2431 λεγόμενα.Ὢν
3188 2359 3253 2428 δὴ
3271 2359 3327 2411 ὲν
3348 2359 3461 2420 τοῖς
3482 2355 3572 2425 βα-

1983 2457 2166 2518 σάνοις
2181 2458 2208 2510 6
2227 2454 2478 2519 πλούσιος
2495 2454 2778 2523 ἀνέϐλεψε,
2797 2454 2893 2507 καὶ
2918 2448 3024 2506 εἶδε
3052 2451 3145 2504 τὸν
3163 2449 3430 2521 Λάζαρον·
3459 2444 3572 2502 εἶδε

1981 2548 2147 2604 καινά
2180 2550 2500 2619 πράγματα.
2534 2549 2627 2609 El;
2642 2547 2735 2599 τὸν
2756 2545 2977 2599 πυλῶνά
2994 2562 3085 2598 σου
3100 2540 3167 2615 ἦν
3190 2542 3312 2598 καθ’
3330 2541 3569 2611 ἑκάστην

1980 2640 2193 2713 ἡμέραν
2209 2655 2221 2669 ⁸
2237 2640 2490 2710 δεύτερον
2507 2640 2601 2692 καὶ
2614 2639 2798 2709 τρίτον
2816 2639 2934 2709 είσή
2944 2655 3072 2707 ρχου
3092 2637 3184 2690 καὶ
3207 2636 3459 2705 ὲξήρχου,
3476 2633 3571 2687 καὶΙ

1979 2733 2081 2786 οὐκ
2122 2732 2347 2795 ἔϐλεπες
2390 2731 2583 2784 αὐτόν’
2615 2732 2711 2783 καλ⁸
2745 2731 2836 2783 ὅτε
2872 2732 2951 2792 είς
2993 2729 3061 2781 τὰ
3107 2729 3319 2799 τήγανα
3357 2723 3430 2790 εἷ,
3458 2726 3571 2779 ἀπὸ

1977 2825 2348 2895 διαστήματος
2386 2823 2638 2892 βλέπεις;
2694 2822 2823 2875 Ὅτε
2877 2822 2935 2874 ἐν
2980 2819 3060 2890 τῷ
3102 2818 3320 2890 πλούτῳ
3356 2819 3564 2890 διῆγες,

1976 2915 2066 2968 ὅτε
2097 2915 2154 2966 ἐν
2176 2916 2240 2984 τῇ
2272 2913 2433 2983 βουλῇ
2472 2928 2566 2964 σου
2592 2911 2653 2963 τὸ
2681 2913 2815 2982 ὁρᾷν
2846 2907 2936 2982 ἦν,
2967 2911 3029 2962 οὐ
3056 2909 3286 2981 προέθου
3319 2909 3413 2962 τοῦ
3437 2909 3568 2963 ἰδεῖν

1977 3005 2171 3061 αὐτόν·
2234 3004 2374 3056 ίνατί
2413 3003 2509 3055 νῦν
2541 3002 2851 3075 ὀξυδερκεῖς
2874 3012 2939 3066 ες
2994 3001 3095 3053 οὐκ
3143 3002 3201 3053 ὲν
3248 2999 3326 3070 τῷ
3359 2998 3567 3052 πυλῶνι

1980 3111 2073 3148 σου
2116 3090 2216 3165 ἦν;
2255 3093 2371 3156 πῶς
2419 3093 2581 3146 αὐτὸν
2631 3093 2733 3145 οὐκ
2788 3090 3046 3155 ἔϐλεπες;
3100 3091 3266 3159 ἔγγὺς
3306 3090 3432 3142 ὄντα
3462 3089 3565 3143 οὐκ

1976 3181 2136 3251 εἶδες,
2168 3186 2263 3239 καὶ
2284 3184 2379 3238 νῦν
2405 3185 2515 3238 ἀπὸ
2539 3184 2906 3255 διαστήματος
2936 3183 3174 3255 βλέπεις,
3198 3183 3291 3236 καὶ
3311 3182 3563 3236 τοσούτου

1976 3279 2141 3349 χάους
2190 3277 2374 3344 δντος;
2410 3278 2521 3330 Καὶ
2564 3276 2616 3329 τί
2666 3278 2851 3341 ποιεῖ;
2887 3275 2992 3328 Τὸν
3044 3275 3295 3346 ’Λϐραάμ
3351 3274 3564 3345 πατέρα

1977 3371 2153 3425 καλεῖ.
2208 3370 2274 3423 Τί
2332 3368 2514 3437 λέγεις
2564 3367 2810 3439 πατέρα,
2872 3361 2933 3421 05
2983 3367 3083 3421 οὐκ
3140 3368 3400 3438 ἐμιμήσω
3464 3366 3565 3437 τὴν

1978 3461 2322 3531 φιλοξενίαν;
2357 3460 2577 3529 Πατέρα
2606 3457 2762 3510 καλεῖ
2798 3450 2974 3522 οὗτος,
3010 3457 3199 3511 τέκνον
3224 3458 3431 3520 ἐκεῖνος
3449 3470 3464 3484 ⁸
3494 3455 3567 3511 τὰ

1976 3553 2217 3624 ὀνόματα
2270 3553 2369 3623 τῆς
2402 3549 2744 3620 συγγενείας,
2771 3550 2864 3603 καὶ¹
2910 3548 3148 3619 ούδαμοῦ
3183 3550 3216 3620 ὴ
3258 3548 3563 3618 ἀντίληψις.

1990 3644 2150 3701 Ἀλλά
2174 3644 2441 3717 προφέρει
2484 3644 2552 3699 τὰ
2582 3644 2847 3713 ὀνόματα.
2878 3641 2967 3695 ἴνα
3003 3641 3236 3714 μάθητε,
3260 3643 3342 3695 ὅτι
3372 3641 3564 3710 γένους

1975 3739 2166 3808 ὄφελος
2191 3737 2344 3794 οὐδέν
2377 3736 2551 3809 [783].

2048 3830 2317 3900 Εύγένεια
2344 3829 2457 3901 γὰρ
2483 3829 2545 3882 οὺ
2569 3827 2850 3899 προγόνων
2878 3826 3229 3897 περιφάνεια,
3274 3825 3412 3880 ἀλλά
3440 3826 3565 3897 τρό-

1977 3942 2094 3980 πων
2126 3924 2317 3995 ἀρετὴ.
2355 3922 2446 3993 Μή
2497 3939 2586 3993 μοι
2616 3921 2777 3990 λέγε·
2814 3921 3035 3991 Πατέρα
3082 3919 3190 3989 ἔχω
3228 3918 3452 3973 ὕπατον.
3493 3916 3562 3972 Τί

1975 4016 2113 4089 πρὸς
2141 4015 2276 4086 ὲμέ;
2305 4015 2379 4068 Ού
2403 4012 2545 4080 λέγω
2568 4010 2744 4066 τοῦτο.
2773 4012 2864 4081 Μή
2906 4028 2995 4081 μοι
3015 4010 3139 4078 λέγε
3159 4027 3171 4038 ’
3201 4010 3420 4080 Πατέρα
3449 4010 3549 4079 ἔχις.

1975 4111 2181 4164 ὕπατον
2208 4108 2257 4161 ά.
2292 4106 2505 4162 Παῦλον
2540 4107 2631 4160 τὸν
2678 4105 2972 4159 ἀπόστολον
3005 4104 3099 4158 ὲάν
3138 4102 3267 4174 ἔχῃς
3316 4101 3553 4171 πατέρα,

1974 4202 2070 4256 καὶ
2095 4201 2356 4269 ἀδελφοὺς
2383 4200 2478 4252 ὲάν
2505 4198 2633 4269 ἔχῃς
2665 4198 2973 4269 μάρτυρας,
3021 4197 3085 4249 σὺ
3117 4195 3173 4249 δὲ
3219 4195 3294 4265 μὴ
3342 4194 3561 4267 μιμήσῃ

1975 4295 2155 4350 αὐτῶν
2183 4296 2283 4365 τὴν
2309 4293 2531 4367 ἀρετὴν,
2566 4291 2718 4344 οὐδέν
2759 4307 2843 4344 σοι
2869 4290 3061 4359 ὄφελος
3090 4290 3188 4360 τῆς
3217 4287 3556 4357 συγγενείας,

1975 4386 2111 4441 ἀλλά
2137 4386 2337 4458 μᾶλλον
2365 4384 2566 4457 ἔϐλαψε
2589 4383 2683 4436 καλ⁸
2708 4382 3083 4436 κατεδίκασεν.
3127 4381 3190 4433 Ἦ
3219 4381 3401 4452 μήτηρ
3431 4396 3556 4450 μου,

1977 4481 2164 4553 φησὶν,
2200 4480 2449 4549 ἐλεήμων
2478 4477 2647 4531 ἐστίν.
2674 4477 2785 4529 Καὶ
2818 4476 2870 4528 τί
2892 4474 3029 4544 πρὸς
3059 4476 3118 4529 σὲ
3146 4472 3237 4526 τὸν
3264 4470 3560 4543 ἀπάνθρω-

1978 4590 2113 4639 πον;
2170 4574 2203 4643 ὴ
2253 4572 2361 4642 γάρ
2394 4569 2609 4639 ἐκείνης
2657 4565 3036 4637 φιλανθρωπία
3093 4563 3378 4635 προσθήκη
3422 4578 3557 4615 κατ-

1980 4663 2213 4735 ηγορίας
2243 4662 2342 4731 τῆς
2378 4661 2479 4728 σῆς
2511 4657 2902 4729 κακοτροπίας.
2923 4657 2988 4708 Τί
3028 4656 3139 4726 γὰρ
3163 4657 3193 4709 ὁ
3246 4652 3559 4722 Βαπτιστὴς

1988 4756 2248 4823 Ἰωάννης
2302 4753 2437 4824 φησὶ
2483 4752 2621 4823 πρὸς
2682 4750 2776 4803 τὸν
2831 4748 3005 4819 δῆμον
3064 4747 3155 4800 τὸν
3220 4743 3554 4808 Ἰουδαῖκόνς

1975 4844 2277 4911 Ποιήσατε
2330 4842 2570 4911 καρπὸν
2596 4841 2773 4905 ἄξιον
2799 4839 2910 4907 τῆς
2941 4838 3285 4908 μετανοίας,
3338 4834 3436 4888 καὶ
3467 4832 3555 4903 μὴ

1975 4938 2192 5006 δόξητε
2227 4935 2458 5006 λέγειν’
2486 4932 2721 5001 Πατέρα
2741 4932 2962 5002 ἔχομεν
2989 4930 3098 4983 τὸν
3136 4925 3412 4995 Ἀϐραάμ.
3447 4925 3556 4978 Εὐ-

1972 5031 2194 5102 δόκιμον
2240 5029 2386 5100 ἔχεις
2428 5026 2725 5098 πρόγονον;
2766 5024 2860 5077 ἐὰν
2899 5021 3174 5094 ζηλώσῃς,
3209 5019 3507 5088 ὲκέρδανας
3535 5030 3551 5047 ⁸

1974 5123 2070 5177 ὲάν
2101 5123 2157 5177 δὲ
2196 5122 2268 5193 μὴ
2299 5119 2571 5193 ζηλώσῃς,
2603 5118 2909 5186 κατήγορος
2938 5114 3150 5182 γίνεται
3176 5114 3205 5165 6
3236 5111 3551 5181 εὐδόκιμος,

1972 5218 2053 5269 ὅτι
2092 5216 2200 5268 ἀπὸ
2237 5212 2394 5285 ῥίζης
2419 5211 2634 5273 δικαίας
2677 5208 2873 5279 πικρὸς
2921 5207 3053 5275 ἔφυς
3098 5205 3328 5277 καρπός.
3374 5202 3556 5273 Μηδέ-

1973 5327 2104 5364 ποτε
2157 5304 2470 5377 μακαρίσῃς
2509 5302 2795 5373 ἄνθρωπον
2836 5299 3028 5370 ἔχοντα
3058 5294 3299 5366 συγγενῆ
3326 5293 3555 5357 δίκαιον,

1973 5404 2069 5458 ἐὰν
2104 5400 2179 5472 μὴ
2217 5399 2449 5470 μιμῆται
2495 5393 2661 5448 αὑτοῦ
2702 5394 2829 5456 τοὺς
2860 5392 3115 5464 τρόπους.
3152 5388 3381 5460 Μητέρα
3412 5388 3557 5458 ἔχεις

1972 5495 2161 5566 ἀγίαν;
2184 5492 2350 5547 Οὐδὲν
2383 5490 2518 5562 πρὸς
2542 5488 2621 5545 σέ.
2646 5485 2879 5558 Μητέρα
2903 5485 3046 5556 ἔχεις
3077 5482 3321 5555 πονηράν
3344 5499 3359 5549 ;
3391 5480 3557 5535 Οὐδὲν

2035 5738 2058 5765 ο
2096 5736 2295 5784 Benzel.
2319 5734 2399 5797 ὅτε
2422 5733 2469 5797 έν
2487 5733 2576 5797 τῷμ
2595 5730 2789 5797 πλούτῳ
2828 5730 3152 5797 γεγανωμένος
3172 5728 3226 5797 οὐ
3244 5727 3451 5797 βλέπεις,

1972 5800 2019 5848 ἐν
2043 5802 2098 5861 τῇ
2122 5797 2318 5861 κολάσει
2342 5786 2617 5861 ὀξυδερκεῖς.
2642 5786 2909 5861 εοηυςηιὶίι
2928 5786 3052 5861 Δὶιρίη
3078 5786 3276 5854 paululi]
3299 5786 3553 5837 dilfcrunl.

2036 5854 2236 5910 [Αωιι
2258 5857 2454 5908 Benzel.
2480 5854 2625 5905 τοῦτο
2646 5856 2735 5918 γάρ
2755 5854 2895 5919 μῦθός
2920 5857 3062 5905 ἐστιν.
