3784 6320
338 397 472 452 1037

335 511 474 584 πρὸς
504 511 584 569 σέ.
641 513 850 588 Ὥσπερ
875 513 1143 587 ἐκείνηςὴ
1183 516 1352 588 ἀρετὴ
1387 518 1487 572 οὐκ
1507 518 1710 587 ωφελεϊ
1745 533 1803 568 σε
1833 513 1908 584 μὴ

339 592 607 663 ζηλοῦντα
639 597 808 667 αὐτῆς
854 596 951 667 τὴν
989 598 1228 670 ἀρετὴν,
1275 599 1449 664 οὕτως
1501 601 1621 654 ούδέ
1660 601 1693 670 ὴ
1745 597 1914 651 κακία

338 677 512 747 αὐτῆς
543 678 770 748 βλάπτει
825 695 906 743 σε,
961 681 1057 732 ἐὰν
1113 683 1426 752 μεταϐάλῃς
1481 683 1578 760 τὴν
1622 681 1910 753 πονηρίαν.

351 761 491 816 Ἀλλ’
530 763 720 834 ὥσπερ
761 764 879 817 ἐκεῖ
913 764 1097 834 μεῖζον
1141 766 1204 817 τὸ
1251 765 1523 838 ἔγκλημα,
1554 768 1661 831 ὅτι,
1703 765 1914 819 οἴκοθεν

336 843 482 915 ἔχων
497 847 802 917 ὑπόδειγμα
820 887 833 910 ,
866 848 966 902 ούκ
988 851 1244 919 ἐμιμήσω
1271 850 1368 921 τὴν
1403 848 1795 921 ἀρετήν’-οὔτω
1820 849 1916 901 καὶ

335 930 570 984 ἐνταῦθα
601 930 662 983 τὸ
698 931 974 1003 ἐγκώμιον
1028 935 1233 1004 μεῖζον,
1267 935 1350 988 ὅτι
1397 935 1612 1005 μητέρα
1652 951 1737 1001 τις
1774 933 1916 1004 έχων

335 1013 598 1083 πονηρὰν,
629 1014 728 1068 οῦκ
757 1017 1070 1087 ἐμιμήσατο
1097 1017 1196 1088 τὴν
1241 1018 1506 1090 πονηρίαν
1549 1018 1740 1088 αὐτῆς,
1795 1016 1912 1071 ἀλλ’

337 1096 446 1151 ἀπὸ
478 1099 634 1170 ῥίζης
668 1101 872 1170 πικρᾶς
896 1100 996 1170 ἔφυ
1048 1102 1294 1174 καρπός
1343 1104 1403 1163 ού
1459 1103 1570 1173 γάρ
1628 1101 1912 1174 προγόνων

335 1180 684 1252 περιφάνεια,
717 1183 854 1236 ἀλλά
889 1184 1090 1255 τρόπος
1119 1187 1321 1258 ἀρετῆς
1359 1185 1630 1257 ζητεῖται.

421 1285 562 1356 Ἐγὼ
586 1287 682 1342 καὶ
699 1288 886 1348 δοῦλον
903 1290 1100 1361 εὐγενῆ
1123 1290 1296 1354 καλῶ,
1309 1291 1405 1345 καὶ
1419 1291 1688 1361 δεσπότην
1720 1289 1911 1346 ἅλυσιν

338 1370 743 1442 περικείμενον,
771 1373 876 1430 ἐνάνς
897 1375 1200 1446 καταμάθω
1227 1374 1401 1434 αὑτοῦ,
1413 1375 1505 1427 τὸν
1530 1375 1732 1445 τρόπον
1749 1391 1760 1407 ο
1788 1374 1914 1444 ἐμοὶ

338 1452 436 1508 καὶ
463 1453 491 1509 6
523 1455 580 1508 ἐν
608 1453 876 1526 ἀξιώματι
931 1457 1230 1531 δυσγενὴς,
1284 1459 1380 1516 ἐὰν
1423 1458 1616 1529 δούλην
1669 1457 1766 1528 ἔχῃ
1812 1457 1912 1529 τὴν

335 1535 533 1611 ψυχήν.
568 1539 663 1602 Τίς
683 1539 791 1610 γάρ
815 1540 929 1594 ἐστι
957 1541 1231 1605 δοῦλος,ηεί
1263 1542 1340 1612 μὴ
1361 1544 1389 1595 6
1411 1544 1579 1594 ποιῶν
1609 1541 1706 1612 τὴν
1732 1542 1914 1611 ἁμαρ-

335 1619 490 1685 τίαν;
534 1620 598 1674 Ἦ
631 1623 729 1697 μὲν
759 1623 866 1700 γὰρ
894 1623 1036 1699 ἄλλη
1080 1624 1294 1682 δουλεία
1341 1625 1718 1697 περιστάσεως
1766 1641 1912 1696 πραι-

336 1702 562 1771 γμάτων
578 1720 590 1733 ·
614 1705 750 1778 αὕτη
778 1706 833 1761 δὲ
917 1697 1130 1760 δουλεία
1153 1708 1384 1784 διαφορά
1403 1709 1649 1781 γνώμης,
1673 1709 1796 1760 ἐπεὶ
1820 1707 1914 1760 καὶ

337 1785 371 1854 ἡ
401 1784 611 1840 δουλεία
634 1787 692 1855 ἐξ
723 1790 896 1861 ἀρχῆς
922 1790 1171 1844 ἐντεῦθεν
1195 1793 1462 1864 εἰσῆλθεν.

408 1888 472 1954 ζ’.
499 1891 612 1946 Οὐκ
636 1889 704 1965 ἦν
733 1893 918 1959 δοῦλος
935 1897 992 1950 τὸ
1010 1898 1242 1956 παλαιόν
1267 1917 1279 1930 θ
1312 1901 1339 1953 6
1369 1898 1478 1970 γάρ
1508 1897 1640 1961 Θεὸς
1662 1897 1914 1952 πλάττων

336 1971 428 2024 τὸν
459 1973 767 2046 ἄνθρωπον,
797 1977 896 2031 οὐκ
921 1981 1174 2052 ἐποίησεν
1205 1983 1367 2035 αὑτὸν
1385 1982 1589 2044 δοῦλον,
1617 1982 1731 2034 ἀλλ’
1760 1981 1914 2034 ἐλεύ-

338 2056 511 2122 θερον.
561 2060 816 2133 Ἐποίησε
841 2063 933 2116 τὸν
972 2065 1144 2136 Ἀδάμ
1173 2068 1268 2120 καὶ
1299 2067 1397 2137 τὴν
1431 2067 1594 2128 Εῦαν,
1624 2066 1717 2120 καὶ
1739 2065 1915 2135 ἀμφό-

335 2158 482 2212 τεροι
510 2139 650 2214 ἦσαν
677 2145 953 2217 ἐλεύθεροι
977 2165 993 2178 ο
1024 2149 1187 2203 πόθεν
1215 2147 1311 2204 οὖν
1345 2153 1376 2222 ἡ
1416 2153 1630 2205 δουλεία
1657 2151 1874 2220 ἐγένετο
1897 2165 1912 2214 ;

351 2227 636 2294 Ἐξώκειλε
675 2232 737 2286 τὸ
771 2234 931 2301 γένος
976 2234 1084 2288 τῶν
1132 2235 1456 2308 ἀνθρώπων,
1511 2235 1706 2289 καὶτὰ
1742 2235 1915 2306 μέτρα

335 2311 436 2381 τῆς
451 2312 745 2384 ἐπιθυμίας
769 2318 1128 2388 ὑπερϐάντες,
1149 2321 1229 2385 εἰς
1250 2320 1544 2376 ἀκολασίαν
1571 2319 1910 2391 ἐπήρθησαν·

336 2394 434 2449 καὶ
461 2395 632 2465 ὅπως,
667 2398 859 2454 ἄκουει

419 2501 669 2570 Ἐγένετο
694 2505 1100 2578 κατακλυσμὸς,
1134 2507 1196 2561 τὸ
1235 2507 1416 2563 κοινὸν
1452 2510 1554 2580 τῆς
1588 2508 1916 2580 οἰκουμένης

337 2584 619 2653 ναυάγιον,
667 2590 1048 2662 καταρράκται
1099 2593 1454 2665 ἠνεῴχθησαν
1476 2633 1492 2657 ,
1543 2594 1639 2648 καὶ
1688 2594 1915 2649 ἄϐυσσοι

338 2669 768 2746 ἀνεϐλύσθησαν,
798 2677 893 2729 καὶ
913 2676 1089 2730 πάντα
1113 2673 1182 2747 ἦν
1214 2678 1380 2750 ὕδωρ,
1403 2679 1498 2732 καὶ
1521 2679 1590 2732 τὰ
1615 2678 1917 2748 φαινόμενα

336 2755 797 2826 ἀνεστοιχειοῦντο
837 2759 932 2812 καί
962 2759 1252 2824 διελύοντο,
1289 2763 1384 2816 καὶ
1412 2763 1484 2832 γῆ
1512 2763 1613 2816 οὐκ
1638 2762 1914 2831 ἐφαίνετο,

336 2835 547 2908 ἀλλ’-ἧν
569 2842 782 2895 ἅπαντα
825 2843 1082 2912 πέλαγος,
1124 2844 1280 2915 ῥίζαν
1307 2857 1334 2886 ι
1364 2844 1556 2915 ἔχοντα
1605 2845 1702 2916 τὴν
1747 2845 1916 2916 ὀργὴν

335 2919 430 2972 τοῦ
448 2921 603 2986 Θεοῦ,
628 2926 723 2978 καὶ
748 2924 926 2979 πάντα
971 2925 1191 2997 κύματα
1226 2923 1312 2999 ἦν,
1351 2930 1442 2982 καὶ
1472 2929 1650 2982 πάντα
1668 2927 1881 2997 πελάγη
1897 2942 1912 2956 ⁸

337 3005 438 3076 ὅρη
472 3006 610 3076 πρὸς
632 3006 765 3078 ὕψος
792 3010 1187 3082 ἀνατεταμένα,
1236 3011 1374 3065 ἀλλά
1400 3011 1461 3064 τὸ
1503 3011 1740 3080 πέλαγος
1775 3011 1915 3066 αύτά

338 3086 614 3142 ἐκάλυπτε
636 3108 649 3122 ⁸
673 3093 767 3145 καὶ
785 3087 854 3163 ἦν
879 3093 1115 3163 πέλαγος
1137 3096 1233 3148 καὶ
1269 3094 1497 3166 οὐρανὸς
1525 3095 1706 3166 μόνον,
1731 3098 1825 3149 καὶ
1847 3091 1914 3168 ἦν

335 3170 572 3239 τὸγένος
602 3173 709 3226 τῶν
741 3174 1046 3247 ἀνθρώπων
1076 3177 1373 3244 ἀπολωλὸς,
1411 3177 1506 3230 καὶ
1533 3173 1602 3247 ἦν
1630 3181 1656 3232 6
1683 3179 1914 3250 σπινθὴρ

335 3252 652 3335 τοῦγένους
687 3257 785 3311 τοῦ
836 3259 1108 3335 ἡμετέρου
1147 3259 1176 3311 6
1207 3259 1361 3326 Νῶε,
1398 3259 1635 3333 σπινθὴρ
1677 3262 1734 3314 ἐν
1766 3262 1917 3332 μέσῳ

337 3334 630 3407 πελάγους,
679 3340 773 3394 καὶ
832 3341 906 3414 μὴ
958 3334 1340 3414 σϐεννύμενος,
1387 3343 1489 3409 τὰς
1535 3344 1794 3415 ἀπαρχὰς
1822 3343 1914 3398 τοῦ

338 3418 530 3486 γένους
555 3422 588 3492 ἡ
598 3422 716 3492 μῶν
739 3422 901 3494 ἔχων,
950 3429 1188 3494 γυναῖκα
1215 3427 1310 3480 καὶ
1340 3427 1550 3493 παιδία,
1583 3427 1916 3500 περιστεράν

338 3502 435 3557 καὶ
487 3506 727 3575 κόρακα,
771 3508 866 3562 καὶ
897 3506 970 3562 τὰ
991 3508 1128 3563 ἄλλα
1155 3510 1358 3564 πάντα.
1396 3510 1508 3564 Καὶ
1545 3504 1686 3581 ἦσαν
1715 3511 1916 3574 πάντες

337 3587 507 3652 ἔνδον,
531 3589 627 3643 καὶ
649 3591 878 3663 ἐφέρετο
906 3593 940 3665 ἡ
964 3593 1122 3666 [785]
1147 3594 1380 3659 κιϐωτὸς
1404 3595 1590 3650 ἐπάνω
1613 3594 1708 3648 τοῦ
1726 3593 1916 3658 ὕδατος

339 3673 400 3725 ἐν
424 3673 574 3746 μέσῳ
605 3674 700 3728 τοῦ
730 3676 1023 3744 κλύδωνος,
1059 3678 1156 3732 καί
1198 3679 1300 3733 οὐκ
1333 3679 1619 3748 ἐναυάγει’
1653 3675 1770 3750 εἶχε
1807 3678 1917 3750 γὰρ

339 3756 682 3830 κυϐερνήτην
708 3759 800 3814 τὸν
827 3761 920 3816 τοῦ
947 3764 1148 3827 παντὸς
1171 3764 1470 3836 Δεσπότην.
1488 3766 1554 3819 Αἰ
1577 3763 1684 3835 γὰρ
1709 3765 1918 3830 σανίδες

337 3840 499 3894 αὐτὸν
527 3842 588 3896 οὐ
615 3843 878 3901 διέσωσαν
898 3847 947 3910 δ,
977 3847 1092 3901 ἀλλ’
1117 3843 1152 3911 ἡ
1177 3850 1300 3920 χεὶρ
1325 3849 1359 3920 ή
1396 3849 1661 3920 κραταιά·
1693 3848 1788 3902 καὶ
1815 3849 1921 3920 ὅρα..

340 3924 527 3996 θαῦμα
549 3942 562 3957 ·
594 3926 723 3982 Ὅτε
754 3929 850 3984 καὶ
882 3929 1179 4001 ἐξεκλύσθη
1208 3933 1240 4002 ή
1271 3931 1364 4001 γῆ,
1382 3932 1472 3985 ὅτε
1501 3930 1845 4005 ἀνῃρέθησαν
1867 3931 1916 3984 οἱ

339 4011 407 4064 τά
436 4009 582 4064 κακά
616 4013 1002 4085 ἐργασάμενοι,
1033 4015 1120 4068 ὅτε
1147 4014 1427 4087 ἐλώφησεν
1459 4019 1488 4069 6
1513 4015 1740 4090 χειμὼν,
1786 4019 1919 4090 ἐφά-

342 4110 511 4165 νησαν
557 4096 617 4148 αἱ
670 4099 909 4170 κορυφαὶ
942 4099 1051 4150 τῶν
1074 4099 1265 4169 ὀρέων,
1314 4099 1627 4173 ἐκάθισενή
1663 4101 1914 4164 κιϐωτὸς,

341 4175 554 4249 έπεμψε
583 4179 682 4247 τὴν
711 4181 1042 4252 περιστερὰν
1064 4182 1092 4234 6
1112 4181 1258 4236 Νῶε.

410 4284 699 4355 Μυστήρια
727 4285 783 4340 δὲ
814 4283 882 4360 ἦν
924 4287 994 4341 τά
1032 4287 1322 4358 λεγόμενα,
1351 4291 1446 4343 καὶ
1477 4289 1586 4342 τῶν
1617 4289 1917 4358 μελλόντων

342 4367 514 4431 τύπος
535 4367 602 4421 τά
627 4369 888 4440 γινόμενα
906 4385 920 4402 '
943 4365 1074 4437 οἷον,
1098 4376 1130 4443 ἠ
1157 4373 1453 4443 Ἐκκλησία
1469 4371 1718 4437 κιϐωτὸς,
1743 4376 1770 4426 6
1793 4374 1917 4427 Νῶε

342 4453 372 4505 6
404 4452 654 4524 Χριστὸς,
683 4455 717 4524 ή
748 4454 1046 4526 περιστερά
1069 4456 1130 4509 τὸ
1159 4453 1383 4526 Πνεῦμα
1406 4456 1468 4509 τὸ
1495 4457 1670 4526 ἀγιον,
1697 4458 1759 4509 τὸ
1786 4456 1920 4524 φύλ-

342 4535 432 4588 λον
458 4535 556 4605 τῆς
584 4535 770 4600 ἐλαίας
813 4539 846 4606 ἡ
891 4537 1270 4610 φιλανθρωπία
1294 4536 1388 4592 τοῦ
1423 4538 1581 4594 Θεοῦ.
1615 4539 1688 4593 Τὸ
1711 4539 1922 4612 ἥμερον

343 4616 482 4680 ζῶον
539 4617 896 4689 ἐξεπέμπετο,
947 4621 1041 4675 καὶ
1084 4621 1307 4692 ἐξῆλθεν
1347 4622 1458 4676 ἀπὸ
1505 4622 1607 4694 τῆς
1650 4623 1916 4676 κιϐωτοῦ’

342 4699 478 4756 ἀλλά
524 4700 691 4765 τύπος
736 4705 939 4769 ἐκεῖνα,
973 4704 1146 4760 ταῦτα
1189 4705 1246 4758 δέ
1276 4705 1673 4776 ἀλήθεια.”υρα
1713 4706 1772 4759 δὲ
1818 4705 1918 4776 τήν

341 4784 620 4856 δαψίλειαν
651 4786 748 4856 τῆς
774 4787 1052 4859 ἀληθείας.
1081 4788 1346 4861 Καθάπερ
1369 4791 1402 4859 ή
1425 4789 1656 4853 κιϐωτὸς
1682 4792 1740 4843 ἐν
1767 4790 1924 4861 μέσῳ

341 4869 437 4922 τεῦ
483 4870 752 4939 πελάγους
795 4872 1019 4936 διέσωζε
1050 4872 1177 4936 τοὺς
1221 4872 1331 4926 ἔσω
1369 4873 1550 4936 ὄντας,
1575 4873 1717 4926 οῦτω
1759 4875 1852 4926 καὶ¹
1883 4875 1920 4944 ἡ

356 4953 653 5023 Ἐκκλησία
665 4953 920 5018 διασώζει
939 4957 1066 5020 τοὺς
1087 4955 1475 5028 πλανωμένους
1494 4955 1758 5020 ἅπαντας.
1779 4956 1916 5013 Ἀλλ’

341 5037 380 5110 ὴ
410 5039 506 5108 μὲν
539 5039 768 5102 κιϐωτὸς
808 5038 979 5102 ἔσωζε
1027 5039 1207 5109 μόνον,
1244 5041 1277 5111 ή
1324 5039 1382 5093 δὲ
1426 5039 1724 5111 Ἐκκλησία
1756 5040 1917 5094 πλέον

340 5137 393 5173 τι
441 5119 750 5192 ἐργάζεται.
783 5115 908 5176 Οἷόν
934 5139 986 5175 τι
1018 5121 1192 5191 λέγω·
1223 5121 1454 5178 Ἔλαϐεν
1499 5125 1532 5194 ὴ
1585 5122 1814 5188 κιϐωτὸς
1848 5123 1920 5178 τά

341 5203 512 5271 ἄλογα
537 5245 551 5267 ,
584 5203 678 5257 καὶ
702 5203 904 5260 ἔσωσεν
931 5203 1100 5273 ἄλογα
1119 5221 1134 5234 ο
1175 5205 1362 5260 ἔλαϐεν
1393 5208 1426 5278 ή
1472 5207 1768 5280 Ἐκκλησία
1795 5207 1918 5260 ἀλό-

343 5301 470 5354 γους
493 5285 832 5359 ἀνθρώπους,
868 5289 960 5342 καὶ
980 5289 1040 5341 οὒ
1072 5287 1235 5354 σώζει
1265 5290 1446 5360 μόνον,
1471 5290 1608 5344 ἀλλά
1636 5292 1730 5344 καὶ
1760 5307 1919 5361 μετα-

343 5371 527 5424 ϐάλλει
546 5388 559 5399 ·
593 5371 782 5426 ἐλαϐεν
808 5374 842 5444 ή
873 5373 1101 5439 κιϐωτὸς
1129 5377 1361 5448 κόρακα,
1388 5377 1484 5430 καὶ
1511 5377 1722 5448 κόρακα
1743 5375 1918 5446 ἔπεμ-

342 5456 444 5527 ψεο
491 5455 759 5528 λαμϐάνει
814 5459 848 5530 ἡ
895 5458 1190 5531 Ἐκκλησία
1253 5460 1489 5533 κόρακα,
1513 5463 1611 5516 καὶ
1641 5460 1920 5532 ἐκπέμπει

405 5690 433 5756 ξ
460 5688 543 5756 _S_ic
559 5689 707 5756 Regi,
730 5691 852 5756 redit,
879 5705 996 5740 vcro
1017 5691 1189 5756 [ore].
1217 5691 1358 5756 ῥίζας.

407 5751 616 5820 h‘V_at_ic.
643 5751 698 5802 οῦ
722 5755 1022 5819 διετήρτσαν.
1048 5753 1204 5804 Paulo
1219 5751 1231 5758 ”
1248 5763 1356 5816 post
1397 5753 1522 5817 Reg.
1567 5754 1786 5816 ἐξεπλύθη
1831 5770 1917 5820 pro

345 5813 611 5874 ἐξικλύσθη.

1022 395 1061 449 S
1118 392 1404 448 JOANNIS
1442 385 1936 445 (IIIRYSOSTOMI
1975 385 2297 474 ARCHIEP.
2337 387 2890 444 CONSTANTINOP.

3497 386 3646 443 £033

2023 515 2380 589 περιστεράν
2431 498 2698 584 λαμϐάνει
2750 513 2940 576 λύκον,
2979 508 3072 564 καὶ
3117 505 3407 574 ἐκπέμπει
3466 502 3650 589 αὑτὸν

2020 584 2488 664 πρᾶὖατονβοταν
2533 600 2640 667 γὰρ
2675 598 2891 668 εἰσέλθῃ
2921 592 3149 648 ἐνταῦθα
3189 589 3509 657 ἄνθρωπος
3543 584 3650 650 dp-

2018 679 2225 744 πάζων,
2254 681 2609 745 πλεονεκτῶν,
2634 683 2841 753 ἀκούσῃ
2870 681 2925 734 δὲ
2953 680 3063 733 τῶν
3093 675 3256 729 θείων
3285 671 3514 756 λογὶωγ

2017 762 2390 828 διδασκαλίας,
2436 765 2759 836 μεταϐάλλει
2787 751 2884 834 τήν
2911 761 3161 831 γνώμην,
3209 758 3312 809 καὶ
3358 752 3503 806 ἀντὶ

2020 864 2116 900 κου
2145 849 2353 915 γίνεται
2388 834 2688 918 πρόϐατον·
2717 851 2746 902 6
2779 849 2877 920 μὲν
2912 841 3022 918 γὰρ
3047 845 3211 906 λύκος
3236 843 3341 928 3“?"
3368 837 3445 890 τὰ

2017 949 2146 1003 τρια
2194 934 2451 1004 ἁρπάζει,
2485 934 2544 987 τὸ
2591 934 2648 987 δὲ
2695 933 2967 1005 πρόϐατον
3016 931 3112 984 καὶ
3160 929 3227 982 τὸ
3269 927 3431 995 ἔριον
3463 921 3649 973 αὐτοῦ

2020 1017 2593 1085 προΐεται.Ἐκάθισεν
2639 1019 2675 1088 ἡ
2725 1015 2976 1080 κιϐωτὸς,
3025 1013 3120 1068 καὶ
3162 1005 3647 1088 ἀνεῴγησανμᾳλ

2020 1098 2201 1170 θύραι·
2221 1099 2439 1170 Ἐξῆλθε
2464 1100 2588 1154 Νῶε
2615 1085 2682 1153 ἐκ
2705 1098 2799 1159 τοῦ
2827 1097 3084 1166 ναυαγίου
3131 1090 3444 1151 διασωθείς
3464 1106 3480 1119 ·
3522 1085 3649 1156 βλέ-

2021 1201 2112 1236 πει
2143 1184 2242 1253 τὴν
2273 1185 2375 1254 γῆν
2407 1183 2802 1255 ἠρημωμένην,
2837 1182 3027 1253 βλέπει
3050 1181 3232 1248 τάφον.
3253 1173 3616 1245 ἐσχεδιασμὲ

2019 1285 2108 1321 νον
2145 1268 2279 1332 ἰλὺν,
2306 1269 2477 1338 τάφον
2507 1268 2682 1322 κοινὸν
2713 1268 2937 1338 κτήνεσι
2957 1265 3051 1323 καί⁸
3069 1259 3425 1334 ἀνθρώποις,
3451 1256 3643 1310 πάντα

2019 1352 2155 1422 ὁμοῦ
2199 1354 2266 1406 τὰ
2311 1352 2540 1423 σώματα
2587 1353 2769 1404 ἵππων
2801 1351 2900 1408 καὶ,
2932 1346 3238 1418 ἀνθρώπων
3271 1343 3378 1396 καὶ
3413 1340 3645 1411 κτηνῶν

2019 1435 2230 1503 ἀλόγων
2260 1438 2476 1489 πάντων
2505 1434 2639 1505 ὁμοῦ
2665 1431 3151 1502 κατακεχωσμένα.
3183 1423 3318 1481 Εἷδε
3360 1426 3475 1495 τὴν
3501 1441 3644 1493 τρα-

2019 1518 2222 1589 γῳδίαν
2262 1519 2500 1589 ἐκείνην,
2533 1514 2638 1572 εἶδε
2668 1519 2766 1588 τὴν
2798 1518 2899 1586 γῆν
2930 1514 3155 1586 πικρίας
3190 1513 3504 1583 γέμουσαν
3525 1524 3542 1537 ·
3584 1509 3642 1559 ἐν

2019 1600 2227 1673 ἀθυμίᾳ
2263 1602 2430 1672 πολλῇ
2461 1596 2550 1672 ἦν.
2577 1601 2778 1663 πάντες
2808 1598 3117 1653 ἀπώλοντο·
3155 1597 3262 1648 οὐκ
3303 1594 3640 1664 ἄνθρωπος.

2018 1684 2079 1736 οὑ
2109 1684 2324 1755 κτῆνος,
2353 1686 2458 1738 ούκη
2478 1685 2606 1738 ἄλλο
2625 1702 2674 1738 τι
2701 1684 2810 1737 τῶν
2834 1683 2939 1748 ἔξω
2961 1682 3061 1750 τῆς
3083 1677 3330 1733 κιϐωτοῦ
3359 1673 3636 1741 διεσώθη·

2018 1766 2248 1836 οὐρανὸν
2286 1768 2482 1821 ἔϐλεπε
2513 1768 2699 1839 μόνον’
2726 1769 2831 1821 ὑπὸ
2851 1767 2950 1837 τῆς
2970 1763 3206 1834 ἀθυμίας
3236 1760 3636 1832 ἐτυραννεῖτο,

2019 1851 2302 1922 κατείχετο
2332 1852 2436 1905 ὑπὸ
2478 1853 2578 1921 τῆς
2611 1851 2825 1919 ὀδύνης,
2862 1849 3013 1902 ἔπιεν
3041 1841 3206 1907 οἶνον,
3244 1845 3476 1897 ἔδωκεν
3508 1843 3634 1893 ἐαυ·

2019 1933 2110 1987 τὸν
2141 1933 2218 2003 τῷ
2252 1933 2432 2004 ὕπνῳ,
2460 1935 2545 1988 ἴνα
2581 1933 3042 2007 παραμυθήσηται
3067 1929 3125 1983 τὸ
3153 1929 3318 1991 ἕλκος
3352 1928 3470 1997 τῆς
3497 1925 3632 2007 (:09:-

2022 2016 2398 2081 μίας.⁶Ἐκειτο
2440 2017 2497 2070 δὲ
2540 2019 2632 2070 ἐπὶ
2663 2005 2777 2088 τῆς
2811 2013 3019 2084 κλίνης,
3050 2013 3309 2082 καθάπερ
3344 2005 3632 2078 ἰατρῷτῷ

2021 2099 2173 2170 ὕπνῳ
2197 2099 2390 2153 ἑαυτὸν
2427 2101 2613 2164 ἐκδοὺς
2630 2111 2678 2163 ο,
2705 2099 2877 2170 λήθην
2908 2095 3280 2168 ἐργαζόμενος
3306 2095 3379 2164 τῇ
3411 2091 3630 2160 διανοίᾳ

2017 2183 2127 2236 τῶν
2159 2184 2562 2253 γεγενημένων,
2601 2179 2690 2237 οἷα
2722 2183 2868 2245 εἰκὸς
2899 2179 3274 2252 γεγηρακότα,
3326 2175 3436 2231 καὶ
3485 2170 3630 2228 οἶνον

2020 2267 2234 2327 πιόντα,
2274 2268 2366 2320 καὶ
2414 2266 2566 2334 ’ὕπνῳ
2619 2267 3000 2337 κατεχόμενον.
3029 2265 3121 2316 Δεῖ
3162 2262 3275 2333 γὰρ
3326 2260 3488 2329 ὑπὲρ
3536 2257 3627 2310 τοῦ

2017 2349 2228 2403 δικαίου
2266 2350 2730 2421 ἀπολογήσασθαι,
2758 2351 2840 2403 ὃτι
2871 2350 2971 2402 οὐκ
3015 2343 3084 2418 ἦν
3131 2345 3309 2417 μέθης
3346 2343 3486 2395 οὐδὲ
3517 2341 3625 2394 πά-

2019 2434 2145 2498 θους
2175 2433 2438 2505 ἐπιθυμία
2465 2434 2524 2487 τὸ
2552 2435 2855 2504 γινόμενον,
2880 2430 3015 2486 ἀλλά
3036 2431 3102 2484 δι’
3131 2428 3486 2507 ἀμφοτέρων
3509 2427 3626 2507 ἰᾶτο

2019 2517 2079 2570 τὸ
2120 2517 2294 2581 ἐλκος.
2327 2503 2498 2570 Τοῦτο
2523 2516 2632 2588 γὰρ
2660 2503 2756 2570 καὶ
2782 2517 2811 2568 6
2840 2513 3092 2586 Σολομὼν
3125 2512 3276 2580 ἔλεγε
3299 2527 3316 2541 ⁸
3348 2505 3508 2563 Δότε
3535 2503 3624 2562 οι-

2020 2617 2133 2654 νον
2161 2599 2284 2667 τοῖς
2311 2600 2380 2654 ἐν
2405 2600 2596 2669 λύπῃ,
2629 2599 2727 2653 καὶ
2750 2598 2946 2669 μέθην
2976 2595 3102 2663 τοῖς
3124 2594 3196 2649 ἐν
3222 2594 3513 2658 ὀδύνας.

2089 2726 2189 2781 Διά
2215 2727 2373 2781 τοῦτο
2415 2727 2599 2781 πολλοί
2633 2726 2742 2781 τῶν
2787 2724 3108 2799 ἀνθρώπων,
3141 2723 3235 2777 καὶ
3274 2721 3534 2792 μάλιστα
3561 2721 3622 2774 ἐν

2019 2813 2130 2874 τοῖς
2156 2810 2484 2880 ἐπικηδείοις
2498 2807 2548 2877 ἀ,
2580 2811 2708 2863 ὅταν
2754 2826 2839 2873 τις
2885 2807 3156 2878 παιδίονῆ
3195 2808 3441 2874 γυναῖκα
3476 2805 3620 2857 ἀπο-

2021 2893 2180 2964 ϐάλῃ,
2209 2893 2394 2964 ἐπειδὴ
2429 2892 2491 2946 τὸ
2517 2892 2687 2955 πάθος
2712 2894 2986 2963 τυραννεῖ,
3015 2888 3202 2961 ἐπειδὴ
3223 2888 3437 2958 ἀθυμία
3461 2905 3616 2958 περι-

2019 2977 2246 3045 γίνεται,
2279 2975 2463 3047 ἐπειδὴ
2503 2978 2694 3047 κρατεῖ
2720 2976 2782 3029 τὸ
2812 2973 3074 3038 συνειδὸς,
3108 2971 3376 3044 λαμϐάνει
3415 2970 3614 3039 φίλους

2019 3061 2099 3122 εἰς
2142 3059 2242 3131 τὴν
2291 3058 2464 3112 οἰκίαν
2509 3060 2606 3130 τὴν
2659 3058 2874 3120 ἐαυτοῦ,
2909 3059 3000 3110 καἰ
3050 3056 3355 3128 συμπόσιον
3384 3053 3616 3124 δαψύὲς

2020 3146 2184 3209 ποιεῖ,
2217 3143 2312 3197 καὶ⁹
2349 3139 2492 3207 οἶνος
2534 3144 2774 3214 ἄκρατος
2803 3143 3001 3196 δίδοται
3029 3141 3108 3212 τῷ
3134 3139 3493 3211 λυπουμένῳ.
3526 3140 3623 3196 ἵνα

2019 3227 2483 3299 παραμυθήσηται
2530 3227 2592 3280 τὸ
2632 3227 2809 3290 ἕλκος.
2840 3224 3012 3279 Τοῦτο
3043 3223 3211 3277 ἔπαθε
3239 3222 3333 3276 καὶ
3364 3222 3396 3274 6
3421 3222 3618 3293 γέρων

2019 3313 2227 3374 ἐκεῖνος
2255 3313 2394 3364 τότε.
2414 3310 2550 3364 Ὑπὸ
2570 3310 2681 3381 γὰρ
2717 3310 2818 3380 τῆς
2846 3306 3000 3380 [784]
3039 3305 3275 3377 ἀθυμίας
3300 3301 3613 3376 τυραννού-

2023 3411 2203 3465 μενος.
2231 3393 2481 3465 καθάπερ
2497 3393 2773 3464 φαρμάκῳ
2791 3391 2870 3462 τῷ
2885 3391 3013 3460 οίνῳ
3027 3401 3050 3429 ε
3072 3389 3365 3460 ἐχρήσατο,
3387 3389 3487 3441 καὶ
3500 3384 3613 3441 ἀπὸ

2018 3477 2112 3530 τοῦ
2143 3477 2284 3530 οίνου
2316 3477 2544 3532 δέδωκεν
2583 3475 2772 3530 ἐαυτὸν
2815 3474 2895 3545 τῷ
2940 3473 3241 3544 ὓπνῳ.ἰνα
3285 3470 3342 3524 δὲ
3390 3469 3610 3543 μάθητε

2019 3562 2186 3615 πόθεν
2211 3563 2246 3634 ἠ
2274 3561 2486 3617 δουλεία
2513 3561 2690 3632 ἐδόθη,
2729 3559 2868 3631 μετά
2910 3558 3107 3629 μικρὸν
3134 3555 3392 3609 εἰσελθὼν
3425 3557 3455 3608 6
3488 3555 3612 3609 ἐπι-

2019 3645 2326 3715 κατάρατος
2354 3647 2557 3707 ἐκεῖνος
2583 3644 2696 3704 υἱὸς
2722 3641 2910 3707 αὐτοῦ,
2941 3643 3056 3706 υίὸς
3088 3640 3186 3710 μὲν
3209 3637 3379 3693 αὐτοῦ
3405 3640 3472 3709 τῇ
3501 3637 3608 3707 φύ-

2021 3748 2124 3794 σει,
2149 3730 2246 3802 οὐχ
2276 3730 2388 3792 υίὸς
2410 3730 2467 3784 δὲ
2488 3727 2806 3801 προαιρέσει
2836 3725 3022 3799 (πάλιν
3049 3725 3107 3779 δὲ
3133 3725 3274 3793 λέγω
3295 3723 3606 3790 εὐγένειαν,

2018 3814 2078 3866 ού
2109 3812 2388 3882 προγόνων
2421 3811 2796 3883 περιφάνειαν,
2828 3809 2963 3864 ἀλλά
2995 3808 3195 3882 τρόπον
3217 3806 3473 3877 άρετῆς)·
3498 3806 3609 3857 εἰσ-

2020 3895 2189 3950 ελθὼν
2224 3895 2253 3946 6
2283 3898 2397 3960 υίὸς
2435 3891 2541 3950 εἶδε
2583 3895 2681 3966 τὴν
2726 3893 3005 3964 γύμνωσιν
3049 3889 3144 3945 τοῦ
3189 3889 3422 3960 πατρός.
3473 3887 3614 3940 Δὲοι

2021 3981 2375 4052 περιστεῖλαι,
2408 3979 2524 4034 δέον
2571 3977 2938 4050 περικαλύψαι
2974 3975 3064 4030 διὰ
3104 3974 3168 4028 τὸ
3193 3973 3394 4044 γῆρας,
3426 3971 3516 4023 διὰ
3546 3970 3614 4052 τὸ

2021 4049 2234 4128 πένθος,
2264 4064 2352 4120 διά
2390 4063 2490 4134 τὴν
2523 4049 2828 4131 συμφοράν,
2853 4059 2942 4114 διὰ
2967 4060 3031 4112 τὸ
3059 4057 3275 4128 πατέρα
3316 4052 3489 4108 αὑτοῦ
3518 4049 3602 4105 εί-

2021 4163 2139 4204 ναι,·
2175 4148 2203 4199 6
2227 4147 2283 4200 δὲ
2315 4143 2544 4212 ἐξελθὼν
2576 4142 2951 4214 ἐξεπόμπευσε
2995 4141 3092 4194 καὶ
3136 4136 3597 4208 ἐξετραγῴδησεν.

2020 4230 2088 4290 Οιὶ
2115 4231 2172 4289 δὲ
2201 4230 2389 4290 ἄλλοι(
2419 4229 2586 4282 αὐτοῦ
2607 4228 2825 4298 ἀδελφοὶ
2845 4225 3100 4288 λαϐόντες
3128 4223 3350 4278 πάλλιον
3378 4219 3603 4273 ὀπισθο-

2021 4316 2225 4388 φανῶς,
2252 4315 2338 4369 ἵνα
2362 4313 2436 4385 μὴ
2463 4313 2612 4366 ἴδωσι
2635 4310 2704 4365 τά
2731 4309 2862 4382 παρ’
2883 4309 3092 4363 ἐκείνου
3113 4303 3604 4388 ἐκπομπευόμενα,

2021 4387 2350 4462 εἰσελθόντες
2389 4394 2662 4465 ἐκάλυψαν
2688 4393 2778 4450 τὸν
2808 4392 3040 4462 πατέρα.
3057 4388 3323 4451 Ἀναστὰς
3348 4387 3408 4440 δὲ
3439 4389 3470 4440 6
3499 4403 3600 4440 παο

2019 4485 2142 4556 τὴρ,
2171 4483 2312 4552 ἔγνω
2346 4481 2543 4543 πάντα,
2569 4478 2663 4534 καὶ
2703 4477 2928 4550 ἄρχεται
2951 4475 3162 4545 λέγειν’
3210 4469 3600 4556 Ἐπικατάρα-

2019 4554 2124 4633 τος
2175 4565 2417 4619 Χαναὰν
2453 4561 2594 4629 παῖς
2613 4579 2628 4593 ο
2656 4561 2892 4629 οἰκέτης
2917 4561 3088 4615 ἔσται
3135 4555 3261 4622 τοῖς
3311 4554 3598 4622 ἀδελφοῖς

2020 4650 2303 4706 αὑτοῦ.⁶¹υ
2323 4649 2380 4705 δὲ
2405 4647 2551 4717 λέγει
2576 4645 2814 4700 τοιοῦτόν
2841 4647 2983 4698 ἐστι·
3013 4641 3209 4704 Δοῦλος
3234 4639 3332 4711 ἔσῃ
3361 4679 3377 4702 ,
3401 4639 3487 4692 ὅτι
3515 4637 3596 4702 ἐξ·

2021 4734 2374 4805 επόμπευσας
2405 4731 2505 4803 τὴν
2533 4729 2918 4801 ἀσχημοσύνην
2945 4727 3039 4781 τοῦ
3070 4725 3274 4797 πατρός
3300 4741 3419 4778 σου.
3438 4724 3596 4794 Ὁρᾷς

2019 4820 2100 4873 ὃτι
2126 4817 2233 4872 ἀπὸ
2265 4815 2538 4886 ἁμαρτίας
2569 4816 2602 4884 ἡ
2635 4812 2865 4873 δουλεία,
2904 4811 2996 4864 καὶ
3027 4813 3060 4880 ή
3093 4806 3329 4879 πονηρία
3352 4807 3454 4877 τὴν
3475 4807 3596 4859 δου-

2020 4902 2171 4955 λείαν
2195 4901 2456 4971 εἰσήγαγε
2477 4915 2490 4964 ;
2516 4896 2699 4950 Βούλει
2726 4894 2884 4959 δείξω
2907 4910 2990 4947 σοι
3019 4891 3332 4962 ἐλευθερίαν
3354 4889 3594 4943 ἀπὸὸου-

2021 4986 2204 5048 λείας;
2246 4981 2490 5052 Ἐγένετό
2517 4997 2601 5044 τις
2645 4977 2930 5048 Ὀνήσιμος
2951 4975 3190 5044 οἰκέτης,
3218 4973 3596 5036 κατάπτυστος

2020 5067 2326 5140 δραπέτης*
2350 5059 2500 5126 οὗτος
2528 5063 2718 5130 ἔφυγε,
2744 5060 2838 5116 καὶ
2863 5056 3074 5128 ἀπῆλθε
3095 5055 3342 5140 πρὸςτὸν
3363 5054 3594 5121 Παῦλον,

2020 5139 2178 5223 ἔτυχε
2208 5148 2300 5203 τοῦ
2327 5146 2719 5218 βαπτίσματος,
2751 5139 3090 5201 ἀπελούσατο
3113 5139 3180 5223 τὰ
3198 5139 3592 5223 ἀμαρτήματα,

2022 5220 2329 5307 παρέμενεν
2361 5228 2527 5289 αὐτοῦ
2557 5229 2668 5293 τοῖς
2688 5225 2845 5279 ποσί·
2871 5223 3071 5307 γράφει
3106 5220 3318 5307 Παῦλος
3352 5220 3490 5307 πρὸς
3508 5220 3593 5274 τὸν

2021 5302 2287 5386 δεσπότην
2319 5312 2512 5366 αὐτοῦ’
2555 5310 2893 5379 Ὀνήσιμον,
2928 5306 3035 5359 τὸν
3067 5303 3215 5358 ποτέ
3264 5318 3367 5357 σοι
3414 5302 3592 5370 ἄχρη-

2021 5417 2192 5468 στον,
2223 5399 2340 5455 νῦν
2369 5396 2437 5451 δὲ
2467 5393 2563 5449 καὶ
2591 5392 2692 5451 σοὶ
2730 5391 2829 5445 καὶ
2854 5388 2983 5459 ἐμοὶ
3011 5387 3378 5458 εὔχρηστον,
3412 5398 3592 5455 προσ-

2087 5636 2113 5664 ε·
2141 5630 2298 5682 Vatic.
2319 5627 2573 5693 παραδούς.
2599 5627 2722 5693 ΗΘΚ.
2746 5624 2946 5693 ἐπιδούς.
3145 5686 3170 5693 _
3260 5683 3285 5693 _

2087 5694 2113 5733 ιι
2137 5694 2285 5741 Valle.
2312 5685 2608 5748 ἐπιτηδείοις,
2634 5685 2696 5736 οἱ
2709 5687 2831 5736 infra
2852 5690 2979 5748 idem
3007 5686 3170 5748 κρατεῖ
3201 5685 3292 5734 τοῦ
3315 5685 3581 5746 συνειδότος.

2091 5761 2114 5786 θ
2139 5757 2219 5803 Sic
2245 5753 2395 5802 Valic.
2421 5759 2576 5800 recte.
2605 5748 2732 5800 Edil.
2759 5749 2828 5810 τῷ
2851 5747 3070 5810 τοιούτῳ.

2091 5816 2111 5856 ῐ
2139 5817 2288 5867 Valic.
2316 5817 2343 5863 ὁ
2366 5815 2416 5863 δὲ
2436 5815 2594 5870 ἄλλος,
2615 5817 2670 5859 οι
2694 5813 2766 5860 sic
2781 5808 3038 5872 s'equenlia
3059 5809 3109 5858 in
3129 5808 3389 5871 singulari.
