3784 6334
2 407 19 459 Ι
40 407 213 468 037

1 520 223 583 Nihil
264 531 338 586 ad
370 538 423 586 te
448 529 635 585 attinet
664 546 677 583 :
706 535 764 584 ut
802 527 940 585 illius
966 528 1134 585 virtus
1159 526 1253 586 tibi
1295 543 1401 585 non
1430 531 1685 601 prodest,

0 616 63 668 si
110 620 426 679 virtutem
455 639 560 679 non
588 622 831 691 innitaris,
858 622 931 678 ita
958 638 1058 679 nec
1084 623 1226 678 illius
1256 623 1568 694 improbitas
1594 625 1689 681 tibi

0 708 394 785 quidquam
428 722 617 780 nocet,
653 714 697 769 si
740 713 1032 785 nequitiam
1062 713 1300 784 deponas
1334 733 1348 771 :
1379 715 1473 771 sed
1496 726 1553 771 ut
1582 716 1692 773 illic

6 804 274 875 majus
300 820 386 862 est
416 807 616 863 crimen
643 849 658 872 ,
686 807 830 878 quod
853 823 975 863 cum
1002 807 1303 878 exemplum
1334 806 1563 864 haberes
1589 808 1688 864 do-

4 906 187 949 lues
201 899 384 953 ticum
410 941 426 965 ,
448 900 698 954 virtutem
730 915 834 954 non
873 900 948 954 sis
983 898 1219 954 imitatus
1248 916 1262 955 :
1295 900 1368 956 ita
1406 899 1578 970 major
1605 898 1692 955 hic

9 980 202 1041 laus
245 997 475 1060 surget,
504 988 643 1061 quod
674 990 792 1060 quis
825 1005 945 1044 cum
991 990 1208 1045 haberet
1246 999 1471 1045 matrem
1516 988 1692 1046 scele-

11 1086 258 1146 stant,
288 1083 433 1137 illius
459 1082 852 1152 improbitatem
882 1097 987 1137 non
1014 1082 1084 1137 sit
1112 1082 1369 1149 imitatus,
1400 1078 1695 1137 sed‘dulcts
1730 1095 1739 1101 '

15 1170 306 1229 fructus
359 1176 429 1231 sit
468 1175 536 1230 ab
574 1174 763 1230 acerba
809 1174 988 1230 radice
1027 1183 1338 1245 prognatus.
1385 1172 1501 1229 Non
1549 1173 1693 1229 enim

18 1266 361 1335 splendor
400 1268 662 1339 majorum
688 1308 704 1335 ,
746 1266 839 1323 sed
871 1267 1064 1323 virtute
1093 1267 1298 1336 praediti
1341 1281 1518 1323 mores
1543 1281 1694 1339 qua:-

23 1368 317 1414 runtur.

137 1486 406 1543 Servitus
433 1504 551 1543 vera
579 1498 857 1559 peccatum.
881 1518 950 1530 -
978 1487 1093 1560 Ego
1115 1488 1199 1546 vel
1221 1502 1436 1545 servum
1463 1486 1696 1545 nobilem

28 1579 341 1646 appello,
372 1588 426 1634 et
448 1579 723 1635 dominum
750 1592 934 1635 eatena
965 1580 1234 1645 vinctum,
1264 1580 1311 1634 si
1339 1578 1469 1634 mibi
1495 1579 1696 1650 cogniti

32 1663 311 1723 fuerint
336 1669 450 1739 ejus
476 1683 652 1725 mores
677 1685 691 1723 :
722 1668 849 1724 mihi
873 1671 956 1725 vel
999 1670 1067 1739 is,
1102 1670 1191 1740 qui
1217 1670 1270 1725 in
1290 1669 1546 1741 dignitate
1570 1685 1699 1726 cono

36 1759 328 1816 stitutus
353 1771 468 1827 est,
498 1761 745 1832 ignobilis
771 1761 1003 1824 videtur,
1028 1762 1074 1818 si
1098 1761 1333 1817 animam
1363 1777 1574 1818 servam
1603 1761 1699 1816 ha-

38 1849 227 1907 beat
255 1870 271 1907 :
300 1855 422 1923 quis
441 1854 586 1909 enim
614 1867 800 1911 servus
824 1863 906 1910 est
927 1894 946 1922 ,
972 1855 1075 1910 nisi
1100 1855 1190 1925 qui
1221 1853 1346 1910 facit
1372 1853 1699 1926 peccatum?

46 1945 223 2000 Alia
247 1946 466 2018 quidem
480 1946 707 2002 servitus
730 1946 799 2001 ab
817 1947 1055 2002 adversis
1080 1932 1260 2002 rerum
1285 1945 1565 2003 eventibus
1584 1945 1697 2000 ori-

45 2046 204 2103 tur,
245 2037 366 2094 haec
393 2053 521 2094 vero
551 2037 778 2093 servitus
808 2037 1094 2093 discrimen
1125 2048 1206 2093 est
1234 2037 1433 2104 animi;
1461 2034 1701 2107 quando-

49 2129 330 2199 quidem
358 2145 390 2185 a
420 2129 681 2202 principio
705 2130 938 2185 servitus
962 2129 1086 2185 hinc
1112 2129 1349 2201 irrepsit.

153 2243 237 2299 7.
262 2242 377 2299 Non
399 2251 514 2299 erat
537 2243 676 2298 ullus
701 2258 890 2299 servus
918 2243 1084 2298 olim:
1118 2243 1260 2322 Deus
1284 2242 1427 2299 enim
1451 2255 1573 2297 cum
1604 2238 1703 2296 bo-

57 2333 311 2389 miuem
342 2333 597 2389 formarat
620 2375 636 2398 ,
668 2349 880 2389 servum
909 2335 1058 2388 illum
1092 2347 1425 2405 nequaquam
1456 2331 1585 2388 fecit
1605 2372 1622 2400 ,
1648 2341 1705 2388 at

60 2426 366 2484 liberum.
395 2426 659 2482 Adamum
685 2426 888 2483 creavit
916 2438 973 2481 et
1001 2427 1188 2495 Evam,
1215 2434 1369 2482 erant
1394 2423 1611 2495 quidem
1635 2424 1702 2479 li-

65 2516 227 2572 beri
268 2516 430 2572 ambo
461 2534 475 2571 :
508 2517 650 2572 unde
688 2517 848 2587 igitur
886 2527 1003 2573 orta
1044 2525 1128 2573 est
1166 2516 1438 2573 servitus?
1480 2515 1706 2588 impegit

67 2607 407 2664 humanum
435 2624 623 2681 genus,
652 2624 715 2664 ac
742 2610 957 2666 modum
985 2609 1289 2681 cupiditatis
1317 2610 1618 2679 excedens,
1649 2610 1705 2665 in

79 2700 394 2756 lasciviam
421 2709 506 2758 est
526 2701 810 2771 impulsum
841 2718 857 2757 :
884 2715 993 2772 quo
1019 2715 1145 2758 vero
1175 2709 1330 2773 pacto
1354 2701 1502 2757 audi.

169 2811 473 2883 Descriptio
502 2812 680 2866 diluvii
705 2811 920 2867 Noe.—
943 2812 1167 2868 Factum
1196 2819 1281 2868 est
1306 2811 1585 2882 diluvium,
1613 2826 1707 2867 or-

77 2901 187 2957 bis
222 2911 488 2958 terrarum
528 2918 812 2960 commune
860 2904 1191 2976 naufragium
1218 2946 1234 2971 ,
1276 2912 1561 2959 cataractae
1587 2904 1705 2959 (ιωιὶ

80 3006 316 3065 apertae
346 3008 468 3051 sunt
486 3038 502 3063 ,
532 3004 585 3052 ct
608 2996 787 3069 abyssi
815 2995 1045 3066 profusa:
1071 2995 1234 3069 (Gen.
1263 2997 1318 3050 7.
1346 2996 1454 3065 l0)
1485 3013 1497 3051 :
1526 2996 1706 3051 omnia

84 3097 268 3143 erant
296 3103 431 3158 aqua
456 3129 471 3152 ,
499 3096 555 3143 et
582 3102 700 3157 quae
729 3088 898 3143 oculis
935 3087 1205 3143 cernimus
1233 3087 1285 3142 in
1312 3087 1577 3142 elementa
1614 3102 1705 3142 re-

86 3179 483 3243 solvebantur,
513 3193 577 3232 ac
605 3178 1042 3242 destruebantur,
1080 3192 1178 3233 nec
1204 3177 1494 3247 apparebat
1522 3186 1659 3233 terra
1683 3193 1701 3243 ;

89 3270 206 3324 sed
229 3271 412 3326 omnia
438 3270 654 3341 pelagus
672 3278 846 3337 erant,
875 3268 1024 3325 radix
1050 3276 1232 3324 autem
1259 3268 1360 3323 illis
1386 3267 1605 3323 suberat
1630 3268 1706 3322 ira

94 3365 206 3420 Dei
233 3381 249 3431 ;
283 3363 475 3419 ﬂuctus
498 3374 653 3419 erant
681 3362 881 3429 omnia,
907 3370 963 3418 et
989 3362 1166 3417 omnia
1194 3361 1380 3427 maria,
1412 3368 1625 3415 montes
1652 3360 1707 3415 in

92 3457 283 3511 altum
313 3456 477 3512 erecti
511 3456 868 3526 proeminent,
905 3462 962 3509 at
998 3468 1094 3510 eos
1134 3453 1354 3524 pelagus
1382 3460 1702 3521 operuerat,

95 3556 432 3618 tantumque
475 3548 688 3619 pelagus
709 3589 723 3614 ,
756 3556 811 3603 et
835 3547 1021 3602 caelum
1047 3555 1163 3602 erat
1185 3587 1200 3614 ,
1231 3545 1497 3617 perditum
1536 3544 1709 3600 fuerat

94 3655 288 3711 genus
319 3641 606 3694 humanum
638 3656 653 3694 :
684 3639 914 3695 scintilla
943 3638 1111 3694 nos:ri
1140 3638 1352 3709 generis
1393 3637 1505 3693 Noe
1533 3645 1708 3693 resta-

96 3733 239 3797 bat,
267 3730 497 3786 scintilla
524 3731 577 3785 in
609 3730 786 3785 medio
811 3730 968 3798 mari,
1002 3745 1101 3784 nec
1125 3741 1300 3785 tamen
1331 3728 1708 3799 exstingueba-

97 3836 225 3893 tur,
256 3824 517 3896 primitias
544 3824 757 3895 generis
779 3823 945 3878 nostri
970 3837 1154 3878 secum
1180 3821 1382 3877 habens
1408 3835 1628 3876 uxorem
1654 3827 1709 3876 et

97 3922 340 3987 liberos,
373 3917 675 3973 columbam
695 3926 751 3972 et
774 3931 993 3972 corvum
1017 3924 1074 3972 et
1100 3924 1292 3971 caetera
1318 3914 1534 3969 omnia:
1564 3914 1708 3968 intus

98 4020 274 4068 erant
300 4024 511 4074 omnes,
540 4018 595 4064 et
622 4007 894 4065 ferebatur
918 4022 1041 4063 arca
1072 4022 1233 4077 super
1258 4021 1424 4078 aquas
1448 4007 1502 4061 in
1529 4006 1708 4062 medio

100 4102 370 4172 procella:
399 4144 415 4169 ,
452 4116 627 4173 neque
665 4099 995 4170 naufragium
1041 4099 1307 4165 faciebat;
1352 4099 1549 4169 quippe
1588 4113 1709 4168 quas

100 4196 527 4266 gubernatorem
573 4192 846 4247 dominum
891 4190 1114 4246 haberet
1159 4190 1542 4245 universitatis.
1587 4189 1708 4246 Non

100 4285 264 4340 ciiim
308 4298 517 4339 asseres
553 4283 702 4339 illum
736 4291 1055 4348 servarunt,
1086 4280 1182 4337 sed
1224 4281 1439 4337 robusta
1471 4282 1562 4336 Dei
1590 4296 1706 4336 mae

104 4388 244 4432 nus.
272 4375 351 4429 Ac
388 4374 508 4429 vide
548 4374 903 4438 miraculum;
933 4388 1053 4428 eum
1088 4373 1270 4428 abluta
1306 4372 1497 4428 fuisset
1522 4382 1664 4429 terra
1687 4414 1703 4439 ,

103 4481 241 4521 cum
268 4464 460 4520 sublati
481 4473 662 4519 essent
685 4480 716 4519 e
744 4463 942 4529 medio,
965 4465 1053 4534 qui
1078 4464 1215 4517 mala
1245 4473 1704 4532 perpetraverant,

104 4569 241 4612 eum
284 4554 466 4610 sedata
497 4566 787 4625 tempestas
826 4564 1006 4621 esset,
1049 4565 1411 4624 apparuerunt
1446 4555 1707 4611 montium

105 4648 374 4713 vertices,
401 4648 642 4705 consedit
672 4663 815 4716 area,
844 4647 1146 4704 columbam
1176 4648 1320 4702 misit
1350 4648 1482 4703 Noe.

190 4758 423 4821 Ecclesia
450 4776 565 4814 cum
589 4776 709 4817 arca
736 4759 851 4816 Noe
872 4760 1077 4816 collata.
1114 4758 1240 4815 Vide
1264 4760 1316 4813 in
1350 4758 1543 4814 llomil.
1574 4760 1626 4821 l,
1652 4760 1706 4815 in

113 4851 365 4918 Paulum,
387 4862 433 4906 et
473 4853 536 4909 de
576 4852 897 4908 Paanitentia.
922 4884 995 4898 --
1017 4854 1185 4909 Porro
1215 4854 1465 4925 mysteria
1496 4853 1709 4908 luerunt

112 4958 238 5018 qua;
274 4954 576 5010 narrantur,
600 4952 657 4998 et
682 4958 861 4998 rerum
891 4945 1184 4999 futurarum
1215 4946 1379 5015 figura
1400 4986 1415 5012 ,
1448 4960 1567 5014 qua:
1595 4954 1706 4999 tum

115 5036 317 5090 liebant
340 5074 354 5097 ,
388 5034 635 5089 nimirum
665 5048 787 5089 arca
833 5034 928 5089 fuit
970 5034 1206 5090 Ecclesia
1231 5077 1246 5102 ,
1276 5036 1389 5093 Noe
1418 5036 1663 5093 Christus
1686 5079 1701 5103 ,

112 5125 362 5181 columba
392 5124 620 5195 Spiritus
640 5135 875 5194 sanctus,
899 5127 1034 5182 oleze
1059 5125 1244 5182 folium
1268 5128 1357 5183 Dei
1383 5128 1702 5199 benignitas.

117 5219 391 5276 Emissum
423 5226 506 5274 est
532 5219 728 5275 animal
776 5230 1112 5277 mansuetum
1134 5261 1149 5288 ,
1182 5230 1238 5277 et
1266 5222 1394 5277 exiit
1432 5238 1496 5277 ex
1537 5237 1660 5276 arca
1685 5261 1701 5289 ,

120 5312 212 5368 ted
244 5311 409 5381 figura
441 5310 652 5367 fuerunt
683 5312 792 5379 illa,
820 5312 935 5368 hsce
962 5323 1087 5368 sunt
1113 5314 1330 5369 veritas.
1364 5313 1497 5369 Vide
1525 5323 1703 5370 autem

124 5406 361 5461 veritatis
382 5405 791 5463 abundantiam:
816 5406 1261 5475 quemadmodum
1292 5407 1342 5461 in
1374 5407 1550 5463 medio
1571 5411 1702 5465 mari

116 5498 366 5555 servabat
390 5513 484 5554 eos
512 5513 635 5553 arca
662 5540 675 5564 ,
708 5498 793 5572 qui
824 5498 962 5553 intus
993 5510 1140 5555 erant
1165 5542 1178 5565 ,
1210 5501 1287 5556 sic
1311 5511 1365 5555 et
1395 5516 1582 5558 omnes
1612 5504 1700 5573 qui

114 5600 318 5659 errant,
345 5600 522 5646 servat
552 5592 820 5646 Ecclesia:
845 5608 1025 5649 verum
1055 5608 1175 5648 arca
1203 5595 1449 5649 servabat
1475 5604 1696 5662 tantum,

116 5684 357 5743 Ecclesia
383 5683 634 5754 quiddam
674 5684 902 5753 amplius
945 5684 1171 5754 perlicit.
1214 5684 1457 5756 Exempli
1500 5701 1655 5742 causa
1683 5729 1697 5753 ,

117 5774 343 5833 rationis
371 5784 625 5846 expertes
650 5774 948 5831 animantes
975 5777 1180 5848 accepit
1208 5792 1330 5843 arca
1357 5819 1371 5843 ,
1404 5787 1457 5832 et
1483 5778 1701 5834 rationis

114 5877 364 5940 ωιιειιυε
386 5868 681 5925 animantes
701 5869 933 5927 servavit
962 5887 974 5925 :
1006 5870 1227 5928 rationis
1255 5881 1501 5945 expertes
1527 5871 1697 5929 homi-

1374 418 1465 476 DE
1504 419 1776 477 LAZARO
1813 420 2060 479 CONCIO
2096 423 2182 479 Vl.

3253 427 3391 486 102:8

1802 547 1898 589 nes
1918 533 2111 606 accipit
2132 532 2386 601 Ecclesia,
2412 551 2510 593 nec
2534 548 2711 595 servat
2732 547 2956 607 tantum,
2984 540 3080 597 sed
3100 543 3258 598 etiam
3290 545 3388 599 im-

1799 633 1991 681 mutat.
2020 626 2253 683 Corvum
2281 630 2485 698 accepit
2511 645 2633 686 arca
2657 672 2671 696 ,
2699 640 2755 688 et
2783 647 2998 691 corvum
3027 634 3206 689 emisit
3237 652 3250 688 z
3284 635 3388 691 Ec-

1799 717 1962 776 clesia
2000 733 2219 774 corvum
2257 721 2489 790 accipit,
2517 731 2571 777 et
2605 723 2905 778 columbam
2928 725 3165 779 emittit:
3199 724 3391 794 accipit

1800 810 2063 882 lupum,et
2081 828 2235 868 ovem
2255 813 2403 868 illum
2425 815 2636 869 emittit.
2660 815 2790 871 Cum
2817 818 2959 872 enim
2991 818 3261 889 ingressus
3290 819 3395 873 huc

1803 902 1961 958 fuerit
1985 901 2146 959 homo
2170 920 2334 975 rapax
2365 914 2418 960 et
2446 904 2736 974 fraudator,
2760 908 2847 963 ubi
2869 907 3167 964 divinorum
3189 907 3386 965 doctri~
3418 926 3439 947 ι

1802 1008 1925 1049 nam
1952 995 2282 1066 eloquiorum
2306 996 2759 1063 audiverit,mutat
2789 1009 3044 1066 mentem,
3071 1010 3126 1055 et
3147 1016 3242 1070 pro
3268 1001 3395 1070 lupo
3414 981 3429 994 ’

1803 1085 1865 1141 lit
1890 1087 2006 1141 ovis
2038 1105 2052 1142 :
2084 1088 2344 1159 siquidem
2388 1089 2544 1158 lupus
2584 1088 2754 1143 aliena
2791 1090 2964 1160 rapit,
3010 1100 3063 1145 at
3090 1092 3204 1145 ovis
3229 1091 3397 1147 etiam

1803 1176 1982 1233 lunam
2027 1195 2178 1235 suam
2221 1180 2486 1236 concedit.
2529 1180 2679 1237 Sedit
2719 1196 2878 1248 arca,
2910 1191 2964 1237 et
2990 1194 3243 1238 reseratae
3269 1192 3396 1239 sunt

1802 1282 2008 1343 portae;
2050 1288 2297 1345 egressus
2325 1283 2409 1330 est
2435 1289 2466 1330 e
2494 1274 2766 1345 naufragio
2794 1284 3037 1330 servatus
3064 1275 3176 1331 Noe
3202 1293 3215 1330 :
3247 1275 3395 1331 videt

1803 1374 1998 1422 terram
2015 1366 2328 1432 desolatam,
2348 1366 2492 1422 videt
2512 1367 2812 1436 sepulcmm
2831 1382 2894 1422 ex
2914 1375 3150 1437 tempore
3171 1366 3392 1434 factum,

1803 1455 2012 1524 limum,
2042 1471 2327 1512 commune
2352 1456 2608 1525 iumentis
2635 1465 2689 1510 et
2712 1455 3016 1511 hominibus
3041 1456 3342 1526 sepulcrum
3374 1474 3388 1510 :

1804 1558 1996 1605 cuncta
2024 1549 2181 1605 simul
2211 1565 2467 1620 equorum
2490 1592 2504 1616 ,
2540 1549 2844 1612 hominum,
2876 1559 2929 1604 et
2954 1550 3174 1603 rationis
3204 1565 3394 1619 exper-

1806 1640 1936 1695 tium
1975 1640 2336 1711 jumentorum
2377 1640 2613 1696 omnium
2653 1654 2876 1710 corpora
2922 1642 3126 1710 sepulta
3158 1649 3312 1696 erant
3339 1649 3394 1696 ct

1804 1732 2017 1788 obruta.
2042 1733 2187 1788 Vidit
2215 1733 2524 1803 tragmdiam
2555 1732 2699 1787 illam
2727 1774 2741 1798 ,
2771 1731 2902 1787 vidit
2928 1741 3122 1786 terram
3166 1732 3394 1787 miseria:

1806 1825 2040 1895 plenam,
2071 1825 2235 1879 multa
2257 1834 2372 1880 erat
2402 1825 2652 1879 obsessus
2682 1822 2955 1888 mtestitia,
2989 1823 3259 1892 perierant
3279 1837 3395 1875 om-

1807 1931 1904 1972 nes
1927 1958 1943 1983 ,
1972 1931 2077 1970 non
2100 1916 2296 1982 homo,
2328 1930 2432 1969 non
2458 1915 2762 1985 jumentum
2791 1955 2804 1978 ,
2852 1928 2956 1967 non
2995 1913 3136 1967 aliud
3188 1912 3396 1983 quidvis

1806 2023 1993 2064 eorum
2015 2051 2029 2075 ,
2061 2025 2179 2078 quae
2204 2007 2413 2063 fuerant
2438 2017 2587 2063 extra
2615 2022 2815 2071 arcam,
2848 2014 3113 2061 servatum
3142 2015 3223 2060 est
3247 2024 3260 2060 :
3287 2021 3397 2061 caa-

1808 2098 1917 2154 lum
1943 2099 2193 2154 cernebat
2221 2098 2391 2153 solum
2421 2140 2436 2165 ,
2464 2097 2715 2152 maestitia
2742 2095 3107 2166 torquebatur,
3130 2106 3183 2151 et
3210 2096 3398 2151 dolore

1809 2191 2150 2262 premebatur
2177 2209 2190 2245 :
2218 2191 2399 2246 vinum
2426 2189 2576 2255 bibit,
2601 2204 2791 2244 somno
2816 2190 3049 2259 seipsum
3076 2188 3309 2251 tradidit,
3341 2196 3399 2243 nt

1810 2284 2003 2339 vulnus
2050 2282 2318 2340 maestitiae
2360 2281 2647 2352 mitigaret.
2692 2280 2913 2336 Jacebat
2954 2280 3007 2334 in
3052 2280 3228 2347 lecto,
3276 2294 3397 2334 cum

1811 2389 2002 2432 somno
2032 2375 2264 2445 seipsum
2300 2381 2568 2443 tamquam
2594 2371 2803 2428 medico
2830 2371 3098 2436 dedisset,
3136 2380 3194 2425 ut
3235 2372 3399 2426 menti

1813 2466 2129 2537 subreperet
2160 2481 2345 2521 eorum
2376 2464 2591 2531 oblivio,
2623 2479 2743 2534 quae
2771 2462 3113 2527 acciderant;
3142 2462 3277 2517 sicut
3304 2461 3401 2515 ho-

1812 2558 1941 2614 mini
1962 2558 2076 2614 seni
2106 2556 2324 2622 assolet,
2349 2556 2438 2626 qui
2466 2555 2643 2609 vinum
2667 2554 2896 2618 biberit,
2921 2562 2975 2607 et
2996 2566 3185 2609 somno
3209 2553 3279 2607 sit
3306 2567 3400 2621 op-

1811 2664 2028 2722 pressus
2054 2667 2069 2704 :
2092 2650 2294 2719 justum
2317 2649 2457 2704 enim
2484 2656 2693 2717 oportet
2721 2660 2995 2709 excusare,
3027 2645 3168 2715 quod
3194 2660 3297 2699 nou
3328 2660 3398 2699 ex

1813 2741 2090 2807 ebrietate,
2113 2741 2199 2795 vel
2228 2756 2291 2795 ex
2322 2738 2581 2808 passionis
2606 2737 2871 2792 desiderio
2901 2752 2988 2791 res
3017 2737 3091 2790 illi
3126 2738 3238 2791 hzec
3258 2738 3401 2791 acci-

1812 2832 1986 2900 derit,
2028 2833 2121 2888 sed
2163 2838 2389 2901 utroque
2413 2829 2606 2884 vulnus
2630 2827 2925 2897 mitigabat.
2950 2827 3063 2884 Hoc
3089 2828 3229 2883 enim
3255 2827 3403 2882 dice.

1814 2924 1906 2980 bat
1930 2931 1984 2980 ct
2011 2924 2263 2978 Salomon
2291 2939 2305 2975 :
2341 2920 2471 2974 Date
2506 2920 2677 2973 vinum
2720 2919 2785 2973 iis
2808 2960 2824 2985 ,
2856 2918 2944 2990 qui
2984 2918 3037 2972 in
3068 2934 3279 2973 maerore
3301 2960 3317 2984 ,
3354 2929 3401 2972 et

1814 3019 2224 3075 inebriamentum
2251 3017 2335 3081 iis,
2365 3015 2451 3086 qui
2475 3016 2528 3069 in
2553 3013 2807 3068 doloribus
2836 3013 3018 3083 (Prov.
3051 3013 3136 3067 51.
3162 3012 3255 3084 6).

1896 3111 2010 3165 Vini
2032 3126 2152 3164 usus
2172 3109 2224 3163 in
2245 3108 2403 3163 luctu.
2420 3136 2491 3147 —
2517 3105 2722 3161 idcirco
2748 3105 2899 3159 multi
2922 3104 3164 3159 homines
3188 3120 3250 3160 ac
3270 3112 3406 3170 prte-

1814 3202 1969 3274 cipue
1993 3210 2233 3272 tempore
2260 3196 2653 3268 exsequiarum,
2684 3211 2805 3251 cum
2828 3193 2946 3265 quis
2968 3194 3130 3249 lilium
3155 3203 3243 3249 aut
3265 3208 3400 3248 uxo-

1815 3309 1929 3350 rem
1960 3290 2219 3356 amiserit,
2243 3291 2366 3361 quia
2392 3287 2721 3359 perturbatio
2744 3286 2850 3340 vim
2879 3285 3020 3353 facit,
3046 3285 3166 3356 quia
3198 3284 3401 3339 maesti-

1815 3386 1888 3442 tia
1916 3385 2081 3441 vincit
2099 3426 2115 3451 ,
2145 3383 2268 3455 quia
2294 3380 2616 3440 conscientia
2643 3379 2967 3444 dominatur,
2996 3379 3196 3433 amicos
3220 3392 3401 3433 secum

1814 3479 2009 3549 accipit
2032 3478 2085 3532 in
2112 3476 2257 3532 :edes
2285 3490 2410 3531 suas
2432 3516 2448 3539 ,
2476 3474 2754 3543 opiparum
2797 3473 2954 3526 struit
2986 3471 3284 3526 convivium
3305 3511 3321 3536 ,
3348 3480 3403 3526 et

1815 3569 1997 3624 vinum
2023 3582 2227 3622 merum
2251 3564 2462 3619 tristitia
2491 3571 2740 3631 correpto
2765 3561 2940 3627 datur,
2969 3569 3028 3615 ut
3048 3562 3238 3615 vulnus
3260 3561 3403 3614 miti-

1815 3672 1940 3735 get;
1969 3662 2068 3715 hoc
2088 3668 2142 3715 et
2166 3659 2245 3714 illi
2271 3658 2384 3713 seni
2409 3666 2531 3711 tunc
2555 3655 2767 3710 accidit.
2797 3654 2928 3709 Nam
2948 3670 3069 3707 cum
3098 3655 3169 3707 illi
3202 3654 3403 3708 maesti-

1816 3750 1885 3810 tia
1912 3753 2016 3808 vim
2044 3752 2289 3812 afferret,
2317 3749 2419 3804 hoc
2442 3756 2709 3817 tamquam
2741 3745 3028 3816 pharmace
3054 3762 3181 3800 usus
3202 3755 3284 3800 est
3303 3788 3317 3810 ,
3348 3754 3402 3801 et

1816 3853 1938 3916 post
1966 3844 2145 3897 vinum
2176 3842 2407 3910 seipsum
2438 3854 2627 3895 somno
2658 3837 2889 3892 tradidit.
2914 3835 2982 3893 Ut
3009 3836 3147 3890 unde
3173 3838 3403 3892 servitus

1816 3934 1981 3991 indita
2009 3933 2079 3986 sit
2108 3930 2410 4001 intelligatis
2433 3971 2447 3996 ,
2481 3928 2637 3999 paulo
2669 3937 2786 3997 post
2816 3943 2937 3983 cum
2971 3928 3238 3996 ingrcs<us
3263 3936 3402 3983 esset

1816 4025 2127 4083 maledictus
2153 4022 2242 4078 ille
2270 4021 2407 4076 lilius
2430 4021 2565 4088 ejus,
2592 4019 2736 4074 illius
2758 4028 2963 4085 natura,
2992 4033 3095 4071 non
3129 4019 3363 4073 moribus
3386 4035 3400 4073 :

1814 4131 2003 4173 rursus
2029 4115 2226 4188 quippe
2256 4112 2582 4168 nobilitatem
2619 4126 2725 4165 non
2770 4110 3029 4179 majorum
3060 4111 3400 4180 Splendorem

1814 4210 2024 4282 appello
2049 4249 2064 4276 ,
2094 4208 2191 4265 sed
2216 4208 2408 4263 virtute
2438 4204 2689 4273 praeditos
2717 4220 2894 4260 mores
2918 4221 2933 4268 ;
2973 4220 3092 4259 cum
3132 4205 3402 4274 ingressus

1814 4315 1956 4362 esset
1996 4304 2168 4366 filius,
2210 4301 2500 4357 nuditatem
2545 4299 2709 4368 patris
2749 4297 2889 4353 videt
2922 4315 2934 4351 :
2975 4313 3096 4353 cum
3128 4296 3401 4358 debuisset

1815 4398 2095 4467 obtegere,
2120 4409 2239 4450 cum
2266 4393 2538 4449 debuisset
2567 4390 2768 4455 velare,
2797 4398 3016 4460 propter
3043 4400 3397 4456 senectutem,

1814 4498 2034 4558 propter
2062 4499 2346 4541 maerorem
2375 4525 2389 4547 ,
2437 4490 2655 4553 propter
2686 4481 3039 4535 calamitatem
3066 4522 3080 4543 ,
3119 4488 3400 4549 propterea

1813 4581 1955 4652 quod
1981 4588 2133 4651 pater
2152 4578 2267 4649 ejus
2285 4585 2432 4642 erat;
2463 4577 2554 4630 ille
2578 4590 2705 4629 vero
2731 4588 2975 4643 egressus
3005 4572 3317 4643 divulgavit.
3348 4581 3400 4627 et

1816 4673 2015 4741 tragice
2038 4671 2202 4726 auxit.
2234 4671 2309 4723 Ac
2333 4666 2511 4722 czcteri
2538 4667 2652 4731 eius
2676 4665 2866 4719 fratres
2890 4674 3101 4733 sumpto
3126 4665 3287 4734 pallio
3315 4680 3401 4720 re-

1814 4773 2068 4827 trorsum,
2101 4776 2168 4816 ne
2193 4758 2456 4823 viderent,
2489 4773 2607 4827 qua:
2638 4756 2728 4810 ille
2756 4755 3137 4825 divulgaverat,
3172 4756 3398 4827 ingressi

1812 4866 2016 4925 patrem
2047 4862 2393 4922 operuerunt.
2425 4848 2560 4903 Tum
2602 4848 2688 4902 ubi
2732 4849 2964 4902 surrexit
3004 4860 3185 4917 pater,
3214 4850 3396 4905 omnia

1810 4946 2081 5017 Cognovit,
2112 4953 2165 4999 et
2193 4943 2373 4997 dicere
2400 4941 2561 5010 cmpit
2591 4957 2605 4996 :
2639 4938 2945 4993 Maledictus
2970 4938 3215 4994 Chanaan
3246 4956 3404 5009 puer;

1814 5038 2037 5112 famulus
2066 5037 2158 5090 erit
2182 5033 2421 5104 fratribus
2447 5032 2553 5086 suis
2585 5028 2748 5101 (Gen.
2775 5028 2829 5083 9.
2856 5029 2927 5083 ‘25
2946 5027 2987 5099 ).
3018 5028 3253 5095 Quorum
3278 5045 3399 5085 ver-

1814 5132 1999 5184 borum
2033 5128 2147 5183 hazc
2175 5134 2256 5181 est
2275 5123 2537 5179 sententia
2572 5138 2585 5175 :
2615 5134 2805 5174 servus
2831 5118 2957 5185 eris,
2981 5119 3103 5187 quia
3131 5120 3294 5187 patris
3327 5119 3399 5174 tui

1813 5220 2191 5290 turpitudinem
2236 5215 2536 5286 divulgasti.
2568 5212 2729 5268 Vides
2757 5220 2814 5266 ut
2848 5226 2880 5266 e
2920 5218 3140 5280 peccato
3169 5211 3399 5266 servitus

1811 5320 1926 5367 orta
1958 5310 2059 5374 sit,
2091 5317 2145 5362 et
2180 5306 2492 5376 improbitas
2532 5304 2846 5359 servitutem
2887 5299 3278 5356 introduxerit?
3307 5300 3400 5357 Vis

1810 5402 2088 5460 ostendam
2117 5398 2419 5454 libertatem
2450 5409 2516 5450 ex
2544 5392 2843 5450 servitute?
2872 5392 3123 5446 Famulus
3153 5390 3250 5445 fuit
3278 5391 3401 5462 qui-

1806 5496 1932 5551 dam
1958 5493 2261 5555 Onesimus,
2293 5489 2595 5558 despectus,
2624 5484 2878 5553 fugitivus
2907 5500 2920 5538 :
2953 5483 3040 5538 hic
3068 5482 3218 5553 fugit,
3251 5492 3306 5537 et
3330 5481 3398 5537 ad

1809 5589 2030 5645 Paulum
2061 5585 2188 5641 abiit
2214 5625 2229 5649 ,
2256 5583 2574 5652 baptismum
2601 5578 2864 5641 obtinuit,
2894 5584 3105 5644 peccata
3129 5575 3296 5639 eluit,
3328 5574 3395 5630 ad

1807 5680 1972 5752 pedes
1999 5678 2116 5742 eius
2145 5674 2402 5730 remansit
2431 5689 2445 5725 :
2473 5669 2659 5725 scribit
2693 5668 2758 5721 ad
2797 5667 3070 5721 dominum
3102 5669 3216 5735 ejus
3256 5665 3396 5719 l‘au-

1810 5773 1917 5827 lum
1948 5788 1963 5826 ι
1997 5767 2291 5821 Onesimum
2316 5764 2401 5835 qui
2428 5761 2517 5816 tibi
2553 5759 2830 5826 aliquando
2858 5757 3049 5812 inutilis
3083 5758 3180 5829 fuit
3204 5798 3218 5820 ,
3266 5772 3400 5809 nunc

1808 5876 1988 5925 autem
2015 5875 2063 5922 et
2102 5864 2225 5923 mihi
2268 5873 2313 5918 et
2356 5860 2440 5917 tibi
2466 5858 2626 5928 utilis,
2668 5859 2813 5914 illum
2852 5868 2904 5912 ut
2945 5872 3021 5911 me
3045 5854 3245 5925 suscipe
3273 5851 3294 5923 (
3322 5849 3401 5905 Ad
