3784 6294
387 331 405 384 1
417 329 522 385 059

385 443 611 498 Philem.
636 440 846 515 10-12).
868 440 1004 510 Quid
1030 440 1176 498 enim
1201 440 1429 502 accidit?
1455 444 1610 507 Quem
1632 439 1782 512 genui
1797 440 1848 494 in
1864 439 1978 496 ain-

381 537 510 591 cnlis
537 537 678 592 meis.
1355 591 1358 596 .

455 631 509 686 8.
542 630 728 685 Vidisti
751 630 1109 696 nobilitatem,
1136 628 1312 686 vidisti
1339 643 1537 696 mores,
1568 627 1658 699 qui
1682 626 1893 698 pariunt
1913 624 1979 680 li-

383 722 694 779 bertatem?
719 721 915 778 Servus
941 722 1087 777 enim
1119 731 1173 777 et
1211 720 1344 778 liber
1379 721 1596 777 nomina
1622 729 1748 775 sunt
1770 718 1976 789 simpli«

387 815 543 870 citer.
573 814 708 884 Quid
737 823 822 870 est
850 815 1079 870 servus?
1113 814 1322 870 Nudum
1364 830 1579 869 nomen.
1622 812 1791 882 Quam
1826 811 1980 868 multi

389 905 592 960 domini
631 905 766 960 ebrii
789 904 972 975 jaceat
1000 906 1053 962 in
1082 905 1212 960 toris
1234 947 1249 970 ,
1281 905 1462 964 famuli
1489 919 1621 960 vero
1643 903 1857 958 adstant
1892 917 1980 958 so-
2009 953 2012 958 .

388 995 530 1052 brii?
560 994 749 1054 Utrum
791 995 1074 1067 appellabo
1099 1009 1311 1050 servum
1355 995 1590 1050 sobrium
1629 1009 1697 1048 an
1727 991 1979 1050 ebrium?

389 1102 608 1143 servum
640 1087 890 1154 hominis,
921 1102 992 1143 an
1019 1088 1341 1158 mancipium
1369 1086 1520 1142 vitii?
1553 1086 1645 1141 Ille
1667 1085 1979 1148 servitutem

389 1181 626 1236 exterius
666 1181 872 1247 habet,
920 1179 1007 1236 hic
1050 1182 1410 1250 captivitatem
1457 1180 1598 1234 intus
1647 1178 1976 1234 circumfert.

391 1271 521 1327 Ilaic
549 1286 651 1344 ego
678 1272 799 1328 dico
825 1311 841 1337 ,
873 1287 1046 1342 neque
1073 1271 1254 1328 dicere
1277 1271 1501 1326 cessabo
1523 1312 1540 1335 ,
1577 1280 1634 1326 ut
1664 1269 1734 1326 de
1773 1270 1933 1325 rebus
1961 1310 1979 1337 ,
2006 1323 2010 1326 .

391 1373 554 1434 prout
589 1380 772 1420 earum
823 1374 1010 1419 natura
1048 1365 1248 1436 exigit,
1289 1365 1532 1419 sentiatis
1557 1405 1572 1430 ,
1601 1378 1773 1433 neque
1797 1377 1984 1418 errore

393 1456 535 1526 vulgi
564 1456 897 1512 abducamini
923 1499 939 1523 ,
962 1456 1055 1512 sed
1077 1457 1200 1527 quid
1223 1471 1413 1513 servus
1438 1457 1508 1510 sit
1530 1456 1784 1512 noveritis
1808 1495 1824 1519 ,
1855 1453 1982 1525 quid

394 1561 618 1617 pauper,
646 1546 773 1617 quid
803 1548 1088 1615 ignobilis,
1118 1546 1247 1616 quid
1276 1547 1464 1602 beatus
1483 1587 1498 1612 ,
1529 1547 1653 1616 quid
1689 1546 1896 1601 vitium.
1923 1543 1982 1602 Si

394 1638 541 1692 enim
567 1638 665 1693 ista
691 1637 984 1708 dijudicare
1007 1637 1301 1693 didiceritis
1319 1679 1336 1704 ,
1367 1638 1511 1694 nulla
1533 1653 1628 1693 vos
1652 1637 1983 1710 perturbatio

395 1730 670 1801 percellet.
701 1729 804 1787 Sed
833 1746 899 1786 ne
924 1730 1062 1802 quod
1093 1731 1266 1786 obiter
1291 1731 1492 1787 dictum
1523 1741 1605 1787 est
1640 1731 1865 1802 amplius
1893 1731 1985 1785 fiat

394 1838 460 1880 eo
478 1864 494 1891 ,
521 1823 590 1879 de
611 1839 716 1893 quo
741 1825 934 1895 agitur,
961 1834 1014 1879 et
1033 1826 1328 1880 orationem
1356 1825 1464 1880 alio
1493 1823 1773 1888 traducat,
1804 1823 1872 1878 ab
1899 1838 1986 1877 ar-

393 1925 650 1984 gumento
687 1915 1177 1978 nondiscedamus.
1207 1915 1304 1970 llic
1334 1916 1492 1986 igitur
1509 1914 1662 1970 dives
1685 1956 1700 1982 ,
1737 1914 2003 1984 deinceps,

393 2020 524 2061 vero
551 2020 750 2076 pauper
777 2024 792 2062 :
821 2001 929 2062 imo
972 2022 1102 2063 vero
1133 2016 1243 2062 tum
1283 2023 1404 2062 cum
1430 2007 1621 2078 opibus
1646 2005 1985 2071 abundabat,

395 2112 598 2167 pauper
621 2105 758 2154 erat.
789 2098 924 2168 Quid
954 2100 1096 2155 enim
1125 2100 1342 2170 prodest
1371 2099 1594 2169 homini,
1622 2100 1670 2155 si
1689 2099 1863 2156 aliena
1893 2098 1990 2156 ha-

395 2187 540 2255 beat,
568 2197 621 2244 et
645 2204 742 2244 sua
768 2206 873 2246 non
901 2189 1135 2246 habeat?

468 2279 767 2349 Depositum
789 2292 906 2338 sunt
935 2282 1142 2338 divitiae.
1175 2312 1246 2324 -—
1283 2281 1420 2352 Quid
1465 2282 1681 2354 prodest
1709 2281 1912 2338 homini
1941 2281 1988 2337 si

397 2370 651 2441 pecunias
694 2371 1002 2444 possideat,
1052 2373 1301 2429 virtutem
1350 2391 1478 2430 vero
1524 2390 1630 2430 non
1675 2375 1988 2446 possideat?

395 2462 507 2517 Cur
532 2477 594 2518 ea
620 2478 738 2533 qua:
763 2473 888 2519 sunt
917 2463 1141 2520 aliorum
1159 2465 1378 2536 accipis,
1405 2476 1460 2521 et
1501 2475 1587 2521 tua
1615 2467 1829 2536 perdis?
1871 2467 1988 2524 Vil-

396 2551 526 2619 lam,
557 2552 746 2623 inquit,
777 2553 1006 2610 fertilem
1029 2555 1230 2611 habeo:
1258 2556 1384 2627 quid
1409 2566 1491 2612 est
1518 2556 1729 2613 hoc?at
1755 2558 1988 2614 animam

399 2642 628 2697 fertilem
657 2658 764 2698 non
797 2643 1000 2699 habes:
1029 2644 1201 2702 habeo
1240 2647 1504 2718 mancipia
1524 2688 1540 2712 ,
1595 2649 1691 2704 sed
1737 2650 1987 2706 virtutem

398 2751 503 2792 non
529 2737 734 2794 habes:
762 2738 933 2794 habeo
962 2738 1292 2807 indumenta,
1323 2741 1416 2796 sed
1445 2741 1695 2811 pietatem
1723 2758 1828 2798 non
1861 2759 1987 2813 pose

396 2827 542 2882 sides
573 2845 586 2881 :
616 2829 756 2899 quod
776 2829 997 2888 alterius
1021 2841 1104 2886 est
1145 2831 1308 2886 habes
1331 2872 1349 2900 ,
1379 2840 1468 2887 tua
1505 2848 1634 2890 vero
1663 2848 1772 2889 non
1801 2834 1988 2892 habes.

398 2919 455 2973 Si
495 2919 614 2988 quis
641 2919 946 2988 depositum
995 2921 1088 2976 tibi
1135 2922 1448 2987 tradiderit,
1501 2939 1630 2978 num
1677 2934 1730 2982 te
1769 2926 1990 2984 divitem

396 3022 616 3077 possum
672 3011 904 3064 vocare?
955 3011 1194 3074 Minime.
1243 3013 1462 3084 Quare?
1514 3014 1668 3082 Quod
1715 3017 1989 3086 possideas

397 3100 592 3156 aliena.
621 3101 732 3158 lloc
759 3103 902 3159 enim
929 3113 1012 3160 est
1038 3103 1340 3174 depositum
1365 3123 1379 3160 :
1407 3117 1565 3179 atque
1594 3109 1794 3166 utinam
1821 3110 1990 3182 depo-

398 3193 560 3248 situm
591 3202 792 3249 tantum
817 3204 994 3264 esset,
1027 3211 1201 3266 neque
1225 3200 1463 3254 accessio
1499 3200 1592 3255 tibi
1617 3203 1866 3272 supplicii
1892 3204 1989 3259 fie-

399 3293 501 3340 ret.
557 3284 692 3340 Cum
737 3285 959 3342 vidisset
995 3303 1122 3359 ergo
1165 3288 1424 3346 Lazarum
1447 3291 1602 3348 dives
1624 3334 1641 3360 ,
1681 3297 1756 3350 ait
1785 3313 1800 3350 :
1834 3294 1992 3350 Pater

401 3375 681 3439 Abraham,
712 3377 946 3432 miserere
979 3379 1075 3433 mei
1105 3378 1258 3450 (Luc.
1289 3381 1376 3436 16.
1405 3381 1520 3454 24).
1575 3384 1832 3455 Pauperis
1867 3397 1991 3446 sunt

401 3465 518 3522 hmc
548 3467 706 3522 verba
723 3509 740 3536 ,
768 3469 1038 3536 mendici,
1063 3471 1238 3542 egeni.
1289 3471 1449 3528 Pater
1471 3473 1728 3530 Abraham
1758 3477 1993 3536 miserere

401 3559 520 3613 mei.
546 3559 686 3628 Quid
718 3561 831 3617 vis?
872 3560 1019 3618 Mitte
1041 3560 1316 3622 Lasarum.
1344 3564 1516 3634 Quem
1539 3567 1734 3626 millies
1767 3578 1989 3638 prmter-

400 3649 544 3718 iisti,
569 3666 727 3722 quem
765 3668 834 3708 ne
863 3653 1044 3711 videre
1068 3655 1280 3726 quidem
1307 3657 1539 3726 voluisti,
1556 3658 1708 3716 hunc
1730 3660 1824 3718 tibi
1849 3678 1992 3720 nunc

400 3741 468 3795 ad
495 3742 722 3798 salutem
749 3744 887 3800 mitti
917 3747 1191 3816 postulas?
1221 3747 1370 3804 Mitte
1400 3748 1676 3806 Lazarum.
1725 3752 1824 3808 Ubi
1863 3769 1991 3825 vero

401 3849 544 3890 nunc
573 3836 910 3906 pocillatores
937 3838 1050 3894 tui?
1077 3840 1166 3895 ubi
1191 3849 1400 3915 tapetes
1422 3883 1438 3907 ,
1483 3843 1576 3899 ubi
1601 3845 1863 3915 parasiti?
1901 3847 1990 3904 ubi

400 3931 802 3986 assentatores?
843 3930 933 3986 ubi
975 3930 1182 3988 fastus?
1232 3934 1321 3989 ubi
1363 3936 1660 4006 superbia?
1690 3937 1778 3993 ubi
1807 3939 1989 3994 defos-

401 4033 518 4074 sum
547 4021 778 4076 aurum?
808 4021 893 4076 ubi
928 4036 958 4076 a
991 4023 1148 4080 tineis
1173 4039 1332 4093 exesa
1361 4027 1718 4084 vestimenta?
1767 4028 1855 4084 ubi
1898 4044 1990 4084 ar-

401 4122 619 4181 gentum
653 4113 794 4183 quod
821 4129 851 4166 a
888 4123 939 4168 te
966 4115 1289 4170 colebatur?
1334 4117 1422 4172 ubi
1454 4133 1678 4190 magnus
1704 4131 1991 4194 apparatus

401 4210 459 4260 et
482 4203 779 4274 voluptaria
825 4207 975 4260 vita?
1031 4206 1179 4262 Folia
1206 4218 1394 4276 erant,
1439 4210 1659 4267 advenit
1688 4213 1893 4284 hyems,
1938 4224 1992 4268 et

403 4296 671 4352 exsiccata
710 4307 836 4352 sunt
881 4299 1058 4353 omnia
1105 4317 1120 4354 :
1162 4301 1429 4356 somnium
1475 4311 1664 4370 erant;
1717 4313 1774 4358 ut
1815 4313 1990 4359 autem

403 4386 519 4442 dies
540 4388 730 4455 illuxit,
756 4389 1016 4446 abscessit
1035 4393 1301 4447 somnium
1331 4409 1344 4446 :
1368 4394 1558 4450 umbra
1582 4405 1766 4460 erant;
1797 4399 1992 4454 veritas

402 4480 566 4545 venit,
597 4489 651 4534 et
675 4482 862 4538 umbra
885 4483 1159 4552 prmteriit.
1190 4484 1337 4540 Mitte
1363 4485 1634 4543 Lazarum.

473 4566 578 4626 Cur
598 4571 856 4627 Abraham
881 4574 1197 4644 potissimum
1218 4576 1394 4632 viderit
1412 4578 1465 4634 di
1471 4595 1642 4635 ves.-—
1661 4579 1838 4647 Quare
1865 4598 1992 4640 vero

403 4665 607 4720 nullum
635 4667 796 4720 alium
820 4669 1023 4738 justum
1051 4669 1212 4733 videt,
1247 4686 1355 4726 non
1381 4671 1514 4738 Noe,
1543 4688 1649 4730 non
1673 4674 1860 4742 Jacnb,
1885 4693 1992 4732 non

405 4759 540 4825 Lot,
572 4773 677 4814 nou
711 4759 858 4818 Isaac
881 4801 896 4826 ,
926 4761 1022 4816 sed
1049 4761 1355 4830 Abraham;
1407 4765 1532 4834 quid
1571 4767 1682 4822 ita?
1729 4768 1990 4834 Quoniam

407 4849 687 4920 hospitalis
713 4861 830 4906 erat
854 4850 1158 4920 Abraham,
1201 4862 1257 4908 et
1293 4855 1355 4910 in
1397 4870 1553 4911 suum
1594 4858 1990 4915 tabernaculum

407 4943 637 5000 viatores
662 4944 1004 5014 pcrtrahebat
1025 4963 1038 4999 :
1063 4947 1241 5016 itaque
1267 4949 1422 5018 hujus
1447 4949 1848 5006 inhumanitatis
1876 4967 1994 5006 ma-

402 5037 489 5109 jor
532 5040 832 5095 accusatrix
876 5039 1107 5096 efficitur
1145 5041 1288 5098 illius
1315 5041 1672 5113 hospitalitas.
1716 5044 1860 5098 Mitte
1884 5043 1992 5098 La-

405 5146 602 5184 sarum.
633 5129 762 5185 Haec
784 5131 1060 5187 audientes
1088 5133 1390 5201 timeamus,
1418 5134 1776 5202 dilectissimi,
1802 5151 1871 5191 ne
1896 5150 1994 5192 nos

403 5237 616 5293 quoque
641 5237 902 5294 pauperes
925 5223 1220 5290 videamus,
1251 5235 1307 5281 et
1332 5237 1710 5296 praetereamus
1738 5246 1751 5281 :
1781 5245 1849 5284 ne
1874 5230 1994 5285 loco

407 5315 592 5370 Latiari
618 5317 770 5374 multi
796 5327 920 5374 tunc
946 5319 1112 5374 nostri
1141 5318 1270 5374 fiant
1308 5333 1668 5378 accusatores.
1718 5321 1866 5378 Mitte
1886 5323 1994 5377 La-

409 5423 580 5462 sarum
599 5449 614 5474 ,
641 5418 696 5463 ut
713 5425 837 5464 cum
862 5410 1120 5466 intinxerit
1147 5423 1423 5470 extremum
1444 5414 1589 5485 digiti
1613 5416 1690 5470 sui
1711 5417 1764 5469 in
1785 5432 1992 5486 aquam,

378 5503 380 5506 ’
409 5499 618 5556 iustilfet
641 5501 831 5572 linguw
860 5518 1002 5569 mete,
1031 5503 1152 5575 quia
1178 5507 1400 5574 ﬂammis
1425 5521 1546 5560 uror
1573 5505 1725 5576 (Luc.
1755 5508 1843 5564 i6.
1873 5507 1990 5578 24).

407 5592 520 5660 Qua
576 5593 719 5648 enim
776 5611 1026 5651 mensura
1080 5598 1414 5664 meticmini,
1474 5601 1787 5656 remetietur
1842 5601 1995 5658 vobis

410 5682 624 5751 (Matth.
653 5685 707 5740 7.
735 5685 793 5756 2)
830 5704 845 5741 z
877 5701 982 5742 non
1012 5688 1310 5758 impartitus
1329 5706 1389 5748 es
1423 5691 1608 5759 micas,
1640 5709 1813 5762 neque
1837 5695 1994 5751 stilla:

409 5778 682 5849 particeps
711 5783 845 5838 eris.
886 5779 1032 5836 Mitte
1055 5779 1314 5844 Lazarum
1340 5826 1354 5850 ,
1384 5792 1441 5838 ut
1467 5793 1707 5841 extremo
1726 5786 1890 5857 digito
1913 5786 1994 5844 in-

1126 326 1181 383 S.
1220 323 1499 380 JOANNIS
1537 322 2009 380 CllRYSOSTOSﬂ
2047 323 2363 382 ARCIIIEP.
2403 323 2936 385 CONSTANTISOP.

2084 439 2251 496 stillet
2289 440 2483 511 lingua:
2528 456 2702 506 mem,
2734 441 2858 512 quia
2899 441 3130 498 ﬂammis
3171 456 3327 498 uror.
3388 436 3560 508 Quid
3599 453 3717 492 vero

2014 583 2019 588 .
2081 532 2352 588 Abraham
2377 533 2442 588 ad
2477 532 2622 588 illum
2647 533 2670 588 ?
2691 532 3074 606 Fifi,reccpisti
3092 534 3226 590 bona
3253 545 3348 590 tua
3376 534 3441 587 in
3477 531 3597 585 cita
3619 540 3711 588 tu.

2081 634 2128 680 et
2152 623 2383 678 Lazarus
2411 625 2640 679 similiter
2660 625 2798 706 mala
2827 643 2923 681 sua
2946 643 2967 690 ;
2992 636 3041 682 et
3060 643 3196 681 nunc
3219 627 3322 680 istc
3342 624 3442 678 hic
3475 624 3712 677 consola-

2083 725 2196 784 tur,
2241 728 2294 774 tu
2321 733 2437 772 vero
2472 719 2712 776 cruciaris
2744 717 2900 789 (Luc.
2935 717 3023 774 16.
3053 715 3167 792 25).
3213 718 3450 774 Rursus
3487 715 3585 770 hic
3616 729 3708 767 nor

2083 809 2256 877 dixit,
2295 810 2516 879 cepisti,
2557 811 2652 869 sed
2691 811 2940 881 recepisti
2973 828 2987 864 :
3017 810 3245 866 multum
3290 807 3473 863 affert
3523 805 3705 860 discri-

2084 902 2244 957 minis
2269 899 2467 957 additio
2498 904 2910 974 praepositionis.
2952 902 3105 972 Quod
3141 904 3292 958 enim
3316 913 3597 972 persaepe
3625 913 3708 952 ca-
3782 949 3784 958 .

2084 995 2226 1051 ritati
2258 1005 2449 1052 vestrae
2478 997 2584 1052 dixi
2611 1040 2627 1064 ,
2656 998 2740 1054 vel
2769 998 2930 1054 etiam
2971 997 3306 1069 syllabarum
3358 1002 3711 1050 scrutatores

2084 1102 2206 1144 esse
2228 1088 2523 1154 debemus;
2570 1089 2883 1146 Scrutamiui
2923 1089 3057 1144 enim
3084 1087 3400 1158 Scriptura:
3433 1083 3634 1157 (locu.
3657 1081 3702 1135 5.
3782 1117 3784 1138 ι

2085 1179 2178 1252 59)
2199 1221 2214 1247 ,
2247 1182 2451 1250 inquit:
2485 1196 2608 1235 nam
2637 1181 2742 1236 iota
2775 1195 2936 1235 unum
2974 1187 3066 1234 aut
3089 1193 3225 1248 apex
3255 1192 3406 1231 unus
3454 1187 3706 1244 sepem-

2085 1289 2237 1328 mero
2259 1287 2476 1328 sensum
2507 1274 2725 1328 excitat.
2760 1272 2828 1328 Ut
2849 1281 3026 1327 autem
3050 1270 3323 1340 intelligas
3343 1268 3528 1322 etiam
3554 1265 3708 1318 unius

2087 1364 2338 1421 elementi
2363 1363 2689 1420 additionem
2720 1378 2938 1420 sensum
2967 1364 3201 1430 efficere,
3232 1362 3328 1416 hic
3365 1362 3501 1432 ipse
3532 1357 3703 1412 sm-

2087 1456 2212 1511 ham
2247 1454 2546 1527 patriarcha
2575 1455 2721 1526 prius
2764 1455 2961 1511 Abram
3001 1453 3321 1517 dicebatur,
3372 1451 3552 1519 eique
3579 1446 3704 1500 dixit

2087 1547 2231 1602 Deus
2261 1564 2278 1600 :
2306 1563 2412 1601 non
2459 1547 2561 1602 erit
2589 1562 2784 1601 nomen
2830 1557 2978 1600 tuum
3009 1545 3206 1600 Abram
3231 1584 3246 1606 ,
3293 1541 3397 1597 sed
3430 1537 3702 1594 Abraham

2093 1636 2244 1709 (Gen.
2276 1638 2364 1693 17.
2397 1637 2455 1708 5)
2485 1655 2500 1691 :
2529 1636 2735 1691 addidit
2775 1651 2805 1690 a
2827 1676 2844 1702 ,
2882 1644 2939 1691 et
2964 1645 3169 1706 patrem
3197 1633 3354 1687 illum
3398 1629 3698 1684 multarunt

2087 1730 2324 1799 gentium
2356 1727 2607 1784 reddidit.
2657 1727 2800 1782 Ecce
2830 1727 2989 1796 igitur
3015 1725 3172 1779 unius
3203 1721 3477 1779 elementi
3508 1718 3703 1772 additio

2091 1823 2311 1876 multam
2339 1822 2644 1894 prosapiam
2682 1819 2952 1874 indicavit.
2996 1818 3113 1873 Noli
3145 1832 3276 1887 ergo
3308 1815 3448 1869 talia
3501 1821 3700 1868 temere

2089 1915 2364 1986 prmterire
2391 1929 2406 1968 :
2441 1929 2548 1968 non
2578 1912 2721 1968 enim
2747 1911 2911 1976 dixit,
2938 1909 3123 1979 cepisti
3151 1909 3291 1964 bona
3325 1916 3420 1960 tua
3445 1947 3464 1970 ,
3496 1904 3598 1959 scd
3622 1917 3700 1956 re-

2089 2007 2324 2078 cepisti:
2368 2005 2460 2076 qui
2513 2019 2645 2059 vero
2690 2002 2916 2072 recipit,
2965 2001 3142 2056 debita
3187 1999 3440 2068 recipit:
3486 1992 3700 2049 attende

2091 2097 2234 2168 quod
2279 2096 2435 2161 dico;
2471 2095 2622 2152 aliud
2663 2095 2806 2151 enim
2840 2102 2923 2150 est
2946 2108 3177 2163 capere,
3214 2089 3367 2146 aliud
3395 2087 3694 2157 recipere:

2092 2204 2215 2245 nam
2236 2189 2424 2259 recipit
2447 2189 2568 2258 quis
2597 2203 2682 2266 ea,
2710 2202 2831 2257 quae
2857 2185 3120 2248 habebat;
3150 2182 3297 2252 capit
3313 2188 3512 2236 autem
3537 2192 3696 2247 sape,

2091 2296 2212 2353 qum
2239 2297 2344 2335 non
2376 2279 2702 2351 possidebat.
2751 2277 3003 2347 Recepisti
3035 2275 3166 2330 bona
3194 2285 3322 2340 tua,
3369 2282 3420 2327 et
3467 2269 3696 2326 Lanam

2091 2373 2229 2428 mala
2256 2389 2371 2428 sua.
2403 2371 2622 2426 Eccevot
2647 2369 2798 2425 dives
2826 2368 2964 2423 bona
2987 2381 3086 2422 sua
3119 2365 3355 2436 recepit,
3381 2372 3442 2420 et
3469 2362 3697 2420 [annis

2093 2467 2232 2521 mala
2260 2480 2376 2520 sua.
2423 2463 2550 2519 Haec
2575 2473 2752 2517 autem
2773 2476 2802 2515 a
2829 2476 2916 2516 me
2941 2460 3081 2515 dicta
3105 2467 3232 2514 sunt
3263 2455 3452 2516 omnia
3486 2464 3696 2525 propter

2092 2573 2187 2615 eos
2210 2599 2225 2624 ,
2253 2556 2343 2628 qui
2373 2557 2662 2628 puniuntur
2682 2555 2769 2610 hic
2796 2563 2851 2609 et
2880 2569 2983 2607 non
3022 2551 3153 2617 illic,
3197 2558 3428 2621 propter
3476 2562 3580 2603 eos
3618 2546 3698 2616 qui

2092 2651 2252 2722 genio
2273 2650 2359 2705 hic
2383 2649 2679 2719 indulgent,
2711 2656 2767 2703 et
2796 2647 2904 2702 illic
2933 2646 3239 2717 puniuntur.
3267 2641 3520 2697 Attende
3549 2641 3697 2710 igitur

2093 2742 2160 2798 ad
2186 2757 2249 2798 ea
2276 2758 2397 2812 qute
2435 2740 2594 2796 dico:
2632 2739 2883 2811 Recepisti
2905 2737 3038 2794 bona
3066 2746 3152 2792 tua
3173 2776 3190 2802 ,
3221 2745 3268 2790 et
3295 2734 3546 2788 Maurus
3569 2732 3697 2785 nais

2092 2851 2206 2898 sua,
2235 2849 2354 2903 qua:
2381 2831 2640 2888 solvenda
2665 2839 2840 2899 erant,
2869 2844 2990 2900 qua:
3017 2827 3382 2884 debebantur.
3419 2823 3697 2880 Attenditc

2092 2926 2373 2998 quaestioni
2403 2943 2418 2982 :
2449 2925 2520 2980 ad
2563 2925 2738 2980 locum
2768 2923 2911 2980 enim
2942 2935 3104 2992 pergo
3129 2937 3144 2986 ;
3175 2920 3294 2974 sine
3313 2959 3332 2984 ,
3365 2918 3538 2973 telam
3576 2929 3695 2985 per-

2095 3027 2304 3075 texam.
2347 3018 2418 3072 At
2459 3017 2602 3072 enim
2628 3015 2794 3071 nolite
2821 3015 2874 3069 in
2902 3012 3123 3070 exordio
3151 3011 3394 3077 turbari,
3435 3008 3538 3064 sed
3582 3023 3697 3064 cum

2093 3111 2200 3170 tale
2227 3110 2355 3180 quid
2391 3110 2580 3166 dixero
2603 3152 2619 3177 ,
2662 3109 2982 3174 solutionem
3011 3114 3319 3176 exspectate
3349 3122 3364 3157 :
3399 3103 3534 3158 volo
3557 3104 3695 3159 enim

2093 3214 2279 3263 acutos
2306 3214 2360 3262 et
2389 3205 2722 3276 perspicaccs
2752 3217 2846 3260 vos
2875 3201 3123 3268 reddere,
3159 3215 3336 3271 neque
3361 3199 3562 3256 leviter
3583 3207 3694 3252 uno

2095 3306 2208 3353 tum
2235 3312 2526 3363 exercere,
2564 3296 2661 3354 sed
2705 3296 2760 3352 in
2800 3296 3099 3351 divinarum
3134 3294 3546 3364 Scripturarum
3573 3305 3693 3362 pro—

3599 315 3784 389 Mitti

2094 3389 2316 3446 fundum
2355 3389 2663 3454 dimittere,
2716 3386 3038 3458 profundum
3063 3427 3078 3450 ,
3120 3386 3175 3440 in
3216 3400 3325 3456 quo
3366 3384 3524 3440 nulla
3554 3384 3694 3439 saevit
3782 3413 3784 3420 ι

2095 3487 2423 3549 tempestas,
2469 3478 2794 3549 profundum
2841 3476 3224 3548 tranquillitate
3265 3476 3441 3530 maris
3483 3474 3688 3530 tutius:
3782 3495 3784 3508 ι

2094 3579 2292 3640 quanto
2314 3570 2473 3640 igitur
2498 3570 2728 3639 amplius
2746 3567 3090 3624 descenderis
3114 3609 3130 3633 ,
3161 3565 3427 3635 majorem
3460 3566 3690 3621 invenies

2095 3663 2456 3720 securitatem.
2495 3660 2612 3717 Non
2642 3662 2786 3717 enim
2823 3659 2913 3716 hic
2943 3669 3027 3716 est
3070 3658 3413 3714 inordinatus
3437 3672 3689 3728 aquarum

2096 3756 2359 3828 impetus,
2406 3754 2500 3810 sed
2533 3755 2775 3812 ordinata
2806 3753 3087 3825 dispositio
3122 3753 3548 3808 sententiarum.
3593 3751 3687 3806 Rs-

2095 3848 2277 3917 cepisti
2311 3846 2445 3902 bona
2484 3856 2604 3914 tua,
2650 3855 2698 3900 et
2728 3844 2955 3900 Lazarus
2998 3844 3138 3900 mala
3171 3859 3266 3897 sua
3294 3858 3314 3896 :
3343 3852 3396 3896 et
3442 3858 3583 3895 nunc
3617 3843 3689 3894 his

2094 3939 2408 4020 consolatur,
2437 3950 2488 3994 tu
2515 3955 2630 3994 vero
2655 3939 2917 3994 cruciaris.
2947 3937 3134 4007 Magna
3162 3945 3244 3992 est
3269 3935 3511 4008 quaestio
3545 3951 3562 3989 :
3590 3934 3687 3990 dixi

2095 4047 2217 4088 cum
2263 4033 2354 4102 qui
2391 4033 2622 4102 recipit,
2663 4045 2725 4086 ea
2761 4045 2878 4101 qua:
2921 4029 3101 4085 debita
3142 4037 3298 4082 erant
3332 4028 3588 4098 recipere
3616 4028 3688 4080 :si

2095 4139 2224 4195 ergo
2244 4123 2417 4193 justus
2443 4122 2538 4178 fuit
2566 4122 2819 4189 Lazarus,
2851 4130 2908 4184 ut
2939 4121 3189 4175 nimirum
3219 4117 3342 4184 fuit,
3376 4127 3438 4172 et
3467 4117 3686 4172 Abraln

2095 4216 2247 4272 sinus
2273 4215 2544 4283 indicavit,
2565 4231 2785 4280 corona,
2808 4213 3049 4284 praemia,
3075 4212 3442 4282 refrigerium,
3465 4211 3688 4267 delecta-

2097 4309 2172 4366 tio
2193 4349 2209 4373 ,
2241 4308 2521 4364 tolerantia
2543 4349 2557 4373 ,
2590 4305 2845 4377 patientia
2870 4321 2886 4370 ;
2930 4306 3030 4359 iste
3054 4317 3186 4359 vero
3211 4312 3473 4372 peccator
3493 4343 3511 4368 ,
3543 4301 3688 4370 plane

2096 4402 2372 4472 improbus
2395 4410 2449 4456 et
2486 4400 2810 4455 inhumanus
2831 4439 2848 4466 ,
2877 4397 3082 4454 deliciis
3109 4405 3166 4452 et
3193 4395 3448 4451 ebrietati
3477 4409 3682 4459 vanas

2095 4493 2391 4566 Sybaritica
2437 4507 2624 4548 mensa
2675 4490 2957 4561 perfruens
2979 4531 2995 4556 ,
3041 4504 3160 4544 cum
3192 4487 3247 4543 in
3286 4495 3444 4542 tanta
3486 4485 3682 4540 lascivia

2097 4585 2413 4654 luxuriaque
2457 4589 2806 4639 versaretur:
2836 4596 2934 4637 cur
2973 4580 3047 4635 ait
3083 4578 3196 4644 illi,
3239 4578 3368 4648 quia
3409 4576 3684 4645 recepisu!

2096 4677 2235 4738 Num
2266 4678 2408 4732 enim
2439 4676 2513 4730 illi
2544 4675 2842 4730 debebatur
2865 4672 3135 4746 quidpiam
3179 4669 3387 4725 homini
3418 4669 3684 4737 owleuto.

2099 4770 2302 4826 homini
2330 4768 2554 4841 prodigo
2575 4778 2630 4823 et
2658 4766 2993 4822 inhumano?
3021 4763 3160 4832 Quid
3179 4762 3324 4818 enim
3355 4761 3432 4816 illi
3463 4759 3684 4816 debeba-

2099 4862 2222 4917 tur?
2252 4861 2358 4916 Cur
2387 4876 2493 4916 nou
2519 4860 2671 4923 dixit,
2698 4858 2908 4929 cepisti,
2940 4859 3034 4913 sed
3061 4856 3351 4928 recepisti?

2170 4953 2225 5010 9.
2253 4951 2381 5021 Qua:
2414 4952 2544 5006 bona
2569 4951 2708 5006 dives
2736 4949 2994 5018 receperit.
3023 4977 3095 4988 ——
3127 4946 3368 5002 Attende
3394 4945 3544 5018 quod
3568 4944 3684 5001 dici-
3782 4963 3784 4986 ι

2098 5025 2218 5100 mus
2248 5044 2612 5100 :dcbebantur
2627 5042 2702 5097 illi
2720 5055 2915 5112 parum,
2941 5038 3276 5113 debebantur
3305 5038 3383 5093 illi
3403 5037 3679 5108 supplicia,

2099 5137 2429 5194 debebantur
2457 5137 2530 5192 illi
2557 5135 2793 5192 dolores.
2847 5133 2958 5189 Cur
2997 5148 3104 5188 non
3148 5131 3316 5198 dixit,
3359 5131 3450 5186 illa
3492 5130 3686 5201 cepisti,

2095 5232 2194 5289 scd
2223 5230 2470 5302 recepisti
2497 5230 2632 5286 bona
2662 5229 2752 5284 illa
2784 5237 2892 5296 tua,
2923 5227 3085 5282 vitam
3109 5225 3254 5280 illam
3285 5224 3369 5281 sic
3397 5225 3672 5296 appe’Jaos

2099 5335 2152 5381 et
2178 5325 2411 5380 Lazarus
2449 5322 2588 5378 mala
2617 5320 2755 5378 sua?
2803 5319 2910 5376 Sed
2936 5317 3154 5376 attende
3171 5317 3457 5380 animum;
3489 5317 3546 5375 in
3571 5316 3688 5372 IILII

2099 5417 2242 5474 enim
2269 5429 2562 5491 gravesque
2590 5413 2882 5470 sententias
2911 5409 3233 5469 delabimur.
3273 5407 3573 5464 Hominum
3614 5406 3687 5476 qui

2101 5509 2469 5578 nunc-degunt
2487 5505 2727 5562 omnium
2752 5504 2839 5560 alii
2861 5503 3079 5574 quidem
3104 5511 3418 5571 peccatores
3439 5509 3588 5562 sunt,
3612 5497 3686 5552 alii
3782 5509 3784 5526 '

2100 5617 2230 5658 vero
2263 5599 2393 5670 justi
2425 5616 2440 5653 :
2471 5597 2838 5653 animadverte
2867 5594 3028 5666 igitur
3055 5592 3216 5648 etiam
3257 5592 3310 5646 in
3352 5590 3520 5660 justis
3548 5589 3684 5645 diffe-

2101 5693 2327 5751 rentiam
2363 5709 2376 5746 :
2408 5689 2543 5746 alius
2563 5689 2744 5761 justus
2767 5693 2850 5744 est
2872 5727 2889 5754 ,
2929 5685 3066 5741 alius
3091 5685 3262 5754 magis
3298 5682 3486 5754 justus
3510 5727 3526 5746 ,
3567 5681 3683 5735 alius

2103 5785 2422 5853 sublimior,
2470 5782 2605 5838 alius
2657 5780 2862 5854 major;
2914 5789 2968 5836 ct
3019 5777 3479 5851 quemadmodum
3538 5776 3679 5832 stciis
