3784 6320
47 346 82 400 1
95 345 254 402 039

39 464 323 546 ᾂιιϐοῢ
369 468 560 522 αὑτὸν
607 466 689 538 ὡς
731 471 857 540 ἐμέ.
885 472 950 526 τί
1001 471 1111 546 γὰρ
1152 473 1404 542 ὲγένετος
1445 475 1550 528 Ὃν
1593 472 1708 544 ἐγὼ

43 545 430 616 ἐγέννησα
459 552 530 604 ἐν
557 554 684 620 τοῖς
708 554 956 624 δεσμοῖς
988 545 1132 626 μοι).

141 637 248 701 η’.
281 629 442 698 Εἶδες
461 636 759 704 εὐγένειαν,
779 634 918 702 εἶδες
937 641 1138 710 τρόπον
1159 639 1470 711 παρέχοντα
1489 640 1706 695 ἐλευθε-

54 713 224 782 ρίαν
251 733 272 782 ;
305 718 500 784 Δοῦλος
521 720 630 792 γὰρ
648 723 742 775 καὶ
761 723 1318 794 ὲ).εύθερος,όνόματά
1337 726 1484 778 ἐστιν
1495 724 1700 788 ἁπλῶς.

51 796 141 848 Τί
201 801 350 856 ἐστι
389 803 610 872 δοῦλος;
645 808 854 877 ὐνομα
896 807 1070 877 ψιλόν.
1116 809 1280 862 Πόσοι
1313 809 1569 864 δεσπόται
1612 810 1706 865 ἐπὶ

59 883 378 952 στιϐάδος
418 891 626 943 κεῖνται
672 890 982 962 μεθύοντες,
1015 891 1220 947 οἰκέται
1247 894 1304 947 δὲ
1329 895 1704 965 παρεστήκασι

57 969 420 1038 νήφοντεςί
455 972 588 1026 Τίνα
634 973 847 1029 καλέσω
889 977 1102 1044 δοῦλον;
1130 977 1220 1030 16v
1259 980 1517 1050 νήφοντα,
1551 979 1584 1050 ἢ
1614 980 1704 1032 τὸν

63 1051 426 1120 μεθύοντας
461 1057 550 1110 16v
594 1056 778 1112 δοῦλον
824 1059 1133 1132 ἀνθρώπου,
1168 1060 1199 1133 ἢ
1230 1061 1320 1114 τὸν
1359 1061 1705 1132 αἰχμάλωτον

63 1135 365 1204 πάθουςς
399 1139 636 1204 Ἐκεῖνος
660 1142 758 1213 τὴν
776 1141 1020 1197 δουλείαν
1049 1143 1246 1211 ἔξωθεν
1272 1144 1405 1215 ἔχει,
1433 1140 1588 1207 οὗτος
1607 1144 1705 1216 τὴν

61 1220 502 1290 αἰχμαλωσίαν
530 1222 742 1278 ἔνδοθεν
765 1229 1072 1299 περιφέρει.
1095 1228 1280 1282 Ταῦτα
1312 1229 1476 1298 λέγω,
1505 1229 1598 1282 καὶ
1628 1228 1707 1282 λέ·

65 1318 213 1370 γων
253 1308 328 1359 οὐ
357 1306 656 1378 παύσομαι,
682 1309 766 1362 ἵνα
800 1310 963 1381 έχητε
982 1310 1204 1383 γνώμην
1227 1312 1577 1367 διακονοῦσαν
1598 1312 1706 1366 τῶν

68 1392 468 1460 πραγμάτων
500 1395 565 1464 τῇ
595 1391 813 1460 φύσειε,
837 1394 932 1447 καὶ
957 1393 1030 1466 μὴ
1053 1389 1340 1466 ἀπάγησθε
1363 1398 1429 1467 τῇ
1450 1395 1556 1449 τῶν
1576 1394 1707 1448 πολ-

67 1469 208 1522 λῶν
237 1473 461 1546 ἀπάτῃ,
483 1475 598 1529 ἀλλ’
615 1476 816 1546 εἰδῆτε,
843 1477 895 1530 τί
914 1477 1120 1542 δοῦλος,
1145 1478 1198 1531 τί
1221 1478 1410 1549 πένης,
1436 1480 1488 1531 τί
1521 1479 1706 1546 δυσγε-

70 1553 223 1623 νὴς,
262 1555 326 1610 τί
359 1557 641 1628 μακάριος,
690 1560 743 1612 τί
783 1560 973 1624 πάθος.
993 1561 1116 1617 Ἐἀν
1145 1561 1254 1633 γὰρ
1299 1561 1506 1633 μάθητε
1537 1560 1706 1615 ταῦτα

70 1635 444 1709 διακρίνειν,
465 1642 653 1696 οὐδένα
677 1644 1048 1716 ὑποστήσεσθε
1075 1645 1321 1717 θόρυϐον.
1342 1646 1480 1699 Ἀλλ’
1512 1645 1598 1699 ἵνα
1629 1645 1704 1718 μὴ

76 1722 151 1774 16
192 1724 494 1796 πάρεργον
540 1726 634 1780 τοῦ
677 1727 836 1798 λόγου
879 1729 1038 1784 πλέον
1069 1729 1362 1800 γενόμενον
1390 1729 1579 1801 ἀπάγῃ
1612 1730 1714 1782 τὸν

77 1805 303 1876 λόγον,
332 1809 584 1882 ἐχώμεθα
615 1813 713 1883 τῆς
746 1813 1076 1878 ὑποθέσεως.
1099 1809 1268 1878 Οὗτος
1299 1816 1477 1868 τοίνυν
1499 1814 1526 1866 6
1550 1813 1708 1867 πλού-

85 1905 249 1957 σιος,
291 1892 477 1946 λοιπὸν
519 1893 574 1947 δὲ
622 1895 824 1968 πένης·
860 1897 1060 1968 μᾶλλον
1091 1898 1201 1970 γὰρ
1228 1897 1392 1971 ἡνίκα
1433 1897 1703 1962 ἐπλούτει,

82 1974 293 2046 πένης
337 1972 423 2048 ἧν.
459 1978 523 2031 Τί
557 1979 664 2050 γὰρ
697 1979 888 2050 ὄφελος
919 1979 1193 2055 ἀνθρώπῳ
1223 1982 1476 2054 ἀλλότρια
1506 1981 1702 2053 ἔχοντι,

82 2057 198 2110 καὶ
228 2059 313 2114 τά
342 2059 532 2115 ἑαυτοῦ
565 2063 664 2116 ούκ
696 2063 898 2134 έχοντι;

169 2143 250 2195 Τί
285 2143 480 2213 δφελος
515 2145 786 2218 ἀνθρώπῳ
824 2148 1084 2219 χρήματα
1119 2149 1462 2221 κεκτημένῳ,
1504 2147 1704 2220 ἀρετὴν

81 2223 148 2277 δὲ
185 2226 278 2299 μὴ
312 2229 667 2301 κεκτημένῳ;
707 2231 772 2284 Τί
805 2231 1104 2303 λαμϐάνεις
1140 2234 1209 2287 τά
1241 2234 1351 2287 τῶν
1381 2234 1576 2298 ἄλλων,
1611 2232 1704 2286 καὶ¹

85 2309 166 2362 1'6
208 2309 294 2362 σά
327 2311 644 2389 ἀπολλύεις;
675 2315 844 2385 Ἕχω,
886 2317 1038 2387 φησὶ,
1084 2317 1268 2389 χώραν
1307 2315 1558 2388 εὔφορον,
1595 2317 1705 2371 Καὶ

85 2392 148 2444 τί
180 2393 393 2459 τοῦτο;
417 2387 562 2450 ’ἀλλά
597 2397 775 2469 ψυχὴν
811 2401 914 2453 οὐκ
954 2387 1393 2474 έχειςίεύφορον.
1416 2387 1567 2472 Ἔχω
1607 2402 1704 2455 ἀν·-

91 2476 384 2546 δράτσοδα.
405 2480 540 2533 Ἀλλ’
569 2482 774 2554 ἀρετὴν
817 2484 918 2538 οὐκ
967 2485 1290 2556 ἔχεις.¹Ἐχω
1336 2485 1546 2557 ἱμάτια.
1567 2484 1703 2539 Ἀλλ’

91 2561 415 2616 εὐλάϐειαν
440 2565 501 2618 οὐ
529 2566 814 2638 κέκτησαι.
840 2569 921 2624 Τά
950 2570 1048 2640 μὲν
1070 2569 1230 2624 ἄλλου
1261 2571 1426 2641 ἔχεις,
1452 2570 1522 2624 τά
1554 2571 1612 2624 δὲ
1639 2572 1708 2626 σά

0 2689 1 2694 η
92 2644 210 2698 οὐκ
242 2645 415 2716 ἔχεις.
437 2649 558 2703 Ἐάν
589 2650 674 2714 τίς
704 2668 785 2704 σοι
813 2651 958 2725 δώσῃ
992 2655 1480 2727 παρακαταθήκην,
1509 2655 1583 2727 μὴ
1611 2655 1706 2710 δύ-

65 2731 294 2799 ’ναμαί
324 2748 383 2783 σε
415 2732 642 2787 καλέσαι
672 2733 958 2804 πλούσιον;
987 2737 1269 2807 Ούχί.,Διά
1298 2739 1386 2804 τί;
1423 2737 1706 2809 Ἀλλότρια

96 2813 224 2886 γὰρ
252 2815 549 2888 κέκτησαι.
577 2817 748 2872 Τοῦτο
773 2819 882 2890 γάρ
914 2820 1350 2892 παρακαταθήκη
1381 2821 1532 2875 ἐστίν
1553 2839 1566 2852 ·
1590 2821 1705 2876 εἴθε

101 2897 225 2970 γάρ
259 2902 702 2974 παρακαταθήκη
734 2905 892 2974 μόνον
920 2901 1008 2977 ἦν,
1049 2906 1145 2960 καὶ
1178 2906 1253 2978 μὴ
1290 2907 1577 2979 προσθήκη
1623 2925 1706 2962 σοι

100 2983 398 3054 τιμωρίας
428 2985 654 3052 ἐγίνετο.
674 2987 818 3042 Ἰδὼν
843 2985 936 3042 οὖν
961 2991 989 3041 6
1015 2989 1266 3054 πλούσιος
1301 2993 1390 3045 τὸν
1434 2992 1706 3062 Λάζαρον,

103 3065 308 3136 λέγει·
357 3067 550 3137 Πάτερ
592 3070 857 3142 Ἀϐραὰμ,
899 3072 1161 3142 ἐλέησόν
1195 3092 1290 3144 με.
1327 3075 1564 3148 Πένητος
1612 3077 1709 3147 ῥή-

109 3168 296 3222 ματα,
327 3155 640 3223 προσαίτου,
666 3153 905 3227 πτωχοῦ.
926 3156 1121 3228 Πάτερ
1155 3160 1420 3229 Ἀϐραὰμ.
1445 3159 1710 3228 ἐλέησόν

107 3250 212 3304 με.
249 3236 322 3289 Τί
361 3237 565 3303 θέλεις;
602 3238 750 3312 [785]
797 3238 1048 3310 Πέμψον
1088 3241 1372 3311 Λάᾰιρον.
1387 3246 1482 3298 Ὃν
1515 3245 1709 3316 μυριά-

109 3336 208 3382 κις
244 3319 619 3392 παρέδραμες,
653 3320 712 3375 ὃν
743 3322 864 3376 οὐδὲ
905 3323 1032 3376 ίδείν
1063 3324 1355 3394 ἠθέλησας,
1388 3327 1578 3380 τοῦτον
1614 3327 1709 3381 νῦν

0 3461 2 3466 _
110 3403 300 3466 αἰτεῖς
331 3404 646 3475 πεμφθῆναί
676 3422 759 3459 σοι
786 3407 868 3470 είς
898 3408 1208 3478 σωτηρίαν;
1241 3411 1492 3478 Πέμψον
1523 3410 1706 3470 Λάζα-

113 3502 256 3552 ρον.
296 3486 407 3540 Καὶ
450 3487 553 3540 ποῦ
594 3487 688 3541 νῦν
719 3489 769 3542 οἱ
805 3490 1029 3562 οἰνοχόοι
1058 3509 1184 3557 σου;
1220 3493 1323 3548 ποῦ
1354 3495 1403 3546 οί
1427 3495 1706 3565 τάπητεςς

114 3571 225 3626 ποῦ
251 3572 309 3625 οἱ
337 3574 626 3644 παράσιτοι
650 3590 664 3640 ;
697 3574 800 3628 ποῦ
826 3576 874 3628 οἱ
903 3576 1168 3643 κόλακες;
1197 3578 1298 3632 ποῦ
1325 3581 1353 3632 6
1377 3578 1571 3650 159101;
1605 3579 1710 3633 ποῦ

117 3656 154 3725 ἡ
186 3655 461 3722 ἀπόνοια;
491 3657 594 3711 ποῦ
625 3657 684 3711 16
708 3661 927 3730 χρυσίον
953 3661 1014 3714 16
1045 3663 1572 3736 κατορωρυγμένον;
1603 3664 1708 3718 ποῦ

117 3739 190 3792 τά
221 3739 421 3810 ἱμάτια
456 3739 524 3793 τά
549 3741 900 3813 σητόϐρωτα;
931 3743 1032 3800 ποῦ
1061 3747 1088 3798 ὁ
1128 3745 1367 3818 ἄργυρος
1405 3749 1433 3800 6
1467 3748 1714 3819 τιμώμε-

120 3842 213 3888 νος
263 3825 419 3895 παρὰ
468 3824 599 3892 σοῦ;
649 3826 753 3880 ποῦ
798 3829 831 3899 ἡ
878 3831 1147 3899 φαντασία
1179 3832 1276 3884 καὶ⁵
1314 3835 1347 3903 ή
1376 3833 1708 3900 ἀπόλαυσις;

121 3903 311 3962 Ψύλλοι
349 3905 417 3981 ἦν
438 3927 466 3945 ·’
495 3908 702 3981 χειμὼν
739 3913 1028 3977 κατέλαϐε,
1073 3915 1164 3968 καὶ
1192 3917 1369 3970 πάντα
1399 3918 1667 3990 ἐξηράνθη
1693 3933 1711 3951 ⁸

121 3995 262 4068 θναρ
293 3991 390 4066 ἦν’
419 3993 496 4059 ὡς
516 3995 570 4048 δὲ
602 3996 783 4069 ήμέρα
809 3998 1040 4067 ἐγένετο,
1068 4000 1277 4071 ἀπῆλθε
1308 4002 1369 4055 16
1391 4002 1522 4074 δναρ
1541 4020 1555 4033 ε
1585 4002 1714 4057 σκιά

123 4074 227 4150 ἦν·
259 4075 429 4151 ἦλθεν
461 4081 493 4151 ἡ
527 4079 772 4151 ἀλήθεια,
803 4083 897 4136 καὶ
931 4083 1280 4157 παρέδραμεν
1309 4085 1342 4158 ἡ
1377 4086 1522 4142 σκιά.
1558 4087 1713 4159 Πέμ-

126 4166 254 4233 ψον
294 4163 579 4232 Λάζαρον.

201 4265 319 4319 Καὶ
367 4263 456 4320 διὰ
495 4265 551 4318 τί
600 4264 788 4319 οὐδένα
835 4265 1021 4337 βλέπει
1065 4267 1271 4321 δίκαιον
1313 4269 1503 4336 ἄλλον;
1536 4269 1596 4323 ού
1623 4268 1716 4324 τὸν

128 4350 282 4417 Νῶε,
331 4350 393 4402 ού
442 4349 534 4402 τὸν
581 4348 796 4416 Ἰακὼϐ,
826 4351 886 4404 ού
941 4351 1034 4406 τὸν
1083 4351 1226 4419 Λὼτ,
1263 4354 1324 4406 οὐ
1374 4354 1466 4406 τὸν
1507 4355 1714 4421 Ἰσαὰκ,

133 4428 272 4487 ἀλλὰ
308 4432 400 4489 τὸν
439 4432 730 4504 ’Λϐραάμ;
781 4435 879 4488 Διά
908 4435 959 4489 τί
979 4451 992 4501 ;
1036 4436 1252 4507 Ἐπειδὴ
1281 4438 1557 4507 φιλόξενος
1588 4435 1656 4511 ἣν
1689 4442 1719 4494 6

148 4517 424 4588 Ἀϐραὰμ.
473 4516 570 4570 καὶ
615 4518 738 4581 τοὺς
780 4517 1194 4590 ὁδοιποροῦντας
1241 4523 1321 4586 είς
1366 4522 1464 4593 τὴν
1514 4524 1720 4595 σκηνὴν

139 4595 311 4657 εἷλκε.
343 4601 454 4672 Τῆς
485 4600 664 4654 τοίνυν
685 4601 1078 4676 ἀπανθρωπίας
1111 4605 1302 4659 τούτου
1327 4607 1361 4677 ή
1387 4607 1597 4661 ἐκείνου
1628 4625 1720 4677 φι-

140 4683 355 4749 λοξενία
399 4683 599 4755 μείζων
626 4684 836 4752 γίνεται
880 4687 1204 4758 κατήγορος.
1237 4688 1487 4759 Πέμψον·
1534 4688 1720 4751 Λάζα-

140 4785 269 4838 ρον.
287 4766 598 4831 Ἀκούοντες
624 4767 969 4841 φοϐηθῶμεν,
992 4771 1284 4842 ἀγαπητοὶ,
1322 4772 1396 4843 μὴ
1431 4773 1526 4826 καὶ
1560 4775 1722 4844 ἡμεῖς

146 4851 346 4922 ἴδωμεν
379 4865 636 4921 πενητας,
663 4852 761 4905 καὶ
786 4853 1256 4925 παραδράμωμεν,
1289 4856 1362 4926 μὴ
1389 4854 1510 4910 ἀντὶ
1539 4855 1724 4919 Λαζά-

151 4951 243 5004 ρου
277 4933 464 4987 πολλοὶ
490 4934 622 5005 ἡμῖν
660 4935 778 4988 τότε
810 4935 1072 5004 γένωνται
1116 4941 1431 5011 κατήγοροι.
1472 4940 1724 5008 Πέμψον

151 5018 434 5087 Λάζαρον,
455 5019 555 5072 ἵνα
579 5017 644 5071 τὸ
665 5018 852 5088 ἄκρον
874 5020 980 5074 τοῦ
1005 5020 1306 5076 δακτύλου
1331 5023 1522 5079 αὐτοῦ
1546 5023 1724 5078 ὕδατι

147 5102 376 5171 βάψας,
405 5101 699 5171 ἐπιστάξῃ
726 5121 848 5171 μου
877 5102 952 5172 τῇ
979 5103 1233 5173 γλώττῃ,
1256 5105 1342 5158 ὅτι
1373 5107 1725 5177 ἀποτηγανί-

155 5177 429 5257 ζομαι.ᾯ
471 5184 579 5256 γὰρ
627 5186 810 5257 μέτρῳ
863 5188 1142 5257 μετρεῖτε,
1196 5187 1725 5261 ἀντιμετρηθήσεται

156 5266 302 5342 ύμῖν.
329 5269 404 5322 Οὐ
434 5269 735 5337 μετέδωκας
761 5269 990 5340 ψιχίωνς
1023 5270 1084 5322 ού
1115 5271 1549 5342 μεταλαμϐάνεις
1593 5291 1724 5328 στα-

156 5341 994 5425 γόνος.ΠέμψονΛάζαρον,ῖνα
1023 5352 1179 5425 ἀκρῳ
1217 5355 1295 5426 τῷ
1331 5341 1580 5428 δακτύλῳ
1613 5361 1727 5414 ἑπι-

161 5433 324 5506 στάξῃ
369 5451 470 5504 μου
505 5437 571 5504 τῇ
603 5434 835 5508 γλώττῃ,
869 5436 951 5488 ὅτι
992 5437 1484 5510 ἀποτηγανίζομαι.
1527 5444 1634 5496 Καὶ
1673 5443 1726 5497 τί

161 5518 293 5588 πρὸς
324 5517 482 5572 αὐτὸν
505 5518 536 5570 6
567 5518 844 5590 Ἀϐραάμς
881 5517 1126 5584 Τέκνον,
1159 5523 1456 5591 ἀπέλαϐες
1485 5526 1556 5580 τὰ
1582 5527 1728 5597 ἀγα-

226 5763 253 5797 ⁸
272 5765 423 5838 νρὶίε.
452 5768 776 5838 διακρίνουσαν
795 5767 890 5814 τῶν
927 5765 1214 5838 πραγμάτων
1233 5768 1319 5838 τήν
1346 5769 1498 5832 φύσιν.
1543 5771 1732 5824 Abhinc

170 5826 407 5880 neodem
425 5826 593 5878 codic'e
617 5830 776 5879 omnia
805 5841 935 5892 pene
958 5826 1124 5878 \"iLia'la
1147 5836 1276 5877 sunt.

1330 360 1418 419 DE
1457 364 1734 422 LAZARO
1767 364 2014 426 CONCN)
2060 375 2143 431 Vl.

3261 367 3390 434 ιθιθ

1816 473 1890 528 θά
1934 491 2049 560 σου
2093 479 2164 532 ἐν
2192 478 2267 548 τῇ
2302 479 2415 550 (ἱοῇ
2452 500 2592 550 σου,
2640 486 2737 540 καί
2780 487 3042 557 Λάζαρος
3069 493 3282 560 ὁμοίως
3319 497 3390 553 τὰ

1813 559 1967 614 κακὰ
1998 562 2217 616 αὐτοῦ·
2253 564 2352 617 καὶ
2392 565 2510 619 νῦν
2550 564 2730 636 οὗτος
2771 565 2888 624 ὧδε
2938 559 3388 644 παρακαλείτω,

1814 643 1896 698 σὺ
1921 645 1990 698 δὲ
2017 647 2330 704 ὀδυνᾶσαι.
2369 651 2535 705 Πάλιν
2561 653 2794 707 ἐνταῦθα
2819 655 2918 708 οὐκ
2951 643 3390 726 είπεν,⁹Ελαϐες,

1813 728 2317 816 ἀλλά,Ἀπέ.1αϐες.
2365 735 2573 806 Πολλὴν
2597 736 2860 809 διαφορὰν
2891 738 3004 809 ἔχει
3033 743 3066 810 ἡ
3104 744 3389 816 προσθήκη

1812 811 1913 901 τοῦ
1952 813 2454 888 συνδέσμου.“υπερ
2485 818 2593 890 γὰρ
2627 820 2884 886 πολλάκις
2921 819 3072 876 εἷπον
3109 811 3279 894 ὑμῶν
3301 811 3388 901 τῇ

1812 897 2022 970 ἀγάπῃ,
2055 901 2147 952 καὶ
2174 902 2302 971 περὶ
2327 902 2426 965 τὰς
2459 902 2727 966 συλλαϐὰς
2749 905 3033 978 ὀφείλομεν
3067 903 3205 962 εἶναι
3235 897 3390 981 ὲρευῖ

1812 981 2000 1051 νηταί·
2044 982 2349 1050 Ἐρευνᾱτε
2396 986 2524 1058 γὰρ,
2568 988 2722 1057 φησὶ,
2768 989 2875 1055 τὰς
2922 993 3193 1060 Γραφάςο
3257 995 3388 1048 ίῶτα

1812 1068 1924 1138 γὰρ
1949 1067 2024 1130 ἓν,
2057 1068 2090 1139 ἢ
2125 1068 2221 1138 μία
2247 1071 2443 1141 κεραία
2477 1071 2738 1135 πολλάκις
2765 1074 2941 1144 νόημα
2967 1076 3310 1148 ἐγείρει.⁹’1να
3330 1081 3386 1133 δὲ
3496 1118 3502 1128 .

1816 1152 1992 1234 μάθῃς
2015 1153 2096 1206 ὅτι
2126 1154 2219 1206 καὶ
2245 1155 2531 1227 προσθήκη
2574 1158 2690 1220 ἑνὸς
2721 1160 2983 1229 στοιχείου
3019 1165 3163 1215 ποιεῖ
3185 1165 3384 1234 νόημα,

1811 1226 1964 1297 οὗτος
1986 1236 2016 1288 6
2046 1236 2390 1319 πατριάρχης
2424 1239 2674 1319 τΔϐραάμ
2708 1226 2924 1314 Ἀϐράμ
2955 1244 3171 1314 ἐλέγετο
3199 1226 3387 1319 119-615;-

1814 1335 1928 1387 ρον.
1972 1318 2082 1371 Καὶ
2109 1319 2255 1388 λέγει
2279 1320 2426 1392 αύτῷ
2453 1323 2480 1374 6
2503 1315 2670 1386 Θεὸς(
2687 1325 2799 1379 Οὐκ
2827 1325 2982 1380 ἔσται
3010 1329 3071 1381 16
3094 1315 3266 1401 ὄνομά
3293 1349 3386 1385 σου

1825 1401 2058 1472 Ἀϐράμ,
2082 1403 2197 1455 ἀλλ’
2235 1405 2694 1476 Ἀϐραάμ.“Ἀλφα
2724 1410 3055 1481 προσέθηκε,
3092 1413 3188 1466 καὶ
3220 1413 3389 1467 πατέ-

1816 1499 1884 1555 ρα
1929 1486 2090 1539 αὑτὸν
2136 1487 2344 1541 πολλῶν
2393 1488 2563 1542 ὲθνῶν
2606 1491 3030 1562 ὲποίησεν.’ἰδοὺ
3063 1495 3241 1550 τοίνυν
3270 1497 3389 1562 ἐνὸς

1815 1569 2075 1640 στοιχείου
2124 1570 2412 1654 προσθήκη
2451 1573 2652 1646 πολλὴν
2698 1576 2974 1645 εὐγένειαν
2997 1579 3025 1620 ι’
3069 1579 3254 1646 ἔδειξε.
3290 1583 3384 1654 Μὴ

1816 1655 2126 1727 παράτρεχε
2178 1653 2271 1711 οὖν
2323 1658 2508 1723 ἁπλῶς
2551 1659 2621 1712 τὰ
2663 1661 2906 1716 τοιαῦτα.
2938 1663 3012 1716 Ού
3060 1664 3168 1736 γὰρ
3211 1653 3386 1734 εἶπεν,

1818 1737 2046 1801 Ἕλαϐες
2078 1739 2144 1793 16
2169 1741 2348 1809 ἀγαθά
2395 1758 2510 1805 σου,
2542 1742 2694 1807 ἀλλὰ,
2714 1744 3026 1811 Ἀπέλαϐες
3045 1764 3060 1777 ·
3103 1751 3130 1800 6
3164 1748 3219 1802 δὲ
3251 1750 3392 1803 ἀπο-

1813 1823 2123 1895 λαμϐάνων,
2159 1824 2227 1878 τὰ
2258 1826 2716 1898 κεχρεωστημένα
2763 1829 3160 1901 ἀπολαμϐάνει.
3213 1833 3388 1904 Πρόσ-

1813 1925 1901 1978 εχε
1933 1907 1961 1960 6
1985 1908 2158 1976 λέγωο
2191 1907 2319 1962 ἄλλο
2353 1908 2463 1978 γὰρ
2499 1909 2560 1963 16
2592 1910 2796 1975 λαϐεῖν,
2832 1912 2926 1965 καὶ
2949 1912 3076 1966 ἄλλο
3101 1914 3160 1966 16
3185 1915 3386 1969 ἀπολα-

1813 1993 1960 2046 δεῖν’
2002 1993 2379 2064 ἀπολαμϐάνει
2421 1995 2531 2065 γάρ
2563 2011 2646 2060 τις
2673 1995 2816 2066 ἅπερ
2845 1993 2980 2067 εἶχε,
3016 1997 3278 2068 λαμϐάνει
3326 1999 3384 2054 δὲ

1813 2073 2073 2136 πολλάκις
2119 2073 2262 2143 άπερ
2288 2074 2387 2127 οὐκ
2417 2075 3030 2144 ὲκέκτητο.Ἀπέλαϐες
3077 2076 3148 2130 τὰ
3196 2077 3388 2145 ἀγαθά

1812 2168 1949 2219 σου,
1987 2152 2082 2205 καὶ
2114 2151 2375 2220 Λάζαρος
2399 2152 2473 2206 τὰ
2502 2153 2656 2206 κακὰ
2682 2153 2888 2208 αὐτοῦ.
2907 2155 3038 2209 Ἰδοὺ
3069 2155 3159 2209 καὶ
3181 2156 3210 2208 6
3231 2155 3390 2209 πλού-

1815 2251 1927 2296 σιος
1971 2234 2038 2287 16
2085 2234 2264 2302 ἁγαθά
2315 2235 2480 2288 αὑτοῦ
2526 2235 2788 2299 ἀπέλαϐε,
2843 2237 2936 2290 καὶ
2969 2237 2998 2289 6
3027 2237 3276 2310 Λάζαρος
3318 2239 3387 2293 131

1813 2315 1960 2370 κακά
1993 2315 2178 2371 αὑτοῦ.
2217 2316 2403 2370 Ταῦτα
2432 2319 2488 2371 δέ
2530 2335 2619 2389 μοι
2669 2320 2849 2374 πάντα
2881 2319 3096 2392 εἴρηται
3141 2320 3229 2375 διά
3259 2323 3384 2384 τοὺς

1813 2400 2046 2453 ἐνταῦθα
2077 2398 2493 2470 κολαζομένους,
2519 2401 2615 2455 καὶ
2639 2402 2713 2473 μὴ
2736 2403 2872 2467 ἐκεῖ,
2894 2402 2981 2456 διὰ
3003 2404 3130 2466 τοὺς
3153 2403 3387 2458 ἐνταῦθα

1812 2483 2152 2553 τρυφῶντας,
2185 2485 2278 2536 καὶ
2323 2485 2442 2537 ἐκεῖ
2477 2485 2891 2556 κολαζομένους.
2928 2487 3167 2558 Πρόσεχε
3209 2487 3386 2540 τοίνυν

1813 2567 1841 2620 ὃ
1873 2567 2045 2637 λέγω’
2091 2568 2414 2634 ’Λπέλαϐες
2447 2570 2519 2624 τὰ
2556 2570 2746 2640 ἀγαθά
2791 2588 2930 2636 σου,
2983 2572 3081 2625 καί
3128 2569 3389 2641 Λάζαρος

1814 2651 1885 2704 τὰ
1915 2652 2071 2704 κακά
2109 2651 2319 2714 αὐτοῦ,
2349 2653 2417 2706 τά
2443 2669 2754 2725 κεχρεωστη
2765 2654 2920 2725 μένα,
2946 2655 3015 2708 τά
3042 2654 3383 2724 ὀφειλόμενα.

1815 2735 2120 2806 Προσέχετε
2153 2733 2231 2806 τῷ
2261 2734 2536 2807 ζητήματι
2557 2753 2571 2768 ·
2601 2737 2789 2806 φθάνω
2819 2739 2925 2808 γὰρ
2960 2741 3040 2801 είς
3065 2737 3156 2790 τὸν
3185 2739 3350 2792 τόπον
3369 2754 3384 2770 ⁶

1814 2819 1949 2888 ἄφες
1976 2818 2163 2887 ὑφάνω
2205 2815 2300 2870 τὸν
2351 2819 2694 2873 ίστόν.’Λλλά
2741 2819 2814 2891 μὴ
2859 2819 3175 2892 θορυϐεῖσθε
3213 2821 3271 2874 ὲν
3309 2819 3389 2891 τῷ

1815 2902 2087 2973 προοιμίῳ
2109 2919 2122 2932 ·
2158 2899 2274 2954 ἀλλ’
2305 2901 2433 2954 ὅταν
2476 2919 2530 2956 τι
2570 2902 2812 2956 τοιοῦτον
2848 2902 3012 2972 λέγω,
3061 2902 3388 2973 ἀναμείνατε

1814 2988 1912 3058 τὴν
1939 2985 2110 3040 λύσιν.
2140 2984 2409 3055 Βούλομαι
2437 2985 2548 3055 γὰρ
2575 2985 2882 3058 ὀξυδερκεῖς
2908 2987 3051 3058 ὑμᾶς
3091 2987 3244 3060 [786]
3288 3004 3388 3040 κα-

1813 3070 2101 3140 ταστῆσαι,
2128 3069 2221 3122 καὶ
2247 3068 2322 3139 μὴ
2347 3067 2536 3132 ἁπλῶς
2558 3067 2891 3133 ἐπιπολαίως
2914 3071 3234 3141 γυμνάζειν,
3253 3070 3391 3123 ἀλλά

1816 3154 1912 3208 καὶ
1953 3157 2032 3217 είς
2078 3152 2237 3223 βυθὸν
2271 3150 2598 3220 καταφέρειν
2627 3151 2734 3204 τῶν
2761 3151 2919 3205 θείων
2948 3152 3196 3223 Γραφῶν,
3231 3151 3390 3223 βυθὸν

1816 3233 1915 3288 οὐκ
1947 3233 2138 3304 ἔχοντα
2165 3231 2430 3303 χειμῶνα,
2465 3231 2626 3302 βυθὸν
2669 3231 2913 3303 γαλήνης
2961 3228 3388 3302 ἀσφαλέστερον.

1820 3313 1983 3366 Ὅσον
2019 3307 2113 3365 οὖν
2155 3309 2422 3380 καταϐῇς,
2474 3310 2692 3363 πλείονα
2738 3310 3039 3380 ἀσφάλειαν
3092 3309 3387 3379 εὑρίσκεις.

1819 3395 1894 3450 Οὐ
1937 3394 2048 3466 γάρ
2083 3395 2230 3448 ἐστιν
2275 3392 2509 3447 ἐνταῦθα
2545 3393 2754 3446 ὑδάτων
2801 3395 3036 3456 ἄτακτος
3069 3391 3237 3463 ῥύμη,
3277 3391 3392 3444 ἀλλ’

1819 3478 2080 3540 εῦτακτος
2124 3477 2412 3549 νοημάτων
2459 3475 3048 3542 διάθεσιε.Ἀπέλαϐες
3085 3474 3156 3529 τὰ
3202 3473 3394 3544 ἀγαθά

1819 3578 1956 3628 σου,
1993 3561 2092 3615 καί
2115 3560 2377 3630 Λάζαρος
2402 3561 2474 3613 τὰ
2503 3561 2657 3612 κακὰ
2684 3559 2904 3613 αὐτοῦ·
2935 3559 3034 3612 καὶ
3071 3558 3190 3612 νῦν
3213 3553 3392 3622 οὗτος

1819 3647 2243 3719 παρακαλεῖται
2270 3687 2285 3712 ,
2335 3646 2416 3699 σὺ
2469 3643 2540 3698 δὲ
2598 3642 2909 3697 ὀδυνᾶσαι.
2969 3645 3194 3713 Ζήτημα
3251 3643 3394 3713 μέγα

1820 3734 1969 3787 ἐστίν
1993 3749 2008 3764 ο
2041 3728 2211 3796 εἷπον,
2241 3731 2323 3783 ὅτι
2354 3731 2382 3782 6
2421 3725 2841 3798 ἀπολαμϐάνων,
2872 3725 2941 3780 τά
2969 3726 3393 3797 κεχρεωστημέ-

1819 3833 1886 3870 να
1918 3814 2314 3886 ἀπολαμϐάνει.
2350 3812 2412 3865 Εἰ
2457 3811 2638 3863 τοίνυν
2683 3812 2714 3862 6
2763 3810 3013 3882 Λάζαρος
3051 3809 3259 3872 δίκαιος
3300 3805 3390 3880 ἦν,

1821 3899 2010 3970 ὥσπερ
2036 3894 2128 3951 οὖν
2158 3897 2252 3950 καὶ
2279 3892 2368 3967 ἦν,
2387 3895 2481 3949 καὶ
2509 3892 2710 3958 ἔδειξεν
2731 3895 2758 3947 6
2777 3892 2976 3956 κόλπος
2997 3892 3092 3944 τοῦ
3121 3891 3392 3964 Ἁϐραάμ,

1821 3984 1851 4037 6
1897 3981 2179 4051 στέφανος,
2212 3981 2280 4033 τά
2314 3977 2562 4050 βραδεῖα,
2612 3978 2646 4047 ἡ
2695 3975 2900 4040 ἄνεσις,
2933 3976 2966 4046 ή
3004 3974 3324 4040 ἀπόλαυσις,
3359 3977 3394 4047 ἠ

1823 4065 2109 4137 καρτερία,
2137 4065 2170 4135 ἡ
2201 4063 2445 4133 ύπομονή
2465 4078 2478 4091 ·
2507 4055 2660 4123 οὗτος
2681 4059 2738 4112 δὲ
2767 4058 3088 4130 ἁμαρτωλὸς
3117 4058 3212 4112 καὶ
3247 4074 3398 4127 παμ·

1824 4148 1960 4218 πόνη
1972 4165 2060 4220 ρος
2083 4147 2177 4201 καὶ
2199 4144 2585 4218 ἀπάνθρωπος,
2604 4144 2780 4215 τρυφῇ
2809 4142 2904 4195 καὶ
2932 4141 3071 4214 μέθῃ
3090 4140 3395 4212 προσέχων,

1825 4230 2186 4302 Συϐαριτικὴν
2230 4225 2660 4299 παρατιθέμενος
2703 4224 3004 4297 τράπεζαν,
3045 4225 3106 4278 ὲν
3143 4223 3400 4296 ἀσελγείᾳ

1824 4313 2063 4386 τοσαύτῃ
2087 4313 2180 4366 καὶ
2208 4310 2473 4386 ἀκολασίᾳ
2521 4308 2902 4380 στρεφόμενος,
2936 4306 3025 4361 διὰ
3052 4307 3106 4360 τί
3138 4306 3286 4379 αὐτῷ
3313 4306 3402 4360 λέ-

1825 4417 1934 4469 γει,
1951 4375 2362 4459 ὅτιτΑπέλαϐες
2378 4375 2774 4464 ἐχρεωστεῖτο
2799 4393 2908 4464 γάρ
2927 4409 2979 4445 τι
3002 4389 3170 4462 αὐτῷ,
3189 4375 3285 4446 ἀνθ
3293 4389 3400 4464 ρώ-

1828 4501 1915 4555 πῳ
1941 4481 2276 4543 πλουτοῦντι,
2304 4477 2575 4550 ἀνθρώπῳ
2603 4475 2796 4548 ἀσώτῳ
2826 4477 2919 4530 καὶ
2940 4475 3292 4555 ἀπανθρώπῳ
3311 4494 3325 4540 ;
3347 4474 3402 4528 τί

1826 4553 1935 4637 γάρ
1963 4562 2110 4635 αὑτῷ
2132 4563 2515 4634 ὲχρεωστεῖτος
2544 4559 2631 4612 διὰ
2656 4558 2710 4612 τί
2732 4558 2842 4628 γὰρ
2865 4559 2941 4631 μὴ
2965 4553 3401 4625 εἷπεν,Ἔλαϐες,

1827 4648 1964 4712 ἀλλ’,
1989 4645 2333 4712 Ἀπέλαϐες;

1899 4772 1963 4826 θ’.
1996 4771 2241 4843 Πρόσεχε
2283 4767 2362 4840 τῷ
2411 4767 2712 4840 λεγομένῳ
2757 4767 3192 4840 Ἐχρεωστοῦντο
3252 4765 3402 4838 αύτῷ

1828 4857 2110 4929 τιμωρίαι,
2125 4852 2522 4927 ὲχρεωστοῦντο
2537 4851 2686 4924 αὐτῷ
2703 4850 2976 4916 κολάσεις,
2996 4849 3402 4920 ὲχρεωστοῦντο

1830 4941 1979 5012 αὐτῷ
2003 4939 2204 4994 ὀδύναι.
2237 4938 2335 4993 Διά
2364 4937 2416 4992 τί
2447 4937 2522 5008 μὴ
2555 4933 2732 5000 εἶπεν,
2750 4937 2833 4988 ὅτι
2861 4933 3011 4988 Αύτά
3030 4933 3244 4996 ἔλαϐες,
3265 4931 3404 4986 ἀλλά

1843 5025 2168 5090 Ἀπέλαϐες
2190 5024 2262 5078 τὰ
2288 5021 2478 5092 ἀγαθά
2506 5036 2626 5076 σου
2664 5021 2880 5081 ἐκεῖνα,
2924 5018 3016 5070 τὸν
3061 5017 3174 5087 βίον
3200 5018 3405 5071 ἐκεῖνον

1829 5110 2019 5178 λέγων,
2051 5107 2147 5163 καί
2171 5104 2430 5173 Λάζαρος
2459 5105 2531 5157 τὰ
2563 5103 2720 5155 κακὰ
2744 5100 2962 5165 αὺτοῦ;
3006 5100 3168 5153 Ἀλλά
3190 5098 3404 5153 σύντειο

1830 5194 1920 5248 νόν
1961 5208 2055 5246 σου
2103 5191 2202 5260 τὴν
2252 5187 2526 5241 διάνοιαν*
2585 5185 2665 5248 είς
2719 5183 2882 5253 βάθος
2929 5182 3038 5253 γὰρ
3091 5180 3406 5234 καταϐαίνω

1832 5276 2138 5347 νοημάτων.
2157 5271 2276 5325 Τῶν
2306 5265 2608 5340 ἀνθρώπων
2635 5268 2893 5320 ἁπάντων
2921 5265 3028 5318 τῶν
3049 5264 3216 5318 ὄντων
3233 5265 3282 5316 οἰ
3307 5263 3406 5333 μὲν

1832 5360 1968 5414 εἰσὶν
1991 5354 2327 5429 ἁμαρτωλοὶ,
2365 5355 2413 5406 οί
2446 5351 2505 5406 δὲ
2537 5351 2756 5405 δίκαιοι.
2795 5348 3037 5420 Πρόσεχε
3083 5347 3263 5400 τοίνυν
3312 5347 3408 5400 καὶ

1833 5446 1890 5496 ὲν
1918 5445 2029 5505 τοῖς
2054 5439 2279 5501 δικαίοις
2312 5435 2595 5506 διαφοράνθ
2623 5436 2651 5486 6
2689 5433 2785 5504 μὲν
2819 5432 3048 5494 δίκαιος,
3079 5433 3107 5484 6
3145 5430 3200 5482 δὲ
3226 5429 3406 5484 πλεῖον

1835 5526 2055 5588 δίκαιος·
2076 5525 2104 5576 6
2135 5522 2232 5591 μὲν
2257 5519 2604 5591 ὑψηλότερος,
2635 5518 2662 5570 ὁ
2691 5518 2747 5570 δὲ
2777 5515 2998 5586 μείζων·
3035 5514 3126 5570 καὶ
3155 5511 3410 5585 καθάπερ

1898 5829 1927 5869 δ
1953 5825 2106 5877 Valic.
2131 5825 2284 5882 πόσην
2308 5822 2554 5884 εὐγένειαν.
