3784 6310
432 339 561 395 ιοιι

428 450 659 521 ἀστέρες
679 449 787 502 είσὶ
810 445 998 501 πολλοὶ
1035 447 1128 500 καὶ
1156 447 1304 517 ἣλιος
1341 448 1436 499 καὶ
1466 445 1686 514 σελήνη,
1727 443 1871 496 οὓτω
1897 441 1991 495 καὶ

426 536 656 605 διαφορὰ
677 533 916 587 δικαίων.
945 533 1137 598 Ἀλλη
1165 531 1274 600 γὰρ
1293 530 1441 590 δόξα
1467 530 1666 596 ἡλίου,
1705 526 1802 580 καὶ
1830 527 1989 592 ἄλλη

427 618 719 687 σελήνης,
777 617 872 669 καὶ
915 615 1073 683 ἄλλη
1124 615 1275 679 δόξα
1323 615 1612 682 ἀστέρων.
1639 613 1720 666 Τὰ
1749 611 1848 682 μὲν
1882 609 1992 680 γὰρ

427 701 671 772 διαφέρει
699 703 756 753 ἐν
785 700 932 772 δόξῃ.
962 698 1033 753 τὰ
1051 699 1107 751 δὲ
1128 697 1466 752 ἐλαττοῦται·
1493 697 1587 750 καὶ
1606 697 1856 765 καθάπερ
1883 693 1992 747 είσὶ

430 783 658 854 σώματα
686 782 1015 852 ἐπουράνιας
1043 779 1186 836 οὕτω
1227 781 1323 835 καὶ
1353 782 1579 855 σώματα
1618 779 1835 846 ἐπίγεια
1853 793 1866 808 ⁸
1898 776 1992 830 καὶ

427 865 614 937 ῶσπερ
649 868 708 920 ἐν
737 867 850 929 τοῖς
881 864 1127 934 σώμασιν
1169 867 1197 918 6
1242 865 1338 935 μὲν
1374 863 1589 931 ἔλαφος,
1625 861 1727 915 ὁδὲ
1757 860 1930 923 κύων,
1961 859 1991 912 6

426 949 485 1002 δὲ
507 948 664 1014 λέων,
687 951 714 1002 6
742 948 799 1002 δὲ
830 947 959 1002 ἀλλο
991 947 1208 1020 θηρίον,
1239 951 1269 1002 6
1316 948 1373 1000 δὲ
1421 949 1607 1011 ἀσπὶς,
1634 947 1664 999 6
1699 945 1756 998 δὲ
1782 942 1908 999 ἄλλο
1938 960 1990 996 τι

423 1029 535 1084 τῶν
561 1031 840 1084 τοιούτων·
875 1031 1018 1084 οὓτω
1061 1032 1157 1084 καὶ
1189 1033 1246 1086 ἐν
1274 1035 1385 1094 τοῖς
1417 1030 1776 1100 ἁμαρτήμασι
1803 1026 1990 1094 διαφο-

429 1115 540 1184 ραί.
578 1115 697 1167 Τῶν
732 1113 1032 1185 ἀνθρώπων
1069 1114 1247 1167 τοίνυν
1267 1115 1316 1167 οἱ
1351 1113 1449 1185 μὲν
1471 1114 1575 1166 είσὶ
1603 1112 1818 1174 δίκαιοι,
1851 1109 1900 1162 οἱ
1933 1107 1990 1162 δὲ

427 1197 759 1270 ἀμαρτωλοί’
781 1197 919 1252 ἀλλά
945 1199 1039 1251 καὶ
1065 1199 1124 1251 ἐν
1145 1199 1256 1261 τοῖς
1281 1197 1513 1261 δικαίοις
1541 1195 1707 1267 πολλὴ
1736 1192 1988 1264 διαφορά,

425 1281 522 1334 καὶ
549 1282 606 1334 ὲν
635 1282 749 1342 τοῖς
787 1280 1128 1351 ἁμαρτωλοῖς
1175 1279 1345 1350 πολλὴ
1396 1281 1487 1334 καὶ
1545 1280 1788 1348 ἄπειρος.
1829 1276 1990 1330 Ἀλλά

425 1363 680 1435 πρόσεχε’
701 1364 764 1418 Εἰ
791 1364 886 1418 καὶ
903 1363 1106 1426 δίκαιος
1181 1381 1285 1428 τις,
1299 1362 1400 1418 κᾶν
1425 1363 1682 1434 μυριάκις
1761 1361 1986 1424 δίκαιος,

427 1446 690 1518 καὶπρὸς
745 1447 913 1518 αὐτὴν
945 1447 1118 1518 ἀναϐῇ
1155 1446 1255 1518 τὴν
1299 1446 1571 1519 κορυφὴν,
1625 1446 1764 1499 ὥστε
1814 1444 1992 1517 ἀπηλ-

422 1526 618 1598 λάχθαι
645 1529 1079 1601 ἁμαρτημάτων,
1106 1529 1167 1582 οὐ
1205 1529 1424 1583 δύναται
1454 1529 1693 1600 καθαρὸς
1721 1524 1861 1581 εἶναι
1889 1544 1990 1596 κη-

421 1611 584 1678 λῖδος,
611 1612 714 1666 κᾶν
746 1613 1004 1683 μυριάκις
1123 1614 1352 1678 δίκαιος,
1397 1612 1510 1667 ἀλλ’
1538 1611 1820 1683 ἄνθρωπός
1850 1610 1987 1664 ἐστι.

427 1696 524 1761 Τίς
549 1695 660 1765 γὰρ
687 1695 1058 1764 καυχήσεται
1083 1694 1280 1764 ἁγνὴν
1304 1695 1469 1765 ἔχειν
1492 1695 1608 1762 τὴν
1627 1695 1915 1763 καρδίαν;
1948 1693 1988 1762 ἢ

420 1781 513 1847 τίς
534 1779 1006 1849 παῤῥησιὰσεται
1045 1781 1302 1850 καθαρὸς
1328 1775 1480 1834 εἶναι
1525 1779 1640 1834 ἀπὸ
1669 1778 1988 1848 ἀμαρτίας;

419 1862 521 1915 Διά
547 1863 706 1917 τοῦτο
729 1863 1063 1934 κελευόμεθα
1101 1865 1183 1927 εἰς
1226 1864 1326 1934 τὴν
1371 1863 1536 1935 εὐχὴν
1567 1862 1765 1930 λέγειν·
1808 1862 1990 1929 Ἀςοες

419 1941 565 2011 ἡμῖν
589 1943 662 1998 τὰ
715 1942 1084 2011 ὀφειλήματα
1120 1942 1308 2012 ήμῶν,
1363 1944 1449 1996 ἵνα
1485 1945 1552 2014 τῇ
1605 1940 1864 2012 συνηθείᾳ
1890 1941 1990 2009 τῆς

417 2024 588 2096 εὐχῆς
616 2024 1046 2097 ἀναμνησθῶμεν
1076 2027 1192 2080 ἐκεῖ
1214 2027 1294 2080 ὅτι
1322 2025 1607 2079 ὑπεύθυνοί
1629 2027 1794 2095 ἐσμεν
1828 2022 1988 2078 κολά-

419 2124 558 2161 σεσι.
596 2109 706 2162 Καὶ
743 2107 850 2178 γάρ
882 2108 1090 2172 Παῦλος
1121 2111 1149 2162 ὁ
1202 2109 1519 2173 ἀπόστολος,
1554 2108 1614 2162 τὸ
1667 2105 1860 2169 σκεῦος
1887 2106 1986 2177 τῆς

417 2189 671 2258 ἐκλογῆς,
703 2191 732 2244 6
763 2190 889 2256 ναὸς
912 2193 1004 2245 τοῦ
1029 2191 1185 2255 Θεοῦ,
1220 2193 1281 2246 τὸ
1316 2193 1490 2265 στόμα
1525 2192 1617 2246 τοῦ
1647 2189 1918 2262 Χριστοῦ,
1951 2193 1985 2262 ἡ

415 2271 557 2342 λύρα
585 2272 678 2326 τοῦ
701 2274 1041 2345 Πνεύματος,
1077 2276 1104 2328 6
1136 2275 1457 2340 διδάσκαλος
1487 2275 1589 2346 τῆς
1629 2271 1986 2344 οἰκουμένης,

415 2355 447 2410 6
468 2355 574 2426 γῆν
603 2358 699 2410 καὶ
725 2355 997 2413 θάλασσαν
1029 2357 1350 2431 περιελθὼν,
1386 2362 1414 2414 6
1451 2359 1549 2423 τάς
1589 2359 1831 2424 ἀκάνθας
1879 2358 1989 2412 τῶν

415 2438 704 2509 ἁμαρτιῶν
729 2441 1068 2508 ἀνασπάσας,
1096 2441 1125 2496 6
1156 2442 1224 2496 τὰ
1260 2442 1552 2513 σπέρματα
1581 2441 1682 2511 τῆς
1709 2441 1987 2506 εὐσεϐείας

416 2522 776 2589 καταϐαλὼν,
829 2527 858 2578 6
911 2525 1174 2595 βασιλέων
1206 2525 1608 2598 εὐπορώτερος,
1655 2527 1684 2578 6
1719 2525 1987 2580 πλουσίων

412 2603 844 2678 δυνατόντερος,ό
871 2608 1219 2680 στρατιωτῶν
1253 2611 1371 2679 ίσχυ
1381 2609 1616 2681 ρότερος,
1633 2610 1664 2662 6
1685 2609 1987 2678 φιλοσόφων

415 2687 872 2760 φιλοσοφώτερος,
905 2693 935 2744 6
970 2691 1214 2762 ῥητόρων
1247 2692 1706 2763 εὐγλωττότερος.
1761 2695 1788 2746 6
1825 2693 1987 2763 μηδὲν

413 2770 553 2841 ἔχων
573 2770 667 2824 καὶ
695 2771 872 2826 πάντα
895 2772 1249 2844 κεκτημένος,
1273 2776 1301 2828 6
1321 2775 1378 2829 ἐν
1397 2777 1460 2845 τῇ
1489 2777 1617 2846 σκιᾷ
1635 2775 1800 2828 αὐτοῦ
1827 2774 1988 2829 θάνα-

413 2870 504 2907 τον
549 2852 721 2920 λύων,
761 2855 789 2908 6
835 2856 894 2908 ἐν
945 2859 1058 2919 τοῖς
1112 2857 1348 2928 ἱματίοις
1391 2857 1555 2911 αὐτοῦ
1599 2858 1670 2911 τὰ
1706 2859 1986 2928 νοσήματα

416 2935 752 3004 φυγαδεύων,
784 2939 813 2991 6
842 2938 900 2991 ἐν
931 2938 1174 3012 θαλάσσῃ
1216 2940 1454 3010 τρόπαια
1490 2941 1714 3010 στήσας,
1755 2943 1783 2995 6
1806 2943 1986 3012 ἁρπα-

413 3019 532 3088 γεὶς
562 3017 668 3082 ἕως
691 3020 876 3092 τρίτου
907 3021 1157 3090 οὐρανοῦ,
1191 3021 1285 3074 καὶ
1317 3021 1398 3084 είς
1449 3023 1776 3095 παράδεισον
1812 3023 1986 3078 εἰσελ-

413 3099 544 3165 θὼν,
583 3102 611 3153 6
636 3101 727 3154 τὸν
761 3099 993 3172 Χριστὸν
1017 3100 1148 3154 Θεὸν
1167 3102 1539 3174 ἀνακηρύξας,
1571 3106 1777 3169 ἐκεῖνος
1815 3105 1982 3174 λέγει·

416 3182 610 3238 Οὐδὲν
642 3182 795 3255 [787]
824 3183 1057 3252 ἐμαυτῷ
1080 3185 1356 3249 σύνοιδα,
1396 3187 1533 3240 ἀλλ’
1562 3190 1673 3242 οὐκ
1709 3188 1986 3254 ἐντούτῳ

412 3265 812 3335 δεδικαίωμαι.
842 3267 902 3320 '0
921 3267 1173 3321 τοσοῦτον
1191 3268 1286 3321 καὶ
1312 3267 1630 3339 τηλικοῦτον
1650 3271 1986 3341 κεκτημένος

411 3349 624 3422 ἀρετῶν
660 3349 896 3422 πλῆθος,
942 3350 1090 3420 λέγει
1110 3365 1125 3381 °
1177 3351 1242 3406 '0
1278 3350 1347 3405 δὲ
1387 3352 1722 3422 ἀνακρίνων
1757 3370 1836 3424 με
1865 3354 1985 3409 Κύ-

405 3433 538 3502 ριός
557 3433 710 3488 ἐστι.

483 3516 580 3579 Τίς
610 3511 702 3570 οὖν
721 3515 1051 3587 καυχήσεται
1077 3515 1246 3588 ἁγνὴν
1267 3516 1411 3588 ἔχειν
1439 3518 1537 3590 τὴν
1559 3518 1785 3592 καρδίαν
1804 3537 1819 3588 ;
1846 3519 1880 3591 ἢ
1899 3519 1984 3584 τίς

411 3599 851 3670 παρρησιάσεται
889 3599 1128 3670 καθαρὸς
1163 3595 1303 3655 εἶναι
1340 3601 1449 3656 ἀπὸ
1476 3603 1779 3674 ἁμαρτίας;
1815 3605 1983 3676 ’Δμή-

411 3695 570 3752 χανον
598 3681 777 3736 τοίνυν
813 3677 952 3736 εἶναι
990 3681 1278 3754 ἄνθρωπόν
1329 3701 1449 3739 τινα
1477 3686 1880 3756 ἀναμάρτητον.
1915 3687 1981 3740 Τί

410 3764 519 3835 γὰρ
553 3764 762 3834 λέγεις;
797 3765 1004 3831 δίκαιός
1035 3768 1217 3832 ἐστιν;
1253 3767 1510 3841 ἐλεήμων⁵
1532 3769 1680 3835 ὲστί;
1713 3769 1982 3838 φιλόπτω-

410 3848 506 3920 χός
533 3851 718 3915 ἐστιν;
758 3849 898 3903 Ἀλλ’
925 3849 1040 3922 ἔχει
1081 3868 1136 3904 τι
1170 3851 1475 3921 ἐλάττωμα·
1510 3852 1544 3924 ἢ
1578 3852 1786 3922 ὑϐρίζει
1819 3854 1981 3908 ἀκαί-

415 3947 542 4002 ρως,
573 3931 605 4001 ἢ
642 3931 939 3997 κενοὼξεί,
966 3933 1000 4003 ἢ
1049 3932 1178 3986 ἀλλο
1209 3951 1263 3987 τι
1296 3932 1534 3987 τοιοῦτον
1573 3937 1732 3988 ποιεῖ·
1775 3935 1836 3988 οὐ
1869 3937 1980 4008 γὰρ

407 4013 492 4069 δεῖ
525 4016 700 4070 πάντα
732 4016 1074 4084 καταλέγειν.
1115 4017 1172 4070 '0
1214 4016 1313 4087 μὲν
1350 4017 1615 4088 ἐλεήμων,
1646 4017 1761 4070 ἀλλ’
1787 4020 1848 4072 οὐ
1876 4021 1980 4072 σώ-

409 4115 562 4171 φρων
595 4098 871 4162 πολλάκις
898 4101 926 4153 6
948 4099 1005 4152 δὲ
1031 4099 1262 4170 σώφρων
1297 4100 1417 4170 μὲν,
1439 4098 1556 4152 ἀλλ’
1581 4100 1680 4154 οὐκ
1710 4101 1975 4172 ἐλεήμωνο

405 4179 438 4232 6
469 4180 568 4250 μὲν
598 4181 655 4233 ἐν
687 4179 859 4252 ταύτῃ
885 4185 951 4253 τῇ
979 4183 1145 4253 ἀρετῇ
1178 4180 1521 4252 ὀνομάζεται,
1553 4182 1581 4234 6
1609 4182 1664 4234 δέ
1688 4184 1746 4236 ἐν
1772 4185 1976 4256 ἐκείνῃ.

413 4263 596 4316 Ἔστω
625 4281 709 4325 τις
726 4263 952 4328 δίκαιοςο
1001 4265 1096 4318 καὶ
1145 4265 1404 4328 πολλάκις
1454 4266 1552 4336 μὲν
1596 4266 1805 4331 δίκαιός
1829 4269 1976 4336 ἐστι,

408 4347 504 4400 καὶ
534 4345 647 4417 ἔχει
671 4347 846 4400 πάντα
865 4347 933 4401 τά
952 4347 1154 4416 ἀγαθὰ,
1186 4349 1280 4402 καὶ
1311 4348 1468 4418 ἔσχεν
1490 4349 1749 4405 ἀπόνοιαν
1776 4351 1863 4405 διὰ
1878 4353 1977 4425 τὴν

406 4428 775 4500 δικαιοσύνην,
799 4431 891 4484 καὶ
923 4431 1227 4503 ἐλυμήνατο
1258 4431 1407 4502 αὐτῷ
1443 4431 1541 4504 τὴν
1567 4431 1906 4506 δικαιοσύνην
1941 4438 1975 4508 ή

407 4513 653 4567 ἀπόνοια.
709 4514 766 4567 Ὁ
791 4515 1078 4585 Φαρισαῖος
1118 4515 1219 4569 οὐκ
1249 4510 1318 4586 ἦν
1339 4514 1568 4579 δίκαιος,
1592 4515 1867 4586 νηστεύων
1893 4519 1976 4584 δὶς

405 4593 502 4650 τοῦ
525 4597 794 4650 σαϐϐάτου
815 4614 830 4662 ;
850 4599 958 4652 ’καὶ
979 4598 1031 4650 τί
1053 4614 1245 4668 φησιν;
1277 4597 1400 4654 Οὐκ
1430 4598 1547 4670 εἰμί
1575 4598 1657 4665 ὡς
1693 4602 1748 4654 οί
1772 4601 1975 4657 λοιποί

406 4678 528 4733 τῶν
545 4679 886 4748 ἀνθρώπων,
909 4681 1170 4751 ἅρπαγες
1197 4681 1294 4736 καί
1315 4681 1688 4737 πλεονέκται.
1714 4683 1824 4737 Καὶ
1849 4684 1977 4738 πολ-

406 4760 565 4824 λάκις
583 4761 689 4815 61:6
718 4763 958 4834 καθαροῦ
991 4763 1289 4827 συνειδότος
1312 4765 1393 4828 είς
1424 4764 1684 4819 ἀπόνοιαν
1710 4761 1842 4838 ἦλθέ
1869 4785 1970 4833 τις·

407 4843 504 4898 καὶ
549 4844 686 4914 ὅπερ
734 4845 835 4898 οὐκ
894 4845 1125 4917 ἔϐλαψεν
1169 4845 1330 4900 αὐτὸν
1371 4847 1404 4919 ή
1447 4847 1712 4920 ἁμαρτία,
1744 4849 1972 4923 ἔϐλαψεν

405 4927 569 4982 αὐτὸν
597 4930 628 4998 ή
661 4929 905 4983 ἀπόνοια.
938 4929 1052 4983 υύκ
1079 4928 1192 4983 ἔστι
1230 4931 1360 4999 γοῦν
1392 4931 1675 5003 ἄνθρωπον
1700 4934 1971 4991 καθ”δλου

405 5009 576 5074 οὕτως
610 5007 750 5064 εἶναι
776 5012 1002 5075 δίκαιον,
1023 5013 1098 5075 ὡς
1125 5013 1363 5084 καθαρὸν
1383 5009 1520 5068 εἶναι
1547 5015 1654 5069 61:6
1677 5017 1969 5090 ἁμαρτίας,

405 5093 499 5146 καὶ
521 5093 703 5158 πάλιν,
737 5095 836 5148 οὐκ
870 5094 1016 5149 ἔστιν
1035 5095 1317 5166 ἄνθρωπον
1345 5097 1531 5151 οὐδένα
1561 5099 1728 5154 κακὸν
1751 5097 1885 5156 εἶναι
1918 5114 1968 5168 ⁸,

404 5174 481 5238 ῶς
519 5175 592 5247 μὴ
618 5176 762 5247 ἔχειν
783 5195 833 5231 τι
863 5177 964 5231 κάν
1006 5179 1198 5250 μικρὸν
1223 5180 1446 5247 ἀγαθόν.
1489 5175 1614 5235 Οἷόν
1633 5200 1685 5236 τι
1712 5183 1874 5252 λέγωο
1909 5185 1970 5239 '0

402 5257 553 5313 δεῖνα
577 5259 814 5330 ἁρπάζει
843 5262 938 5314 καὶ
970 5262 1281 5315 πλεονεκτεῖ
1325 5265 1419 5316 καὶ
1460 5263 1813 5335 λυμαίνεται,
1851 5269 1966 5322 ἀλλ’

405 5339 574 5395 ἐνίοτε
621 5343 987 5414 ἐλεημοσύνην
1048 5345 1261 5398 δίδωσιν
1280 5385 1294 5409 ,
1350 5346 1465 5399 ἀλλ’
1511 5347 1678 5402 ἐνίοτε
1733 5349 1967 5420 σώφρων

404 5424 569 5489 ἐστὶν,
589 5425 702 5478 ἀλλ’
719 5427 884 5480 ἐνίοτε
918 5426 1074 5496 λόγον
1107 5428 1218 5498 ἔχει
1246 5429 1497 5500 χρηστὸν,
1525 5431 1640 5484 ἀλλ’
1667 5431 1836 5486 ἐνίοτε
1861 5435 1967 5487 κᾶν

403 5506 485 5560 ἐνὶ
532 5507 684 5578 ἀνδρὶ
739 5509 1054 5580 ἐϐοήθησεν,
1108 5510 1222 5562 ἀλλ’
1263 5510 1433 5564 ἐνίοτε
1489 5512 1752 5566 ἔκλαυσεν
1776 5553 1791 5577 ,
1845 5516 1960 5568 ἀλλ’

400 5588 570 5643 ὐνίοτε
600 5590 1098 5659 ἐστύγνασεν.οὐτε
1118 5589 1208 5647 οὖν
1229 5593 1433 5659 δίκαιός
1457 5595 1569 5648 ἐστι
1598 5597 1764 5666 χωρὶς
1793 5599 1964 5669 ἀμαρ-

464 5741 492 5772 ⁸
514 5741 645 5792 Εἶναι
669 5741 812 5794 ἀθεεὶ
832 5745 878 5792 in
902 5743 1022 5807 Reg.

1100 337 1159 395 S.
1199 333 1487 394 JOANNIS
1525 329 2016 390 CHRYSOSTOMI
2061 330 2380 390 ARCIIIEP.
2417 333 2974 392 CONSTANTIXOP.

3583 317 3700 374 ιλιι

2099 441 2241 508 τίας,
2266 444 2387 496 οὐτε
2418 444 2567 497 ἐστὶν
2595 443 2916 514 ἁμαρτωλὸς
2941 441 3169 496 καθόλου
3202 441 3312 512 ἔρη
3323 451 3450 508 μσς
3486 433 3701 500 ἀγαθοὶ

2099 534 2163 587 Τί
2196 534 2288 588 τοῦ
2319 535 2520 604 ’Δχαάϐ
2541 535 2917 608 χαλεπώτερον
2940 552 2954 599 ;
2979 536 3194 606 ἥρπασε
3230 532 3341 587 καὶ
3387 527 3697 595 ἐφόνευσεν·

2097 626 2212 679 ἀλλ’
2244 628 2393 697 ὅμως
2417 626 2604 698 ἐπειδὴ
2635 627 2951 697 ἐστύγνασε,
2985 625 3238 696 λέγειτῷ
3277 621 3476 690 Ἠλίᾳ
3509 620 3542 671 ό
3567 617 3698 681 8:6;-

2097 713 2272 784 Εἶδες
2297 715 2422 784 πῶς
2473 719 2772 788 κατενύγιη
2826 715 3068 786 Ἀχαὰϐ,
3129 711 3271 777 εἶδες
3332 714 3414 766 ὲν
3471 708 3702 778 τοσούτῳ

2098 809 2245 881 βυθῴ
2276 809 2462 863 κακῶν
2485 809 2602 874 πῶς
2623 809 2819 882 εὑρέθη
2843 827 2897 863 τι
2925 809 3117 881 μικρὸν
3138 807 3364 877 ἀγαθόν
3389 821 3408 870 ;
3437 802 3516 856 Τί
3551 801 3699 853 Ἰούδα

2095 900 2276 969 χεῖρον
2296 897 2387 953 τοῦ
2421 899 2704 970 προδότου,
2737 898 2832 952 τοῦ
2871 897 3432 970 αίχμαλωτυσθὲντος
3475 890 3590 946 ὑπὸ
3617 891 3700 961 τῆς

2097 991 2495 1064 φιλαργυρίας;
2535 992 2649 1046 ἀλλ’
2677 993 2827 1063 ὅμως
2855 992 2951 1046 καὶ
2982 991 3143 1056 αὐτὸς
3182 989 3445 1059 ὶποίησε
3486 984 3595 1040 κᾶν
3620 1003 3699 1054 μι-

2095 1080 2226 1152 κρόν
2251 1099 2306 1135 τι
2341 1081 2479 1152 μετὰ
2509 1082 2685 1137 ταῦτα
2733 1083 2957 1152 ἀγαθόν.
3009 1083 3323 1152 Ἥμαρτον
3367 1078 3527 1149 γὰρ.
3560 1075 3699 1146 φττὶ.

2095 1171 2401 1241 παραδοὺς
2432 1167 2574 1244 αἷμα
2612 1173 2824 1229 ἀθῶον.
2873 1173 3046 1246 Ὅπερ
3079 1169 3171 1228 οὖν
3204 1173 3457 1241 ἔλεγον·
3506 1169 3576 1222 οὐ
3606 1170 3698 1237 γάρ

2095 1267 2211 1320 ἐστι
2240 1265 2400 1333 φύσει
2427 1267 2460 1337 ή
2484 1267 2672 1330 κακία,
2716 1267 2802 1320 ἵνα
2844 1266 2917 1338 μὴ
2960 1267 3060 1341 ἔχῃ
3090 1267 3278 1338 χώραν
3312 1268 3355 1334 ἡ
3404 1262 3617 1334 ἀρετή.
3639 1262 3699 1315 Τό

2096 1357 2368 1429 πρόϐατον
2396 1358 2652 1413 οὐδέποτε
2698 1359 2919 1414 δύναται
2959 1360 3211 1428 γενέσθαι
3263 1359 3514 1430 ἄγριον,
3551 1355 3699 1422 φύσει

2096 1449 2204 1520 γὰρ
2231 1449 2344 1519 ἔχει
2365 1450 2424 1503 τὸ
2451 1451 2677 1523 ἥμερονο
2710 1452 2738 1505 ό
2766 1451 2928 1516 λύκος
2963 1452 3222 1506 οὐδέποτε
3256 1450 3516 1504 δύναται
3551 1447 3698 1516 γενέ-

2097 1541 2220 1594 σθαι
2244 1543 2473 1612 ἥμερος,
2506 1542 2666 1612 φύσει
2694 1543 2804 1615 γάρ
2840 1543 2953 1615 ἔχει
2984 1543 3046 1597 τὸ
3089 1543 3307 1614 ἄγριον.
3356 1543 3446 1594 Οὐ
3483 1540 3695 1594 λύονται

2095 1627 2187 1685 οὖν
2215 1633 2264 1686 οἱ
2296 1633 2450 1703 νόμοι
2486 1634 2586 1705 τῆς
2609 1634 2843 1704 φύσεως,
2881 1633 3002 1688 οὐδὲ
3043 1633 3396 1695 σαλεύονται,
3429 1630 3582 1684 ἀλλὰ
3607 1631 3696 1699 μὲι

2095 1741 2279 1778 νουσιν
2316 1725 2582 1796 ἀκίνητοι.
2618 1726 2742 1779 Ἐπὶ
2773 1724 2907 1796 ἐμοῦ
2937 1724 3094 1780 τοῦτο
3131 1725 3236 1778 οὐκ
3265 1724 3376 1788 ἔνι,
3431 1712 3583 1776 ἀλλά
3607 1725 3692 1774 καὶ

2095 1815 2286 1888 ἄγριος
2315 1816 2536 1889 γίνομαι
2552 1819 2679 1873 ὅταν
2702 1818 2995 1890 βούλωμαι,
3013 1819 3108 1872 καὶ¹
3127 1818 3238 1889 ήμε
3249 1833 3347 1888 ρος
3367 1817 3517 1869 ὅταν
3541 1813 3688 1866 θέλω·

2093 1903 2154 1956 οὐ
2190 1903 2301 1974 γάρ
2329 1903 2486 1974 φύσει
2518 1905 2762 1976 δέδεμαι,
2808 1907 2922 1960 ἀλλ’
2965 1898 3252 1978 ἐλευθερίᾳ
3303 1903 3688 1976 προαιρὲσως

2095 1996 2418 2068 τετίμημαι.
2449 2000 2628 2069 Ὅπερ
2659 1993 2752 2052 οὖν
2781 1994 2956 2065 εἷπον,
2988 1997 3110 2052 οὔτε
3135 1997 3354 2067 ἀγαθός
3402 2012 3501 2058 τις
3526 1993 3686 2055 οὕτως

2095 2085 2264 2149 ἐστὶν,
2295 2086 2371 2150 ὡς
2399 2087 2474 2158 μὴ
2500 2087 2644 2158 ἔχειν
2679 2086 2882 2160 μικράν
2921 2087 3134 2159 κηλῖδα,
3165 2086 3299 2140 οὐτε
3333 2083 3593 2155 πονηρός
3615 2100 3684 2145 τις

2094 2177 2268 2242 οὓτως
2296 2179 2460 2244 ἐστὶν,
2493 2177 2567 2244 ὡς
2595 2180 2670 2252 μὴ
2693 2179 2837 2251 ἔχειν
2872 2179 2975 2234 κάν
3009 2179 3202 2251 μικρὸν
3227 2176 3480 2248 ἀγαθόν.

2179 2269 2330 2323 Ἐπεὶ
2355 2266 2447 2325 οὖν
2474 2271 2692 2326 πάντων
2715 2271 2977 2334 ἀντίδοσίς
2999 2272 3136 2335 ἐστι,
3167 2271 3267 2324 καὶ
3290 2269 3532 2323 πάντων
3549 2267 3682 2320 ἐστὶν

2095 2361 2319 2434 ἀμοιϐή’
2361 2362 2461 2417 κάν
2491 2363 2600 2434 γὰρ
2650 2364 2842 2432 φονεὺς
2959 2381 3062 2427 τις,
3093 2361 3198 2416 κᾶν
3225 2360 3487 2432 πονηρός
3520 2377 3605 2423 τις
3625 2354 3680 2430 ᾖ.

2095 2453 2200 2508 κᾶν
2238 2453 2565 2526 πλεονέκτης
2591 2455 2642 2520 1³,
2681 2455 2882 2527 ποιήσῃ
2908 2455 2966 2510 δὲ
3007 2455 3187 2516 καλὸν,
3221 2455 3386 2525 μένει
3409 2451 3571 2522 αὐτῷ
3595 2451 3677 2505 τοῦ

2094 2544 2264 2600 καλοῦ
2291 2547 2325 2617 ή
2352 2545 2728 2611 ἀνταπόδοσις,
2765 2547 2862 2600 καὶ
2898 2546 2959 2600 οὐ
2996 2546 3084 2600 διὰ
3116 2545 3185 2599 τά
3214 2546 3397 2606 κακὰ.
3432 2544 3474 2598 ἃ
3503 2543 3679 2611 ἐποίηο

2095 2655 2208 2704 σεν,
2234 2637 2463 2709 ἄμισθον
2494 2638 2702 2708 γίνεται
2730 2638 2789 2692 τὸ
2813 2637 2996 2692 καλόν.
3022 2638 3130 2691 Καὶ
3156 2637 3347 2701 πάλιν,
3377 2637 3494 2706 κᾷν
3521 2636 3677 2708 μυρία

2092 2747 2177 2794 τις
2207 2729 2510 2801 ἐργάζηται
2567 2729 2784 2800 ἀγαθὰ,
2842 2731 3043 2802 ποιήσῃ
3083 2729 3140 2783 δέ
3173 2747 3229 2783 τι
3256 2729 3501 2799 φαῦλον,
3537 2727 3676 2798 μένει

2093 2821 2241 2892 αὐτῷ
2264 2821 2358 2875 τοῦ
2385 2821 2590 2892 φαύλου
2621 2823 2654 2894 ή
2685 2821 3058 2884 ἀνταπόδοσις.
3075 2821 3293 2892 Κάτεχε
3311 2821 3518 2883 ταῦτα.
3536 2817 3675 2893 [788]

2093 2914 2248 2984 τήρει
2281 2914 2420 2968 αὐτά
2446 2912 2619 2985 όχυρά
2647 2913 2741 2966 καὶ
2760 2913 3013 2984 ἀκίνητα.
3037 2911 3172 2967 Οὐτε
3203 2912 3422 2983 ἀγαθός
3455 2912 3545 2975 τίς
3567 2914 3674 2964 ἐστι

2095 3004 2261 3074 χωρὶς
2319 3004 2627 3075 ἁμαρτίας,
2687 3001 2809 3057 οὐτε
2854 3002 3026 3067 κακός
3067 3001 3150 3066 τίς
3204 3003 3326 3056 ἐστι
3391 3002 3574 3073 χωρὶς
3605 3001 3677 3053 διο

2091 3095 2403 3166 καιοσύνης.
2423 3095 2503 3150 Τά
2537 3096 2676 3150 αὐτά
2697 3097 2806 3170 γάρ
2829 3095 2973 3166 λέγω
2998 3096 3175 3160 πάλιν,
3205 3097 3292 3149 Eva
3327 3095 3577 3166 ριζώσω,
3593 3097 3672 3147 ἴνα

2091 3187 2362 3257 φυτεύσω,
2403 3188 2490 3242 ἵνα
2517 3189 2595 3252 είς
2633 3187 2796 3259 βάθος
2829 3187 3000 3258 θήσω.
3039 3188 3330 3258 Ἐμϐάλλει
3373 3188 3493 3260 γάρ
3532 3205 3671 3252 τινας

2095 3279 2364 3350 μερίμνας
2382 3282 2408 3333 6
2436 3279 2678 3344 διάϐολος
2715 3282 2793 3343 είς
2820 3279 2918 3350 τὴν
2956 3279 3150 3350 ψυχὴν,
3187 3278 3530 3350 βουλόμενος
3547 3279 3671 3332 ἀπο-

2091 3370 2419 3440 ϐουκολῆσαι
2456 3368 2610 3440 ὐμῶν
2636 3370 2730 3442 τὴν
2774 3371 3032 3436 διάνοιαν,
3083 3370 3179 3425 καὶ
3221 3371 3584 3442 λυμήνασθαι
3610 3370 3668 3422 τὰ

2089 3465 2222 3535 παρ’
2254 3463 2387 3534 ἐμοῦ
2417 3462 2810 3535 λεγόμενα·διά
2837 3462 2998 3518 τοῦτο
3022 3465 3103 3528 είς
3133 3463 3295 3535 βάθος
3324 3465 3478 3518 αὐτὰ
3505 3482 3666 3518 κατα.

2089 3555 2256 3626 φέρω.
2305 3554 2430 3609 Ἐὰν
2477 3556 2587 3629 γὰρ
2633 3547 2736 3609 ὧδε
2787 3558 3033 3629 τηρήσῃς
3089 3556 3371 3626 ἀσφαλῶς,
3428 3555 3544 3610 κᾶν
3571 3557 3665 3621 ἔξω

2088 3643 2362 3716 ἀπέλθῃς,
2405 3645 2671 3700 ἀπολέσαι
2713 3645 2852 3701 αὐτά
2891 3647 2952 3700 οὐ
2995 3645 3244 3702 δύνασαι.
3284 3647 3514 3718 Ὠσπερ
3542 3647 3660 3716 γάρ,

2087 3734 2183 3790 ἐὰν
2215 3735 2360 3806 βάλω
2387 3736 2609 3808 χρυσίον
2633 3737 2714 3802 είς
2742 3736 3043 3807 βαλάντιον,
3067 3739 3281 3808 σφίγγω
3305 3739 3405 3792 καὶ
3429 3739 3661 3811 σφραγί-

2087 3827 2270 3900 ζομαι,
2289 3829 2376 3883 ἴνα
2407 3829 2501 3884 καὶ
2528 3828 2664 3900 ἐμοῦ
2691 3830 2922 3894 ἀπόντος
2952 3832 2980 3885 ὁ
2999 3831 3200 3904 λῃστὴς
3233 3830 3308 3902 μή
3333 3830 3506 3905 λάϐῃ,
3528 3831 3658 3885 οὕτω

2087 3921 2182 3977 καὶ
2208 3922 2301 3975 ἐπὶ
2327 3923 2424 3994 τῆς
2452 3921 2718 3996 ὑμετέρας
2745 3921 2965 3994 ἀγάπης
2993 3924 3152 3977 ποιῶ·
3186 3925 3252 3995 τῇ
3282 3925 3552 3997 συνεχείᾳ
3574 3924 3658 3993 τῆς

2087 4011 2436 4078 διδασκαλίας
2467 4012 2682 4083 σφίγγω
2717 4015 2811 4068 καὶ
2843 4013 3142 4086 σφραγῖδας
3179 4013 3474 4086 ἐπιτίθημι
3499 4053 3518 4078 ,
3573 4014 3656 4068 x11

2086 4105 2454 4178 άσφαλίζομαι
2487 4105 2642 4177 ὐμῶν
2679 4105 2778 4177 τὴν
2802 4104 3045 4178 γνώμην,
3085 4107 3172 4160 ἵνα
3206 4105 3282 4179 μή
3315 4108 3553 4178 γένηται
3581 4106 3656 4170 ἐξα

2091 4196 2269 4268 ίτηλος
2292 4200 2357 4268 τῇ
2391 4196 2654 4270 ῥαθυμίᾳ,
2676 4197 2789 4254 ἀλλ’
2816 4197 2903 4252 ἵνα
2936 4198 3180 4271 τηρήσας
3219 4197 3448 4269 μᾶλλον,
3482 4202 3554 4270 τῇ
3583 4202 3654 4252 ἐν-

2086 4288 2260 4344 ταῦθα
2288 4289 2498 4362 γαλήνῃ
2523 4289 2615 4343 τὸν
2659 4287 2764 4354 ἔξω
2800 4287 3026 4360 θόρυϐον
3075 4288 3538 4361 ἀποκρούσωμαι.
3590 4290 3650 4342 05

2085 4382 2266 4436 τοίνυν
2297 4380 2470 4436 ταῦτα
2513 4379 2837 4450 πολυλογίας
2867 4381 2937 4435 τὰ
2972 4379 3260 4451 λεγόμενα,
3306 4379 3426 4433 ἀλλ’
3459 4381 3651 4450 ἐπιμε-

2086 4470 2236 4535 λείας
2258 4471 2352 4524 καὶ
2389 4468 2769 4541 φιλοστοργίας
2825 4470 2920 4524 καὶ
2957 4468 3122 4524 πόθου
3163 4467 3258 4522 τοῦ
3303 4468 3648 4531 διδασκάλου,

2084 4563 2170 4617 Eva
2201 4563 2276 4634 μὴ
2336 4563 2585 4634 ἀπορρυῇ
2615 4561 2685 4615 τὰ
2739 4560 3026 4632 λεγόμενα.
3081 4559 3267 4613 Ταῦτα
3321 4560 3438 4632 γὰρ
3477 4560 3650 4627 λέγειν

2083 4655 2208 4726 ἐμοὶ
2242 4655 2340 4726 μὲν
2371 4654 2470 4708 οὐκ
2521 4652 2773 4724 ὀκνηρὸν,
2845 4653 2972 4724 ὑμῖν
3031 4652 3088 4706 δὲ
3136 4651 3401 4720 ἀσφαλές·
3453 4651 3648 4717 διδάξαι

2084 4745 2366 4818 βούλομαι,
2388 4747 2485 4817 οὐχ
2518 4745 2703 4809 ἁπλῶς
2727 4743 3113 4809 ἐπιδείξασθαι.
3143 4743 3258 4797 Οὐκ
3286 4743 3440 4796 ἐστιν
3462 4737 3559 4796 οὖν
3575 4759 3648 4804 τις

2079 4836 2310 4902 δίκαιος,
2340 4837 2400 4901 ὃς
2451 4837 2550 4890 οὐκ
2601 4836 2714 4908 ἔχει
2768 4835 3060 4909 ἀμαρτίαν’
3117 4835 3212 4887 καὶ
3267 4836 3370 4888 οὐκ
3422 4836 3540 4888 ἔστι
3575 4851 3647 4896 τις

2079 4929 2400 5002 ἁμαρτωλὸς
2420 4928 2479 4991 ὃς
2506 4928 2606 4981 οὐκ
2635 4927 2660 4980 έ
2665 4945 2746 4998 χει
2768 4927 2970 4996 ἀγαθόν
2991 4942 3004 4957 ·
3029 4926 3148 4980 ἀλλ’
3179 4925 3370 4998 ἐπειδὴ
3407 4927 3646 4980 ἑκάστων

2079 5023 2227 5076 ἐστὶν
2273 5020 2570 5085 ἀντίδοσις,
2620 5021 2784 5092 βλέπε
2830 5007 2883 5074 τί
2914 5006 3146 5088 ’γίνεται
3179 5036 3194 5050 ο
3240 5021 3298 5072 ’0
3327 5020 3646 5092 ἁμαρτωλὸς

2077 5112 2450 5186 ἀπολαμϐάνει
2476 5113 2585 5166 τῶν
2606 5111 2824 5180 ἀγαθῶν
2853 5111 3017 5165 αὐτοῦ
3045 5112 3334 5184 ἰσόρροπον
3373 5112 3478 5184 τὴν
3509 5112 3645 5165 ἀντί-

2077 5206 2244 5270 δοσιν,
2274 5205 2370 5258 ὲάν
2394 5223 2447 5258 τι
2492 5204 2590 5278 ἔχῃ
2633 5203 2736 5259 κάν
2769 5203 2962 5275 μικρὸν
3005 5202 3240 5272 ἀγαθόν’
3271 5204 3367 5256 καὶ
3390 5203 3422 5256 6
3449 5203 3646 5266 δίκαιος

2075 5295 2449 5367 ἀπολαμϐάνει
2507 5297 2604 5367 τῆς
2664 5295 2933 5368 ἁμαρτίας
2983 5295 3148 5348 αὐτοῦ
3201 5294 3301 5367 τὴν
3363 5295 3646 5368 ίσόρῥοπον

2076 5388 2275 5460 κρίσιν,
2306 5387 2408 5442 κᾶν
2443 5388 2636 5461 μικρόν
2661 5406 2715 5442 τι
2749 5389 2946 5460 ποιήσῃ
2981 5387 3169 5443 κακόν.
3198 5388 3264 5442 Τί
3292 5383 3387 5442 οὖν
3417 5388 3644 5458 γίνεται,

2135 5693 2162 5768 ις
2193 5694 2344 5747 Valic.
2368 5697 2454 5745 κᾶν
2488 5697 2577 5760 γὰρ
2614 5698 2815 5763 φονεύσῃ
2838 5715 2923 5761 τις,
2947 5700 3035 5747 κᾶν
3055 5699 3316 5764 πορνιύσῃ,
3342 5699 3434 5749 κᾶν
3457 5701 3636 5754 Illon-

2076 5770 2246 5804 κτνσν.
