3884 6354
251 342 384 395 ιυιι

257 459 391 501 sunt
416 446 621 513 multa),
645 457 699 502 et
723 446 803 503 sol
828 456 884 504 et
911 447 1032 502 luna
1054 488 1069 514 ,
1093 445 1169 501 sic
1194 454 1247 501 et
1267 445 1563 501 differentia
1596 456 1677 500 est
1706 447 1845 501 inter

256 537 437 607 justos
466 556 481 593 :
509 538 624 591 Alia
643 540 829 610 quippe
854 538 1059 591 claritas
1076 537 1196 591 solis
1220 578 1235 599 ,
1278 546 1323 590 et
1351 537 1453 588 alia
1479 536 1613 590 luna
1630 575 1647 601 ,
1678 546 1723 589 et
1745 535 1848 588 alia

257 628 473 681 claritas
508 628 770 681 stellarum
797 628 872 701 (1.
903 626 1023 681 Cor.
1054 629 1139 683 15.
1162 627 1256 697 41)
1281 644 1295 680 :
1320 625 1560 697 qumdam
1587 626 1728 680 enim
1754 640 1846 679 ex-

260 720 467 774 cellunt
492 719 752 785 claritate,
782 718 1024 789 quaedam
1051 728 1405 788 superantur;
1427 715 1846 787 etquemadmo—

255 809 391 863 dum
418 825 639 880 corpora
666 820 788 865 sunt
813 810 1065 875 caalestia,
1088 812 1165 865 sic
1192 818 1251 864 et
1272 818 1394 863 sunt
1422 823 1642 878 corpora
1672 816 1844 862 terre-

253 901 429 967 Stria,
475 912 527 955 et
564 902 1012 971 quemadmodum
1055 902 1107 955 in
1148 901 1460 970 corporibus
1485 899 1627 954 aliud
1655 914 1844 955 cervus

252 998 366 1056 est,
392 990 536 1044 aliud
557 993 705 1046 canis
723 1032 737 1056 ,
770 991 912 1046 aliud
934 992 1037 1057 leo,
1071 991 1212 1045 aliud
1239 991 1342 1045 alia
1363 989 1493 1055 fera,
1512 989 1651 1042 aliud
1676 988 1839 1058 aSpis,

250 1080 402 1135 aliud
429 1081 532 1135 tale
560 1082 833 1151 quippiam
867 1098 881 1134 :
912 1080 990 1136 sic
1015 1091 1067 1134 et
1098 1080 1149 1135 in
1174 1081 1404 1151 peccatis
1430 1089 1554 1135 sunt
1587 1078 1841 1133 differen-

250 1170 367 1224 tizc.
414 1170 670 1225 llomines
713 1171 871 1240 igitur
894 1171 981 1225 alii
1015 1170 1228 1241 quidem
1257 1179 1381 1225 sunt
1400 1169 1563 1241 justi,
1596 1169 1684 1223 alii
1715 1183 1841 1223 vero

250 1274 567 1331 peccatores
596 1280 609 1317 :
640 1262 734 1317 sed
775 1272 828 1317 et
862 1262 915 1317 in
940 1262 1098 1332 justis
1140 1263 1360 1317 multum
1406 1270 1488 1317 est
1530 1260 1836 1327 discrimen,

247 1361 308 1406 et
359 1353 408 1406 in
458 1354 824 1423 peccatoribus
868 1354 1092 1408 tnultum
1139 1362 1194 1408 et
1242 1354 1557 1407 immensum
1598 1369 1612 1405 :
1654 1366 1837 1407 verum

246 1444 494 1498 attende.
534 1442 684 1499 Licet
702 1444 876 1514 justus
896 1445 963 1499 sit
990 1446 1108 1515 quis
1132 1486 1148 1512 ,
1180 1445 1303 1499 licet
1332 1444 1523 1499 millies
1547 1442 1615 1496 sit
1638 1441 1833 1512 justus,

246 1543 304 1587 et
334 1534 401 1587 ad
433 1535 639 1589 culmen
693 1537 863 1604 ipsum
906 1534 1211 1590 ascenderit
1243 1551 1257 1589 :
1287 1534 1355 1588 ita
1380 1575 1395 1598 ,
1444 1544 1499 1588 ut
1538 1547 1730 1603 expers
1767 1532 1837 1587 sit

248 1628 460 1692 peccati
486 1668 500 1692 ,
544 1642 647 1681 non
675 1634 852 1697 potest
876 1641 995 1681 esse
1026 1624 1253 1680 mundus
1276 1640 1303 1678 a
1334 1624 1490 1679 sorde
1519 1643 1531 1677 :
1562 1624 1684 1678 licet
1713 1622 1834 1678 mil-

244 1716 354 1769 lies
366 1716 542 1786 justus
566 1718 635 1771 sit
656 1759 672 1783 ,
702 1727 783 1771 est
814 1725 988 1773 tamen
1014 1717 1193 1772 homo.
1241 1717 1364 1781 Quis
1388 1717 1518 1771 enim
1537 1714 1835 1787 gloriabitur

241 1819 447 1863 castum
471 1826 523 1863 se
543 1809 724 1865 habere
746 1826 833 1864 cor
854 1852 870 1874 ,
903 1820 992 1864 aut
1013 1812 1123 1881 quis
1148 1811 1365 1878 conﬁdet
1389 1812 1631 1863 mundum
1656 1825 1709 1862 se
1728 1824 1833 1862 esse

239 1916 277 1951 a
310 1911 516 1969 peccato
537 1900 717 1969 (Prov.
741 1900 830 1956 20.
858 1901 958 1971 9)?
997 1901 1281 1970 Propterea
1311 1900 1485 1955 dicere
1511 1900 1561 1953 in
1592 1898 1831 1953 oratione

238 1994 502 2062 iubemur
530 2012 543 2047 :
576 1992 782 2048 Dimitte
814 1994 955 2047 nobis
981 1993 1145 2049 debita
1181 2004 1351 2047 nostra
1392 1992 1604 2059 (Matth.
1629 1992 1683 2046 6.
1717 1990 1827 2063 1‘2),

242 2094 307 2138 ut
338 2082 595 2138 orationis
620 2083 1003 2139 consuetudine
1032 2083 1413 2137 admoneamur
1456 2083 1563 2137 illic
1602 2097 1697 2137 nos
1727 2080 1827 2136 ob-

238 2176 439 2228 noxios
458 2190 578 2230 esse
606 2175 894 2245 suppliciis.
942 2176 1151 2230 Etenim
1182 2175 1376 2230 Paulus
1400 2174 1701 2245 apostolus,
1733 2187 1825 2229 vas

237 2265 548 2331 electionis,
597 2265 689 2319 Dei
738 2267 1029 2335 templum,
1072 2280 1132 2320 os
1153 2264 1380 2331 Christi,
1427 2264 1537 2337 lyra
1574 2263 1823 2333 Spiritus,

234 2357 435 2411 doctor
448 2358 593 2411 orbis
611 2368 889 2425 terrarum,
916 2358 1005 2428 qui
1027 2369 1219 2412 terram
1248 2368 1301 2412 et
1326 2373 1473 2413 mare
1504 2356 1822 2427 peragravit,

233 2447 333 2516 qui
368 2458 706 2518 peccatorum
734 2449 915 2518 spinas
938 2448 1188 2513 revulsit,
1215 2448 1304 2518 qui
1328 2448 1595 2519 religionis
1622 2447 1823 2503 semina
1857 2472 1871 2482 ι

233 2539 492 2607 iactavit;
521 2540 612 2596 ille
641 2541 855 2612 regibus
881 2541 1212 2612 opulentior,
1241 2541 1329 2596 ille
1354 2540 1606 2595 divitibus
1629 2550 1823 2610 poten-

231 2631 350 2685 tior
373 2671 391 2695 ,
431 2631 685 2687 militibus
726 2631 945 2697 fortior,
987 2632 1075 2687 ille
1104 2630 1268 2702 magis
1295 2631 1638 2700 philosophus
1663 2644 1821 2700 quam

232 2722 341 2791 ipsi
369 2721 690 2793 phil050phi,
720 2724 809 2779 ille
832 2723 1077 2778 disertior
1098 2723 1415 2788 oratoribus,
1446 2722 1535 2793 qui
1561 2721 1692 2777 nihil
1721 2720 1821 2775 ha-

229 2813 434 2879 bebat,
481 2822 535 2867 et
560 2813 735 2868 omnia
766 2813 1088 2884 possidebat,
1124 2813 1213 2882 qui
1258 2822 1484 2868 mortem
1510 2813 1699 2868 umbra
1725 2826 1819 2867 sua

227 2906 518 2974 solvebat,
560 2907 648 2978 qui
677 2907 892 2962 morbos
920 2906 1031 2961 suis
1074 2906 1407 2960 vestimentis
1450 2904 1662 2975 fugabat
1684 2945 1699 2970 ,
1727 2905 1820 2975 qui

225 3008 437 3068 tropaea
454 2999 622 3053 erexit
642 2999 693 3052 in
716 2998 866 3061 mari,
896 2997 963 3051 ad
987 2998 1195 3052 tertium
1226 3012 1393 3066 usque
1419 2998 1604 3051 caelum
1636 3008 1818 3066 raptus

225 3099 347 3152 est,
380 3098 434 3143 et
461 3089 512 3142 in
553 3088 854 3158 paradisum
888 3089 1157 3158 ingressus
1179 3129 1194 3154 ,
1234 3088 1323 3157 qui
1351 3086 1621 3141 Christum
1653 3088 1816 3143 Deum

222 3178 583 3247 praedicavit,
635 3178 721 3231 ille
760 3177 884 3231 dicit
916 3194 930 3230 :
962 3176 1111 3231 Nihil
1146 3176 1270 3230 mihi
1302 3176 1530 3231 conscius
1557 3192 1667 3230 sum
1689 3177 1816 3231 :sed

224 3284 336 3320 non
368 3268 419 3321 in
460 3267 555 3321 hoc
583 3268 893 3337 justiﬁcatus
925 3285 1035 3322 sunt
1075 3268 1153 3338 (1.
1181 3268 1297 3321 Cor.
1321 3268 1373 3321 4.
1405 3268 1461 3337 4)
1491 3285 1504 3321 :
1535 3270 1625 3339 qui
1653 3269 1813 3323 talem

224 3371 546 3432 tantamque
587 3363 838 3417 virtutum
887 3362 1095 3433 copiam
1138 3361 1495 3433 acquisierat,
1547 3363 1667 3418 ait:
1713 3362 1816 3429 Qui

216 3464 398 3507 autent
413 3454 614 3524 judicat
639 3470 716 3507 me
736 3495 752 3520 ,
782 3452 1027 3507 Dominus
1061 3460 1153 3506 est.

303 3541 497 3596 Nullus
520 3554 589 3597 est
612 3544 849 3596 immunis
874 3559 905 3595 α
940 3552 1162 3612 peccato.
1187 3569 1262 3581 —
1300 3540 1430 3607 Quis
1459 3554 1586 3611 ergo
1612 3540 1810 3611 gloria-

219 3634 377 3688 bitur
408 3642 613 3688 castum
640 3650 699 3689 se
728 3634 922 3688 habere
949 3648 1041 3687 cor
1071 3651 1083 3687 :
1115 3641 1206 3686 aut
1231 3633 1351 3703 quis
1378 3633 1612 3687 confidet
1652 3649 1810 3688 mun-

220 3724 358 3779 dum
380 3740 439 3779 se
456 3740 577 3781 esse
606 3741 638 3780 a
662 3726 912 3795 peccato?
944 3724 1273 3793 Impossibile
1289 3732 1370 3779 est
1396 3726 1575 3795 igitur,
1599 3736 1651 3778 ut
1673 3726 1810 3781 ullus

220 3818 394 3872 homo
416 3818 535 3872 sita
566 3827 780 3887 peccato
818 3818 1086 3872 immunis.
1128 3817 1263 3883 Quid
1299 3818 1439 3871 enim
1481 3817 1598 3871 ais?
1626 3818 1808 3874 Justus

218 3918 315 3965 est
332 3908 358 3961 τ
384 3909 685 3963 misericors
708 3908 828 3963 est?
854 3922 1140 3977 pauperum
1166 3923 1351 3963 amans
1382 3909 1496 3963 est?
1526 3912 1593 3963 At
1621 3911 1805 3965 vitium

217 3998 443 4068 aliquod
475 3998 633 4053 habet
660 4017 673 4053 :
700 3999 782 4053 vel
809 3999 1107 4068 importune
1133 4000 1469 4053 contumeliis
1493 4002 1691 4067 afficit,
1724 4001 1804 4056 vel

216 4090 372 4146 inani
414 4090 579 4160 gloria
617 4089 858 4155 ducitur,
910 4090 992 4144 vel
1031 4089 1173 4145 aliud
1207 4090 1476 4160 quidpiam
1508 4091 1610 4146 tale
1655 4092 1800 4161 agit;

215 4197 332 4236 non
356 4182 496 4236 enim
528 4181 849 4235 recensenda
879 4190 1001 4233 sunt
1022 4183 1217 4234 omnia.
1248 4180 1343 4236 Hic
1374 4182 1673 4236 misericors
1697 4192 1799 4249 est,

212 4273 319 4330 sed
353 4288 454 4326 non
486 4282 786 4342 temperans
815 4290 829 4326 :
864 4288 1103 4342 persa-pe
1124 4273 1213 4327 ille
1243 4284 1543 4342 temperans
1561 4274 1798 4344 quidem,

210 4375 277 4420 at
305 4364 605 4418 misericors
628 4378 731 4417 non
757 4374 835 4419 est
869 4381 881 4418 :
916 4365 1001 4417 hic
1028 4364 1241 4418 virtutis
1271 4365 1447 4432 unius,
1473 4365 1559 4420 ille
1579 4366 1800 4421 alterius

208 4456 379 4513 laude
425 4456 739 4511 celebratur.
788 4455 868 4510 Sit
896 4455 1086 4522 aliquis
1107 4455 1301 4525 jusuts,
1333 4465 1387 4511 et
1414 4471 1555 4527 sa'pe
1583 4457 1795 4527 quidem

203 4549 395 4621 justus
417 4557 517 4612 est,
547 4547 702 4615 eique
722 4548 898 4599 omnia
925 4547 1105 4601 insunt
1130 4546 1265 4601 bona
1284 4588 1300 4610 ,
1330 4547 1424 4601 sed
1453 4549 1523 4602 ob
1538 4548 1795 4616 justitiam

205 4636 464 4706 superbia
494 4644 680 4698 tumet,
708 4634 925 4705 ejusque
938 4634 1197 4703 justitiam
1226 4635 1470 4704 superbia
1498 4636 1794 4693 labefactat.

203 4726 483 4798 Numquid
505 4726 682 4796 justus
721 4735 838 4781 erat
867 4725 1199 4791 Pharisaeus,
1246 4727 1335 4797 qui
1365 4727 1446 4781 bis
1482 4728 1535 4782 in
1575 4728 1795 4784 sabbato

200 4818 524 4893 jejunabat?
574 4819 710 4887 Quid
751 4828 927 4873 autem
966 4818 1130 4873 dicit“!
1173 4818 1293 4873 Non
1320 4836 1432 4873 sum
1468 4821 1597 4875 sicut
1628 4823 1797 4877 σωτενὶ

202 4911 494 4977 hominum,
520 4919 766 4979 raptores,
796 4910 972 4980 injusti
999 4908 1147 4978 (Luc.
1176 4909 1261 4965 18.
1292 4911 1381 4982 il)
1411 4929 1423 4965 :
1455 4926 1519 4967 ac
1554 4927 1793 4983 persaepe

200 5019 277 5059 ex
305 5002 628 5057 conscientia
660 5000 853 5053 munda
900 5001 951 5054 in
994 5001 1294 5068 superbiam
1321 5002 1623 5057 devolvitur
1648 5005 1786 5075 quis,

198 5104 263 5152 et
286 5092 430 5164 quod
457 5108 561 5147 non
587 5093 755 5162 potuit
783 5092 854 5145 illi
879 5091 1070 5147 afferre
1091 5092 1465 5147 detrimentum
1490 5106 1784 5163 peccatum,

196 5186 366 5241 affert
407 5184 675 5254 superbia.
724 5182 862 5237 Fieri
898 5199 1025 5254 ergo
1069 5200 1173 5237 non
1207 5194 1415 5253 potest,
1448 5196 1506 5240 ut
1534 5186 1692 5243 homo
1719 5190 1790 5245 sit

198 5278 276 5330 ita
315 5277 526 5343 penitus
568 5273 741 5341 justus
770 5314 783 5336 ,
813 5282 924 5325 uta
956 5282 1171 5343 peccato
1206 5275 1275 5329 sit
1302 5276 1565 5343 mundus;
1614 5293 1787 5349 neque

199 5382 392 5424 rursus
426 5366 541 5419 ﬁeri
578 5374 755 5436 potest
785 5377 839 5419 ut
868 5366 1003 5420 ullus
1031 5368 1100 5420 ita
1131 5367 1303 5422 malus
1329 5369 1398 5422 sit
1427 5369 1618 5437 homo,
1656 5373 1783 5442 quin

195 5461 398 5516 habeat
452 5458 666 5528 aliquod
716 5459 903 5513 saltem
960 5460 1206 5530 exiguum
1262 5460 1481 5517 bonum.
1541 5463 1782 5534 Exempli

194 5566 395 5617 causa,
447 5550 538 5606 ille
569 5553 709 5619 rapit
746 5560 801 5605 et
836 5550 1044 5606 fraudat
1084 5561 1139 5607 et
1181 5554 1468 5623 perniciem
1500 5554 1699 5610 infert:
1728 5566 1784 5612 at

196 5658 601 5712 nonnumquam
631 5643 850 5713 largitur
872 5644 1284 5716 eleemosynam,
1309 5655 1363 5700 at
1383 5662 1780 5719 nonnumquam

187 5746 506 5805 temperans
528 5746 631 5803 est,
660 5745 714 5790 at
740 5751 1135 5807 nonnumquam
1165 5739 1303 5797 bona
1328 5741 1492 5796 verba
1522 5742 1777 5813 loquitur,

1424 5966 1466 5990 δ

1491 330 1577 386 DE
1607 328 1877 385 LAZARO
1912 329 2156 387 CONCIO
2216 331 2298 385 γι.

3388 336 3524 390 lilii

1957 454 2016 501 at
2041 462 2433 517 nonnumquam
2464 449 2550 503 nni
2580 450 2766 506 saltem
2792 449 2907 505 viro
2946 448 3237 505 subsidium
3280 450 3525 519 praibuit,

1953 547 2008 591 at
2034 553 2426 609 nonnumquam
2455 541 2619 606 luxit,
2669 552 2724 596 at
2755 556 3150 611 nonnumquam
3186 555 3417 596 morare
3449 550 3503 596 ta

1952 636 2069 682 ctus
2089 628 2205 682 fuit.
2232 627 2341 684 Nec
2367 631 2523 700 igitur
2543 632 2718 699 justus
2744 641 2828 687 est
2856 633 2995 687 ullus
3021 633 3135 687 sine
3160 640 3401 702 peccato,
3432 647 3519 687 ne-
3580 628 3588 637 ’

1952 732 2055 788 que
2104 728 2353 789 peccator
2390 729 2474 776 est
2513 721 2722 792 penitus
2749 738 2941 790 expers
2980 722 3126 777 boni.
3174 721 3312 791 Quid
3341 720 3526 776 Achab

1952 809 2341 878 perniciosius?
2388 811 2579 882 Rapuit
2616 822 2671 868 et
2697 814 2890 868 occidit
2920 831 2935 868 :
2962 824 3324 868 verumtamen
3375 824 3525 882 post-

1949 915 2107 969 quam
2135 910 2357 958 mmstus
2389 903 2521 971 fuit,
2550 904 2677 960 dicit
2703 906 2829 961 Elite
2856 907 2993 960 Deus
3018 924 3031 958 :
3068 904 3251 961 Vidisti
3273 908 3520 977 quemad-

1948 990 2152 1071 modum
2176 1004 2502 1063 compunctus
2517 1004 2589 1049 est
2612 995 2784 1049 Achab
2811 997 2886 1064 (ὅ.
2918 994 3047 1066 Reg.
3074 995 3165 1050 2|.
3194 995 3330 1064 29)?
3358 995 3522 1050 Vides

1948 1092 2005 1137 ut
2034 1083 2086 1137 in
2116 1092 2260 1139 tanto
2304 1086 2562 1140 malorum
2610 1088 2815 1156 gurgite
2850 1087 3046 1142 bonum
3093 1088 3354 1156 quoddam
3401 1088 3517 1142 exi-

1945 1189 2105 1243 guum
2155 1175 2225 1229 sit
2269 1175 2577 1230 inventum?
2621 1176 2762 1245 Quid
2804 1177 3071 1246 proditore
3096 1177 3228 1232 Juda
3265 1178 3518 1244 deterius,

1944 1262 2033 1331 qui
2076 1264 2312 1319 avaritia:
2353 1266 2672 1336 mancipium
2717 1266 2849 1320 fuit?
2892 1266 3268 1322 Verumtamen
3310 1278 3361 1323 et
3403 1269 3516 1336 ipse

1942 1352 2065 1409 boni
2092 1356 2358 1426 quidpiam
2383 1357 2573 1433 saltem
2599 1358 2841 1428 exiguum
2858 1357 3050 1414 deinde
3078 1358 3318 1428 prmstitit
3343 1377 3358 1413 :
3386 1358 3517 1413 Pec-

1942 1446 2052 1498 cavi
2073 1447 2211 1500 enim
2233 1488 2248 1511 ,
2285 1447 2492 1518 inquit,
2528 1450 2730 1504 tradens
2756 1450 3049 1518 sanguinem
3067 1452 3267 1521 justum
3301 1448 3514 1522 (Matth.

1940 1532 2029 1588 27.
2058 1535 2138 1607 4).
2166 1535 2317 1604 Quod
2342 1539 2500 1608 igitur
2517 1539 2778 1606 dicebam,
2807 1555 2909 1593 non
2937 1549 3020 1594 est
3043 1555 3072 1593 a
3099 1550 3285 1594 natura
3316 1541 3514 1609 impro-

1940 1624 2114 1692 bitas,
2144 1636 2202 1681 ut
2228 1629 2409 1683 virtuti
2452 1630 2599 1686 locus
2634 1646 2739 1685 non
2781 1631 2869 1686 sit.
2915 1631 3040 1688 Ovis
3085 1646 3368 1702 numquam
3399 1630 3514 1686 fieri

1939 1726 2111 1786 potest
2143 1719 2271 1784 fera,
2299 1722 2493 1790 quippe
2514 1738 2631 1791 qua:
2656 1723 3113 1779 mansuetudinem
3143 1722 3334 1778 habeat
3361 1739 3388 1777 a
3417 1739 3512 1777 na-

1938 1817 2052 1863 tura
2085 1828 2098 1863 :
2132 1811 2284 1881 lupus
2309 1828 2593 1882 numquam
2623 1814 2733 1869 fieri
2764 1825 3068 1870 mansuetus
3099 1823 3286 1884 potest,
3315 1813 3511 1884 quippe

1935 1902 2023 1971 qui
2067 1902 2328 1959 feritatem
2372 1905 2563 1961 habeat
2591 1921 2619 1960 a
2650 1918 2854 1961 natura.
2905 1907 3018 1961 Non
3066 1907 3342 1962 solvuntur
3378 1922 3506 1977 ergo

1935 2000 2138 2046 natura:
2169 1993 2343 2064 leges,
2375 2011 2544 2066 neque
2566 1996 2856 2066 refiguntur
2875 2038 2889 2060 ,
2917 1997 3009 2051 sed
3038 1997 3267 2050 immotm
3289 2010 3502 2066 perma-

1934 2096 2079 2139 nent.
2115 2086 2168 2139 ln
2200 2102 2285 2142 me
2320 2086 2422 2142 hoc
2446 2088 2618 2143 locum
2661 2104 2766 2143 non
2794 2088 2988 2155 habet,
3018 2087 3111 2143 sed
3137 2098 3190 2143 et
3217 2086 3357 2142 ferus
3384 2102 3504 2141 cum

1934 2174 2058 2229 volo
2089 2174 2157 2229 fio
2180 2216 2196 2242 ,
2230 2185 2283 2232 et
2308 2187 2641 2244 mansuetus,
2672 2192 2791 2232 cum
2825 2178 2947 2232 volo
2980 2196 2993 2231 :
3024 2192 3127 2232 non
3151 2178 3290 2231 enim
3320 2189 3505 2231 natura

1931 2281 2049 2321 sum
2072 2268 2276 2322 vinctus
2301 2309 2317 2335 ,
2348 2268 2440 2323 sed
2465 2269 2670 2324 arbitrii
2714 2269 2957 2323 libertate
2998 2268 3296 2323 decoratus.
3343 2267 3494 2335 Quod

1930 2371 2058 2428 ergo
2082 2356 2322 2413 dicebam
2346 2400 2361 2425 ,
2408 2375 2507 2415 nec
2541 2360 2679 2415 ullus
2708 2370 2791 2415 est
2826 2361 2897 2414 ita
2942 2359 3147 2425 bonus,
3176 2367 3233 2413 ut
3260 2360 3502 2428 exiguam

1930 2449 2101 2504 labem
2125 2466 2229 2505 non
2260 2450 2451 2507 habeat
2480 2469 2493 2506 :
2527 2467 2624 2506 nec
2650 2452 2788 2506 ullus
2813 2460 2895 2506 est
2920 2453 2989 2506 ita
3016 2451 3203 2513 malus,
3228 2458 3288 2505 ut
3313 2450 3501 2507 saltent

1928 2541 2173 2610 exiguum
2201 2542 2393 2595 bonum
2423 2557 2525 2595 non
2550 2542 2759 2596 habeat.

1996 2629 2257 2685 Bonorum
2289 2641 2337 2686 et
2373 2631 2623 2684 malorum
2655 2630 2931 2685 retributio.
2961 2659 3034 2670 —
3065 2629 3324 2697 Quoniam
3345 2628 3501 2700 igitur

1926 2723 2160 2778 omnium
2187 2732 2270 2777 est
2308 2722 2614 2788 retributio,
2646 2732 2699 2778 et
2725 2722 2961 2777 omnium
3005 2723 3362 2777 remuneratio
3394 2739 3406 2773 :
3434 2719 3499 2775 li-

1924 2820 2010 2866 cet
2032 2811 2173 2866 enim
2216 2810 2480 2865 homicida
2522 2812 2591 2866 sit
2615 2811 2769 2882 quis,
2811 2811 2932 2865 licet
2956 2810 3225 2881 improbus
3265 2809 3334 2864 sit
3356 2811 3496 2879 quis,

1925 2904 2049 2959 licet
2077 2904 2379 2972 fraudator,
2418 2906 2462 2959 si
2490 2904 2615 2975 quid
2644 2904 2768 2959 boni
2804 2903 2989 2959 fecerit
3011 2944 3026 2968 ,
3057 2903 3202 2957 illum
3233 2902 3354 2956 boni
3386 2916 3496 2956 ma-

1924 3004 2017 3051 net
2043 2996 2343 3061 retributio,
2376 3011 2547 3067 neque
2569 3004 2783 3066 propter
2810 3009 2870 3049 ea
2896 2994 3054 3061 mala,
3076 3009 3195 3063 quae
3220 2991 3365 3058 fecit,
3394 2991 3493 3046 bo-

1922 3101 2049 3141 num
2096 3088 2343 3142 mercede
2387 3088 2669 3157 privatur:
2713 3094 2766 3141 et
2812 3100 2997 3140 rursus
3042 3085 3162 3139 licet
3217 3083 3492 3138 innumera

1921 3175 2057 3232 bona
2076 3177 2400 3247 praestiterit,
2432 3178 2474 3231 si
2497 3177 2622 3247 quid
2641 3176 2762 3231 mali
2779 3175 3119 3239 commiserit,
3146 3182 3324 3230 manet
3346 3173 3491 3227 illum

1920 3268 2199 3323 retributio
2239 3269 2384 3323 mali.
2438 3268 2563 3324 llaec
2600 3268 2803 3336 retine,
2846 3266 2959 3322 lucc
3004 3266 3153 3321 firma
3192 3275 3249 3321 et
3277 3265 3491 3319 immota

1918 3371 2176 3414 conserva
2206 3374 2220 3412 :
2244 3374 2415 3429 neque
2440 3358 2611 3414 bonus
2637 3368 2721 3414 est
2748 3359 2884 3412 ullus
2912 3358 3025 3412 sine
3051 3365 3288 3427 peccato,
3320 3369 3491 3423 neque

1917 3450 2032 3505 sine
2048 3449 2250 3519 justitia
2278 3451 2448 3504 malus
2463 3459 2543 3504 est
2561 3448 2722 3505 ullus.
2749 3449 2946 3505 Eadem
2968 3450 3110 3504 enim
3131 3434 3324 3503 'rursus
3349 3447 3490 3510 dico,

1918 3548 1978 3593 ut
2014 3538 2276 3593 radicibus
2307 3538 2423 3593 fixis
2460 3539 2723 3594 stabiliam
2747 3579 2763 3604 ,
2794 3548 2852 3593 ut
2878 3539 3110 3608 plantem
3132 3578 3149 3605 ,
3183 3545 3241 3592 ut
3280 3538 3332 3591 in
3364 3550 3487 3606 pro-

1916 3629 2076 3685 fundo
2104 3629 2382 3684 collocem.
2432 3630 2681 3684 Diabolus
2703 3629 2896 3699 quippe
2921 3627 3303 3685 sollicitudines
3322 3640 3484 3697 quas-

1915 3720 2037 3775 dam
2084 3722 2137 3775 in
2181 3721 2414 3775 animum
2468 3720 2670 3792 injicit,
2719 3720 2844 3775 dum
2889 3729 3123 3776 mentem
3163 3730 3393 3775 vestram
3432 3720 3485 3773 in

1915 3811 2149 3866 fraudem
2178 3813 2292 3865 vult
2328 3811 2528 3867 illicere
2550 3853 2566 3878 ,
2606 3819 2661 3866 et
2682 3827 2801 3882 quae
2828 3826 2859 3865 a
2896 3826 2983 3866 me
3014 3810 3261 3865 dicuntur
3286 3808 3485 3865 labefa-

1911 3911 2058 3957 ctare
2088 3919 2103 3955 :
2131 3910 2406 3971 propterea
2459 3903 2512 3956 in
2554 3901 2871 3973 profundum
2898 3917 2960 3958 ea
2988 3901 3217 3957 dimitto.
3260 3900 3317 3958 Si
3341 3904 3484 3956 enim

1911 4007 1975 4047 ea
2000 3992 2281 4061 diligenter
2305 3992 2391 4046 hic
2418 3992 2819 4048 conservaveris
2843 4034 2857 4057 ,
2907 3992 3032 4048 licet
3077 3992 3220 4047 foras
3266 3992 3481 4058 abieris,

1910 4086 2155 4140 amittere
2184 4084 2271 4139 illa
2300 4101 2405 4139 non
2436 4094 2605 4154 potes.
2637 4083 2707 4141 Ut
2730 4084 2873 4140 enim
2907 4084 2951 4138 si
2975 4098 3162 4138 aurum
3191 4084 3244 4138 in
3269 4098 3481 4138 crume-

1910 4192 2031 4233 nam
2062 4177 2276 4241 misero,
2299 4177 2604 4247 constringo
2626 4176 2767 4231 illam
2792 4184 2848 4232 et
2866 4176 3106 4245 obsigno,
3135 4189 3201 4231 ne
3227 4190 3313 4230 me
3344 4173 3480 4230 forte

1907 4273 2125 4328 absente
2152 4268 2234 4324 fur
2262 4269 2489 4338 abripiat
2517 4287 2531 4323 :
2560 4269 2637 4324 sic
2665 4268 2827 4323 etiam
2870 4282 2996 4338 erga
3022 4276 3257 4323 vestram
3280 4266 3475 4322 carita-

1908 4373 2013 4420 tem
2038 4378 2125 4418 me
2148 4377 2277 4433 gero
2308 4379 2321 4415 ε
2353 4360 2609 4415 doctrina:
2628 4359 2936 4414 assiduitate
2958 4358 3262 4429 constringe
3285 4398 3301 4423 ,
3336 4368 3390 4413 et
3411 4357 3482 4412 si.

1904 4458 2088 4529 gilium
2124 4468 2365 4525 appono,
2417 4463 2757 4522 mentemque
2797 4463 3029 4506 vestram
3072 4453 3361 4514 conﬁrmo,
3411 4464 3481 4504 ne

1906 4551 2049 4605 iners
2073 4559 2126 4604 et
2146 4546 2367 4603 evanida
2411 4545 2637 4616 segnitie
2679 4542 2932 4598 reddatur
2950 4582 2964 4607 ,
2995 4540 3091 4595 sed
3121 4550 3178 4595 ut
3201 4554 3319 4595 eam
3344 4553 3479 4594 con-

1905 4655 2125 4698 servans
2156 4639 2329 4710 potius
2354 4652 2416 4693 ea
2460 4637 2866 4707 tranquillitate,
2911 4649 3070 4704 quam
3100 4634 3186 4688 hic
3230 4632 3477 4703 percipit,

1902 4743 2179 4790 externum
2205 4745 2418 4786 omnem
2448 4731 2727 4785 tumultum
2757 4729 3029 4801 repellam.
3060 4725 3177 4782 Non
3201 4742 3329 4797 ergo
3354 4735 3477 4781 sunt

1901 4824 2132 4879 hominis
2158 4822 2394 4893 loquacis
2422 4822 2579 4879 verba
2600 4862 2615 4887 ,
2643 4836 2761 4891 quae
2786 4819 3043 4884 dicimus;
3085 4818 3179 4873 sed
3217 4817 3478 4873 sollicitu-

1898 4918 2075 4973 dinem
2098 4958 2115 4983 ,
2142 4925 2418 4987 paternum
2458 4914 2701 4969 affectum
2740 4922 2795 4969 et
2817 4910 3049 4968 doctoris
3087 4924 3323 4965 amorem
3364 4923 3474 4978 prae

1898 5024 1959 5065 se
1984 5006 2174 5073 ferunt,
2205 5022 2272 5062 ne
2299 5006 2519 5062 efﬂuant
2553 5020 2669 5075 qua:
2688 5003 2952 5059 dicuntur.
2984 5000 3241 5071 Equidem
3265 4998 3329 5052 ad
3360 4998 3475 5052 lure

1895 5102 2117 5158 dicenda
2141 5100 2359 5155 minime
2383 5098 2559 5166 segnis
2580 5112 2695 5152 sum
2711 5137 2726 5160 ,
2758 5096 2907 5150 vobis
2931 5104 3107 5149 autem
3133 5092 3469 5148 securitatem

1896 5191 2122 5260 idipsum
2152 5190 2284 5260 parit
2312 5206 2326 5242 :
2354 5188 2547 5244 docere
2573 5186 2693 5241 volo
2714 5227 2729 5251 ,
2775 5202 2879 5241 non
2910 5182 3280 5240 ostentationis
3306 5196 3467 5237 causa

1893 5282 2086 5337 facere.
2115 5281 2229 5336 Non
2251 5290 2334 5336 est
2361 5281 2520 5351 igitur
2547 5278 2686 5333 ullus
2709 5279 2797 5349 qui
2827 5286 3042 5347 peccato
3066 5284 3266 5339 careat,
3295 5288 3469 5344 neque

1893 5383 2140 5444 peccator
2169 5373 2306 5427 ullus
2335 5382 2453 5438 est,
2498 5371 2586 5441 qui
2621 5371 2820 5425 bonum
2848 5367 3061 5437 aliquod
3090 5381 3196 5422 non
3225 5363 3417 5421 habeat
3449 5384 3464 5421 :

1891 5465 1985 5521 sed
2030 5464 2280 5533 quoniam
2308 5464 2578 5532 utriusque
2601 5470 2782 5535 parata
2815 5468 2897 5514 est
2922 5458 3282 5514 remuneratio
3305 5498 3319 5521 ,
3347 5456 3471 5511 vide

1890 5555 2015 5626 quid
2046 5554 2156 5609 fiat.
2183 5555 2441 5609 Peccatnr
2469 5568 2649 5623 parem
2681 5551 2832 5607 bonis
2855 5552 2965 5605 suis
2995 5549 3182 5620 recipit
3208 5563 3459 5604 remune-

1889 5648 2150 5702 rationem
2177 5687 2194 5713 ,
2238 5648 2281 5701 si
2310 5647 2433 5717 quid
2459 5647 2539 5700 vel
2570 5645 2845 5701 minimum
2873 5644 3000 5698 boui
3028 5641 3218 5698 habeat
3244 5682 3259 5705 ,
3290 5650 3343 5696 et
3377 5641 3464 5708 ju-

1891 5750 2003 5796 stus
2031 5741 2260 5811 peccatis
2295 5741 2405 5796 suis
2448 5756 2541 5809 par
2566 5737 2819 5809 judicium
2861 5737 3082 5809 recipit,
3122 5736 3167 5792 si
3206 5733 3465 5790 tantillum
