3884 6330
392 347 530 402 1063

386 455 507 510 mali
547 452 751 510 fecerit.
781 453 917 522 Quid
943 468 1070 524 ergo
1097 453 1325 520 accidit,
1366 463 1420 508 et
1446 453 1571 525 quid
1617 453 1742 508 facit
1780 451 1966 507 Deus?

385 549 611 604 Peccato
636 549 918 604 terminum
950 547 1212 613 definivit,
1253 557 1569 616 prteseutem
1599 547 1760 600 vitam
1789 553 1843 599 et
1882 543 1964 598 fu—

386 647 564 693 turum
606 653 774 692 :evum
804 654 818 690 :
846 637 890 691 si
929 639 1046 707 quis
1075 651 1202 705 ergo
1253 635 1425 706 justus
1478 633 1674 702 fuerit,
1723 636 1813 704 qui
1842 632 1965 688 mali

385 728 653 798 quidpiam
687 729 1005 799 perpetrarit
1029 737 1083 783 et
1123 727 1211 783 hic
1244 728 1431 782 morbo
1469 727 1727 782 Iaborarit
1751 741 1813 781 ac
1842 741 1969 796 sup-

386 819 547 890 plicio
571 817 640 875 sit
667 819 888 875 aii‘ectus
908 862 924 886 ,
955 835 1021 875 ne
1059 819 1287 874 turberis
1311 859 1324 879 .
1357 817 1450 874 sed
1479 818 1616 888 apud
1645 828 1697 872 te
1721 818 1892 897 cogita
1916 825 1972 872 et

388 912 553 969 dicito
584 929 598 968 :
623 911 797 982 justus
827 911 926 968 iste
964 911 1234 982 quidpiam
1271 909 1393 965 mali
1424 910 1545 965 fecit
1573 908 1877 981 aliquando,
1915 917 1970 964 et

387 1003 512 1058 illud
544 1004 630 1059 hic
656 1004 865 1072 recipit,
896 1019 966 1059 ne
991 1004 1098 1058 illic
1127 1004 1405 1072 plectatur.

456 1093 560 1150 Cur
592 1095 933 1165 peccatoribus
971 1110 1052 1148 res
1095 1109 1331 1164 prospere
1354 1092 1640 1147 succedant.
1671 1121 1741 1131 —
1764 1091 1971 1146 Rursus

390 1194 722 1255 pcecatorem
755 1187 797 1240 si
824 1185 1019 1239 videris
1045 1182 1970 1254 rapientem,t‘raudantem,sexcenta

387 1275 522 1330 mala
552 1281 942 1346 perpetrantem
966 1316 980 1338 ,
1014 1277 1101 1345 qui
1137 1275 1405 1345 prosperis
1434 1284 1609 1328 tamen
1634 1273 1970 1328 successibus

392 1374 608 1433 utatur,
652 1375 762 1422 tum
794 1375 848 1421 tu
878 1367 1048 1436 cogita
1097 1365 1291 1420 bonum
1335 1365 1548 1436 aliquod
1589 1381 1708 1420 eum
1744 1365 1869 1420 olim
1896 1366 1972 1421 fe-

387 1456 531 1512 cisse
553 1497 568 1523 ,
597 1471 659 1512 ac
681 1456 815 1512 bona
848 1456 990 1510 illum
1019 1455 1106 1511 hic
1131 1457 1370 1526 recipere
1388 1497 1402 1523 ,
1445 1471 1514 1511 ne
1539 1455 1646 1515 illic
1669 1455 1969 1512 mercedem

385 1557 652 1616 reposcat.
695 1547 772 1602 ita
797 1546 922 1602 licet
941 1545 1117 1616 justus
1157 1547 1226 1602 sit
1248 1547 1530 1618 quispiam,
1571 1555 1624 1602 et
1649 1546 1846 1618 aliquid
1872 1547 1970 1602 ad-

388 1638 527 1693 versi
551 1638 815 1707 patiatur,
865 1638 949 1692 hic
989 1637 1190 1692 idcirco
1211 1639 1436 1707 recipit,
1481 1646 1539 1692 ut
1578 1637 1664 1691 hic
1696 1647 1968 1706 peccatum

387 1729 645 1801 deponat,
687 1739 740 1784 et
779 1742 944 1800 purus
975 1730 1099 1784 illuc
1126 1727 1384 1784 discedat.
1417 1729 1568 1798 Quod
1594 1731 1637 1784 si
1665 1729 1823 1784 fuerit
1847 1747 1973 1800 pec-

385 1830 535 1876 cator
563 1821 754 1890 aliquis
793 1821 1059 1876 sexcentis
1099 1820 1253 1874 malis
1291 1829 1606 1890 coopertus,
1636 1829 1691 1875 et
1716 1821 1805 1890 qui
1845 1835 1968 1875 sex-

385 1915 555 1970 centis
584 1911 965 1968 insanabilibus
1002 1911 1202 1967 morbis
1237 1911 1478 1976 laboret,
1516 1911 1606 1982 qui
1644 1913 1837 1980 rapiat,
1880 1911 1968 1982 qui

387 2005 596 2061 fraudat
621 2021 636 2058 :
667 2003 868 2059 ideirco
894 2018 1148 2075 prospero
1170 2018 1348 2058 rerum
1375 2017 1625 2058 successu
1648 2002 1838 2058 fruitur
1855 2044 1870 2068 ,
1902 2018 1970 2072 ne

386 2095 692 2152 mercedem
737 2096 846 2151 illic
885 2102 1110 2166 repetat.
1162 2093 1422 2162 Quoniam
1450 2109 1577 2165 ergo
1620 2103 1676 2150 et
1713 2095 1968 2150 Lazarum

387 2204 603 2264 peccata
621 2193 860 2265 quaedam
879 2194 1076 2250 habere
1101 2195 1417 2266 contigerat,
1440 2202 1494 2250 et
1517 2193 1736 2249 divitem
1757 2189 1971 2260 aliquod

386 2284 584 2340 bonum
615 2285 843 2350 habere,
898 2294 1179 2356 propterea
1210 2286 1336 2340 dicit
1371 2285 1636 2342 Abraham
1671 2303 1685 2338 :
1713 2284 1843 2339 nihil
1885 2283 1973 2340 hic

389 2377 618 2447 require,
649 2375 788 2431 bona
811 2377 917 2432 illic
941 2387 1028 2432 tua
1054 2380 1321 2448 recepisti,
1349 2387 1399 2433 et
1426 2377 1659 2434 Lazarus
1687 2377 1823 2432 mala
1852 2391 1968 2430 sua.

389 2470 562 2538 Atque
585 2477 641 2523 ut
664 2469 928 2539 intelligas
950 2469 1063 2524 hrec
1099 2486 1125 2522 a
1158 2485 1242 2524 me
1273 2478 1474 2524 temere
1499 2485 1604 2524 non
1633 2467 1758 2534 dici,
1785 2483 1968 2522 verum

390 2561 569 2616 ita'se
620 2577 733 2615 rem
768 2561 994 2628 habere,
1025 2562 1196 2617 dicit:
1229 2560 1480 2633 Recepisti
1522 2561 1652 2616 bona
1690 2572 1798 2618 tua.
1841 2563 1972 2630 Qum

389 2652 650 2708 tandem?
698 2652 892 2731 Fecisti
934 2653 1131 2724 aliquid
1173 2653 1344 2709 boni?
1379 2654 1642 2724 Recepisti
1671 2669 1801 2724 Opes
1831 2662 1969 2718 tuas,

388 2744 667 2800 sanitatem
689 2785 708 2811 ρ
737 2744 1000 2827 delicias,
1018 2746 1304 2813 potentiam
1327 2787 1341 2811 ,
1368 2745 1626 2802 honorem
1660 2763 1673 2799 :
1706 2744 1836 2802 nihil
1879 2745 1970 2800 tibi

1095 344 1154 402 S.
1192 340 1470 401 JOANNIS
1503 341 1974 400 CHRYSOSTOMI
2017 341 2333 397 ARCIIIEP.
2373 343 2911 400 CONSTANTINOP.

3532 342 3687 399 10H

2071 451 2315 520 debetur,
2345 454 2588 523 reet-pisti
2615 456 2750 510 bona
2777 464 2888 510 tua.
2936 455 3073 522 Quid
3096 455 3299 526 igitur?
3324 455 3548 511 Nihilne
3573 455 3659 512 La

2072 561 2228 600 zarus
2254 547 2530 615 peccavit?
2560 546 2670 600 lmo
2697 562 2843 610 vero,
2869 556 2924 602 et
2951 547 3184 602 Lazarus
3203 548 3342 602 mala
3372 563 3468 602 sua
3502 566 3517 600 :
3546 561 3681 601 cum

2073 644 2127 690 tu
2159 636 2294 691 bona
2326 648 2411 691 tua
2439 637 2721 708 recepisti,
2763 648 2872 691 tum
2914 637 3142 693 Lazarus
3173 638 3309 693 mala
3334 655 3350 692 :
3380 648 3681 709 propterea

2073 742 2213 781 nunc
2257 727 2356 782 iste
2401 729 2743 794 considatur,
2804 737 2858 781 tu
2903 744 3030 783 vero
3070 729 3345 783 cruciaris.
3392 729 3592 798 Itaque
3635 729 3682 784 si

2073 817 2282 889 quando
2319 818 2520 888 justum
2551 817 2750 874 videris
2785 817 2872 874 hic
2913 820 3155 888 punitum
3185 861 3199 883 ,
3249 821 3466 874 beatum
3512 819 3682 874 illum

2073 912 2324 982 pmcdica,
2354 920 2408 966 et
2427 911 2590 966 dicito
2625 930 2637 965 :
2665 911 2842 982 justus
2868 911 2956 966 hic
2982 911 3062 966 vel
3094 922 3369 981 peccatum
3393 913 3589 976 habet,
3624 923 3684 967 et

2073 1005 2198 1060 illud
2228 1005 2452 1074 recipit,
2485 1019 2546 1060 ac
2588 1019 2751 1074 purus
2790 1005 2914 1060 illuc
2952 1005 3098 1059 abit:
3127 1016 3217 1060 aut
3246 1006 3364 1077 plus
3405 1006 3684 1073 plectitur

2073 1113 2231 1168 quam
2264 1097 2513 1165 peccarit,
2541 1106 2594 1151 et
2619 1097 2694 1150 illi
2720 1097 2957 1152 accessio
2974 1098 3194 1166 justitiae
3220 1108 3518 1167 reputatur.
3550 1097 3677 1153 Illic

2074 1190 2217 1244 enim
2262 1190 2398 1244 ratio
2433 1198 2785 1260 supputatur,
2834 1191 3012 1260 aitque
3051 1189 3197 1259 justo
3230 1189 3367 1244 Deus
3399 1207 3412 1242 :
3452 1200 3680 1245 tantum

2075 1282 2240 1339 babes
2265 1299 2294 1336 a
2322 1299 2410 1338 me
2437 1300 2450 1335 :
2482 1281 2706 1338 fortasse
2745 1295 2870 1335 vero
2909 1280 3095 1336 decem
3137 1281 3319 1336 obolos
3349 1281 3424 1336 illi
3464 1281 3675 1348 credit,

2073 1384 2129 1431 et
2154 1376 2412 1430 rationem
2459 1374 2532 1429 illi
2572 1373 2756 1429 decem
2796 1373 3072 1427 obolorum
3101 1373 3362 1428 subducit.
3416 1373 3581 1440 Quod
3629 1374 3678 1428 si

2074 1468 2262 1523 obolos
2304 1467 2574 1538 sexaginta
2617 1463 2961 1534 expenderit,
3011 1465 3085 1517 ait
3129 1464 3205 1518 illi
3241 1461 3418 1518 Deus:
3458 1465 3674 1525 Deos-tn

2076 1558 2167 1614 tibi
2194 1557 2380 1613 obolos
2407 1557 2611 1626 imputo
2633 1555 2700 1609 ad
2732 1563 3027 1623 peccatum,
3057 1565 3105 1608 et
3129 1553 3194 1607 ad
3218 1554 3472 1623 justitiam
3505 1553 3676 1623 quin-

2074 1651 2342 1722 quaginta.
2384 1649 2580 1705 Verum
2607 1658 2662 1703 ut
2692 1647 2866 1702 discas
2887 1647 2937 1701 id
2961 1687 2977 1712 ,
3009 1646 3148 1716 quod
3187 1655 3379 1708 restat,
3409 1648 3472 1701 ad
3497 1645 3674 1715 justi-

2076 1744 2200 1797 tiam
2220 1743 2292 1797 illi
2319 1742 2573 1810 reputari,
2586 1741 2763 1810 justus
2782 1748 2896 1794 erat
2921 1737 3042 1803 Joh,
3071 1739 3185 1792 sine
3205 1737 3444 1802 crimine,
3465 1753 3669 1802 verax,

2074 1833 2254 1888 colens
2280 1833 2444 1887 Deum
2470 1873 2486 1898 ,
2526 1829 2799 1886 abstinens
2827 1829 2894 1884 ab
2923 1829 3068 1883 omni
3111 1828 3244 1881 mala
3285 1843 3342 1882 re
3367 1845 3381 1878 :
3415 1828 3668 1896 punitum

2075 1924 2162 1979 hic
2189 1922 2288 1979 fuit
2325 1923 2441 1993 ejus
2468 1937 2698 1992 corpus,
2733 1931 2791 1975 ut
2829 1921 2934 1976 illic
2977 1919 3278 1974 mercedem
3321 1929 3664 1989 reposceret.

2073 2015 2209 2092 Quid
2237 2015 2380 2070 enim
2410 2016 2486 2070 ait
2513 2014 2585 2069 illi
2617 2013 2795 2067 Deus?
2836 2013 2996 2066 Aliter
3035 2023 3183 2084 putas
3209 2029 3287 2065 me
3322 2012 3409 2064 tibi
3443 2029 3667 2081 responso

2075 2106 2226 2172 disse,
2257 2123 2408 2178 quam
2430 2115 2483 2158 ut
2501 2121 2750 2176 appareas
2761 2105 2936 2173 justus
2966 2101 3108 2173 (Job.
3137 2101 3225 2158 40.
3259 2101 3350 2172 5)?
3395 2101 3663 2156 Eamdem

2075 2201 2234 2270 igitur
2255 2214 2378 2254 cum
2407 2197 2564 2267 justis
2599 2196 2904 2267 patientiam
2938 2194 3285 2260 exhibentes,
3312 2203 3366 2248 et
3392 2194 3665 2263 aqualem

2074 2300 2236 2346 recta:
2282 2289 2491 2344 illorum
2533 2287 2923 2342 conversatioui
2953 2284 3286 2340 tolerantiam
3315 2283 3663 2348 exhibentes,

2076 2391 2258 2452 parata
2286 2379 2482 2435 sanctis
2526 2379 2690 2433 Deum
2729 2377 3070 2448 diligentibus
3111 2376 3248 2431 bona
3294 2375 3665 2445 recipiamus:

2075 2491 2192 2545 qua:
2220 2472 2372 2530 nobis
2397 2471 2643 2526 omnibus
2679 2471 2892 2539 assequi
2921 2471 3192 2540 contingat
3228 2468 3392 2538 gratia
3420 2475 3474 2521 et
3496 2464 3665 2520 beni-

2075 2567 2279 2637 gnitate
2311 2563 2520 2620 Domini
2551 2561 2722 2618 nostri
2750 2561 2876 2617 Jesu
2895 2559 3095 2616 Christi
3118 2600 3135 2626 ,
3161 2561 3247 2616 cui
3269 2559 3435 2632 gloria
3466 2566 3523 2614 et
3555 2557 3660 2612 im-

2077 2656 2280 2727 perium
2309 2655 2362 2710 in
2384 2653 2578 2710 saecula
2602 2649 2948 2708 saeculorum.
2983 2650 3182 2711 Amen.

1678 2995 1710 3022 π
1731 2992 3384 3022 :W...
3356 2996 3592 3028 ...ν’-ι’-ο-..ῄ

600 3235 682 3296 IN
713 3230 1122 3296 HOMILIAM
1154 3229 1568 3294 ADVERSUS
1600 3229 1745 3291 EOS
1774 3229 1907 3302 QUI
1932 3229 2040 3290 AD
2069 3229 2326 3292 LUDOS
2354 3226 2777 3291 CIRCENSES
2804 3225 3465 3291 PROFICISCUNTUR

498 3751 648 3807 Ilanc
675 3747 994 3804 concionem
1024 3745 1078 3800 in
1124 3743 1264 3800 serie
1293 3740 1639 3796 homiliarum
1683 3737 1749 3794 de
1784 3737 1993 3791 Lazaro

430 3865 796 3937 reponendam
827 3877 948 3919 esse
995 3858 1479 3931 deprehendimus.
1525 3854 1736 3910 Etenim
1769 3868 1997 3909 numero

433 3986 488 4048 ὅ,
544 3982 612 4036 de
648 3977 841 4034 Lazari
889 3986 944 4033 et
1003 3975 1189 4031 divitis
1247 3972 1506 4045 parabola
1564 3985 1688 4025 mox
1747 3969 1998 4024 dicturus

435 4097 878 4167 Clnysostomus,
911 4091 991 4146 sic
1036 4088 1239 4144 habet:
1281 4086 1455 4142 Unum
1485 4086 1648 4156 igitur
1684 4097 1748 4137 ex
1801 4081 1867 4135 iis
1910 4079 2000 4150 qui

437 4225 528 4279 per
557 4207 724 4260 latam
759 4205 892 4258 hanc
935 4211 1144 4272 portam
1191 4202 1482 4262 intrarunt,
1534 4206 1583 4250 et
1608 4211 1766 4248 unum
1819 4208 1883 4247 ea:
1935 4192 2002 4246 iis

439 4322 528 4391 qui
562 4335 654 4389 per
685 4327 968 4390 augustam
988 4326 1037 4370 et
1065 4324 1271 4368 arctam
1299 4313 1438 4365 viam
1483 4311 1803 4363 incesserunt
1862 4305 2004 4362 vobis

2093 3739 2203 3791 scio
2232 3735 2468 3808 equidem
2499 3751 2586 3789 vos
2633 3734 2867 3789 homines
2896 3750 3220 3805 perspicaces
3243 3737 3361 3803 jam
3403 3739 3540 3804 quod
3571 3740 3656 3792 di-

2096 3857 2233 3908 cturi
2267 3856 2434 3908 simus
2461 3851 2768 3924 intelligere,
2834 3853 3174 3906 nihilominus
3217 3861 3387 3905 tamen
3443 3871 3478 3906 a
3511 3855 3659 3907 nobis

2099 3968 2206 4022 dici
2240 3983 2445 4022 necesse
2468 3976 2563 4022 est.
2599 3967 2668 4022 Et
2696 3975 2882 4037 postea
2910 3967 2976 4021 de
3003 3965 3246 4021 diviteet
3288 3963 3499 4020 Lazaro
3541 3967 3658 4034 plu-

2100 4083 2254 4137 ribus
2297 4081 2426 4152 agit.
2475 4080 2698 4134 Demum
2747 4093 2976 4133 numero
3019 4079 3090 4143 5,
3126 4086 3414 4149 postquam
3473 4075 3662 4130 Lazari

2104 4204 2332 4250 mortem
2381 4210 2505 4250 cum
2570 4193 2751 4248 divitis
2801 4193 2950 4248 obitu
3012 4191 3350 4246 contulerat:
3411 4188 3665 4242 Lubeuter

2103 4310 2262 4374 enim,
2307 4309 2419 4372 ait,
2474 4308 2606 4360 hanc
2649 4322 2753 4360 rem
2795 4321 2930 4373 sirpe
2969 4319 3137 4368 verso,
3165 4303 3334 4373 ἡδέως
3359 4302 3469 4372 γὰρ
3496 4300 3665 4353 ταῦτα

442 4436 497 4488 in
530 4434 758 4486 medium
785 4429 1133 4500 proferentes,
1166 4440 1348 4481 eorum
1376 4439 1494 4494 qua
1528 4439 1561 4478 a
1589 4421 1815 4476 Domino
1862 4420 2007 4474 dicta
2109 4419 2330 4490 στρέφω
2359 4419 2618 4488 συνεχῶς,
2653 4427 2708 4471 ut
2738 4432 2887 4470 nemo
2918 4431 2984 4470 ea:
3015 4415 3148 4478 illis,
3181 4413 3270 4483 qui
3316 4422 3545 4483 egestate
3589 4411 3666 4465 uel

445 4550 565 4601 sunt
596 4547 868 4600 veritatem
899 4542 1258 4605 ostendamus,
1283 4548 1335 4593 et
1371 4538 1551 4593 eadem
1579 4551 1765 4590 rursus
1797 4533 2010 4588 Domini
2109 4530 2305 4585 morbis
2338 4539 2388 4584 et
2414 4530 2554 4601 fame
2578 4540 2912 4597 premuntur.
2945 4543 2998 4581 se
3018 4533 3335 4586 contemnat,
3364 4533 3416 4577 et
3444 4524 3667 4590 δείρειν.

447 4657 707 4729 parabola
741 4666 973 4709 utamur.
1003 4653 1070 4708 Et
1102 4653 1288 4722 paucis
1321 4649 1654 4721 interpositis
1697 4662 1792 4703 eos
1821 4647 2009 4702 eadem
2111 4645 2358 4700 miserum
2394 4645 2719 4706 arbitretur;
2751 4641 2841 4695 sed
2884 4640 3161 4710 patienter,
3217 4647 3324 4693 etc.
3356 4635 3434 4692 Ex
3471 4635 3670 4704 quibus

451 4776 711 4847 parabola
737 4774 849 4845 jam
874 4772 1115 4829 imbutos
1165 4771 1469 4836 declarans,
1531 4769 1610 4824 sic
1659 4767 1877 4838 pergit:
1937 4763 2014 4818 Ac
2112 4759 2463 4830 perspicuum
2517 4766 2622 4820 est,
2662 4755 2804 4811 hanc
2864 4753 3024 4824 paqu
3071 4759 3195 4822 post
3241 4749 3496 4804 homilias
3554 4746 3672 4801 illas

438 4928 3674 4974 ______________________________________________

427 4983 754 5072 Λυνιῖιιεσε
809 5025 947 5076 EOS.
993 5025 1102 5078 QUI
1170 5025 1253 5068 AD
1295 5024 1494 5069 LUDOS
1563 5022 1899 5068 CIBCENSES
1939 5013 2516 5066 PROFICISCUNTUR,
2561 5011 2642 5052 ΕΤ
2685 5009 2748 5052 IN
2791 5007 2986 5051 ILLUM
3035 5005 3382 5050 EYANGELII
3453 5004 3684 5056 LOCU‘I,

514 5105 789 5148 mrum
833 5105 952 5146 PER
996 5105 1333 5148 mansum
1375 5103 1655 5157 manu,
1700 5101 1852 5155 QUIA
1896 5100 2056 5142 un
2097 5096 2326 5147 roum,
2359 5092 2439 5157 εἰς
2464 5087 2774 5157 _s_m'r_tos_a
2827 5087 2944 5157 vis
2991 5086 3129 5140 EST,
3175 5085 3317 5137 qua:
3368 5084 3562 5126 nucrr
3611 5082 3692 5124 an

515 5183 975 5238 ruantriousu,
1022 5185 1102 5226 1ςί·
1143 5184 1341 5226 sicut
1383 5182 1568 5240 SUNT,
1613 5145 1738 5235 άυῖ
1765 5180 1978 5224 INTBAI

2083 5177 2193 5218 Pan
2235 5145 2366 5215 usu
2415 5145 2682 5233 (Matth.
2725 5150 2785 5208 '7.
2818 5146 2937 5230 13)
2975 5167 2990 5206 :
3022 5165 3102 5206 ΕΤ
3131 5163 3245 5206 sun
3273 5162 3472 5206 manu
3500 5163 3566 5205 IX
3601 5159 3693 5202 m-

515 5264 716 5306 vrren
761 5263 842 5305 ιη
883 5263 948 5305 tu
991 5244 1427 5325 LAZARUI~(0).

2013 5362 2094 5376 σν..

2127 5451 2452 5522 spiritualem
2497 5457 2738 5502 mensam
2767 5441 2917 5495 vobis
2959 5450 3226 5508 apponere
3255 5452 3268 5488 :
3304 5434 3396 5490 sed
3426 5433 3571 5503 piget
3614 5447 3697 5485 me

2125 5553 2472 5614 cunctorque,
2499 5539 2628 5594 dum
2652 5535 2810 5591 video
2836 5531 3038 5588 nullum
3065 5541 3161 5586 vos
3179 5545 3245 5585 ex
3269 5526 3479 5584 assidua
3509 5524 3700 5580 doctri~

2130 5651 2195 5691 na
2244 5633 2472 5690 fructum
2512 5642 2719 5701 capere.
2759 5623 3196 5695 Quandoquidem
3222 5619 3450 5692 agricola
3487 5630 3695 5688 quoque

511 5462 561 5514 1.
594 5460 910 5515 Consuetam
957 5476 1137 5515 rursus
1164 5460 1424 5531 attingere
1449 5458 1744 5512 doctrinam
1771 5456 1892 5509 volo
1916 5496 1931 5521 ,
1962 5463 2017 5508 et

501 5569 575 5681 δα)
599 5560 784 5620 ὀοιιαω
808 5583 918 5621 cum
937 5576 1044 5620 Mss.
1065 5572 1224 5621 neniis
1240 5570 1381 5630 1965,
1409 5570 1525 5619 197-5
1551 5582 1562 5616 :
1589 5566 1875 5616 Colbertinis
1906 5564 2016 5636 ξδι,

537 5668 550 5681 .
581 5631 788 5681 1050.10
807 5631 1083 5681 Colbertino
1096 5607 1188 5681 sit
1209 5635 1314 5681 haec
1334 5631 1526 5681 bomilia
1555 5631 1827 5681 inscribitur
1850 5635 2016 5681 Quinta

439 5607 734 5691 97671635."
737 5607 788 5680 ῖῖι
807 5607 1526 5684 ἴοίὶὶεΐώὸξὲἴῑιέἔὲἰὸὼῖίίῖ
1552 5607 2019 5685 aestumas;

441 5694 492 5744 in
515 5697 764 5747 Lazarum.
