3884 6310
452 257 594 315 ὶῦῖὕ

448 370 667 429 ἐπειδάν
711 364 924 437 δῡψιλεῖ
947 366 1013 435 τῇ
1052 363 1191 434 χειρὶ
1218 363 1288 413 τὰ
1324 360 1611 431 σπέρματα
1649 360 1761 422 τοῖς
1800 359 2022 418 κόλποις

448 457 545 527 τῆς
577 454 679 523 γῆς
716 446 1198 521 παρακατάθηται,
1250 443 1344 497 καὶ
1396 444 1472 514 μὴ
1504 442 1661 527 ἀξίαν
1693 440 1829 527 τῶν,
1851 440 2027 492 πόνων

573 538 672 607 τὴν
705 534 942 604 βλάστην
971 529 1285 601 γινομένην,
1310 527 1373 579 οὐ
1402 526 1543 610 μετά
1566 525 1664 610 τῆς
1697 524 2026 610 αὐτῆς-προ-

448 606 651 691 θυμίας
677 618 777 688 τῆς
811 613 1088 686 γεωργίας
1117 611 1346 665 ἅπτεται
1370 628 1383 640 ’
1423 612 1456 681 ἡ
1483 609 1591 679 γάρ
1625 608 1776 691 ἐλπίς
1810 606 1897 691 ἀεῖ
1926 606 2026 674 τῆς

446 689 560 758 τῶν
591 700 817 773 καρπῶν
841 699 1013 769 φορᾶς
1043 695 1409 765 ὑποτέμνεται
1442 692 1502 745 τὸ
1529 691 1665 763 βαρὺ
1696 690 1804 744 τῶν
1830 689 2023 773 πόνων.

449 790 553 843 Τὸν
582 772 744 842 αὐτὸν
772 785 836 856 δὴ
862 782 1062 856 τρόπον
1093 781 1186 834 καὶ
1220 781 1379 851 ἡμεῖς
1404 777 1496 830 τὸν
1535 776 1701 830 πολὺν
1725 774 1911 828 τοῦτον
1932 772 2028 825 πό-

448 889 538 925 νον
564 871 664 941 τῆς
689 865 1037 928 διδασκαλίας
1061 862 1277 933 κούφως
1309 861 1375 915 ἂν
1401 860 1733 929 ἠνέγκαμεν,
1761 859 1809 911 εἰ
1828 855 2028 927 ἐμάθο-

451 973 549 1026 μεν
584 952 744 1008 πλέον
775 969 827 1004 τι
844 950 1130 1021 γινόμενον
1155 947 1220 998 ἐκ
1248 944 1344 1015 τῆς
1368 942 1743 1015 παραινέσεως
1769 941 1866 1011 τῆς
1884 941 2022 1026 ἡμε-

446 1022 611 1108 τέρας
644 1037 724 1099 εἰς
765 1032 1033 1103 ὠφέλειαν
1056 1030 1154 1100 τὴν
1194 1028 1482 1098 ὑμετέραν.
1512 1026 1648 1079 Νυνὶ
1675 1025 1731 1079 δὲ
1750 1026 1876 1078 ὅταν
1905 1022 2027 1077 θεα-

447 1122 674 1193 σώμεθα
695 1161 709 1181 ,
744 1120 826 1173 ὅτι
862 1115 1003 1188 μετὰ
1035 1114 1135 1177 τάς
1166 1111 1438 1174 τοσαύτας
1469 1110 1627 1183 ἡμῶν
1656 1108 2024 1193 παραινέσεις,

449 1182 588 1278 μετὰ
619 1205 717 1268 τὰς
744 1182 1016 1263 τοσαύτας
1059 1195 1341 1258 νουθεσίας
1386 1194 1479 1247 καὶ
1519 1182 1838 1264 ἐπιπλήξεις
1872 1200 1887 1256 (
1908 1191 2026 1278 οὐδὲ

446 1277 555 1362 γάρ
583 1285 944 1358 ἐπαυσάμεθα
966 1282 1204 1352 συνεχῶς
1228 1281 1373 1351 ὑμᾶς
1402 1280 1912 1349 ὑπομιμνήσκοντες
1934 1277 2025 1332 τοῦ

445 1372 679 1445 φοΰεροῦ
700 1368 1048 1441 δικαστηρίου
1069 1367 1164 1421 καὶ
1185 1365 1294 1418 τῶν
1322 1363 1561 1418 εὐθυνῶν
1585 1363 1694 1416 τῶν
1714 1364 2024 1435 ἀπαραιτὴ-

444 1476 574 1523 των,
589 1458 683 1512 καὶ
700 1455 794 1509 τοῦ
818 1453 987 1525 πυρὸς
1000 1449 1210 1504 ἐκείνου
1235 1445 1329 1501 τοῦ
1349 1447 1635 1509 ἀσϐέστου,
1655 1447 1750 1500 καὶ
1770 1447 1864 1499 τοῦ
1888 1450 2028 1499 σκώ-

445 1543 609 1613 ληκος
639 1539 733 1594 τοῦ
769 1532 1173 1605 ἀτελευτήτου).
1211 1530 1355 1593 τινὲς
1384 1529 1492 1583 τῶν
1514 1530 1688 1583 ταῦτα
1719 1531 2027 1584 ἀκουόντων

447 1625 603 1695 (οὐδὲ
632 1624 741 1695 γὰρ
772 1622 914 1676 κατὰ
944 1619 1162 1672 πάντων
1188 1615 1407 1684 ἐκφέρω
1435 1616 1534 1685 τὴν
1572 1614 1773 1686 ψῆφον,
1793 1616 1879 1684 ,μὴ
1927 1616 2025 1683 γέ-

445 1708 644 1776 νοιτο),
674 1707 892 1760 πάντων
926 1701 1133 1756 τούτων
1179 1696 1585 1768 ἐπιλαθόμενοι,
1616 1697 1778 1751 πάλιν
1799 1700 1891 1751 ἐπὶ
1928 1699 2026 1769 τὴν

445 1790 743 1861 σατανικὴν
766 1787 1002 1857 Θεωρίαν
1035 1784 1133 1854 τῆς
1174 1780 1536 1851 ἱπποδρομίας
1559 1782 1787 1844 ἑαυτοὺς
1810 1781 2029 1835 ἐκδεδὼς

444 1893 596 1939 κασι,
648 1874 779 1945 ποίᾳ
829 1871 1015 1924 λοιπὸν
1057 1864 1354 1940 προσδοκίᾳ
1393 1864 1501 1916 τῶν
1550 1864 1731 1917 αὐτῶν
1774 1862 2027 1934 ἀψόμεθα

444 1959 645 2021 πόνων,
682 1957 773 2010 καὶ
805 1956 901 2025 τὴν
930 1950 1278 2007 διδασκαλίαν
1308 1947 1491 2011 αὐτοῖς
1506 1947 1711 2018 ταύτην
1737 1948 1836 2016 τὴν
1864 1964 2027 2000 πνευ-

446 2042 684 2114 ματικὴν
720 2037 1137 2109 παραθήσομεν,
1161 2033 1397 2105 ὁρῶντες
1436 2031 1602 2104 μηδὲν
1632 2031 1793 2084 πλέον
1828 2030 2025 2093 αὐτοὺς

441 2121 693 2179 ἐντεῦθεν
751 2119 1188 2193 καρπουμένους,
1238 2118 1351 2172 ἀλλ’
1387 2115 1575 2179 ἁπλῶς
1617 2114 1875 2186 συνηθείᾳ
1918 2116 2026 2168 τινὶ

442 2204 996 2267 κατακολουθοῦντας,
1023 2201 1118 2255 καὶ
1144 2199 1471 2273 κροτοῦντας
1504 2199 1601 2269 μὲν
1627 2197 1696 2251 τὰ
1720 2199 1849 2269 παρ’
1869 2197 2025 2268 ἡμῶν

441 2291 729 2360 λεγόμενα,
756 2287 850 2340 καὶ
874 2283 1188 2347 δεικνύντας
1219 2284 1350 2354 ἡμῖν
1384 2281 1459 2344 ὡς
1489 2280 1607 2351 μεθ’
1634 2280 1828 2351 ἡδονῆς
1843 2280 2026 2351 δέχον-

440 2392 530 2429 ται
552 2374 679 2435 τοὺς
700 2369 1006 2442 ἡμετέρους
1035 2367 1248 2436 λόγους,
1274 2364 1369 2419 καὶ
1393 2364 1530 2435 μετά
1557 2362 1716 2417 τοῦτο
1745 2363 1907 2416 πάλιν
1930 2363 2025 2417 ἐπὶ

438 2458 530 2512 τὸν
558 2455 896 2526 ἱππόδρομον
929 2452 1223 2524 τρέχοντας
1244 2488 1259 2511 ,
1309 2450 1404 2503 καὶ
1447 2449 1702 2519 μείζονας
1736 2448 1865 2512 τοὺς
1898 2449 2025 2519 κρό-

439 2558 566 2603 τους
587 2539 681 2593 ἐπὶ
700 2540 827 2600 τοὺς
850 2537 1093 2607 ἡνιόχους
1110 2533 1586 2603 ἐπιδεικνυμένους
1605 2532 1697 2585 καὶ⁵
1720 2530 2024 2585 ἀκάθεκτον

438 2625 536 2698 τὴν
570 2624 784 2697 μανίαν,
825 2622 917 2675 καὶ
958 2616 1095 2691 μετά
1124 2616 1319 2671 πολλοῦ
1371 2616 1466 2671 τοῦ
1512 2616 1668 2669 τόνου
1702 2617 2025 2687 συντρέχον-

437 2727 557 2775 τας,
589 2709 684 2763 καὶ
711 2705 849 2778 πρὸς
876 2703 1135 2773 ἀλλήλους
1166 2701 1429 2764 πολλάκις
1470 2700 2023 2772 διαπληκτιζομένους

442 2793 535 2848 καὶ
565 2791 840 2859 λέγοντας,
867 2788 949 2840 ὃτι
971 2788 1000 2839 6
1038 2784 1137 2855 μὲν
1165 2796 1191 2825 α
1220 2783 1323 2838 τῶν
1354 2784 1537 2837 ἵππων
1562 2784 1623 2837 οὐ
1661 2784 1844 2848 καλῶς
1867 2784 2024 2856 ἐδρα-

444 2894 566 2948 μεν,
605 2878 634 2929 6
657 2875 714 2928 δέ
746 2869 1158 2932 ὐποσκελισθεὶς
1186 2869 1509 2932 κατέπεσεν,
1543 2869 1636 2922 καὶ
1663 2872 1692 2921 6
1719 2868 1817 2939 μὲν
1847 2867 2022 2939 τούτῳ

439 2958 518 3030 τῷ
554 2958 754 3029 ἡνιόχῳ
804 2954 995 3008 ἐαυτὸν
1039 2952 1357 3024 προσνέμει,
1390 2954 1417 3005 6
1446 2951 1503 3003 δὲ
1542 2951 1619 3022 τῷ
1675 2952 1885 3024 ἑτέρην
1929 2952 2024 3006 καὶ

437 3040 674 3111 οὐδαμοῦ
704 3040 884 3094 ἔννοια
911 3036 1033 3090 οὐδέ
1056 3036 1363 3106 ὑπόμνησις
1384 3034 1492 3087 τῶν
1517 3034 1800 3104 ἡμετέρων
1826 3035 2019 3103 λόγων,

432 3124 557 3178 οὐδὲ
591 3125 697 3176 τῶν
727 3119 1116 3192 πνευματικῶν
1151 3119 1244 3172 καὶ
1279 3117 1524 3188 φρικτῶν
1571 3117 1885 3187 μυστηρίων
1912 3118 2021 3171 τῶν

437 3207 673 3262 ἐνταῦθα
703 3206 1067 3276 τελουμένων,
1101 3201 1240 3257 ἀλλά
1265 3202 1517 3272 καθάπερ
1560 3202 1894 3272 αἰχμάλωτοι
1932 3220 2022 3271 γε-

438 3292 655 3362 νόμενοι
684 3291 789 3343 ὑπὸ
820 3290 931 3341 τῶν
966 3287 1062 3341 τοῦ
1112 3286 1360 3340 διαϐόλου
1396 3285 1664 3355 παγίδων,
1698 3288 1815 3340 ἐκεῖ
1841 3286 2023 3358 διημε-

442 3377 679 3449 ρεύουσι,
713 3378 779 3446 τῇ
822 3376 1085 3443 σατανικῇ
1132 3370 1334 3443 θεωρίᾳ
1384 3371 1611 3434 ἑαυτοὺς
1640 3370 2018 3437 ἐκδεδωκότες,

440 3461 534 3513 καὶ
566 3461 646 3523 εἰς
672 3457 935 3527 αἰσχύνην
958 3454 1312 3527 προκείμενοι
1343 3454 1438 3508 καὶ
1478 3453 1750 3517 Ἰουδαίοις
1767 3455 1863 3507 καὶ⁴
1888 3453 2017 3507 Ἕλ-

439 3543 563 3613 λησι
596 3543 691 3594 καὶ
720 3543 832 3604 τοῖς
869 3540 938 3593 τὰ
966 3539 1214 3609 ἡμέτερα
1243 3537 1521 3608 διασύρειν
1545 3536 1929 3608 βουλομένοις;

510 3627 605 3688 Τίς
628 3623 693 3677 ἂν
726 3620 840 3687 οὖν,
864 3622 967 3676 κᾶν
999 3616 1263 3695 σφόδραῇ
1297 3621 1519 3686 λίθινος,
1548 3622 1581 3692 ἢ
1624 3622 1718 3674 καὶ
1755 3620 2018 3694 ἀναίσθη⁴

436 3727 548 3776 τος,
584 3708 753 3761 ταῦτα
776 3707 1093 3778 ἀναλγήτως
1132 3707 1376 3775 ἐνεγκεῖν
1421 3706 1745 3776 δυνήσεται,
1793 3709 1922 3778 μήτι
1955 3724 2017 3775 γε

435 3796 594 3864 ἡμεῖς
618 3794 667 3844 οί
703 3790 976 3862 πατρικὴν
1027 3789 1410 3861 φιλοστοργίαν
1442 3790 1571 3861 περὶ
1628 3790 1839 3853 πάντας
1873 3790 2018 3862 ὑμᾶς

435 3874 837 3930 ἐπιδείκνυσθαι
883 3873 1317 3938 σπουδάζοντες;
1350 3873 1485 3926 Οὐδὲ
1514 3871 1624 3943 γάρ
1663 3872 1823 3927 τοῦτο
1858 3875 2019 3945 μόνον

435 3962 555 4014 ἐστὶ
586 3957 737 4031 [791]
768 3958 828 4012 τὸ
850 3956 1056 4012 λυποῦν
1089 3958 1261 4028 ἡμᾶς,
1292 3959 1375 4010 ὅτι
1411 3957 1670 4027 ἀνόνητον
1699 3957 1790 4011 τὸν
1818 3959 2015 4029 ἡμέτε-

438 4061 529 4115 ρον
556 4041 931 4096 ἐπιδείκνυσθε
978 4040 1227 4110 κάματον
1248 4082 1261 4106 ,
1293 4039 1430 4093 ἀλλά
1462 4038 1641 4110 πολλῷ
1672 4040 1833 4097 πλέον
1860 4042 2016 4114 ἡμῶν

434 4126 793 4189 καθάπτεται,
821 4125 948 4177 ὅταν
981 4125 1324 4195 ἐννοήσωμεν
1351 4124 1434 4177 ὅτι
1468 4124 1774 4195 βαρυτέραν
1804 4127 2018 4190 ἑαυτοῖς

432 4212 482 4264 οί
498 4208 670 4264 ταῦτα
696 4207 975 4272 ποιοῦντες
990 4206 1316 4277 ἐργάζονται
1329 4207 1429 4278 τὴν
1454 4206 1798 4279 κατάκρισιν.
1826 4210 2016 4280 Ἡμεῖς

433 4294 544 4365 γὰρ
569 4292 677 4345 τῶν
723 4292 901 4344 πόνων
949 4292 1050 4359 τὴν
1085 4289 1322 4360 ἀμοιϐὴν
1352 4291 1696 4361 ἀναμένομεν
1742 4293 1893 4364 παρά
1920 4294 2014 4347 τοῦ

431 4377 704 4432 Δεσπότου
726 4392 741 4407 ο
767 4374 828 4427 τὸ
861 4374 968 4445 γάρ
996 4373 1268 4444 ἡμέτερον
1299 4372 1445 4428 ἀπαν
1489 4375 1890 4446 πεποιήκαμεν.
1922 4378 2017 4431 καὶ

431 4462 494 4516 τὸ
516 4459 778 4532 ἀργύριον
795 4458 1177 4528 κατεϐάλομεν
1196 4496 1211 4522 ,
1243 4457 1339 4511 καὶ
1369 4456 1431 4511 τὸ
1466 4457 1729 4513 τάλαντον
1762 4460 1824 4514 τὸ
1851 4463 2017 4532 ἐμπι-

432 4545 654 4599 πευθέν
701 4545 831 4615 ἡμῖν
863 4542 1234 4614 διενείμαμεν,
1291 4542 1386 4595 καὶ
1435 4541 1589 4596 οὐδὲν
1613 4542 1723 4596 τῶν
1756 4547 1836 4609 εἰς
1866 4546 2015 4617 ἡμᾶς

428 4629 673 4700 ἡκόντων
703 4628 1218 4700 παραλελοίπαμεν·
1249 4626 1298 4679 οἰ
1330 4625 1388 4679 δὲ
1418 4626 1488 4680 τὰ
1524 4626 1763 4699 ἀργύρια
1784 4627 2010 4699 δεξάμε-

429 4730 511 4767 νοι
535 4712 709 4765 ταῦτα
739 4714 808 4766 τὰ
841 4710 1210 4783 πνευματικά,
1244 4710 1403 4763 ποίαν
1445 4710 1689 4777 ἕξουσιν,
1736 4712 1856 4766 εἰπέ
1903 4732 2012 4785 μοι,

381 4786 394 4811 ι
427 4793 749 4863 ἀπολογίαν,
774 4793 933 4847 ποίαν
960 4794 1018 4847 δὲ
1050 4794 1406 4864 συγγνώμην,
1429 4793 1556 4846 ὅταν
1588 4794 1663 4865 μὴ
1694 4795 1853 4864 μόνον
1877 4797 2016 4850 αὐτά

427 4877 791 4943 ἀπαιτῶνται,
828 4878 963 4932 ἀλλά
997 4877 1091 4930 καὶ
1128 4876 1226 4947 τὴν
1256 4875 1463 4929 τούτων
1494 4877 1791 4949 ἐργασίαν;
1840 4878 2014 4944 ποίοις

427 4962 971 5034 ὀφθαλμοῖςδψονται
992 4962 1084 5017 τὸν
1112 4963 1308 5033 κριτήν
1332 4978 1347 5026 ;
1381 4959 1496 5024 πῶς
1520 4961 1720 5014 οἴσουσι
1749 4962 1845 5033 τὴν
1874 4964 2011 5036 ἡμέ-

431 5063 532 5118 ραν
570 5047 786 5115 ὲκείνην
810 5046 908 5117 τὴν
933 5045 1194 5116 φοϐεράν,
1222 5044 1299 5097 τά
1335 5044 1673 5115 κολαστήρια
1702 5044 1771 5098 τά
1814 5047 2015 5120 ἀφόρη-

425 5146 528 5196 τα;
565 5129 657 5201 Μὴ
705 5130 816 5201 γάρ
846 5133 925 5194 εἰς
955 5131 1178 5198 ἄγνοιαν
1209 5129 1394 5198 ἔχουσι
1453 5132 1820 5197 καταφυγεῖν;
1872 5133 2012 5185 Καθ’

426 5212 668 5284 ἑκάστην
697 5215 914 5284 ἡμέραν
953 5212 1278 5283 ἐνηχοῦμεν,
1336 5210 1738 5282 παραινοῦμεν,
1782 5231 2012 5287 προτρε⁴

426 5296 661 5369 πόμεθα,
684 5295 1003 5367 δεικνύομεν
1022 5296 1122 5365 τῆς
1147 5297 1361 5365 ἀπάτης
1383 5296 1473 5347 τὸν
1492 5294 1733 5367 ὄλεθρον,
1761 5297 1861 5368 τῆς
1886 5298 2012 5369 βλά-

426 5378 529 5448 ϐης
556 5380 620 5433 τὸ
646 5378 894 5451 μέγεθος,
926 5378 1024 5448 τῆς
1052 5379 1352 5448 σατανικῆς
1402 5379 1764 5451 πανηγύρεως
1798 5383 1890 5437 τὸν
1928 5382 2010 5436 δό-

426 5461 536 5530 λον,
564 5463 658 5516 καὶ
682 5463 805 5515 οὐδέ
836 5462 981 5516 οὓτω
1021 5462 1349 5516 καθικέσθαι
1380 5463 1751 5534 ἠδυνήθημεν.
1800 5466 1909 5518 Καὶ
1957 5468 2008 5520 τί

426 5543 569 5617 λέγω
597 5548 695 5618 τήν
725 5547 940 5618 ἡμέραν
974 5548 1190 5618 ἐκείνην
1222 5548 1323 5619 τὴν
1356 5547 1622 5618 φοϐεράν;
1648 5549 1800 5615 Τέως
1830 5551 1896 5605 τά
1923 5552 2009 5603 έν-

482 5703 515 5737 ⁸
537 5702 660 5758 Tres
679 5717 792 5757 mss.
819 5705 1303 5771 διαπληκτιζομένους
1325 5708 1445 5758 διατί
1470 5709 1496 5757 ὁ
1516 5709 1617 5772 μέν.

1117 245 1170 297 S.
1216 240 1501 297 JOANNIS
1541 242 2032 300 CHRYSOSTOMI
2077 246 2404 305 ΑιιιειιιΕΡ.
2445 247 2999 307 (ΞΟΝΞΤΑΝΤΙΝΟΡ.

3615 240 3752 295 ιβιδ

2132 354 2313 409 ταῦθα
2349 358 2738 429 γυμνάσωμεν.
2768 353 2915 419 Πῶς,
2934 352 3055 407 εἰπέ
3080 369 3188 425 μοι,
3221 349 3270 404 οί
3296 353 3393 421 τῆς
3431 353 3750 420 σατανικῆς

2132 439 2352 509 ἐκείνης
2386 442 2754 511 μετασχόντες
2782 439 3016 511 θεωρίας
3044 437 3368 507 δυνήσονται
3400 434 3552 504 μετὰ
3601 438 3748 510 παῤ-

2135 522 2333 593 ῤηίας
2384 522 2619 578 ἐνταῦθα
2661 521 3090 594 παραγενέσθαι,
3128 518 3190 573 τὸ
3230 517 3468 580 συνειδὸς
3514 516 3747 587 ἔχοντες

2133 603 2665 676 κατεξανιστάμενον
2723 607 2820 661 καὶ
2873 603 3163 660 καταϐοῶν
3216 601 3465 673 μεγάλα;
3506 603 3592 656 Ἦ
3646 603 3747 655 οὐκ

2132 689 2428 743 ἀκούουσιν
2454 686 2599 745 οὗτοι
2632 690 2728 743 τοῦ
2765 688 3038 761 μακαρίου
3075 686 3289 741 Παύλου
3330 685 3602 752 λέγοντος
3648 686 3741 738 τοῧ

2131 772 2459 831 διδασκάλου
2485 776 2583 847 τῆς
2606 776 2756 829 οἰκον
2765 774 2953 846 μένης,
2986 775 3080 838 T/c
3100 772 3379 826 κοινωνία
3400 770 3560 840 φωτί
3587 770 3742 839 πρὸς

2131 859 2378 926 σκότος,
2409 858 2448 928 ἢ
2478 860 2570 926 τίς
2587 860 2756 930 μερὶς
2776 858 2972 925 πιστῷ
2994 858 3146 928 μετὰ
3191 856 3486 919 ἀπίστους
3550 855 3742 924 Πόσης

2132 942 2242 1011 γάρ
2273 943 2378 997 οὐκ
2411 943 2478 997 ἂν
2528 945 2611 1015 εῖη
2665 943 3067 1014 καταγνώσεως
3099 940 3270 1007 ἀξιον,
3304 943 3432 994 ὅταν
3464 942 3491 993 6
3535 940 3735 1003 πιστὶς

2133 1025 2228 1078 καὶ
2260 1026 2371 1079 τῶν
2399 1026 2634 1082 ἐνταῦθα
2664 1028 3003 1099 τελουμένων
3031 1027 3125 1081 καὶ
3156 1025 3331 1096 εὐχῶν
3352 1025 3446 1078 καὶ
3469 1023 3738 1094 φρικτῶν

2136 1108 2457 1180 μυστηρίων
2484 1111 2579 1164 καὶ
2617 1113 2993 1182 πνευματικῆς
3018 1108 3367 1172 διδασκαλίας
3401 1105 3730 1167 ἀπολαύων,

2136 1191 2273 1261 μετά
2307 1193 2410 1265 τὴν
2449 1193 2685 1249 ἐνταῦθα
2714 1195 2938 1266 τελετὴν
2990 1191 3243 1247 ἀπελθὼν
3284 1189 3599 1260 καθέζηται
3652 1190 3734 1251 εἰς
3846 1189 3847 1259 1

2131 1275 2232 1347 τὴν
2273 1278 2572 1349 σατανικὴν
2605 1279 2820 1350 ἐκείνην
2863 1276 3101 1348 θεωρίαν
3132 1274 3269 1346 μετά
3317 1273 3414 1327 τοῦ
3458 1273 3729 1332 ἀπίστου,

2136 1360 2273 1431 μετὰ
2309 1362 2403 1416 τοῦ
2442 1364 2502 1416 ἐν
2524 1362 2604 1434 τῷ
2635 1363 2817 1417 σκότει
2849 1364 2947 1434 τῆς
2983 1360 3239 1423 ἀσεϐείας
3278 1359 3667 1429 πλανωμένου,
3701 1357 3734 1408 6
3846 1357 3847 1391 λ

2132 1444 2210 1515 τῷ
2238 1447 2378 1514 φωτὶ
2401 1445 2499 1500 τοῦ
2542 1447 2642 1514 τῆς
2692 1444 3039 1516 δικαιοσύνης
3069 1444 3222 1515 ἡλίου
3276 1440 3726 1510 καταυγασθείςς

2134 1526 2279 1592 Πῶς,
2312 1528 2434 1582 εἰπέ
2477 1545 2610 1599 μοι,
2662 1529 2848 1584 λοιπὸν
2905 1528 3256 1599 ἐπιστομίσαι
3300 1524 3656 1597 δυνησόμεθα
3692 1523 3727 1593 ἡ

2134 1610 2450 1683 Ἕλληναςὴ
2487 1612 2776 1677 Ἰουδαίους
2795 1631 2810 1679 ;
2838 1611 2956 1676 πῶς
2972 1612 3029 1666 δὲ
3048 1613 3333 1681 ἐναγαγεῖν
3356 1609 3555 1672 αὐτοὺς
3575 1606 3727 1676 ίσχῦ⁴

2133 1710 2320 1766 σομεν,
2346 1698 2439 1751 καί⁵
2466 1698 2730 1768 πείσομεν
2753 1696 3160 1767 μετατάξασθαι
3182 1697 3262 1759 είς
3288 1694 3387 1765 τὴν
3409 1692 3721 1754 εὐσέϐειαν,

2131 1778 2258 1833 ὃταν
2290 1780 2457 1851 ὁρῶσι
2489 1782 2617 1845 τοὺς
2654 1783 2773 1853 μεθ’
2801 1782 2960 1854 ἡμῶν
2989 1781 3352 1852 τεταγμένους
3382 1780 3461 1843 είς
3487 1777 3557 1830 τὰ
3596 1776 3722 1828 ὀλέο

2132 1862 2258 1935 θρια
2287 1866 2474 1919 ἐκεῖνα
2505 1866 2599 1920 καὶ
2637 1867 2819 1937 πάσης
2860 1865 3040 1937 λύμης
3070 1864 3308 1935 γέμοντα
3341 1861 3544 1932 θέατρα
3576 1876 3720 1930 συμ-

2132 1948 2469 2019 φυρομένους
2492 1950 2711 2015 αὐτοῖς;
2739 1949 2895 2013 Τίνος
2914 1948 3022 2021 γὰρ
3047 1948 3255 2013 ἕνεκεν,
3272 1945 3393 1999 εἰπέ
3432 1961 3545 2015 μοι,
3579 1942 3719 2013 μετά

2128 2031 2192 2083 τὸ
2236 2034 2642 2102 παραγενέσθαι
2680 2035 2933 2097 ἐνταῦθα,
2967 2034 3062 2088 καὶ
3088 2032 3391 2104 ἐκκαθᾶραι
3439 2029 3529 2082 τὸν
3569 2028 3715 2096 λογι-

2133 2114 2288 2184 σμὸν,
2315 2117 2410 2169 καὶ
2439 2117 2540 2188 τὴν
2570 2116 2810 2172 διάνοιαν
2833 2119 2913 2182 εἰς
2950 2117 3112 2188 νῆψιν
3156 2117 3387 2185 ἀγαγεῖν
3419 2114 3515 2166 καὶ
3544 2111 3716 2165 κατά-

2131 2198 2300 2262 νυξιν,
2332 2199 2496 2253 πάλιν
2528 2200 2777 2255 ἀπελθὼν
2815 2204 2932 2256 ἐκεῖ
2984 2199 3447 2273 καταρῤυπαίνεις
3485 2197 3710 2258 ἐαυτόνς

2134 2282 2202 2333 Ἣ
2232 2283 2333 2336 οὐκ
2361 2284 2581 2344 ἀκούεις
2612 2285 2779 2355 σοφοῦ
2815 2302 2961 2349 τινος
3004 2284 3252 2355 λέγοντος
3274 2300 3289 2315 ·
3325 2276 3431 2347 Εἷς
3482 2278 3712 2333 οἰκοδο·

2125 2363 2260 2434 μῶν
2284 2367 2381 2420 καί
2412 2363 2500 2435 εἷς
2527 2370 2823 2439 καθαιρῶν
2860 2372 2916 2424 τί
2944 2370 3271 2440 ὠφέλησαν
3312 2365 3504 2420 πλέον
3530 2366 3570 2432 ἢ
3613 2366 3713 2415 κίε·

2131 2463 2319 2516 πους;
2355 2454 2419 2506 ’0
2455 2452 2520 2524 δὴ
2553 2456 2647 2507 καὶ
2676 2454 2770 2509 νῦν
2794 2456 3025 2524 γίνεται.
3050 2454 3221 2508 Ὅταν
3245 2451 3354 2522 γὰρ
3380 2452 3447 2504 τὰ
3475 2447 3711 2503 ἐνταῦθα

2130 2535 2221 2604 ὑφ’
2251 2536 2408 2607 ἡμῶν
2429 2539 2852 2611 οἰκοδομηθέντα
2888 2540 2976 2594 διὰ
3010 2539 3107 2610 τῆς
3152 2535 3408 2608 συνεχοῦς
3459 2534 3710 2588 διδασκα-

2129 2618 2248 2683 λίας
2281 2622 2375 2674 καὶ
2405 2622 2506 2693 τῆς
2548 2623 2924 2694 παραινέσεως
2951 2623 3157 2694 ταύτης
3185 2624 3284 2693 τῆς
3310 2618 3707 2690 πνευματικῆς.

2128 2704 2382 2759 ἀπελθὼν
2409 2707 2603 2777 ἀθρόον
2623 2709 2740 2761 ἐκεῖ
2769 2710 2946 2763 πάντα
2978 2707 3232 2780 καθέλῃς,
3260 2705 3353 2759 καὶ
3380 2704 3461 2767 εἰς
3488 2702 3707 2771 ἔδαφος,

2128 2788 2204 2851 ὡς
2235 2790 2431 2851 εἰπεῖν.
2459 2791 2799 2865 καταγάγῃς,
2819 2793 2969 2844 ποῖον
3002 2789 3194 2861 ὄφελος
3232 2788 3393 2842 πάλιν
3412 2787 3559 2858 ἡμᾶς
3574 2787 3708 2839 ἀνω-

2128 2871 2220 2924 θεν
2239 2871 2307 2925 τά
2334 2872 2436 2943 τῆς
2466 2874 2755 2947 οἰκοδομῆς
2794 2873 3216 2938 ἐπιδείκνυσθαι,
3239 2871 3333 2925 καὶ
3364 2870 3526 2923 πάλιν
3558 2869 3708 2937 693;

2127 2954 2196 3010 τά
2219 2956 2318 3028 τῆς
2349 2956 2758 3031 καθαιρέσεως;
2788 2960 2958 3030 πόσης
2987 2958 3145 3013 τοῦτο
3172 2956 3358 3019 ἀνοίας
3396 2954 3499 3007 οὐκ
3527 2953 3593 3006 ἂν
3621 2952 3705 3023 εἴη

2127 3040 2223 3093 καὶ
2254 3041 2672 3113 παραπληξίας;
2711 3044 2846 3096 Εἰπὲ
2876 3046 2984 3115 γάρ
3030 3061 3144 3115 μοι,
3176 3044 3225 3095 εἰ
3256 3041 3465 3095 ἐθεάσω
3488 3040 3545 3090 ἐν
3584 3039 3707 3099 mi;

2127 3125 2411 3196 αἰσθηταῖς
2443 3126 2670 3190 ταύταις
2696 3127 3006 3197 οἰκοδομαῖς
3043 3128 3162 3189 ταῖς
3183 3125 3273 3178 διὰ
3299 3123 3408 3176 τῶν
3433 3122 3599 3175 λίθων
3620 3139 3705 3188 για

2127 3208 2380 3278 νομέναις
2402 3208 2560 3264 τοῦτό
2572 3227 2696 3265 τινα
2726 3210 3004 3274 ποιοῦντα,
3028 3210 3148 3281 οὐχ).
3169 3209 3245 3273 ὡς
3272 3208 3535 3279 μεμηνότι
3558 3205 3706 3276 αὐτῷ

2127 3291 2413 3361 προσέξεις
2445 3294 2538 3347 καὶ
2569 3295 2690 3366 είκῆ
2738 3297 2833 3348 καὶ
2888 3295 3063 3366 μάτην
3095 3295 3434 3363 κοπτομένῳ,
3486 3292 3581 3344 καὶ
3624 3292 3704 3351 εἰς

2125 3377 2279 3430 οὐδὲν
2305 3377 2423 3431 δέον
2456 3379 2633 3433 πάντα
2658 3380 2726 3433 τά
2761 3379 2926 3434 αὑτοῦ
2955 3379 3437 3441 καταναλίσκοντις
3476 3378 3580 3429 Τὸν
3608 3377 3703 3429 αὑ-

2123 3463 2216 3517 τὸν
2263 3463 2327 3535 δὴ
2371 3464 2576 3534 τρόπον
2605 3464 2701 3517 καὶ
2742 3465 2836 3518 ἐπὶ
2883 3467 2982 3535 τῆς
3028 3464 3315 3536 οἰκοδομῆς
3372 3463 3575 3531 ταύτης
3604 3461 3701 3530 τῆς

2126 3547 2506 3618 πνευματικῆς
2538 3548 2780 3617 λογίζου,
2814 3548 2910 3601 καὶ
2941 3549 3037 3619 τὴν
3065 3548 3233 3620 αὐτὴν
3257 3547 3459 3618 ἔκφερε
3501 3547 3697 3617 ψῆφον.

2137 3630 2268 3684 ’1δού
2297 3631 2432 3702 γάρ·
2490 3633 2650 3701 ἡμεῖς
2683 3633 2803 3702 μὲν,
2847 3633 3035 3703 ἐπειδὴ
3076 3633 3155 3696 εἰς
3186 3632 3347 3685 τοῦτο
3395 3633 3701 3702 ἐτάχθημεν
3757 3652 3765 3659 -

2125 3714 2277 3787 παρὰ
2312 3717 2411 3786 τῆς
2454 3715 2548 3769 τοῦ
2597 3715 2735 3768 Θεοῦ
2780 3715 3027 3787 χάριτος,
3064 3715 3185 3769 καθ’
3225 3715 3463 3787 ἑκάστην
3494 3719 3697 3787 ἡμέραν

2123 3797 2220 3870 τὴν
2248 3797 2532 3870 οἰκοδομὴν
2562 3798 2766 3871 ταύτην
2794 3799 2893 3872 τὴν
2914 3801 3291 3871 πνευματικὴν
3308 3803 3389 3865 εἰς
3410 3802 3697 3873 [Ἰθὲβιξκ

2123 3881 2431 3954 ἐγείρομεν,
2461 3882 2554 3936 καὶ
2583 3882 2719 3954 πρὸς
2734 3882 2831 3955 τὴν
2858 3884 2959 3954 τῆς
2974 3885 3172 3956 ἀρετῆς
3186 3884 3536 3937 διδασκαλίαν
3560 3886 3699 3955 ὑμᾶς

2122 3965 2338 4033 ἐνάγειν
2368 3965 2740 4037 σπουδάζομεν
2764 3983 2778 3997 ·
2810 3968 2957 4032 τινὲς
2982 3968 3041 4022 δὲ
3072 3968 3181 4021 τῶν
3210 3967 3448 4022 ἐνταῦθα
3481 3984 3697 4038 συντρεο

2123 4050 2324 4121 χόντων
2351 4050 2448 4121 τὴν
2476 4051 2617 4121 μετὰ
2641 4051 2836 4106 πολλοῦ
2886 4053 3048 4108 πόνου
3081 4051 3107 4091 δ
3131 4052 3461 4125 αὐξηθεῖσαν
3503 4055 3700 4109 οἰκοδο-

2126 4135 2233 4209 μὴν
2288 4139 2347 4190 ἐν
2401 4138 2498 4207 μιᾷ
2531 4137 2725 4209 καιροῦ
2780 4142 2920 4211 ῥοπῇ
2963 4141 3245 4210 μονονουχὶ
3299 4144 3422 4203 ταῖς
3473 4142 3696 4204 οἰκεῖαις

2122 4222 2277 4292 χερσὶ
2327 4220 2417 4274 διὰ
2450 4220 2550 4290 τῆς
2575 4222 2782 4290 ἀφάτου
2830 4223 3035 4294 ταύτης
3073 4223 3343 4296 ῥᾳθυμίας
3375 4227 3458 4288 εἰς
3503 4225 3696 4295 ἔδαφος

2122 4305 2471 4373 κατάγουσιν,
2503 4306 2635 4375 ἡμῖν
2666 4306 2763 4376 μὲν
2797 4306 2999 4379 πολλὴν
3021 4308 3119 4379 την
3153 4307 3395 4378 ἀθυμίαν
3446 4310 3697 4364 ἐντεῦθεν

2119 4390 2415 4453 τίκτοντες,
2467 4387 2681 4452 ἑαυτοῖς
2714 4389 2769 4442 δὲ
2815 4390 3074 4460 μέγιστον
3098 4391 3191 4444 τὸν
3219 4391 3443 4462 ὄλεθρον
3478 4396 3579 4448 καὶ
3603 4396 3696 4467 τὴν

2122 4472 2325 4544 ζημίαν
2360 4471 2650 4543 ἀφόρητον.

2193 4556 2259 4627 β’·
2284 4556 2435 4626 Τάχα
2457 4556 2821 4629 σφοδροτέραν
2842 4558 2940 4630 τὴν
2965 4559 3281 4631 ἐπιτίμησιν
3296 4563 3691 4636 ἐποιησάμεθα·

2120 4641 2241 4694 ὅσον
2277 4638 2376 4710 μὲν
2411 4639 2547 4710 πρὸς
2569 4639 2666 4711 τὴν
2689 4642 2963 4713 ἡμετέραν
2991 4643 3371 4714 φιλοστοργίαν
3409 4648 3694 4720 σφώροτέο

2124 4742 2260 4794 ραν,
2299 4724 2422 4778 ὅσον
2470 4722 2528 4776 δὲ
2558 4723 2694 4794 πρὸς
2722 4726 2781 4777 τὸ
2824 4725 3051 4797 μέγεθος
3097 4726 3189 4780 τοῦ
3224 4728 3694 4803 πλημμελήματος

2120 4809 2239 4863 ούδέ
2260 4809 2357 4880 τὴν
2386 4807 2560 4872 ἀξίαν.
2581 4808 2719 4861 Ἀλλ’
2746 4810 2893 4879 ὅμως
2918 4810 3103 4882 ἐπειδὴ
3133 4810 3211 4864 δεῖ
3232 4813 3454 4877 καὶτοῖς
3482 4832 3694 4869 πεπτω-

2120 4891 2240 4945 κόσι
2267 4893 2424 4961 χεῖρα
2446 4890 2680 4962 ὀρέγειν,
2714 4894 2809 4945 καὶ
2842 4894 2970 4963 περὶ
3008 4896 3133 4958 τοὺς
3165 4895 3420 4949 τοσοῦτον
3460 4900 3691 4971 ἐρρᾳθυ-

2122 4974 2368 5045 μηκότας
2398 4973 2496 5045 τὴν
2543 4975 2811 5046 πατρικὴν
2867 4975 3081 5031 εὐνοιαν
3130 4978 3526 5048 ἐπιδείξασθαι,
3581 4986 3695 5040 οὐδέ

2119 5057 2289 5122 οὕτως
2309 5058 2729 5130 ἀπαγορεύομεν
2752 5061 2932 5124 αὐτοῖς
2951 5060 3049 5132 τὴν
3070 5065 3343 5134 σωτηρίαν
3367 5082 3379 5095 ·
3413 5068 3580 5137 μόνον
3604 5072 3694 5123 ἐὰν

2098 5143 2420 5214 βουληθῶσι
2456 5144 2654 5215 μηκέτι
2678 5147 2790 5209 τοῖς
2815 5147 2999 5206 αὐτοῖς
3016 5148 3174 5201 πάλιν
3201 5155 3541 5219 περιπεσεῖν,
3564 5154 3694 5207 ἀλλά

2120 5229 2280 5298 μέχρι
2311 5230 2499 5281 τούτου
2531 5229 2725 5299 στῆσαι
2749 5230 2818 5284 τὰ
2844 5231 2942 5301 τῆς
2964 5232 3252 5303 ῥᾳθυμίας,
3272 5235 3365 5286 καὶ
3386 5235 3694 5309 ἀπαγορεῦ-

2119 5328 2206 5365 σαι
2235 5314 2447 5375 ἑαυτοῖς
2469 5313 2566 5382 τὴν
2592 5313 2686 5365 ἐπὶ
2713 5313 2814 5378 τάς
2845 5315 3204 5387 ἱπποδρομίας
3234 5318 3442 5383 ἄνοδον,
3469 5322 3567 5375 καὶ
3592 5325 3691 5376 πᾶα

2118 5413 2216 5450 σαν
2239 5397 2337 5466 τὴν
2359 5396 2614 5467 τοιαύτην
2643 5398 2938 5469 σατανικὴν
2966 5398 3217 5470 θεωρίαν.

2183 5480 2460 5551 Δεσπότην
2498 5480 2606 5551 γὰρ
2638 5480 2839 5551 ἔχομεν
2894 5482 3271 5555 φιλάνθρωπον
3336 5487 3433 5540 καὶ
3487 5489 3691 5561 ἡμερίαν

2178 5711 2206 5752 b
2234 5710 2368 5761 Unus
2385 5710 2564 5762 πολλοῦ
2587 5714 2758 5777 κόπου,
2780 5714 2905 5766 αξίυε
2924 5706 3102 5767 πολλοῦ
3122 5717 3260 5766 τόνου
