  <div class='ocr_page' id='page_1' title='image "/cluster/home/n/w/nwhite01/storage/ocr_20150623/48/hvd.32044014784250/528.png"; bbox 0 0 3784 6240; ppageno 0'>
   <div class='ocr_carea' id='block_1_1' title="bbox 74 218 214 274">
    <p class='ocr_par' dir='ltr' id='par_1_1' title="bbox 74 218 214 274">
     <span class='ocr_line' id='line_1_1' title="bbox 74 218 214 274; baseline 0.021 -3"><span class='ocrx_word' id='word_1_1' title='bbox 74 218 214 274; x_wconf 68' lang='grc' dir='ltr'><strong>Ιΰὸΰ</strong></span> 
     </span>
    </p>
   </div>
   <div class='ocr_carea' id='block_1_2' title="bbox 72 328 1640 399">
    <p class='ocr_par' dir='ltr' id='par_1_2' title="bbox 72 328 1640 399">
     <span class='ocr_line' id='line_1_2' title="bbox 72 328 1640 399; baseline -0.001 -15"><span class='ocrx_word' id='word_1_2' title='bbox 72 337 345 399; x_wconf 85' lang='lat' dir='ltr'><strong>postquam</strong></span> <span class='ocrx_word' id='word_1_3' title='bbox 369 328 572 384; x_wconf 82' lang='lat' dir='ltr'><strong>liberali</strong></span> <span class='ocrx_word' id='word_1_4' title='bbox 600 345 759 384; x_wconf 89' lang='lat' dir='ltr'><strong>manu</strong></span> <span class='ocrx_word' id='word_1_5' title='bbox 787 329 989 384; x_wconf 84' lang='lat' dir='ltr'><strong>semina</strong></span> <span class='ocrx_word' id='word_1_6' title='bbox 1011 330 1150 384; x_wconf 90' lang='lat' dir='ltr'><strong>sinui</strong></span> <span class='ocrx_word' id='word_1_7' title='bbox 1185 339 1340 384; x_wconf 78' lang='lat' dir='ltr'><strong>terrae</strong></span> <span class='ocrx_word' id='word_1_8' title='bbox 1356 329 1640 397; x_wconf 78' lang='lat' dir='ltr'><strong>commisit,</strong></span> 
     </span>
    </p>
   </div>
   <div class='ocr_carea' id='block_1_3' title="bbox 11 413 1641 491">
    <p class='ocr_par' dir='ltr' id='par_1_3' title="bbox 11 413 1641 491">
     <span class='ocr_line' id='line_1_3' title="bbox 11 413 1641 491; baseline 0.001 -20"><span class='ocrx_word' id='word_1_9' title='bbox 11 413 242 491; x_wconf 17' lang='lat' dir='ltr'><strong>ﬁneque</strong></span> <span class='ocrx_word' id='word_1_10' title='bbox 279 419 496 489; x_wconf 90' lang='lat' dir='ltr'><strong>dignum</strong></span> <span class='ocrx_word' id='word_1_11' title='bbox 540 420 810 476; x_wconf 80' lang='lat' dir='ltr'><strong>laboribus</strong></span> <span class='ocrx_word' id='word_1_12' title='bbox 833 435 1054 490; x_wconf 82' lang='lat' dir='ltr'><strong>germen</strong></span> <span class='ocrx_word' id='word_1_13' title='bbox 1079 420 1221 474; x_wconf 76' lang='lat' dir='ltr'><strong>videt</strong></span> <span class='ocrx_word' id='word_1_14' title='bbox 1261 420 1462 475; x_wconf 81' lang='lat' dir='ltr'><strong>exoriri</strong></span> <span class='ocrx_word' id='word_1_15' title='bbox 1490 461 1504 485; x_wconf 95' lang='lat'><strong>,</strong></span> <span class='ocrx_word' id='word_1_16' title='bbox 1539 435 1641 474; x_wconf 83' lang='lat' dir='ltr'><strong>non</strong></span> 
     </span>
    </p>
   </div>
   <div class='ocr_carea' id='block_1_4' title="bbox 0 511 1642 581">
    <p class='ocr_par' dir='ltr' id='par_1_4' title="bbox 0 511 1642 581">
     <span class='ocr_line' id='line_1_4' title="bbox 0 511 1642 581; baseline 0.003 -20"><span class='ocrx_word' id='word_1_17' title='bbox 0 525 4 528; x_wconf 91' lang='grc'><strong>·</strong></span> <span class='ocrx_word' id='word_1_18' title='bbox 41 511 251 568; x_wconf 79' lang='lat' dir='ltr'><strong>,cadem</strong></span> <span class='ocrx_word' id='word_1_19' title='bbox 277 525 396 565; x_wconf 91' lang='lat' dir='ltr'><strong>cum</strong></span> <span class='ocrx_word' id='word_1_20' title='bbox 442 512 606 566; x_wconf 91' lang='lat' dir='ltr'><strong>animi</strong></span> <span class='ocrx_word' id='word_1_21' title='bbox 645 512 921 567; x_wconf 89' lang='lat' dir='ltr'><strong>alacritate</strong></span> <span class='ocrx_word' id='word_1_22' title='bbox 965 513 1341 581; x_wconf 76' lang='lat' dir='ltr'><strong>agriculturam</strong></span> <span class='ocrx_word' id='word_1_23' title='bbox 1385 520 1642 566; x_wconf 83' lang='lat' dir='ltr'><strong>exercet:</strong></span> 
     </span>
    </p>
   </div>
   <div class='ocr_carea' id='block_1_5' title="bbox 0 599 1646 682">
    <p class='ocr_par' dir='ltr' id='par_1_5' title="bbox 0 599 1646 682">
     <span class='ocr_line' id='line_1_5' title="bbox 0 599 1646 682; baseline 0.003 -32"><span class='ocrx_word' id='word_1_24' title='bbox 0 607 10 682; x_wconf 47' lang='grc' dir='ltr'><strong>ςί</strong></span> <span class='ocrx_word' id='word_1_25' title='bbox 41 599 312 667; x_wconf 80' lang='lat' dir='ltr'><strong>&quot;quoniam</strong></span> <span class='ocrx_word' id='word_1_26' title='bbox 343 616 466 670; x_wconf 86' lang='lat' dir='ltr'><strong>spes</strong></span> <span class='ocrx_word' id='word_1_27' title='bbox 490 603 748 657; x_wconf 84' lang='lat' dir='ltr'><strong>ubertatis</strong></span> <span class='ocrx_word' id='word_1_28' title='bbox 771 603 978 673; x_wconf 90' lang='lat' dir='ltr'><strong>frugum</strong></span> <span class='ocrx_word' id='word_1_29' title='bbox 1011 617 1224 672; x_wconf 89' lang='lat' dir='ltr'><strong>semper</strong></span> <span class='ocrx_word' id='word_1_30' title='bbox 1251 602 1546 657; x_wconf 80' lang='lat' dir='ltr'><strong>molestiam</strong></span> <span class='ocrx_word' id='word_1_31' title='bbox 1570 601 1646 656; x_wconf 89' lang='lat' dir='ltr'><strong>la-</strong></span> 
     </span>
    </p>
   </div>
   <div class='ocr_carea' id='block_1_6' title="bbox 64 691 1645 765">
    <p class='ocr_par' dir='ltr' id='par_1_6' title="bbox 64 691 1645 765">
     <span class='ocr_line' id='line_1_6' title="bbox 64 691 1645 765; baseline 0.004 -23"><span class='ocrx_word' id='word_1_32' title='bbox 64 691 252 747; x_wconf 87' lang='lat' dir='ltr'><strong>borum</strong></span> <span class='ocrx_word' id='word_1_33' title='bbox 304 694 590 748; x_wconf 86' lang='lat' dir='ltr'><strong>imminuit.</strong></span> <span class='ocrx_word' id='word_1_34' title='bbox 618 695 736 749; x_wconf 83' lang='lat' dir='ltr'><strong>Pari</strong></span> <span class='ocrx_word' id='word_1_35' title='bbox 789 697 992 751; x_wconf 85' lang='lat' dir='ltr'><strong>ratione</strong></span> <span class='ocrx_word' id='word_1_36' title='bbox 1030 709 1126 749; x_wconf 90' lang='lat' dir='ltr'><strong>nos</strong></span> <span class='ocrx_word' id='word_1_37' title='bbox 1169 710 1379 765; x_wconf 89' lang='lat' dir='ltr'><strong>quoque</strong></span> <span class='ocrx_word' id='word_1_38' title='bbox 1425 695 1645 750; x_wconf 89' lang='lat' dir='ltr'><strong>multum</strong></span> 
     </span>
    </p>
   </div>
   <div class='ocr_carea' id='block_1_7' title="bbox 6 781 1645 856">
    <p class='ocr_par' dir='ltr' id='par_1_7' title="bbox 6 781 1645 856">
     <span class='ocr_line' id='line_1_7' title="bbox 6 781 1645 856; baseline 0.002 -22"><span class='ocrx_word' id='word_1_39' title='bbox 6 787 10 790; x_wconf 83' lang='grc'><em>’</em></span> <span class='ocrx_word' id='word_1_40' title='bbox 63 781 209 838; x_wconf 91' lang='lat' dir='ltr'><strong>hunc</strong></span> <span class='ocrx_word' id='word_1_41' title='bbox 238 784 460 840; x_wconf 87' lang='lat' dir='ltr'><strong>docendi</strong></span> <span class='ocrx_word' id='word_1_42' title='bbox 492 785 725 840; x_wconf 81' lang='lat' dir='ltr'><strong>laborem</strong></span> <span class='ocrx_word' id='word_1_43' title='bbox 753 801 907 856; x_wconf 60' lang='lat' dir='ltr'><strong>ecquo</strong></span> <span class='ocrx_word' id='word_1_44' title='bbox 929 787 1106 839; x_wconf 87' lang='lat' dir='ltr'><strong>animo</strong></span> <span class='ocrx_word' id='word_1_45' title='bbox 1137 785 1397 840; x_wconf 89' lang='lat' dir='ltr'><strong>ferremus</strong></span> <span class='ocrx_word' id='word_1_46' title='bbox 1427 827 1440 851; x_wconf 93' lang='lat'><strong>,</strong></span> <span class='ocrx_word' id='word_1_47' title='bbox 1474 786 1517 839; x_wconf 91' lang='lat' dir='ltr'><strong>si</strong></span> <span class='ocrx_word' id='word_1_48' title='bbox 1549 799 1645 838; x_wconf 89' lang='lat' dir='ltr'><strong>nos</strong></span> 
     </span>
    </p>
   </div>
   <div class='ocr_carea' id='block_1_8' title="bbox 0 874 1645 945">
    <p class='ocr_par' dir='ltr' id='par_1_8' title="bbox 0 874 1645 945">
     <span class='ocr_line' id='line_1_8' title="bbox 0 874 1645 945; baseline 0.002 -19"><span class='ocrx_word' id='word_1_49' title='bbox 0 935 2 940; x_wconf 90' lang='lat'><em>_</em></span> <span class='ocrx_word' id='word_1_50' title='bbox 61 874 331 945; x_wconf 82' lang='lat' dir='ltr'><strong>quidpiam</strong></span> <span class='ocrx_word' id='word_1_51' title='bbox 362 875 650 945; x_wconf 81' lang='lat' dir='ltr'><strong>profecisse</strong></span> <span class='ocrx_word' id='word_1_52' title='bbox 673 878 1039 933; x_wconf 83' lang='lat' dir='ltr'><strong>cohortatione</strong></span> <span class='ocrx_word' id='word_1_53' title='bbox 1069 885 1246 932; x_wconf 88' lang='lat' dir='ltr'><strong>nostra</strong></span> <span class='ocrx_word' id='word_1_54' title='bbox 1277 877 1645 932; x_wconf 88' lang='lat' dir='ltr'><strong>didicissemus</strong></span> 
     </span>
    </p>
   </div>
   <div class='ocr_carea' id='block_1_9' title="bbox 59 965 1642 1039">
    <p class='ocr_par' dir='ltr' id='par_1_9' title="bbox 59 965 1642 1039">
     <span class='ocr_line' id='line_1_9' title="bbox 59 965 1642 1039; baseline 0.002 -22"><span class='ocrx_word' id='word_1_55' title='bbox 59 965 132 1019; x_wconf 86' lang='lat' dir='ltr'><strong>ad</strong></span> <span class='ocrx_word' id='word_1_56' title='bbox 164 967 439 1022; x_wconf 86' lang='lat' dir='ltr'><strong>utilitatem</strong></span> <span class='ocrx_word' id='word_1_57' title='bbox 468 978 699 1023; x_wconf 85' lang='lat' dir='ltr'><strong>vestram</strong></span> <span class='ocrx_word' id='word_1_58' title='bbox 743 968 1158 1039; x_wconf 88' lang='lat' dir='ltr'><strong>promovendam</strong></span> <span class='ocrx_word' id='word_1_59' title='bbox 1192 968 1337 1037; x_wconf 88' lang='lat' dir='ltr'><strong>:jam</strong></span> <span class='ocrx_word' id='word_1_60' title='bbox 1369 983 1497 1023; x_wconf 90' lang='lat' dir='ltr'><strong>vero</strong></span> <span class='ocrx_word' id='word_1_61' title='bbox 1523 982 1642 1022; x_wconf 93' lang='lat' dir='ltr'><strong>cum</strong></span> 
     </span>
    </p>
   </div>
   <div class='ocr_carea' id='block_1_10' title="bbox 1 1047 1644 1132">
    <p class='ocr_par' dir='ltr' id='par_1_10' title="bbox 1 1047 1644 1132">
     <span class='ocr_line' id='line_1_10' title="bbox 1 1047 1644 1132; baseline -0.001 -19"><span class='ocrx_word' id='word_1_62' title='bbox 1 1047 5 1113; x_wconf 69' lang='grc' dir='ltr'><strong>ί</strong></span> <span class='ocrx_word' id='word_1_63' title='bbox 64 1061 454 1130; x_wconf 86' lang='lat' dir='ltr'><strong>conspiciamus</strong></span> <span class='ocrx_word' id='word_1_64' title='bbox 481 1063 622 1132; x_wconf 91' lang='lat' dir='ltr'><strong>quod</strong></span> <span class='ocrx_word' id='word_1_65' title='bbox 650 1070 768 1132; x_wconf 91' lang='lat' dir='ltr'><strong>post</strong></span> <span class='ocrx_word' id='word_1_66' title='bbox 794 1072 896 1116; x_wconf 91' lang='lat' dir='ltr'><strong>tam</strong></span> <span class='ocrx_word' id='word_1_67' title='bbox 925 1063 1116 1116; x_wconf 91' lang='lat' dir='ltr'><strong>multas</strong></span> <span class='ocrx_word' id='word_1_68' title='bbox 1136 1061 1530 1116; x_wconf 82' lang='lat' dir='ltr'><strong>cohortatiOnes</strong></span> <span class='ocrx_word' id='word_1_69' title='bbox 1552 1074 1644 1113; x_wconf 83' lang='lat' dir='ltr'><strong>no—</strong></span> 
     </span>
    </p>
   </div>
   <div class='ocr_carea' id='block_1_11' title="bbox 61 1153 1642 1224">
    <p class='ocr_par' dir='ltr' id='par_1_11' title="bbox 61 1153 1642 1224">
     <span class='ocr_line' id='line_1_11' title="bbox 61 1153 1642 1224; baseline 0.001 -20"><span class='ocrx_word' id='word_1_70' title='bbox 61 1161 226 1219; x_wconf 76' lang='lat' dir='ltr'><strong>atras,</strong></span> <span class='ocrx_word' id='word_1_71' title='bbox 258 1163 373 1222; x_wconf 88' lang='lat' dir='ltr'><strong>post</strong></span> <span class='ocrx_word' id='word_1_72' title='bbox 399 1163 504 1208; x_wconf 90' lang='lat' dir='ltr'><strong>tam</strong></span> <span class='ocrx_word' id='word_1_73' title='bbox 535 1155 728 1208; x_wconf 89' lang='lat' dir='ltr'><strong>multas</strong></span> <span class='ocrx_word' id='word_1_74' title='bbox 756 1153 1145 1209; x_wconf 85' lang='lat' dir='ltr'><strong>admonitiones</strong></span> <span class='ocrx_word' id='word_1_75' title='bbox 1170 1167 1223 1208; x_wconf 91' lang='lat' dir='ltr'><strong>et</strong></span> <span class='ocrx_word' id='word_1_76' title='bbox 1251 1153 1642 1224; x_wconf 80' lang='lat' dir='ltr'><strong>castigationes,</strong></span> 
     </span>
    </p>
   </div>
   <div class='ocr_carea' id='block_1_12' title="bbox 62 1244 1646 1315">
    <p class='ocr_par' dir='ltr' id='par_1_12' title="bbox 62 1244 1646 1315">
     <span class='ocr_line' id='line_1_12' title="bbox 62 1244 1646 1315; baseline 0.001 -16"><span class='ocrx_word' id='word_1_77' title='bbox 62 1244 264 1315; x_wconf 85' lang='lat' dir='ltr'><strong>(neque</strong></span> <span class='ocrx_word' id='word_1_78' title='bbox 285 1247 426 1301; x_wconf 90' lang='lat' dir='ltr'><strong>enim</strong></span> <span class='ocrx_word' id='word_1_79' title='bbox 452 1248 777 1302; x_wconf 89' lang='lat' dir='ltr'><strong>cessavinms</strong></span> <span class='ocrx_word' id='word_1_80' title='bbox 797 1247 947 1302; x_wconf 86' lang='lat' dir='ltr'><strong>vobis</strong></span> <span class='ocrx_word' id='word_1_81' title='bbox 981 1246 1035 1301; x_wconf 91' lang='lat' dir='ltr'><strong>in</strong></span> <span class='ocrx_word' id='word_1_82' title='bbox 1062 1247 1373 1301; x_wconf 87' lang='lat' dir='ltr'><strong>memoriam</strong></span> <span class='ocrx_word' id='word_1_83' title='bbox 1396 1259 1646 1300; x_wconf 87' lang='lat' dir='ltr'><strong>revocare</strong></span> 
     </span>
    </p>
   </div>
   <div class='ocr_carea' id='block_1_13' title="bbox 63 1338 1640 1408">
    <p class='ocr_par' dir='ltr' id='par_1_13' title="bbox 63 1338 1640 1408">
     <span class='ocr_line' id='line_1_13' title="bbox 63 1338 1640 1408; baseline 0.001 -19"><span class='ocrx_word' id='word_1_84' title='bbox 63 1338 398 1393; x_wconf 86' lang='lat' dir='ltr'><strong>tremendum</strong></span> <span class='ocrx_word' id='word_1_85' title='bbox 444 1339 573 1394; x_wconf 89' lang='lat' dir='ltr'><strong>illud</strong></span> <span class='ocrx_word' id='word_1_86' title='bbox 606 1339 832 1393; x_wconf 90' lang='lat' dir='ltr'><strong>tribunal</strong></span> <span class='ocrx_word' id='word_1_87' title='bbox 859 1381 873 1404; x_wconf 97' lang='lat'><strong>,</strong></span> <span class='ocrx_word' id='word_1_88' title='bbox 904 1339 1235 1394; x_wconf 82' lang='lat' dir='ltr'><strong>inevitabiles</strong></span> <span class='ocrx_word' id='word_1_89' title='bbox 1275 1339 1393 1393; x_wconf 90' lang='lat' dir='ltr'><strong>illas</strong></span> <span class='ocrx_word' id='word_1_90' title='bbox 1421 1352 1604 1408; x_wconf 74' lang='lat' dir='ltr'><strong>ptenas</strong></span> <span class='ocrx_word' id='word_1_91' title='bbox 1626 1378 1640 1402; x_wconf 94' lang='lat'><strong>,</strong></span> 
     </span>
    </p>
   </div>
   <div class='ocr_carea' id='block_1_14' title="bbox 63 1425 1644 1500">
    <p class='ocr_par' dir='ltr' id='par_1_14' title="bbox 63 1425 1644 1500">
     <span class='ocr_line' id='line_1_14' title="bbox 63 1425 1644 1500; baseline 0.001 -22"><span class='ocrx_word' id='word_1_92' title='bbox 63 1425 242 1496; x_wconf 83' lang='lat' dir='ltr'><strong>ignem</strong></span> <span class='ocrx_word' id='word_1_93' title='bbox 275 1429 416 1482; x_wconf 93' lang='lat' dir='ltr'><strong>illum</strong></span> <span class='ocrx_word' id='word_1_94' title='bbox 443 1471 457 1494; x_wconf 82' lang='lat'><strong>,</strong></span> <span class='ocrx_word' id='word_1_95' title='bbox 486 1429 575 1499; x_wconf 85' lang='lat' dir='ltr'><strong>qui</strong></span> <span class='ocrx_word' id='word_1_96' title='bbox 600 1444 886 1500; x_wconf 85' lang='lat' dir='ltr'><strong>numquam</strong></span> <span class='ocrx_word' id='word_1_97' title='bbox 913 1430 1268 1500; x_wconf 83' lang='lat' dir='ltr'><strong>exstinguitur</strong></span> <span class='ocrx_word' id='word_1_98' title='bbox 1286 1471 1299 1494; x_wconf 93' lang='lat'><strong>,</strong></span> <span class='ocrx_word' id='word_1_99' title='bbox 1330 1439 1384 1484; x_wconf 92' lang='lat' dir='ltr'><strong>et</strong></span> <span class='ocrx_word' id='word_1_100' title='bbox 1410 1442 1644 1483; x_wconf 90' lang='lat' dir='ltr'><strong>vermem</strong></span> 
     </span>
    </p>
   </div>
   <div class='ocr_carea' id='block_1_15' title="bbox 65 1518 1646 1589">
    <p class='ocr_par' dir='ltr' id='par_1_15' title="bbox 65 1518 1646 1589">
     <span class='ocr_line' id='line_1_15' title="bbox 65 1518 1646 1589; baseline 0.001 -19"><span class='ocrx_word' id='word_1_101' title='bbox 65 1518 160 1586; x_wconf 85' lang='lat' dir='ltr'><strong>qui</strong></span> <span class='ocrx_word' id='word_1_102' title='bbox 187 1534 468 1589; x_wconf 88' lang='lat' dir='ltr'><strong>numquam</strong></span> <span class='ocrx_word' id='word_1_103' title='bbox 496 1521 735 1585; x_wconf 90' lang='lat' dir='ltr'><strong>moritur,</strong></span> <span class='ocrx_word' id='word_1_104' title='bbox 770 1536 954 1575; x_wconf 89' lang='lat' dir='ltr'><strong>eorum</strong></span> <span class='ocrx_word' id='word_1_105' title='bbox 981 1520 1269 1584; x_wconf 89' lang='lat' dir='ltr'><strong>nonnullis,</strong></span> <span class='ocrx_word' id='word_1_106' title='bbox 1300 1520 1388 1589; x_wconf 87' lang='lat' dir='ltr'><strong>qui</strong></span> <span class='ocrx_word' id='word_1_107' title='bbox 1411 1519 1526 1574; x_wconf 65' lang='lat' dir='ltr'><strong>haec</strong></span> <span class='ocrx_word' id='word_1_108' title='bbox 1547 1533 1646 1572; x_wconf 90' lang='lat' dir='ltr'><strong>au-</strong></span> 
     </span>
    </p>
   </div>
   <div class='ocr_carea' id='block_1_16' title="bbox 63 1607 1646 1680">
    <p class='ocr_par' dir='ltr' id='par_1_16' title="bbox 63 1607 1646 1680">
     <span class='ocr_line' id='line_1_16' title="bbox 63 1607 1646 1680; baseline 0.001 -20"><span class='ocrx_word' id='word_1_109' title='bbox 63 1607 222 1662; x_wconf 91' lang='lat' dir='ltr'><strong>diunt</strong></span> <span class='ocrx_word' id='word_1_110' title='bbox 245 1649 260 1673; x_wconf 88' lang='lat'><strong>,</strong></span> <span class='ocrx_word' id='word_1_111' title='bbox 291 1611 421 1680; x_wconf 87' lang='lat' dir='ltr'><strong>(non</strong></span> <span class='ocrx_word' id='word_1_112' title='bbox 465 1611 606 1666; x_wconf 88' lang='lat' dir='ltr'><strong>enim</strong></span> <span class='ocrx_word' id='word_1_113' title='bbox 645 1611 696 1665; x_wconf 92' lang='lat' dir='ltr'><strong>in</strong></span> <span class='ocrx_word' id='word_1_114' title='bbox 725 1627 912 1666; x_wconf 88' lang='lat' dir='ltr'><strong>omnes</strong></span> <span class='ocrx_word' id='word_1_115' title='bbox 948 1612 1262 1666; x_wconf 89' lang='lat' dir='ltr'><strong>sententiam</strong></span> <span class='ocrx_word' id='word_1_116' title='bbox 1304 1610 1452 1676; x_wconf 88' lang='lat' dir='ltr'><strong>fero,</strong></span> <span class='ocrx_word' id='word_1_117' title='bbox 1484 1609 1646 1677; x_wconf 90' lang='lat' dir='ltr'><strong>absit)</strong></span> 
     </span>
    </p>
   </div>
   <div class='ocr_carea' id='block_1_17' title="bbox 65 1699 1646 1771">
    <p class='ocr_par' dir='ltr' id='par_1_17' title="bbox 65 1699 1646 1771">
     <span class='ocr_line' id='line_1_17' title="bbox 65 1699 1646 1771; baseline 0.003 -17"><span class='ocrx_word' id='word_1_118' title='bbox 65 1699 259 1756; x_wconf 88' lang='lat' dir='ltr'><strong>horum</strong></span> <span class='ocrx_word' id='word_1_119' title='bbox 289 1704 521 1758; x_wconf 89' lang='lat' dir='ltr'><strong>omnium</strong></span> <span class='ocrx_word' id='word_1_120' title='bbox 549 1704 744 1771; x_wconf 89' lang='lat' dir='ltr'><strong>oblitis,</strong></span> <span class='ocrx_word' id='word_1_121' title='bbox 773 1720 956 1760; x_wconf 89' lang='lat' dir='ltr'><strong>rursus</strong></span> <span class='ocrx_word' id='word_1_122' title='bbox 986 1706 1059 1760; x_wconf 92' lang='lat' dir='ltr'><strong>illi</strong></span> <span class='ocrx_word' id='word_1_123' title='bbox 1085 1706 1321 1760; x_wconf 86' lang='lat' dir='ltr'><strong>satanico</strong></span> <span class='ocrx_word' id='word_1_124' title='bbox 1346 1720 1403 1760; x_wconf 90' lang='lat' dir='ltr'><strong>se</strong></span> <span class='ocrx_word' id='word_1_125' title='bbox 1423 1704 1646 1760; x_wconf 91' lang='lat' dir='ltr'><strong>Circen-</strong></span> 
     </span>
    </p>
   </div>
   <div class='ocr_carea' id='block_1_18' title="bbox 62 1795 1648 1870">
    <p class='ocr_par' dir='ltr' id='par_1_18' title="bbox 62 1795 1648 1870">
     <span class='ocr_line' id='line_1_18' title="bbox 62 1795 1648 1870; baseline 0.003 -22"><span class='ocrx_word' id='word_1_126' title='bbox 62 1795 204 1850; x_wconf 87' lang='lat' dir='ltr'><strong>sium</strong></span> <span class='ocrx_word' id='word_1_127' title='bbox 234 1798 533 1866; x_wconf 87' lang='lat' dir='ltr'><strong>spectaculo</strong></span> <span class='ocrx_word' id='word_1_128' title='bbox 558 1798 838 1864; x_wconf 84' lang='lat' dir='ltr'><strong>dederunt,</strong></span> <span class='ocrx_word' id='word_1_129' title='bbox 870 1815 974 1870; x_wconf 87' lang='lat' dir='ltr'><strong>qua</strong></span> <span class='ocrx_word' id='word_1_130' title='bbox 1002 1799 1212 1853; x_wconf 89' lang='lat' dir='ltr'><strong>tandem</strong></span> <span class='ocrx_word' id='word_1_131' title='bbox 1253 1797 1648 1868; x_wconf 82' lang='lat' dir='ltr'><strong>exspectatione</strong></span> 
     </span>
    </p>
   </div>
   <div class='ocr_carea' id='block_1_19' title="bbox 62 1886 1647 1956">
    <p class='ocr_par' dir='ltr' id='par_1_19' title="bbox 62 1886 1647 1956">
     <span class='ocr_line' id='line_1_19' title="bbox 62 1886 1647 1956; baseline 0.001 -17"><span class='ocrx_word' id='word_1_132' title='bbox 62 1886 247 1942; x_wconf 84' lang='lat' dir='ltr'><strong>laetati</strong></span> <span class='ocrx_word' id='word_1_133' title='bbox 293 1888 582 1945; x_wconf 87' lang='lat' dir='ltr'><strong>redibimus</strong></span> <span class='ocrx_word' id='word_1_134' title='bbox 629 1889 696 1944; x_wconf 91' lang='lat' dir='ltr'><strong>ad</strong></span> <span class='ocrx_word' id='word_1_135' title='bbox 735 1891 951 1946; x_wconf 89' lang='lat' dir='ltr'><strong>eosdem</strong></span> <span class='ocrx_word' id='word_1_136' title='bbox 998 1890 1247 1956; x_wconf 87' lang='lat' dir='ltr'><strong>labores,</strong></span> <span class='ocrx_word' id='word_1_137' title='bbox 1278 1898 1332 1944; x_wconf 88' lang='lat' dir='ltr'><strong>et</strong></span> <span class='ocrx_word' id='word_1_138' title='bbox 1378 1889 1514 1942; x_wconf 91' lang='lat' dir='ltr'><strong>hanc</strong></span> <span class='ocrx_word' id='word_1_139' title='bbox 1544 1888 1647 1942; x_wconf 89' lang='lat' dir='ltr'><strong>illis</strong></span> 
     </span>
    </p>
   </div>
   <div class='ocr_carea' id='block_1_20' title="bbox 60 1977 1648 2052">
    <p class='ocr_par' dir='ltr' id='par_1_20' title="bbox 60 1977 1648 2052">
     <span class='ocr_line' id='line_1_20' title="bbox 60 1977 1648 2052; baseline 0.003 -23"><span class='ocrx_word' id='word_1_140' title='bbox 60 1977 361 2033; x_wconf 86' lang='lat' dir='ltr'><strong>doctrinam</strong></span> <span class='ocrx_word' id='word_1_141' title='bbox 405 1981 733 2050; x_wconf 90' lang='lat' dir='ltr'><strong>spiritualem</strong></span> <span class='ocrx_word' id='word_1_142' title='bbox 775 1996 1101 2052; x_wconf 87' lang='lat' dir='ltr'><strong>apponemus</strong></span> <span class='ocrx_word' id='word_1_143' title='bbox 1126 2023 1140 2047; x_wconf 92' lang='lat'><strong>,</strong></span> <span class='ocrx_word' id='word_1_144' title='bbox 1167 1995 1287 2036; x_wconf 88' lang='lat' dir='ltr'><strong>cum</strong></span> <span class='ocrx_word' id='word_1_145' title='bbox 1320 1981 1523 2034; x_wconf 88' lang='lat' dir='ltr'><strong>nullum</strong></span> <span class='ocrx_word' id='word_1_146' title='bbox 1554 1994 1648 2034; x_wconf 89' lang='lat' dir='ltr'><strong>eos</strong></span> 
     </span>
    </p>
   </div>
   <div class='ocr_carea' id='block_1_21' title="bbox 62 2070 1645 2143">
    <p class='ocr_par' dir='ltr' id='par_1_21' title="bbox 62 2070 1645 2143">
     <span class='ocr_line' id='line_1_21' title="bbox 62 2070 1645 2143; baseline 0.001 -20"><span class='ocrx_word' id='word_1_147' title='bbox 62 2071 194 2126; x_wconf 90' lang='lat' dir='ltr'><strong>inde</strong></span> <span class='ocrx_word' id='word_1_148' title='bbox 224 2070 445 2126; x_wconf 87' lang='lat' dir='ltr'><strong>fructum</strong></span> <span class='ocrx_word' id='word_1_149' title='bbox 479 2074 780 2143; x_wconf 84' lang='lat' dir='ltr'><strong>percepisse</strong></span> <span class='ocrx_word' id='word_1_150' title='bbox 807 2073 1080 2128; x_wconf 80' lang='lat' dir='ltr'><strong>videamus</strong></span> <span class='ocrx_word' id='word_1_151' title='bbox 1110 2115 1124 2140; x_wconf 94' lang='lat'><strong>,</strong></span> <span class='ocrx_word' id='word_1_152' title='bbox 1157 2072 1251 2128; x_wconf 89' lang='lat' dir='ltr'><strong>sed</strong></span> <span class='ocrx_word' id='word_1_153' title='bbox 1279 2071 1645 2128; x_wconf 88' lang='lat' dir='ltr'><strong>consuetudini</strong></span> 
     </span>
    </p>
   </div>
   <div class='ocr_carea' id='block_1_22' title="bbox 59 2160 1649 2234">
    <p class='ocr_par' dir='ltr' id='par_1_22' title="bbox 59 2160 1649 2234">
     <span class='ocr_line' id='line_1_22' title="bbox 59 2160 1649 2234; baseline 0.003 -20"><span class='ocrx_word' id='word_1_154' title='bbox 59 2160 274 2216; x_wconf 88' lang='lat' dir='ltr'><strong>cuidam</strong></span> <span class='ocrx_word' id='word_1_155' title='bbox 303 2172 502 2218; x_wconf 85' lang='lat' dir='ltr'><strong>temere</strong></span> <span class='ocrx_word' id='word_1_156' title='bbox 525 2164 880 2234; x_wconf 89' lang='lat' dir='ltr'><strong>obsequentes</strong></span> <span class='ocrx_word' id='word_1_157' title='bbox 904 2179 1026 2219; x_wconf 93' lang='lat' dir='ltr'><strong>cum</strong></span> <span class='ocrx_word' id='word_1_158' title='bbox 1047 2164 1326 2234; x_wconf 89' lang='lat' dir='ltr'><strong>applausu,</strong></span> <span class='ocrx_word' id='word_1_159' title='bbox 1356 2178 1474 2232; x_wconf 72' lang='lat' dir='ltr'><strong>qua:</strong></span> <span class='ocrx_word' id='word_1_160' title='bbox 1498 2162 1649 2218; x_wconf 48' lang='lat' dir='ltr'><strong>dicee</strong></span> 
     </span>
    </p>
   </div>
   <div class='ocr_carea' id='block_1_23' title="bbox 59 2253 1646 2328">
    <p class='ocr_par' dir='ltr' id='par_1_23' title="bbox 59 2253 1646 2328">
     <span class='ocr_line' id='line_1_23' title="bbox 59 2253 1646 2328; baseline 0.002 -21"><span class='ocrx_word' id='word_1_161' title='bbox 59 2253 262 2308; x_wconf 88' lang='lat' dir='ltr'><strong>bantur</strong></span> <span class='ocrx_word' id='word_1_162' title='bbox 303 2270 334 2308; x_wconf 91' lang='lat' dir='ltr'><strong>a</strong></span> <span class='ocrx_word' id='word_1_163' title='bbox 378 2255 567 2322; x_wconf 90' lang='lat' dir='ltr'><strong>nobis,</strong></span> <span class='ocrx_word' id='word_1_164' title='bbox 591 2257 868 2326; x_wconf 80' lang='lat' dir='ltr'><strong>excepisse</strong></span> <span class='ocrx_word' id='word_1_165' title='bbox 905 2256 1162 2328; x_wconf 88' lang='lat' dir='ltr'><strong>nobisque</strong></span> <span class='ocrx_word' id='word_1_166' title='bbox 1209 2256 1646 2327; x_wconf 89' lang='lat' dir='ltr'><strong>signiﬁcationem</strong></span> 
     </span>
    </p>
   </div>
   <div class='ocr_carea' id='block_1_24' title="bbox 59 2344 1650 2417">
    <p class='ocr_par' dir='ltr' id='par_1_24' title="bbox 59 2344 1650 2417">
     <span class='ocr_line' id='line_1_24' title="bbox 59 2344 1650 2417; baseline 0.001 -19"><span class='ocrx_word' id='word_1_167' title='bbox 59 2344 283 2401; x_wconf 86' lang='lat' dir='ltr'><strong>dedisse</strong></span> <span class='ocrx_word' id='word_1_168' title='bbox 323 2345 608 2414; x_wconf 81' lang='lat' dir='ltr'><strong>voluptatis</strong></span> <span class='ocrx_word' id='word_1_169' title='bbox 634 2346 750 2416; x_wconf 85' lang='lat' dir='ltr'><strong>ejus</strong></span> <span class='ocrx_word' id='word_1_170' title='bbox 777 2363 935 2417; x_wconf 87' lang='lat' dir='ltr'><strong>quam</strong></span> <span class='ocrx_word' id='word_1_171' title='bbox 975 2362 1040 2402; x_wconf 90' lang='lat' dir='ltr'><strong>ex</strong></span> <span class='ocrx_word' id='word_1_172' title='bbox 1082 2348 1276 2401; x_wconf 92' lang='lat' dir='ltr'><strong>nostris</strong></span> <span class='ocrx_word' id='word_1_173' title='bbox 1313 2346 1650 2402; x_wconf 91' lang='lat' dir='ltr'><strong>sermonibus</strong></span> 
     </span>
    </p>
   </div>
   <div class='ocr_carea' id='block_1_25' title="bbox 58 2435 1645 2504">
    <p class='ocr_par' dir='ltr' id='par_1_25' title="bbox 58 2435 1645 2504">
     <span class='ocr_line' id='line_1_25' title="bbox 58 2435 1645 2504; baseline 0.001 -15"><span class='ocrx_word' id='word_1_174' title='bbox 58 2435 383 2504; x_wconf 86' lang='lat' dir='ltr'><strong>capiebant,</strong></span> <span class='ocrx_word' id='word_1_175' title='bbox 411 2451 475 2490; x_wconf 88' lang='lat' dir='ltr'><strong>ac</strong></span> <span class='ocrx_word' id='word_1_176' title='bbox 521 2437 713 2492; x_wconf 90' lang='lat' dir='ltr'><strong>deinde</strong></span> <span class='ocrx_word' id='word_1_177' title='bbox 761 2453 944 2493; x_wconf 90' lang='lat' dir='ltr'><strong>rursus</strong></span> <span class='ocrx_word' id='word_1_178' title='bbox 986 2438 1053 2492; x_wconf 90' lang='lat' dir='ltr'><strong>ad</strong></span> <span class='ocrx_word' id='word_1_179' title='bbox 1093 2436 1304 2493; x_wconf 90' lang='lat' dir='ltr'><strong>Circum</strong></span> <span class='ocrx_word' id='word_1_180' title='bbox 1328 2451 1606 2492; x_wconf 86' lang='lat' dir='ltr'><strong>accurrere</strong></span> <span class='ocrx_word' id='word_1_181' title='bbox 1629 2477 1645 2501; x_wconf 93' lang='lat'><strong>,</strong></span> 
     </span>
    </p>
   </div>
   <div class='ocr_carea' id='block_1_26' title="bbox 57 2528 1647 2601">
    <p class='ocr_par' dir='ltr' id='par_1_26' title="bbox 57 2528 1647 2601">
     <span class='ocr_line' id='line_1_26' title="bbox 57 2528 1647 2601; baseline 0.001 -20"><span class='ocrx_word' id='word_1_182' title='bbox 57 2528 361 2598; x_wconf 84' lang='lat' dir='ltr'><strong>majorique</strong></span> <span class='ocrx_word' id='word_1_183' title='bbox 387 2543 507 2584; x_wconf 91' lang='lat' dir='ltr'><strong>cum</strong></span> <span class='ocrx_word' id='word_1_184' title='bbox 532 2530 809 2600; x_wconf 89' lang='lat' dir='ltr'><strong>applausn,</strong></span> <span class='ocrx_word' id='word_1_185' title='bbox 832 2539 885 2586; x_wconf 91' lang='lat' dir='ltr'><strong>et</strong></span> <span class='ocrx_word' id='word_1_186' title='bbox 909 2530 1162 2586; x_wconf 83' lang='lat' dir='ltr'><strong>eﬂ‘renata</strong></span> <span class='ocrx_word' id='word_1_187' title='bbox 1189 2529 1415 2601; x_wconf 89' lang='lat' dir='ltr'><strong>quadam</strong></span> <span class='ocrx_word' id='word_1_188' title='bbox 1445 2530 1647 2585; x_wconf 90' lang='lat' dir='ltr'><strong>insania</strong></span> 
     </span>
    </p>
   </div>
   <div class='ocr_carea' id='block_1_27' title="bbox 57 2625 1647 2696">
    <p class='ocr_par' dir='ltr' id='par_1_27' title="bbox 57 2625 1647 2696">
     <span class='ocr_line' id='line_1_27' title="bbox 57 2625 1647 2696; baseline -0.001 -18"><span class='ocrx_word' id='word_1_189' title='bbox 57 2625 310 2680; x_wconf 88' lang='lat' dir='ltr'><strong>cursibus</strong></span> <span class='ocrx_word' id='word_1_190' title='bbox 337 2627 650 2696; x_wconf 81' lang='lat' dir='ltr'><strong>agitatorum</strong></span> <span class='ocrx_word' id='word_1_191' title='bbox 681 2625 857 2682; x_wconf 89' lang='lat' dir='ltr'><strong>favere</strong></span> <span class='ocrx_word' id='word_1_192' title='bbox 881 2669 896 2694; x_wconf 94' lang='lat'><strong>,</strong></span> <span class='ocrx_word' id='word_1_193' title='bbox 925 2641 1130 2681; x_wconf 89' lang='lat' dir='ltr'><strong>summa</strong></span> <span class='ocrx_word' id='word_1_194' title='bbox 1155 2625 1494 2681; x_wconf 88' lang='lat' dir='ltr'><strong>contentione</strong></span> <span class='ocrx_word' id='word_1_195' title='bbox 1528 2639 1647 2678; x_wconf 92' lang='lat' dir='ltr'><strong>cum</strong></span> 
     </span>
    </p>
   </div>
   <div class='ocr_carea' id='block_1_28' title="bbox 55 2717 1651 2789">
    <p class='ocr_par' dir='ltr' id='par_1_28' title="bbox 55 2717 1651 2789">
     <span class='ocr_line' id='line_1_28' title="bbox 55 2717 1651 2789; baseline -0.003 -14"><span class='ocrx_word' id='word_1_196' title='bbox 55 2721 171 2776; x_wconf 90' lang='lat' dir='ltr'><strong>illis</strong></span> <span class='ocrx_word' id='word_1_197' title='bbox 200 2735 520 2776; x_wconf 87' lang='lat' dir='ltr'><strong>concurrere</strong></span> <span class='ocrx_word' id='word_1_198' title='bbox 547 2762 561 2787; x_wconf 94' lang='lat'><strong>,</strong></span> <span class='ocrx_word' id='word_1_199' title='bbox 589 2729 644 2775; x_wconf 88' lang='lat' dir='ltr'><strong>et</strong></span> <span class='ocrx_word' id='word_1_200' title='bbox 688 2719 825 2774; x_wconf 89' lang='lat' dir='ltr'><strong>inter</strong></span> <span class='ocrx_word' id='word_1_201' title='bbox 861 2734 921 2775; x_wconf 91' lang='lat' dir='ltr'><strong>se</strong></span> <span class='ocrx_word' id='word_1_202' title='bbox 962 2718 1266 2789; x_wconf 88' lang='lat' dir='ltr'><strong>frequenter</strong></span> <span class='ocrx_word' id='word_1_203' title='bbox 1305 2717 1510 2772; x_wconf 88' lang='lat' dir='ltr'><strong>velitari</strong></span> <span class='ocrx_word' id='word_1_204' title='bbox 1544 2757 1559 2782; x_wconf 92' lang='lat'><strong>,</strong></span> <span class='ocrx_word' id='word_1_205' title='bbox 1587 2731 1651 2770; x_wconf 91' lang='lat' dir='ltr'><strong>ac</strong></span> 
     </span>
    </p>
   </div>
   <div class='ocr_carea' id='block_1_29' title="bbox 55 2810 1647 2883">
    <p class='ocr_par' dir='ltr' id='par_1_29' title="bbox 55 2810 1647 2883">
     <span class='ocr_line' id='line_1_29' title="bbox 55 2810 1647 2883; baseline -0.002 -17"><span class='ocrx_word' id='word_1_206' title='bbox 55 2813 268 2878; x_wconf 89' lang='lat' dir='ltr'><strong>dicere,</strong></span> <span class='ocrx_word' id='word_1_207' title='bbox 303 2828 462 2868; x_wconf 88' lang='lat' dir='ltr'><strong>unum</strong></span> <span class='ocrx_word' id='word_1_208' title='bbox 491 2812 703 2883; x_wconf 89' lang='lat' dir='ltr'><strong>quidem</strong></span> <span class='ocrx_word' id='word_1_209' title='bbox 732 2827 796 2866; x_wconf 83' lang='lat' dir='ltr'><strong>ex</strong></span> <span class='ocrx_word' id='word_1_210' title='bbox 829 2812 980 2882; x_wconf 90' lang='lat' dir='ltr'><strong>equis</strong></span> <span class='ocrx_word' id='word_1_211' title='bbox 1007 2827 1110 2866; x_wconf 89' lang='lat' dir='ltr'><strong>non</strong></span> <span class='ocrx_word' id='word_1_212' title='bbox 1141 2820 1283 2866; x_wconf 90' lang='lat' dir='ltr'><strong>recte</strong></span> <span class='ocrx_word' id='word_1_213' title='bbox 1306 2810 1604 2866; x_wconf 89' lang='lat' dir='ltr'><strong>cucurrisse</strong></span> <span class='ocrx_word' id='word_1_214' title='bbox 1633 2850 1647 2875; x_wconf 93' lang='lat'><strong>,</strong></span> 
     </span>
    </p>
   </div>
   <div class='ocr_carea' id='block_1_30' title="bbox 53 2901 1652 2974">
    <p class='ocr_par' dir='ltr' id='par_1_30' title="bbox 53 2901 1652 2974">
     <span class='ocr_line' id='line_1_30' title="bbox 53 2901 1652 2974; baseline -0.001 -16"><span class='ocrx_word' id='word_1_215' title='bbox 53 2905 296 2959; x_wconf 87' lang='lat' dir='ltr'><strong>alterum</strong></span> <span class='ocrx_word' id='word_1_216' title='bbox 327 2920 454 2959; x_wconf 89' lang='lat' dir='ltr'><strong>vero</strong></span> <span class='ocrx_word' id='word_1_217' title='bbox 483 2905 876 2974; x_wconf 89' lang='lat' dir='ltr'><strong>supplantatum</strong></span> <span class='ocrx_word' id='word_1_218' title='bbox 905 2919 1025 2958; x_wconf 89' lang='lat' dir='ltr'><strong>esse</strong></span> <span class='ocrx_word' id='word_1_219' title='bbox 1053 2904 1354 2973; x_wconf 89' lang='lat' dir='ltr'><strong>prolapsum</strong></span> <span class='ocrx_word' id='word_1_220' title='bbox 1381 2944 1396 2965; x_wconf 93' lang='lat'><strong>,</strong></span> <span class='ocrx_word' id='word_1_221' title='bbox 1429 2910 1482 2957; x_wconf 90' lang='lat' dir='ltr'><strong>et</strong></span> <span class='ocrx_word' id='word_1_222' title='bbox 1510 2901 1652 2956; x_wconf 91' lang='lat' dir='ltr'><strong>hunc</strong></span> 
     </span>
    </p>
   </div>
   <div class='ocr_carea' id='block_1_31' title="bbox 54 2996 1648 3068">
    <p class='ocr_par' dir='ltr' id='par_1_31' title="bbox 54 2996 1648 3068">
     <span class='ocr_line' id='line_1_31' title="bbox 54 2996 1648 3068; baseline 0 -18"><span class='ocrx_word' id='word_1_223' title='bbox 54 2997 284 3067; x_wconf 84' lang='lat' dir='ltr'><strong>quidem</strong></span> <span class='ocrx_word' id='word_1_224' title='bbox 328 2997 402 3052; x_wconf 93' lang='lat' dir='ltr'><strong>illi</strong></span> <span class='ocrx_word' id='word_1_225' title='bbox 434 2997 677 3068; x_wconf 79' lang='lat' dir='ltr'><strong>agitatori</strong></span> <span class='ocrx_word' id='word_1_226' title='bbox 707 3012 766 3053; x_wconf 92' lang='lat' dir='ltr'><strong>se</strong></span> <span class='ocrx_word' id='word_1_227' title='bbox 791 2997 1099 3068; x_wconf 89' lang='lat' dir='ltr'><strong>adjungere,</strong></span> <span class='ocrx_word' id='word_1_228' title='bbox 1133 2997 1277 3050; x_wconf 91' lang='lat' dir='ltr'><strong>illum</strong></span> <span class='ocrx_word' id='word_1_229' title='bbox 1300 3011 1429 3051; x_wconf 89' lang='lat' dir='ltr'><strong>vero</strong></span> <span class='ocrx_word' id='word_1_230' title='bbox 1454 2996 1606 3051; x_wconf 89' lang='lat' dir='ltr'><strong>alteri</strong></span> <span class='ocrx_word' id='word_1_231' title='bbox 1634 3038 1648 3060; x_wconf 95' lang='lat'><strong>,</strong></span> 
     </span>
    </p>
   </div>
   <div class='ocr_carea' id='block_1_32' title="bbox 54 3086 1651 3157">
    <p class='ocr_par' dir='ltr' id='par_1_32' title="bbox 54 3086 1651 3157">
     <span class='ocr_line' id='line_1_32' title="bbox 54 3086 1651 3157; baseline -0.001 -15"><span class='ocrx_word' id='word_1_232' title='bbox 54 3103 166 3143; x_wconf 89' lang='lat' dir='ltr'><strong>nec</strong></span> <span class='ocrx_word' id='word_1_233' title='bbox 196 3103 418 3157; x_wconf 87' lang='lat' dir='ltr'><strong>usquam</strong></span> <span class='ocrx_word' id='word_1_234' title='bbox 450 3103 542 3142; x_wconf 90' lang='lat' dir='ltr'><strong>eos</strong></span> <span class='ocrx_word' id='word_1_235' title='bbox 573 3096 752 3142; x_wconf 88' lang='lat' dir='ltr'><strong>mente</strong></span> <span class='ocrx_word' id='word_1_236' title='bbox 779 3103 992 3142; x_wconf 89' lang='lat' dir='ltr'><strong>versare</strong></span> <span class='ocrx_word' id='word_1_237' title='bbox 1010 3129 1024 3153; x_wconf 91' lang='lat'><strong>,</strong></span> <span class='ocrx_word' id='word_1_238' title='bbox 1052 3087 1134 3143; x_wconf 89' lang='lat' dir='ltr'><strong>vel</strong></span> <span class='ocrx_word' id='word_1_239' title='bbox 1160 3087 1428 3142; x_wconf 89' lang='lat' dir='ltr'><strong>recordari</strong></span> <span class='ocrx_word' id='word_1_240' title='bbox 1459 3086 1651 3141; x_wconf 91' lang='lat' dir='ltr'><strong>verbo-</strong></span> 
     </span>
    </p>
   </div>
   <div class='ocr_carea' id='block_1_33' title="bbox 52 3179 1654 3250">
    <p class='ocr_par' dir='ltr' id='par_1_33' title="bbox 52 3179 1654 3250">
     <span class='ocr_line' id='line_1_33' title="bbox 52 3179 1654 3250; baseline -0.001 -16"><span class='ocrx_word' id='word_1_241' title='bbox 52 3197 184 3234; x_wconf 87' lang='lat' dir='ltr'><strong>rum</strong></span> <span class='ocrx_word' id='word_1_242' title='bbox 216 3190 544 3247; x_wconf 87' lang='lat' dir='ltr'><strong>nostrorum,</strong></span> <span class='ocrx_word' id='word_1_243' title='bbox 575 3196 746 3250; x_wconf 85' lang='lat' dir='ltr'><strong>neque</strong></span> <span class='ocrx_word' id='word_1_244' title='bbox 767 3179 1118 3250; x_wconf 75' lang='lat' dir='ltr'><strong>spiritualium</strong></span> <span class='ocrx_word' id='word_1_245' title='bbox 1148 3179 1654 3248; x_wconf 89' lang='lat' dir='ltr'><strong>tremendorumque</strong></span> 
     </span>
    </p>
   </div>
   <div class='ocr_carea' id='block_1_34' title="bbox 53 3271 1655 3343">
    <p class='ocr_par' dir='ltr' id='par_1_34' title="bbox 53 3271 1655 3343">
     <span class='ocr_line' id='line_1_34' title="bbox 53 3271 1655 3343; baseline 0.001 -20"><span class='ocrx_word' id='word_1_246' title='bbox 53 3272 446 3343; x_wconf 77' lang='lat' dir='ltr'><strong>mysteriorum</strong></span> <span class='ocrx_word' id='word_1_247' title='bbox 473 3286 591 3340; x_wconf 66' lang='lat' dir='ltr'><strong>qua:</strong></span> <span class='ocrx_word' id='word_1_248' title='bbox 622 3271 707 3326; x_wconf 87' lang='lat' dir='ltr'><strong>hic</strong></span> <span class='ocrx_word' id='word_1_249' title='bbox 742 3271 1078 3326; x_wconf 89' lang='lat' dir='ltr'><strong>celebrantur</strong></span> <span class='ocrx_word' id='word_1_250' title='bbox 1099 3312 1114 3336; x_wconf 91' lang='lat'><strong>,</strong></span> <span class='ocrx_word' id='word_1_251' title='bbox 1145 3271 1238 3326; x_wconf 91' lang='lat' dir='ltr'><strong>sed</strong></span> <span class='ocrx_word' id='word_1_252' title='bbox 1273 3273 1420 3341; x_wconf 91' lang='lat' dir='ltr'><strong>quasi</strong></span> <span class='ocrx_word' id='word_1_253' title='bbox 1461 3271 1655 3325; x_wconf 91' lang='lat' dir='ltr'><strong>diaboli</strong></span> 
     </span>
    </p>
   </div>
   <div class='ocr_carea' id='block_1_35' title="bbox 53 3362 1658 3434">
    <p class='ocr_par' dir='ltr' id='par_1_35' title="bbox 53 3362 1658 3434">
     <span class='ocr_line' id='line_1_35' title="bbox 53 3362 1658 3434; baseline -0.001 -16"><span class='ocrx_word' id='word_1_254' title='bbox 53 3364 277 3434; x_wconf 78' lang='lat' dir='ltr'><strong>laqueis</strong></span> <span class='ocrx_word' id='word_1_255' title='bbox 296 3363 489 3433; x_wconf 86' lang='lat' dir='ltr'><strong>captivi</strong></span> <span class='ocrx_word' id='word_1_256' title='bbox 521 3372 817 3426; x_wconf 86' lang='lat' dir='ltr'><strong>teneantur,</strong></span> <span class='ocrx_word' id='word_1_257' title='bbox 847 3363 954 3417; x_wconf 89' lang='lat' dir='ltr'><strong>illic</strong></span> <span class='ocrx_word' id='word_1_258' title='bbox 978 3372 1116 3416; x_wconf 90' lang='lat' dir='ltr'><strong>totos</strong></span> <span class='ocrx_word' id='word_1_259' title='bbox 1137 3362 1250 3417; x_wconf 92' lang='lat' dir='ltr'><strong>dies</strong></span> <span class='ocrx_word' id='word_1_260' title='bbox 1274 3362 1571 3423; x_wconf 89' lang='lat' dir='ltr'><strong>traducere,</strong></span> <span class='ocrx_word' id='word_1_261' title='bbox 1604 3372 1658 3416; x_wconf 88' lang='lat' dir='ltr'><strong>et</strong></span> 
     </span>
    </p>
   </div>
   <div class='ocr_carea' id='block_1_36' title="bbox 50 3453 1656 3524">
    <p class='ocr_par' dir='ltr' id='par_1_36' title="bbox 50 3453 1656 3524">
     <span class='ocr_line' id='line_1_36' title="bbox 50 3453 1656 3524; baseline -0.001 -14"><span class='ocrx_word' id='word_1_262' title='bbox 50 3455 326 3510; x_wconf 85' lang='lat' dir='ltr'><strong>satanicis</strong></span> <span class='ocrx_word' id='word_1_263' title='bbox 351 3455 668 3524; x_wconf 81' lang='lat' dir='ltr'><strong>Spectaculis</strong></span> <span class='ocrx_word' id='word_1_264' title='bbox 688 3470 748 3509; x_wconf 90' lang='lat' dir='ltr'><strong>se</strong></span> <span class='ocrx_word' id='word_1_265' title='bbox 767 3453 984 3519; x_wconf 88' lang='lat' dir='ltr'><strong>dedere,</strong></span> <span class='ocrx_word' id='word_1_266' title='bbox 1017 3469 1182 3524; x_wconf 87' lang='lat' dir='ltr'><strong>seque</strong></span> <span class='ocrx_word' id='word_1_267' title='bbox 1207 3454 1406 3508; x_wconf 67' lang='lat' dir='ltr'><strong>Iudaeis</strong></span> <span class='ocrx_word' id='word_1_268' title='bbox 1431 3469 1492 3509; x_wconf 87' lang='lat' dir='ltr'><strong>ac</strong></span> <span class='ocrx_word' id='word_1_269' title='bbox 1511 3453 1656 3510; x_wconf 87' lang='lat' dir='ltr'><strong>Gen-</strong></span> 
     </span>
    </p>
   </div>
   <div class='ocr_carea' id='block_1_37' title="bbox 51 3545 1660 3617">
    <p class='ocr_par' dir='ltr' id='par_1_37' title="bbox 51 3545 1660 3617">
     <span class='ocr_line' id='line_1_37' title="bbox 51 3545 1660 3617; baseline -0.002 -14"><span class='ocrx_word' id='word_1_270' title='bbox 51 3549 256 3603; x_wconf 88' lang='lat' dir='ltr'><strong>tilibus</strong></span> <span class='ocrx_word' id='word_1_271' title='bbox 277 3547 574 3617; x_wconf 84' lang='lat' dir='ltr'><strong>opprobriis</strong></span> <span class='ocrx_word' id='word_1_272' title='bbox 598 3547 898 3602; x_wconf 89' lang='lat' dir='ltr'><strong>obruendos</strong></span> <span class='ocrx_word' id='word_1_273' title='bbox 919 3562 1205 3616; x_wconf 90' lang='lat' dir='ltr'><strong>exponere,</strong></span> <span class='ocrx_word' id='word_1_274' title='bbox 1230 3545 1438 3617; x_wconf 88' lang='lat' dir='ltr'><strong>illisque</strong></span> <span class='ocrx_word' id='word_1_275' title='bbox 1463 3547 1550 3615; x_wconf 90' lang='lat' dir='ltr'><strong>qui</strong></span> <span class='ocrx_word' id='word_1_276' title='bbox 1574 3562 1660 3601; x_wconf 85' lang='lat' dir='ltr'><strong>re-</strong></span> 
     </span>
    </p>
   </div>
   <div class='ocr_carea' id='block_1_38' title="bbox 51 3638 1031 3694">
    <p class='ocr_par' dir='ltr' id='par_1_38' title="bbox 51 3638 1031 3694">
     <span class='ocr_line' id='line_1_38' title="bbox 51 3638 1031 3694; baseline -0.002 -1"><span class='ocrx_word' id='word_1_277' title='bbox 51 3641 170 3693; x_wconf 82' lang='lat' dir='ltr'><strong>lms</strong></span> <span class='ocrx_word' id='word_1_278' title='bbox 195 3640 393 3692; x_wconf 89' lang='lat' dir='ltr'><strong>nostris</strong></span> <span class='ocrx_word' id='word_1_279' title='bbox 413 3638 675 3694; x_wconf 90' lang='lat' dir='ltr'><strong>voluerint</strong></span> <span class='ocrx_word' id='word_1_280' title='bbox 693 3638 1031 3693; x_wconf 86' lang='lat' dir='ltr'><strong>obtrectare?</strong></span> 
     </span>
    </p>
   </div>
   <div class='ocr_carea' id='block_1_39' title="bbox 143 3727 1659 3799">
    <p class='ocr_par' dir='ltr' id='par_1_39' title="bbox 143 3727 1659 3799">
     <span class='ocr_line' id='line_1_39' title="bbox 143 3727 1659 3799; baseline 0.001 -18"><span class='ocrx_word' id='word_1_281' title='bbox 143 3730 188 3781; x_wconf 83' lang='grc' dir='ltr'><em>Α</em></span> <span class='ocrx_word' id='word_1_282' title='bbox 221 3729 525 3799; x_wconf 82' lang='lat' dir='ltr'><strong>spectaculis</strong></span> <span class='ocrx_word' id='word_1_283' title='bbox 551 3728 778 3798; x_wconf 77' lang='lat' dir='ltr'><strong>profanis</strong></span> <span class='ocrx_word' id='word_1_284' title='bbox 803 3737 998 3782; x_wconf 83' lang='lat' dir='ltr'><strong>avocat.</strong></span> <span class='ocrx_word' id='word_1_285' title='bbox 1025 3759 1096 3768; x_wconf 97' lang='lat'><strong>—</strong></span> <span class='ocrx_word' id='word_1_286' title='bbox 1119 3727 1248 3795; x_wconf 85' lang='lat' dir='ltr'><strong>Quis</strong></span> <span class='ocrx_word' id='word_1_287' title='bbox 1271 3743 1418 3798; x_wconf 89' lang='lat' dir='ltr'><strong>ergo,</strong></span> <span class='ocrx_word' id='word_1_288' title='bbox 1451 3729 1659 3782; x_wconf 87' lang='lat' dir='ltr'><strong>tametsi</strong></span> 
     </span>
    </p>
   </div>
   <div class='ocr_carea' id='block_1_40' title="bbox 51 3818 1661 3891">
    <p class='ocr_par' dir='ltr' id='par_1_40' title="bbox 51 3818 1661 3891">
     <span class='ocr_line' id='line_1_40' title="bbox 51 3818 1661 3891; baseline -0.002 -15"><span class='ocrx_word' id='word_1_289' title='bbox 51 3823 240 3876; x_wconf 81' lang='lat' dir='ltr'><strong>fuerit</strong></span> <span class='ocrx_word' id='word_1_290' title='bbox 284 3822 439 3891; x_wconf 87' lang='lat' dir='ltr'><strong>plane</strong></span> <span class='ocrx_word' id='word_1_291' title='bbox 482 3835 675 3875; x_wconf 85' lang='lat' dir='ltr'><strong>saxeus</strong></span> <span class='ocrx_word' id='word_1_292' title='bbox 696 3861 710 3887; x_wconf 88' lang='lat'><strong>,</strong></span> <span class='ocrx_word' id='word_1_293' title='bbox 739 3828 832 3874; x_wconf 90' lang='lat' dir='ltr'><strong>aut</strong></span> <span class='ocrx_word' id='word_1_294' title='bbox 861 3820 1103 3886; x_wconf 84' lang='lat' dir='ltr'><strong>stupidus</strong></span> <span class='ocrx_word' id='word_1_295' title='bbox 1128 3862 1141 3882; x_wconf 97' lang='lat'><strong>,</strong></span> <span class='ocrx_word' id='word_1_296' title='bbox 1171 3820 1274 3875; x_wconf 90' lang='lat' dir='ltr'><strong>hoc</strong></span> <span class='ocrx_word' id='word_1_297' title='bbox 1316 3819 1430 3873; x_wconf 92' lang='lat' dir='ltr'><strong>sine</strong></span> <span class='ocrx_word' id='word_1_298' title='bbox 1475 3818 1661 3872; x_wconf 87' lang='lat' dir='ltr'><strong>dolore</strong></span> 
     </span>
    </p>
   </div>
   <div class='ocr_carea' id='block_1_41' title="bbox 53 3911 1660 3981">
    <p class='ocr_par' dir='ltr' id='par_1_41' title="bbox 53 3911 1660 3981">
     <span class='ocr_line' id='line_1_41' title="bbox 53 3911 1660 3981; baseline -0.004 -14"><span class='ocrx_word' id='word_1_299' title='bbox 53 3915 221 3968; x_wconf 78' lang='lat' dir='ltr'><strong>ferre</strong></span> <span class='ocrx_word' id='word_1_300' title='bbox 257 3914 443 3981; x_wconf 85' lang='lat' dir='ltr'><strong>poterit</strong></span> <span class='ocrx_word' id='word_1_301' title='bbox 469 3955 482 3976; x_wconf 92' lang='lat'><strong>,</strong></span> <span class='ocrx_word' id='word_1_302' title='bbox 515 3912 709 3967; x_wconf 89' lang='lat' dir='ltr'><strong>nedum</strong></span> <span class='ocrx_word' id='word_1_303' title='bbox 739 3927 856 3975; x_wconf 89' lang='lat' dir='ltr'><strong>nos,</strong></span> <span class='ocrx_word' id='word_1_304' title='bbox 886 3911 973 3980; x_wconf 89' lang='lat' dir='ltr'><strong>qui</strong></span> <span class='ocrx_word' id='word_1_305' title='bbox 1003 3926 1127 3980; x_wconf 86' lang='lat' dir='ltr'><strong>erga</strong></span> <span class='ocrx_word' id='word_1_306' title='bbox 1157 3923 1250 3963; x_wconf 84' lang='lat' dir='ltr'><strong>vos</strong></span> <span class='ocrx_word' id='word_1_307' title='bbox 1273 3924 1458 3964; x_wconf 89' lang='lat' dir='ltr'><strong>omnes</strong></span> <span class='ocrx_word' id='word_1_308' title='bbox 1480 3919 1660 3978; x_wconf 88' lang='lat' dir='ltr'><strong>pater-</strong></span> 
     </span>
    </p>
   </div>
   <div class='ocr_carea' id='block_1_42' title="bbox 53 4001 1661 4065">
    <p class='ocr_par' dir='ltr' id='par_1_42' title="bbox 53 4001 1661 4065">
     <span class='ocr_line' id='line_1_42' title="bbox 53 4001 1661 4065; baseline -0.004 -5"><span class='ocrx_word' id='word_1_309' title='bbox 53 4021 206 4060; x_wconf 85' lang='lat' dir='ltr'><strong>num</strong></span> <span class='ocrx_word' id='word_1_310' title='bbox 253 4003 500 4058; x_wconf 68' lang='lat' dir='ltr'><strong>allectum</strong></span> <span class='ocrx_word' id='word_1_311' title='bbox 551 4003 804 4059; x_wconf 86' lang='lat' dir='ltr'><strong>exhibere</strong></span> <span class='ocrx_word' id='word_1_312' title='bbox 856 4001 1469 4065; x_wconf 82' lang='lat' dir='ltr'><strong>contendimus?Neque</strong></span> <span class='ocrx_word' id='word_1_313' title='bbox 1521 4003 1661 4057; x_wconf 89' lang='lat' dir='ltr'><strong>enim</strong></span> 
     </span>
    </p>
   </div>
   <div class='ocr_carea' id='block_1_43' title="bbox 57 4093 1664 4164">
    <p class='ocr_par' dir='ltr' id='par_1_43' title="bbox 57 4093 1664 4164">
     <span class='ocr_line' id='line_1_43' title="bbox 57 4093 1664 4164; baseline -0.002 -13"><span class='ocrx_word' id='word_1_314' title='bbox 57 4097 182 4151; x_wconf 81' lang='lat' dir='ltr'><strong>hoc</strong></span> <span class='ocrx_word' id='word_1_315' title='bbox 231 4095 404 4148; x_wconf 88' lang='lat' dir='ltr'><strong>solum</strong></span> <span class='ocrx_word' id='word_1_316' title='bbox 453 4105 533 4149; x_wconf 89' lang='lat' dir='ltr'><strong>est</strong></span> <span class='ocrx_word' id='word_1_317' title='bbox 560 4138 576 4161; x_wconf 92' lang='lat'><strong>,</strong></span> <span class='ocrx_word' id='word_1_318' title='bbox 616 4094 757 4164; x_wconf 90' lang='lat' dir='ltr'><strong>quod</strong></span> <span class='ocrx_word' id='word_1_319' title='bbox 805 4094 957 4148; x_wconf 88' lang='lat' dir='ltr'><strong>nobis</strong></span> <span class='ocrx_word' id='word_1_320' title='bbox 997 4093 1233 4148; x_wconf 88' lang='lat' dir='ltr'><strong>dolorem</strong></span> <span class='ocrx_word' id='word_1_321' title='bbox 1279 4093 1478 4160; x_wconf 88' lang='lat' dir='ltr'><strong>inurit,</strong></span> <span class='ocrx_word' id='word_1_322' title='bbox 1523 4093 1664 4162; x_wconf 87' lang='lat' dir='ltr'><strong>quod</strong></span> 
     </span>
    </p>
   </div>
   <div class='ocr_carea' id='block_1_44' title="bbox 54 4186 1668 4252">
    <p class='ocr_par' dir='ltr' id='par_1_44' title="bbox 54 4186 1668 4252">
     <span class='ocr_line' id='line_1_44' title="bbox 54 4186 1668 4252; baseline -0.004 -6"><span class='ocrx_word' id='word_1_323' title='bbox 54 4191 326 4247; x_wconf 88' lang='lat' dir='ltr'><strong>inutilem</strong></span> <span class='ocrx_word' id='word_1_324' title='bbox 369 4199 604 4243; x_wconf 88' lang='lat' dir='ltr'><strong>nostrum</strong></span> <span class='ocrx_word' id='word_1_325' title='bbox 636 4189 870 4243; x_wconf 87' lang='lat' dir='ltr'><strong>laborem</strong></span> <span class='ocrx_word' id='word_1_326' title='bbox 916 4186 1291 4252; x_wconf 89' lang='lat' dir='ltr'><strong>reddatis,sed</strong></span> <span class='ocrx_word' id='word_1_327' title='bbox 1336 4187 1502 4240; x_wconf 83' lang='lat' dir='ltr'><strong>multo</strong></span> <span class='ocrx_word' id='word_1_328' title='bbox 1554 4201 1668 4240; x_wconf 85' lang='lat' dir='ltr'><strong>ma-</strong></span> 
     </span>
    </p>
   </div>
   <div class='ocr_carea' id='block_1_45' title="bbox 53 4278 1666 4354">
    <p class='ocr_par' dir='ltr' id='par_1_45' title="bbox 53 4278 1666 4354">
     <span class='ocr_line' id='line_1_45' title="bbox 53 4278 1666 4354; baseline -0.003 -17"><span class='ocrx_word' id='word_1_329' title='bbox 53 4285 159 4354; x_wconf 85' lang='lat' dir='ltr'><strong>gis</strong></span> <span class='ocrx_word' id='word_1_330' title='bbox 206 4282 412 4352; x_wconf 89' lang='lat' dir='ltr'><strong>tangit,</strong></span> <span class='ocrx_word' id='word_1_331' title='bbox 460 4297 584 4336; x_wconf 90' lang='lat' dir='ltr'><strong>cum</strong></span> <span class='ocrx_word' id='word_1_332' title='bbox 627 4281 781 4335; x_wconf 92' lang='lat' dir='ltr'><strong>nobis</strong></span> <span class='ocrx_word' id='word_1_333' title='bbox 827 4279 972 4334; x_wconf 88' lang='lat' dir='ltr'><strong>venit</strong></span> <span class='ocrx_word' id='word_1_334' title='bbox 1021 4280 1072 4334; x_wconf 92' lang='lat' dir='ltr'><strong>in</strong></span> <span class='ocrx_word' id='word_1_335' title='bbox 1110 4289 1342 4335; x_wconf 90' lang='lat' dir='ltr'><strong>mentem</strong></span> <span class='ocrx_word' id='word_1_336' title='bbox 1393 4293 1529 4345; x_wconf 89' lang='lat' dir='ltr'><strong>eos,</strong></span> <span class='ocrx_word' id='word_1_337' title='bbox 1576 4278 1666 4348; x_wconf 87' lang='lat' dir='ltr'><strong>qui</strong></span> 
     </span>
    </p>
   </div>
   <div class='ocr_carea' id='block_1_46' title="bbox 56 4366 1665 4444">
    <p class='ocr_par' dir='ltr' id='par_1_46' title="bbox 56 4366 1665 4444">
     <span class='ocr_line' id='line_1_46' title="bbox 56 4366 1665 4444; baseline -0.004 -13"><span class='ocrx_word' id='word_1_338' title='bbox 56 4379 197 4432; x_wconf 74' lang='lat' dir='ltr'><strong>lucc</strong></span> <span class='ocrx_word' id='word_1_339' title='bbox 234 4375 463 4440; x_wconf 88' lang='lat' dir='ltr'><strong>faciunt,</strong></span> <span class='ocrx_word' id='word_1_340' title='bbox 497 4373 798 4444; x_wconf 88' lang='lat' dir='ltr'><strong>graviorem</strong></span> <span class='ocrx_word' id='word_1_341' title='bbox 826 4373 924 4427; x_wconf 85' lang='lat' dir='ltr'><strong>sibi</strong></span> <span class='ocrx_word' id='word_1_342' title='bbox 948 4372 1339 4427; x_wconf 87' lang='lat' dir='ltr'><strong>damnationem</strong></span> <span class='ocrx_word' id='word_1_343' title='bbox 1369 4366 1665 4426; x_wconf 82' lang='lat' dir='ltr'><strong>accersere.</strong></span> 
     </span>
    </p>
   </div>
   <div class='ocr_carea' id='block_1_47' title="bbox 53 4465 1665 4534">
    <p class='ocr_par' dir='ltr' id='par_1_47' title="bbox 53 4465 1665 4534">
     <span class='ocr_line' id='line_1_47' title="bbox 53 4465 1665 4534; baseline -0.006 -8"><span class='ocrx_word' id='word_1_344' title='bbox 53 4471 189 4526; x_wconf 84' lang='lat' dir='ltr'><strong>Nos</strong></span> <span class='ocrx_word' id='word_1_345' title='bbox 215 4468 361 4524; x_wconf 88' lang='lat' dir='ltr'><strong>enim</strong></span> <span class='ocrx_word' id='word_1_346' title='bbox 389 4468 629 4523; x_wconf 90' lang='lat' dir='ltr'><strong>laborum</strong></span> <span class='ocrx_word' id='word_1_347' title='bbox 656 4465 958 4521; x_wconf 91' lang='lat' dir='ltr'><strong>mercedem</strong></span> <span class='ocrx_word' id='word_1_348' title='bbox 977 4481 1004 4518; x_wconf 91' lang='lat' dir='ltr'><strong>a</strong></span> <span class='ocrx_word' id='word_1_349' title='bbox 1025 4465 1248 4519; x_wconf 91' lang='lat' dir='ltr'><strong>Domino</strong></span> <span class='ocrx_word' id='word_1_350' title='bbox 1263 4473 1665 4534; x_wconf 84' lang='lat' dir='ltr'><strong>exspectamus:</strong></span> 
     </span>
    </p>
   </div>
   <div class='ocr_carea' id='block_1_48' title="bbox 53 4555 1668 4631">
    <p class='ocr_par' dir='ltr' id='par_1_48' title="bbox 53 4555 1668 4631">
     <span class='ocr_line' id='line_1_48' title="bbox 53 4555 1668 4631; baseline -0.003 -16"><span class='ocrx_word' id='word_1_351' title='bbox 53 4560 340 4631; x_wconf 83' lang='lat' dir='ltr'><strong>quoniam</strong></span> <span class='ocrx_word' id='word_1_352' title='bbox 368 4559 419 4614; x_wconf 88' lang='lat' dir='ltr'><strong>id</strong></span> <span class='ocrx_word' id='word_1_353' title='bbox 447 4558 586 4630; x_wconf 90' lang='lat' dir='ltr'><strong>quod</strong></span> <span class='ocrx_word' id='word_1_354' title='bbox 617 4556 785 4612; x_wconf 89' lang='lat' dir='ltr'><strong>nostri</strong></span> <span class='ocrx_word' id='word_1_355' title='bbox 811 4557 1049 4612; x_wconf 90' lang='lat' dir='ltr'><strong>muneris</strong></span> <span class='ocrx_word' id='word_1_356' title='bbox 1070 4555 1183 4619; x_wconf 90' lang='lat' dir='ltr'><strong>fuit,</strong></span> <span class='ocrx_word' id='word_1_357' title='bbox 1208 4555 1548 4625; x_wconf 79' lang='lat' dir='ltr'><strong>perfecimus,</strong></span> <span class='ocrx_word' id='word_1_358' title='bbox 1574 4569 1668 4624; x_wconf 88' lang='lat' dir='ltr'><strong>pc-</strong></span> 
     </span>
    </p>
   </div>
   <div class='ocr_carea' id='block_1_49' title="bbox 53 4645 1672 4721">
    <p class='ocr_par' dir='ltr' id='par_1_49' title="bbox 53 4645 1672 4721">
     <span class='ocr_line' id='line_1_49' title="bbox 53 4645 1672 4721; baseline -0.006 -13"><span class='ocrx_word' id='word_1_359' title='bbox 53 4653 300 4710; x_wconf 89' lang='lat' dir='ltr'><strong>cuniam</strong></span> <span class='ocrx_word' id='word_1_360' title='bbox 343 4650 692 4721; x_wconf 84' lang='lat' dir='ltr'><strong>expendimus</strong></span> <span class='ocrx_word' id='word_1_361' title='bbox 708 4689 724 4715; x_wconf 91' lang='lat'><strong>,</strong></span> <span class='ocrx_word' id='word_1_362' title='bbox 747 4659 800 4704; x_wconf 88' lang='lat' dir='ltr'><strong>et</strong></span> <span class='ocrx_word' id='word_1_363' title='bbox 828 4648 1087 4704; x_wconf 89' lang='lat' dir='ltr'><strong>creditum</strong></span> <span class='ocrx_word' id='word_1_364' title='bbox 1110 4646 1262 4702; x_wconf 89' lang='lat' dir='ltr'><strong>nobis</strong></span> <span class='ocrx_word' id='word_1_365' title='bbox 1285 4647 1533 4701; x_wconf 90' lang='lat' dir='ltr'><strong>talentum</strong></span> <span class='ocrx_word' id='word_1_366' title='bbox 1558 4645 1672 4699; x_wconf 86' lang='lat' dir='ltr'><strong>dis-</strong></span> 
     </span>
    </p>
   </div>
   <div class='ocr_carea' id='block_1_50' title="bbox 56 4741 1674 4810">
    <p class='ocr_par' dir='ltr' id='par_1_50' title="bbox 56 4741 1674 4810">
     <span class='ocr_line' id='line_1_50' title="bbox 56 4741 1674 4810; baseline -0.005 -10"><span class='ocrx_word' id='word_1_367' title='bbox 56 4743 408 4808; x_wconf 90' lang='lat' dir='ltr'><strong>tribuimus,</strong></span> <span class='ocrx_word' id='word_1_368' title='bbox 437 4741 568 4796; x_wconf 90' lang='lat' dir='ltr'><strong>nihil</strong></span> <span class='ocrx_word' id='word_1_369' title='bbox 615 4756 800 4796; x_wconf 91' lang='lat' dir='ltr'><strong>eorum</strong></span> <span class='ocrx_word' id='word_1_370' title='bbox 845 4755 962 4810; x_wconf 77' lang='lat' dir='ltr'><strong>qua:</strong></span> <span class='ocrx_word' id='word_1_371' title='bbox 1019 4749 1318 4794; x_wconf 90' lang='lat' dir='ltr'><strong>nostrarum</strong></span> <span class='ocrx_word' id='word_1_372' title='bbox 1362 4747 1516 4794; x_wconf 90' lang='lat' dir='ltr'><strong>erant</strong></span> <span class='ocrx_word' id='word_1_373' title='bbox 1553 4753 1674 4807; x_wconf 82' lang='lat' dir='ltr'><strong>par-</strong></span> 
     </span>
    </p>
   </div>
   <div class='ocr_carea' id='block_1_51' title="bbox 56 4829 1677 4903">
    <p class='ocr_par' dir='ltr' id='par_1_51' title="bbox 56 4829 1677 4903">
     <span class='ocr_line' id='line_1_51' title="bbox 56 4829 1677 4903; baseline -0.007 -10"><span class='ocrx_word' id='word_1_374' title='bbox 56 4837 216 4893; x_wconf 84' lang='lat' dir='ltr'><strong>tium</strong></span> <span class='ocrx_word' id='word_1_375' title='bbox 266 4831 736 4903; x_wconf 62' lang='lat' dir='ltr'><strong>praetermisimus;</strong></span> <span class='ocrx_word' id='word_1_376' title='bbox 767 4831 856 4901; x_wconf 91' lang='lat' dir='ltr'><strong>qui</strong></span> <span class='ocrx_word' id='word_1_377' title='bbox 885 4844 1016 4886; x_wconf 91' lang='lat' dir='ltr'><strong>vero</strong></span> <span class='ocrx_word' id='word_1_378' title='bbox 1044 4830 1346 4899; x_wconf 87' lang='lat' dir='ltr'><strong>spirituales</strong></span> <span class='ocrx_word' id='word_1_379' title='bbox 1380 4829 1474 4883; x_wconf 91' lang='lat' dir='ltr'><strong>has</strong></span> <span class='ocrx_word' id='word_1_380' title='bbox 1515 4844 1677 4899; x_wconf 90' lang='lat' dir='ltr'><strong>pecu-</strong></span> 
     </span>
    </p>
   </div>
   <div class='ocr_carea' id='block_1_52' title="bbox 54 4921 1672 4996">
    <p class='ocr_par' dir='ltr' id='par_1_52' title="bbox 54 4921 1672 4996">
     <span class='ocr_line' id='line_1_52' title="bbox 54 4921 1672 4996; baseline -0.008 -10"><span class='ocrx_word' id='word_1_381' title='bbox 54 4931 197 4986; x_wconf 87' lang='lat' dir='ltr'><strong>nias</strong></span> <span class='ocrx_word' id='word_1_382' title='bbox 215 4934 561 4996; x_wconf 88' lang='lat' dir='ltr'><strong>acceperunt,</strong></span> <span class='ocrx_word' id='word_1_383' title='bbox 575 4940 753 4995; x_wconf 91' lang='lat' dir='ltr'><strong>quam,</strong></span> <span class='ocrx_word' id='word_1_384' title='bbox 768 4922 1366 4993; x_wconf 68' lang='lat' dir='ltr'><strong>queeso,excusationem</strong></span> <span class='ocrx_word' id='word_1_385' title='bbox 1383 4921 1672 4984; x_wconf 79' lang='lat' dir='ltr'><strong>habebunt,</strong></span> 
     </span>
    </p>
   </div>
   <div class='ocr_carea' id='block_1_53' title="bbox 55 5013 1672 5088">
    <p class='ocr_par' dir='ltr' id='par_1_53' title="bbox 55 5013 1672 5088">
     <span class='ocr_line' id='line_1_53' title="bbox 55 5013 1672 5088; baseline -0.006 -14"><span class='ocrx_word' id='word_1_386' title='bbox 55 5034 249 5088; x_wconf 75' lang='lat' dir='ltr'><strong>quam</strong></span> <span class='ocrx_word' id='word_1_387' title='bbox 279 5019 510 5081; x_wconf 85' lang='lat' dir='ltr'><strong>veniam,</strong></span> <span class='ocrx_word' id='word_1_388' title='bbox 533 5031 654 5072; x_wconf 93' lang='lat' dir='ltr'><strong>cum</strong></span> <span class='ocrx_word' id='word_1_389' title='bbox 682 5029 786 5070; x_wconf 91' lang='lat' dir='ltr'><strong>non</strong></span> <span class='ocrx_word' id='word_1_390' title='bbox 816 5015 920 5068; x_wconf 66' lang='lat' dir='ltr'><strong>illae</strong></span> <span class='ocrx_word' id='word_1_391' title='bbox 944 5023 1144 5067; x_wconf 90' lang='lat' dir='ltr'><strong>tantum</strong></span> <span class='ocrx_word' id='word_1_392' title='bbox 1169 5013 1236 5066; x_wconf 89' lang='lat' dir='ltr'><strong>ab</strong></span> <span class='ocrx_word' id='word_1_393' title='bbox 1259 5013 1336 5066; x_wconf 91' lang='lat' dir='ltr'><strong>eis</strong></span> <span class='ocrx_word' id='word_1_394' title='bbox 1364 5013 1638 5082; x_wconf 77' lang='lat' dir='ltr'><strong>exigentur</strong></span> <span class='ocrx_word' id='word_1_395' title='bbox 1657 5053 1672 5075; x_wconf 93' lang='lat'><strong>,</strong></span> 
     </span>
    </p>
   </div>
   <div class='ocr_carea' id='block_1_54' title="bbox 55 5103 1678 5182">
    <p class='ocr_par' dir='ltr' id='par_1_54' title="bbox 55 5103 1678 5182">
     <span class='ocr_line' id='line_1_54' title="bbox 55 5103 1678 5182; baseline -0.009 -13"><span class='ocrx_word' id='word_1_396' title='bbox 55 5114 176 5170; x_wconf 78' lang='lat' dir='ltr'><strong>sed</strong></span> <span class='ocrx_word' id='word_1_397' title='bbox 209 5113 379 5166; x_wconf 85' lang='lat' dir='ltr'><strong>etiam</strong></span> <span class='ocrx_word' id='word_1_398' title='bbox 405 5118 642 5181; x_wconf 68' lang='lat' dir='ltr'><strong>quaestus</strong></span> <span class='ocrx_word' id='word_1_399' title='bbox 664 5107 913 5162; x_wconf 87' lang='lat' dir='ltr'><strong>illarum?</strong></span> <span class='ocrx_word' id='word_1_400' title='bbox 933 5105 1136 5182; x_wconf 78' lang='lat' dir='ltr'><strong>Quibus</strong></span> <span class='ocrx_word' id='word_1_401' title='bbox 1161 5104 1332 5159; x_wconf 90' lang='lat' dir='ltr'><strong>oculis</strong></span> <span class='ocrx_word' id='word_1_402' title='bbox 1349 5103 1580 5172; x_wconf 89' lang='lat' dir='ltr'><strong>judicem</strong></span> <span class='ocrx_word' id='word_1_403' title='bbox 1606 5105 1678 5156; x_wconf 81' lang='lat' dir='ltr'><strong>in—</strong></span> 
     </span>
    </p>
   </div>
   <div class='ocr_carea' id='block_1_55' title="bbox 63 5198 1674 5273">
    <p class='ocr_par' dir='ltr' id='par_1_55' title="bbox 63 5198 1674 5273">
     <span class='ocr_line' id='line_1_55' title="bbox 63 5198 1674 5273; baseline -0.009 -9"><span class='ocrx_word' id='word_1_404' title='bbox 63 5205 422 5264; x_wconf 80' lang='lat' dir='ltr'><strong>tuebuntur?</strong></span> <span class='ocrx_word' id='word_1_405' title='bbox 441 5205 556 5272; x_wconf 88' lang='lat' dir='ltr'><strong>Quo</strong></span> <span class='ocrx_word' id='word_1_406' title='bbox 578 5211 730 5273; x_wconf 89' lang='lat' dir='ltr'><strong>pacto</strong></span> <span class='ocrx_word' id='word_1_407' title='bbox 753 5199 1135 5256; x_wconf 87' lang='lat' dir='ltr'><strong>formidabilem</strong></span> <span class='ocrx_word' id='word_1_408' title='bbox 1156 5199 1302 5253; x_wconf 90' lang='lat' dir='ltr'><strong>illum</strong></span> <span class='ocrx_word' id='word_1_409' title='bbox 1322 5198 1461 5252; x_wconf 90' lang='lat' dir='ltr'><strong>diem</strong></span> <span class='ocrx_word' id='word_1_410' title='bbox 1483 5198 1674 5262; x_wconf 87' lang='lat' dir='ltr'><strong>ferent,</strong></span> 
     </span>
    </p>
   </div>
   <div class='ocr_carea' id='block_1_56' title="bbox 60 5289 1678 5359">
    <p class='ocr_par' dir='ltr' id='par_1_56' title="bbox 60 5289 1678 5359">
     <span class='ocr_line' id='line_1_56' title="bbox 60 5289 1678 5359; baseline -0.008 -4"><span class='ocrx_word' id='word_1_411' title='bbox 60 5296 434 5356; x_wconf 84' lang='lat' dir='ltr'><strong>intoleranda</strong></span> <span class='ocrx_word' id='word_1_412' title='bbox 483 5293 788 5350; x_wconf 87' lang='lat' dir='ltr'><strong>tormenta?</strong></span> <span class='ocrx_word' id='word_1_413' title='bbox 834 5293 970 5347; x_wconf 88' lang='lat' dir='ltr'><strong>Num</strong></span> <span class='ocrx_word' id='word_1_414' title='bbox 1023 5292 1164 5346; x_wconf 89' lang='lat' dir='ltr'><strong>enim</strong></span> <span class='ocrx_word' id='word_1_415' title='bbox 1217 5289 1286 5345; x_wconf 89' lang='lat' dir='ltr'><strong>ad</strong></span> <span class='ocrx_word' id='word_1_416' title='bbox 1335 5290 1678 5359; x_wconf 85' lang='lat' dir='ltr'><strong>ignorantiam</strong></span> 
     </span>
    </p>
   </div>
   <div class='ocr_carea' id='block_1_57' title="bbox 57 5379 1678 5458">
    <p class='ocr_par' dir='ltr' id='par_1_57' title="bbox 57 5379 1678 5458">
     <span class='ocr_line' id='line_1_57' title="bbox 57 5379 1678 5458; baseline -0.007 -13"><span class='ocrx_word' id='word_1_417' title='bbox 57 5389 387 5458; x_wconf 83' lang='lat' dir='ltr'><strong>confugere</strong></span> <span class='ocrx_word' id='word_1_418' title='bbox 426 5385 716 5456; x_wconf 86' lang='lat' dir='ltr'><strong>poterunt?</strong></span> <span class='ocrx_word' id='word_1_419' title='bbox 741 5383 989 5452; x_wconf 84' lang='lat' dir='ltr'><strong>Quotidie</strong></span> <span class='ocrx_word' id='word_1_420' title='bbox 1018 5382 1363 5437; x_wconf 84' lang='lat' dir='ltr'><strong>inclamamus</strong></span> <span class='ocrx_word' id='word_1_421' title='bbox 1382 5421 1397 5447; x_wconf 97' lang='lat'><strong>,</strong></span> <span class='ocrx_word' id='word_1_422' title='bbox 1421 5379 1678 5435; x_wconf 89' lang='lat' dir='ltr'><strong>admone-</strong></span> 
     </span>
    </p>
   </div>
   <div class='ocr_carea' id='block_1_58' title="bbox 64 5471 1680 5546">
    <p class='ocr_par' dir='ltr' id='par_1_58' title="bbox 64 5471 1680 5546">
     <span class='ocr_line' id='line_1_58' title="bbox 64 5471 1680 5546; baseline -0.009 -9"><span class='ocrx_word' id='word_1_423' title='bbox 64 5497 233 5545; x_wconf 90' lang='lat' dir='ltr'><strong>mus,</strong></span> <span class='ocrx_word' id='word_1_424' title='bbox 266 5479 632 5546; x_wconf 89' lang='lat' dir='ltr'><strong>cohortamur,</strong></span> <span class='ocrx_word' id='word_1_425' title='bbox 663 5476 862 5533; x_wconf 91' lang='lat' dir='ltr'><strong>fraudis</strong></span> <span class='ocrx_word' id='word_1_426' title='bbox 892 5473 1179 5546; x_wconf 89' lang='lat' dir='ltr'><strong>perniciem</strong></span> <span class='ocrx_word' id='word_1_427' title='bbox 1212 5471 1525 5537; x_wconf 89' lang='lat' dir='ltr'><strong>indicamus,</strong></span> <span class='ocrx_word' id='word_1_428' title='bbox 1556 5484 1680 5538; x_wconf 83' lang='lat' dir='ltr'><strong>gra-</strong></span> 
     </span>
    </p>
   </div>
   <div class='ocr_carea' id='block_1_59' title="bbox 62 5563 1681 5638">
    <p class='ocr_par' dir='ltr' id='par_1_59' title="bbox 62 5563 1681 5638">
     <span class='ocr_line' id='line_1_59' title="bbox 62 5563 1681 5638; baseline -0.009 -8"><span class='ocrx_word' id='word_1_429' title='bbox 62 5577 318 5630; x_wconf 88' lang='lat' dir='ltr'><strong>vitatem</strong></span> <span class='ocrx_word' id='word_1_430' title='bbox 345 5571 548 5638; x_wconf 89' lang='lat' dir='ltr'><strong>damni,</strong></span> <span class='ocrx_word' id='word_1_431' title='bbox 577 5569 796 5626; x_wconf 89' lang='lat' dir='ltr'><strong>satanici</strong></span> <span class='ocrx_word' id='word_1_432' title='bbox 823 5577 1119 5625; x_wconf 89' lang='lat' dir='ltr'><strong>conventus</strong></span> <span class='ocrx_word' id='word_1_433' title='bbox 1146 5563 1347 5628; x_wconf 90' lang='lat' dir='ltr'><strong>dolum,</strong></span> <span class='ocrx_word' id='word_1_434' title='bbox 1377 5575 1476 5616; x_wconf 90' lang='lat' dir='ltr'><strong>nec</strong></span> <span class='ocrx_word' id='word_1_435' title='bbox 1505 5567 1681 5615; x_wconf 90' lang='lat' dir='ltr'><strong>tamen</strong></span> 
     </span>
    </p>
   </div>
   <div class='ocr_carea' id='block_1_60' title="bbox 62 5649 1676 5737">
    <p class='ocr_par' dir='ltr' id='par_1_60' title="bbox 62 5649 1676 5737">
     <span class='ocr_line' id='line_1_60' title="bbox 62 5649 1676 5737; baseline -0.012 -11"><span class='ocrx_word' id='word_1_436' title='bbox 62 5670 156 5726; x_wconf 84' lang='lat' dir='ltr'><strong>ita</strong></span> <span class='ocrx_word' id='word_1_437' title='bbox 203 5664 483 5737; x_wconf 87' lang='lat' dir='ltr'><strong>potuimus</strong></span> <span class='ocrx_word' id='word_1_438' title='bbox 508 5675 867 5720; x_wconf 86' lang='lat' dir='ltr'><strong>commovere.</strong></span> <span class='ocrx_word' id='word_1_439' title='bbox 895 5657 1029 5728; x_wconf 82' lang='lat' dir='ltr'><strong>Quid</strong></span> <span class='ocrx_word' id='word_1_440' title='bbox 1060 5656 1179 5713; x_wconf 87' lang='lat' dir='ltr'><strong>dico</strong></span> <span class='ocrx_word' id='word_1_441' title='bbox 1212 5653 1354 5710; x_wconf 89' lang='lat' dir='ltr'><strong>diem</strong></span> <span class='ocrx_word' id='word_1_442' title='bbox 1393 5651 1537 5708; x_wconf 90' lang='lat' dir='ltr'><strong>illum</strong></span> <span class='ocrx_word' id='word_1_443' title='bbox 1566 5649 1676 5707; x_wconf 84' lang='lat' dir='ltr'><strong>lor-</strong></span> 
     </span>
    </p>
   </div>
   <div class='ocr_carea' id='block_1_61' title="bbox 1302 182 2129 272">
    <p class='ocr_par' dir='ltr' id='par_1_61' title="bbox 1302 182 2129 272">
     <span class='ocr_line' id='line_1_61' title="bbox 1302 182 2129 272; baseline -0.002 0"><span class='ocrx_word' id='word_1_444' title='bbox 1302 218 1388 272; x_wconf 77' lang='grc' dir='ltr'><strong>ΒΕ</strong></span> <span class='ocrx_word' id='word_1_445' title='bbox 1427 212 1699 271; x_wconf 71' lang='grc' dir='ltr'><strong>ιΑιΑῐιο</strong></span> <span class='ocrx_word' id='word_1_446' title='bbox 1732 182 1980 269; x_wconf 70' lang='lat' dir='ltr'><strong>concio</strong></span> <span class='ocrx_word' id='word_1_447' title='bbox 2020 213 2129 270; x_wconf 88' lang='lat' dir='ltr'><strong>vn.</strong></span> 
     </span>
    </p>
   </div>
   <div class='ocr_carea' id='block_1_62' title="bbox 3202 214 3336 269">
    <p class='ocr_par' dir='ltr' id='par_1_62' title="bbox 3202 214 3336 269">
     <span class='ocr_line' id='line_1_62' title="bbox 3202 214 3336 269; baseline 0.007 -1"><span class='ocrx_word' id='word_1_448' title='bbox 3202 214 3336 269; x_wconf 61' lang='lat' dir='ltr'><strong>illiti</strong></span> 
     </span>
    </p>
   </div>
   <div class='ocr_carea' id='block_1_63' title="bbox 1757 331 3335 402">
    <p class='ocr_par' dir='ltr' id='par_1_63' title="bbox 1757 331 3335 402">
     <span class='ocr_line' id='line_1_63' title="bbox 1757 331 3335 402; baseline 0.003 -18"><span class='ocrx_word' id='word_1_449' title='bbox 1757 331 2102 386; x_wconf 85' lang='lat' dir='ltr'><strong>midabilem?</strong></span> <span class='ocrx_word' id='word_1_450' title='bbox 2131 331 2346 386; x_wconf 81' lang='lat' dir='ltr'><strong>Interim</strong></span> <span class='ocrx_word' id='word_1_451' title='bbox 2385 331 2454 386; x_wconf 88' lang='lat' dir='ltr'><strong>de</strong></span> <span class='ocrx_word' id='word_1_452' title='bbox 2501 331 2656 402; x_wconf 82' lang='lat' dir='ltr'><strong>hujus</strong></span> <span class='ocrx_word' id='word_1_453' title='bbox 2695 331 2816 385; x_wconf 75' lang='lat' dir='ltr'><strong>vita:</strong></span> <span class='ocrx_word' id='word_1_454' title='bbox 2847 331 3006 387; x_wconf 87' lang='lat' dir='ltr'><strong>rebus</strong></span> <span class='ocrx_word' id='word_1_455' title='bbox 3035 347 3335 389; x_wconf 87' lang='lat' dir='ltr'><strong>sermonem</strong></span> 
     </span>
    </p>
   </div>
   <div class='ocr_carea' id='block_1_64' title="bbox 1755 420 3332 492">
    <p class='ocr_par' dir='ltr' id='par_1_64' title="bbox 1755 420 3332 492">
     <span class='ocr_line' id='line_1_64' title="bbox 1755 420 3332 492; baseline 0.001 -18"><span class='ocrx_word' id='word_1_456' title='bbox 1755 421 2110 475; x_wconf 90' lang='lat' dir='ltr'><strong>instituamus.</strong></span> <span class='ocrx_word' id='word_1_457' title='bbox 2143 421 2258 488; x_wconf 87' lang='lat' dir='ltr'><strong>Quo</strong></span> <span class='ocrx_word' id='word_1_458' title='bbox 2287 430 2474 491; x_wconf 73' lang='lat' dir='ltr'><strong>pacto,</strong></span> <span class='ocrx_word' id='word_1_459' title='bbox 2503 435 2716 492; x_wconf 73' lang='lat' dir='ltr'><strong>quasso,</strong></span> <span class='ocrx_word' id='word_1_460' title='bbox 2750 430 3036 490; x_wconf 89' lang='lat' dir='ltr'><strong>poterunt,</strong></span> <span class='ocrx_word' id='word_1_461' title='bbox 3071 420 3159 491; x_wconf 87' lang='lat' dir='ltr'><strong>qui</strong></span> <span class='ocrx_word' id='word_1_462' title='bbox 3189 433 3332 478; x_wconf 86' lang='lat' dir='ltr'><strong>sata-</strong></span> 
     </span>
    </p>
   </div>
   <div class='ocr_carea' id='block_1_65' title="bbox 1753 511 3331 583">
    <p class='ocr_par' dir='ltr' id='par_1_65' title="bbox 1753 511 3331 583">
     <span class='ocr_line' id='line_1_65' title="bbox 1753 511 3331 583; baseline 0.002 -17"><span class='ocrx_word' id='word_1_463' title='bbox 1753 515 1873 568; x_wconf 91' lang='lat' dir='ltr'><strong>nico</strong></span> <span class='ocrx_word' id='word_1_464' title='bbox 1903 514 1976 569; x_wconf 91' lang='lat' dir='ltr'><strong>illi</strong></span> <span class='ocrx_word' id='word_1_465' title='bbox 2007 516 2312 583; x_wconf 90' lang='lat' dir='ltr'><strong>spectaculo</strong></span> <span class='ocrx_word' id='word_1_466' title='bbox 2338 515 2623 572; x_wconf 89' lang='lat' dir='ltr'><strong>intersunt.</strong></span> <span class='ocrx_word' id='word_1_467' title='bbox 2645 511 2750 569; x_wconf 87' lang='lat' dir='ltr'><strong>huc</strong></span> <span class='ocrx_word' id='word_1_468' title='bbox 2777 514 3107 569; x_wconf 89' lang='lat' dir='ltr'><strong>conﬁdenter</strong></span> <span class='ocrx_word' id='word_1_469' title='bbox 3129 516 3331 583; x_wconf 85' lang='lat' dir='ltr'><strong>venire,</strong></span> 
     </span>
    </p>
   </div>
   <div class='ocr_carea' id='block_1_66' title="bbox 1753 605 3338 674">
    <p class='ocr_par' dir='ltr' id='par_1_66' title="bbox 1753 605 3338 674">
     <span class='ocr_line' id='line_1_66' title="bbox 1753 605 3338 674; baseline -0.001 -14"><span class='ocrx_word' id='word_1_470' title='bbox 1753 618 1872 660; x_wconf 80' lang='lat' dir='ltr'><strong>eum</strong></span> <span class='ocrx_word' id='word_1_471' title='bbox 1903 620 1962 660; x_wconf 90' lang='lat' dir='ltr'><strong>se</strong></span> <span class='ocrx_word' id='word_1_472' title='bbox 1987 605 2054 658; x_wconf 90' lang='lat' dir='ltr'><strong>ab</strong></span> <span class='ocrx_word' id='word_1_473' title='bbox 2075 605 2381 674; x_wconf 87' lang='lat' dir='ltr'><strong>insnrgentc</strong></span> <span class='ocrx_word' id='word_1_474' title='bbox 2407 621 2470 659; x_wconf 91' lang='lat' dir='ltr'><strong>ac</strong></span> <span class='ocrx_word' id='word_1_475' title='bbox 2488 605 2830 660; x_wconf 89' lang='lat' dir='ltr'><strong>vehementer</strong></span> <span class='ocrx_word' id='word_1_476' title='bbox 2852 605 3178 660; x_wconf 85' lang='lat' dir='ltr'><strong>reclamante</strong></span> <span class='ocrx_word' id='word_1_477' title='bbox 3206 620 3338 658; x_wconf 86' lang='lat' dir='ltr'><strong>con-</strong></span> 
     </span>
    </p>
   </div>
   <div class='ocr_carea' id='block_1_67' title="bbox 1752 686 3333 751">
    <p class='ocr_par' dir='ltr' id='par_1_67' title="bbox 1752 686 3333 751">
     <span class='ocr_line' id='line_1_67' title="bbox 1752 686 3333 751; baseline 0 -1"><span class='ocrx_word' id='word_1_478' title='bbox 1752 697 1973 750; x_wconf 88' lang='lat' dir='ltr'><strong>scientia</strong></span> <span class='ocrx_word' id='word_1_479' title='bbox 2009 711 2102 750; x_wconf 88' lang='lat' dir='ltr'><strong>sua</strong></span> <span class='ocrx_word' id='word_1_480' title='bbox 2128 697 2358 751; x_wconf 87' lang='lat' dir='ltr'><strong>sentiant</strong></span> <span class='ocrx_word' id='word_1_481' title='bbox 2382 696 2761 751; x_wconf 80' lang='lat' dir='ltr'><strong>condemnari?</strong></span> <span class='ocrx_word' id='word_1_482' title='bbox 2783 697 2972 750; x_wconf 87' lang='lat' dir='ltr'><strong>Annon</strong></span> <span class='ocrx_word' id='word_1_483' title='bbox 3005 697 3227 750; x_wconf 87' lang='lat' dir='ltr'><strong>attdiunt</strong></span> <span class='ocrx_word' id='word_1_484' title='bbox 3247 686 3333 751; x_wconf 87' lang='lat' dir='ltr'><strong>isti</strong></span> 
     </span>
    </p>
   </div>
   <div class='ocr_carea' id='block_1_68' title="bbox 1751 785 3331 850">
    <p class='ocr_par' dir='ltr' id='par_1_68' title="bbox 1751 785 3331 850">
     <span class='ocr_line' id='line_1_68' title="bbox 1751 785 3331 850; baseline 0 -10"><span class='ocrx_word' id='word_1_485' title='bbox 1751 787 1962 840; x_wconf 90' lang='lat' dir='ltr'><strong>beatmn</strong></span> <span class='ocrx_word' id='word_1_486' title='bbox 1993 786 2524 850; x_wconf 85' lang='lat' dir='ltr'><strong>Paulum,doctorem</strong></span> <span class='ocrx_word' id='word_1_487' title='bbox 2558 785 2703 840; x_wconf 91' lang='lat' dir='ltr'><strong>orbis</strong></span> <span class='ocrx_word' id='word_1_488' title='bbox 2731 796 2990 842; x_wconf 88' lang='lat' dir='ltr'><strong>terrarum</strong></span> <span class='ocrx_word' id='word_1_489' title='bbox 3021 788 3287 842; x_wconf 89' lang='lat' dir='ltr'><strong>dicentem</strong></span> <span class='ocrx_word' id='word_1_490' title='bbox 3317 804 3331 840; x_wconf 90' lang='lat'><strong>:</strong></span> 
     </span>
    </p>
   </div>
   <div class='ocr_carea' id='block_1_69' title="bbox 1754 877 3335 948">
    <p class='ocr_par' dir='ltr' id='par_1_69' title="bbox 1754 877 3335 948">
     <span class='ocr_line' id='line_1_69' title="bbox 1754 877 3335 948; baseline 0.001 -18"><span class='ocrx_word' id='word_1_491' title='bbox 1754 877 1880 942; x_wconf 69' lang='lat' dir='ltr'><strong>Quae</strong></span> <span class='ocrx_word' id='word_1_492' title='bbox 1904 879 2114 932; x_wconf 75' lang='lat' dir='ltr'><strong>societas</strong></span> <span class='ocrx_word' id='word_1_493' title='bbox 2143 878 2243 931; x_wconf 86' lang='lat' dir='ltr'><strong>luci</strong></span> <span class='ocrx_word' id='word_1_494' title='bbox 2278 877 2346 931; x_wconf 87' lang='lat' dir='ltr'><strong>ad</strong></span> <span class='ocrx_word' id='word_1_495' title='bbox 2388 877 2632 942; x_wconf 78' lang='lat' dir='ltr'><strong>tenebras,</strong></span> <span class='ocrx_word' id='word_1_496' title='bbox 2663 887 2748 930; x_wconf 88' lang='lat' dir='ltr'><strong>aut</strong></span> <span class='ocrx_word' id='word_1_497' title='bbox 2774 887 2885 947; x_wconf 54' lang='lat' dir='ltr'><strong>qui?</strong></span> <span class='ocrx_word' id='word_1_498' title='bbox 2909 895 3026 948; x_wconf 85' lang='lat' dir='ltr'><strong>pars</strong></span> <span class='ocrx_word' id='word_1_499' title='bbox 3057 878 3196 947; x_wconf 82' lang='lat' dir='ltr'><strong>ﬁdeli</strong></span> <span class='ocrx_word' id='word_1_500' title='bbox 3219 894 3335 932; x_wconf 82' lang='lat' dir='ltr'><strong>cum</strong></span> 
     </span>
    </p>
   </div>
   <div class='ocr_carea' id='block_1_70' title="bbox 1750 967 3332 1040">
    <p class='ocr_par' dir='ltr' id='par_1_70' title="bbox 1750 967 3332 1040">
     <span class='ocr_line' id='line_1_70' title="bbox 1750 967 3332 1040; baseline 0.002 -19"><span class='ocrx_word' id='word_1_501' title='bbox 1750 969 1945 1037; x_wconf 81' lang='lat' dir='ltr'><strong>inﬁdeli</strong></span> <span class='ocrx_word' id='word_1_502' title='bbox 1974 967 2048 1040; x_wconf 74' lang='lat'><strong>(2.</strong></span> <span class='ocrx_word' id='word_1_503' title='bbox 2078 968 2193 1023; x_wconf 81' lang='lat' dir='ltr'><strong>Cor.</strong></span> <span class='ocrx_word' id='word_1_504' title='bbox 2226 968 2260 1023; x_wconf 81' lang='grc'>6</span> <span class='ocrx_word' id='word_1_505' title='bbox 2311 969 2442 1038; x_wconf 77' lang='lat' dir='ltr'><strong>H)?</strong></span> <span class='ocrx_word' id='word_1_506' title='bbox 2467 968 2669 1036; x_wconf 85' lang='lat' dir='ltr'><strong>Quanta</strong></span> <span class='ocrx_word' id='word_1_507' title='bbox 2709 969 2850 1023; x_wconf 90' lang='lat' dir='ltr'><strong>enim</strong></span> <span class='ocrx_word' id='word_1_508' title='bbox 2883 968 3332 1024; x_wconf 86' lang='lat' dir='ltr'><strong>condcmnatione</strong></span> 
     </span>
    </p>
   </div>
   <div class='ocr_carea' id='block_1_71' title="bbox 1750 1059 3334 1130">
    <p class='ocr_par' dir='ltr' id='par_1_71' title="bbox 1750 1059 3334 1130">
     <span class='ocr_line' id='line_1_71' title="bbox 1750 1059 3334 1130; baseline 0.003 -18"><span class='ocrx_word' id='word_1_509' title='bbox 1750 1059 1963 1129; x_wconf 85' lang='lat' dir='ltr'><strong>dignum</strong></span> <span class='ocrx_word' id='word_1_510' title='bbox 2004 1060 2328 1115; x_wconf 89' lang='lat' dir='ltr'><strong>censendmn</strong></span> <span class='ocrx_word' id='word_1_511' title='bbox 2372 1070 2453 1114; x_wconf 87' lang='lat' dir='ltr'><strong>est</strong></span> <span class='ocrx_word' id='word_1_512' title='bbox 2476 1102 2489 1124; x_wconf 94' lang='lat'><strong>,</strong></span> <span class='ocrx_word' id='word_1_513' title='bbox 2517 1075 2638 1114; x_wconf 92' lang='lat' dir='ltr'><strong>cum</strong></span> <span class='ocrx_word' id='word_1_514' title='bbox 2672 1059 2872 1124; x_wconf 82' lang='lat' dir='ltr'><strong>fidelis,</strong></span> <span class='ocrx_word' id='word_1_515' title='bbox 2901 1061 2988 1130; x_wconf 91' lang='lat' dir='ltr'><strong>qui</strong></span> <span class='ocrx_word' id='word_1_516' title='bbox 3021 1076 3233 1130; x_wconf 83' lang='lat' dir='ltr'><strong>precum</strong></span> <span class='ocrx_word' id='word_1_517' title='bbox 3279 1071 3334 1116; x_wconf 86' lang='lat' dir='ltr'><strong>et</strong></span> 
     </span>
    </p>
   </div>
   <div class='ocr_carea' id='block_1_72' title="bbox 1751 1150 3331 1222">
    <p class='ocr_par' dir='ltr' id='par_1_72' title="bbox 1751 1150 3331 1222">
     <span class='ocr_line' id='line_1_72' title="bbox 1751 1150 3331 1222; baseline 0.001 -20"><span class='ocrx_word' id='word_1_518' title='bbox 1751 1151 2144 1205; x_wconf 88' lang='lat' dir='ltr'><strong>tremendormn</strong></span> <span class='ocrx_word' id='word_1_519' title='bbox 2192 1153 2562 1222; x_wconf 87' lang='lat' dir='ltr'><strong>mysteriorum</strong></span> <span class='ocrx_word' id='word_1_520' title='bbox 2595 1166 2712 1221; x_wconf 73' lang='lat' dir='ltr'><strong>qua:</strong></span> <span class='ocrx_word' id='word_1_521' title='bbox 2740 1150 2826 1204; x_wconf 90' lang='lat' dir='ltr'><strong>hic</strong></span> <span class='ocrx_word' id='word_1_522' title='bbox 2864 1151 3200 1205; x_wconf 88' lang='lat' dir='ltr'><strong>celebrantur</strong></span> <span class='ocrx_word' id='word_1_523' title='bbox 3221 1192 3235 1216; x_wconf 94' lang='lat'><strong>,</strong></span> <span class='ocrx_word' id='word_1_524' title='bbox 3269 1166 3331 1204; x_wconf 89' lang='lat' dir='ltr'><strong>ac</strong></span> 
     </span>
    </p>
   </div>
   <div class='ocr_carea' id='block_1_73' title="bbox 1750 1240 3332 1313">
    <p class='ocr_par' dir='ltr' id='par_1_73' title="bbox 1750 1240 3332 1313">
     <span class='ocr_line' id='line_1_73' title="bbox 1750 1240 3332 1313; baseline -0.001 -17"><span class='ocrx_word' id='word_1_525' title='bbox 1750 1243 2036 1309; x_wconf 88' lang='lat' dir='ltr'><strong>spiritualis</strong></span> <span class='ocrx_word' id='word_1_526' title='bbox 2078 1243 2334 1297; x_wconf 73' lang='lat' dir='ltr'><strong>doctrina:</strong></span> <span class='ocrx_word' id='word_1_527' title='bbox 2375 1244 2642 1313; x_wconf 89' lang='lat' dir='ltr'><strong>particeps</strong></span> <span class='ocrx_word' id='word_1_528' title='bbox 2681 1240 2871 1305; x_wconf 90' lang='lat' dir='ltr'><strong>fuerit,</strong></span> <span class='ocrx_word' id='word_1_529' title='bbox 2901 1250 3020 1310; x_wconf 88' lang='lat' dir='ltr'><strong>post</strong></span> <span class='ocrx_word' id='word_1_530' title='bbox 3049 1240 3204 1311; x_wconf 87' lang='lat' dir='ltr'><strong>hujus</strong></span> <span class='ocrx_word' id='word_1_531' title='bbox 3229 1242 3332 1296; x_wconf 91' lang='lat' dir='ltr'><strong>loci</strong></span> 
     </span>
    </p>
   </div>
   <div class='ocr_carea' id='block_1_74' title="bbox 1751 1333 3335 1405">
    <p class='ocr_par' dir='ltr' id='par_1_74' title="bbox 1751 1333 3335 1405">
     <span class='ocr_line' id='line_1_74' title="bbox 1751 1333 3335 1405; baseline 0.001 -17"><span class='ocrx_word' id='word_1_532' title='bbox 1751 1334 2066 1390; x_wconf 89' lang='lat' dir='ltr'><strong>sacriﬁcium</strong></span> <span class='ocrx_word' id='word_1_533' title='bbox 2094 1337 2330 1391; x_wconf 90' lang='lat' dir='ltr'><strong>satanico</strong></span> <span class='ocrx_word' id='word_1_534' title='bbox 2367 1336 2442 1390; x_wconf 90' lang='lat' dir='ltr'><strong>illi</strong></span> <span class='ocrx_word' id='word_1_535' title='bbox 2483 1336 2785 1405; x_wconf 87' lang='lat' dir='ltr'><strong>spectaculo</strong></span> <span class='ocrx_word' id='word_1_536' title='bbox 2811 1350 2930 1390; x_wconf 91' lang='lat' dir='ltr'><strong>cum</strong></span> <span class='ocrx_word' id='word_1_537' title='bbox 2970 1333 3168 1389; x_wconf 90' lang='lat' dir='ltr'><strong>inﬁdeli</strong></span> <span class='ocrx_word' id='word_1_538' title='bbox 3198 1337 3335 1389; x_wconf 85' lang='lat' dir='ltr'><strong>assi-</strong></span> 
     </span>
    </p>
   </div>
   <div class='ocr_carea' id='block_1_75' title="bbox 1751 1424 3334 1497">
    <p class='ocr_par' dir='ltr' id='par_1_75' title="bbox 1751 1424 3334 1497">
     <span class='ocr_line' id='line_1_75' title="bbox 1751 1424 3334 1497; baseline 0.002 -18"><span class='ocrx_word' id='word_1_539' title='bbox 1751 1424 1905 1493; x_wconf 89' lang='lat' dir='ltr'><strong>deat,</strong></span> <span class='ocrx_word' id='word_1_540' title='bbox 1932 1440 2052 1480; x_wconf 91' lang='lat' dir='ltr'><strong>cum</strong></span> <span class='ocrx_word' id='word_1_541' title='bbox 2090 1441 2157 1482; x_wconf 89' lang='lat' dir='ltr'><strong>eo</strong></span> <span class='ocrx_word' id='word_1_542' title='bbox 2199 1428 2286 1497; x_wconf 90' lang='lat' dir='ltr'><strong>qui</strong></span> <span class='ocrx_word' id='word_1_543' title='bbox 2335 1427 2386 1481; x_wconf 92' lang='lat' dir='ltr'><strong>in</strong></span> <span class='ocrx_word' id='word_1_544' title='bbox 2420 1427 2650 1482; x_wconf 87' lang='lat' dir='ltr'><strong>tenebris</strong></span> <span class='ocrx_word' id='word_1_545' title='bbox 2689 1427 2974 1496; x_wconf 85' lang='lat' dir='ltr'><strong>impietatis</strong></span> <span class='ocrx_word' id='word_1_546' title='bbox 3011 1427 3258 1489; x_wconf 89' lang='lat' dir='ltr'><strong>aberrat,</strong></span> <span class='ocrx_word' id='word_1_547' title='bbox 3288 1428 3334 1482; x_wconf 90' lang='lat' dir='ltr'><strong>is</strong></span> 
     </span>
    </p>
   </div>
   <div class='ocr_carea' id='block_1_76' title="bbox 1750 1516 3330 1586">
    <p class='ocr_par' dir='ltr' id='par_1_76' title="bbox 1750 1516 3330 1586">
     <span class='ocr_line' id='line_1_76' title="bbox 1750 1516 3330 1586; baseline 0.003 -18"><span class='ocrx_word' id='word_1_548' title='bbox 1750 1517 1838 1584; x_wconf 90' lang='lat' dir='ltr'><strong>qui</strong></span> <span class='ocrx_word' id='word_1_549' title='bbox 1861 1516 1987 1570; x_wconf 91' lang='lat' dir='ltr'><strong>solis</strong></span> <span class='ocrx_word' id='word_1_550' title='bbox 2006 1516 2224 1586; x_wconf 74' lang='lat' dir='ltr'><strong>justitia:</strong></span> <span class='ocrx_word' id='word_1_551' title='bbox 2245 1516 2403 1572; x_wconf 89' lang='lat' dir='ltr'><strong>fuerit</strong></span> <span class='ocrx_word' id='word_1_552' title='bbox 2429 1517 2591 1571; x_wconf 85' lang='lat' dir='ltr'><strong>radiis</strong></span> <span class='ocrx_word' id='word_1_553' title='bbox 2616 1517 2943 1571; x_wconf 86' lang='lat' dir='ltr'><strong>illustratus?</strong></span> <span class='ocrx_word' id='word_1_554' title='bbox 2969 1518 3081 1583; x_wconf 88' lang='lat' dir='ltr'><strong>Qua</strong></span> <span class='ocrx_word' id='word_1_555' title='bbox 3104 1518 3330 1580; x_wconf 88' lang='lat' dir='ltr'><strong>ratione,</strong></span> 
     </span>
    </p>
   </div>
   <div class='ocr_carea' id='block_1_77' title="bbox 1750 1607 3334 1677">
    <p class='ocr_par' dir='ltr' id='par_1_77' title="bbox 1750 1607 3334 1677">
     <span class='ocr_line' id='line_1_77' title="bbox 1750 1607 3334 1677; baseline 0.003 -19"><span class='ocrx_word' id='word_1_556' title='bbox 1750 1621 1931 1675; x_wconf 79' lang='lat' dir='ltr'><strong>qua-so</strong></span> <span class='ocrx_word' id='word_1_557' title='bbox 1951 1647 1964 1670; x_wconf 91' lang='lat'><strong>,</strong></span> <span class='ocrx_word' id='word_1_558' title='bbox 1996 1608 2247 1677; x_wconf 87' lang='lat' dir='ltr'><strong>deinceps</strong></span> <span class='ocrx_word' id='word_1_559' title='bbox 2277 1612 2566 1677; x_wconf 88' lang='lat' dir='ltr'><strong>poterimus</strong></span> <span class='ocrx_word' id='word_1_560' title='bbox 2595 1607 2890 1664; x_wconf 87' lang='lat' dir='ltr'><strong>Gentilibus</strong></span> <span class='ocrx_word' id='word_1_561' title='bbox 2919 1617 3009 1662; x_wconf 91' lang='lat' dir='ltr'><strong>aut</strong></span> <span class='ocrx_word' id='word_1_562' title='bbox 3036 1608 3234 1663; x_wconf 70' lang='lat' dir='ltr'><strong>.ludaris</strong></span> <span class='ocrx_word' id='word_1_563' title='bbox 3273 1623 3334 1662; x_wconf 89' lang='lat' dir='ltr'><strong>os</strong></span> 
     </span>
    </p>
   </div>
   <div class='ocr_carea' id='block_1_78' title="bbox 1751 1697 3330 1769">
    <p class='ocr_par' dir='ltr' id='par_1_78' title="bbox 1751 1697 3330 1769">
     <span class='ocr_line' id='line_1_78' title="bbox 1751 1697 3330 1769; baseline 0.001 -18"><span class='ocrx_word' id='word_1_564' title='bbox 1751 1697 2037 1754; x_wconf 86' lang='lat' dir='ltr'><strong>obturare?</strong></span> <span class='ocrx_word' id='word_1_565' title='bbox 2061 1700 2173 1768; x_wconf 89' lang='lat' dir='ltr'><strong>Qua</strong></span> <span class='ocrx_word' id='word_1_566' title='bbox 2205 1701 2412 1755; x_wconf 90' lang='lat' dir='ltr'><strong>ratione</strong></span> <span class='ocrx_word' id='word_1_567' title='bbox 2452 1701 2702 1754; x_wconf 90' lang='lat' dir='ltr'><strong>inducere</strong></span> <span class='ocrx_word' id='word_1_568' title='bbox 2740 1700 3030 1756; x_wconf 84' lang='lat' dir='ltr'><strong>valebimus</strong></span> <span class='ocrx_word' id='word_1_569' title='bbox 3055 1741 3068 1764; x_wconf 96' lang='lat'><strong>,</strong></span> <span class='ocrx_word' id='word_1_570' title='bbox 3098 1715 3160 1754; x_wconf 89' lang='lat' dir='ltr'><strong>ac</strong></span> <span class='ocrx_word' id='word_1_571' title='bbox 3205 1715 3330 1769; x_wconf 90' lang='lat' dir='ltr'><strong>per-</strong></span> 
     </span>
    </p>
   </div>
   <div class='ocr_carea' id='block_1_79' title="bbox 1751 1791 3332 1862">
    <p class='ocr_par' dir='ltr' id='par_1_79' title="bbox 1751 1791 3332 1862">
     <span class='ocr_line' id='line_1_79' title="bbox 1751 1791 3332 1862; baseline -0.001 -17"><span class='ocrx_word' id='word_1_572' title='bbox 1751 1791 1974 1846; x_wconf 88' lang='lat' dir='ltr'><strong>suadere</strong></span> <span class='ocrx_word' id='word_1_573' title='bbox 1998 1831 2014 1857; x_wconf 92' lang='lat'><strong>,</strong></span> <span class='ocrx_word' id='word_1_574' title='bbox 2040 1800 2096 1846; x_wconf 91' lang='lat' dir='ltr'><strong>ut</strong></span> <span class='ocrx_word' id='word_1_575' title='bbox 2120 1791 2187 1846; x_wconf 90' lang='lat' dir='ltr'><strong>ad</strong></span> <span class='ocrx_word' id='word_1_576' title='bbox 2215 1793 2422 1862; x_wconf 88' lang='lat' dir='ltr'><strong>pietatis</strong></span> <span class='ocrx_word' id='word_1_577' title='bbox 2451 1801 2626 1859; x_wconf 86' lang='lat' dir='ltr'><strong>partes</strong></span> <span class='ocrx_word' id='word_1_578' title='bbox 2648 1800 2917 1846; x_wconf 77' lang='lat' dir='ltr'><strong>transeant</strong></span> <span class='ocrx_word' id='word_1_579' title='bbox 2939 1833 2952 1854; x_wconf 94' lang='lat'><strong>,</strong></span> <span class='ocrx_word' id='word_1_580' title='bbox 2981 1806 3101 1845; x_wconf 90' lang='lat' dir='ltr'><strong>cum</strong></span> <span class='ocrx_word' id='word_1_581' title='bbox 3130 1805 3222 1845; x_wconf 91' lang='lat' dir='ltr'><strong>eos</strong></span> <span class='ocrx_word' id='word_1_582' title='bbox 3252 1791 3332 1844; x_wconf 91' lang='lat' dir='ltr'><strong>vi-</strong></span> 
     </span>
    </p>
   </div>
   <div class='ocr_carea' id='block_1_80' title="bbox 1750 1883 3333 1955">
    <p class='ocr_par' dir='ltr' id='par_1_80' title="bbox 1750 1883 3333 1955">
     <span class='ocr_line' id='line_1_80' title="bbox 1750 1883 3333 1955; baseline -0.002 -16"><span class='ocrx_word' id='word_1_583' title='bbox 1750 1884 1910 1939; x_wconf 83' lang='lat' dir='ltr'><strong>deant</strong></span> <span class='ocrx_word' id='word_1_584' title='bbox 1933 1925 1947 1950; x_wconf 92' lang='lat'><strong>,</strong></span> <span class='ocrx_word' id='word_1_585' title='bbox 1975 1884 2065 1955; x_wconf 92' lang='lat' dir='ltr'><strong>qui</strong></span> <span class='ocrx_word' id='word_1_586' title='bbox 2089 1893 2230 1940; x_wconf 89' lang='lat' dir='ltr'><strong>stant</strong></span> <span class='ocrx_word' id='word_1_587' title='bbox 2257 1901 2286 1939; x_wconf 91' lang='lat' dir='ltr'><strong>a</strong></span> <span class='ocrx_word' id='word_1_588' title='bbox 2319 1885 2470 1940; x_wconf 92' lang='lat' dir='ltr'><strong>nobis</strong></span> <span class='ocrx_word' id='word_1_589' title='bbox 2494 1926 2508 1949; x_wconf 95' lang='lat'><strong>,</strong></span> <span class='ocrx_word' id='word_1_590' title='bbox 2538 1885 2589 1940; x_wconf 92' lang='lat' dir='ltr'><strong>in</strong></span> <span class='ocrx_word' id='word_1_591' title='bbox 2621 1884 2929 1954; x_wconf 90' lang='lat' dir='ltr'><strong>perniciosis</strong></span> <span class='ocrx_word' id='word_1_592' title='bbox 2956 1884 3057 1940; x_wconf 91' lang='lat' dir='ltr'><strong>illis</strong></span> <span class='ocrx_word' id='word_1_593' title='bbox 3082 1883 3333 1952; x_wconf 90' lang='lat' dir='ltr'><strong>omnique</strong></span> 
     </span>
    </p>
   </div>
   <div class='ocr_carea' id='block_1_81' title="bbox 1750 1972 3332 2045">
    <p class='ocr_par' dir='ltr' id='par_1_81' title="bbox 1750 1972 3332 2045">
     <span class='ocr_line' id='line_1_81' title="bbox 1750 1972 3332 2045; baseline -0.001 -18"><span class='ocrx_word' id='word_1_594' title='bbox 1750 1975 1985 2029; x_wconf 88' lang='lat' dir='ltr'><strong>sordium</strong></span> <span class='ocrx_word' id='word_1_595' title='bbox 2013 1990 2206 2045; x_wconf 85' lang='lat' dir='ltr'><strong>genere</strong></span> <span class='ocrx_word' id='word_1_596' title='bbox 2229 1974 2648 2030; x_wconf 88' lang='lat' dir='ltr'><strong>redundantibus</strong></span> <span class='ocrx_word' id='word_1_597' title='bbox 2677 1974 2894 2029; x_wconf 84' lang='lat' dir='ltr'><strong>theatris</strong></span> <span class='ocrx_word' id='word_1_598' title='bbox 2913 1987 3034 2027; x_wconf 91' lang='lat' dir='ltr'><strong>cum</strong></span> <span class='ocrx_word' id='word_1_599' title='bbox 3061 1972 3164 2027; x_wconf 89' lang='lat' dir='ltr'><strong>illis</strong></span> <span class='ocrx_word' id='word_1_600' title='bbox 3184 1987 3332 2027; x_wconf 89' lang='lat' dir='ltr'><strong>com-</strong></span> 
     </span>
    </p>
   </div>
   <div class='ocr_carea' id='block_1_82' title="bbox 1751 2063 3337 2136">
    <p class='ocr_par' dir='ltr' id='par_1_82' title="bbox 1751 2063 3337 2136">
     <span class='ocr_line' id='line_1_82' title="bbox 1751 2063 3337 2136; baseline -0.003 -16"><span class='ocrx_word' id='word_1_601' title='bbox 1751 2066 1982 2120; x_wconf 90' lang='lat' dir='ltr'><strong>misceri.</strong></span> <span class='ocrx_word' id='word_1_602' title='bbox 2011 2065 2116 2120; x_wconf 89' lang='lat' dir='ltr'><strong>Cur</strong></span> <span class='ocrx_word' id='word_1_603' title='bbox 2137 2065 2276 2120; x_wconf 88' lang='lat' dir='ltr'><strong>enim</strong></span> <span class='ocrx_word' id='word_1_604' title='bbox 2302 2107 2315 2130; x_wconf 98' lang='lat'><strong>,</strong></span> <span class='ocrx_word' id='word_1_605' title='bbox 2341 2080 2551 2136; x_wconf 68' lang='lat' dir='ltr'><strong>qumso,</strong></span> <span class='ocrx_word' id='word_1_606' title='bbox 2585 2073 2858 2135; x_wconf 90' lang='lat' dir='ltr'><strong>postquam</strong></span> <span class='ocrx_word' id='word_1_607' title='bbox 2893 2065 2992 2118; x_wconf 91' lang='lat' dir='ltr'><strong>huc</strong></span> <span class='ocrx_word' id='word_1_608' title='bbox 3024 2063 3213 2117; x_wconf 87' lang='lat' dir='ltr'><strong>venisti</strong></span> <span class='ocrx_word' id='word_1_609' title='bbox 3239 2104 3253 2130; x_wconf 92' lang='lat'><strong>,</strong></span> <span class='ocrx_word' id='word_1_610' title='bbox 3282 2071 3337 2116; x_wconf 88' lang='lat' dir='ltr'><strong>et</strong></span> 
     </span>
    </p>
   </div>
   <div class='ocr_carea' id='block_1_83' title="bbox 1750 2153 3336 2226">
    <p class='ocr_par' dir='ltr' id='par_1_83' title="bbox 1750 2153 3336 2226">
     <span class='ocr_line' id='line_1_83' title="bbox 1750 2153 3336 2226; baseline -0.003 -16"><span class='ocrx_word' id='word_1_611' title='bbox 1750 2158 1986 2211; x_wconf 89' lang='lat' dir='ltr'><strong>animum</strong></span> <span class='ocrx_word' id='word_1_612' title='bbox 2024 2156 2365 2226; x_wconf 82' lang='lat' dir='ltr'><strong>expurgasti,</strong></span> <span class='ocrx_word' id='word_1_613' title='bbox 2398 2166 2736 2225; x_wconf 89' lang='lat' dir='ltr'><strong>mentemque</strong></span> <span class='ocrx_word' id='word_1_614' title='bbox 2782 2154 2847 2207; x_wconf 89' lang='lat' dir='ltr'><strong>ad</strong></span> <span class='ocrx_word' id='word_1_615' title='bbox 2896 2153 3238 2208; x_wconf 89' lang='lat' dir='ltr'><strong>sobrietatem</strong></span> <span class='ocrx_word' id='word_1_616' title='bbox 3282 2159 3336 2206; x_wconf 87' lang='lat' dir='ltr'><strong>et</strong></span> 
     </span>
    </p>
   </div>
   <div class='ocr_carea' id='block_1_84' title="bbox 1750 2246 3334 2315">
    <p class='ocr_par' dir='ltr' id='par_1_84' title="bbox 1750 2246 3334 2315">
     <span class='ocr_line' id='line_1_84' title="bbox 1750 2246 3334 2315; baseline -0.005 -11"><span class='ocrx_word' id='word_1_617' title='bbox 1750 2251 2120 2304; x_wconf 87' lang='lat' dir='ltr'><strong>contritionem</strong></span> <span class='ocrx_word' id='word_1_618' title='bbox 2169 2249 2418 2302; x_wconf 85' lang='lat' dir='ltr'><strong>induxisti</strong></span> <span class='ocrx_word' id='word_1_619' title='bbox 2452 2289 2468 2314; x_wconf 95' lang='lat'><strong>,</strong></span> <span class='ocrx_word' id='word_1_620' title='bbox 2500 2262 2682 2302; x_wconf 89' lang='lat' dir='ltr'><strong>rursus</strong></span> <span class='ocrx_word' id='word_1_621' title='bbox 2723 2247 2846 2302; x_wconf 90' lang='lat' dir='ltr'><strong>illuc</strong></span> <span class='ocrx_word' id='word_1_622' title='bbox 2897 2247 3080 2301; x_wconf 88' lang='lat' dir='ltr'><strong>abiens</strong></span> <span class='ocrx_word' id='word_1_623' title='bbox 3109 2246 3334 2315; x_wconf 89' lang='lat' dir='ltr'><strong>teipsum</strong></span> 
     </span>
    </p>
   </div>
   <div class='ocr_carea' id='block_1_85' title="bbox 1751 2336 3334 2410">
    <p class='ocr_par' dir='ltr' id='par_1_85' title="bbox 1751 2336 3334 2410">
     <span class='ocr_line' id='line_1_85' title="bbox 1751 2336 3334 2410; baseline -0.004 -14"><span class='ocrx_word' id='word_1_624' title='bbox 1751 2342 2120 2396; x_wconf 85' lang='lat' dir='ltr'><strong>contaminas?</strong></span> <span class='ocrx_word' id='word_1_625' title='bbox 2147 2340 2261 2395; x_wconf 87' lang='lat' dir='ltr'><strong>Non</strong></span> <span class='ocrx_word' id='word_1_626' title='bbox 2292 2340 2445 2394; x_wconf 89' lang='lat' dir='ltr'><strong>audis</strong></span> <span class='ocrx_word' id='word_1_627' title='bbox 2481 2340 2776 2410; x_wconf 89' lang='lat' dir='ltr'><strong>sapientem</strong></span> <span class='ocrx_word' id='word_1_628' title='bbox 2823 2337 3103 2408; x_wconf 89' lang='lat' dir='ltr'><strong>quemdam</strong></span> <span class='ocrx_word' id='word_1_629' title='bbox 3147 2336 3334 2391; x_wconf 90' lang='lat' dir='ltr'><strong>dicen-</strong></span> 
     </span>
    </p>
   </div>
   <div class='ocr_carea' id='block_1_86' title="bbox 1755 2427 3338 2501">
    <p class='ocr_par' dir='ltr' id='par_1_86' title="bbox 1755 2427 3338 2501">
     <span class='ocr_line' id='line_1_86' title="bbox 1755 2427 3338 2501; baseline -0.006 -13"><span class='ocrx_word' id='word_1_630' title='bbox 1755 2443 1860 2488; x_wconf 89' lang='lat' dir='ltr'><strong>tem</strong></span> <span class='ocrx_word' id='word_1_631' title='bbox 1885 2451 1897 2486; x_wconf 89' lang='lat'>:</span> <span class='ocrx_word' id='word_1_632' title='bbox 1926 2432 2070 2489; x_wconf 87' lang='lat' dir='ltr'><strong>Unus</strong></span> <span class='ocrx_word' id='word_1_633' title='bbox 2090 2433 2372 2501; x_wconf 76' lang='lat' dir='ltr'><strong>(edi/icans,</strong></span> <span class='ocrx_word' id='word_1_634' title='bbox 2392 2440 2437 2485; x_wconf 84' lang='lat' dir='ltr'><strong>et</strong></span> <span class='ocrx_word' id='word_1_635' title='bbox 2460 2447 2589 2485; x_wconf 87' lang='lat' dir='ltr'><strong>unus</strong></span> <span class='ocrx_word' id='word_1_636' title='bbox 2611 2430 2894 2494; x_wconf 84' lang='lat' dir='ltr'><strong>destruens,</strong></span> <span class='ocrx_word' id='word_1_637' title='bbox 2917 2429 3038 2499; x_wconf 87' lang='lat' dir='ltr'><strong>quid</strong></span> <span class='ocrx_word' id='word_1_638' title='bbox 3064 2427 3338 2499; x_wconf 79' lang='lat' dir='ltr'><strong>proﬁciunt</strong></span> 
     </span>
    </p>
   </div>
   <div class='ocr_carea' id='block_1_87' title="bbox 1750 2521 3336 2596">
    <p class='ocr_par' dir='ltr' id='par_1_87' title="bbox 1750 2521 3336 2596">
     <span class='ocr_line' id='line_1_87' title="bbox 1750 2521 3336 2596; baseline -0.005 -16"><span class='ocrx_word' id='word_1_639' title='bbox 1750 2527 1914 2592; x_wconf 86' lang='lat' dir='ltr'><strong>aliud,</strong></span> <span class='ocrx_word' id='word_1_640' title='bbox 1931 2543 2082 2596; x_wconf 85' lang='lat' dir='ltr'><strong>quam</strong></span> <span class='ocrx_word' id='word_1_641' title='bbox 2109 2525 2302 2580; x_wconf 86' lang='lat' dir='ltr'><strong>labores</strong></span> <span class='ocrx_word' id='word_1_642' title='bbox 2327 2523 2512 2594; x_wconf 80' lang='lat' dir='ltr'><strong>(Eccli.</strong></span> <span class='ocrx_word' id='word_1_643' title='bbox 2536 2525 2624 2579; x_wconf 79' lang='grc'><strong>54.</strong></span> <span class='ocrx_word' id='word_1_644' title='bbox 2651 2521 2743 2596; x_wconf 72' lang='lat'><strong>28)</strong></span> <span class='ocrx_word' id='word_1_645' title='bbox 2756 2524 2778 2576; x_wconf 89' lang='lat'><strong>?</strong></span> <span class='ocrx_word' id='word_1_646' title='bbox 2793 2523 2850 2577; x_wconf 90' lang='lat' dir='ltr'><strong>ld</strong></span> <span class='ocrx_word' id='word_1_647' title='bbox 2878 2537 3003 2577; x_wconf 91' lang='lat' dir='ltr'><strong>vero</strong></span> <span class='ocrx_word' id='word_1_648' title='bbox 3020 2536 3159 2576; x_wconf 89' lang='lat' dir='ltr'><strong>nunc</strong></span> <span class='ocrx_word' id='word_1_649' title='bbox 3177 2521 3336 2574; x_wconf 89' lang='lat' dir='ltr'><strong>etiam</strong></span> 
     </span>
    </p>
   </div>
   <div class='ocr_carea' id='block_1_88' title="bbox 1753 2612 3339 2688">
    <p class='ocr_par' dir='ltr' id='par_1_88' title="bbox 1753 2612 3339 2688">
     <span class='ocr_line' id='line_1_88' title="bbox 1753 2612 3339 2688; baseline -0.006 -14"><span class='ocrx_word' id='word_1_650' title='bbox 1753 2618 1829 2674; x_wconf 90' lang='lat' dir='ltr'><strong>ﬁt.</strong></span> <span class='ocrx_word' id='word_1_651' title='bbox 1862 2619 1992 2673; x_wconf 90' lang='lat' dir='ltr'><strong>Cum</strong></span> <span class='ocrx_word' id='word_1_652' title='bbox 2022 2620 2162 2674; x_wconf 92' lang='lat' dir='ltr'><strong>enim</strong></span> <span class='ocrx_word' id='word_1_653' title='bbox 2195 2633 2256 2672; x_wconf 88' lang='lat' dir='ltr'><strong>ea</strong></span> <span class='ocrx_word' id='word_1_654' title='bbox 2301 2632 2417 2688; x_wconf 74' lang='lat' dir='ltr'><strong>qua:</strong></span> <span class='ocrx_word' id='word_1_655' title='bbox 2451 2632 2482 2671; x_wconf 89' lang='lat' dir='ltr'><strong>a</strong></span> <span class='ocrx_word' id='word_1_656' title='bbox 2523 2617 2677 2671; x_wconf 91' lang='lat' dir='ltr'><strong>nobis</strong></span> <span class='ocrx_word' id='word_1_657' title='bbox 2719 2615 2804 2669; x_wconf 92' lang='lat' dir='ltr'><strong>hic</strong></span> <span class='ocrx_word' id='word_1_658' title='bbox 2843 2612 3102 2669; x_wconf 71' lang='lat' dir='ltr'><strong>aediﬁcata</strong></span> <span class='ocrx_word' id='word_1_659' title='bbox 3133 2613 3339 2666; x_wconf 87' lang='lat' dir='ltr'><strong>fuerant</strong></span> 
     </span>
    </p>
   </div>
   <div class='ocr_carea' id='block_1_89' title="bbox 1754 2703 3334 2784">
    <p class='ocr_par' dir='ltr' id='par_1_89' title="bbox 1754 2703 3334 2784">
     <span class='ocr_line' id='line_1_89' title="bbox 1754 2703 3334 2784; baseline -0.008 -16"><span class='ocrx_word' id='word_1_660' title='bbox 1754 2729 1848 2784; x_wconf 90' lang='lat' dir='ltr'><strong>per</strong></span> <span class='ocrx_word' id='word_1_661' title='bbox 1867 2713 2158 2768; x_wconf 89' lang='lat' dir='ltr'><strong>doctrinam</strong></span> <span class='ocrx_word' id='word_1_662' title='bbox 2182 2711 2468 2776; x_wconf 86' lang='lat' dir='ltr'><strong>assiduam,</strong></span> <span class='ocrx_word' id='word_1_663' title='bbox 2491 2719 2546 2765; x_wconf 89' lang='lat' dir='ltr'><strong>et</strong></span> <span class='ocrx_word' id='word_1_664' title='bbox 2569 2708 2894 2778; x_wconf 79' lang='lat' dir='ltr'><strong>Spiritualem</strong></span> <span class='ocrx_word' id='word_1_665' title='bbox 2926 2706 3064 2760; x_wconf 91' lang='lat' dir='ltr'><strong>hanc</strong></span> <span class='ocrx_word' id='word_1_666' title='bbox 3088 2703 3334 2759; x_wconf 89' lang='lat' dir='ltr'><strong>admoni-</strong></span> 
     </span>
    </p>
   </div>
   <div class='ocr_carea' id='block_1_90' title="bbox 1756 2794 3337 2870">
    <p class='ocr_par' dir='ltr' id='par_1_90' title="bbox 1756 2794 3337 2870">
     <span class='ocr_line' id='line_1_90' title="bbox 1756 2794 3337 2870; baseline -0.009 -9"><span class='ocrx_word' id='word_1_667' title='bbox 1756 2809 1951 2861; x_wconf 90' lang='lat' dir='ltr'><strong>tionem</strong></span> <span class='ocrx_word' id='word_1_668' title='bbox 1977 2846 1991 2870; x_wconf 90' lang='lat'><strong>,</strong></span> <span class='ocrx_word' id='word_1_669' title='bbox 2018 2803 2296 2860; x_wconf 87' lang='lat' dir='ltr'><strong>confestim</strong></span> <span class='ocrx_word' id='word_1_670' title='bbox 2332 2802 2455 2855; x_wconf 92' lang='lat' dir='ltr'><strong>illuc</strong></span> <span class='ocrx_word' id='word_1_671' title='bbox 2481 2800 2666 2855; x_wconf 84' lang='lat' dir='ltr'><strong>abiens</strong></span> <span class='ocrx_word' id='word_1_672' title='bbox 2694 2799 2871 2853; x_wconf 90' lang='lat' dir='ltr'><strong>omnia</strong></span> <span class='ocrx_word' id='word_1_673' title='bbox 2895 2797 3165 2860; x_wconf 88' lang='lat' dir='ltr'><strong>destruas,</strong></span> <span class='ocrx_word' id='word_1_674' title='bbox 3199 2803 3253 2849; x_wconf 90' lang='lat' dir='ltr'><strong>et</strong></span> <span class='ocrx_word' id='word_1_675' title='bbox 3283 2794 3337 2847; x_wconf 92' lang='lat' dir='ltr'><strong>iu</strong></span> 
     </span>
    </p>
   </div>
   <div class='ocr_carea' id='block_1_91' title="bbox 1755 2885 3340 2968">
    <p class='ocr_par' dir='ltr' id='par_1_91' title="bbox 1755 2885 3340 2968">
     <span class='ocr_line' id='line_1_91' title="bbox 1755 2885 3340 2968; baseline -0.006 -18"><span class='ocrx_word' id='word_1_676' title='bbox 1755 2898 2134 2968; x_wconf 86' lang='lat' dir='ltr'><strong>pavimentum,</strong></span> <span class='ocrx_word' id='word_1_677' title='bbox 2160 2904 2216 2949; x_wconf 91' lang='lat' dir='ltr'><strong>ut</strong></span> <span class='ocrx_word' id='word_1_678' title='bbox 2244 2896 2312 2947; x_wconf 88' lang='lat' dir='ltr'><strong>ita</strong></span> <span class='ocrx_word' id='word_1_679' title='bbox 2339 2893 2538 2963; x_wconf 89' lang='lat' dir='ltr'><strong>loquar,</strong></span> <span class='ocrx_word' id='word_1_680' title='bbox 2571 2890 2809 2960; x_wconf 90' lang='lat' dir='ltr'><strong>abjicias,</strong></span> <span class='ocrx_word' id='word_1_681' title='bbox 2832 2888 2957 2959; x_wconf 89' lang='lat' dir='ltr'><strong>quid</strong></span> <span class='ocrx_word' id='word_1_682' title='bbox 2979 2886 3130 2941; x_wconf 90' lang='lat' dir='ltr'><strong>nobis</strong></span> <span class='ocrx_word' id='word_1_683' title='bbox 3147 2885 3340 2955; x_wconf 82' lang='lat' dir='ltr'><strong>prode-</strong></span> 
     </span>
    </p>
   </div>
   <div class='ocr_carea' id='block_1_92' title="bbox 1755 2979 3337 3056">
    <p class='ocr_par' dir='ltr' id='par_1_92' title="bbox 1755 2979 3337 3056">
     <span class='ocr_line' id='line_1_92' title="bbox 1755 2979 3337 3056; baseline -0.009 -12"><span class='ocrx_word' id='word_1_684' title='bbox 1755 2991 1857 3056; x_wconf 90' lang='lat' dir='ltr'><strong>rit,</strong></span> <span class='ocrx_word' id='word_1_685' title='bbox 1886 2989 1930 3044; x_wconf 90' lang='lat' dir='ltr'><strong>si</strong></span> <span class='ocrx_word' id='word_1_686' title='bbox 1970 3001 2154 3042; x_wconf 90' lang='lat' dir='ltr'><strong>rursus</strong></span> <span class='ocrx_word' id='word_1_687' title='bbox 2195 2985 2474 3040; x_wconf 84' lang='lat' dir='ltr'><strong>aediﬁcium</strong></span> <span class='ocrx_word' id='word_1_688' title='bbox 2514 2985 2900 3047; x_wconf 90' lang='lat' dir='ltr'><strong>instauremus,</strong></span> <span class='ocrx_word' id='word_1_689' title='bbox 2928 2988 2981 3035; x_wconf 89' lang='lat' dir='ltr'><strong>et</strong></span> <span class='ocrx_word' id='word_1_690' title='bbox 3009 2994 3104 3034; x_wconf 91' lang='lat' dir='ltr'><strong>vos</strong></span> <span class='ocrx_word' id='word_1_691' title='bbox 3148 2979 3337 3032; x_wconf 85' lang='lat' dir='ltr'><strong>iterum</strong></span> 
     </span>
    </p>
   </div>
   <div class='ocr_carea' id='block_1_93' title="bbox 1756 3069 3342 3146">
    <p class='ocr_par' dir='ltr' id='par_1_93' title="bbox 1756 3069 3342 3146">
     <span class='ocr_line' id='line_1_93' title="bbox 1756 3069 3342 3146; baseline -0.007 -10"><span class='ocrx_word' id='word_1_692' title='bbox 1756 3079 2076 3136; x_wconf 88' lang='lat' dir='ltr'><strong>destruatis?</strong></span> <span class='ocrx_word' id='word_1_693' title='bbox 2099 3078 2229 3146; x_wconf 87' lang='lat' dir='ltr'><strong>Quis</strong></span> <span class='ocrx_word' id='word_1_694' title='bbox 2274 3093 2378 3131; x_wconf 91' lang='lat' dir='ltr'><strong>non</strong></span> <span class='ocrx_word' id='word_1_695' title='bbox 2429 3089 2648 3130; x_wconf 73' lang='lat' dir='ltr'><strong>summa:</strong></span> <span class='ocrx_word' id='word_1_696' title='bbox 2688 3072 2967 3128; x_wconf 69' lang='lat' dir='ltr'><strong>dementize</strong></span> <span class='ocrx_word' id='word_1_697' title='bbox 3000 3073 3100 3126; x_wconf 92' lang='lat' dir='ltr'><strong>hoc</strong></span> <span class='ocrx_word' id='word_1_698' title='bbox 3138 3069 3342 3125; x_wconf 84' lang='lat' dir='ltr'><strong>facinus</strong></span> 
     </span>
    </p>
   </div>
   <div class='ocr_carea' id='block_1_94' title="bbox 1757 3162 3341 3235">
    <p class='ocr_par' dir='ltr' id='par_1_94' title="bbox 1757 3162 3341 3235">
     <span class='ocr_line' id='line_1_94' title="bbox 1757 3162 3341 3235; baseline -0.008 -7"><span class='ocrx_word' id='word_1_699' title='bbox 1757 3173 1952 3228; x_wconf 80' lang='lat' dir='ltr'><strong>dixerit</strong></span> <span class='ocrx_word' id='word_1_700' title='bbox 1975 3187 2036 3226; x_wconf 89' lang='lat' dir='ltr'><strong>ac</strong></span> <span class='ocrx_word' id='word_1_701' title='bbox 2062 3170 2293 3224; x_wconf 81' lang='lat' dir='ltr'><strong>furoris?</strong></span> <span class='ocrx_word' id='word_1_702' title='bbox 2319 3169 2412 3223; x_wconf 90' lang='lat' dir='ltr'><strong>Die</strong></span> <span class='ocrx_word' id='word_1_703' title='bbox 2440 3167 2581 3222; x_wconf 91' lang='lat' dir='ltr'><strong>enim</strong></span> <span class='ocrx_word' id='word_1_704' title='bbox 2607 3209 2622 3233; x_wconf 91' lang='lat'><strong>,</strong></span> <span class='ocrx_word' id='word_1_705' title='bbox 2649 3179 2830 3235; x_wconf 68' lang='lat' dir='ltr'><strong>qureso</strong></span> <span class='ocrx_word' id='word_1_706' title='bbox 2850 3207 2864 3231; x_wconf 94' lang='lat'><strong>,</strong></span> <span class='ocrx_word' id='word_1_707' title='bbox 2892 3165 2936 3219; x_wconf 90' lang='lat' dir='ltr'><strong>si</strong></span> <span class='ocrx_word' id='word_1_708' title='bbox 2967 3164 3018 3217; x_wconf 93' lang='lat' dir='ltr'><strong>iu</strong></span> <span class='ocrx_word' id='word_1_709' title='bbox 3058 3162 3341 3217; x_wconf 90' lang='lat' dir='ltr'><strong>sensilibus</strong></span> 
     </span>
    </p>
   </div>
   <div class='ocr_carea' id='block_1_95' title="bbox 1759 3261 3336 3333">
    <p class='ocr_par' dir='ltr' id='par_1_95' title="bbox 1759 3261 3336 3333">
     <span class='ocr_line' id='line_1_95' title="bbox 1759 3261 3336 3333; baseline -0.007 -12"><span class='ocrx_word' id='word_1_710' title='bbox 1759 3267 1875 3322; x_wconf 89' lang='lat' dir='ltr'><strong>istis</strong></span> <span class='ocrx_word' id='word_1_711' title='bbox 1902 3266 2138 3320; x_wconf 59' lang='lat' dir='ltr'><strong>aediﬁciis</strong></span> <span class='ocrx_word' id='word_1_712' title='bbox 2158 3307 2173 3332; x_wconf 94' lang='lat'><strong>,</strong></span> <span class='ocrx_word' id='word_1_713' title='bbox 2201 3280 2318 3333; x_wconf 64' lang='lat' dir='ltr'><strong>quia</strong></span> <span class='ocrx_word' id='word_1_714' title='bbox 2338 3277 2401 3317; x_wconf 88' lang='lat' dir='ltr'><strong>ex</strong></span> <span class='ocrx_word' id='word_1_715' title='bbox 2431 3261 2692 3331; x_wconf 89' lang='lat' dir='ltr'><strong>lapidibus</strong></span> <span class='ocrx_word' id='word_1_716' title='bbox 2718 3267 3116 3322; x_wconf 90' lang='lat' dir='ltr'><strong>construuntur,</strong></span> <span class='ocrx_word' id='word_1_717' title='bbox 3147 3272 3336 3328; x_wconf 90' lang='lat' dir='ltr'><strong>quem-</strong></span> 
     </span>
    </p>
   </div>
   <div class='ocr_carea' id='block_1_96' title="bbox 1760 3347 3342 3428">
    <p class='ocr_par' dir='ltr' id='par_1_96' title="bbox 1760 3347 3342 3428">
     <span class='ocr_line' id='line_1_96' title="bbox 1760 3347 3342 3428; baseline -0.006 -19"><span class='ocrx_word' id='word_1_718' title='bbox 1760 3361 1898 3428; x_wconf 87' lang='lat' dir='ltr'><strong>piam</strong></span> <span class='ocrx_word' id='word_1_719' title='bbox 1930 3372 2176 3412; x_wconf 89' lang='lat' dir='ltr'><strong>cerueres</strong></span> <span class='ocrx_word' id='word_1_720' title='bbox 2208 3355 2310 3409; x_wconf 89' lang='lat' dir='ltr'><strong>hoc</strong></span> <span class='ocrx_word' id='word_1_721' title='bbox 2329 3361 2569 3424; x_wconf 85' lang='lat' dir='ltr'><strong>agentem</strong></span> <span class='ocrx_word' id='word_1_722' title='bbox 2596 3370 2607 3405; x_wconf 88' lang='lat'><strong>:</strong></span> <span class='ocrx_word' id='word_1_723' title='bbox 2632 3367 2807 3406; x_wconf 89' lang='lat' dir='ltr'><strong>nonne</strong></span> <span class='ocrx_word' id='word_1_724' title='bbox 2828 3365 2949 3406; x_wconf 91' lang='lat' dir='ltr'><strong>eum</strong></span> <span class='ocrx_word' id='word_1_725' title='bbox 2977 3358 3243 3419; x_wconf 84' lang='lat' dir='ltr'><strong>tamquam</strong></span> <span class='ocrx_word' id='word_1_726' title='bbox 3261 3347 3342 3400; x_wconf 86' lang='lat' dir='ltr'><strong>fu-</strong></span> 
     </span>
    </p>
   </div>
   <div class='ocr_carea' id='block_1_97' title="bbox 1761 3442 3341 3513">
    <p class='ocr_par' dir='ltr' id='par_1_97' title="bbox 1761 3442 3341 3513">
     <span class='ocr_line' id='line_1_97' title="bbox 1761 3442 3341 3513; baseline -0.008 -7"><span class='ocrx_word' id='word_1_727' title='bbox 1761 3453 1958 3506; x_wconf 89' lang='lat' dir='ltr'><strong>riosmn</strong></span> <span class='ocrx_word' id='word_1_728' title='bbox 1977 3448 2277 3513; x_wconf 83' lang='lat' dir='ltr'><strong>intuereris,</strong></span> <span class='ocrx_word' id='word_1_729' title='bbox 2297 3457 2384 3501; x_wconf 91' lang='lat' dir='ltr'><strong>aut</strong></span> <span class='ocrx_word' id='word_1_730' title='bbox 2413 3447 2603 3500; x_wconf 84' lang='lat' dir='ltr'><strong>frustra</strong></span> <span class='ocrx_word' id='word_1_731' title='bbox 2633 3445 2964 3498; x_wconf 88' lang='lat' dir='ltr'><strong>etincassum</strong></span> <span class='ocrx_word' id='word_1_732' title='bbox 2989 3442 3341 3504; x_wconf 88' lang='lat' dir='ltr'><strong>laborantem,</strong></span> 
     </span>
    </p>
   </div>
   <div class='ocr_carea' id='block_1_98' title="bbox 1760 3533 3343 3604">
    <p class='ocr_par' dir='ltr' id='par_1_98' title="bbox 1760 3533 3343 3604">
     <span class='ocr_line' id='line_1_98' title="bbox 1760 3533 3343 3604; baseline -0.008 -7"><span class='ocrx_word' id='word_1_733' title='bbox 1760 3553 1815 3597; x_wconf 92' lang='lat' dir='ltr'><strong>et</strong></span> <span class='ocrx_word' id='word_1_734' title='bbox 1852 3542 2028 3595; x_wconf 89' lang='lat' dir='ltr'><strong>omnia</strong></span> <span class='ocrx_word' id='word_1_735' title='bbox 2067 3555 2160 3594; x_wconf 89' lang='lat' dir='ltr'><strong>sua</strong></span> <span class='ocrx_word' id='word_1_736' title='bbox 2200 3539 2253 3592; x_wconf 94' lang='lat' dir='ltr'><strong>in</strong></span> <span class='ocrx_word' id='word_1_737' title='bbox 2285 3552 2371 3592; x_wconf 90' lang='lat' dir='ltr'><strong>res</strong></span> <span class='ocrx_word' id='word_1_738' title='bbox 2402 3537 2613 3590; x_wconf 88' lang='lat' dir='ltr'><strong>inutiles</strong></span> <span class='ocrx_word' id='word_1_739' title='bbox 2636 3534 3060 3604; x_wconf 88' lang='lat' dir='ltr'><strong>expendentem?</strong></span> <span class='ocrx_word' id='word_1_740' title='bbox 3089 3533 3202 3586; x_wconf 87' lang='lat' dir='ltr'><strong>Pari</strong></span> <span class='ocrx_word' id='word_1_741' title='bbox 3254 3548 3343 3586; x_wconf 84' lang='lat' dir='ltr'><strong>ra—</strong></span> 
     </span>
    </p>
   </div>
   <div class='ocr_carea' id='block_1_99' title="bbox 1765 3626 3345 3701">
    <p class='ocr_par' dir='ltr' id='par_1_99' title="bbox 1765 3626 3345 3701">
     <span class='ocr_line' id='line_1_99' title="bbox 1765 3626 3345 3701; baseline -0.008 -12"><span class='ocrx_word' id='word_1_742' title='bbox 1765 3638 1906 3689; x_wconf 89' lang='lat' dir='ltr'><strong>tione</strong></span> <span class='ocrx_word' id='word_1_743' title='bbox 1953 3634 2021 3689; x_wconf 89' lang='lat' dir='ltr'><strong>de</strong></span> <span class='ocrx_word' id='word_1_744' title='bbox 2066 3634 2167 3687; x_wconf 91' lang='lat' dir='ltr'><strong>hoc</strong></span> <span class='ocrx_word' id='word_1_745' title='bbox 2205 3629 2463 3701; x_wconf 87' lang='lat' dir='ltr'><strong>spirituali</strong></span> <span class='ocrx_word' id='word_1_746' title='bbox 2513 3627 2738 3683; x_wconf 60' lang='lat' dir='ltr'><strong>aediﬁcio</strong></span> <span class='ocrx_word' id='word_1_747' title='bbox 2784 3626 3138 3690; x_wconf 89' lang='lat' dir='ltr'><strong>ratiocinare,</strong></span> <span class='ocrx_word' id='word_1_748' title='bbox 3186 3635 3345 3694; x_wconf 86' lang='lat' dir='ltr'><strong>atque</strong></span> 
     </span>
    </p>
   </div>
   <div class='ocr_carea' id='block_1_100' title="bbox 1762 3715 3343 3787">
    <p class='ocr_par' dir='ltr' id='par_1_100' title="bbox 1762 3715 3343 3787">
     <span class='ocr_line' id='line_1_100' title="bbox 1762 3715 3343 3787; baseline -0.009 -6"><span class='ocrx_word' id='word_1_749' title='bbox 1762 3725 2001 3781; x_wconf 87' lang='lat' dir='ltr'><strong>eamdem</strong></span> <span class='ocrx_word' id='word_1_750' title='bbox 2033 3722 2112 3777; x_wconf 90' lang='lat' dir='ltr'><strong>fer</strong></span> <span class='ocrx_word' id='word_1_751' title='bbox 2135 3722 2469 3777; x_wconf 86' lang='lat' dir='ltr'><strong>sententiam.</strong></span> <span class='ocrx_word' id='word_1_752' title='bbox 2501 3718 2660 3782; x_wconf 90' lang='lat' dir='ltr'><strong>Ecce,</strong></span> <span class='ocrx_word' id='word_1_753' title='bbox 2690 3732 2785 3772; x_wconf 91' lang='lat' dir='ltr'><strong>nos</strong></span> <span class='ocrx_word' id='word_1_754' title='bbox 2811 3715 3041 3787; x_wconf 91' lang='lat' dir='ltr'><strong>quidem,</strong></span> <span class='ocrx_word' id='word_1_755' title='bbox 3067 3723 3343 3785; x_wconf 91' lang='lat' dir='ltr'><strong>postquam</strong></span> 
     </span>
    </p>
   </div>
   <div class='ocr_carea' id='block_1_101' title="bbox 1766 3805 3344 3880">
    <p class='ocr_par' dir='ltr' id='par_1_101' title="bbox 1766 3805 3344 3880">
     <span class='ocr_line' id='line_1_101' title="bbox 1766 3805 3344 3880; baseline -0.006 -10"><span class='ocrx_word' id='word_1_756' title='bbox 1766 3815 1818 3870; x_wconf 87' lang='lat' dir='ltr'><strong>id</strong></span> <span class='ocrx_word' id='word_1_757' title='bbox 1851 3815 2000 3869; x_wconf 59' lang='lat' dir='ltr'><strong>nobis</strong></span> <span class='ocrx_word' id='word_1_758' title='bbox 2024 3812 2258 3866; x_wconf 87' lang='lat' dir='ltr'><strong>muneris</strong></span> <span class='ocrx_word' id='word_1_759' title='bbox 2287 3826 2314 3864; x_wconf 91' lang='lat' dir='ltr'><strong>a</strong></span> <span class='ocrx_word' id='word_1_760' title='bbox 2344 3810 2509 3880; x_wconf 79' lang='lat' dir='ltr'><strong>gratia</strong></span> <span class='ocrx_word' id='word_1_761' title='bbox 2535 3808 2712 3862; x_wconf 89' lang='lat' dir='ltr'><strong>divina</strong></span> <span class='ocrx_word' id='word_1_762' title='bbox 2742 3807 2970 3861; x_wconf 90' lang='lat' dir='ltr'><strong>delatum</strong></span> <span class='ocrx_word' id='word_1_763' title='bbox 2997 3815 3098 3871; x_wconf 89' lang='lat' dir='ltr'><strong>est,</strong></span> <span class='ocrx_word' id='word_1_764' title='bbox 3123 3805 3344 3874; x_wconf 85' lang='lat' dir='ltr'><strong>singulis</strong></span> 
     </span>
    </p>
   </div>
   <div class='ocr_carea' id='block_1_102' title="bbox 1766 3895 3344 3973">
    <p class='ocr_par' dir='ltr' id='par_1_102' title="bbox 1766 3895 3344 3973">
     <span class='ocr_line' id='line_1_102' title="bbox 1766 3895 3344 3973; baseline -0.01 -12"><span class='ocrx_word' id='word_1_765' title='bbox 1766 3906 1954 3961; x_wconf 88' lang='lat' dir='ltr'><strong>diebus</strong></span> <span class='ocrx_word' id='word_1_766' title='bbox 1979 3902 2255 3973; x_wconf 80' lang='lat' dir='ltr'><strong>Spirituale</strong></span> <span class='ocrx_word' id='word_1_767' title='bbox 2282 3901 2382 3955; x_wconf 93' lang='lat' dir='ltr'><strong>hoc</strong></span> <span class='ocrx_word' id='word_1_768' title='bbox 2403 3899 2681 3954; x_wconf 78' lang='lat' dir='ltr'><strong>:edilicium</strong></span> <span class='ocrx_word' id='word_1_769' title='bbox 2707 3898 2756 3951; x_wconf 93' lang='lat' dir='ltr'><strong>in</strong></span> <span class='ocrx_word' id='word_1_770' title='bbox 2780 3897 2942 3950; x_wconf 89' lang='lat' dir='ltr'><strong>altum</strong></span> <span class='ocrx_word' id='word_1_771' title='bbox 2973 3895 3224 3964; x_wconf 90' lang='lat' dir='ltr'><strong>erigimus</strong></span> <span class='ocrx_word' id='word_1_772' title='bbox 3246 3935 3262 3960; x_wconf 97' lang='lat'><strong>,</strong></span> <span class='ocrx_word' id='word_1_773' title='bbox 3289 3904 3344 3948; x_wconf 91' lang='lat' dir='ltr'><strong>et</strong></span> 
     </span>
    </p>
   </div>
   <div class='ocr_carea' id='block_1_103' title="bbox 1766 3985 3350 4058">
    <p class='ocr_par' dir='ltr' id='par_1_103' title="bbox 1766 3985 3350 4058">
     <span class='ocr_line' id='line_1_103' title="bbox 1766 3985 3350 4058; baseline -0.009 -6"><span class='ocrx_word' id='word_1_774' title='bbox 1766 4012 1862 4052; x_wconf 90' lang='lat' dir='ltr'><strong>vos</strong></span> <span class='ocrx_word' id='word_1_775' title='bbox 1903 3997 1968 4049; x_wconf 87' lang='lat' dir='ltr'><strong>ad</strong></span> <span class='ocrx_word' id='word_1_776' title='bbox 2017 3994 2224 4048; x_wconf 85' lang='lat' dir='ltr'><strong>virtutis</strong></span> <span class='ocrx_word' id='word_1_777' title='bbox 2265 3990 2561 4045; x_wconf 86' lang='lat' dir='ltr'><strong>doctrinam</strong></span> <span class='ocrx_word' id='word_1_778' title='bbox 2610 3987 2900 4058; x_wconf 84' lang='lat' dir='ltr'><strong>provehere</strong></span> <span class='ocrx_word' id='word_1_779' title='bbox 2942 3985 3214 4040; x_wconf 79' lang='lat' dir='ltr'><strong>studemus</strong></span> <span class='ocrx_word' id='word_1_780' title='bbox 3249 4001 3260 4036; x_wconf 94' lang='lat'>:</span> <span class='ocrx_word' id='word_1_781' title='bbox 3295 3993 3350 4038; x_wconf 80' lang='lat' dir='ltr'><strong>at</strong></span> 
     </span>
    </p>
   </div>
   <div class='ocr_carea' id='block_1_104' title="bbox 1769 4075 3362 4155">
    <p class='ocr_par' dir='ltr' id='par_1_104' title="bbox 1769 4075 3362 4155">
     <span class='ocr_line' id='line_1_104' title="bbox 1769 4075 3362 4155; baseline -0.009 -13"><span class='ocrx_word' id='word_1_782' title='bbox 1769 4087 2006 4143; x_wconf 90' lang='lat' dir='ltr'><strong>nonnulli</strong></span> <span class='ocrx_word' id='word_1_783' title='bbox 2052 4085 2142 4155; x_wconf 93' lang='lat' dir='ltr'><strong>qui</strong></span> <span class='ocrx_word' id='word_1_784' title='bbox 2181 4084 2282 4136; x_wconf 90' lang='lat' dir='ltr'><strong>huc</strong></span> <span class='ocrx_word' id='word_1_785' title='bbox 2325 4089 2684 4145; x_wconf 88' lang='lat' dir='ltr'><strong>concurrunt,</strong></span> <span class='ocrx_word' id='word_1_786' title='bbox 2711 4077 2991 4133; x_wconf 59' lang='lat' dir='ltr'><strong>aediﬁcium</strong></span> <span class='ocrx_word' id='word_1_787' title='bbox 3034 4075 3200 4130; x_wconf 86' lang='lat' dir='ltr'><strong>nmlto</strong></span> <span class='ocrx_word' id='word_1_788' title='bbox 3225 4090 3362 4128; x_wconf 83' lang='lat' dir='ltr'><strong>cum-</strong></span> 
     </span>
    </p>
   </div>
   <div class='ocr_carea' id='block_1_105' title="bbox 1770 4170 3350 4242">
    <p class='ocr_par' dir='ltr' id='par_1_105' title="bbox 1770 4170 3350 4242">
     <span class='ocr_line' id='line_1_105' title="bbox 1770 4170 3350 4242; baseline -0.011 -7"><span class='ocrx_word' id='word_1_789' title='bbox 1770 4182 1952 4236; x_wconf 83' lang='lat' dir='ltr'><strong>labore</strong></span> <span class='ocrx_word' id='word_1_790' title='bbox 1977 4188 2184 4234; x_wconf 88' lang='lat' dir='ltr'><strong>auctum</strong></span> <span class='ocrx_word' id='word_1_791' title='bbox 2221 4190 2328 4231; x_wconf 91' lang='lat' dir='ltr'><strong>uno</strong></span> <span class='ocrx_word' id='word_1_792' title='bbox 2359 4173 2610 4242; x_wconf 86' lang='lat' dir='ltr'><strong>temporis</strong></span> <span class='ocrx_word' id='word_1_793' title='bbox 2635 4180 2906 4226; x_wconf 88' lang='lat' dir='ltr'><strong>momento</strong></span> <span class='ocrx_word' id='word_1_794' title='bbox 2926 4170 3039 4224; x_wconf 91' lang='lat' dir='ltr'><strong>suis</strong></span> <span class='ocrx_word' id='word_1_795' title='bbox 3065 4183 3350 4238; x_wconf 85' lang='lat' dir='ltr'><strong>propemo-</strong></span> 
     </span>
    </p>
   </div>
   <div class='ocr_carea' id='block_1_106' title="bbox 1770 4258 3352 4337">
    <p class='ocr_par' dir='ltr' id='par_1_106' title="bbox 1770 4258 3352 4337">
     <span class='ocr_line' id='line_1_106' title="bbox 1770 4258 3352 4337; baseline -0.012 -9"><span class='ocrx_word' id='word_1_796' title='bbox 1770 4273 1894 4328; x_wconf 89' lang='lat' dir='ltr'><strong>dum</strong></span> <span class='ocrx_word' id='word_1_797' title='bbox 1923 4270 2162 4325; x_wconf 85' lang='lat' dir='ltr'><strong>manibus</strong></span> <span class='ocrx_word' id='word_1_798' title='bbox 2195 4283 2292 4337; x_wconf 86' lang='lat' dir='ltr'><strong>per</strong></span> <span class='ocrx_word' id='word_1_799' title='bbox 2316 4280 2575 4320; x_wconf 89' lang='lat' dir='ltr'><strong>summam</strong></span> <span class='ocrx_word' id='word_1_800' title='bbox 2616 4263 2754 4317; x_wconf 90' lang='lat' dir='ltr'><strong>hanc</strong></span> <span class='ocrx_word' id='word_1_801' title='bbox 2802 4261 3057 4315; x_wconf 88' lang='lat' dir='ltr'><strong>desidiam</strong></span> <span class='ocrx_word' id='word_1_802' title='bbox 3106 4261 3154 4311; x_wconf 91' lang='lat' dir='ltr'><strong>in</strong></span> <span class='ocrx_word' id='word_1_803' title='bbox 3203 4258 3352 4326; x_wconf 88' lang='lat' dir='ltr'><strong>pavi-</strong></span> 
     </span>
    </p>
   </div>
   <div class='ocr_carea' id='block_1_107' title="bbox 1773 4350 3354 4432">
    <p class='ocr_par' dir='ltr' id='par_1_107' title="bbox 1773 4350 3354 4432">
     <span class='ocr_line' id='line_1_107' title="bbox 1773 4350 3354 4432; baseline -0.011 -12"><span class='ocrx_word' id='word_1_804' title='bbox 1773 4374 2008 4421; x_wconf 90' lang='lat' dir='ltr'><strong>mentum</strong></span> <span class='ocrx_word' id='word_1_805' title='bbox 2053 4362 2340 4432; x_wconf 89' lang='lat' dir='ltr'><strong>dejiciunt,</strong></span> <span class='ocrx_word' id='word_1_806' title='bbox 2371 4369 2424 4412; x_wconf 86' lang='lat' dir='ltr'><strong>et</strong></span> <span class='ocrx_word' id='word_1_807' title='bbox 2467 4357 2619 4412; x_wconf 88' lang='lat' dir='ltr'><strong>nobis</strong></span> <span class='ocrx_word' id='word_1_808' title='bbox 2659 4356 2870 4426; x_wconf 88' lang='lat' dir='ltr'><strong>quidem</strong></span> <span class='ocrx_word' id='word_1_809' title='bbox 2912 4355 3178 4423; x_wconf 82' lang='lat' dir='ltr'><strong>ingentem</strong></span> <span class='ocrx_word' id='word_1_810' title='bbox 3231 4350 3354 4403; x_wconf 89' lang='lat' dir='ltr'><strong>inde</strong></span> 
     </span>
    </p>
   </div>
   <div class='ocr_carea' id='block_1_108' title="bbox 1774 4447 3355 4523">
    <p class='ocr_par' dir='ltr' id='par_1_108' title="bbox 1774 4447 3355 4523">
     <span class='ocr_line' id='line_1_108' title="bbox 1774 4447 3355 4523; baseline -0.011 -11"><span class='ocrx_word' id='word_1_811' title='bbox 1774 4457 2038 4512; x_wconf 89' lang='lat' dir='ltr'><strong>tristitiam</strong></span> <span class='ocrx_word' id='word_1_812' title='bbox 2071 4455 2281 4523; x_wconf 91' lang='lat' dir='ltr'><strong>pariunt</strong></span> <span class='ocrx_word' id='word_1_813' title='bbox 2310 4492 2325 4516; x_wconf 94' lang='lat'><strong>,</strong></span> <span class='ocrx_word' id='word_1_814' title='bbox 2353 4450 2456 4504; x_wconf 91' lang='lat' dir='ltr'><strong>sibi</strong></span> <span class='ocrx_word' id='word_1_815' title='bbox 2488 4465 2614 4503; x_wconf 90' lang='lat' dir='ltr'><strong>vero</strong></span> <span class='ocrx_word' id='word_1_816' title='bbox 2649 4447 2936 4516; x_wconf 89' lang='lat' dir='ltr'><strong>perniciem</strong></span> <span class='ocrx_word' id='word_1_817' title='bbox 2965 4452 3258 4498; x_wconf 85' lang='lat' dir='ltr'><strong>extremam</strong></span> <span class='ocrx_word' id='word_1_818' title='bbox 3300 4449 3355 4496; x_wconf 90' lang='lat' dir='ltr'><strong>et</strong></span> 
     </span>
    </p>
   </div>
   <div class='ocr_carea' id='block_1_109' title="bbox 1776 4539 2750 4603">
    <p class='ocr_par' dir='ltr' id='par_1_109' title="bbox 1776 4539 2750 4603">
     <span class='ocr_line' id='line_1_109' title="bbox 1776 4539 2750 4603; baseline -0.013 0"><span class='ocrx_word' id='word_1_819' title='bbox 1776 4546 2108 4603; x_wconf 87' lang='lat' dir='ltr'><strong>intolerabile</strong></span> <span class='ocrx_word' id='word_1_820' title='bbox 2132 4544 2381 4599; x_wconf 90' lang='lat' dir='ltr'><strong>damnum</strong></span> <span class='ocrx_word' id='word_1_821' title='bbox 2412 4539 2750 4596; x_wconf 91' lang='lat' dir='ltr'><strong>contrahunt.</strong></span> 
     </span>
    </p>
   </div>
   <div class='ocr_carea' id='block_1_110' title="bbox 1843 4624 3356 4707">
    <p class='ocr_par' dir='ltr' id='par_1_110' title="bbox 1843 4624 3356 4707">
     <span class='ocr_line' id='line_1_110' title="bbox 1843 4624 3356 4707; baseline -0.011 -14"><span class='ocrx_word' id='word_1_822' title='bbox 1843 4639 1897 4693; x_wconf 77' lang='lat'><strong>2.</strong></span> <span class='ocrx_word' id='word_1_823' title='bbox 1927 4637 2210 4707; x_wconf 80' lang='lat' dir='ltr'><strong>Asperiora</strong></span> <span class='ocrx_word' id='word_1_824' title='bbox 2237 4633 2460 4689; x_wconf 90' lang='lat' dir='ltr'><strong>fortasse</strong></span> <span class='ocrx_word' id='word_1_825' title='bbox 2485 4629 2901 4700; x_wconf 88' lang='lat' dir='ltr'><strong>reprehensione</strong></span> <span class='ocrx_word' id='word_1_826' title='bbox 2937 4626 3017 4681; x_wconf 89' lang='lat' dir='ltr'><strong>usi</strong></span> <span class='ocrx_word' id='word_1_827' title='bbox 3051 4637 3234 4680; x_wconf 88' lang='lat' dir='ltr'><strong>sumus</strong></span> <span class='ocrx_word' id='word_1_828' title='bbox 3267 4641 3280 4676; x_wconf 89' lang='lat'><strong>:</strong></span> <span class='ocrx_word' id='word_1_829' title='bbox 3311 4624 3356 4677; x_wconf 88' lang='lat' dir='ltr'><strong>si</strong></span> 
     </span>
    </p>
   </div>
   <div class='ocr_carea' id='block_1_111' title="bbox 1777 4721 3360 4799">
    <p class='ocr_par' dir='ltr' id='par_1_111' title="bbox 1777 4721 3360 4799">
     <span class='ocr_line' id='line_1_111' title="bbox 1777 4721 3360 4799; baseline -0.014 -14"><span class='ocrx_word' id='word_1_830' title='bbox 1777 4737 2047 4799; x_wconf 89' lang='lat' dir='ltr'><strong>spectetur</strong></span> <span class='ocrx_word' id='word_1_831' title='bbox 2090 4727 2304 4798; x_wconf 90' lang='lat' dir='ltr'><strong>quidem</strong></span> <span class='ocrx_word' id='word_1_832' title='bbox 2353 4733 2602 4793; x_wconf 89' lang='lat' dir='ltr'><strong>paternus</strong></span> <span class='ocrx_word' id='word_1_833' title='bbox 2649 4721 2736 4774; x_wconf 91' lang='lat' dir='ltr'><strong>hic</strong></span> <span class='ocrx_word' id='word_1_834' title='bbox 2774 4733 2924 4771; x_wconf 88' lang='lat' dir='ltr'><strong>amor</strong></span> <span class='ocrx_word' id='word_1_835' title='bbox 2963 4724 3161 4778; x_wconf 79' lang='lat' dir='ltr'><strong>noster,</strong></span> <span class='ocrx_word' id='word_1_836' title='bbox 3205 4726 3360 4781; x_wconf 83' lang='lat' dir='ltr'><strong>aspe-</strong></span> 
     </span>
    </p>
   </div>
   <div class='ocr_carea' id='block_1_112' title="bbox 1779 4802 3358 4886">
    <p class='ocr_par' dir='ltr' id='par_1_112' title="bbox 1779 4802 3358 4886">
     <span class='ocr_line' id='line_1_112' title="bbox 1779 4802 3358 4886; baseline -0.016 -10"><span class='ocrx_word' id='word_1_837' title='bbox 1779 4823 1954 4885; x_wconf 81' lang='lat' dir='ltr'><strong>riore;</strong></span> <span class='ocrx_word' id='word_1_838' title='bbox 1984 4821 2064 4874; x_wconf 92' lang='lat' dir='ltr'><strong>sin</strong></span> <span class='ocrx_word' id='word_1_839' title='bbox 2097 4826 2271 4871; x_wconf 88' lang='lat' dir='ltr'><strong>autem</strong></span> <span class='ocrx_word' id='word_1_840' title='bbox 2295 4815 2526 4886; x_wconf 86' lang='lat' dir='ltr'><strong>gravitas</strong></span> <span class='ocrx_word' id='word_1_841' title='bbox 2545 4811 2720 4866; x_wconf 86' lang='lat' dir='ltr'><strong>delicti</strong></span> <span class='ocrx_word' id='word_1_842' title='bbox 2743 4816 3030 4878; x_wconf 89' lang='lat' dir='ltr'><strong>spectetur,</strong></span> <span class='ocrx_word' id='word_1_843' title='bbox 3057 4820 3124 4858; x_wconf 91' lang='lat' dir='ltr'><strong>ne</strong></span> <span class='ocrx_word' id='word_1_844' title='bbox 3144 4802 3358 4872; x_wconf 86' lang='lat' dir='ltr'><strong>quidem</strong></span> 
     </span>
    </p>
   </div>
   <div class='ocr_carea' id='block_1_113' title="bbox 1779 4901 3358 4981">
    <p class='ocr_par' dir='ltr' id='par_1_113' title="bbox 1779 4901 3358 4981">
     <span class='ocr_line' id='line_1_113' title="bbox 1779 4901 3358 4981; baseline -0.014 -13"><span class='ocrx_word' id='word_1_845' title='bbox 1779 4914 1908 4969; x_wconf 89' lang='lat' dir='ltr'><strong>satis</strong></span> <span class='ocrx_word' id='word_1_846' title='bbox 1933 4912 2110 4981; x_wconf 87' lang='lat' dir='ltr'><strong>digna.</strong></span> <span class='ocrx_word' id='word_1_847' title='bbox 2155 4910 2526 4963; x_wconf 81' lang='lat' dir='ltr'><strong>Verumtamen</strong></span> <span class='ocrx_word' id='word_1_848' title='bbox 2571 4903 2819 4973; x_wconf 88' lang='lat' dir='ltr'><strong>quoniam</strong></span> <span class='ocrx_word' id='word_1_849' title='bbox 2858 4901 3018 4967; x_wconf 77' lang='lat' dir='ltr'><strong>lapsis</strong></span> <span class='ocrx_word' id='word_1_850' title='bbox 3065 4909 3253 4948; x_wconf 88' lang='lat' dir='ltr'><strong>manus</strong></span> <span class='ocrx_word' id='word_1_851' title='bbox 3275 4901 3358 4946; x_wconf 71' lang='lat' dir='ltr'><strong>est</strong></span> 
     </span>
    </p>
   </div>
   <div class='ocr_carea' id='block_1_114' title="bbox 1781 4984 3360 5077">
    <p class='ocr_par' dir='ltr' id='par_1_114' title="bbox 1781 4984 3360 5077">
     <span class='ocr_line' id='line_1_114' title="bbox 1781 4984 3360 5077; baseline -0.015 -16"><span class='ocrx_word' id='word_1_852' title='bbox 1781 5003 2117 5077; x_wconf 85' lang='lat' dir='ltr'><strong>porrigenda,</strong></span> <span class='ocrx_word' id='word_1_853' title='bbox 2146 5012 2303 5070; x_wconf 90' lang='lat' dir='ltr'><strong>atque</strong></span> <span class='ocrx_word' id='word_1_854' title='bbox 2328 5014 2449 5067; x_wconf 85' lang='lat' dir='ltr'><strong>erga</strong></span> <span class='ocrx_word' id='word_1_855' title='bbox 2496 4997 2611 5050; x_wconf 88' lang='lat' dir='ltr'><strong>illos</strong></span> <span class='ocrx_word' id='word_1_856' title='bbox 2637 4994 2724 5063; x_wconf 91' lang='lat' dir='ltr'><strong>qni</strong></span> <span class='ocrx_word' id='word_1_857' title='bbox 2753 5002 2856 5046; x_wconf 89' lang='lat' dir='ltr'><strong>tam</strong></span> <span class='ocrx_word' id='word_1_858' title='bbox 2887 4990 3213 5059; x_wconf 81' lang='lat' dir='ltr'><strong>negligentes</strong></span> <span class='ocrx_word' id='word_1_859' title='bbox 3245 4984 3360 5038; x_wconf 87' lang='lat' dir='ltr'><strong>fue-</strong></span> 
     </span>
    </p>
   </div>
   <div class='ocr_carea' id='block_1_115' title="bbox 1782 5077 3363 5164">
    <p class='ocr_par' dir='ltr' id='par_1_115' title="bbox 1782 5077 3363 5164">
     <span class='ocr_line' id='line_1_115' title="bbox 1782 5077 3363 5164; baseline -0.014 -13"><span class='ocrx_word' id='word_1_860' title='bbox 1782 5105 1926 5161; x_wconf 88' lang='lat' dir='ltr'><strong>runt,</strong></span> <span class='ocrx_word' id='word_1_861' title='bbox 1956 5104 2172 5164; x_wconf 85' lang='lat' dir='ltr'><strong>paterna</strong></span> <span class='ocrx_word' id='word_1_862' title='bbox 2201 5089 2498 5147; x_wconf 88' lang='lat' dir='ltr'><strong>exhibenda</strong></span> <span class='ocrx_word' id='word_1_863' title='bbox 2527 5096 2610 5142; x_wconf 89' lang='lat' dir='ltr'><strong>est</strong></span> <span class='ocrx_word' id='word_1_864' title='bbox 2634 5083 3024 5146; x_wconf 87' lang='lat' dir='ltr'><strong>benevolentia,</strong></span> <span class='ocrx_word' id='word_1_865' title='bbox 3047 5095 3115 5134; x_wconf 91' lang='lat' dir='ltr'><strong>ne</strong></span> <span class='ocrx_word' id='word_1_866' title='bbox 3150 5081 3228 5133; x_wconf 89' lang='lat' dir='ltr'><strong>sic</strong></span> <span class='ocrx_word' id='word_1_867' title='bbox 3247 5077 3363 5147; x_wconf 77' lang='lat' dir='ltr'><strong>qui-</strong></span> 
     </span>
    </p>
   </div>
   <div class='ocr_carea' id='block_1_116' title="bbox 1783 5169 3363 5249">
    <p class='ocr_par' dir='ltr' id='par_1_116' title="bbox 1783 5169 3363 5249">
     <span class='ocr_line' id='line_1_116' title="bbox 1783 5169 3363 5249; baseline -0.016 -3"><span class='ocrx_word' id='word_1_868' title='bbox 1783 5191 1902 5246; x_wconf 90' lang='lat' dir='ltr'><strong>dem</strong></span> <span class='ocrx_word' id='word_1_869' title='bbox 1951 5189 2018 5243; x_wconf 91' lang='lat' dir='ltr'><strong>de</strong></span> <span class='ocrx_word' id='word_1_870' title='bbox 2055 5187 2265 5242; x_wconf 91' lang='lat' dir='ltr'><strong>illorum</strong></span> <span class='ocrx_word' id='word_1_871' title='bbox 2306 5185 2479 5239; x_wconf 89' lang='lat' dir='ltr'><strong>salute</strong></span> <span class='ocrx_word' id='word_1_872' title='bbox 2521 5180 2890 5249; x_wconf 76' lang='lat' dir='ltr'><strong>desperemus,</strong></span> <span class='ocrx_word' id='word_1_873' title='bbox 2921 5169 3210 5228; x_wconf 91' lang='lat' dir='ltr'><strong>dummodo</strong></span> <span class='ocrx_word' id='word_1_874' title='bbox 3256 5183 3363 5223; x_wconf 92' lang='lat' dir='ltr'><strong>non</strong></span> 
     </span>
    </p>
   </div>
   <div class='ocr_carea' id='block_1_117' title="bbox 1784 5264 3365 5351">
    <p class='ocr_par' dir='ltr' id='par_1_117' title="bbox 1784 5264 3365 5351">
     <span class='ocr_line' id='line_1_117' title="bbox 1784 5264 3365 5351; baseline -0.015 -15"><span class='ocrx_word' id='word_1_875' title='bbox 1784 5281 2010 5351; x_wconf 88' lang='lat' dir='ltr'><strong>amplius</strong></span> <span class='ocrx_word' id='word_1_876' title='bbox 2041 5281 2094 5332; x_wconf 88' lang='lat' dir='ltr'><strong>in</strong></span> <span class='ocrx_word' id='word_1_877' title='bbox 2125 5276 2308 5331; x_wconf 89' lang='lat' dir='ltr'><strong>eadem</strong></span> <span class='ocrx_word' id='word_1_878' title='bbox 2340 5273 2505 5328; x_wconf 90' lang='lat' dir='ltr'><strong>velint</strong></span> <span class='ocrx_word' id='word_1_879' title='bbox 2531 5270 2790 5332; x_wconf 86' lang='lat' dir='ltr'><strong>recidere,</strong></span> <span class='ocrx_word' id='word_1_880' title='bbox 2813 5264 2908 5320; x_wconf 90' lang='lat' dir='ltr'><strong>sed</strong></span> <span class='ocrx_word' id='word_1_881' title='bbox 2931 5265 3033 5317; x_wconf 90' lang='lat' dir='ltr'><strong>huc</strong></span> <span class='ocrx_word' id='word_1_882' title='bbox 3054 5275 3220 5330; x_wconf 89' lang='lat' dir='ltr'><strong>usque</strong></span> <span class='ocrx_word' id='word_1_883' title='bbox 3251 5269 3365 5314; x_wconf 79' lang='lat' dir='ltr'><strong>tan-</strong></span> 
     </span>
    </p>
   </div>
   <div class='ocr_carea' id='block_1_118' title="bbox 1787 5350 3367 5442">
    <p class='ocr_par' dir='ltr' id='par_1_118' title="bbox 1787 5350 3367 5442">
     <span class='ocr_line' id='line_1_118' title="bbox 1787 5350 3367 5442; baseline -0.013 -14"><span class='ocrx_word' id='word_1_884' title='bbox 1787 5350 1896 5428; x_wconf 90' lang='lat' dir='ltr'><strong>tum</strong></span> <span class='ocrx_word' id='word_1_885' title='bbox 1944 5369 2273 5442; x_wconf 68' lang='lat' dir='ltr'><strong>negligentia:</strong></span> <span class='ocrx_word' id='word_1_886' title='bbox 2317 5381 2426 5420; x_wconf 69' lang='lat' dir='ltr'><strong>sua:</strong></span> <span class='ocrx_word' id='word_1_887' title='bbox 2467 5362 2758 5432; x_wconf 89' lang='lat' dir='ltr'><strong>indulgere,</strong></span> <span class='ocrx_word' id='word_1_888' title='bbox 2801 5356 3007 5426; x_wconf 90' lang='lat' dir='ltr'><strong>sibique</strong></span> <span class='ocrx_word' id='word_1_889' title='bbox 3055 5353 3182 5424; x_wconf 90' lang='lat' dir='ltr'><strong>ipsis</strong></span> <span class='ocrx_word' id='word_1_890' title='bbox 3223 5350 3367 5442; x_wconf 87' lang='lat' dir='ltr'><strong>aditu</strong></span> 
     </span>
    </p>
   </div>
   <div class='ocr_carea' id='block_1_119' title="bbox 1785 5441 3367 5524">
    <p class='ocr_par' dir='ltr' id='par_1_119' title="bbox 1785 5441 3367 5524">
     <span class='ocr_line' id='line_1_119' title="bbox 1785 5441 3367 5524; baseline -0.015 -6"><span class='ocrx_word' id='word_1_891' title='bbox 1785 5461 2114 5519; x_wconf 80' lang='lat' dir='ltr'><strong>Circensium</strong></span> <span class='ocrx_word' id='word_1_892' title='bbox 2146 5468 2201 5514; x_wconf 88' lang='lat' dir='ltr'><strong>et</strong></span> <span class='ocrx_word' id='word_1_893' title='bbox 2233 5457 2406 5513; x_wconf 90' lang='lat' dir='ltr'><strong>omnis</strong></span> <span class='ocrx_word' id='word_1_894' title='bbox 2432 5451 2690 5524; x_wconf 87' lang='lat' dir='ltr'><strong>ejusmodi</strong></span> <span class='ocrx_word' id='word_1_895' title='bbox 2718 5447 2936 5503; x_wconf 89' lang='lat' dir='ltr'><strong>satanici</strong></span> <span class='ocrx_word' id='word_1_896' title='bbox 2961 5442 3252 5516; x_wconf 79' lang='lat' dir='ltr'><strong>Spectaculi</strong></span> <span class='ocrx_word' id='word_1_897' title='bbox 3283 5441 3367 5496; x_wconf 94' lang='lat' dir='ltr'><strong>in-</strong></span> 
     </span>
    </p>
   </div>
   <div class='ocr_carea' id='block_1_120' title="bbox 1789 5558 2070 5616">
    <p class='ocr_par' dir='ltr' id='par_1_120' title="bbox 1789 5558 2070 5616">
     <span class='ocr_line' id='line_1_120' title="bbox 1789 5558 2070 5616; baseline -0.032 -1"><span class='ocrx_word' id='word_1_898' title='bbox 1789 5558 2070 5616; x_wconf 88' lang='lat' dir='ltr'><strong>terdicant.</strong></span> 
     </span>
    </p>
   </div>
   <div class='ocr_carea' id='block_1_121' title="bbox 1861 5629 3362 5716">
    <p class='ocr_par' dir='ltr' id='par_1_121' title="bbox 1861 5629 3362 5716">
     <span class='ocr_line' id='line_1_121' title="bbox 1861 5629 3362 5716; baseline -0.019 -13"><span class='ocrx_word' id='word_1_899' title='bbox 1861 5644 2116 5716; x_wconf 78' lang='lat' dir='ltr'><strong>Confessio</strong></span> <span class='ocrx_word' id='word_1_900' title='bbox 2145 5649 2478 5714; x_wconf 82' lang='lat' dir='ltr'><strong>peccatorum.</strong></span> <span class='ocrx_word' id='word_1_901' title='bbox 2517 5634 2804 5705; x_wconf 85' lang='lat' dir='ltr'><strong>Bcnignum</strong></span> <span class='ocrx_word' id='word_1_902' title='bbox 2839 5631 3000 5698; x_wconf 83' lang='lat' dir='ltr'><strong>enim,</strong></span> <span class='ocrx_word' id='word_1_903' title='bbox 3021 5629 3362 5692; x_wconf 78' lang='lat' dir='ltr'><strong>clementem,</strong></span> 
     </span>
    </p>
   </div>
  </div>
