3884 6326
411 249 544 307 ίυΠ

409 378 472 416 ac
525 357 799 426 providum
846 355 1104 414 habemus
1147 353 1452 413 Dominum,
1500 349 1591 421 qui
1628 364 1750 403 cum
1787 353 1988 401 naturze

409 457 611 507 nostra:
648 447 856 502 noverit
902 443 1339 506 imbecillitatem,
1373 440 1463 496 ubi
1507 438 1823 509 negligentia
1865 448 1991 504 sup-

409 541 626 613 plantati
655 541 706 596 in
731 546 1001 609 peccatum
1022 533 1234 605 aliquod
1259 532 1486 604 prolapsi
1515 529 1790 591 fuerimus.
1824 541 1986 581 unum

410 634 460 688 id
493 631 665 689 solum
691 647 723 686 a
766 629 920 684 nobis
949 627 1196 699 requirit,
1237 635 1296 683 ut
1339 641 1405 681 ne
1439 624 1805 694 desperemus,
1835 617 1928 676 sed
1957 634 1987 672 a

409 734 630 795 peccato
658 723 976 788 resiliamus,
1017 729 1070 780 et
1094 719 1162 776 ad
1189 717 1579 775 confessionem
1618 725 1984 784 properemus.

411 815 564 883 Quod
589 815 634 873 si
657 814 759 870 hoc
787 813 1062 880 faciamus,
1088 812 1198 868 cito
1226 826 1285 868 se
1327 810 1536 866 veniam
1563 807 1807 862 daturum
1840 803 1990 874 polli-

411 915 562 964 cetur
589 924 602 962 :
634 906 748 977 ipse
774 905 916 962 enim
945 913 1028 962 est
1064 903 1157 974 qui
1182 903 1309 959 dicit
1355 919 1371 957 :
1405 899 1665 970 Numquid
1705 897 1792 968 qui
1830 895 1983 959 cadit,

412 1018 513 1056 non
540 999 775 1070 resurgit,
803 1008 910 1062 aut,
937 997 1025 1064 qui
1051 995 1225 1050 avertit
1250 1010 1320 1060 re,
1346 1009 1444 1048 non
1479 991 1741 1047 revertitur
1770 988 1902 1059 μεθ’.
1934 987 1986 1042 8.

412 1085 502 1153 li)?
518 1084 642 1141 llaec
661 1083 817 1152 igitur
837 1097 960 1140 cum
977 1081 1224 1147 sciamus,
1249 1088 1353 1134 tam
1373 1077 1686 1132 clementem
1709 1072 1989 1128 Dominum

413 1189 481 1228 ne
500 1187 832 1244 speruamus,
855 1171 948 1226 sed
971 1170 1177 1226 noxiam
1200 1166 1632 1224 consuetudinem
1655 1175 1987 1233 superemus,

414 1281 588 1336 neque
607 1282 699 1335 per
715 1266 873 1320 latam
895 1273 1102 1337 portam
1125 1272 1178 1318 et
1199 1263 1484 1332 spatiosam
1507 1258 1643 1312 viam
1660 1254 1986 1318 incedamus,

414 1366 573 1425 prout
593 1355 813 1412 audistis
843 1355 1001 1411 hodie
1037 1367 1372 1414 communem
1395 1348 1672 1404 Dominum
1695 1345 1990 1403 admonen-

421 1459 527 1504 tem
559 1449 612 1502 in
633 1444 947 1516 Evangelio,
965 1455 1029 1496 ac
1049 1445 1312 1502 dicentem
1347 1461 1361 1497 :
1394 1440 1590 1495 Intrate
1617 1455 1705 1509 per
1724 1446 1991 1506 angustam

416 1551 634 1610 portant,
664 1539 782 1608 quia
811 1539 916 1594 lata
955 1548 1120 1608 porta,
1151 1549 1195 1592 et
1223 1537 1446 1607 spatiosa
1473 1535 1554 1588 via
1582 1543 1686 1599 est,
1712 1546 1823 1602 qua:
1855 1527 1991 1583 ducit

417 1633 485 1686 ad
529 1633 878 1702 perditionem,
919 1641 964 1686 et
1005 1632 1151 1688 multi
1193 1639 1332 1696 sunt,
1385 1628 1472 1697 qui
1521 1627 1712 1681 intrant
1755 1640 1842 1693 per
1879 1638 1990 1678 eam

416 1723 629 1794 (Matth.
660 1725 714 1778 7.
749 1721 858 1794 t3).
891 1723 1026 1778 Dum
1053 1721 1205 1778 audis
1224 1721 1384 1776 latam
1403 1733 1523 1774 esse
1543 1725 1768 1787 portam,
1790 1722 1846 1768 et
1872 1727 1992 1781 spa-

417 1813 606 1870 tiosam
630 1815 790 1880 viam,
828 1829 896 1869 ne
925 1812 1203 1883 decipiaris
1250 1812 1304 1869 iu
1339 1809 1561 1867 exordio
1584 1851 1600 1876 ,
1652 1821 1824 1877 neque
1864 1803 1991 1860 iilud

417 1917 646 1976 spectes,
675 1903 815 1974 quod
842 1904 992 1959 multi
1018 1903 1126 1961 sint
1150 1904 1236 1972 qui
1277 1917 1371 1973 per
1398 1917 1513 1956 cam
1537 1901 1735 1956 intrent
1767 1915 1780 1953 :
1807 1895 1900 1952 sed
1929 1894 1994 1952 il-

415 1996 504 2053 lud
532 1997 913 2064 animadverte,
956 1997 1006 2051 iu
1049 2005 1326 2066 augustum
1355 1994 1496 2048 illam
1527 1994 1688 2050 finem
1724 1991 1988 2047 desinere.

415 2088 549 2143 lllud
598 2105 808 2159 queque
863 2087 1151 2159 prudenter
1197 2087 1492 2153 considera,
1543 2099 1873 2156 nequaquam
1927 2083 1993 2139 de

416 2179 599 2234 sensili
641 2191 790 2250 porta
832 2180 992 2236 verba
1039 2180 1176 2243 fieri,
1221 2193 1390 2249 neque
1431 2178 1496 2234 de
1536 2178 1617 2231 via
1659 2175 1989 2245 simpliciter,

417 2270 514 2325 scd
542 2272 609 2326 de
635 2281 742 2326 tota
764 2272 866 2325 vita
901 2280 1104 2333 nostra,
1142 2270 1211 2325 de
1235 2269 1428 2324 virtute
1470 2283 1533 2323 ac
1582 2268 1711 2322 vitio
1753 2257 1994 2321 admoni-

421 2363 618 2419 tionem
649 2377 786 2417 esse.
823 2363 1044 2430 Propter
1069 2376 1132 2419 ea
1157 2375 1367 2431 quoque
1391 2359 1561 2417 abhis
1589 2358 1768 2413 verbis
1792 2372 1998 2414 sermo-

420 2469 544 2509 nem
573 2453 854 2517 inchoavit,
887 2452 1079 2508 Intrate
1105 2470 1192 2522 per
1216 2462 1484 2523 angustum
1522 2462 1742 2519 partam,
1782 2451 1996 2506 virtutis

421 2555 624 2614 portam
643 2544 718 2599 sic
736 2545 1027 2615 appellans.
1055 2544 1253 2601 Deinde
1279 2559 1400 2600 cum
1425 2543 1670 2607 dixisset,
1691 2541 1887 2596 Intrate
1908 2558 1997 2611 per

419 2647 684 2708 angustant
709 2645 925 2707 portam,
953 2654 1047 2694 nos
1063 2637 1312 2706 deinceps
1330 2650 1542 2692 causam
1560 2635 1736 2700 docet,
1752 2635 1821 2690 ob
1839 2650 1996 2704 quam

421 2728 484 2784 ad
519 2730 618 2784 hoc
647 2744 745 2783 nos
768 2729 1094 2784 cohortatur.
1139 2728 1291 2784 Licet
1327 2728 1470 2783 enim
1510 2736 1732 2796 angusta
1773 2726 1844 2780 sit
1875 2727 1994 2790 ista,

421 2821 751 2891 multumque
802 2820 1037 2876 laborem
1081 2819 1270 2876 offerat
1311 2820 1363 2875 in
1416 2820 1680 2888 ingressu,
1724 2817 1769 2872 si
1823 2825 1996 2871 tamen

422 2913 685 2982 paululum
717 2913 989 2980 laboratis,
1018 2912 1085 2968 ad
1128 2912 1343 2970 multam
1368 2911 1696 2967 latitudinem
1727 2910 1999 2979 pervenie-

423 3005 491 3060 tis
519 3014 572 3060 et
614 3004 1036 3074 amplitudinem,
1081 3020 1201 3074 qua}
1242 3019 1339 3062 vos
1378 3003 1576 3073 ingenti
1607 3003 1876 3071 voluptate
1905 3016 1999 3071 po-

422 3097 551 3154 terit
579 3113 842 3153 recreare.
873 3097 952 3156 Ne
977 3097 1134 3166 igitur
1170 3097 1270 3150 hoc
1307 3096 1576 3164 Spectetis,
1634 3094 1824 3163 inquit,
1856 3091 1998 3161 quod

422 3199 645 3260 angusta
675 3189 763 3254 sit,
793 3203 966 3258 neque
1001 3201 1100 3242 vos
1121 3185 1443 3243 conturbent
1473 3185 1782 3253 primordia,
1829 3199 2000 3252 neque

423 3281 692 3351 ingressus
733 3267 991 3350 angustia:
1033 3278 1245 3336 desides
1280 3293 1374 3334 vos
1417 3277 1674 3343 reddant;
1717 3278 1818 3332 lata
1857 3278 1997 3332 enim

426 3373 538 3427 haec
570 3384 742 3442 porta,
769 3381 823 3427 et
875 3373 1106 3440 spatiosa
1156 3373 1240 3425 via
1290 3371 1485 3428 desinit
1527 3371 1581 3425 in
1625 3371 1995 3441 perditionem.

424 3463 757 3533 Quapropter
781 3462 930 3518 multi
953 3462 1113 3519 etiam
1141 3460 1212 3520 ob
1237 3461 1382 3517 initia
1424 3471 1480 3519 et
1514 3462 1731 3517 exordia
1769 3461 1997 3530 decepti,

425 3568 600 3623 neque
624 3552 914 3608 futurorum
940 3553 1225 3623 quidquam
1271 3553 1644 3623 prawideutes,
1669 3553 1723 3606 in
1753 3552 2002 3623 perditio-

426 3658 548 3698 nem
592 3642 796 3712 seipsos
829 3643 1146 3700 dediderunt
1187 3661 1200 3698 :
1252 3644 1467 3706 idcirco.
1517 3644 1645 3698 Lata
1686 3656 1778 3708 est,
1811 3645 1999 3715 inquit,

425 3745 591 3808 porta,
606 3745 650 3790 et
667 3737 894 3806 spatiosa
910 3738 1009 3803 via,
1033 3753 1144 3806 qute
1167 3738 1305 3792 ducit
1324 3738 1392 3792 ad
1417 3738 1766 3808 perditionem,
1788 3748 1834 3792 et
1857 3737 2002 3791 multi

415 3837 559 3894 sunt,
585 3829 672 3897 qui
699 3829 891 3882 intrant
916 3845 1004 3895 per
1037 3845 1167 3883 eam.
1199 3830 1277 3884 Ac
1314 3839 1456 3885 reste
1488 3844 1618 3884 sane
1647 3830 1802 3884 latam
1835 3830 2000 3899 ipsam

425 3927 628 3988 portam
655 3919 890 3986 vocavit,
917 3919 1201 3988 spatiosam
1224 3922 1382 3985 viam,
1411 3935 1529 3990 qua:
1554 3921 1618 3976 ad
1648 3920 1998 3990 perditionem

426 4011 658 4066 deducit.
689 4011 789 4080 Qui
817 4012 960 4068 enim
990 4012 1057 4066 ad
1084 4011 1236 4067 ludos
1255 4010 1534 4068 Circenses
1550 4012 1800 4068 feStinant
1819 4027 2004 4068 ascen-

429 4103 577 4167 dere,
604 4112 904 4173 carteraque
924 4104 1156 4159 satanica
1182 4103 1274 4160 illa
1289 4105 1612 4174 spectacula,
1641 4104 2003 4175 temperantia:

427 4195 808 4260 valediccntes,
833 4196 1078 4251 virtutem
1109 4211 1206 4265 pro
1251 4195 1416 4250 nihilo
1444 4196 1726 4259 habentes,
1766 4196 1852 4265 qui
1886 4194 2005 4248 libi-

427 4287 536 4360 dini
564 4301 628 4341 ac
655 4288 813 4356 genio
839 4287 1112 4356 indulgere
1132 4287 1335 4353 volunt,
1357 4287 1444 4357 qui
1466 4287 1672 4342 deliciis
1698 4296 1752 4343 et
1780 4287 1914 4356 gula:
1942 4302 2000 4342 se

429 4377 648 4443 dedunt,
676 4378 768 4448 qui
800 4379 1141 4449 pecuniarum
1178 4379 1467 4448 cupiditate
1493 4389 1546 4434 ct
1585 4379 1786 4434 insania
1816 4380 2005 4434 stimu-

428 4470 626 4536 lantur,
659 4485 720 4524 ac
750 4469 1030 4539 persentis
1057 4470 1175 4524 vita:
1200 4470 1496 4524 commodis
1536 4470 1756 4536 inhiant,
1798 4486 1892 4539 per
1931 4471 2005 4522 la-

428 4569 536 4614 tam
563 4570 766 4630 portam
797 4571 850 4614 et
892 4561 1178 4624 spatiosam
1218 4561 1358 4616 viam
1389 4561 1640 4616 incedunt
1671 4580 1683 4616 :
1723 4572 2000 4632 postquam

427 4660 604 4706 autem
633 4651 791 4720 paulo
819 4651 1027 4720 longius
1050 4653 1312 4722 progressi
1355 4663 1498 4717 sunt,
1534 4653 1832 4723 multasque
1879 4670 2003 4723 pec-

429 4752 667 4798 catorum
695 4743 930 4797 sarcinas
964 4752 1379 4809 coacervarunt,
1423 4746 1602 4801 afﬂicti
1633 4755 1686 4802 et
1724 4747 2001 4808 debilitati.

428 4851 548 4890 cum
576 4836 640 4888 ad
663 4836 761 4890 via:
781 4835 940 4889 finem
982 4837 1337 4904 pervenerint,
1367 4838 1587 4893 ulterius
1631 4839 1872 4908 progredi
1919 4855 2005 4892 ne-

429 4937 651 4998 queunt,
684 4943 806 4984 cum
834 4929 932 4982 vim
958 4938 1266 4997 premantur
1288 4931 1560 4999 angustiis,
1596 4946 1660 4984 eo
1684 4931 1822 5000 quod
1865 4932 2004 4985 mole

428 5021 629 5089 gravati
667 5030 1000 5089 peccatorum
1038 5021 1183 5074 illam
1225 5037 1476 5090 peragere
1505 5022 1720 5075 minime
1760 5024 1998 5090 possint:

428 5128 533 5182 qna
556 5114 635 5178 fit,
657 5121 714 5166 ut
739 5113 794 5167 in
828 5113 998 5182 ipsum
1040 5113 1252 5168 tandem
1302 5114 1617 5182 perditionis
1656 5115 2001 5183 pra'cipitiutn

428 5203 795 5258 devolvuntur.
831 5203 975 5270 Quid
1018 5204 1197 5273 igitur,
1231 5220 1434 5271 qmesn,
1480 5204 1717 5274 prodest.
1766 5205 1906 5274 quod
1938 5206 2002 5258 ad

427 5293 682 5363 exiguum
707 5301 914 5362 tempus
935 5308 1030 5362 per
1065 5293 1351 5362 spatiosam
1395 5294 1718 5358 incedamus,
1746 5295 1789 5350 si
1821 5310 2007 5364 perpe-

430 5393 516 5436 tua
541 5383 838 5452 perditione
864 5398 986 5438 mox
1010 5384 1391 5453 opprimamur,
1426 5393 1480 5438 et
1506 5384 1593 5438 ubi
1626 5402 1717 5454 per
1738 5387 2000 5440 somnium

430 5475 812 5542 propemodum
853 5474 1059 5531 deliciis
1105 5476 1254 5545 potiti
1295 5476 1570 5542 fuerimus,
1621 5493 1681 5533 re
1725 5494 1846 5533 vera
1887 5494 2004 5548 sup-

429 5567 589 5639 plicio
616 5566 910 5634 plectamur
927 5570 952 5621 ’ἱ

501 5662 714 5720 Somnio
750 5660 925 5717 similis
950 5673 1018 5718 est
1067 5665 1176 5721 lure
1219 5665 1339 5720 vita.
1368 5695 1436 5706 —-
1466 5665 1618 5736 Quod
1664 5667 1805 5724 cnim
1850 5670 2003 5726 unius

1112 239 1168 298 8.
1207 236 1482 296 JOANNIS
1517 230 1988 289 CllltYSOSTOMl
2015 225 2328 284 ARCHIEP.
2361 222 2887 282 CONSTANTINOP.

3535 217 3692 275 iiiis

2093 344 2262 398 noctis
2291 351 2372 397 est
2399 341 2686 408 somnium,
2723 339 2825 394 hoc
2863 347 2972 393 tota
3025 351 3260 406 praesens
3306 344 3394 390 est
3440 322 3576 401 vita",
3637 335 3689 388 si

2092 451 2211 490 cum
2238 449 2326 499 eo,
2353 433 2494 504 quod
2525 448 2624 488 nos
2666 440 3009 501 excepturum
3034 441 3138 493 est,
3166 428 3427 505 supplicio
3454 442 3690 494 compa-

2092 536 2259 581 retur.
2291 526 2428 589 Num
2467 526 2610 581 enim
2654 534 2714 579 ut
2758 533 2958 579 temere
3006 537 3037 576 a
3081 521 3234 576 nobis
3279 521 3526 590 lcgantur
3563 521 3690 572 ινα-ε

2091 618 2285 687 scripta
2329 617 2489 672 sunt?
2542 615 2828 684 Propterea
2882 613 3088 669 Domini
3138 626 3414 667 sermones
3457 610 3689 679 scriptis

2093 708 2331 764 mandari
2361 708 2528 778 gratia
2563 707 2794 779 Spiritus
2819 705 2987 760 sancti
3015 703 3238 769 curavit,
3266 709 3326 757 ut
3351 701 3478 756 dum
3509 716 3578 756 ex
3610 702 3689 755 iis

2091 799 2326 855 remedia
2347 799 2737 868 depromimus,
2762 797 2955 868 quibus
2980 795 3235 850 adversus
3262 792 3546 864 passiones
3575 805 3690 845 nos

2095 889 2526 958 prtemuniamus,
2572 888 2858 943 imminens
2897 886 3160 956 possimus
3198 884 3522 956 supplicium
3559 882 3684 936 cvi-

2093 991 2224 1036 tare.
2253 980 2611 1048 Quamobrem
2640 990 2751 1034 tum
2791 973 3003 1050 quoque
3047 977 3410 1032 convenientia
3436 974 3687 1029 vulneri—

2093 1074 2193 1129 bus
2236 1089 2420 1129 eorum
2464 1074 2722 1130 adhibens
2762 1073 3151 1128 medicamenta
3193 1071 3446 1128 Dominus
3487 1078 3684 1126 noster

2093 1166 2250 1221 Jcsus
2271 1166 2513 1221 Christus
2535 1165 2913 1221 cohortabatur
2931 1163 3116 1219 dicens
3142 1181 3154 1214 :
3180 1162 3374 1216 Intrate
3393 1178 3482 1232 per
3508 1177 3682 1230 angu-

2096 1269 2224 1313 stam
2273 1267 2491 1329 portam.
2541 1259 2830 1328 Angustam
2873 1266 3049 1310 autem
3100 1255 3242 1308 illam
3290 1253 3535 1317 vocabat,
3569 1266 3684 1306 non

2091 1347 2232 1417 quod
2252 1357 2442 1403 natura
2462 1363 2558 1403 sua
2579 1347 2648 1402 sit
2674 1355 2915 1416 angusta,
2945 1345 3040 1400 sed
3061 1344 3203 1414 quod
3230 1344 3436 1398 auitnus
3461 1351 3684 1402 noster,

2091 1439 2155 1494 ad
2185 1440 2441 1495 desidiam
2459 1438 2710 1509 proclivis
2730 1447 3003 1508 angustam
3041 1437 3181 1490 illam
3219 1449 3338 1490 esse
3360 1435 3675 1490 arbitretur.

2089 1533 2270 1603 Neque
2294 1534 2438 1589 enim
2463 1542 2520 1587 ut
2549 1547 2646 1588 nos
2684 1540 2950 1595 avocaret,
2981 1529 3179 1584 idcirco
3210 1539 3484 1597 angustam
3530 1527 3684 1583 illam

2091 1624 2394 1694 appellavit,
2424 1624 2519 1678 sed
2544 1632 2602 1678 ut
2636 1622 2853 1677 alterius
2901 1619 3230 1674 latitudinem
3278 1618 3562 1688 fugientes,
3609 1626 3667 1672 et

2091 1733 2156 1772 ex
2197 1716 2300 1772 huc
2345 1730 2768 1786 unamquamque
2809 1722 3216 1784 cognoscentes,
3249 1713 3384 1771 hanc
3403 1711 3472 1769 ita
3499 1711 3687 1786 potius

2091 1811 2369 1880 eligamus.

2162 1905 2217 1962 3.
2244 1902 2494 1978 Exempla
2517 1924 2689 1962 eorum
2717 1909 2802 1978 qui
2839 1924 2926 1978 per
2965 1907 3119 1960 latam
3163 1904 3294 1959 viam
3335 1903 3686 1956 ombnlarunt.

2093 2028 2163 2041 -—-
2188 1999 2294 2053 Sed
2339 2009 2396 2054 ut
2431 1999 2681 2054 omnibus
2710 1999 2982 2053 intellectu
3027 1996 3192 2051 facilis
3223 1996 3311 2049 flat
3336 1997 3528 2061 oratio,
3559 2008 3674 2062 age.

2095 2091 2141 2143 si
2168 2090 2396 2158 videtur,
2430 2105 2544 2156 eos,
2577 2090 2666 2161 qui
2698 2105 2792 2159 per
2838 2089 2996 2142 latam
3029 2097 3238 2158 portam
3270 2087 3489 2155 ingressi
3529 2099 3676 2148 suam,

2097 2192 2148 2237 et
2171 2199 2266 2254 per
2287 2184 2573 2254 spatiosam
2600 2182 2738 2238 viam
2778 2183 3109 2236 incesserunt
3151 2181 3203 2233 in
3234 2178 3470 2234 medium
3507 2178 3679 2231 adre-

2095 2289 2302 2342 ceruus,
2327 2284 2382 2330 et
2407 2275 2524 2344 quis
2553 2289 2648 2329 eos
2673 2273 2886 2329 tandem
2918 2272 3037 2326 finis
3067 2271 3336 2341 exceperit
3365 2269 3682 2331 videamus;

2097 2365 2328 2435 itemque
2353 2365 2469 2419 illos
2499 2365 2584 2434 qui
2612 2379 2710 2434 per
2737 2373 3012 2433 angustam
3041 2371 3244 2430 portam
3279 2360 3501 2428 ingressi
3527 2369 3674 2421 sunt,

2097 2467 2152 2512 et
2181 2473 2276 2527 per
2298 2465 2499 2510 arctam
2530 2455 2690 2519 viam,
2730 2463 2784 2509 et
2816 2469 2933 2522 quin
2963 2451 3172 2506 tandem
3216 2451 3309 2514 isti,
3330 2450 3469 2502 bona
3506 2449 3684 2502 sortiti

2097 2547 2317 2614 fuerint,
2349 2560 2755 2617 cognoscamus.
2805 2543 2984 2600 Unum
3022 2543 3180 2612 igitur
3221 2557 3287 2596 ex
3325 2543 3407 2601 iis,
3453 2539 3542 2609 qui
3587 2553 3682 2608 per

2099 2639 2257 2694 latam
2290 2640 2426 2693 hanc
2461 2647 2666 2708 portam
2707 2638 2988 2700 intrarunt,
3015 2644 3070 2690 et
3091 2649 3252 2688 unum
3275 2648 3338 2686 ex
3367 2633 3447 2695 iis,
3473 2631 3561 2702 qui
3588 2647 3684 2699 per

2098 2739 2373 2800 angustam
2401 2738 2454 2783 ct
2495 2738 2693 2783 arctam
2735 2728 2874 2782 viam
2912 2731 3262 2786 incesserunt.
3301 2724 3452 2777 vobis
3482 2724 3533 2776 in
3561 2740 3679 2777 meo

2099 2821 2244 2878 dium
2274 2823 2623 2890 proferentcs,
2655 2835 2840 2874 eorum
2872 2834 2989 2890 qua:
3031 2833 3059 2871 a
3109 2818 3335 2872 Domino
3371 2816 3510 2870 dicta
3554 2825 3682 2869 sunt

2100 2913 2377 2968 veritatem
2403 2912 2767 2978 ostendamus,
2809 2920 2863 2966 et
2891 2910 3074 2966 eadem
3116 2926 3302 2964 rursus
3347 2910 3555 2963 Domini
3584 2924 3682 2977 pa-

2098 3005 2281 3068 rabola
2312 3017 2541 3062 utamur.
2568 3005 2820 3072 Quisnam
2848 3019 2976 3075 ergo
3005 3012 3085 3059 est
3133 3003 3220 3056 ille
3264 3003 3354 3073 qui
3396 3017 3488 3071 per
3519 3003 3680 3055 latam

2100 3108 2310 3170 portam
2338 3097 2574 3163 intravit,
2597 3106 2651 3152 et
2679 3093 2964 3166 spatiosam
2997 3096 3139 3149 viam
3166 3094 3500 3164 peragravit?
3528 3094 3682 3148 Prius

2101 3192 2242 3246 enim
2269 3191 2388 3261 quis
2411 3190 2509 3245 istc
2535 3191 2604 3244 sit
2642 3191 2890 3244 convenit
2917 3187 3155 3253 indicari,
3178 3196 3539 3258 quantumque
3559 3201 3687 3256 spa-

2103 3282 2233 3336 tium
2263 3282 2360 3336 vite
2385 3280 2695 3346 confecerit,
2724 3280 2997 3348 perlatam
3031 3277 3304 3342 incedens,
3330 3292 3394 3332 ac
3421 3285 3534 3331 tum
3563 3293 3683 3331 ma-

2100 3373 2349 3429 nifestum
2378 3372 2528 3428 vobis
2553 3371 2799 3437 reddere,
2828 3371 2880 3424 in
2900 3385 3058 3440 quem
3082 3369 3291 3423 tandem
3322 3367 3482 3424 tinem
3503 3367 3685 3424 desie-

2101 3465 2190 3519 rit.
2247 3465 2325 3518 Ac
2359 3463 2472 3518 scio
2509 3462 2754 3534 equidem
2801 3475 2898 3516 vos
2944 3461 3184 3515 homines
3215 3459 3548 3530 perspicaces
3568 3460 3683 3528 jam

2100 3557 2223 3628 quid
2250 3555 2439 3611 dicturi
2468 3555 2634 3610 simus
2672 3553 2965 3623 intelligere
3000 3569 3016 3607 :
3060 3552 3406 3606 nihilominus
3444 3563 3626 3607 tamen
3653 3568 3683 3605 a

2104 3651 2255 3704 nobis
2277 3649 2385 3706 dici
2417 3663 2637 3704 necesse
2663 3658 2764 3704 est.
2820 3647 3085 3702 Revocate
3111 3647 3259 3702 vobis
3288 3647 3339 3700 in
3365 3648 3684 3702 memoriam

2103 3744 2319 3799 divitem
2369 3744 2538 3807 illum,
2580 3742 2670 3813 qui
2719 3741 2957 3812 quotidie
3002 3755 3233 3812 purpura
3277 3739 3599 3795 induebatur
3630 3749 3685 3795 et

2103 3835 2285 3906 bysso,
2341 3835 2430 3905 qui
2472 3833 2790 3903 epulabatur
2836 3831 3138 3902 splendide,
3188 3831 3277 3901 qui
3317 3833 3583 3900 parasitos
3629 3840 3681 3885 et

2104 3925 2406 3981 adulatores
2450 3925 2642 3989 alebat,
2686 3924 2777 3994 qui
2822 3923 3046 3977 multant
3089 3937 3295 3977 merum
3347 3920 3680 3986 infundebat,

2104 4019 2192 4088 qui
2222 4016 2455 4088 quotidie
2486 4026 2726 4072 ventrem
2772 4015 3106 4082 saburrahat,
3133 4014 3221 4085 qui
3260 4013 3442 4069 multis
3461 4027 3524 4068 se
3552 4013 3684 4067 deli-
3732 4055 3734 4058 μ

2104 4110 2201 4164 ciis
2230 4107 2603 4180 ingurgitabat,
2643 4122 2737 4177 per
2778 4106 2940 4162 latam
2987 4117 3191 4176 portam
3247 4105 3540 4175 ingressus,
3588 4120 3681 4157 vo.

2106 4203 2306 4271 luptatc
2329 4217 2393 4255 ac
2437 4200 2612 4254 lu‘tilia
2645 4199 2905 4254 mundana
2937 4209 3195 4268 perpetuo
3224 4196 3519 4251 fruebatur.
3552 4196 3680 4250 Nam

2106 4294 2180 4348 illi
2211 4302 2398 4348 cuncta
2424 4292 2568 4347 velut
2585 4307 2651 4345 ex
2682 4289 2831 4346 fonte
2857 4289 3169 4356 afﬂuebant,
3192 4290 3416 4344 multum
3443 4289 3682 4342 ministe-

2107 4387 2267 4450 rium,
2297 4385 2570 4439 immensae
2610 4383 2834 4446 delicite,
2879 4383 3120 4452 corporis
3169 4389 3388 4446 sanitas,
3435 4383 3684 4450 pecunia-

2105 4493 2220 4531 rum
2275 4476 2447 4545 copia,
2497 4474 2705 4530 delatus
2749 4491 2781 4528 a
2835 4474 3014 4528 multis
3065 4475 3252 4540 honor,
3292 4484 3682 4528 assentatorum

2104 4569 2308 4634 laudes,
2337 4568 2466 4622 nihil
2494 4568 2703 4623 interim
2729 4574 2865 4632 erat,
2878 4567 3016 4639 quod
3037 4567 3110 4622 illi
3133 4567 3402 4621 tristitiam
3423 4567 3643 4622 afferret
3667 4586 3680 4620 :

2106 4662 2324 4731 etquod
2354 4661 2528 4731 majus
2550 4671 2650 4724 est,
2684 4677 2804 4716 cum
2845 4671 2984 4716 totos
3026 4661 3143 4716 dies
3173 4659 3405 4730 crapulm
3446 4660 3686 4730 ειιιειιηυε

2107 4767 2301 4808 vacans
2327 4753 2664 4823 transigeret,
2688 4767 2795 4807 non
2814 4751 2972 4806 modo
2995 4765 3245 4820 prospera
3270 4752 3512 4819 corporis
3540 4752 3681 4806 vale-

2108 4845 2287 4899 tudine
2309 4843 2598 4909 fruebatur,
2632 4853 2686 4898 et
2711 4845 2763 4897 in
2794 4843 3076 4898 securitate
3098 4857 3302 4897 summa
3322 4841 3574 4913 degebat,
3596 4844 3684 4897 sed

2107 4947 2161 4992 et
2185 4952 2470 5006 pauperem
2501 4936 2756 4990 Lazarum
2787 4935 2840 4987 in
2868 4933 3132 4988 vestibulo
3155 4933 3440 5003 iacentem,
3471 4934 3684 5004 plenum

2070 5069 2072 5071 ›
2107 5029 2394 5094 ulceribus,
2439 5029 2712 5083 obsessum
2757 5041 2785 5078 a
2829 5025 3082 5088 canibus,
3115 5025 3205 5094 qui
3248 5025 3468 5079 vulnera
3523 5024 3682 5092 linge-

2109 5123 2254 5187 bant,
2301 5121 2543 5191 fameque
2593 5119 2891 5174 confectum
2941 5118 3320 5172 immisericors
3359 5117 3685 5185 praeteribat,

2107 5222 2252 5266 etne
2292 5212 2456 5267 micas
2479 5209 2692 5280 quidem
2731 5209 2804 5262 illi
2850 5208 3123 5278 impertire
3146 5205 3480 5276 dignabatur.
3512 5207 3685 5274 Atque

2108 5302 2194 5358 hic
2216 5302 2428 5372 quidem
2455 5317 2548 5371 per
2574 5301 2732 5355 latam
2757 5308 2966 5370 portam
2992 5300 3259 5370 ingressus
3282 5311 3374 5364 per
3393 5298 3683 5365 Spatiosam

2106 5395 2244 5448 viam
2269 5393 2564 5456 incedebat,
2598 5391 2738 5444 viam
2761 5390 3089 5452 deliciarum,
3126 5387 3570 5458 intemperantiae.
3614 5389 3679 5439 ri-

2105 5499 2213 5548 sus,
2248 5482 2523 5552 voluptatis
2549 5523 2563 5546 ,
2605 5480 2976 5548 helluatiouis,
3012 5479 3296 5541 ebrietatis,
3333 5479 3678 5548 pecuniarum

2106 5577 2289 5646 copiae,
2335 5574 2570 5630 mollitiei
2614 5573 2666 5629 in
2704 5574 3032 5630 chtimentis
3069 5590 3083 5626 :
3122 5586 3184 5626 ac
3226 5571 3312 5626 diu
3357 5577 3522 5635 totum
3568 5571 3680 5621 vine

2110 5670 2262 5741 hujus
2292 5677 2496 5739 tempus
2523 5683 2617 5738 per
2655 5669 2937 5739 spatiosam
2967 5668 3103 5722 viain
3143 5663 3440 5722 incedendo
3475 5675 3679 5716 transe-
