3884 6264
533 485 669 543 {0-69

533 599 638 654 Καὶ
673 599 834 672 μέχρι
881 599 1074 656 πολλοῦ
1115 596 1292 650 πάντα
1328 598 1418 649 τὸν
1456 598 1646 668 χρόνον
1681 599 1777 666 τῆς
1821 592 2098 664 παρούσης

533 683 678 752 ζωῆς
697 683 796 752 τὴν
829 679 1138 752 εὐρύχωρον
1166 678 1283 733 ὁδὸν
1312 679 1579 742 ἑϐάδισεν,
1616 678 1826 739 οὐδενὸς
1857 673 2102 746 λυπηροῦ

534 769 728 836 πεῖραν
749 763 949 827 λαϐὼν,
981 761 1116 816 ἀλλά
1138 762 1367 816 πάντοτε
1390 763 1448 828 ἐξ
1469 763 1660 833 οὐρίας
1675 760 1990 831 φερόμενος,
2009 758 2104 811 καὶ

533 851 625 904 ἆτε
651 848 715 920 δὴ
748 848 834 901 ἀεὶ
861 848 926 901 δι’
961 847 1274 918 εὐρυχώρου
1309 846 1538 916 βαδίζων
1560 845 1700 910 ὁδοῦ,
1735 844 1870 915 μετά
1897 842 2096 907 πολλῆς

531 934 630 1002 τῆς
675 932 856 994 ἁδείας
887 929 1179 1001 διέτρεχεν.
1230 928 1480 999 Οὐδαμοῦ
1538 928 1813 989 σκόπελοι,
1867 924 2102 995 οὐδαμοῦ

532 1015 788 1086 κρημνοὶ,
823 1013 1059 1084 οὐδαμοῦ
1095 1012 1288 1080 ὕφαλοι
1314 1011 1565 1074 σπιλάδες
1588 1020 1640 1074 ι,
1673 1009 1910 1080 οὐδαμοῦ
1943 1007 2107 1061 ναυά-

531 1115 670 1165 γιον,
707 1095 943 1166 οὐδαμοῦ
979 1094 1264 1166 ἀνώμαλος
1309 1093 1580 1165 μεταϐολὴ
1606 1133 1621 1158 ,
1666 1093 1801 1146 ἀλλά
1843 1091 2108 1162 διηνεκῶς

535 1179 760 1249 στερεὰν
789 1179 884 1231 καὶ
914 1177 1155 1231 ἰσόπεδον
1180 1177 1401 1241 ὁδεύων,
1425 1175 1568 1229 οὕτω
1597 1175 1690 1229 τὸν
1721 1174 1964 1244 παρόντα
1995 1172 2106 1243 βίον

533 1262 810 1332 διέδραμε,
846 1260 967 1314 καθ’
998 1261 1235 1330 ἑκάστην
1263 1260 1362 1331 τὴν
1403 1259 1617 1330 ἡμέραν
1641 1258 1744 1311 ὑπὸ
1781 1258 1888 1310 τῶν
1926 1257 2105 1328 κυμά-

534 1361 641 1396 των
657 1344 755 1413 τῆς
775 1344 971 1405 κακίας
999 1342 1522 1412 καταποντιζόμενος
1544 1341 1594 1405 b,
1622 1341 1716 1394 καὶ
1731 1341 1791 1394 οὐ
1817 1339 2108 1410 λαμϐάνων

536 1428 782 1497 αἴσθησιν
807 1444 820 1457 ·
864 1427 984 1480 καθ’
1013 1427 1246 1496 ἑκάστην
1291 1425 1502 1496 ἡμέραν
1532 1423 1972 1494 σπαραττόμενος
2005 1422 2108 1475 ὑπὸ

536 1511 643 1562 τῶν
672 1510 885 1564 ἀτόπων
909 1508 1232 1579 ἐπιθυμιῶν,
1265 1509 1360 1562 καὶ
1393 1507 1592 1578 μᾶλλον
1621 1507 1878 1576 ἡδόμενος
1898 1523 1910 1535 ·
1941 1506 2110 1575 διηνε-

536 1593 648 1656 κῶς
689 1591 1143 1664 πολιορκούμενος
1174 1591 1277 1644 ὑπὸ
1300 1590 1611 1659 ἀσελγείας,
1638 1589 1746 1642 ὑπὸ
1769 1605 2110 1660 γαστριμαρι

535 1676 681 1745 γίας,
717 1676 941 1746 ὑπὸτῆς
989 1674 1096 1727 τῶν
1145 1674 1441 1745 χρημάτων
1471 1672 1687 1744 μανίας,
1725 1672 1820 1725 καὶ
1857 1671 2111 1742 οὐδεμίαν

535 1761 644 1814 τῶν
675 1759 866 1813 δεινῶν
911 1758 1202 1828 λαμϐάνων
1228 1757 1327 1827 τὴν
1371 1755 1646 1826 αἴσθησιν,
1696 1755 1818 1808 οὐδέ
1874 1754 2112 1825 προϊδεῖν

535 1843 831 1914 δυνάμενος
859 1842 956 1912 τῆς
984 1839 1102 1894 ὁδοῦ
1129 1839 1187 1892 16
1206 1838 1381 1902 τέλος,
1427 1838 1562 1892 ἀλλά
1592 1839 1651 1892 τὸ
1675 1837 1850 1908 παρὸν
1884 1837 1984 1907 ἡδὺ
2014 1836 2112 1907 μό-

539 1944 630 1982 νον
667 1924 1065 1997 καρπούμενος,
1087 1922 1342 1992 οὐδεμίαν
1383 1921 1590 1976 ἔννοιαν
1619 1920 1887 1992 ἐλάμϐανε
1915 1921 2013 1990 τῆς
2036 1919 2116 1972 δι⁶

537 2008 767 2081 ηνεκοῦς
790 2007 1000 2077 ὀδύνης,
1025 2005 1160 2059 ἀλλὰ
1181 2003 1559 2074 ἀπατώμενος,
1581 2005 1656 2068 ὡς
1683 2005 1877 2068 εἰπεῖν,
1903 2001 2114 2066 ἐϐάδιζε

538 2093 638 2164 τὴν
667 2090 978 2162 εὐρύχωρον
1005 2088 1142 2153 ὁδὸν,
1170 2089 1247 2151 εἰς
1268 2087 1426 2140 αὐτὸν
1451 2087 1540 2140 τὸν
1571 2086 1813 2158 κρημνὸν
1835 2085 2116 2154 ἐπειγόμε-

539 2193 650 2238 νος,
686 2174 790 2227 ὑπὸ
816 2174 913 2243 τῆς
937 2171 1134 2240 πολλῆς
1165 2170 1334 2241 μέθης
1362 2170 1592 2224 συνιδεῖν
1612 2171 1711 2223 οὐκ
1735 2169 1892 2240 ἔχων.
1925 2169 1989 2221 Ἦ
2007 2167 2116 2237 γάρ

542 2259 600 2310 ἐν
649 2257 784 2310 πᾶσι
836 2256 949 2317 τοῖς
1003 2253 1275 2324 βιωτικοῖς
1334 2253 1604 2324 εὐημερία
1660 2250 2118 2304 καταϐαπτίσασα

542 2337 708 2395 αὐτοῦ
737 2338 829 2393 τὸν
855 2336 1133 2406 λογισμὸν,
1162 2334 1438 2405 ἐτύφλωσε
1477 2335 1535 2388 τὸ
1555 2337 1709 2405 ὄμμα
1739 2335 1838 2404 τῆς
1859 2333 2114 2398 διανοίας,

544 2423 638 2474 καὶ
665 2419 914 2486 καθάπερ
950 2419 1351 2489 πεπηρωμένος
1375 2417 1560 2471 λοιπὸν
1604 2417 1702 2481 τὰς
1729 2416 1900 2486 ὄψεις,
1946 2415 2117 2480 οὑτως

543 2502 810 2569 ἐϐάδιζεν,
839 2502 938 2555 οὐκ
961 2499 1114 2563 εἰδὼς
1134 2500 1235 2553 ποῦ
1264 2501 1507 2571 φέρεται·
1531 2501 1672 2570 τάχα
1697 2500 1753 2553 δὲ
1772 2501 1892 2552 οὐδὲ
1913 2499 2118 2553 ἔννοιαν

543 2585 815 2657 ἐλάμϐανε
834 2584 934 2653 τῆς
967 2584 1313 2655 ἀνθρωπίνης
1333 2584 1568 2652 φύσεως,
1587 2583 1729 2654 ὁρῶν
1758 2583 1947 2636 ἑαυτὸν
1969 2583 2119 2636 οὐδε-

548 2671 675 2743 μίαν
705 2668 989 2724 δυσκολίαν
1019 2667 1376 2738 ὐπομένοντα.
1401 2667 1535 2722 Οὐδὲ
1558 2667 1666 2738 γάρ
1689 2667 1895 2739 ἐτρύφα
1937 2668 2116 2738 μόνον,

544 2753 679 2807 ἀλλά
728 2753 821 2806 καὶ
880 2749 1158 2807 ἐπλούτειο
1199 2751 1318 2804 οὐδέ
1358 2749 1606 2803 ἐπλούτει
1635 2750 1814 2820 μόνον,
1859 2750 1996 2804 ἀλλά
2028 2752 2121 2804 καὶ

545 2835 732 2905 ὑγείας
751 2834 1003 2905 σώματος
1022 2832 1299 2904 ἀπήλαυεν
1319 2849 1333 2865 ο
1359 2834 1479 2886 οὐδέ
1519 2833 1704 2903 ὑγείας
1747 2833 1996 2904 σώματος
2024 2834 2122 2886 ἀπ-

548 2920 719 2991 ήλαυε
749 2917 929 2990 μόνον,
969 2916 1104 2971 ἀλλά
1135 2918 1228 2970 καὶ
1263 2916 1578 2988 θεραπείας,
1617 2918 1710 2970 καὶ
1737 2918 1797 2970 οὐ
1827 2916 2122 2988 θεραπείας

547 3001 706 3074 μόνον
739 3001 962 3072 πολλῆς,
993 3001 1129 3054 ἀλλὰ
1159 3001 1252 3054 καὶ
1273 3001 1596 3072 ἐπιρρέοντα
1627 2998 1813 3071 ῶσπερ
1839 3001 1902 3053 ἐκ
1932 2999 2122 3070 πηγῶν

545 3085 696 3158 αὐτῷ
725 3086 903 3140 πάντα
947 3084 1110 3156 ὁρῶν,
1146 3086 1203 3137 ἑν
1237 3083 1398 3155 ἡδονῇ
1429 3085 1581 3155 διῆγε
1612 3085 1865 3155 διηνεκεῖ.
1916 3085 2120 3148 Εῖδετε,

547 3171 842 3242 ἀγαπητοὶ,
873 3169 963 3223 τὸν
995 3168 1085 3222 διὰ
1126 3168 1225 3237 τῆς
1279 3167 1538 3231 πλατείας
1572 3167 1745 3238 πύλης
1791 3168 2120 3230 εἰσελθόντα,

546 3253 644 3310 καὶ
687 3252 784 3325 τὴν
823 3251 1134 3323 εὐρύχωρον
1181 3249 1296 3304 ὁδὸν
1347 3249 1415 3302 δι’
1454 3249 1574 3302 ὅλου
1618 3249 1910 3320 βαδίσαντα
1937 3291 1951 3314 ,
1993 3251 2125 3321 ὅσης

547 3335 786 3400 ἀνέσεως
809 3335 1124 3406 ἀπήλαυεν;

631 3418 791 3473 Ἀλλά
845 3417 1034 3489 μηδεὶς
1084 3416 1192 3469 τῶν
1250 3415 1425 3469 ταῦτα
1480 3415 1783 3470 ἀκουόντων
1856 3416 1960 3487 πρὸ
2027 3415 2124 3469 τοῦ

547 3503 736 3566 τέλους
777 3500 1078 3574 μακαρίσαι
1126 3498 1288 3554 αὐτὸν
1335 3499 1658 3571 ἀνάσχηται,
1703 3499 1839 3553 ἀλλὰ
1894 3500 2125 3570 ἀναμει-

548 3587 694 3643 νάτω
711 3586 819 3640 τῶν
842 3585 1181 3656 πραγμάτων
1196 3582 1256 3635 τὸ
1274 3582 1448 3646 τέλος,
1466 3585 1560 3636 καὶ
1577 3584 1697 3637 τότε
1710 3585 1846 3636 οἴσει
1858 3583 1953 3656 τὴν
1972 3582 2124 3656 [795]

547 3671 745 3744 ψῆφον.
768 3671 832 3723 Et
850 3669 998 3722 δοκεῖ
1027 3659 1228 3732 τοίνυν,
1252 3666 1460 3720 καὶτὸν
1486 3667 1572 3720 διὰ
1602 3667 1700 3736 τῆς
1736 3667 1927 3737 στενῆς
1952 3667 2126 3738 πύλης

547 3754 875 3818 εἰσελθόντα,
905 3753 1000 3806 καὶ
1023 3751 1121 3823 τὴν
1139 3750 1504 3822 τεθλιμμένην
1531 3750 1648 3804 ὁδὸν
1665 3749 1956 3804 ὁδεύσαντα
1981 3767 2128 3822 παρ-

550 3841 845 3909 αγάγωμεν
875 3839 954 3901 εἰς
983 3837 1168 3908 μέσον,
1199 3827 1295 3888 καὶ
1323 3833 1466 3888 οὕτω
1498 3835 1560 3888 τὸ
1611 3834 1763 3898 τέλος
1795 3833 2125 3906 ἀμφοτέρων

552 3921 896 3991 θεασάμενοι,
934 3919 1033 3990 τὴν
1085 3920 1470 3990 προσήκουσαν
1518 3917 1647 3989 περὶ
1679 3916 1910 3972 ἑκάστου
1948 3917 2127 3988 ψῆφον

549 4003 792 4074 οἴσομεν.
833 4001 964 4056 Τίνα
985 4001 1040 4054 δὲ
1068 4000 1226 4054 ἀλλον
1251 4001 1446 4072 ἔχομεν
1471 4000 1566 4054 νῦν
1601 4003 1964 4073 παραγαγεῖν,
1983 4000 2016 4070 ἡ
2034 4000 2128 4053 τὸν

549 4088 824 4160 Λάζαρον,
876 4085 966 4138 τὸν
1012 4084 1104 4137 ἐπὶ
1130 4083 1224 4137 τοῦ
1259 4084 1503 4148 πυλῶνος
1541 4083 1633 4137 τοῦ
1668 4083 1922 4136 πλουσίου
1955 4100 2128 4137 κατα-

552 4171 824 4241 κείμενον,
843 4169 936 4221 καὶ
965 4167 1070 4221 ὑπὸ
1089 4168 1196 4222 τῶν
1215 4168 1389 4221 ἑλκῶν
1407 4167 1628 4222 ἐκείνων
1647 4166 2126 4239 πολιορκούμενον,

554 4255 648 4308 καὶ
670 4252 883 4324 ὁρῶντα
924 4250 1023 4314 τὰς
1052 4249 1304 4320 γλώσσας
1332 4251 1440 4304 τῶν
1463 4251 1641 4304 κυνῶν
1661 4251 1938 4320 ψαυούσας
1964 4251 2127 4305 αὐτοῦ

552 4336 663 4390 τῶν
681 4334 1032 4406 τραυμάτων,
1051 4333 1146 4387 καὶ
1169 4333 1301 4404 μηδὲ
1321 4333 1591 4388 ἀπελάσαι
1611 4333 1830 4396 τούτους
1844 4333 2126 4403 ἰσχύοντας

553 4419 822 4490 Καθάπερ
850 4417 957 4490 γὰρ
985 4419 1188 4480 ἐκεῖνος
1203 4415 1290 4468 διὰ
1309 4418 1409 4488 τῆς
1441 4415 1701 4479 πλατείας
1730 4415 2008 4480 εἰσελθὼν,
2031 4417 2131 4486 τὴν

555 4501 866 4575 εὐρύχωρον
899 4500 1176 4564 ἐϐάδιζεν·
1213 4499 1357 4553 οὑτω
1381 4500 1444 4570 δὴ
1467 4501 1560 4553 καὶ⁹
1605 4501 1635 4552 6
1667 4501 1938 4572 μακάριος
1975 4495 2130 4564 οὗτος

557 4585 850 4657 (μακάριον
871 4583 980 4656 γὰρ
1003 4583 1166 4637 αὐτὸν
1195 4581 1292 4654 ἤδη
1322 4581 1473 4635 καλῶ
1492 4581 1579 4638 διά
1611 4585 1710 4654 τῆς
1738 4582 1930 4652 στενῆς
1959 4582 2132 4636 εἰσελ-

557 4666 670 4722 θεῖν
713 4667 998 4738 ἑλόμενον)
1047 4665 1264 4736 εἰσῆλθε
1305 4664 1393 4718 διὰ
1430 4665 1527 4735 τῆς
1574 4666 1769 4737 στενῆς
1803 4665 1980 4737 πύλης
2028 4667 2130 4736 τῆς

554 4749 885 4812 ἀπεναντίας
900 4759 920 4788 ε
942 4748 1156 4819 ἐκείνης
1172 4749 1350 4802 πάντα
1369 4747 1615 4818 ἐχούσης.
1639 4749 1906 4820 Καθάπερ
1928 4751 2131 4813 ἐκεῖνος

555 4831 820 4905 διηνεκῶς
849 4830 1078 4903 ἐτρύφα,
1114 4829 1256 4884 οὕτω
1282 4831 1376 4885 καὶ
1397 4823 1551 4894 οὗτος
1580 4831 1723 4902 λιμῷ
1763 4831 2006 4886 παλαίων
2053 4831 2133 4884 δι-

557 4915 752 4970 ετέλει.
782 4916 891 4968 Καὶ
920 4916 1124 4977 ἐκεῖνος
1156 4913 1254 4984 μὲν
1294 4913 1430 4984 μετά
1458 4915 1558 4983 τῆς
1584 4915 1798 4984 τρυφῆς
1821 4915 1916 4968 καὶ
1945 4915 2132 4984 ὑγείας

559 4998 812 5070 σώματος
835 4998 1081 5069 ἀπήλαυε
1117 4999 1209 5050 καὶ
1249 4996 1547 5068 χρημάτων
1585 4999 1918 5067 περιουσίας,
1953 5001 2044 5052 καὶ
2073 4999 2131 5053 ἐν

555 5082 970 5153 γαστριμαργίᾳ
1009 5081 1102 5133 καὶ
1145 5081 1283 5154 μέθῃ
1313 5081 1653 5152 διημερεύων
1683 5083 2092 5138 κατεδαπανᾶτο
2115 5099 2129 5113 ·

557 5159 711 5228 οὗτος
733 5165 790 5217 δὲ
817 5165 954 5235 μετά
979 5163 1073 5216 τοῦ
1101 5164 1261 5234 λιμοῦ
1290 5165 1385 5217 καὶ
1412 5165 1617 5235 ἐσχάτῃ
1636 5165 1794 5237 πενίᾳ
1812 5165 2134 5236 περιϐεϐλη-

563 5248 722 5318 μένος
741 5248 836 5299 καὶ
856 5247 996 5317 νόσῳ
1027 5246 1264 5316 διηνεκεῖ
1292 5247 1385 5299 καὶ
1412 5247 1628 5302 ἕλκεσιν
1660 5250 1978 5319 άφορὴτοις,
2009 5250 2131 5303 οὑδὲ

556 5331 659 5398 τῆς
700 5330 1004 5398 ἀναγκαίας
1039 5329 1270 5399 ηὐπόρει
1314 5331 1540 5401 τροφῆς,
1602 5331 1738 5384 ἀλλά
1788 5332 1895 5385 τῶν
1937 5332 2133 5403 ψιχίων

557 5414 821 5483 ἐπεθύμει
853 5414 960 5467 τῶν
996 5413 1104 5466 ἀπὸ
1144 5413 1244 5482 τῆς
1273 5414 1552 5483 τραπέζης
1581 5415 1676 5469 τού
1722 5416 2000 5482 πλουσίου,
2043 5419 2135 5472 καὶ

557 5497 679 5549 οὐδὲ
701 5497 904 5551 τούτων
932 5497 1147 5566 ἠξίωτο.

631 5575 784 5641 Εἶδες
817 5581 932 5643 πῶς
975 5579 1063 5632 διὰ
1098 5580 1198 5649 τῆς
1233 5580 1422 5650 στενῆς
1449 5581 1621 5651 πύλης
1663 5576 1819 5645 οὗτος
1854 5583 2129 5647 εἰσελθὼν,

559 5659 654 5729 τὴν
677 5662 1039 5732 τεθλιμμένην
1065 5664 1180 5716 ὁδὸν
1212 5663 1474 5732 διηνεκῶς
1519 5665 1794 5733 ἐϐάδιξεν;
1832 5663 1972 5729 εἶδες
2021 5667 2133 5730 πῶς

619 5755 648 5786 ⁸
669 5752 764 5802 Alii
788 5757 954 5815 ὕφαλοι
980 5757 1057 5800 καὶ
1081 5756 1315 5809 σπιλάδες.

623 5825 646 5850 "
670 5817 767 5865 Alii
790 5819 1262 5875 καταδαπτιζομενοε.

627 5881 646 5904 θ
674 5879 783 5944 Duo_
800 5891 915 5924 mss.
953 5878 1241 5944 απεναντίας,
1270 5881 1426 5938 inquit
1465 5880 1648 5927 Monliﬁ
1684 5884 1768 5941 qui
1800 5879 1992 5943 lcgobal
2020 5895 2133 5944 pcr-

565 5951 730 5998 pciam
765 5941 1028 5987 ἀπεναντῖα.
1057 5939 1185 5986 Ιίυιτ,

1203 489 1264 548 S.
1303 487 1587 545 JOA‘NMS
1627 482 2118 540 CHRYSOS'I'UMI
2163 481 2482 540 ARCIHEP.
2525 481 3086 540 CONSTANTINOPJ

3651 465 3778 521 {0'0

2203 577 2411 653 ἐκεῖνος
2434 589 2523 644 διὰ
2550 589 2650 659 τῆς
2694 588 2952 648 πλατείας
2991 583 3168 654 πύλης
3210 583 3306 636 καὶ
3336 581 3437 650 τῆς
3466 577 3777 651 εὐρυχώρου

2201 671 2320 725 ὁδοῦ
2375 671 2698 744 ἑπορεύετο;
2756 669 2895 723 Ἀλλ’
2928 669 3128 739 ἴδωμεν
3156 667 3344 720 λοιπὸν
3391 664 3682 736 ἑκατέρων
3723 663 3776 713 τὸ

2201 755 2372 820 τέλος,
2399 759 2492 808 καὶ
2526 755 2642 819 πῶς
2693 755 2791 821 μὲν
2820 755 3030 814 ἐκεῖνος
3079 753 3159 814 εἰς
3202 750 3390 802 στενὸν
3441 746 3778 816 κατέστρεψε

2203 839 2374 903 τέλος,
2411 840 2528 902 πῶς
2560 839 2616 892 δέ
2648 831 2806 902 οὗτος
2847 838 2928 899 εἰς
2977 835 3152 888 πλατὺ
3185 835 3280 886 καὶ
3313 831 3523 901 πολλῆς
3551 831 3780 892 ἀνέσεως

2203 925 2370 994 γέμον
2393 941 2407 955 ο
2443 925 2529 977 ἴνα
2566 923 2740 976 ταῦτα
2782 921 3047 991 μαθόντες
3080 918 3344 989 ἀκριϐῶς,
3381 915 3464 986 μὴ
3495 915 3599 985 τὴν
3628 913 3781 982 εὐρύ-

2203 1024 2381 1078 χωρον
2412 1009 2475 1060 ἐκ
2501 1007 2702 1070 παντὸς
2750 1005 2954 1076 τρόπου
2993 1002 3279 1072 διώκωμεν
3325 1001 3472 1063 ὁδὸν,
3527 997 3666 1070 μηδὲ
3706 996 3783 1048 διὰ

2205 1091 2306 1160 τῆς
2339 1089 2599 1153 πλατείας
2625 1089 2799 1160 πύλης
2833 1084 3178 1156 είσέρχεσθαι
3206 1083 3631 1152 σπουδάζωμεν,
3660 1079 3782 1133 ἀλλὰ

2204 1172 2302 1243 τὴν
2357 1173 2550 1243 στενὴν
2583 1172 2759 1241 πύλην
2801 1167 3252 1240 μεταδιώκωμεν,
3291 1167 3388 1220 καὶ
3421 1166 3528 1236 τὴν
3575 1163 3784 1231 τεθλιμ-

2209 1255 2378 1326 μένην
2412 1256 2530 1309 ὁδὸν
2569 1255 2896 1326 βαδίζωμεν,
2926 1254 3014 1306 ἵνα
3049 1254 3131 1315 εἰς
3156 1251 3394 1323 χρηστὸν
3428 1251 3529 1303 καὶ⁵
3557 1248 3784 1308 ἀνέσεως

2207 1341 2377 1408 γέμον
2412 1339 2567 1402 τέλος
2592 1337 2928 1406 καταντῆσαι
2956 1333 3298 1402 δυνηθῶμεν.

2295 1421 2508 1491 Ἐπειδὴ
2541 1421 2650 1492 γάρ
2674 1420 2734 1474 τὸ
2759 1419 2912 1482 τέλος
2939 1417 3044 1488 τῆς
3070 1416 3308 1470 ἑκάστου
3343 1415 3496 1486 ζωῆς
3538 1413 3784 1483 ἔφθασεν.

2209 1505 2310 1575 ὅρα
2338 1503 2390 1556 τί
2421 1521 2553 1575 φησι
2572 1504 2701 1574 περὶ
2723 1503 2818 1556 τοῦ
2843 1504 2944 1573 τὴν
2968 1500 3335 1570 τεθλιμμένην
3354 1498 3641 1560 ὁδεύοντος
3668 1498 3788 1566 πρό-

2209 1604 2389 1659 τερον.
2435 1587 2700 1657 Ἐγένετο
2718 1585 2806 1652 δὲ,
2834 1587 3018 1656 φησὶν,
3045 1583 3368 1640 ἀποθανεῖν
3394 1582 3507 1636 τὸν
3534 1581 3785 1650 πτωχὸν,

2211 1669 2312 1723 καὶ
2339 1668 2748 1740 ἀπενεχθῆναι
2797 1670 2986 1724 αὐτὸν
3029 1671 3149 1725 ὑπὸ
3178 1667 3298 1722 τῶν
3340 1665 3625 1736 ἀγγέλων
3654 1663 3683 1702 ά
3711 1665 3786 1728 εἰς

2211 1751 2319 1806 τὸν
2361 1755 2595 1808 κόλπον
2629 1752 2892 1822 Ἀϐραάμ.
2925 1754 3077 1824 Τάχα
3108 1755 3155 1807 οἰ
3194 1750 3418 1820 ἄγγελοι
3451 1750 3671 1819 ἀπῆγον
3701 1748 3786 1799 αὐ-

2210 1837 2302 1891 τὸν
2336 1838 2738 1911 προηγούμενοι
2767 1837 2862 1891 καὶ
2879 1835 3327 1910 δορυφοροῦντες,
3361 1836 3463 1888 καὶ
3494 1837 3582 1896 εἰς
3615 1833 3676 1885 τὸ
3699 1831 3785 1900 τῆς

2211 1921 2451 1986 ἀνέσεως
2500 1922 2698 1993 χωρίον
2753 1922 2892 1992 μετά
2934 1923 3033 1985 τάς
3075 1920 3276 1983 πολλάς
3315 1919 3537 1981 ἐκείνας
3591 1916 3786 1984 θλίψεπ

2213 2007 2310 2059 καὶ
2364 2006 2464 2076 τὴν
2520 2006 2710 2076 στενὴν
2762 2004 3069 2076 ὁδοιπορίαν
3103 2003 3616 2064 ἀποκαθιστῶντες.

2212 2089 2336 2142 ὅσον
2356 2089 2458 2160 τῆς
2485 2089 2678 2159 στενῆς
2704 2089 2882 2159 πύλης
2912 2089 3008 2142 καὶ
3032 2088 3133 2158 τῆς
3166 2085 3542 2157 τεθλιμμένης
3583 2083 3704 2138 660-3
3737 2084 3788 2135 τὺ

2216 2173 2416 2238 πλάτος
2449 2175 2508 2228 ἐν
2542 2173 2620 2242 τῷ
2649 2173 2791 2228 τέλει
2825 2174 3108 2243 φαίνεται;
3163 2175 3308 2244 Ὅρα
3335 2171 3526 2225 λοιπὸν
3569 2171 3670 2224 καὶ
3704 2169 3788 2237 τῆς

2215 2256 2528 2329 εὐρυχώρου
2557 2256 2677 2311 ὁδοῦ
2708 2259 2776 2311 τὰ
2825 2256 3046 2329 ὀλέθρια
3093 2256 3245 2327 τέλη.
3287 2255 3600 2318 Ἀπέθανε,
3633 2253 3788 2323 φησί.

2216 2341 2315 2394 καὶ
2335 2344 2367 2394 ό
2393 2341 2711 2408 πλούσιος,
2732 2341 2829 2396 καὶ
2862 2340 3073 2411 ἐτάφη.
3097 2341 3284 2404 Οὐδεὶς
3304 2342 3332 2394 6
3355 2340 3789 2411 προηγούμενα,

2216 2422 2392 2487 οὐδεὶς
2439 2425 2468 2477 6
2497 2423 2830 2495 δορυφορῶν,
2861 2424 3035 2486 οὐδεὶς
3071 2427 3099 2477 6
3139 2422 3371 2492 ὁδηγῶν,
3412 2423 3677 2493 καθάπρ
3711 2423 3789 2474 τὴν

2217 2505 2487 2578 Λάζαρον.
2533 2507 2750 2578 Ἐπειδὴ
2793 2507 2902 2579 γάρ
2934 2508 2992 2560 ἐν
3036 2509 3100 2578 τῇ
3130 2507 3429 2579 εὐρυχώρῳ
3458 2505 3568 2576 ὁδῷ
3597 2506 3791 2559 τούτων

2219 2589 2474 2642 ἁπάντων
2525 2589 2798 2660 ἀπήλαυε,
2829 2590 2925 2643 καὶ
2965 2589 3192 2652 πολλοὺς
3233 2589 3357 2660 ἔσχε
3414 2591 3547 2652 τοὺς
3575 2588 3793 2659 δορυφο-

2220 2672 2468 2743 ροῦντας,
2522 2675 2649 2737 τοὺς
2699 2673 3118 2745 θεραπεύοντας,
3146 2673 3284 2737 ’τούς
3337 2672 3585 2735 κόλακας
3639 2673 3790 2739 λέγω.

2217 2757 2345 2820 τοὺς
2368 2756 2720 2828 παρασίτους,
2755 2757 2916 2829 ἡνίκα
2944 2758 3080 2829 πρὸς
3093 2759 3154 2810 τὸ
3177 2757 3328 2820 τέλος
3348 2757 3578 2826 ἔφθασε,
3599 2757 3794 2827 γυμνὸς

2221 2839 2315 2893 καὶ
2344 2839 2549 2911 ἕρημος
2571 2840 2826 2894 ἁπάντων
2845 2840 3034 2910 γέγονε
3065 2841 3201 2910 μετὰ
3220 2840 3320 2904 τὰς
3349 2839 3557 2903 πολλάς
3587 2842 3795 2900 ὲκείνας

2221 2923 2458 2987 ἀνέσεις,
2492 2923 2694 2994 μᾶλλον
2711 2923 2767 2976 δὲ
2794 2923 2932 2994 μετά
2957 2922 3058 2994 τὴν
3085 2923 3340 2994 βραχεῖαν
3367 2923 3592 2994 ἐκείνην
3621 2925 3796 2978 ἄνεσιν

2222 3007 2316 3058 καὶ
2349 3006 2672 3076 εὐημερίαν.
2706 3007 2886 3068 Ἅπας
2916 3005 3028 3076 γὰρ
3050 3008 3078 3060 6
3110 3006 3301 3077 παρὼν
3321 3005 3433 3076 βίος
3460 3006 3703 3078 βραχὺς,
3728 3006 3794 3070 τῷ

2227 3089 2472 3161 μέλλοντι
2511 3089 2669 3144 αἰῶνι
2700 3090 3148 3160 συγκρινόμενος.
3203 3089 3360 3142 Μετά
3399 3088 3497 3160 τὴν
3538 3089 3798 3160 βραχεῖαν

2222 3173 2404 3226 τοίνυν
2449 3174 2655 3235 ἄνεσιν,
2705 3168 2772 3244 ἦς
2823 3173 3107 3244 ἀπήλαυσε
3156 3172 3252 3244 τὴν
3314 3173 3636 3245 εὐρύχωρον
3689 3175 3798 3226 διδ-ἰν

2226 3255 2477 3326 βαδίζων,
2509 3256 2570 3309 τὸ
2597 3259 2697 3328 τῆς
2729 3256 3090 3328 στενοχωρίας
3111 3257 3317 3327 καὶτῆς
3344 3256 3548 3326 θλίψεω
3565 3277 3583 3320 .;
3603 3257 3798 3329 χωρίον

2223 3339 2386 3393 αὐτὸν
2435 3337 2674 3404 ἐδέξατο.
2725 3340 2836 3393 Καὶ
2885 3341 3094 3402 ἐκεῖνος
3146 3339 3245 3410 μὲν
3303 3340 3360 3392 ἑν
3405 3341 3519 3401 τοῖς
3579 3341 3797 3402 κόλποις

2226 3422 2376 3495 [796]
2412 3422 2506 3476 τοῦ
2548 3421 2888 3495 πατριάρχου
2921 3421 3315 3486 ἐπανεπαύετο,
3349 3421 3458 3475 τῶν
3492 3423 3680 3477 πόνων
3714 3426 3797 3478 καὶ

2223 3509 2323 3580 τῆς
2343 3506 2543 3578 πολλῆς
2567 3506 2941 3576 ταλαιπωρίας
2971 3505 3071 3570 τὰς
3102 3505 3336 3576 ἀμοιϐάς
3368 3507 3794 3578 ἀπολαμϐάνων,

2226 3592 2319 3644 καὶ
2375 3590 2514 3661 μετά
2556 3589 2646 3643 τὸν
2680 3590 2837 3661 λιμὸν
2891 3591 2985 3644 καὶ
3033 3591 3103 3644 τά
3144 3590 3273 3662 ἐλκη
3320 3591 3413 3644 καὶ
3465 3591 3569 3662 τὴν
3625 3596 3683 3646 ἐν
3732 3592 3795 3662 τῷ

2226 3673 2434 3728 πυλῶνι
2463 3673 2806 3734 κατάκλισιν,
2839 3672 2939 3743 τῆς
2963 3674 3273 3745 ἀπορρήτου
3301 3673 3515 3745 ἐκείνης
3560 3675 3797 3738 ἀνέσεως

2228 3759 2324 3812 καὶ
2371 3757 2493 3811 οὐδὲ
2531 3757 2673 3827 λόγῳ
2710 3755 3112 3828 ἑρμηνευθῆναι
3166 3756 3468 3828 δυναμένης
3508 3762 3792 3829 μετεῖχεν·

2227 3837 2383 3906 οὗτος
2398 3841 2456 3895 δὲ
2477 3841 2614 3912 μετὰ
2632 3839 2730 3912 τὴν
2755 3839 2966 3911 τρυφὴν
2997 3841 3091 3894 καὶ
3132 3839 3314 3895 ἄνεσιν
3339 3841 3433 3892 καὶ
3455 3858 3797 3915 γαστριμαρ-
3845 3853 3858 3867 '

2227 3927 2353 3998 γίαν
2378 3925 2475 3997 τὴν
2507 3924 2705 3996 πολλὴν
2730 3924 2826 3978 καὶ
2868 3925 2968 3996 τὴν
3009 3923 3177 3995 μέθην
3201 3925 3280 3989 εἰς
3308 3924 3404 3995 τὴν
3427 3925 3794 3998 ἀπαραίτητον

2230 4010 2455 4065 κόλασιν
2476 4008 2693 4077 ἐκείνην
2723 4008 3070 4078 καταντήσας
3097 4007 3554 4078 ἀπετηγανίζετο.
3580 4012 3689 4064 Καὶ
3718 4013 3792 4062 ἵνα

2229 4094 2488 4163 ἑκάτερος
2513 4091 2689 4145 αὐτῶν
2718 4090 2807 4144 διὰ
2832 4090 2940 4143 τῶν
2970 4090 3308 4160 πραγμάτων
3340 4091 3508 4164 μάθῃ,
3530 4095 3563 4146 ό
3595 4095 3694 4164 μὲν
3709 4095 3791 4162 τῆς

2232 4175 2423 4245 στενῆς
2455 4173 2575 4228 ὁδοῦ
2605 4175 2666 4227 τὸ
2703 4173 2914 4244 κέρδος,
2950 4174 2978 4226 ὁ
3011 4173 3068 4225 δὲ
3106 4174 3203 4244 τῆς
3233 4174 3552 4245 εὐρυχώρου
3575 4178 3678 4247 τὴν
3705 4178 3790 4245 ζη-

2232 4260 2360 4331 μίαν
2413 4258 2509 4312 καὶ
2544 4258 2633 4311 τὸν
2661 4257 2903 4328 ὄλεθρον,
2943 4256 3050 4310 ἀπὸ
3088 4256 3282 4310 πολλοῦ
3315 4257 3406 4310 τοῦ
3437 4259 3788 4331 διαστήματος

2229 4342 2490 4414 ἀλλήλους
2519 4341 2738 4412 ὁρῶσιν.
2777 4342 2975 4395 Ἀκουε
3027 4339 3084 4393 δὲ
3115 4340 3252 4403 πῶς·
3279 4341 3389 4394 Καὶ
3433 4343 3505 4395 ἐν
3531 4342 3618 4408 τῷ
3668 4346 3788 4411 ᾅδῃ.

2232 4429 2417 4499 φησιν,
2452 4423 2680 4493 ἐπάρας
2716 4424 2858 4490 τοὺς
2888 4423 3235 4493 ὀφθαλμοὺς
3275 4425 3490 4489 αὐτοῦ,
3518 4428 3781 4496 ὑπάρχω

2229 4513 2300 4566 ἐν
2341 4507 2663 4576 βασάνοις,
2703 4505 2814 4575 ὁρᾷ
2849 4507 2958 4560 τὸν
3017 4507 3275 4576 Ἀϐραὰμ
3314 4507 3432 4562 ἀπὸ
3477 4515 3788 4578 μακρέθῦκ

2232 4595 2328 4649 καὶ
2375 4590 2641 4660 Λάζαρον
2676 4588 2746 4642 ἐν
2794 4588 2918 4654 τοῖς
2967 4591 3216 4656 κόλποις
3267 4589 3479 4645 αὐτοῦ.
3543 4593 3699 4662 Ἐμοὶ
3745 4593 3786 4645 δὲ

2231 4679 2397 4742 δοκεῖ,
2428 4676 2510 4729 ὅτι
2533 4674 2867 4742 θεασάμενος
2895 4683 2917 4712 θ
2949 4674 3054 4744 ,τὴν
3085 4671 3290 4742 ἀθρόαν
3315 4672 3460 4726 οὕτω
3497 4674 3612 4727 τῶν
3671 4694 3786 4748 πρε-

2232 4761 2457 4832 γμάτων
2488 4755 2921 4828 μεταϐολὴν,καὶ
2945 4755 3038 4808 τὸν
3070 4755 3170 4824 μὲν
3191 4757 3249 4808 ἐν
3276 4755 3353 4825 τῷ
3383 4755 3601 4809 πυλῶνι
3622 4761 3786 4829 ἐρριμ-

2237 4843 2396 4916 μένον
2420 4881 2435 4905 ,
2485 4842 2580 4893 καὶ
2611 4842 2730 4902 ταῖς
2760 4837 3034 4907 γλώσσαις
3061 4840 3169 4891 τῶν
3208 4837 3386 4891 κυνῶν
3421 4841 3788 4910 προκείμενον,

2231 4925 2501 4995 τοσαύτης
2561 4922 2902 4976 ἀπολαύοντα
2954 4923 3053 4992 τῆς
3115 4922 3426 4995 παρρησίας
3459 4965 3474 4989 ,
3551 4928 3651 4978 καὶ
3701 4929 3789 4987 τοῖς

2234 5009 2456 5071 κόλποις
2502 5006 2595 5060 τοῦ
2642 5007 2978 5078 πατριάρχου
3028 5005 3478 5076 ἐνδιαιτώμενον,
3524 5008 3717 5061 ἑαυτὸν
3856 5001 3857 5008 “

2234 5091 2472 5161 τοσαύτῃ
2497 5088 2726 5160 αἰσχύνῃ
2761 5088 3256 5160 περιϐεϐλημένον,
3292 5088 3388 5142 καὶ
3436 5091 3587 5160 μετά
3614 5093 3786 5160 ταύτης

2237 5175 2330 5228 καὶ
2375 5173 2481 5226 ὑπὸ
2525 5172 2620 5225 τοῦ
2657 5171 2828 5244 πυρὸς
2875 5170 3429 5240 ἀποτηγανιζόμενον,
3465 5174 3692 5228 πλείονα
3716 5175 3787 5241 τῆς
3856 5171 3857 5174 “

2234 5259 2422 5328 ὀδύνης
2443 5257 2543 5327 τὴν
2572 5255 2822 5326 αἴσθησιν
2849 5255 3173 5325 ἐλάμϐανεν.
3217 5253 3389 5323 Ὀρῶν
3410 5259 3712 5328 τοιγαροῦν
3729 5263 3786 5317 εἰς

2234 5344 2294 5396 τὸ
2341 5340 2582 5394 ἐναντίον
2625 5340 2693 5393 τά
2730 5339 3034 5410 πράγματα
3077 5339 3443 5407 μεταστάντα,
3498 5341 3600 5394 καὶ
3653 5343 3784 5394 αὐτὸ-ι
3856 5339 3857 5396 1

2238 5428 2358 5498 μὲν,
2390 5425 2465 5489 ὡς
2489 5427 2684 5486 εἰπεῖν,
2719 5425 2776 5476 ἐν
2799 5424 2991 5493 ὁνείρῳ
3021 5421 3117 5476 καὶ
3141 5424 3266 5493 σκιᾷ
3307 5425 3690 5494 τρυφήσαντα,
3718 5424 3786 5474 καὶ

2234 5512 2329 5566 νῦν
2357 5510 2453 5580 τὴν
2480 5509 2751 5578 ἀφόρητον
2782 5505 3001 5558 κόλασιν
3033 5506 3392 5574 ὑπομένοντα,
3416 5508 3514 5560 καὶ
3542 5510 3687 5578 μετὰ
3856 5519 3857 5580 γ

2236 5594 2548 5664 εὐρύχωρον
2606 5591 2723 5644 όόδν
2773 5592 2864 5643 καὶ
2898 5589 2995 5660 τὴν
3039 5589 3295 5642 πλατεῖαν
3341 5590 3523 5662 πύλην
3562 5595 3648 5654 εἰς
3676 5590 3787 5644 οὔτε

2295 5693 2336 5758 dir
2352 5695 2668 5758 Omnes_mss.
2697 5692 2939 5755 πρότερον.
2978 5691 3215 5750 Ἀπέθανε,
3241 5693 3398 5753 φησὶν,
3425 5696 3454 5741 ὁ
3479 5694 3710 5758 Λάζαρος·
3727 5695 3786 5738 ni

2235 5762 2278 5804 οἱ
2311 5757 2498 5816 ἄγγελοι
2522 5756 2719 5814 ἀπῆγον.

2295 5820 2313 5838 ⁸
2342 5815 2424 5866 Sic
2443 5817 2519 5865 ed.
2545 5817 2705 5874 ambo,
2731 5829 2843 5862 mss.
2861 5823 3022 5863 autem
3047 5828 3216 5862 omnes
3239 5815 3412 5862 elSav.
3442 5818 3494 5864 in
3519 5831 3675 5878 marg.

2235 5897 2326 5927 σιν.
2349 5879 2459 5925 Εἶδε
2479 5878 2586 5938 γὰρ,
2613 5878 2767 5937 φησὶν,
2789 5878 2814 5924 ὁ
2837 5878 3058 5933 πλούσιος
3086 5879 3163 5924 τὸν
3185 5877 3396 5938 Λάζαρον
3419 5878 3467 5926 ἐν
3503 5879 3604 5933 τοῖς
3621 5877 3788 5927 ’κολπτιὶ

2237 5939 2321 5988 τοῦ
2358 5939 2583 6001 ἰλϐραάμ.
2617 5940 2705 5986 Καὶ
2731 5940 3027 5998 θεασάμενος.
