  <div class='ocr_page' id='page_1' title='image "/cluster/home/n/w/nwhite01/storage/ocr_20150623/48/hvd.32044014784250/532.png"; bbox 0 0 3784 6240; ppageno 0'>
   <div class='ocr_carea' id='block_1_1' title="bbox 97 441 224 495">
    <p class='ocr_par' dir='ltr' id='par_1_1' title="bbox 97 441 224 495">
     <span class='ocr_line' id='line_1_1' title="bbox 97 441 224 495; baseline 0 -2"><span class='ocrx_word' id='word_1_1' title='bbox 97 441 224 495; x_wconf 51' lang='grc' dir='ltr'><strong>τοι)</strong></span> 
     </span>
    </p>
   </div>
   <div class='ocr_carea' id='block_1_2' title="bbox 14 546 1665 626">
    <p class='ocr_par' dir='ltr' id='par_1_2' title="bbox 14 546 1665 626">
     <span class='ocr_line' id='line_1_2' title="bbox 14 546 1665 626; baseline -0.005 -20"><span class='ocrx_word' id='word_1_2' title='bbox 14 563 18 565; x_wconf 69' lang='lat'><em>’</em></span> <span class='ocrx_word' id='word_1_3' title='bbox 93 572 180 623; x_wconf 79' lang='lat' dir='ltr'><strong>gr,</strong></span> <span class='ocrx_word' id='word_1_4' title='bbox 211 571 380 622; x_wconf 79' lang='lat' dir='ltr'><strong>neque</strong></span> <span class='ocrx_word' id='word_1_5' title='bbox 414 555 698 626; x_wconf 78' lang='lat' dir='ltr'><strong>quidquam</strong></span> <span class='ocrx_word' id='word_1_6' title='bbox 748 554 1106 608; x_wconf 86' lang='lat' dir='ltr'><strong>molestiarum</strong></span> <span class='ocrx_word' id='word_1_7' title='bbox 1136 561 1390 620; x_wconf 78' lang='lat' dir='ltr'><strong>expertus</strong></span> <span class='ocrx_word' id='word_1_8' title='bbox 1429 559 1530 612; x_wconf 85' lang='lat' dir='ltr'><strong>est,</strong></span> <span class='ocrx_word' id='word_1_9' title='bbox 1575 546 1665 599; x_wconf 84' lang='lat' dir='ltr'><strong>sed</strong></span> 
     </span>
    </p>
   </div>
   <div class='ocr_carea' id='block_1_3' title="bbox 17 644 1670 718">
    <p class='ocr_par' dir='ltr' id='par_1_3' title="bbox 17 644 1670 718">
     <span class='ocr_line' id='line_1_3' title="bbox 17 644 1670 718; baseline -0.007 -16"><span class='ocrx_word' id='word_1_10' title='bbox 17 649 28 675; x_wconf 74' lang='grc' dir='ltr'><strong>ί’</strong></span> <span class='ocrx_word' id='word_1_11' title='bbox 92 663 301 716; x_wconf 73' lang='lat' dir='ltr'><strong>semper</strong></span> <span class='ocrx_word' id='word_1_12' title='bbox 356 664 608 718; x_wconf 85' lang='lat' dir='ltr'><strong>prospero</strong></span> <span class='ocrx_word' id='word_1_13' title='bbox 656 659 932 704; x_wconf 80' lang='lat' dir='ltr'><strong>venturum</strong></span> <span class='ocrx_word' id='word_1_14' title='bbox 982 645 1159 700; x_wconf 82' lang='lat' dir='ltr'><strong>afflatu</strong></span> <span class='ocrx_word' id='word_1_15' title='bbox 1203 644 1447 705; x_wconf 82' lang='lat' dir='ltr'><strong>delatus,</strong></span> <span class='ocrx_word' id='word_1_16' title='bbox 1491 646 1670 706; x_wconf 82' lang='lat' dir='ltr'><strong>utpote</strong></span> 
     </span>
    </p>
   </div>
   <div class='ocr_carea' id='block_1_4' title="bbox 93 731 1670 807">
    <p class='ocr_par' dir='ltr' id='par_1_4' title="bbox 93 731 1670 807">
     <span class='ocr_line' id='line_1_4' title="bbox 93 731 1670 807; baseline -0.004 -19"><span class='ocrx_word' id='word_1_17' title='bbox 93 755 182 800; x_wconf 89' lang='lat' dir='ltr'><strong>per</strong></span> <span class='ocrx_word' id='word_1_18' title='bbox 215 740 499 807; x_wconf 82' lang='lat' dir='ltr'><strong>Spatiosam</strong></span> <span class='ocrx_word' id='word_1_19' title='bbox 545 739 680 792; x_wconf 88' lang='lat' dir='ltr'><strong>viam</strong></span> <span class='ocrx_word' id='word_1_20' title='bbox 725 738 994 797; x_wconf 89' lang='lat' dir='ltr'><strong>incedens,</strong></span> <span class='ocrx_word' id='word_1_21' title='bbox 1027 735 1190 789; x_wconf 90' lang='lat' dir='ltr'><strong>multa</strong></span> <span class='ocrx_word' id='word_1_22' title='bbox 1230 749 1348 787; x_wconf 91' lang='lat' dir='ltr'><strong>cum</strong></span> <span class='ocrx_word' id='word_1_23' title='bbox 1389 731 1670 786; x_wconf 83' lang='lat' dir='ltr'><strong>securitate</strong></span> 
     </span>
    </p>
   </div>
   <div class='ocr_carea' id='block_1_5' title="bbox 92 825 1669 902">
    <p class='ocr_par' dir='ltr' id='par_1_5' title="bbox 92 825 1669 902">
     <span class='ocr_line' id='line_1_5' title="bbox 92 825 1669 902; baseline -0.006 -18"><span class='ocrx_word' id='word_1_24' title='bbox 92 831 362 902; x_wconf 88' lang='lat' dir='ltr'><strong>pergebat.</strong></span> <span class='ocrx_word' id='word_1_25' title='bbox 388 831 656 899; x_wconf 80' lang='lat' dir='ltr'><strong>Nusquam</strong></span> <span class='ocrx_word' id='word_1_26' title='bbox 687 845 812 884; x_wconf 81' lang='lat' dir='ltr'><strong>saxa</strong></span> <span class='ocrx_word' id='word_1_27' title='bbox 839 830 938 883; x_wconf 87' lang='lat' dir='ltr'><strong>sub</strong></span> <span class='ocrx_word' id='word_1_28' title='bbox 969 828 1123 881; x_wconf 90' lang='lat' dir='ltr'><strong>undis</strong></span> <span class='ocrx_word' id='word_1_29' title='bbox 1151 825 1386 889; x_wconf 74' lang='lat' dir='ltr'><strong>latentia,</strong></span> <span class='ocrx_word' id='word_1_30' title='bbox 1412 836 1669 891; x_wconf 79' lang='lat' dir='ltr'><strong>nusquam</strong></span> 
     </span>
    </p>
   </div>
   <div class='ocr_carea' id='block_1_6' title="bbox 12 915 1668 994">
    <p class='ocr_par' dir='ltr' id='par_1_6' title="bbox 12 915 1668 994">
     <span class='ocr_line' id='line_1_6' title="bbox 12 915 1668 994; baseline -0.006 -19"><span class='ocrx_word' id='word_1_31' title='bbox 12 925 16 930; x_wconf 85' lang='lat'>&#39;</span> <span class='ocrx_word' id='word_1_32' title='bbox 89 923 316 991; x_wconf 85' lang='lat' dir='ltr'><strong>scopuli,</strong></span> <span class='ocrx_word' id='word_1_33' title='bbox 349 937 602 993; x_wconf 87' lang='lat' dir='ltr'><strong>nusquam</strong></span> <span class='ocrx_word' id='word_1_34' title='bbox 644 921 968 994; x_wconf 70' lang='lat' dir='ltr'><strong>prmcipitia,</strong></span> <span class='ocrx_word' id='word_1_35' title='bbox 1014 933 1271 988; x_wconf 87' lang='lat' dir='ltr'><strong>nusquam</strong></span> <span class='ocrx_word' id='word_1_36' title='bbox 1321 915 1668 983; x_wconf 88' lang='lat' dir='ltr'><strong>naufragium,</strong></span> 
     </span>
    </p>
   </div>
   <div class='ocr_carea' id='block_1_7' title="bbox 94 1008 1673 1084">
    <p class='ocr_par' dir='ltr' id='par_1_7' title="bbox 94 1008 1673 1084">
     <span class='ocr_line' id='line_1_7' title="bbox 94 1008 1673 1084; baseline -0.006 -17"><span class='ocrx_word' id='word_1_37' title='bbox 94 1027 354 1084; x_wconf 78' lang='lat' dir='ltr'><strong>nusquam</strong></span> <span class='ocrx_word' id='word_1_38' title='bbox 383 1015 602 1068; x_wconf 83' lang='lat' dir='ltr'><strong>mutatio</strong></span> <span class='ocrx_word' id='word_1_39' title='bbox 630 1013 924 1083; x_wconf 65' lang='lat' dir='ltr'><strong>ina‘qualis,</strong></span> <span class='ocrx_word' id='word_1_40' title='bbox 955 1012 1047 1067; x_wconf 87' lang='lat' dir='ltr'><strong>sed</strong></span> <span class='ocrx_word' id='word_1_41' title='bbox 1075 1011 1222 1082; x_wconf 90' lang='lat' dir='ltr'><strong>quasi</strong></span> <span class='ocrx_word' id='word_1_42' title='bbox 1253 1025 1345 1079; x_wconf 86' lang='lat' dir='ltr'><strong>per</strong></span> <span class='ocrx_word' id='word_1_43' title='bbox 1371 1008 1591 1063; x_wconf 84' lang='lat' dir='ltr'><strong>solidam</strong></span> <span class='ocrx_word' id='word_1_44' title='bbox 1619 1015 1673 1058; x_wconf 92' lang='lat' dir='ltr'><strong>et</strong></span> 
     </span>
    </p>
   </div>
   <div class='ocr_carea' id='block_1_8' title="bbox 12 1095 1674 1176">
    <p class='ocr_par' dir='ltr' id='par_1_8' title="bbox 12 1095 1674 1176">
     <span class='ocr_line' id='line_1_8' title="bbox 12 1095 1674 1176; baseline -0.007 -15"><span class='ocrx_word' id='word_1_45' title='bbox 12 1095 14 1161; x_wconf 67' lang='grc' dir='ltr'><strong>ί</strong></span> <span class='ocrx_word' id='word_1_46' title='bbox 90 1105 302 1174; x_wconf 84' lang='lat' dir='ltr'><strong>planam</strong></span> <span class='ocrx_word' id='word_1_47' title='bbox 335 1108 602 1176; x_wconf 80' lang='lat' dir='ltr'><strong>regionem</strong></span> <span class='ocrx_word' id='word_1_48' title='bbox 633 1107 733 1162; x_wconf 92' lang='lat' dir='ltr'><strong>iter</strong></span> <span class='ocrx_word' id='word_1_49' title='bbox 763 1105 984 1170; x_wconf 83' lang='lat' dir='ltr'><strong>habens,</strong></span> <span class='ocrx_word' id='word_1_50' title='bbox 1014 1104 1082 1158; x_wconf 92' lang='lat' dir='ltr'><strong>ita</strong></span> <span class='ocrx_word' id='word_1_51' title='bbox 1111 1102 1386 1172; x_wconf 79' lang='lat' dir='ltr'><strong>praesentis</strong></span> <span class='ocrx_word' id='word_1_52' title='bbox 1404 1099 1522 1153; x_wconf 76' lang='lat' dir='ltr'><strong>vitm</strong></span> <span class='ocrx_word' id='word_1_53' title='bbox 1552 1112 1674 1166; x_wconf 68' lang='lat' dir='ltr'><strong>spao</strong></span> 
     </span>
    </p>
   </div>
   <div class='ocr_carea' id='block_1_9' title="bbox 92 1187 1672 1266">
    <p class='ocr_par' dir='ltr' id='par_1_9' title="bbox 92 1187 1672 1266">
     <span class='ocr_line' id='line_1_9' title="bbox 92 1187 1672 1266; baseline -0.005 -18"><span class='ocrx_word' id='word_1_54' title='bbox 92 1197 156 1248; x_wconf 84' lang='lat' dir='ltr'><strong>tia</strong></span> <span class='ocrx_word' id='word_1_55' title='bbox 189 1195 506 1252; x_wconf 89' lang='lat' dir='ltr'><strong>decurrebat</strong></span> <span class='ocrx_word' id='word_1_56' title='bbox 541 1215 553 1250; x_wconf 90' lang='lat'><strong>:</strong></span> <span class='ocrx_word' id='word_1_57' title='bbox 585 1195 818 1266; x_wconf 77' lang='lat' dir='ltr'><strong>quotidie</strong></span> <span class='ocrx_word' id='word_1_58' title='bbox 845 1195 1088 1248; x_wconf 89' lang='lat' dir='ltr'><strong>vitiorum</strong></span> <span class='ocrx_word' id='word_1_59' title='bbox 1121 1191 1367 1246; x_wconf 81' lang='lat' dir='ltr'><strong>ﬂuctibus</strong></span> <span class='ocrx_word' id='word_1_60' title='bbox 1394 1187 1672 1257; x_wconf 85' lang='lat' dir='ltr'><strong>mergeba-</strong></span> 
     </span>
    </p>
   </div>
   <div class='ocr_carea' id='block_1_10' title="bbox 91 1280 1672 1359">
    <p class='ocr_par' dir='ltr' id='par_1_10' title="bbox 91 1280 1672 1359">
     <span class='ocr_line' id='line_1_10' title="bbox 91 1280 1672 1359; baseline -0.008 -17"><span class='ocrx_word' id='word_1_61' title='bbox 91 1299 196 1353; x_wconf 88' lang='lat' dir='ltr'><strong>tur,</strong></span> <span class='ocrx_word' id='word_1_62' title='bbox 233 1306 400 1359; x_wconf 91' lang='lat' dir='ltr'><strong>neque</strong></span> <span class='ocrx_word' id='word_1_63' title='bbox 426 1289 690 1344; x_wconf 88' lang='lat' dir='ltr'><strong>sentiebat</strong></span> <span class='ocrx_word' id='word_1_64' title='bbox 713 1305 726 1342; x_wconf 89' lang='lat'><strong>:</strong></span> <span class='ocrx_word' id='word_1_65' title='bbox 754 1287 996 1358; x_wconf 78' lang='lat' dir='ltr'><strong>quotidie</strong></span> <span class='ocrx_word' id='word_1_66' title='bbox 1017 1298 1299 1354; x_wconf 86' lang='lat' dir='ltr'><strong>pravarum</strong></span> <span class='ocrx_word' id='word_1_67' title='bbox 1327 1280 1672 1350; x_wconf 80' lang='lat' dir='ltr'><strong>cupiditatum</strong></span> 
     </span>
    </p>
   </div>
   <div class='ocr_carea' id='block_1_11' title="bbox 90 1369 1672 1450">
    <p class='ocr_par' dir='ltr' id='par_1_11' title="bbox 90 1369 1672 1450">
     <span class='ocr_line' id='line_1_11' title="bbox 90 1369 1672 1450; baseline -0.005 -18"><span class='ocrx_word' id='word_1_68' title='bbox 90 1381 321 1434; x_wconf 81' lang='lat' dir='ltr'><strong>stimulis</strong></span> <span class='ocrx_word' id='word_1_69' title='bbox 347 1380 696 1450; x_wconf 84' lang='lat' dir='ltr'><strong>pungebatur,</strong></span> <span class='ocrx_word' id='word_1_70' title='bbox 723 1388 776 1434; x_wconf 91' lang='lat' dir='ltr'><strong>ct</strong></span> <span class='ocrx_word' id='word_1_71' title='bbox 802 1377 1032 1447; x_wconf 82' lang='lat' dir='ltr'><strong>amplius</strong></span> <span class='ocrx_word' id='word_1_72' title='bbox 1062 1374 1336 1430; x_wconf 66' lang='lat' dir='ltr'><strong>laetabatur</strong></span> <span class='ocrx_word' id='word_1_73' title='bbox 1365 1389 1378 1425; x_wconf 87' lang='lat'><strong>:</strong></span> <span class='ocrx_word' id='word_1_74' title='bbox 1405 1387 1434 1425; x_wconf 89' lang='lat' dir='ltr'><strong>a</strong></span> <span class='ocrx_word' id='word_1_75' title='bbox 1462 1369 1672 1425; x_wconf 88' lang='lat' dir='ltr'><strong>lascivia</strong></span> 
     </span>
    </p>
   </div>
   <div class='ocr_carea' id='block_1_12' title="bbox 89 1463 1673 1541">
    <p class='ocr_par' dir='ltr' id='par_1_12' title="bbox 89 1463 1673 1541">
     <span class='ocr_line' id='line_1_12' title="bbox 89 1463 1673 1541; baseline -0.005 -16"><span class='ocrx_word' id='word_1_76' title='bbox 89 1487 305 1541; x_wconf 83' lang='lat' dir='ltr'><strong>semper</strong></span> <span class='ocrx_word' id='word_1_77' title='bbox 333 1472 692 1538; x_wconf 84' lang='lat' dir='ltr'><strong>obsidebatur,</strong></span> <span class='ocrx_word' id='word_1_78' title='bbox 723 1473 790 1526; x_wconf 91' lang='lat' dir='ltr'><strong>ab</strong></span> <span class='ocrx_word' id='word_1_79' title='bbox 833 1469 1085 1540; x_wconf 81' lang='lat' dir='ltr'><strong>ingluvie,</strong></span> <span class='ocrx_word' id='word_1_80' title='bbox 1115 1468 1182 1523; x_wconf 85' lang='lat' dir='ltr'><strong>ab</strong></span> <span class='ocrx_word' id='word_1_81' title='bbox 1212 1467 1394 1521; x_wconf 88' lang='lat' dir='ltr'><strong>insana</strong></span> <span class='ocrx_word' id='word_1_82' title='bbox 1435 1463 1673 1534; x_wconf 82' lang='lat' dir='ltr'><strong>pecunia:</strong></span> 
     </span>
    </p>
   </div>
   <div class='ocr_carea' id='block_1_13' title="bbox 87 1557 1674 1633">
    <p class='ocr_par' dir='ltr' id='par_1_13' title="bbox 87 1557 1674 1633">
     <span class='ocr_line' id='line_1_13' title="bbox 87 1557 1674 1633; baseline -0.004 -17"><span class='ocrx_word' id='word_1_83' title='bbox 87 1564 403 1633; x_wconf 79' lang='lat' dir='ltr'><strong>cupiditate,</strong></span> <span class='ocrx_word' id='word_1_84' title='bbox 442 1579 540 1619; x_wconf 90' lang='lat' dir='ltr'><strong>nec</strong></span> <span class='ocrx_word' id='word_1_85' title='bbox 576 1564 682 1618; x_wconf 90' lang='lat' dir='ltr'><strong>ullo</strong></span> <span class='ocrx_word' id='word_1_86' title='bbox 721 1564 980 1616; x_wconf 87' lang='lat' dir='ltr'><strong>malorum</strong></span> <span class='ocrx_word' id='word_1_87' title='bbox 1031 1575 1190 1614; x_wconf 88' lang='lat' dir='ltr'><strong>sensu</strong></span> <span class='ocrx_word' id='word_1_88' title='bbox 1223 1557 1551 1627; x_wconf 72' lang='lat' dir='ltr'><strong>tangebatur,</strong></span> <span class='ocrx_word' id='word_1_89' title='bbox 1580 1569 1674 1609; x_wconf 88' lang='lat' dir='ltr'><strong>ue-</strong></span> 
     </span>
    </p>
   </div>
   <div class='ocr_carea' id='block_1_14' title="bbox 88 1648 1672 1724">
    <p class='ocr_par' dir='ltr' id='par_1_14' title="bbox 88 1648 1672 1724">
     <span class='ocr_line' id='line_1_14' title="bbox 88 1648 1672 1724; baseline -0.005 -16"><span class='ocrx_word' id='word_1_90' title='bbox 88 1671 194 1722; x_wconf 85' lang='lat' dir='ltr'><strong>que</strong></span> <span class='ocrx_word' id='word_1_91' title='bbox 223 1657 321 1708; x_wconf 66' lang='lat' dir='ltr'><strong>vite</strong></span> <span class='ocrx_word' id='word_1_92' title='bbox 354 1656 510 1710; x_wconf 86' lang='lat' dir='ltr'><strong>linem</strong></span> <span class='ocrx_word' id='word_1_93' title='bbox 554 1664 758 1724; x_wconf 88' lang='lat' dir='ltr'><strong>poterat</strong></span> <span class='ocrx_word' id='word_1_94' title='bbox 805 1653 1094 1722; x_wconf 79' lang='lat' dir='ltr'><strong>przevidere</strong></span> <span class='ocrx_word' id='word_1_95' title='bbox 1137 1667 1151 1703; x_wconf 92' lang='lat'>:</span> <span class='ocrx_word' id='word_1_96' title='bbox 1199 1650 1292 1703; x_wconf 91' lang='lat' dir='ltr'><strong>sed</strong></span> <span class='ocrx_word' id='word_1_97' title='bbox 1334 1648 1672 1720; x_wconf 74' lang='lat' dir='ltr'><strong>praesentium</strong></span> 
     </span>
    </p>
   </div>
   <div class='ocr_carea' id='block_1_15' title="bbox 88 1738 1674 1816">
    <p class='ocr_par' dir='ltr' id='par_1_15' title="bbox 88 1738 1674 1816">
     <span class='ocr_line' id='line_1_15' title="bbox 88 1738 1674 1816; baseline -0.006 -16"><span class='ocrx_word' id='word_1_98' title='bbox 88 1757 294 1800; x_wconf 89' lang='lat' dir='ltr'><strong>tantum</strong></span> <span class='ocrx_word' id='word_1_99' title='bbox 326 1746 653 1816; x_wconf 81' lang='lat' dir='ltr'><strong>jucunditatc</strong></span> <span class='ocrx_word' id='word_1_100' title='bbox 687 1746 972 1809; x_wconf 78' lang='lat' dir='ltr'><strong>fruebatur,</strong></span> <span class='ocrx_word' id='word_1_101' title='bbox 1006 1760 1102 1799; x_wconf 91' lang='lat' dir='ltr'><strong>nec</strong></span> <span class='ocrx_word' id='word_1_102' title='bbox 1143 1757 1391 1812; x_wconf 89' lang='lat' dir='ltr'><strong>umquam</strong></span> <span class='ocrx_word' id='word_1_103' title='bbox 1436 1738 1674 1808; x_wconf 89' lang='lat' dir='ltr'><strong>perpetui</strong></span> 
     </span>
    </p>
   </div>
   <div class='ocr_carea' id='block_1_16' title="bbox 87 1832 1674 1904">
    <p class='ocr_par' dir='ltr' id='par_1_16' title="bbox 87 1832 1674 1904">
     <span class='ocr_line' id='line_1_16' title="bbox 87 1832 1674 1904; baseline -0.006 -10"><span class='ocrx_word' id='word_1_104' title='bbox 87 1841 297 1897; x_wconf 90' lang='lat' dir='ltr'><strong>doloris</strong></span> <span class='ocrx_word' id='word_1_105' title='bbox 325 1843 374 1895; x_wconf 93' lang='lat' dir='ltr'><strong>in</strong></span> <span class='ocrx_word' id='word_1_106' title='bbox 405 1851 635 1896; x_wconf 88' lang='lat' dir='ltr'><strong>mentem</strong></span> <span class='ocrx_word' id='word_1_107' title='bbox 682 1841 754 1894; x_wconf 90' lang='lat' dir='ltr'><strong>illi</strong></span> <span class='ocrx_word' id='word_1_108' title='bbox 785 1840 1048 1901; x_wconf 86' lang='lat' dir='ltr'><strong>veniebat,</strong></span> <span class='ocrx_word' id='word_1_109' title='bbox 1078 1837 1171 1893; x_wconf 90' lang='lat' dir='ltr'><strong>sed</strong></span> <span class='ocrx_word' id='word_1_110' title='bbox 1201 1836 1471 1904; x_wconf 89' lang='lat' dir='ltr'><strong>deceptus,</strong></span> <span class='ocrx_word' id='word_1_111' title='bbox 1505 1841 1560 1886; x_wconf 91' lang='lat' dir='ltr'><strong>ut</strong></span> <span class='ocrx_word' id='word_1_112' title='bbox 1603 1832 1674 1886; x_wconf 90' lang='lat' dir='ltr'><strong>ita</strong></span> 
     </span>
    </p>
   </div>
   <div class='ocr_carea' id='block_1_17' title="bbox 88 1925 1672 2002">
    <p class='ocr_par' dir='ltr' id='par_1_17' title="bbox 88 1925 1672 2002">
     <span class='ocr_line' id='line_1_17' title="bbox 88 1925 1672 2002; baseline -0.008 -17"><span class='ocrx_word' id='word_1_113' title='bbox 88 1932 298 2001; x_wconf 86' lang='lat' dir='ltr'><strong>loquar,</strong></span> <span class='ocrx_word' id='word_1_114' title='bbox 332 1948 426 2002; x_wconf 91' lang='lat' dir='ltr'><strong>per</strong></span> <span class='ocrx_word' id='word_1_115' title='bbox 455 1933 612 1986; x_wconf 88' lang='lat' dir='ltr'><strong>latam</strong></span> <span class='ocrx_word' id='word_1_116' title='bbox 644 1933 782 1986; x_wconf 89' lang='lat' dir='ltr'><strong>viam</strong></span> <span class='ocrx_word' id='word_1_117' title='bbox 821 1930 1116 1993; x_wconf 91' lang='lat' dir='ltr'><strong>incedebat,</strong></span> <span class='ocrx_word' id='word_1_118' title='bbox 1147 1934 1202 1982; x_wconf 91' lang='lat' dir='ltr'><strong>et</strong></span> <span class='ocrx_word' id='word_1_119' title='bbox 1239 1927 1302 1980; x_wconf 90' lang='lat' dir='ltr'><strong>ad</strong></span> <span class='ocrx_word' id='word_1_120' title='bbox 1337 1925 1506 1995; x_wconf 89' lang='lat' dir='ltr'><strong>ipsum</strong></span> <span class='ocrx_word' id='word_1_121' title='bbox 1537 1937 1672 1992; x_wconf 77' lang='lat' dir='ltr'><strong>pra:-</strong></span> 
     </span>
    </p>
   </div>
   <div class='ocr_carea' id='block_1_18' title="bbox 85 2015 1676 2094">
    <p class='ocr_par' dir='ltr' id='par_1_18' title="bbox 85 2015 1676 2094">
     <span class='ocr_line' id='line_1_18' title="bbox 85 2015 1676 2094; baseline -0.006 -18"><span class='ocrx_word' id='word_1_122' title='bbox 85 2023 330 2092; x_wconf 90' lang='lat' dir='ltr'><strong>cipitium</strong></span> <span class='ocrx_word' id='word_1_123' title='bbox 352 2023 650 2086; x_wconf 83' lang='lat' dir='ltr'><strong>festinabat,</strong></span> <span class='ocrx_word' id='word_1_124' title='bbox 677 2025 944 2094; x_wconf 75' lang='lat' dir='ltr'><strong>quodnon</strong></span> <span class='ocrx_word' id='word_1_125' title='bbox 967 2031 1172 2092; x_wconf 83' lang='lat' dir='ltr'><strong>poterat</strong></span> <span class='ocrx_word' id='word_1_126' title='bbox 1201 2035 1308 2090; x_wconf 76' lang='lat' dir='ltr'><strong>pra:</strong></span> <span class='ocrx_word' id='word_1_127' title='bbox 1327 2017 1486 2073; x_wconf 89' lang='lat' dir='ltr'><strong>nimia</strong></span> <span class='ocrx_word' id='word_1_128' title='bbox 1501 2015 1676 2070; x_wconf 89' lang='lat' dir='ltr'><strong>ebrie-</strong></span> 
     </span>
    </p>
   </div>
   <div class='ocr_carea' id='block_1_19' title="bbox 88 2111 1676 2185">
    <p class='ocr_par' dir='ltr' id='par_1_19' title="bbox 88 2111 1676 2185">
     <span class='ocr_line' id='line_1_19' title="bbox 88 2111 1676 2185; baseline -0.004 -19"><span class='ocrx_word' id='word_1_129' title='bbox 88 2125 199 2169; x_wconf 89' lang='lat' dir='ltr'><strong>tate</strong></span> <span class='ocrx_word' id='word_1_130' title='bbox 230 2130 570 2185; x_wconf 89' lang='lat' dir='ltr'><strong>cognoscere.</strong></span> <span class='ocrx_word' id='word_1_131' title='bbox 604 2115 734 2170; x_wconf 84' lang='lat' dir='ltr'><strong>Nam</strong></span> <span class='ocrx_word' id='word_1_132' title='bbox 785 2116 872 2170; x_wconf 87' lang='lat' dir='ltr'><strong>ille</strong></span> <span class='ocrx_word' id='word_1_133' title='bbox 920 2127 1142 2182; x_wconf 82' lang='lat' dir='ltr'><strong>pr05per</strong></span> <span class='ocrx_word' id='word_1_134' title='bbox 1177 2111 1560 2164; x_wconf 74' lang='lat' dir='ltr'><strong>mundanorum</strong></span> <span class='ocrx_word' id='word_1_135' title='bbox 1592 2121 1676 2160; x_wconf 85' lang='lat' dir='ltr'><strong>rc-</strong></span> 
     </span>
    </p>
   </div>
   <div class='ocr_carea' id='block_1_20' title="bbox 84 2197 1674 2277">
    <p class='ocr_par' dir='ltr' id='par_1_20' title="bbox 84 2197 1674 2277">
     <span class='ocr_line' id='line_1_20' title="bbox 84 2197 1674 2277; baseline -0.006 -17"><span class='ocrx_word' id='word_1_136' title='bbox 84 2223 208 2260; x_wconf 84' lang='lat' dir='ltr'><strong>rum</strong></span> <span class='ocrx_word' id='word_1_137' title='bbox 238 2221 544 2271; x_wconf 88' lang='lat' dir='ltr'><strong>successus,</strong></span> <span class='ocrx_word' id='word_1_138' title='bbox 589 2208 677 2277; x_wconf 92' lang='lat' dir='ltr'><strong>qui</strong></span> <span class='ocrx_word' id='word_1_139' title='bbox 710 2207 969 2262; x_wconf 87' lang='lat' dir='ltr'><strong>rationem</strong></span> <span class='ocrx_word' id='word_1_140' title='bbox 1009 2205 1121 2274; x_wconf 89' lang='lat' dir='ltr'><strong>ejus</strong></span> <span class='ocrx_word' id='word_1_141' title='bbox 1152 2203 1418 2264; x_wconf 87' lang='lat' dir='ltr'><strong>obruerat,</strong></span> <span class='ocrx_word' id='word_1_142' title='bbox 1464 2197 1674 2252; x_wconf 80' lang='lat' dir='ltr'><strong>oculum</strong></span> 
     </span>
    </p>
   </div>
   <div class='ocr_carea' id='block_1_21' title="bbox 83 2290 1676 2367">
    <p class='ocr_par' dir='ltr' id='par_1_21' title="bbox 83 2290 1676 2367">
     <span class='ocr_line' id='line_1_21' title="bbox 83 2290 1676 2367; baseline -0.004 -18"><span class='ocrx_word' id='word_1_143' title='bbox 83 2297 164 2349; x_wconf 88' lang='lat' dir='ltr'><strong>illi</strong></span> <span class='ocrx_word' id='word_1_144' title='bbox 196 2297 390 2353; x_wconf 90' lang='lat' dir='ltr'><strong>mentis</strong></span> <span class='ocrx_word' id='word_1_145' title='bbox 412 2308 724 2365; x_wconf 68' lang='lat' dir='ltr'><strong>excazcarat,</strong></span> <span class='ocrx_word' id='word_1_146' title='bbox 755 2307 806 2352; x_wconf 90' lang='lat' dir='ltr'><strong>et</strong></span> <span class='ocrx_word' id='word_1_147' title='bbox 835 2297 980 2367; x_wconf 88' lang='lat' dir='ltr'><strong>quasi</strong></span> <span class='ocrx_word' id='word_1_148' title='bbox 1011 2296 1119 2365; x_wconf 80' lang='lat' dir='ltr'><strong>jam</strong></span> <span class='ocrx_word' id='word_1_149' title='bbox 1149 2292 1433 2347; x_wconf 84' lang='lat' dir='ltr'><strong>luminibus</strong></span> <span class='ocrx_word' id='word_1_150' title='bbox 1457 2290 1676 2345; x_wconf 78' lang='lat' dir='ltr'><strong>orbatus</strong></span> 
     </span>
    </p>
   </div>
   <div class='ocr_carea' id='block_1_22' title="bbox 84 2385 1675 2460">
    <p class='ocr_par' dir='ltr' id='par_1_22' title="bbox 84 2385 1675 2460">
     <span class='ocr_line' id='line_1_22' title="bbox 84 2385 1675 2460; baseline -0.003 -21"><span class='ocrx_word' id='word_1_151' title='bbox 84 2389 416 2454; x_wconf 78' lang='lat' dir='ltr'><strong>ambulabat,</strong></span> <span class='ocrx_word' id='word_1_152' title='bbox 446 2406 617 2459; x_wconf 90' lang='lat' dir='ltr'><strong>neque</strong></span> <span class='ocrx_word' id='word_1_153' title='bbox 647 2404 751 2460; x_wconf 90' lang='lat' dir='ltr'><strong>quo</strong></span> <span class='ocrx_word' id='word_1_154' title='bbox 783 2389 1008 2443; x_wconf 87' lang='lat' dir='ltr'><strong>ferretur</strong></span> <span class='ocrx_word' id='word_1_155' title='bbox 1036 2387 1270 2442; x_wconf 88' lang='lat' dir='ltr'><strong>sciebat:</strong></span> <span class='ocrx_word' id='word_1_156' title='bbox 1300 2385 1521 2438; x_wconf 84' lang='lat' dir='ltr'><strong>fortasse</strong></span> <span class='ocrx_word' id='word_1_157' title='bbox 1548 2396 1675 2435; x_wconf 88' lang='lat' dir='ltr'><strong>vero</strong></span> 
     </span>
    </p>
   </div>
   <div class='ocr_carea' id='block_1_23' title="bbox 86 2479 1676 2549">
    <p class='ocr_par' dir='ltr' id='par_1_23' title="bbox 86 2479 1676 2549">
     <span class='ocr_line' id='line_1_23' title="bbox 86 2479 1676 2549; baseline -0.003 -18"><span class='ocrx_word' id='word_1_158' title='bbox 86 2496 267 2549; x_wconf 89' lang='lat' dir='ltr'><strong>neque</strong></span> <span class='ocrx_word' id='word_1_159' title='bbox 297 2491 496 2534; x_wconf 69' lang='lat' dir='ltr'><strong>naturae</strong></span> <span class='ocrx_word' id='word_1_160' title='bbox 539 2481 784 2535; x_wconf 80' lang='lat' dir='ltr'><strong>humana:</strong></span> <span class='ocrx_word' id='word_1_161' title='bbox 813 2479 1147 2543; x_wconf 89' lang='lat' dir='ltr'><strong>meminerat,</strong></span> <span class='ocrx_word' id='word_1_162' title='bbox 1188 2493 1307 2531; x_wconf 89' lang='lat' dir='ltr'><strong>etnn</strong></span> <span class='ocrx_word' id='word_1_163' title='bbox 1347 2492 1405 2529; x_wconf 87' lang='lat' dir='ltr'><strong>se</strong></span> <span class='ocrx_word' id='word_1_164' title='bbox 1431 2484 1676 2529; x_wconf 81' lang='lat' dir='ltr'><strong>cerneret</strong></span> 
     </span>
    </p>
   </div>
   <div class='ocr_carea' id='block_1_24' title="bbox 80 2564 1672 2640">
    <p class='ocr_par' dir='ltr' id='par_1_24' title="bbox 80 2564 1672 2640">
     <span class='ocr_line' id='line_1_24' title="bbox 80 2564 1672 2640; baseline -0.005 -18"><span class='ocrx_word' id='word_1_165' title='bbox 80 2570 453 2626; x_wconf 78' lang='lat' dir='ltr'><strong>difﬁcultatem</strong></span> <span class='ocrx_word' id='word_1_166' title='bbox 483 2573 678 2626; x_wconf 91' lang='lat' dir='ltr'><strong>nullam</strong></span> <span class='ocrx_word' id='word_1_167' title='bbox 706 2571 960 2640; x_wconf 73' lang='lat' dir='ltr'><strong>experiri.</strong></span> <span class='ocrx_word' id='word_1_168' title='bbox 1002 2569 1114 2624; x_wconf 84' lang='lat' dir='ltr'><strong>Non</strong></span> <span class='ocrx_word' id='word_1_169' title='bbox 1142 2569 1282 2624; x_wconf 91' lang='lat' dir='ltr'><strong>enim</strong></span> <span class='ocrx_word' id='word_1_170' title='bbox 1311 2577 1510 2621; x_wconf 89' lang='lat' dir='ltr'><strong>tantum</strong></span> <span class='ocrx_word' id='word_1_171' title='bbox 1540 2564 1672 2619; x_wconf 88' lang='lat' dir='ltr'><strong>deli-</strong></span> 
     </span>
    </p>
   </div>
   <div class='ocr_carea' id='block_1_25' title="bbox 81 2660 1670 2731">
    <p class='ocr_par' dir='ltr' id='par_1_25' title="bbox 81 2660 1670 2731">
     <span class='ocr_line' id='line_1_25' title="bbox 81 2660 1670 2731; baseline -0.004 -18"><span class='ocrx_word' id='word_1_172' title='bbox 81 2663 186 2714; x_wconf 92' lang='lat' dir='ltr'><strong>ciis</strong></span> <span class='ocrx_word' id='word_1_173' title='bbox 215 2662 500 2727; x_wconf 87' lang='lat' dir='ltr'><strong>fruebatur,</strong></span> <span class='ocrx_word' id='word_1_174' title='bbox 542 2662 634 2718; x_wconf 92' lang='lat' dir='ltr'><strong>sed</strong></span> <span class='ocrx_word' id='word_1_175' title='bbox 661 2673 710 2718; x_wconf 91' lang='lat' dir='ltr'><strong>et</strong></span> <span class='ocrx_word' id='word_1_176' title='bbox 736 2662 924 2731; x_wconf 92' lang='lat' dir='ltr'><strong>opibus</strong></span> <span class='ocrx_word' id='word_1_177' title='bbox 961 2660 1260 2716; x_wconf 81' lang='lat' dir='ltr'><strong>abundabat</strong></span> <span class='ocrx_word' id='word_1_178' title='bbox 1291 2677 1302 2712; x_wconf 93' lang='lat'><strong>:</strong></span> <span class='ocrx_word' id='word_1_179' title='bbox 1337 2672 1506 2724; x_wconf 86' lang='lat' dir='ltr'><strong>neque</strong></span> <span class='ocrx_word' id='word_1_180' title='bbox 1554 2664 1670 2710; x_wconf 89' lang='lat' dir='ltr'><strong>tan-</strong></span> 
     </span>
    </p>
   </div>
   <div class='ocr_carea' id='block_1_26' title="bbox 81 2747 1674 2821">
    <p class='ocr_par' dir='ltr' id='par_1_26' title="bbox 81 2747 1674 2821">
     <span class='ocr_line' id='line_1_26' title="bbox 81 2747 1674 2821; baseline -0.002 -18"><span class='ocrx_word' id='word_1_181' title='bbox 81 2760 200 2804; x_wconf 89' lang='lat' dir='ltr'><strong>tum</strong></span> <span class='ocrx_word' id='word_1_182' title='bbox 224 2751 414 2820; x_wconf 87' lang='lat' dir='ltr'><strong>opibus</strong></span> <span class='ocrx_word' id='word_1_183' title='bbox 441 2752 762 2819; x_wconf 86' lang='lat' dir='ltr'><strong>abundabat,</strong></span> <span class='ocrx_word' id='word_1_184' title='bbox 789 2752 882 2808; x_wconf 89' lang='lat' dir='ltr'><strong>sed</strong></span> <span class='ocrx_word' id='word_1_185' title='bbox 917 2761 971 2806; x_wconf 90' lang='lat' dir='ltr'><strong>et</strong></span> <span class='ocrx_word' id='word_1_186' title='bbox 1008 2764 1259 2821; x_wconf 86' lang='lat' dir='ltr'><strong>prospera</strong></span> <span class='ocrx_word' id='word_1_187' title='bbox 1291 2759 1406 2804; x_wconf 88' lang='lat' dir='ltr'><strong>erat</strong></span> <span class='ocrx_word' id='word_1_188' title='bbox 1435 2747 1674 2817; x_wconf 68' lang='lat' dir='ltr'><strong>corporis</strong></span> 
     </span>
    </p>
   </div>
   <div class='ocr_carea' id='block_1_27' title="bbox 81 2839 1671 2914">
    <p class='ocr_par' dir='ltr' id='par_1_27' title="bbox 81 2839 1671 2914">
     <span class='ocr_line' id='line_1_27' title="bbox 81 2839 1671 2914; baseline 0.001 -22"><span class='ocrx_word' id='word_1_189' title='bbox 81 2843 392 2897; x_wconf 69' lang='lat' dir='ltr'><strong>valetudine</strong></span> <span class='ocrx_word' id='word_1_190' title='bbox 424 2859 439 2897; x_wconf 76' lang='grc' dir='ltr'>ε</span> <span class='ocrx_word' id='word_1_191' title='bbox 468 2860 639 2914; x_wconf 89' lang='lat' dir='ltr'><strong>neque</strong></span> <span class='ocrx_word' id='word_1_192' title='bbox 667 2859 800 2898; x_wconf 88' lang='lat' dir='ltr'><strong>sano</strong></span> <span class='ocrx_word' id='word_1_193' title='bbox 831 2853 1033 2897; x_wconf 89' lang='lat' dir='ltr'><strong>tantum</strong></span> <span class='ocrx_word' id='word_1_194' title='bbox 1067 2852 1183 2897; x_wconf 90' lang='lat' dir='ltr'><strong>erat</strong></span> <span class='ocrx_word' id='word_1_195' title='bbox 1206 2856 1450 2910; x_wconf 88' lang='lat' dir='ltr'><strong>corpore,</strong></span> <span class='ocrx_word' id='word_1_196' title='bbox 1494 2839 1588 2894; x_wconf 91' lang='lat' dir='ltr'><strong>sed</strong></span> <span class='ocrx_word' id='word_1_197' title='bbox 1617 2850 1671 2894; x_wconf 92' lang='lat' dir='ltr'><strong>et</strong></span> 
     </span>
    </p>
   </div>
   <div class='ocr_carea' id='block_1_28' title="bbox 79 2933 1675 3006">
    <p class='ocr_par' dir='ltr' id='par_1_28' title="bbox 79 2933 1675 3006">
     <span class='ocr_line' id='line_1_28' title="bbox 79 2933 1675 3006; baseline -0.003 -17"><span class='ocrx_word' id='word_1_198' title='bbox 79 2951 111 2989; x_wconf 87' lang='lat' dir='ltr'><strong>a</strong></span> <span class='ocrx_word' id='word_1_199' title='bbox 145 2937 319 2990; x_wconf 89' lang='lat' dir='ltr'><strong>multo</strong></span> <span class='ocrx_word' id='word_1_200' title='bbox 344 2935 599 2991; x_wconf 84' lang='lat' dir='ltr'><strong>famulitio</strong></span> <span class='ocrx_word' id='word_1_201' title='bbox 618 2937 910 3000; x_wconf 86' lang='lat' dir='ltr'><strong>colebatur,</strong></span> <span class='ocrx_word' id='word_1_202' title='bbox 943 2950 1115 3006; x_wconf 89' lang='lat' dir='ltr'><strong>neque</strong></span> <span class='ocrx_word' id='word_1_203' title='bbox 1146 2942 1348 2988; x_wconf 87' lang='lat' dir='ltr'><strong>tantum</strong></span> <span class='ocrx_word' id='word_1_204' title='bbox 1379 2933 1675 2996; x_wconf 86' lang='lat' dir='ltr'><strong>colebatur,</strong></span> 
     </span>
    </p>
   </div>
   <div class='ocr_carea' id='block_1_29' title="bbox 77 3026 1679 3100">
    <p class='ocr_par' dir='ltr' id='par_1_29' title="bbox 77 3026 1679 3100">
     <span class='ocr_line' id='line_1_29' title="bbox 77 3026 1679 3100; baseline -0.003 -17"><span class='ocrx_word' id='word_1_205' title='bbox 77 3030 181 3084; x_wconf 88' lang='lat' dir='ltr'><strong>sed</strong></span> <span class='ocrx_word' id='word_1_206' title='bbox 213 3028 390 3082; x_wconf 88' lang='lat' dir='ltr'><strong>omnia</strong></span> <span class='ocrx_word' id='word_1_207' title='bbox 414 3031 511 3084; x_wconf 88' lang='lat' dir='ltr'><strong>sibi</strong></span> <span class='ocrx_word' id='word_1_208' title='bbox 555 3045 779 3086; x_wconf 91' lang='lat' dir='ltr'><strong>cernens</strong></span> <span class='ocrx_word' id='word_1_209' title='bbox 801 3038 1066 3100; x_wconf 89' lang='lat' dir='ltr'><strong>tamquam</strong></span> <span class='ocrx_word' id='word_1_210' title='bbox 1097 3044 1162 3083; x_wconf 75' lang='lat' dir='ltr'><strong>ex</strong></span> <span class='ocrx_word' id='word_1_211' title='bbox 1190 3027 1333 3081; x_wconf 85' lang='lat' dir='ltr'><strong>fonte</strong></span> <span class='ocrx_word' id='word_1_212' title='bbox 1377 3026 1561 3091; x_wconf 84' lang='lat' dir='ltr'><strong>ﬂuere,</strong></span> <span class='ocrx_word' id='word_1_213' title='bbox 1602 3026 1679 3078; x_wconf 90' lang='lat' dir='ltr'><strong>vi-</strong></span> 
     </span>
    </p>
   </div>
   <div class='ocr_carea' id='block_1_30' title="bbox 79 3119 1676 3192">
    <p class='ocr_par' dir='ltr' id='par_1_30' title="bbox 79 3119 1676 3192">
     <span class='ocr_line' id='line_1_30' title="bbox 79 3119 1676 3192; baseline -0.004 -16"><span class='ocrx_word' id='word_1_214' title='bbox 79 3134 195 3176; x_wconf 88' lang='lat' dir='ltr'><strong>tam</strong></span> <span class='ocrx_word' id='word_1_215' title='bbox 239 3123 288 3175; x_wconf 91' lang='lat' dir='ltr'><strong>in</strong></span> <span class='ocrx_word' id='word_1_216' title='bbox 330 3130 580 3190; x_wconf 91' lang='lat' dir='ltr'><strong>perpetua</strong></span> <span class='ocrx_word' id='word_1_217' title='bbox 611 3123 881 3192; x_wconf 77' lang='lat' dir='ltr'><strong>voluptate</strong></span> <span class='ocrx_word' id='word_1_218' title='bbox 907 3122 1151 3191; x_wconf 79' lang='lat' dir='ltr'><strong>degebat.</strong></span> <span class='ocrx_word' id='word_1_219' title='bbox 1181 3119 1413 3184; x_wconf 84' lang='lat' dir='ltr'><strong>Vidistis,</strong></span> <span class='ocrx_word' id='word_1_220' title='bbox 1443 3119 1676 3172; x_wconf 82' lang='lat' dir='ltr'><strong>dilectis-</strong></span> 
     </span>
    </p>
   </div>
   <div class='ocr_carea' id='block_1_31' title="bbox 75 3212 1678 3283">
    <p class='ocr_par' dir='ltr' id='par_1_31' title="bbox 75 3212 1678 3283">
     <span class='ocr_line' id='line_1_31' title="bbox 75 3212 1678 3283; baseline -0.001 -17"><span class='ocrx_word' id='word_1_221' title='bbox 75 3214 235 3280; x_wconf 81' lang='lat' dir='ltr'><strong>simi,</strong></span> <span class='ocrx_word' id='word_1_222' title='bbox 263 3228 406 3281; x_wconf 88' lang='lat' dir='ltr'><strong>eum,</strong></span> <span class='ocrx_word' id='word_1_223' title='bbox 442 3214 530 3283; x_wconf 89' lang='lat' dir='ltr'><strong>qui</strong></span> <span class='ocrx_word' id='word_1_224' title='bbox 569 3229 662 3283; x_wconf 87' lang='lat' dir='ltr'><strong>per</strong></span> <span class='ocrx_word' id='word_1_225' title='bbox 696 3213 856 3267; x_wconf 88' lang='lat' dir='ltr'><strong>latam</strong></span> <span class='ocrx_word' id='word_1_226' title='bbox 899 3223 1104 3282; x_wconf 89' lang='lat' dir='ltr'><strong>portam</strong></span> <span class='ocrx_word' id='word_1_227' title='bbox 1142 3212 1450 3276; x_wconf 82' lang='lat' dir='ltr'><strong>intraverat,</strong></span> <span class='ocrx_word' id='word_1_228' title='bbox 1491 3219 1546 3264; x_wconf 94' lang='lat' dir='ltr'><strong>et</strong></span> <span class='ocrx_word' id='word_1_229' title='bbox 1582 3225 1678 3279; x_wconf 89' lang='lat' dir='ltr'><strong>per</strong></span> 
     </span>
    </p>
   </div>
   <div class='ocr_carea' id='block_1_32' title="bbox 73 3301 1677 3376">
    <p class='ocr_par' dir='ltr' id='par_1_32' title="bbox 73 3301 1677 3376">
     <span class='ocr_line' id='line_1_32' title="bbox 73 3301 1677 3376; baseline -0.002 -17"><span class='ocrx_word' id='word_1_230' title='bbox 73 3304 380 3376; x_wconf 81' lang='lat' dir='ltr'><strong>spatiosam</strong></span> <span class='ocrx_word' id='word_1_231' title='bbox 437 3305 575 3360; x_wconf 86' lang='lat' dir='ltr'><strong>viam</strong></span> <span class='ocrx_word' id='word_1_232' title='bbox 631 3305 962 3369; x_wconf 87' lang='lat' dir='ltr'><strong>incesserat,</strong></span> <span class='ocrx_word' id='word_1_233' title='bbox 1028 3303 1238 3376; x_wconf 83' lang='lat' dir='ltr'><strong>quantis</strong></span> <span class='ocrx_word' id='word_1_234' title='bbox 1291 3303 1495 3358; x_wconf 87' lang='lat' dir='ltr'><strong>deliciis</strong></span> <span class='ocrx_word' id='word_1_235' title='bbox 1541 3301 1677 3372; x_wconf 87' lang='lat' dir='ltr'><strong>poti-</strong></span> 
     </span>
    </p>
   </div>
   <div class='ocr_carea' id='block_1_33' title="bbox 74 3397 292 3450">
    <p class='ocr_par' dir='ltr' id='par_1_33' title="bbox 74 3397 292 3450">
     <span class='ocr_line' id='line_1_33' title="bbox 74 3397 292 3450; baseline 0 0"><span class='ocrx_word' id='word_1_236' title='bbox 74 3407 242 3450; x_wconf 79' lang='lat' dir='ltr'><strong>retur</strong></span> <span class='ocrx_word' id='word_1_237' title='bbox 269 3397 292 3450; x_wconf 89' lang='lat'><strong>?</strong></span> 
     </span>
    </p>
   </div>
   <div class='ocr_carea' id='block_1_34' title="bbox 152 3487 1670 3558">
    <p class='ocr_par' dir='ltr' id='par_1_34' title="bbox 152 3487 1670 3558">
     <span class='ocr_line' id='line_1_34' title="bbox 152 3487 1670 3558; baseline -0.002 -16"><span class='ocrx_word' id='word_1_238' title='bbox 152 3491 292 3543; x_wconf 82' lang='lat' dir='ltr'><strong>Ante</strong></span> <span class='ocrx_word' id='word_1_239' title='bbox 317 3490 467 3558; x_wconf 82' lang='lat' dir='ltr'><strong>ﬁnem</strong></span> <span class='ocrx_word' id='word_1_240' title='bbox 513 3489 627 3544; x_wconf 74' lang='lat' dir='ltr'><strong>uiue</strong></span> <span class='ocrx_word' id='word_1_241' title='bbox 667 3505 811 3544; x_wconf 86' lang='lat' dir='ltr'><strong>nemo</strong></span> <span class='ocrx_word' id='word_1_242' title='bbox 854 3490 1042 3544; x_wconf 75' lang='lat' dir='ltr'><strong>beatus.</strong></span> <span class='ocrx_word' id='word_1_243' title='bbox 1067 3487 1324 3543; x_wconf 85' lang='lat' dir='ltr'><strong>—Nemo</strong></span> <span class='ocrx_word' id='word_1_244' title='bbox 1367 3496 1540 3542; x_wconf 88' lang='lat' dir='ltr'><strong>tamen</strong></span> <span class='ocrx_word' id='word_1_245' title='bbox 1573 3503 1670 3540; x_wconf 88' lang='lat' dir='ltr'><strong>eo-</strong></span> 
     </span>
    </p>
   </div>
   <div class='ocr_carea' id='block_1_35' title="bbox 71 3578 1674 3652">
    <p class='ocr_par' dir='ltr' id='par_1_35' title="bbox 71 3578 1674 3652">
     <span class='ocr_line' id='line_1_35' title="bbox 71 3578 1674 3652; baseline -0.004 -16"><span class='ocrx_word' id='word_1_246' title='bbox 71 3599 234 3648; x_wconf 81' lang='lat' dir='ltr'><strong>rum,</strong></span> <span class='ocrx_word' id='word_1_247' title='bbox 281 3583 369 3652; x_wconf 92' lang='lat' dir='ltr'><strong>qui</strong></span> <span class='ocrx_word' id='word_1_248' title='bbox 414 3581 529 3638; x_wconf 72' lang='lat' dir='ltr'><strong>brec</strong></span> <span class='ocrx_word' id='word_1_249' title='bbox 572 3581 814 3649; x_wconf 90' lang='lat' dir='ltr'><strong>audiunt,</strong></span> <span class='ocrx_word' id='word_1_250' title='bbox 859 3591 982 3637; x_wconf 86' lang='lat' dir='ltr'><strong>ante</strong></span> <span class='ocrx_word' id='word_1_251' title='bbox 1029 3581 1192 3635; x_wconf 85' lang='lat' dir='ltr'><strong>linem</strong></span> <span class='ocrx_word' id='word_1_252' title='bbox 1235 3579 1446 3635; x_wconf 90' lang='lat' dir='ltr'><strong>beatum</strong></span> <span class='ocrx_word' id='word_1_253' title='bbox 1501 3578 1674 3647; x_wconf 88' lang='lat' dir='ltr'><strong>ipsum</strong></span> 
     </span>
    </p>
   </div>
   <div class='ocr_carea' id='block_1_36' title="bbox 70 3673 1676 3744">
    <p class='ocr_par' dir='ltr' id='par_1_36' title="bbox 70 3673 1676 3744">
     <span class='ocr_line' id='line_1_36' title="bbox 70 3673 1676 3744; baseline -0.001 -18"><span class='ocrx_word' id='word_1_254' title='bbox 70 3675 382 3743; x_wconf 60' lang='lat' dir='ltr'><strong>praedicare</strong></span> <span class='ocrx_word' id='word_1_255' title='bbox 416 3674 682 3744; x_wconf 80' lang='lat' dir='ltr'><strong>dignetur,</strong></span> <span class='ocrx_word' id='word_1_256' title='bbox 721 3673 816 3729; x_wconf 90' lang='lat' dir='ltr'><strong>sed</strong></span> <span class='ocrx_word' id='word_1_257' title='bbox 855 3689 1033 3729; x_wconf 88' lang='lat' dir='ltr'><strong>rerum</strong></span> <span class='ocrx_word' id='word_1_258' title='bbox 1077 3673 1233 3728; x_wconf 88' lang='lat' dir='ltr'><strong>linem</strong></span> <span class='ocrx_word' id='word_1_259' title='bbox 1273 3681 1567 3742; x_wconf 80' lang='lat' dir='ltr'><strong>exspectet,</strong></span> <span class='ocrx_word' id='word_1_260' title='bbox 1612 3684 1676 3724; x_wconf 89' lang='lat' dir='ltr'><strong>ac</strong></span> 
     </span>
    </p>
   </div>
   <div class='ocr_carea' id='block_1_37' title="bbox 69 3765 1672 3836">
    <p class='ocr_par' dir='ltr' id='par_1_37' title="bbox 69 3765 1672 3836">
     <span class='ocr_line' id='line_1_37' title="bbox 69 3765 1672 3836; baseline -0.004 -14"><span class='ocrx_word' id='word_1_261' title='bbox 69 3779 200 3822; x_wconf 89' lang='lat' dir='ltr'><strong>tum</strong></span> <span class='ocrx_word' id='word_1_262' title='bbox 235 3767 552 3822; x_wconf 89' lang='lat' dir='ltr'><strong>sententiam</strong></span> <span class='ocrx_word' id='word_1_263' title='bbox 579 3766 732 3822; x_wconf 90' lang='lat' dir='ltr'><strong>feret.</strong></span> <span class='ocrx_word' id='word_1_264' title='bbox 776 3767 955 3836; x_wconf 83' lang='lat' dir='ltr'><strong>Itaque</strong></span> <span class='ocrx_word' id='word_1_265' title='bbox 985 3765 1130 3819; x_wconf 92' lang='lat' dir='ltr'><strong>illum</strong></span> <span class='ocrx_word' id='word_1_266' title='bbox 1157 3766 1246 3834; x_wconf 92' lang='lat' dir='ltr'><strong>qui</strong></span> <span class='ocrx_word' id='word_1_267' title='bbox 1277 3779 1370 3834; x_wconf 91' lang='lat' dir='ltr'><strong>per</strong></span> <span class='ocrx_word' id='word_1_268' title='bbox 1395 3771 1672 3833; x_wconf 89' lang='lat' dir='ltr'><strong>angustam</strong></span> 
     </span>
    </p>
   </div>
   <div class='ocr_carea' id='block_1_38' title="bbox 69 3855 1672 3930">
    <p class='ocr_par' dir='ltr' id='par_1_38' title="bbox 69 3855 1672 3930">
     <span class='ocr_line' id='line_1_38' title="bbox 69 3855 1672 3930; baseline -0.004 -14"><span class='ocrx_word' id='word_1_269' title='bbox 69 3872 302 3930; x_wconf 85' lang='lat' dir='ltr'><strong>portant</strong></span> <span class='ocrx_word' id='word_1_270' title='bbox 330 3861 639 3928; x_wconf 79' lang='lat' dir='ltr'><strong>intraverat,</strong></span> <span class='ocrx_word' id='word_1_271' title='bbox 679 3869 734 3915; x_wconf 92' lang='lat' dir='ltr'><strong>et</strong></span> <span class='ocrx_word' id='word_1_272' title='bbox 760 3870 962 3914; x_wconf 89' lang='lat' dir='ltr'><strong>arctum</strong></span> <span class='ocrx_word' id='word_1_273' title='bbox 1002 3859 1104 3913; x_wconf 87' lang='lat' dir='ltr'><strong>iter</strong></span> <span class='ocrx_word' id='word_1_274' title='bbox 1128 3856 1452 3922; x_wconf 87' lang='lat' dir='ltr'><strong>confecerat,</strong></span> <span class='ocrx_word' id='word_1_275' title='bbox 1482 3856 1526 3908; x_wconf 88' lang='lat' dir='ltr'><strong>si</strong></span> <span class='ocrx_word' id='word_1_276' title='bbox 1557 3855 1672 3924; x_wconf 90' lang='lat' dir='ltr'><strong>pla-</strong></span> 
     </span>
    </p>
   </div>
   <div class='ocr_carea' id='block_1_39' title="bbox 65 3948 1670 4018">
    <p class='ocr_par' dir='ltr' id='par_1_39' title="bbox 65 3948 1670 4018">
     <span class='ocr_line' id='line_1_39' title="bbox 65 3948 1670 4018; baseline -0.004 -11"><span class='ocrx_word' id='word_1_277' title='bbox 65 3961 191 4018; x_wconf 81' lang='lat' dir='ltr'><strong>cet,</strong></span> <span class='ocrx_word' id='word_1_278' title='bbox 247 3952 300 4005; x_wconf 92' lang='lat' dir='ltr'><strong>in</strong></span> <span class='ocrx_word' id='word_1_279' title='bbox 354 3951 586 4007; x_wconf 88' lang='lat' dir='ltr'><strong>medium</strong></span> <span class='ocrx_word' id='word_1_280' title='bbox 639 3951 983 4016; x_wconf 87' lang='lat' dir='ltr'><strong>adducamus,</strong></span> <span class='ocrx_word' id='word_1_281' title='bbox 1031 3965 1096 4006; x_wconf 91' lang='lat' dir='ltr'><strong>ac</strong></span> <span class='ocrx_word' id='word_1_282' title='bbox 1145 3948 1337 4004; x_wconf 87' lang='lat' dir='ltr'><strong>deinde</strong></span> <span class='ocrx_word' id='word_1_283' title='bbox 1391 3959 1670 4018; x_wconf 87' lang='lat' dir='ltr'><strong>postquam</strong></span> 
     </span>
    </p>
   </div>
   <div class='ocr_carea' id='block_1_40' title="bbox 65 4039 1672 4114">
    <p class='ocr_par' dir='ltr' id='par_1_40' title="bbox 65 4039 1672 4114">
     <span class='ocr_line' id='line_1_40' title="bbox 65 4039 1672 4114; baseline -0.004 -14"><span class='ocrx_word' id='word_1_284' title='bbox 65 4046 367 4114; x_wconf 85' lang='lat' dir='ltr'><strong>utriusque</strong></span> <span class='ocrx_word' id='word_1_285' title='bbox 419 4047 578 4100; x_wconf 90' lang='lat' dir='ltr'><strong>tinem</strong></span> <span class='ocrx_word' id='word_1_286' title='bbox 632 4045 1090 4114; x_wconf 79' lang='lat' dir='ltr'><strong>conspexeritnus,</strong></span> <span class='ocrx_word' id='word_1_287' title='bbox 1145 4040 1552 4096; x_wconf 88' lang='lat' dir='ltr'><strong>convenientem</strong></span> <span class='ocrx_word' id='word_1_288' title='bbox 1603 4039 1672 4095; x_wconf 90' lang='lat' dir='ltr'><strong>de</strong></span> 
     </span>
    </p>
   </div>
   <div class='ocr_carea' id='block_1_41' title="bbox 67 4133 1669 4207">
    <p class='ocr_par' dir='ltr' id='par_1_41' title="bbox 67 4133 1669 4207">
     <span class='ocr_line' id='line_1_41' title="bbox 67 4133 1669 4207; baseline -0.006 -14"><span class='ocrx_word' id='word_1_289' title='bbox 67 4153 415 4207; x_wconf 79' lang='lat' dir='ltr'><strong>unoquoque</strong></span> <span class='ocrx_word' id='word_1_290' title='bbox 465 4137 782 4193; x_wconf 88' lang='lat' dir='ltr'><strong>sententiam</strong></span> <span class='ocrx_word' id='word_1_291' title='bbox 835 4136 1086 4189; x_wconf 87' lang='lat' dir='ltr'><strong>feramus.</strong></span> <span class='ocrx_word' id='word_1_292' title='bbox 1147 4133 1442 4200; x_wconf 88' lang='lat' dir='ltr'><strong>Quemnam</strong></span> <span class='ocrx_word' id='word_1_293' title='bbox 1493 4139 1669 4185; x_wconf 91' lang='lat' dir='ltr'><strong>autem</strong></span> 
     </span>
    </p>
   </div>
   <div class='ocr_carea' id='block_1_42' title="bbox 58 4224 1674 4300">
    <p class='ocr_par' dir='ltr' id='par_1_42' title="bbox 58 4224 1674 4300">
     <span class='ocr_line' id='line_1_42' title="bbox 58 4224 1674 4300; baseline -0.004 -15"><span class='ocrx_word' id='word_1_294' title='bbox 58 4232 253 4287; x_wconf 87' lang='lat' dir='ltr'><strong>alium</strong></span> <span class='ocrx_word' id='word_1_295' title='bbox 288 4228 529 4300; x_wconf 88' lang='lat' dir='ltr'><strong>proferre</strong></span> <span class='ocrx_word' id='word_1_296' title='bbox 558 4243 860 4299; x_wconf 83' lang='lat' dir='ltr'><strong>possumus,</strong></span> <span class='ocrx_word' id='word_1_297' title='bbox 902 4242 1058 4298; x_wconf 89' lang='lat' dir='ltr'><strong>quam</strong></span> <span class='ocrx_word' id='word_1_298' title='bbox 1088 4226 1368 4290; x_wconf 85' lang='lat' dir='ltr'><strong>Lazarum,</strong></span> <span class='ocrx_word' id='word_1_299' title='bbox 1410 4224 1500 4296; x_wconf 90' lang='lat' dir='ltr'><strong>qui</strong></span> <span class='ocrx_word' id='word_1_300' title='bbox 1549 4232 1674 4279; x_wconf 85' lang='lat' dir='ltr'><strong>ante</strong></span> 
     </span>
    </p>
   </div>
   <div class='ocr_carea' id='block_1_43' title="bbox 57 4316 1673 4390">
    <p class='ocr_par' dir='ltr' id='par_1_43' title="bbox 57 4316 1673 4390">
     <span class='ocr_line' id='line_1_43' title="bbox 57 4316 1673 4390; baseline -0.005 -12"><span class='ocrx_word' id='word_1_301' title='bbox 57 4321 268 4378; x_wconf 84' lang='lat' dir='ltr'><strong>divitis</strong></span> <span class='ocrx_word' id='word_1_302' title='bbox 288 4320 608 4377; x_wconf 85' lang='lat' dir='ltr'><strong>vestibulum</strong></span> <span class='ocrx_word' id='word_1_303' title='bbox 644 4319 873 4390; x_wconf 88' lang='lat' dir='ltr'><strong>jacebat,</strong></span> <span class='ocrx_word' id='word_1_304' title='bbox 916 4328 971 4374; x_wconf 89' lang='lat' dir='ltr'><strong>et</strong></span> <span class='ocrx_word' id='word_1_305' title='bbox 1008 4318 1076 4372; x_wconf 89' lang='lat' dir='ltr'><strong>ab</strong></span> <span class='ocrx_word' id='word_1_306' title='bbox 1107 4318 1208 4372; x_wconf 86' lang='lat' dir='ltr'><strong>illis</strong></span> <span class='ocrx_word' id='word_1_307' title='bbox 1239 4317 1503 4372; x_wconf 89' lang='lat' dir='ltr'><strong>ulceribus</strong></span> <span class='ocrx_word' id='word_1_308' title='bbox 1527 4316 1673 4372; x_wconf 83' lang='lat' dir='ltr'><strong>obsi-</strong></span> 
     </span>
    </p>
   </div>
   <div class='ocr_carea' id='block_1_44' title="bbox 54 4409 1672 4482">
    <p class='ocr_par' dir='ltr' id='par_1_44' title="bbox 54 4409 1672 4482">
     <span class='ocr_line' id='line_1_44' title="bbox 54 4409 1672 4482; baseline -0.004 -12"><span class='ocrx_word' id='word_1_309' title='bbox 54 4413 336 4478; x_wconf 81' lang='lat' dir='ltr'><strong>debatur,</strong></span> <span class='ocrx_word' id='word_1_310' title='bbox 363 4413 452 4482; x_wconf 92' lang='lat' dir='ltr'><strong>qui</strong></span> <span class='ocrx_word' id='word_1_311' title='bbox 492 4429 585 4467; x_wconf 88' lang='lat' dir='ltr'><strong>sua</strong></span> <span class='ocrx_word' id='word_1_312' title='bbox 613 4414 828 4468; x_wconf 87' lang='lat' dir='ltr'><strong>vulnera</strong></span> <span class='ocrx_word' id='word_1_313' title='bbox 874 4427 904 4465; x_wconf 89' lang='lat' dir='ltr'><strong>a</strong></span> <span class='ocrx_word' id='word_1_314' title='bbox 943 4426 1135 4467; x_wconf 84' lang='lat' dir='ltr'><strong>canum</strong></span> <span class='ocrx_word' id='word_1_315' title='bbox 1165 4409 1360 4481; x_wconf 87' lang='lat' dir='ltr'><strong>linguis</strong></span> <span class='ocrx_word' id='word_1_316' title='bbox 1384 4409 1569 4480; x_wconf 90' lang='lat' dir='ltr'><strong>attingi</strong></span> <span class='ocrx_word' id='word_1_317' title='bbox 1593 4409 1672 4463; x_wconf 85' lang='lat' dir='ltr'><strong>vi-</strong></span> 
     </span>
    </p>
   </div>
   <div class='ocr_carea' id='block_1_45' title="bbox 53 4503 1671 4576">
    <p class='ocr_par' dir='ltr' id='par_1_45' title="bbox 53 4503 1671 4576">
     <span class='ocr_line' id='line_1_45' title="bbox 53 4503 1671 4576; baseline -0.004 -12"><span class='ocrx_word' id='word_1_318' title='bbox 53 4509 269 4574; x_wconf 81' lang='lat' dir='ltr'><strong>debat,</strong></span> <span class='ocrx_word' id='word_1_319' title='bbox 313 4521 410 4561; x_wconf 90' lang='lat' dir='ltr'><strong>nec</strong></span> <span class='ocrx_word' id='word_1_320' title='bbox 454 4507 574 4562; x_wconf 85' lang='lat' dir='ltr'><strong>illos</strong></span> <span class='ocrx_word' id='word_1_321' title='bbox 613 4506 818 4562; x_wconf 70' lang='lat' dir='ltr'><strong>valebat</strong></span> <span class='ocrx_word' id='word_1_322' title='bbox 867 4503 1124 4576; x_wconf 86' lang='lat' dir='ltr'><strong>abigere?</strong></span> <span class='ocrx_word' id='word_1_323' title='bbox 1164 4503 1232 4560; x_wconf 87' lang='lat' dir='ltr'><strong>Ut</strong></span> <span class='ocrx_word' id='word_1_324' title='bbox 1266 4503 1407 4559; x_wconf 89' lang='lat' dir='ltr'><strong>enim</strong></span> <span class='ocrx_word' id='word_1_325' title='bbox 1451 4503 1542 4560; x_wconf 88' lang='lat' dir='ltr'><strong>ille</strong></span> <span class='ocrx_word' id='word_1_326' title='bbox 1577 4517 1671 4573; x_wconf 86' lang='lat' dir='ltr'><strong>per</strong></span> 
     </span>
    </p>
   </div>
   <div class='ocr_carea' id='block_1_46' title="bbox 49 4596 1670 4670">
    <p class='ocr_par' dir='ltr' id='par_1_46' title="bbox 49 4596 1670 4670">
     <span class='ocr_line' id='line_1_46' title="bbox 49 4596 1670 4670; baseline -0.003 -14"><span class='ocrx_word' id='word_1_327' title='bbox 49 4603 248 4656; x_wconf 76' lang='lat' dir='ltr'><strong>latam</strong></span> <span class='ocrx_word' id='word_1_328' title='bbox 280 4607 484 4668; x_wconf 90' lang='lat' dir='ltr'><strong>portam</strong></span> <span class='ocrx_word' id='word_1_329' title='bbox 516 4599 801 4669; x_wconf 87' lang='lat' dir='ltr'><strong>ingressus,</strong></span> <span class='ocrx_word' id='word_1_330' title='bbox 843 4613 940 4668; x_wconf 87' lang='lat' dir='ltr'><strong>per</strong></span> <span class='ocrx_word' id='word_1_331' title='bbox 963 4598 1249 4670; x_wconf 89' lang='lat' dir='ltr'><strong>spatiosam</strong></span> <span class='ocrx_word' id='word_1_332' title='bbox 1280 4599 1419 4652; x_wconf 90' lang='lat' dir='ltr'><strong>viam</strong></span> <span class='ocrx_word' id='word_1_333' title='bbox 1458 4596 1670 4652; x_wconf 87' lang='lat' dir='ltr'><strong>incede-</strong></span> 
     </span>
    </p>
   </div>
   <div class='ocr_carea' id='block_1_47' title="bbox 51 4687 1667 4759">
    <p class='ocr_par' dir='ltr' id='par_1_47' title="bbox 51 4687 1667 4759">
     <span class='ocr_line' id='line_1_47' title="bbox 51 4687 1667 4759; baseline -0.004 -13"><span class='ocrx_word' id='word_1_334' title='bbox 51 4691 208 4753; x_wconf 81' lang='lat' dir='ltr'><strong>bat;</strong></span> <span class='ocrx_word' id='word_1_335' title='bbox 252 4689 325 4743; x_wconf 91' lang='lat' dir='ltr'><strong>ita</strong></span> <span class='ocrx_word' id='word_1_336' title='bbox 352 4688 536 4744; x_wconf 91' lang='lat' dir='ltr'><strong>beatus</strong></span> <span class='ocrx_word' id='word_1_337' title='bbox 578 4691 713 4754; x_wconf 87' lang='lat' dir='ltr'><strong>iste;</strong></span> <span class='ocrx_word' id='word_1_338' title='bbox 754 4689 965 4745; x_wconf 90' lang='lat' dir='ltr'><strong>beatum</strong></span> <span class='ocrx_word' id='word_1_339' title='bbox 1007 4689 1204 4759; x_wconf 86' lang='lat' dir='ltr'><strong>quippe</strong></span> <span class='ocrx_word' id='word_1_340' title='bbox 1246 4689 1391 4743; x_wconf 88' lang='lat' dir='ltr'><strong>illttm</strong></span> <span class='ocrx_word' id='word_1_341' title='bbox 1430 4687 1540 4759; x_wconf 87' lang='lat' dir='ltr'><strong>jam</strong></span> <span class='ocrx_word' id='word_1_342' title='bbox 1568 4703 1667 4757; x_wconf 90' lang='lat' dir='ltr'><strong>ap-</strong></span> 
     </span>
    </p>
   </div>
   <div class='ocr_carea' id='block_1_48' title="bbox 46 4781 1668 4854">
    <p class='ocr_par' dir='ltr' id='par_1_48' title="bbox 46 4781 1668 4854">
     <span class='ocr_line' id='line_1_48' title="bbox 46 4781 1668 4854; baseline -0.002 -18"><span class='ocrx_word' id='word_1_343' title='bbox 46 4783 252 4854; x_wconf 87' lang='lat' dir='ltr'><strong>pello,</strong></span> <span class='ocrx_word' id='word_1_344' title='bbox 280 4782 418 4852; x_wconf 91' lang='lat' dir='ltr'><strong>quod</strong></span> <span class='ocrx_word' id='word_1_345' title='bbox 450 4797 546 4851; x_wconf 89' lang='lat' dir='ltr'><strong>per</strong></span> <span class='ocrx_word' id='word_1_346' title='bbox 588 4792 864 4852; x_wconf 87' lang='lat' dir='ltr'><strong>angustam</strong></span> <span class='ocrx_word' id='word_1_347' title='bbox 907 4782 1129 4852; x_wconf 82' lang='lat' dir='ltr'><strong>elegerit</strong></span> <span class='ocrx_word' id='word_1_348' title='bbox 1162 4781 1418 4835; x_wconf 88' lang='lat' dir='ltr'><strong>introire:</strong></span> <span class='ocrx_word' id='word_1_349' title='bbox 1453 4795 1551 4849; x_wconf 87' lang='lat' dir='ltr'><strong>per</strong></span> <span class='ocrx_word' id='word_1_350' title='bbox 1571 4793 1668 4834; x_wconf 84' lang='lat' dir='ltr'><strong>an-</strong></span> 
     </span>
    </p>
   </div>
   <div class='ocr_carea' id='block_1_49' title="bbox 43 4872 1666 4947">
    <p class='ocr_par' dir='ltr' id='par_1_49' title="bbox 43 4872 1666 4947">
     <span class='ocr_line' id='line_1_49' title="bbox 43 4872 1666 4947; baseline -0.001 -17"><span class='ocrx_word' id='word_1_351' title='bbox 43 4885 294 4947; x_wconf 80' lang='lat' dir='ltr'><strong>gustam</strong></span> <span class='ocrx_word' id='word_1_352' title='bbox 350 4885 556 4944; x_wconf 91' lang='lat' dir='ltr'><strong>portam</strong></span> <span class='ocrx_word' id='word_1_353' title='bbox 610 4876 856 4941; x_wconf 90' lang='lat' dir='ltr'><strong>intravit,</strong></span> <span class='ocrx_word' id='word_1_354' title='bbox 911 4874 964 4928; x_wconf 93' lang='lat' dir='ltr'><strong>in</strong></span> <span class='ocrx_word' id='word_1_355' title='bbox 1007 4889 1109 4944; x_wconf 91' lang='lat' dir='ltr'><strong>qua</strong></span> <span class='ocrx_word' id='word_1_356' title='bbox 1167 4873 1345 4927; x_wconf 88' lang='lat' dir='ltr'><strong>omnia</strong></span> <span class='ocrx_word' id='word_1_357' title='bbox 1397 4872 1666 4928; x_wconf 88' lang='lat' dir='ltr'><strong>contrario</strong></span> 
     </span>
    </p>
   </div>
   <div class='ocr_carea' id='block_1_50' title="bbox 39 4964 1662 5035">
    <p class='ocr_par' dir='ltr' id='par_1_50' title="bbox 39 4964 1662 5035">
     <span class='ocr_line' id='line_1_50' title="bbox 39 4964 1662 5035; baseline -0.004 -11"><span class='ocrx_word' id='word_1_358' title='bbox 39 4967 249 5024; x_wconf 84' lang='lat' dir='ltr'><strong>modo</strong></span> <span class='ocrx_word' id='word_1_359' title='bbox 271 4981 330 5021; x_wconf 91' lang='lat' dir='ltr'><strong>se</strong></span> <span class='ocrx_word' id='word_1_360' title='bbox 351 4966 638 5021; x_wconf 86' lang='lat' dir='ltr'><strong>habebant.</strong></span> <span class='ocrx_word' id='word_1_361' title='bbox 677 4965 746 5022; x_wconf 90' lang='lat' dir='ltr'><strong>Ut</strong></span> <span class='ocrx_word' id='word_1_362' title='bbox 775 4966 863 5021; x_wconf 92' lang='lat' dir='ltr'><strong>ille</strong></span> <span class='ocrx_word' id='word_1_363' title='bbox 889 4980 1100 5035; x_wconf 87' lang='lat' dir='ltr'><strong>semper</strong></span> <span class='ocrx_word' id='word_1_364' title='bbox 1137 4965 1342 5020; x_wconf 86' lang='lat' dir='ltr'><strong>deliciis</strong></span> <span class='ocrx_word' id='word_1_365' title='bbox 1369 4964 1662 5030; x_wconf 90' lang='lat' dir='ltr'><strong>fruebatur,</strong></span> 
     </span>
    </p>
   </div>
   <div class='ocr_carea' id='block_1_51' title="bbox 40 5056 1665 5127">
    <p class='ocr_par' dir='ltr' id='par_1_51' title="bbox 40 5056 1665 5127">
     <span class='ocr_line' id='line_1_51' title="bbox 40 5056 1665 5127; baseline -0.001 -14"><span class='ocrx_word' id='word_1_366' title='bbox 40 5061 146 5113; x_wconf 84' lang='lat' dir='ltr'><strong>sic</strong></span> <span class='ocrx_word' id='word_1_367' title='bbox 201 5066 259 5111; x_wconf 91' lang='lat' dir='ltr'><strong>et</strong></span> <span class='ocrx_word' id='word_1_368' title='bbox 301 5057 400 5111; x_wconf 88' lang='lat' dir='ltr'><strong>iste</strong></span> <span class='ocrx_word' id='word_1_369' title='bbox 430 5067 682 5126; x_wconf 88' lang='lat' dir='ltr'><strong>perpetua</strong></span> <span class='ocrx_word' id='word_1_370' title='bbox 718 5058 856 5112; x_wconf 90' lang='lat' dir='ltr'><strong>fame</strong></span> <span class='ocrx_word' id='word_1_371' title='bbox 897 5057 1320 5113; x_wconf 83' lang='lat' dir='ltr'><strong>conflictabatur.</strong></span> <span class='ocrx_word' id='word_1_372' title='bbox 1371 5058 1546 5127; x_wconf 86' lang='lat' dir='ltr'><strong>Atque</strong></span> <span class='ocrx_word' id='word_1_373' title='bbox 1574 5056 1665 5111; x_wconf 85' lang='lat' dir='ltr'><strong>ille</strong></span> 
     </span>
    </p>
   </div>
   <div class='ocr_carea' id='block_1_52' title="bbox 38 5148 1664 5221">
    <p class='ocr_par' dir='ltr' id='par_1_52' title="bbox 38 5148 1664 5221">
     <span class='ocr_line' id='line_1_52' title="bbox 38 5148 1664 5221; baseline -0.001 -15"><span class='ocrx_word' id='word_1_374' title='bbox 38 5149 302 5221; x_wconf 80' lang='lat' dir='ltr'><strong>quidem</strong></span> <span class='ocrx_word' id='word_1_375' title='bbox 345 5149 555 5205; x_wconf 88' lang='lat' dir='ltr'><strong>deliciis</strong></span> <span class='ocrx_word' id='word_1_376' title='bbox 599 5159 654 5204; x_wconf 92' lang='lat' dir='ltr'><strong>et</strong></span> <span class='ocrx_word' id='word_1_377' title='bbox 688 5163 940 5219; x_wconf 89' lang='lat' dir='ltr'><strong>prospera</strong></span> <span class='ocrx_word' id='word_1_378' title='bbox 980 5148 1222 5219; x_wconf 88' lang='lat' dir='ltr'><strong>corporis</strong></span> <span class='ocrx_word' id='word_1_379' title='bbox 1261 5149 1582 5216; x_wconf 89' lang='lat' dir='ltr'><strong>valetudine,</strong></span> <span class='ocrx_word' id='word_1_380' title='bbox 1609 5159 1664 5204; x_wconf 92' lang='lat' dir='ltr'><strong>et</strong></span> 
     </span>
    </p>
   </div>
   <div class='ocr_carea' id='block_1_53' title="bbox 40 5241 1662 5317">
    <p class='ocr_par' dir='ltr' id='par_1_53' title="bbox 40 5241 1662 5317">
     <span class='ocr_line' id='line_1_53' title="bbox 40 5241 1662 5317; baseline -0.001 -20"><span class='ocrx_word' id='word_1_381' title='bbox 40 5244 428 5317; x_wconf 81' lang='lat' dir='ltr'><strong>pecuniarum</strong></span> <span class='ocrx_word' id='word_1_382' title='bbox 457 5243 778 5298; x_wconf 88' lang='lat' dir='ltr'><strong>abundantia</strong></span> <span class='ocrx_word' id='word_1_383' title='bbox 807 5242 1124 5312; x_wconf 87' lang='lat' dir='ltr'><strong>potiebatur,</strong></span> <span class='ocrx_word' id='word_1_384' title='bbox 1157 5251 1211 5297; x_wconf 91' lang='lat' dir='ltr'><strong>et</strong></span> <span class='ocrx_word' id='word_1_385' title='bbox 1237 5241 1480 5312; x_wconf 89' lang='lat' dir='ltr'><strong>ingluviei</strong></span> <span class='ocrx_word' id='word_1_386' title='bbox 1502 5251 1662 5312; x_wconf 84' lang='lat' dir='ltr'><strong>atque</strong></span> 
     </span>
    </p>
   </div>
   <div class='ocr_carea' id='block_1_54' title="bbox 33 5331 1661 5393">
    <p class='ocr_par' dir='ltr' id='par_1_54' title="bbox 33 5331 1661 5393">
     <span class='ocr_line' id='line_1_54' title="bbox 33 5331 1661 5393; baseline -0.004 0"><span class='ocrx_word' id='word_1_387' title='bbox 33 5333 328 5393; x_wconf 83' lang='lat' dir='ltr'><strong>ebrietati</strong></span> <span class='ocrx_word' id='word_1_388' title='bbox 355 5335 484 5389; x_wconf 90' lang='lat' dir='ltr'><strong>totis</strong></span> <span class='ocrx_word' id='word_1_389' title='bbox 505 5333 695 5389; x_wconf 89' lang='lat' dir='ltr'><strong>diebus</strong></span> <span class='ocrx_word' id='word_1_390' title='bbox 715 5331 950 5388; x_wconf 89' lang='lat' dir='ltr'><strong>vacando</strong></span> <span class='ocrx_word' id='word_1_391' title='bbox 969 5332 1348 5388; x_wconf 87' lang='lat' dir='ltr'><strong>conficiebatur</strong></span> <span class='ocrx_word' id='word_1_392' title='bbox 1371 5349 1384 5386; x_wconf 88' lang='lat'><strong>:</strong></span> <span class='ocrx_word' id='word_1_393' title='bbox 1408 5331 1510 5387; x_wconf 90' lang='lat' dir='ltr'><strong>iste</strong></span> <span class='ocrx_word' id='word_1_394' title='bbox 1533 5347 1661 5388; x_wconf 91' lang='lat' dir='ltr'><strong>vero</strong></span> 
     </span>
    </p>
   </div>
   <div class='ocr_carea' id='block_1_55' title="bbox 33 5425 1658 5494">
    <p class='ocr_par' dir='ltr' id='par_1_55' title="bbox 33 5425 1658 5494">
     <span class='ocr_line' id='line_1_55' title="bbox 33 5425 1658 5494; baseline -0.004 -10"><span class='ocrx_word' id='word_1_395' title='bbox 33 5441 182 5484; x_wconf 78' lang='lat' dir='ltr'><strong>uita</strong></span> <span class='ocrx_word' id='word_1_396' title='bbox 211 5441 332 5480; x_wconf 89' lang='lat' dir='ltr'><strong>cum</strong></span> <span class='ocrx_word' id='word_1_397' title='bbox 355 5425 515 5490; x_wconf 83' lang='lat' dir='ltr'><strong>fame,</strong></span> <span class='ocrx_word' id='word_1_398' title='bbox 543 5439 750 5480; x_wconf 84' lang='lat' dir='ltr'><strong>summa</strong></span> <span class='ocrx_word' id='word_1_399' title='bbox 789 5439 1077 5494; x_wconf 88' lang='lat' dir='ltr'><strong>oppressus</strong></span> <span class='ocrx_word' id='word_1_400' title='bbox 1103 5432 1218 5479; x_wconf 90' lang='lat' dir='ltr'><strong>erat</strong></span> <span class='ocrx_word' id='word_1_401' title='bbox 1245 5432 1499 5494; x_wconf 85' lang='lat' dir='ltr'><strong>egestate,</strong></span> <span class='ocrx_word' id='word_1_402' title='bbox 1533 5439 1658 5493; x_wconf 91' lang='lat' dir='ltr'><strong>per-</strong></span> 
     </span>
    </p>
   </div>
   <div class='ocr_carea' id='block_1_56' title="bbox 30 5519 1661 5585">
    <p class='ocr_par' dir='ltr' id='par_1_56' title="bbox 30 5519 1661 5585">
     <span class='ocr_line' id='line_1_56' title="bbox 30 5519 1661 5585; baseline -0.004 -4"><span class='ocrx_word' id='word_1_403' title='bbox 30 5521 200 5581; x_wconf 84' lang='lat' dir='ltr'><strong>enni</strong></span> <span class='ocrx_word' id='word_1_404' title='bbox 246 5520 454 5585; x_wconf 81' lang='lat' dir='ltr'><strong>mo&#39;bo,</strong></span> <span class='ocrx_word' id='word_1_405' title='bbox 496 5529 552 5574; x_wconf 89' lang='lat' dir='ltr'><strong>et</strong></span> <span class='ocrx_word' id='word_1_406' title='bbox 595 5519 940 5576; x_wconf 88' lang='lat' dir='ltr'><strong>intolerandis</strong></span> <span class='ocrx_word' id='word_1_407' title='bbox 979 5519 1271 5584; x_wconf 90' lang='lat' dir='ltr'><strong>ulceribus,</strong></span> <span class='ocrx_word' id='word_1_408' title='bbox 1303 5527 1448 5575; x_wconf 84' lang='lat' dir='ltr'><strong>utne</strong></span> <span class='ocrx_word' id='word_1_409' title='bbox 1475 5535 1661 5575; x_wconf 86' lang='lat' dir='ltr'><strong>neces-</strong></span> 
     </span>
    </p>
   </div>
   <div class='ocr_carea' id='block_1_57' title="bbox 29 5611 1659 5684">
    <p class='ocr_par' dir='ltr' id='par_1_57' title="bbox 29 5611 1659 5684">
     <span class='ocr_line' id='line_1_57' title="bbox 29 5611 1659 5684; baseline -0.004 -10"><span class='ocrx_word' id='word_1_410' title='bbox 29 5615 253 5674; x_wconf 84' lang='lat' dir='ltr'><strong>sarius</strong></span> <span class='ocrx_word' id='word_1_411' title='bbox 282 5612 498 5684; x_wconf 85' lang='lat' dir='ltr'><strong>quidem</strong></span> <span class='ocrx_word' id='word_1_412' title='bbox 527 5612 602 5667; x_wconf 89' lang='lat' dir='ltr'><strong>iili</strong></span> <span class='ocrx_word' id='word_1_413' title='bbox 627 5613 781 5668; x_wconf 91' lang='lat' dir='ltr'><strong>cibus</strong></span> <span class='ocrx_word' id='word_1_414' title='bbox 808 5621 1132 5683; x_wconf 87' lang='lat' dir='ltr'><strong>suppeteret,</strong></span> <span class='ocrx_word' id='word_1_415' title='bbox 1171 5611 1266 5668; x_wconf 90' lang='lat' dir='ltr'><strong>sed</strong></span> <span class='ocrx_word' id='word_1_416' title='bbox 1291 5612 1456 5668; x_wconf 85' lang='lat' dir='ltr'><strong>micas</strong></span> <span class='ocrx_word' id='word_1_417' title='bbox 1482 5613 1550 5668; x_wconf 92' lang='lat' dir='ltr'><strong>de</strong></span> <span class='ocrx_word' id='word_1_418' title='bbox 1573 5614 1659 5668; x_wconf 82' lang='lat' dir='ltr'><strong>di-</strong></span> 
     </span>
    </p>
   </div>
   <div class='ocr_carea' id='block_1_58' title="bbox 28 5706 1658 5777">
    <p class='ocr_par' dir='ltr' id='par_1_58' title="bbox 28 5706 1658 5777">
     <span class='ocr_line' id='line_1_58' title="bbox 28 5706 1658 5777; baseline -0.002 -12"><span class='ocrx_word' id='word_1_419' title='bbox 28 5708 203 5765; x_wconf 76' lang='lat' dir='ltr'><strong>vitis</strong></span> <span class='ocrx_word' id='word_1_420' title='bbox 256 5721 440 5762; x_wconf 82' lang='lat' dir='ltr'><strong>mensa</strong></span> <span class='ocrx_word' id='word_1_421' title='bbox 481 5706 732 5762; x_wconf 86' lang='lat' dir='ltr'><strong>cadentes</strong></span> <span class='ocrx_word' id='word_1_422' title='bbox 776 5713 1086 5776; x_wconf 81' lang='lat' dir='ltr'><strong>expeteret,</strong></span> <span class='ocrx_word' id='word_1_423' title='bbox 1139 5719 1272 5774; x_wconf 88' lang='lat' dir='ltr'><strong>quas</strong></span> <span class='ocrx_word' id='word_1_424' title='bbox 1325 5719 1658 5777; x_wconf 87' lang='lat' dir='ltr'><strong>nequaquam</strong></span> 
     </span>
    </p>
   </div>
   <div class='ocr_carea' id='block_1_59' title="bbox 25 5802 618 5868">
    <p class='ocr_par' dir='ltr' id='par_1_59' title="bbox 25 5802 618 5868">
     <span class='ocr_line' id='line_1_59' title="bbox 25 5802 618 5868; baseline -0.017 -6"><span class='ocrx_word' id='word_1_425' title='bbox 25 5817 256 5862; x_wconf 75' lang='lat' dir='ltr'><strong>tamen</strong></span> <span class='ocrx_word' id='word_1_426' title='bbox 289 5802 618 5868; x_wconf 87' lang='lat' dir='ltr'><strong>impetraret.</strong></span> 
     </span>
    </p>
   </div>
   <div class='ocr_carea' id='block_1_60' title="bbox 132 5891 1655 5962">
    <p class='ocr_par' dir='ltr' id='par_1_60' title="bbox 132 5891 1655 5962">
     <span class='ocr_line' id='line_1_60' title="bbox 132 5891 1655 5962; baseline -0.002 -10"><span class='ocrx_word' id='word_1_427' title='bbox 132 5898 204 5952; x_wconf 69' lang='grc' dir='ltr'><strong>ι.</strong></span> <span class='ocrx_word' id='word_1_428' title='bbox 253 5893 434 5950; x_wconf 76' lang='lat' dir='ltr'><strong>Vidisti</strong></span> <span class='ocrx_word' id='word_1_429' title='bbox 465 5907 571 5962; x_wconf 90' lang='lat' dir='ltr'><strong>quo</strong></span> <span class='ocrx_word' id='word_1_430' title='bbox 598 5901 752 5961; x_wconf 87' lang='lat' dir='ltr'><strong>pacto</strong></span> <span class='ocrx_word' id='word_1_431' title='bbox 781 5906 874 5961; x_wconf 88' lang='lat' dir='ltr'><strong>per</strong></span> <span class='ocrx_word' id='word_1_432' title='bbox 900 5898 1174 5961; x_wconf 84' lang='lat' dir='ltr'><strong>angustam</strong></span> <span class='ocrx_word' id='word_1_433' title='bbox 1217 5898 1423 5960; x_wconf 83' lang='lat' dir='ltr'><strong>portam</strong></span> <span class='ocrx_word' id='word_1_434' title='bbox 1449 5891 1655 5962; x_wconf 69' lang='grc' dir='ltr'><strong>ἱππεῖ-εε-</strong></span> 
     </span>
    </p>
   </div>
   <div class='ocr_carea' id='block_1_61' title="bbox 1288 428 2094 491">
    <p class='ocr_par' dir='ltr' id='par_1_61' title="bbox 1288 428 2094 491">
     <span class='ocr_line' id='line_1_61' title="bbox 1288 428 2094 491; baseline -0.01 0"><span class='ocrx_word' id='word_1_435' title='bbox 1288 435 1374 491; x_wconf 83' lang='lat' dir='ltr'><strong>DE</strong></span> <span class='ocrx_word' id='word_1_436' title='bbox 1416 429 1683 489; x_wconf 71' lang='lat' dir='ltr'><strong>LAZARO</strong></span> <span class='ocrx_word' id='word_1_437' title='bbox 1713 428 1956 486; x_wconf 78' lang='lat' dir='ltr'><strong>CONCIO</strong></span> <span class='ocrx_word' id='word_1_438' title='bbox 1989 429 2094 485; x_wconf 78' lang='lat' dir='ltr'><strong>V&#39;ll.</strong></span> 
     </span>
    </p>
   </div>
   <div class='ocr_carea' id='block_1_62' title="bbox 3225 436 3362 495">
    <p class='ocr_par' dir='ltr' id='par_1_62' title="bbox 3225 436 3362 495">
     <span class='ocr_line' id='line_1_62' title="bbox 3225 436 3362 495; baseline -0.007 0"><span class='ocrx_word' id='word_1_439' title='bbox 3225 436 3362 495; x_wconf 61' lang='lat'><strong>50.30</strong></span> 
     </span>
    </p>
   </div>
   <div class='ocr_carea' id='block_1_63' title="bbox 1755 545 3358 618">
    <p class='ocr_par' dir='ltr' id='par_1_63' title="bbox 1755 545 3358 618">
     <span class='ocr_line' id='line_1_63' title="bbox 1755 545 3358 618; baseline 0.009 -24"><span class='ocrx_word' id='word_1_440' title='bbox 1755 558 1874 596; x_wconf 90' lang='lat' dir='ltr'><strong>.sus</strong></span> <span class='ocrx_word' id='word_1_441' title='bbox 1906 545 2023 604; x_wconf 71' lang='lat' dir='ltr'><strong>islt‘,</strong></span> <span class='ocrx_word' id='word_1_442' title='bbox 2053 561 2146 612; x_wconf 85' lang='lat' dir='ltr'><strong>per</strong></span> <span class='ocrx_word' id='word_1_443' title='bbox 2183 557 2381 601; x_wconf 78' lang='lat' dir='ltr'><strong>arctam</strong></span> <span class='ocrx_word' id='word_1_444' title='bbox 2414 549 2549 601; x_wconf 88' lang='lat' dir='ltr'><strong>viam</strong></span> <span class='ocrx_word' id='word_1_445' title='bbox 2593 564 2801 618; x_wconf 89' lang='lat' dir='ltr'><strong>semper</strong></span> <span class='ocrx_word' id='word_1_446' title='bbox 2833 550 3133 606; x_wconf 71' lang='lat' dir='ltr'><strong>incederet!</strong></span> <span class='ocrx_word' id='word_1_447' title='bbox 3177 551 3358 608; x_wconf 56' lang='lat' dir='ltr'><strong>Vidisti</strong></span> 
     </span>
    </p>
   </div>
   <div class='ocr_carea' id='block_1_64' title="bbox 1780 637 3361 712">
    <p class='ocr_par' dir='ltr' id='par_1_64' title="bbox 1780 637 3361 712">
     <span class='ocr_line' id='line_1_64' title="bbox 1780 637 3361 712; baseline 0.007 -24"><span class='ocrx_word' id='word_1_448' title='bbox 1780 653 1886 704; x_wconf 89' lang='lat' dir='ltr'><strong>quo</strong></span> <span class='ocrx_word' id='word_1_449' title='bbox 1931 647 2082 703; x_wconf 85' lang='lat' dir='ltr'><strong>pacto</strong></span> <span class='ocrx_word' id='word_1_450' title='bbox 2139 637 2226 690; x_wconf 89' lang='lat' dir='ltr'><strong>ille</strong></span> <span class='ocrx_word' id='word_1_451' title='bbox 2278 654 2369 706; x_wconf 87' lang='lat' dir='ltr'><strong>per</strong></span> <span class='ocrx_word' id='word_1_452' title='bbox 2417 640 2569 692; x_wconf 86' lang='lat' dir='ltr'><strong>latam</strong></span> <span class='ocrx_word' id='word_1_453' title='bbox 2593 649 2795 708; x_wconf 87' lang='lat' dir='ltr'><strong>portam</strong></span> <span class='ocrx_word' id='word_1_454' title='bbox 2844 651 2896 695; x_wconf 90' lang='lat' dir='ltr'><strong>et</strong></span> <span class='ocrx_word' id='word_1_455' title='bbox 2940 658 3032 710; x_wconf 88' lang='lat' dir='ltr'><strong>per</strong></span> <span class='ocrx_word' id='word_1_456' title='bbox 3075 643 3361 712; x_wconf 88' lang='lat' dir='ltr'><strong>spatiosam</strong></span> 
     </span>
    </p>
   </div>
   <div class='ocr_carea' id='block_1_65' title="bbox 1782 730 3355 802">
    <p class='ocr_par' dir='ltr' id='par_1_65' title="bbox 1782 730 3355 802">
     <span class='ocr_line' id='line_1_65' title="bbox 1782 730 3355 802; baseline 0.003 -19"><span class='ocrx_word' id='word_1_457' title='bbox 1782 730 1918 783; x_wconf 87' lang='lat' dir='ltr'><strong>viam</strong></span> <span class='ocrx_word' id='word_1_458' title='bbox 1950 732 2221 798; x_wconf 77' lang='lat' dir='ltr'><strong>pergeret?</strong></span> <span class='ocrx_word' id='word_1_459' title='bbox 2261 730 2374 784; x_wconf 80' lang='lat' dir='ltr'><strong>Jam</strong></span> <span class='ocrx_word' id='word_1_460' title='bbox 2409 747 2532 783; x_wconf 88' lang='lat' dir='ltr'><strong>vero</strong></span> <span class='ocrx_word' id='word_1_461' title='bbox 2574 731 2728 784; x_wconf 85' lang='lat' dir='ltr'><strong>finem</strong></span> <span class='ocrx_word' id='word_1_462' title='bbox 2761 733 3034 802; x_wconf 76' lang='lat' dir='ltr'><strong>utriuSqne</strong></span> <span class='ocrx_word' id='word_1_463' title='bbox 3064 735 3355 801; x_wconf 81' lang='lat' dir='ltr'><strong>videamus,</strong></span> 
     </span>
    </p>
   </div>
   <div class='ocr_carea' id='block_1_66' title="bbox 1779 823 3356 896">
    <p class='ocr_par' dir='ltr' id='par_1_66' title="bbox 1779 823 3356 896">
     <span class='ocr_line' id='line_1_66' title="bbox 1779 823 3356 896; baseline 0.001 -20"><span class='ocrx_word' id='word_1_464' title='bbox 1779 832 1835 876; x_wconf 86' lang='lat' dir='ltr'><strong>et</strong></span> <span class='ocrx_word' id='word_1_465' title='bbox 1857 839 1962 891; x_wconf 86' lang='lat' dir='ltr'><strong>quo</strong></span> <span class='ocrx_word' id='word_1_466' title='bbox 1993 833 2144 892; x_wconf 75' lang='lat' dir='ltr'><strong>pacto</strong></span> <span class='ocrx_word' id='word_1_467' title='bbox 2178 823 2226 876; x_wconf 93' lang='lat' dir='ltr'><strong>in</strong></span> <span class='ocrx_word' id='word_1_468' title='bbox 2258 833 2536 891; x_wconf 77' lang='lat' dir='ltr'><strong>angustum</strong></span> <span class='ocrx_word' id='word_1_469' title='bbox 2567 824 2654 876; x_wconf 92' lang='lat' dir='ltr'><strong>illc</strong></span> <span class='ocrx_word' id='word_1_470' title='bbox 2686 826 2839 878; x_wconf 89' lang='lat' dir='ltr'><strong>linem</strong></span> <span class='ocrx_word' id='word_1_471' title='bbox 2865 825 3102 891; x_wconf 76' lang='lat' dir='ltr'><strong>desierit,</strong></span> <span class='ocrx_word' id='word_1_472' title='bbox 3131 843 3237 896; x_wconf 89' lang='lat' dir='ltr'><strong>quo</strong></span> <span class='ocrx_word' id='word_1_473' title='bbox 3265 843 3356 894; x_wconf 65' lang='lat' dir='ltr'><strong>p.1-</strong></span> 
     </span>
    </p>
   </div>
   <div class='ocr_carea' id='block_1_67' title="bbox 1779 915 3362 971">
    <p class='ocr_par' dir='ltr' id='par_1_67' title="bbox 1779 915 3362 971">
     <span class='ocr_line' id='line_1_67' title="bbox 1779 915 3362 971; baseline 0.003 -5"><span class='ocrx_word' id='word_1_474' title='bbox 1779 925 1866 967; x_wconf 93' lang='lat' dir='ltr'><strong>cto</strong></span> <span class='ocrx_word' id='word_1_475' title='bbox 1894 915 1992 967; x_wconf 88' lang='lat' dir='ltr'><strong>iste</strong></span> <span class='ocrx_word' id='word_1_476' title='bbox 2023 915 2074 967; x_wconf 93' lang='lat' dir='ltr'><strong>in</strong></span> <span class='ocrx_word' id='word_1_477' title='bbox 2108 915 2270 968; x_wconf 92' lang='lat' dir='ltr'><strong>latum</strong></span> <span class='ocrx_word' id='word_1_478' title='bbox 2316 930 2379 968; x_wconf 90' lang='lat' dir='ltr'><strong>ac</strong></span> <span class='ocrx_word' id='word_1_479' title='bbox 2418 915 2596 969; x_wconf 80' lang='lat' dir='ltr'><strong>inultis</strong></span> <span class='ocrx_word' id='word_1_480' title='bbox 2625 915 2834 970; x_wconf 87' lang='lat' dir='ltr'><strong>deliciis</strong></span> <span class='ocrx_word' id='word_1_481' title='bbox 2865 915 3119 971; x_wconf 86' lang='lat' dir='ltr'><strong>refertum</strong></span> <span class='ocrx_word' id='word_1_482' title='bbox 3151 936 3164 970; x_wconf 93' lang='lat'>:</span> <span class='ocrx_word' id='word_1_483' title='bbox 3199 927 3254 970; x_wconf 93' lang='lat' dir='ltr'><strong>ut</strong></span> <span class='ocrx_word' id='word_1_484' title='bbox 3280 917 3362 971; x_wconf 83' lang='lat' dir='ltr'><strong>his</strong></span> 
     </span>
    </p>
   </div>
   <div class='ocr_carea' id='block_1_68' title="bbox 1783 1005 3361 1078">
    <p class='ocr_par' dir='ltr' id='par_1_68' title="bbox 1783 1005 3361 1078">
     <span class='ocr_line' id='line_1_68' title="bbox 1783 1005 3361 1078; baseline 0.001 -18"><span class='ocrx_word' id='word_1_485' title='bbox 1783 1005 1946 1076; x_wconf 84' lang='lat' dir='ltr'><strong>probe</strong></span> <span class='ocrx_word' id='word_1_486' title='bbox 1973 1005 2272 1070; x_wconf 69' lang='lat' dir='ltr'><strong>intellectis,</strong></span> <span class='ocrx_word' id='word_1_487' title='bbox 2306 1023 2373 1060; x_wconf 87' lang='lat' dir='ltr'><strong>ne</strong></span> <span class='ocrx_word' id='word_1_488' title='bbox 2402 1007 2691 1074; x_wconf 80' lang='lat' dir='ltr'><strong>spatiosam</strong></span> <span class='ocrx_word' id='word_1_489' title='bbox 2719 1006 2855 1060; x_wconf 82' lang='lat' dir='ltr'><strong>viam</strong></span> <span class='ocrx_word' id='word_1_490' title='bbox 2879 1009 3024 1060; x_wconf 90' lang='lat' dir='ltr'><strong>omni</strong></span> <span class='ocrx_word' id='word_1_491' title='bbox 3058 1008 3214 1063; x_wconf 91' lang='lat' dir='ltr'><strong>modo</strong></span> <span class='ocrx_word' id='word_1_492' title='bbox 3242 1023 3361 1078; x_wconf 82' lang='lat' dir='ltr'><strong>per-</strong></span> 
     </span>
    </p>
   </div>
   <div class='ocr_carea' id='block_1_69' title="bbox 1781 1099 3362 1170">
    <p class='ocr_par' dir='ltr' id='par_1_69' title="bbox 1781 1099 3362 1170">
     <span class='ocr_line' id='line_1_69' title="bbox 1781 1099 3362 1170; baseline 0 -18"><span class='ocrx_word' id='word_1_493' title='bbox 1781 1114 2084 1168; x_wconf 80' lang='lat' dir='ltr'><strong>sequamur,</strong></span> <span class='ocrx_word' id='word_1_494' title='bbox 2127 1114 2300 1166; x_wconf 86' lang='lat' dir='ltr'><strong>neque</strong></span> <span class='ocrx_word' id='word_1_495' title='bbox 2339 1115 2434 1169; x_wconf 88' lang='lat' dir='ltr'><strong>per</strong></span> <span class='ocrx_word' id='word_1_496' title='bbox 2463 1099 2622 1153; x_wconf 89' lang='lat' dir='ltr'><strong>latam</strong></span> <span class='ocrx_word' id='word_1_497' title='bbox 2666 1108 2871 1170; x_wconf 88' lang='lat' dir='ltr'><strong>portam</strong></span> <span class='ocrx_word' id='word_1_498' title='bbox 2903 1101 3100 1170; x_wconf 87' lang='lat' dir='ltr'><strong>ingredi</strong></span> <span class='ocrx_word' id='word_1_499' title='bbox 3147 1102 3362 1156; x_wconf 82' lang='lat' dir='ltr'><strong>studea-</strong></span> 
     </span>
    </p>
   </div>
   <div class='ocr_carea' id='block_1_70' title="bbox 1782 1191 3362 1261">
    <p class='ocr_par' dir='ltr' id='par_1_70' title="bbox 1782 1191 3362 1261">
     <span class='ocr_line' id='line_1_70' title="bbox 1782 1191 3362 1261; baseline 0.001 -15"><span class='ocrx_word' id='word_1_500' title='bbox 1782 1206 1922 1256; x_wconf 83' lang='lat' dir='ltr'><strong>tnus,</strong></span> <span class='ocrx_word' id='word_1_501' title='bbox 1950 1191 2043 1245; x_wconf 92' lang='lat' dir='ltr'><strong>sed</strong></span> <span class='ocrx_word' id='word_1_502' title='bbox 2081 1200 2360 1261; x_wconf 89' lang='lat' dir='ltr'><strong>angustam</strong></span> <span class='ocrx_word' id='word_1_503' title='bbox 2392 1200 2600 1261; x_wconf 81' lang='lat' dir='ltr'><strong>portant</strong></span> <span class='ocrx_word' id='word_1_504' title='bbox 2644 1202 2927 1256; x_wconf 84' lang='lat' dir='ltr'><strong>sectemur,</strong></span> <span class='ocrx_word' id='word_1_505' title='bbox 2960 1203 3013 1246; x_wconf 86' lang='lat' dir='ltr'><strong>et.</strong></span> <span class='ocrx_word' id='word_1_506' title='bbox 3044 1210 3134 1260; x_wconf 90' lang='lat' dir='ltr'><strong>per</strong></span> <span class='ocrx_word' id='word_1_507' title='bbox 3163 1203 3362 1248; x_wconf 84' lang='lat' dir='ltr'><strong>arctam</strong></span> 
     </span>
    </p>
   </div>
   <div class='ocr_carea' id='block_1_71' title="bbox 1745 1283 3362 1353">
    <p class='ocr_par' dir='ltr' id='par_1_71' title="bbox 1745 1283 3362 1353">
     <span class='ocr_line' id='line_1_71' title="bbox 1745 1283 3362 1353; baseline 0.002 -19"><span class='ocrx_word' id='word_1_508' title='bbox 1745 1329 1750 1334; x_wconf 93' lang='lat'><strong>.</strong></span> <span class='ocrx_word' id='word_1_509' title='bbox 1782 1283 1921 1338; x_wconf 79' lang='lat' dir='ltr'><strong>viam</strong></span> <span class='ocrx_word' id='word_1_510' title='bbox 1963 1283 2291 1350; x_wconf 88' lang='lat' dir='ltr'><strong>inccdamus,</strong></span> <span class='ocrx_word' id='word_1_511' title='bbox 2321 1298 2426 1352; x_wconf 90' lang='lat' dir='ltr'><strong>quo</strong></span> <span class='ocrx_word' id='word_1_512' title='bbox 2468 1285 2731 1353; x_wconf 83' lang='lat' dir='ltr'><strong>possimus</strong></span> <span class='ocrx_word' id='word_1_513' title='bbox 2760 1284 2823 1336; x_wconf 89' lang='lat' dir='ltr'><strong>ad</strong></span> <span class='ocrx_word' id='word_1_514' title='bbox 2858 1285 3053 1338; x_wconf 91' lang='lat' dir='ltr'><strong>bonmu</strong></span> <span class='ocrx_word' id='word_1_515' title='bbox 3098 1285 3256 1338; x_wconf 86' lang='lat' dir='ltr'><strong>linem</strong></span> <span class='ocrx_word' id='word_1_516' title='bbox 3302 1302 3362 1338; x_wconf 87' lang='lat' dir='ltr'><strong>ae</strong></span> 
     </span>
    </p>
   </div>
   <div class='ocr_carea' id='block_1_72' title="bbox 1781 1374 2586 1445">
    <p class='ocr_par' dir='ltr' id='par_1_72' title="bbox 1781 1374 2586 1445">
     <span class='ocr_line' id='line_1_72' title="bbox 1781 1374 2586 1445; baseline -0.001 -16"><span class='ocrx_word' id='word_1_517' title='bbox 1781 1374 2034 1430; x_wconf 84' lang='lat' dir='ltr'><strong>refertum</strong></span> <span class='ocrx_word' id='word_1_518' title='bbox 2063 1375 2267 1430; x_wconf 89' lang='lat' dir='ltr'><strong>deliciis</strong></span> <span class='ocrx_word' id='word_1_519' title='bbox 2294 1377 2586 1445; x_wconf 87' lang='lat' dir='ltr'><strong>pervenire.</strong></span> 
     </span>
    </p>
   </div>
   <div class='ocr_carea' id='block_1_73' title="bbox 1853 1468 3366 1528">
    <p class='ocr_par' dir='ltr' id='par_1_73' title="bbox 1853 1468 3366 1528">
     <span class='ocr_line' id='line_1_73' title="bbox 1853 1468 3366 1528; baseline 0.003 -6"><span class='ocrx_word' id='word_1_520' title='bbox 1853 1468 2127 1522; x_wconf 78' lang='lat' dir='ltr'><strong>Dissimilis</strong></span> <span class='ocrx_word' id='word_1_521' title='bbox 2161 1469 2342 1523; x_wconf 77' lang='lat' dir='ltr'><strong>Lazari</strong></span> <span class='ocrx_word' id='word_1_522' title='bbox 2390 1471 2503 1524; x_wconf 71' lang='lat' dir='ltr'><strong>vita:</strong></span> <span class='ocrx_word' id='word_1_523' title='bbox 2545 1473 2802 1525; x_wconf 79' lang='lat' dir='ltr'><strong>terminus.</strong></span> <span class='ocrx_word' id='word_1_524' title='bbox 2828 1503 2900 1512; x_wconf 81' lang='lat'><strong>-—-</strong></span> <span class='ocrx_word' id='word_1_525' title='bbox 2923 1474 3051 1527; x_wconf 85' lang='lat' dir='ltr'><strong>Cum</strong></span> <span class='ocrx_word' id='word_1_526' title='bbox 3085 1474 3224 1528; x_wconf 79' lang='lat' dir='ltr'><strong>enim</strong></span> <span class='ocrx_word' id='word_1_527' title='bbox 3274 1491 3366 1527; x_wconf 76' lang='lat' dir='ltr'><strong>eu-</strong></span> 
     </span>
    </p>
   </div>
   <div class='ocr_carea' id='block_1_74' title="bbox 1776 1563 3363 1636">
    <p class='ocr_par' dir='ltr' id='par_1_74' title="bbox 1776 1563 3363 1636">
     <span class='ocr_line' id='line_1_74' title="bbox 1776 1563 3363 1636; baseline 0.001 -21"><span class='ocrx_word' id='word_1_528' title='bbox 1776 1563 1968 1632; x_wconf 89' lang='lat' dir='ltr'><strong>jusquc</strong></span> <span class='ocrx_word' id='word_1_529' title='bbox 1997 1563 2204 1618; x_wconf 90' lang='lat' dir='ltr'><strong>illormn</strong></span> <span class='ocrx_word' id='word_1_530' title='bbox 2254 1563 2374 1618; x_wconf 83' lang='lat' dir='ltr'><strong>finis</strong></span> <span class='ocrx_word' id='word_1_531' title='bbox 2414 1563 2735 1628; x_wconf 84' lang='lat' dir='ltr'><strong>advenisset,</strong></span> <span class='ocrx_word' id='word_1_532' title='bbox 2787 1565 2902 1616; x_wconf 86' lang='lat' dir='ltr'><strong>vide</strong></span> <span class='ocrx_word' id='word_1_533' title='bbox 2933 1565 3057 1634; x_wconf 85' lang='lat' dir='ltr'><strong>quid</strong></span> <span class='ocrx_word' id='word_1_534' title='bbox 3091 1568 3155 1618; x_wconf 89' lang='lat' dir='ltr'><strong>de</strong></span> <span class='ocrx_word' id='word_1_535' title='bbox 3185 1583 3250 1636; x_wconf 84' lang='lat' dir='ltr'><strong>eo</strong></span> <span class='ocrx_word' id='word_1_536' title='bbox 3276 1567 3363 1636; x_wconf 87' lang='lat' dir='ltr'><strong>qui</strong></span> 
     </span>
    </p>
   </div>
   <div class='ocr_carea' id='block_1_75' title="bbox 1781 1655 3365 1726">
    <p class='ocr_par' dir='ltr' id='par_1_75' title="bbox 1781 1655 3365 1726">
     <span class='ocr_line' id='line_1_75' title="bbox 1781 1655 3365 1726; baseline -0.001 -18"><span class='ocrx_word' id='word_1_537' title='bbox 1781 1671 1876 1726; x_wconf 91' lang='lat' dir='ltr'><strong>per</strong></span> <span class='ocrx_word' id='word_1_538' title='bbox 1905 1667 2103 1710; x_wconf 85' lang='lat' dir='ltr'><strong>arctam</strong></span> <span class='ocrx_word' id='word_1_539' title='bbox 2131 1655 2269 1710; x_wconf 89' lang='lat' dir='ltr'><strong>viam</strong></span> <span class='ocrx_word' id='word_1_540' title='bbox 2313 1664 2636 1724; x_wconf 79' lang='lat' dir='ltr'><strong>perrexerat,</strong></span> <span class='ocrx_word' id='word_1_541' title='bbox 2676 1656 2818 1724; x_wconf 87' lang='lat' dir='ltr'><strong>prius</strong></span> <span class='ocrx_word' id='word_1_542' title='bbox 2846 1656 2986 1709; x_wconf 78' lang='lat' dir='ltr'><strong>dicat</strong></span> <span class='ocrx_word' id='word_1_543' title='bbox 3012 1675 3021 1708; x_wconf 95' lang='lat'><strong>:</strong></span> <span class='ocrx_word' id='word_1_544' title='bbox 3052 1655 3263 1708; x_wconf 75' lang='lat' dir='ltr'><strong>I-‘artum</strong></span> <span class='ocrx_word' id='word_1_545' title='bbox 3296 1668 3365 1708; x_wconf 65' lang='lat' dir='ltr'><strong>est</strong></span> 
     </span>
    </p>
   </div>
   <div class='ocr_carea' id='block_1_76' title="bbox 1781 1748 3365 1818">
    <p class='ocr_par' dir='ltr' id='par_1_76' title="bbox 1781 1748 3365 1818">
     <span class='ocr_line' id='line_1_76' title="bbox 1781 1748 3365 1818; baseline 0 -17"><span class='ocrx_word' id='word_1_546' title='bbox 1781 1761 1968 1812; x_wconf 85' lang='lat' dir='ltr'><strong>autem,</strong></span> <span class='ocrx_word' id='word_1_547' title='bbox 2008 1748 2198 1818; x_wconf 92' lang='lat' dir='ltr'><strong>inquit,</strong></span> <span class='ocrx_word' id='word_1_548' title='bbox 2227 1757 2281 1801; x_wconf 83' lang='lat' dir='ltr'><strong>ut</strong></span> <span class='ocrx_word' id='word_1_549' title='bbox 2311 1759 2586 1802; x_wconf 80' lang='lat' dir='ltr'><strong>moreretur</strong></span> <span class='ocrx_word' id='word_1_550' title='bbox 2611 1749 2892 1809; x_wconf 74' lang='lat' dir='ltr'><strong>mendicus,</strong></span> <span class='ocrx_word' id='word_1_551' title='bbox 2925 1760 2968 1801; x_wconf 84' lang='lat' dir='ltr'><strong>et</strong></span> <span class='ocrx_word' id='word_1_552' title='bbox 3000 1760 3284 1818; x_wconf 82' lang='lat' dir='ltr'><strong>portaretur</strong></span> <span class='ocrx_word' id='word_1_553' title='bbox 3306 1751 3365 1801; x_wconf 81' lang='lat' dir='ltr'><strong>ob</strong></span> 
     </span>
    </p>
   </div>
   <div class='ocr_carea' id='block_1_77' title="bbox 1780 1841 3364 1912">
    <p class='ocr_par' dir='ltr' id='par_1_77' title="bbox 1780 1841 3364 1912">
     <span class='ocr_line' id='line_1_77' title="bbox 1780 1841 3364 1912; baseline 0 -18"><span class='ocrx_word' id='word_1_554' title='bbox 1780 1843 1972 1912; x_wconf 79' lang='lat' dir='ltr'><strong>angelis</strong></span> <span class='ocrx_word' id='word_1_555' title='bbox 2000 1843 2053 1895; x_wconf 80' lang='lat' dir='ltr'><strong>in</strong></span> <span class='ocrx_word' id='word_1_556' title='bbox 2082 1842 2248 1895; x_wconf 79' lang='lat' dir='ltr'><strong>sinum</strong></span> <span class='ocrx_word' id='word_1_557' title='bbox 2269 1842 2486 1895; x_wconf 64' lang='lat' dir='ltr'><strong>Abrahae</strong></span> <span class='ocrx_word' id='word_1_558' title='bbox 2509 1841 2657 1911; x_wconf 84' lang='lat' dir='ltr'><strong>(Luc.</strong></span> <span class='ocrx_word' id='word_1_559' title='bbox 2691 1844 2772 1896; x_wconf 81' lang='lat' dir='ltr'><strong>lli.</strong></span> <span class='ocrx_word' id='word_1_560' title='bbox 2803 1841 2919 1910; x_wconf 70' lang='lat'><strong>‘22).</strong></span> <span class='ocrx_word' id='word_1_561' title='bbox 2952 1841 3196 1897; x_wconf 62' lang='lat' dir='ltr'><strong>Fortasse</strong></span> <span class='ocrx_word' id='word_1_562' title='bbox 3221 1844 3364 1895; x_wconf 88' lang='lat' dir='ltr'><strong>illutn</strong></span> 
     </span>
    </p>
   </div>
   <div class='ocr_carea' id='block_1_78' title="bbox 1782 1933 3364 2004">
    <p class='ocr_par' dir='ltr' id='par_1_78' title="bbox 1782 1933 3364 2004">
     <span class='ocr_line' id='line_1_78' title="bbox 1782 1933 3364 2004; baseline 0.001 -17"><span class='ocrx_word' id='word_1_563' title='bbox 1782 1933 2114 1989; x_wconf 73' lang='lat' dir='ltr'><strong>abduce-bunt</strong></span> <span class='ocrx_word' id='word_1_564' title='bbox 2141 1934 2314 2004; x_wconf 83' lang='lat' dir='ltr'><strong>angeli</strong></span> <span class='ocrx_word' id='word_1_565' title='bbox 2357 1934 2718 2003; x_wconf 70' lang='lat' dir='ltr'><strong>prtecedcut&#39;cs</strong></span> <span class='ocrx_word' id='word_1_566' title='bbox 2762 1935 2980 1988; x_wconf 87' lang='lat' dir='ltr'><strong>ct-latus</strong></span> <span class='ocrx_word' id='word_1_567' title='bbox 3009 1935 3124 2004; x_wconf 81' lang='lat' dir='ltr'><strong>ejus</strong></span> <span class='ocrx_word' id='word_1_568' title='bbox 3165 1937 3364 1989; x_wconf 74' lang='lat' dir='ltr'><strong>satelli-</strong></span> 
     </span>
    </p>
   </div>
   <div class='ocr_carea' id='block_1_79' title="bbox 1785 2026 3366 2096">
    <p class='ocr_par' dir='ltr' id='par_1_79' title="bbox 1785 2026 3366 2096">
     <span class='ocr_line' id='line_1_79' title="bbox 1785 2026 3366 2096; baseline 0.001 -17"><span class='ocrx_word' id='word_1_569' title='bbox 1785 2034 1894 2080; x_wconf 88' lang='lat' dir='ltr'><strong>tum</strong></span> <span class='ocrx_word' id='word_1_570' title='bbox 1932 2041 2082 2081; x_wconf 89' lang='lat' dir='ltr'><strong>more</strong></span> <span class='ocrx_word' id='word_1_571' title='bbox 2102 2026 2398 2096; x_wconf 85' lang='lat' dir='ltr'><strong>cingentcs,</strong></span> <span class='ocrx_word' id='word_1_572' title='bbox 2429 2037 2586 2096; x_wconf 84' lang='lat' dir='ltr'><strong>atque</strong></span> <span class='ocrx_word' id='word_1_573' title='bbox 2627 2027 2677 2080; x_wconf 90' lang='lat' dir='ltr'><strong>in</strong></span> <span class='ocrx_word' id='word_1_574' title='bbox 2705 2027 3012 2080; x_wconf 78' lang='lat' dir='ltr'><strong>deliciarum</strong></span> <span class='ocrx_word' id='word_1_575' title='bbox 3045 2028 3217 2081; x_wconf 87' lang='lat' dir='ltr'><strong>locum</strong></span> <span class='ocrx_word' id='word_1_576' title='bbox 3249 2037 3366 2096; x_wconf 79' lang='lat' dir='ltr'><strong>post</strong></span> 
     </span>
    </p>
   </div>
   <div class='ocr_carea' id='block_1_80' title="bbox 1785 2119 3364 2188">
    <p class='ocr_par' dir='ltr' id='par_1_80' title="bbox 1785 2119 3364 2188">
     <span class='ocr_line' id='line_1_80' title="bbox 1785 2119 3364 2188; baseline -0.001 -15"><span class='ocrx_word' id='word_1_577' title='bbox 1785 2120 1978 2174; x_wconf 88' lang='lat' dir='ltr'><strong>multas</strong></span> <span class='ocrx_word' id='word_1_578' title='bbox 2002 2119 2116 2173; x_wconf 90' lang='lat' dir='ltr'><strong>illas</strong></span> <span class='ocrx_word' id='word_1_579' title='bbox 2141 2119 2456 2174; x_wconf 82' lang='lat' dir='ltr'><strong>afﬂictioncs</strong></span> <span class='ocrx_word' id='word_1_580' title='bbox 2481 2128 2536 2174; x_wconf 93' lang='lat' dir='ltr'><strong>et</strong></span> <span class='ocrx_word' id='word_1_581' title='bbox 2579 2129 2780 2173; x_wconf 88' lang='lat' dir='ltr'><strong>arctam</strong></span> <span class='ocrx_word' id='word_1_582' title='bbox 2810 2120 2951 2172; x_wconf 88' lang='lat' dir='ltr'><strong>illam</strong></span> <span class='ocrx_word' id='word_1_583' title='bbox 2983 2120 3364 2188; x_wconf 81' lang='lat' dir='ltr'><strong>peregrinatio-</strong></span> 
     </span>
    </p>
   </div>
   <div class='ocr_carea' id='block_1_81' title="bbox 1783 2212 3368 2282">
    <p class='ocr_par' dir='ltr' id='par_1_81' title="bbox 1783 2212 3368 2282">
     <span class='ocr_line' id='line_1_81' title="bbox 1783 2212 3368 2282; baseline -0.001 -16"><span class='ocrx_word' id='word_1_584' title='bbox 1783 2227 1903 2266; x_wconf 90' lang='lat' dir='ltr'><strong>nem</strong></span> <span class='ocrx_word' id='word_1_585' title='bbox 1958 2212 2327 2266; x_wconf 89' lang='lat' dir='ltr'><strong>rcstituebant.</strong></span> <span class='ocrx_word' id='word_1_586' title='bbox 2393 2212 2550 2266; x_wconf 75' lang='lat' dir='ltr'><strong>Vides</strong></span> <span class='ocrx_word' id='word_1_587' title='bbox 2598 2223 2793 2282; x_wconf 88' lang='lat' dir='ltr'><strong>quanta</strong></span> <span class='ocrx_word' id='word_1_588' title='bbox 2848 2212 2900 2265; x_wconf 86' lang='lat' dir='ltr'><strong>in</strong></span> <span class='ocrx_word' id='word_1_589' title='bbox 2963 2213 3066 2266; x_wconf 91' lang='lat' dir='ltr'><strong>line</strong></span> <span class='ocrx_word' id='word_1_590' title='bbox 3132 2224 3368 2282; x_wconf 72' lang='lat' dir='ltr'><strong>angusta:</strong></span> 
     </span>
    </p>
   </div>
   <div class='ocr_carea' id='block_1_82' title="bbox 1782 2305 3367 2376">
    <p class='ocr_par' dir='ltr' id='par_1_82' title="bbox 1782 2305 3367 2376">
     <span class='ocr_line' id='line_1_82' title="bbox 1782 2305 3367 2376; baseline 0.004 -21"><span class='ocrx_word' id='word_1_591' title='bbox 1782 2313 1950 2374; x_wconf 73' lang='lat' dir='ltr'><strong>pOrltt:</strong></span> <span class='ocrx_word' id='word_1_592' title='bbox 1993 2315 2046 2360; x_wconf 92' lang='lat' dir='ltr'><strong>et</strong></span> <span class='ocrx_word' id='word_1_593' title='bbox 2093 2313 2252 2358; x_wconf 82' lang='lat' dir='ltr'><strong>arcta:</strong></span> <span class='ocrx_word' id='word_1_594' title='bbox 2282 2305 2380 2358; x_wconf 67' lang='lat' dir='ltr'><strong>vim</strong></span> <span class='ocrx_word' id='word_1_595' title='bbox 2419 2316 2671 2374; x_wconf 82' lang='lat' dir='ltr'><strong>appareat</strong></span> <span class='ocrx_word' id='word_1_596' title='bbox 2713 2306 2964 2360; x_wconf 74' lang='lat' dir='ltr'><strong>latitudo?</strong></span> <span class='ocrx_word' id='word_1_597' title='bbox 2997 2307 3123 2359; x_wconf 71' lang='lat' dir='ltr'><strong>Vide</strong></span> <span class='ocrx_word' id='word_1_598' title='bbox 3149 2307 3255 2376; x_wconf 86' lang='lat' dir='ltr'><strong>jam</strong></span> <span class='ocrx_word' id='word_1_599' title='bbox 3291 2307 3367 2361; x_wconf 87' lang='lat' dir='ltr'><strong>fu-</strong></span> 
     </span>
    </p>
   </div>
   <div class='ocr_carea' id='block_1_83' title="bbox 1785 2397 3370 2468">
    <p class='ocr_par' dir='ltr' id='par_1_83' title="bbox 1785 2397 3370 2468">
     <span class='ocr_line' id='line_1_83' title="bbox 1785 2397 3370 2468; baseline 0.001 -16"><span class='ocrx_word' id='word_1_600' title='bbox 1785 2405 1992 2452; x_wconf 80' lang='lat' dir='ltr'><strong>nestum</strong></span> <span class='ocrx_word' id='word_1_601' title='bbox 2025 2397 2307 2452; x_wconf 90' lang='lat' dir='ltr'><strong>terminum</strong></span> <span class='ocrx_word' id='word_1_602' title='bbox 2337 2398 2434 2452; x_wconf 85' lang='lat' dir='ltr'><strong>via:</strong></span> <span class='ocrx_word' id='word_1_603' title='bbox 2468 2399 2734 2468; x_wconf 64' lang='lat' dir='ltr'><strong>spatiosar.</strong></span> <span class='ocrx_word' id='word_1_604' title='bbox 2767 2398 3003 2453; x_wconf 75' lang='lat' dir='ltr'><strong>Mortuus</strong></span> <span class='ocrx_word' id='word_1_605' title='bbox 3031 2411 3103 2454; x_wconf 76' lang='lat' dir='ltr'><strong>est</strong></span> <span class='ocrx_word' id='word_1_606' title='bbox 3134 2412 3296 2452; x_wconf 66' lang='lat' dir='ltr'><strong>(intem</strong></span> <span class='ocrx_word' id='word_1_607' title='bbox 3324 2411 3370 2454; x_wconf 73' lang='lat' dir='ltr'><strong>et</strong></span> 
     </span>
    </p>
   </div>
   <div class='ocr_carea' id='block_1_84' title="bbox 1784 2488 3366 2560">
    <p class='ocr_par' dir='ltr' id='par_1_84' title="bbox 1784 2488 3366 2560">
     <span class='ocr_line' id='line_1_84' title="bbox 1784 2488 3366 2560; baseline 0.003 -19"><span class='ocrx_word' id='word_1_608' title='bbox 1784 2490 1938 2554; x_wconf 76' lang='lat' dir='ltr'><strong>dives,</strong></span> <span class='ocrx_word' id='word_1_609' title='bbox 1971 2489 2160 2558; x_wconf 91' lang='lat' dir='ltr'><strong>inquit,</strong></span> <span class='ocrx_word' id='word_1_610' title='bbox 2191 2497 2236 2542; x_wconf 90' lang='lat' dir='ltr'><strong>ct</strong></span> <span class='ocrx_word' id='word_1_611' title='bbox 2259 2489 2485 2558; x_wconf 79' lang='lat' dir='ltr'><strong>sepultus</strong></span> <span class='ocrx_word' id='word_1_612' title='bbox 2515 2499 2606 2543; x_wconf 80' lang='lat' dir='ltr'><strong>est.</strong></span> <span class='ocrx_word' id='word_1_613' title='bbox 2639 2488 2826 2544; x_wconf 89' lang='lat' dir='ltr'><strong>Nullus</strong></span> <span class='ocrx_word' id='word_1_614' title='bbox 2858 2489 2955 2544; x_wconf 92' lang='lat' dir='ltr'><strong>fuit</strong></span> <span class='ocrx_word' id='word_1_615' title='bbox 2979 2492 3067 2560; x_wconf 87' lang='lat' dir='ltr'><strong>qui</strong></span> <span class='ocrx_word' id='word_1_616' title='bbox 3099 2492 3366 2560; x_wconf 74' lang='lat' dir='ltr'><strong>praecede-</strong></span> 
     </span>
    </p>
   </div>
   <div class='ocr_carea' id='block_1_85' title="bbox 1783 2579 3366 2651">
    <p class='ocr_par' dir='ltr' id='par_1_85' title="bbox 1783 2579 3366 2651">
     <span class='ocr_line' id='line_1_85' title="bbox 1783 2579 3366 2651; baseline 0.002 -19"><span class='ocrx_word' id='word_1_617' title='bbox 1783 2591 1885 2643; x_wconf 85' lang='lat' dir='ltr'><strong>ret,</strong></span> <span class='ocrx_word' id='word_1_618' title='bbox 1919 2580 2095 2633; x_wconf 91' lang='lat' dir='ltr'><strong>nullus</strong></span> <span class='ocrx_word' id='word_1_619' title='bbox 2120 2579 2212 2648; x_wconf 88' lang='lat' dir='ltr'><strong>qui</strong></span> <span class='ocrx_word' id='word_1_620' title='bbox 2242 2580 2378 2633; x_wconf 91' lang='lat' dir='ltr'><strong>latus</strong></span> <span class='ocrx_word' id='word_1_621' title='bbox 2417 2579 2658 2647; x_wconf 89' lang='lat' dir='ltr'><strong>stiparet,</strong></span> <span class='ocrx_word' id='word_1_622' title='bbox 2687 2579 2862 2634; x_wconf 89' lang='lat' dir='ltr'><strong>nullus</strong></span> <span class='ocrx_word' id='word_1_623' title='bbox 2887 2580 2975 2651; x_wconf 91' lang='lat' dir='ltr'><strong>qui</strong></span> <span class='ocrx_word' id='word_1_624' title='bbox 3007 2582 3056 2635; x_wconf 92' lang='lat' dir='ltr'><strong>in</strong></span> <span class='ocrx_word' id='word_1_625' title='bbox 3083 2583 3163 2635; x_wconf 86' lang='lat' dir='ltr'><strong>via</strong></span> <span class='ocrx_word' id='word_1_626' title='bbox 3192 2582 3366 2636; x_wconf 86' lang='lat' dir='ltr'><strong>dedu-</strong></span> 
     </span>
    </p>
   </div>
   <div class='ocr_carea' id='block_1_86' title="bbox 1783 2669 3367 2741">
    <p class='ocr_par' dir='ltr' id='par_1_86' title="bbox 1783 2669 3367 2741">
     <span class='ocr_line' id='line_1_86' title="bbox 1783 2669 3367 2741; baseline 0 -15"><span class='ocrx_word' id='word_1_627' title='bbox 1783 2680 1946 2735; x_wconf 91' lang='lat' dir='ltr'><strong>ceret,</strong></span> <span class='ocrx_word' id='word_1_628' title='bbox 1976 2672 2112 2726; x_wconf 91' lang='lat' dir='ltr'><strong>sicut</strong></span> <span class='ocrx_word' id='word_1_629' title='bbox 2141 2671 2418 2724; x_wconf 87' lang='lat' dir='ltr'><strong>Lazarum.</strong></span> <span class='ocrx_word' id='word_1_630' title='bbox 2461 2669 2592 2725; x_wconf 88' lang='lat' dir='ltr'><strong>Nam</strong></span> <span class='ocrx_word' id='word_1_631' title='bbox 2633 2671 2881 2740; x_wconf 91' lang='lat' dir='ltr'><strong>quoniam</strong></span> <span class='ocrx_word' id='word_1_632' title='bbox 2913 2672 2964 2725; x_wconf 90' lang='lat' dir='ltr'><strong>in</strong></span> <span class='ocrx_word' id='word_1_633' title='bbox 3009 2673 3239 2741; x_wconf 87' lang='lat' dir='ltr'><strong>spatiosa</strong></span> <span class='ocrx_word' id='word_1_634' title='bbox 3285 2675 3367 2726; x_wconf 89' lang='lat' dir='ltr'><strong>via</strong></span> 
     </span>
    </p>
   </div>
   <div class='ocr_carea' id='block_1_87' title="bbox 1783 2761 3366 2832">
    <p class='ocr_par' dir='ltr' id='par_1_87' title="bbox 1783 2761 3366 2832">
     <span class='ocr_line' id='line_1_87' title="bbox 1783 2761 3366 2832; baseline -0.001 -15"><span class='ocrx_word' id='word_1_635' title='bbox 1783 2763 1987 2817; x_wconf 91' lang='lat' dir='ltr'><strong>cunctis</strong></span> <span class='ocrx_word' id='word_1_636' title='bbox 2013 2761 2159 2817; x_wconf 86' lang='lat' dir='ltr'><strong>hisce</strong></span> <span class='ocrx_word' id='word_1_637' title='bbox 2185 2763 2386 2832; x_wconf 92' lang='lat' dir='ltr'><strong>potitus</strong></span> <span class='ocrx_word' id='word_1_638' title='bbox 2417 2773 2515 2827; x_wconf 89' lang='lat' dir='ltr'><strong>est,</strong></span> <span class='ocrx_word' id='word_1_639' title='bbox 2548 2762 2836 2832; x_wconf 87' lang='lat' dir='ltr'><strong>habuitque</strong></span> <span class='ocrx_word' id='word_1_640' title='bbox 2875 2763 3072 2818; x_wconf 91' lang='lat' dir='ltr'><strong>multos</strong></span> <span class='ocrx_word' id='word_1_641' title='bbox 3115 2765 3366 2818; x_wconf 64' lang='lat' dir='ltr'><strong>satellite;</strong></span> 
     </span>
    </p>
   </div>
   <div class='ocr_carea' id='block_1_88' title="bbox 1784 2854 3362 2925">
    <p class='ocr_par' dir='ltr' id='par_1_88' title="bbox 1784 2854 3362 2925">
     <span class='ocr_line' id='line_1_88' title="bbox 1784 2854 3362 2925; baseline -0.003 -18"><span class='ocrx_word' id='word_1_642' title='bbox 1784 2870 1845 2908; x_wconf 91' lang='lat' dir='ltr'><strong>ac</strong></span> <span class='ocrx_word' id='word_1_643' title='bbox 1884 2855 2130 2918; x_wconf 90' lang='lat' dir='ltr'><strong>famulos,</strong></span> <span class='ocrx_word' id='word_1_644' title='bbox 2159 2863 2542 2921; x_wconf 77' lang='lat' dir='ltr'><strong>assentatores,</strong></span> <span class='ocrx_word' id='word_1_645' title='bbox 2575 2854 2810 2924; x_wconf 87' lang='lat' dir='ltr'><strong>inquam,</strong></span> <span class='ocrx_word' id='word_1_646' title='bbox 2841 2856 3120 2924; x_wconf 88' lang='lat' dir='ltr'><strong>parasitos,</strong></span> <span class='ocrx_word' id='word_1_647' title='bbox 3147 2856 3362 2925; x_wconf 57' lang='lat' dir='ltr'><strong>quandi»</strong></span> 
     </span>
    </p>
   </div>
   <div class='ocr_carea' id='block_1_89' title="bbox 1783 2945 3364 3015">
    <p class='ocr_par' dir='ltr' id='par_1_89' title="bbox 1783 2945 3364 3015">
     <span class='ocr_line' id='line_1_89' title="bbox 1783 2945 3364 3015; baseline 0.001 -16"><span class='ocrx_word' id='word_1_648' title='bbox 1783 2947 1848 3001; x_wconf 89' lang='lat' dir='ltr'><strong>ad</strong></span> <span class='ocrx_word' id='word_1_649' title='bbox 1877 2946 2178 3015; x_wconf 89' lang='lat' dir='ltr'><strong>sepulcrum</strong></span> <span class='ocrx_word' id='word_1_650' title='bbox 2223 2947 2386 3010; x_wconf 86' lang='lat' dir='ltr'><strong>venit,</strong></span> <span class='ocrx_word' id='word_1_651' title='bbox 2433 2945 2605 3002; x_wconf 89' lang='lat' dir='ltr'><strong>nudus</strong></span> <span class='ocrx_word' id='word_1_652' title='bbox 2645 2961 2708 3000; x_wconf 92' lang='lat' dir='ltr'><strong>ac</strong></span> <span class='ocrx_word' id='word_1_653' title='bbox 2747 2946 3031 3001; x_wconf 85' lang='lat' dir='ltr'><strong>destitutus</strong></span> <span class='ocrx_word' id='word_1_654' title='bbox 3060 2947 3143 3001; x_wconf 92' lang='lat' dir='ltr'><strong>his</strong></span> <span class='ocrx_word' id='word_1_655' title='bbox 3189 2949 3364 3001; x_wconf 84' lang='lat' dir='ltr'><strong>omni-</strong></span> 
     </span>
    </p>
   </div>
   <div class='ocr_carea' id='block_1_90' title="bbox 1786 3037 3361 3107">
    <p class='ocr_par' dir='ltr' id='par_1_90' title="bbox 1786 3037 3361 3107">
     <span class='ocr_line' id='line_1_90' title="bbox 1786 3037 3361 3107; baseline 0 -17"><span class='ocrx_word' id='word_1_656' title='bbox 1786 3037 1886 3090; x_wconf 90' lang='lat' dir='ltr'><strong>bus</strong></span> <span class='ocrx_word' id='word_1_657' title='bbox 1925 3037 2022 3091; x_wconf 88' lang='lat' dir='ltr'><strong>fttit</strong></span> <span class='ocrx_word' id='word_1_658' title='bbox 2049 3046 2168 3105; x_wconf 91' lang='lat' dir='ltr'><strong>post</strong></span> <span class='ocrx_word' id='word_1_659' title='bbox 2205 3037 2398 3091; x_wconf 75' lang='lat' dir='ltr'><strong>multas</strong></span> <span class='ocrx_word' id='word_1_660' title='bbox 2445 3037 2561 3091; x_wconf 92' lang='lat' dir='ltr'><strong>illas</strong></span> <span class='ocrx_word' id='word_1_661' title='bbox 2589 3037 2885 3106; x_wconf 88' lang='lat' dir='ltr'><strong>voluptates</strong></span> <span class='ocrx_word' id='word_1_662' title='bbox 2914 3038 2994 3092; x_wconf 92' lang='lat' dir='ltr'><strong>vel</strong></span> <span class='ocrx_word' id='word_1_663' title='bbox 3036 3037 3210 3107; x_wconf 91' lang='lat' dir='ltr'><strong>potius</strong></span> <span class='ocrx_word' id='word_1_664' title='bbox 3241 3048 3361 3107; x_wconf 72' lang='lat' dir='ltr'><strong>post</strong></span> 
     </span>
    </p>
   </div>
   <div class='ocr_carea' id='block_1_91' title="bbox 1786 3129 3366 3200">
    <p class='ocr_par' dir='ltr' id='par_1_91' title="bbox 1786 3129 3366 3200">
     <span class='ocr_line' id='line_1_91' title="bbox 1786 3129 3366 3200; baseline 0 -16"><span class='ocrx_word' id='word_1_665' title='bbox 1786 3130 1996 3184; x_wconf 89' lang='lat' dir='ltr'><strong>brevem</strong></span> <span class='ocrx_word' id='word_1_666' title='bbox 2038 3129 2178 3184; x_wconf 90' lang='lat' dir='ltr'><strong>illam</strong></span> <span class='ocrx_word' id='word_1_667' title='bbox 2233 3130 2557 3199; x_wconf 88' lang='lat' dir='ltr'><strong>voluptatem</strong></span> <span class='ocrx_word' id='word_1_668' title='bbox 2607 3137 2662 3184; x_wconf 90' lang='lat' dir='ltr'><strong>et</strong></span> <span class='ocrx_word' id='word_1_669' title='bbox 2708 3131 3135 3200; x_wconf 85' lang='lat' dir='ltr'><strong>prOSperitatcm.</strong></span> <span class='ocrx_word' id='word_1_670' title='bbox 3185 3130 3366 3186; x_wconf 61' lang='lat' dir='ltr'><strong>Brevis</strong></span> 
     </span>
    </p>
   </div>
   <div class='ocr_carea' id='block_1_92' title="bbox 1781 3219 3368 3290">
    <p class='ocr_par' dir='ltr' id='par_1_92' title="bbox 1781 3219 3368 3290">
     <span class='ocr_line' id='line_1_92' title="bbox 1781 3219 3368 3290; baseline -0.001 -14"><span class='ocrx_word' id='word_1_671' title='bbox 1781 3223 1924 3276; x_wconf 91' lang='lat' dir='ltr'><strong>enim</strong></span> <span class='ocrx_word' id='word_1_672' title='bbox 1965 3228 2050 3275; x_wconf 90' lang='lat' dir='ltr'><strong>est</strong></span> <span class='ocrx_word' id='word_1_673' title='bbox 2095 3229 2204 3275; x_wconf 90' lang='lat' dir='ltr'><strong>tota</strong></span> <span class='ocrx_word' id='word_1_674' title='bbox 2238 3235 2473 3290; x_wconf 79' lang='lat' dir='ltr'><strong>przcscns</strong></span> <span class='ocrx_word' id='word_1_675' title='bbox 2512 3219 2637 3284; x_wconf 89' lang='lat' dir='ltr'><strong>vita,</strong></span> <span class='ocrx_word' id='word_1_676' title='bbox 2684 3221 2728 3274; x_wconf 90' lang='lat' dir='ltr'><strong>si</strong></span> <span class='ocrx_word' id='word_1_677' title='bbox 2774 3236 2893 3274; x_wconf 90' lang='lat' dir='ltr'><strong>eum</strong></span> <span class='ocrx_word' id='word_1_678' title='bbox 2950 3221 3128 3276; x_wconf 86' lang='lat' dir='ltr'><strong>futuro</strong></span> <span class='ocrx_word' id='word_1_679' title='bbox 3172 3222 3368 3276; x_wconf 83' lang='lat' dir='ltr'><strong>sa-culo</strong></span> 
     </span>
    </p>
   </div>
   <div class='ocr_carea' id='block_1_93' title="bbox 1781 3311 3364 3384">
    <p class='ocr_par' dir='ltr' id='par_1_93' title="bbox 1781 3311 3364 3384">
     <span class='ocr_line' id='line_1_93' title="bbox 1781 3311 3364 3384; baseline -0.001 -17"><span class='ocrx_word' id='word_1_680' title='bbox 1781 3321 2139 3383; x_wconf 86' lang='lat' dir='ltr'><strong>eotnparctur.</strong></span> <span class='ocrx_word' id='word_1_681' title='bbox 2173 3312 2297 3368; x_wconf 85' lang='lat' dir='ltr'><strong>Post</strong></span> <span class='ocrx_word' id='word_1_682' title='bbox 2331 3312 2548 3367; x_wconf 89' lang='lat' dir='ltr'><strong>brevem</strong></span> <span class='ocrx_word' id='word_1_683' title='bbox 2576 3311 2733 3382; x_wconf 83' lang='lat' dir='ltr'><strong>igitur</strong></span> <span class='ocrx_word' id='word_1_684' title='bbox 2762 3311 3105 3382; x_wconf 82' lang='lat' dir='ltr'><strong>voluptatem,</strong></span> <span class='ocrx_word' id='word_1_685' title='bbox 3138 3329 3240 3384; x_wconf 89' lang='lat' dir='ltr'><strong>qua</strong></span> <span class='ocrx_word' id='word_1_686' title='bbox 3269 3329 3364 3382; x_wconf 81' lang='lat' dir='ltr'><strong>po-</strong></span> 
     </span>
    </p>
   </div>
   <div class='ocr_carea' id='block_1_94' title="bbox 1785 3402 3362 3473">
    <p class='ocr_par' dir='ltr' id='par_1_94' title="bbox 1785 3402 3362 3473">
     <span class='ocr_line' id='line_1_94' title="bbox 1785 3402 3362 3473; baseline -0.001 -15"><span class='ocrx_word' id='word_1_687' title='bbox 1785 3406 1910 3459; x_wconf 88' lang='lat' dir='ltr'><strong>titus</strong></span> <span class='ocrx_word' id='word_1_688' title='bbox 1947 3413 2050 3472; x_wconf 87' lang='lat' dir='ltr'><strong>est,</strong></span> <span class='ocrx_word' id='word_1_689' title='bbox 2077 3403 2202 3457; x_wconf 93' lang='lat' dir='ltr'><strong>dum</strong></span> <span class='ocrx_word' id='word_1_690' title='bbox 2238 3419 2332 3472; x_wconf 92' lang='lat' dir='ltr'><strong>per</strong></span> <span class='ocrx_word' id='word_1_691' title='bbox 2359 3404 2648 3472; x_wconf 80' lang='lat' dir='ltr'><strong>Spatiosam</strong></span> <span class='ocrx_word' id='word_1_692' title='bbox 2673 3403 2814 3458; x_wconf 87' lang='lat' dir='ltr'><strong>viam</strong></span> <span class='ocrx_word' id='word_1_693' title='bbox 2857 3402 3147 3470; x_wconf 88' lang='lat' dir='ltr'><strong>incederet,</strong></span> <span class='ocrx_word' id='word_1_694' title='bbox 3193 3419 3362 3473; x_wconf 82' lang='lat' dir='ltr'><strong>angu-</strong></span> 
     </span>
    </p>
   </div>
   <div class='ocr_carea' id='block_1_95' title="bbox 1781 3494 3362 3566">
    <p class='ocr_par' dir='ltr' id='par_1_95' title="bbox 1781 3494 3362 3566">
     <span class='ocr_line' id='line_1_95' title="bbox 1781 3494 3362 3566; baseline 0 -16"><span class='ocrx_word' id='word_1_695' title='bbox 1781 3497 2000 3551; x_wconf 90' lang='lat' dir='ltr'><strong>stiarum</strong></span> <span class='ocrx_word' id='word_1_696' title='bbox 2041 3503 2097 3551; x_wconf 92' lang='lat' dir='ltr'><strong>et</strong></span> <span class='ocrx_word' id='word_1_697' title='bbox 2135 3494 2436 3550; x_wconf 83' lang='lat' dir='ltr'><strong>afflictionis</strong></span> <span class='ocrx_word' id='word_1_698' title='bbox 2463 3510 2585 3550; x_wconf 91' lang='lat' dir='ltr'><strong>cum</strong></span> <span class='ocrx_word' id='word_1_699' title='bbox 2614 3495 2766 3550; x_wconf 90' lang='lat' dir='ltr'><strong>locus</strong></span> <span class='ocrx_word' id='word_1_700' title='bbox 2799 3497 3028 3566; x_wconf 80' lang='lat' dir='ltr'><strong>execpit.</strong></span> <span class='ocrx_word' id='word_1_701' title='bbox 3068 3497 3241 3565; x_wconf 83' lang='lat' dir='ltr'><strong>Atque</strong></span> <span class='ocrx_word' id='word_1_702' title='bbox 3272 3495 3362 3550; x_wconf 86' lang='lat' dir='ltr'><strong>ille</strong></span> 
     </span>
    </p>
   </div>
   <div class='ocr_carea' id='block_1_96' title="bbox 1780 3585 3362 3657">
    <p class='ocr_par' dir='ltr' id='par_1_96' title="bbox 1780 3585 3362 3657">
     <span class='ocr_line' id='line_1_96' title="bbox 1780 3585 3362 3657; baseline 0 -17"><span class='ocrx_word' id='word_1_703' title='bbox 1780 3588 1994 3657; x_wconf 92' lang='lat' dir='ltr'><strong>quidem</strong></span> <span class='ocrx_word' id='word_1_704' title='bbox 2043 3587 2095 3642; x_wconf 93' lang='lat' dir='ltr'><strong>in</strong></span> <span class='ocrx_word' id='word_1_705' title='bbox 2138 3586 2258 3641; x_wconf 91' lang='lat' dir='ltr'><strong>sinu</strong></span> <span class='ocrx_word' id='word_1_706' title='bbox 2300 3585 2528 3641; x_wconf 81' lang='lat' dir='ltr'><strong>Abraha:</strong></span> <span class='ocrx_word' id='word_1_707' title='bbox 2577 3586 2965 3655; x_wconf 85' lang='lat' dir='ltr'><strong>requieseebat,</strong></span> <span class='ocrx_word' id='word_1_708' title='bbox 3018 3601 3081 3640; x_wconf 89' lang='lat' dir='ltr'><strong>ac</strong></span> <span class='ocrx_word' id='word_1_709' title='bbox 3120 3586 3362 3641; x_wconf 86' lang='lat' dir='ltr'><strong>laborum</strong></span> 
     </span>
    </p>
   </div>
   <div class='ocr_carea' id='block_1_97' title="bbox 1781 3677 3362 3750">
    <p class='ocr_par' dir='ltr' id='par_1_97' title="bbox 1781 3677 3362 3750">
     <span class='ocr_line' id='line_1_97' title="bbox 1781 3677 3362 3750; baseline 0.001 -17"><span class='ocrx_word' id='word_1_710' title='bbox 1781 3679 2174 3748; x_wconf 90' lang='lat' dir='ltr'><strong>multarumque</strong></span> <span class='ocrx_word' id='word_1_711' title='bbox 2212 3677 2545 3733; x_wconf 83' lang='lat' dir='ltr'><strong>miseriarum</strong></span> <span class='ocrx_word' id='word_1_712' title='bbox 2591 3677 2896 3733; x_wconf 88' lang='lat' dir='ltr'><strong>mercedem</strong></span> <span class='ocrx_word' id='word_1_713' title='bbox 2943 3679 3204 3747; x_wconf 85' lang='lat' dir='ltr'><strong>recipiens</strong></span> <span class='ocrx_word' id='word_1_714' title='bbox 3242 3692 3362 3750; x_wconf 78' lang='lat' dir='ltr'><strong>post</strong></span> 
     </span>
    </p>
   </div>
   <div class='ocr_carea' id='block_1_98' title="bbox 1781 3768 3357 3839">
    <p class='ocr_par' dir='ltr' id='par_1_98' title="bbox 1781 3768 3357 3839">
     <span class='ocr_line' id='line_1_98' title="bbox 1781 3768 3357 3839; baseline -0.003 -16"><span class='ocrx_word' id='word_1_715' title='bbox 1781 3769 1998 3834; x_wconf 85' lang='lat' dir='ltr'><strong>famem,</strong></span> <span class='ocrx_word' id='word_1_716' title='bbox 2042 3777 2163 3838; x_wconf 91' lang='lat' dir='ltr'><strong>post</strong></span> <span class='ocrx_word' id='word_1_717' title='bbox 2188 3770 2388 3831; x_wconf 89' lang='lat' dir='ltr'><strong>ulcera,</strong></span> <span class='ocrx_word' id='word_1_718' title='bbox 2431 3776 2708 3839; x_wconf 88' lang='lat' dir='ltr'><strong>postquam</strong></span> <span class='ocrx_word' id='word_1_719' title='bbox 2749 3771 2801 3823; x_wconf 92' lang='lat' dir='ltr'><strong>in</strong></span> <span class='ocrx_word' id='word_1_720' title='bbox 2832 3769 3096 3823; x_wconf 81' lang='lat' dir='ltr'><strong>vestibulo</strong></span> <span class='ocrx_word' id='word_1_721' title='bbox 3125 3768 3357 3824; x_wconf 66' lang='lat' dir='ltr'><strong>reclina-</strong></span> 
     </span>
    </p>
   </div>
   <div class='ocr_carea' id='block_1_99' title="bbox 1781 3858 3360 3930">
    <p class='ocr_par' dir='ltr' id='par_1_99' title="bbox 1781 3858 3360 3930">
     <span class='ocr_line' id='line_1_99' title="bbox 1781 3858 3360 3930; baseline 0.001 -17"><span class='ocrx_word' id='word_1_722' title='bbox 1781 3868 1865 3915; x_wconf 90' lang='lat' dir='ltr'><strong>tus</strong></span> <span class='ocrx_word' id='word_1_723' title='bbox 1885 3859 2150 3930; x_wconf 89' lang='lat' dir='ltr'><strong>jacuerat,</strong></span> <span class='ocrx_word' id='word_1_724' title='bbox 2198 3858 2552 3914; x_wconf 82' lang='lat' dir='ltr'><strong>inel‘fabilibus</strong></span> <span class='ocrx_word' id='word_1_725' title='bbox 2591 3859 2696 3915; x_wconf 91' lang='lat' dir='ltr'><strong>illis</strong></span> <span class='ocrx_word' id='word_1_726' title='bbox 2726 3859 2950 3924; x_wconf 82' lang='lat' dir='ltr'><strong>deliciis,</strong></span> <span class='ocrx_word' id='word_1_727' title='bbox 2984 3874 3115 3930; x_wconf 91' lang='lat' dir='ltr'><strong>quas</strong></span> <span class='ocrx_word' id='word_1_728' title='bbox 3147 3875 3214 3915; x_wconf 91' lang='lat' dir='ltr'><strong>ne</strong></span> <span class='ocrx_word' id='word_1_729' title='bbox 3239 3876 3360 3915; x_wconf 52' lang='lat' dir='ltr'><strong>ora-</strong></span> 
     </span>
    </p>
   </div>
   <div class='ocr_carea' id='block_1_100' title="bbox 1781 3948 3361 4020">
    <p class='ocr_par' dir='ltr' id='par_1_100' title="bbox 1781 3948 3361 4020">
     <span class='ocr_line' id='line_1_100' title="bbox 1781 3948 3361 4020; baseline 0.001 -15"><span class='ocrx_word' id='word_1_730' title='bbox 1781 3951 1925 4007; x_wconf 89' lang='lat' dir='ltr'><strong>tione</strong></span> <span class='ocrx_word' id='word_1_731' title='bbox 1971 3949 2184 4020; x_wconf 92' lang='lat' dir='ltr'><strong>quidem</strong></span> <span class='ocrx_word' id='word_1_732' title='bbox 2237 3950 2521 4019; x_wconf 88' lang='lat' dir='ltr'><strong>complecti</strong></span> <span class='ocrx_word' id='word_1_733' title='bbox 2572 3964 2879 4019; x_wconf 85' lang='lat' dir='ltr'><strong>possumus,</strong></span> <span class='ocrx_word' id='word_1_734' title='bbox 2928 3948 3245 4004; x_wconf 89' lang='lat' dir='ltr'><strong>fruebatur:</strong></span> <span class='ocrx_word' id='word_1_735' title='bbox 3280 3949 3361 4006; x_wconf 92' lang='lat' dir='ltr'><strong>hic</strong></span> 
     </span>
    </p>
   </div>
   <div class='ocr_carea' id='block_1_101' title="bbox 1779 4041 3356 4113">
    <p class='ocr_par' dir='ltr' id='par_1_101' title="bbox 1779 4041 3356 4113">
     <span class='ocr_line' id='line_1_101' title="bbox 1779 4041 3356 4113; baseline 0 -17"><span class='ocrx_word' id='word_1_736' title='bbox 1779 4059 1904 4099; x_wconf 90' lang='lat' dir='ltr'><strong>vero</strong></span> <span class='ocrx_word' id='word_1_737' title='bbox 1960 4051 2078 4113; x_wconf 81' lang='lat' dir='ltr'><strong>post</strong></span> <span class='ocrx_word' id='word_1_738' title='bbox 2123 4043 2446 4112; x_wconf 86' lang='lat' dir='ltr'><strong>voluptatem</strong></span> <span class='ocrx_word' id='word_1_739' title='bbox 2497 4057 2562 4097; x_wconf 91' lang='lat' dir='ltr'><strong>ac</strong></span> <span class='ocrx_word' id='word_1_740' title='bbox 2607 4041 2848 4107; x_wconf 87' lang='lat' dir='ltr'><strong>delicias,</strong></span> <span class='ocrx_word' id='word_1_741' title='bbox 2901 4050 3022 4112; x_wconf 90' lang='lat' dir='ltr'><strong>post</strong></span> <span class='ocrx_word' id='word_1_742' title='bbox 3067 4042 3356 4112; x_wconf 87' lang='lat' dir='ltr'><strong>ingluviem</strong></span> 
     </span>
    </p>
   </div>
   <div class='ocr_carea' id='block_1_102' title="bbox 1777 4135 3363 4208">
    <p class='ocr_par' dir='ltr' id='par_1_102' title="bbox 1777 4135 3363 4208">
     <span class='ocr_line' id='line_1_102' title="bbox 1777 4135 3363 4208; baseline 0.001 -17"><span class='ocrx_word' id='word_1_743' title='bbox 1777 4138 2016 4201; x_wconf 87' lang='lat' dir='ltr'><strong>multam,</strong></span> <span class='ocrx_word' id='word_1_744' title='bbox 2047 4147 2166 4206; x_wconf 91' lang='lat' dir='ltr'><strong>post</strong></span> <span class='ocrx_word' id='word_1_745' title='bbox 2187 4137 2501 4192; x_wconf 85' lang='lat' dir='ltr'><strong>ebrietatem</strong></span> <span class='ocrx_word' id='word_1_746' title='bbox 2543 4137 2618 4191; x_wconf 84' lang='lat' dir='ltr'><strong>illi</strong></span> <span class='ocrx_word' id='word_1_747' title='bbox 2649 4135 2938 4192; x_wconf 89' lang='lat' dir='ltr'><strong>inevitabili</strong></span> <span class='ocrx_word' id='word_1_748' title='bbox 2979 4137 3240 4208; x_wconf 89' lang='lat' dir='ltr'><strong>supplicio</strong></span> <span class='ocrx_word' id='word_1_749' title='bbox 3268 4138 3363 4192; x_wconf 79' lang='lat' dir='ltr'><strong>ad~</strong></span> 
     </span>
    </p>
   </div>
   <div class='ocr_carea' id='block_1_103' title="bbox 1775 4227 3361 4298">
    <p class='ocr_par' dir='ltr' id='par_1_103' title="bbox 1775 4227 3361 4298">
     <span class='ocr_line' id='line_1_103' title="bbox 1775 4227 3361 4298; baseline 0.001 -15"><span class='ocrx_word' id='word_1_750' title='bbox 1775 4229 1952 4283; x_wconf 90' lang='lat' dir='ltr'><strong>dictus</strong></span> <span class='ocrx_word' id='word_1_751' title='bbox 1990 4228 2344 4283; x_wconf 76' lang='lat' dir='ltr'><strong>cruciabatur.</strong></span> <span class='ocrx_word' id='word_1_752' title='bbox 2389 4227 2456 4284; x_wconf 89' lang='lat' dir='ltr'><strong>Ut</strong></span> <span class='ocrx_word' id='word_1_753' title='bbox 2495 4237 2671 4282; x_wconf 86' lang='lat' dir='ltr'><strong>autem</strong></span> <span class='ocrx_word' id='word_1_754' title='bbox 2709 4227 2919 4282; x_wconf 88' lang='lat' dir='ltr'><strong>illorum</strong></span> <span class='ocrx_word' id='word_1_755' title='bbox 2951 4238 3176 4298; x_wconf 91' lang='lat' dir='ltr'><strong>uterque</strong></span> <span class='ocrx_word' id='word_1_756' title='bbox 3205 4229 3361 4284; x_wconf 89' lang='lat' dir='ltr'><strong>rebus</strong></span> 
     </span>
    </p>
   </div>
   <div class='ocr_carea' id='block_1_104' title="bbox 1777 4319 3358 4390">
    <p class='ocr_par' dir='ltr' id='par_1_104' title="bbox 1777 4319 3358 4390">
     <span class='ocr_line' id='line_1_104' title="bbox 1777 4319 3358 4390; baseline 0.001 -16"><span class='ocrx_word' id='word_1_757' title='bbox 1777 4319 1905 4389; x_wconf 90' lang='lat' dir='ltr'><strong>ipsis</strong></span> <span class='ocrx_word' id='word_1_758' title='bbox 1940 4319 2213 4386; x_wconf 87' lang='lat' dir='ltr'><strong>doceatur,</strong></span> <span class='ocrx_word' id='word_1_759' title='bbox 2262 4319 2350 4374; x_wconf 87' lang='lat' dir='ltr'><strong>hic</strong></span> <span class='ocrx_word' id='word_1_760' title='bbox 2373 4319 2607 4390; x_wconf 90' lang='lat' dir='ltr'><strong>quidem,</strong></span> <span class='ocrx_word' id='word_1_761' title='bbox 2639 4330 2834 4389; x_wconf 88' lang='lat' dir='ltr'><strong>quanta</strong></span> <span class='ocrx_word' id='word_1_762' title='bbox 2883 4321 2953 4374; x_wconf 92' lang='lat' dir='ltr'><strong>sit</strong></span> <span class='ocrx_word' id='word_1_763' title='bbox 2993 4331 3230 4390; x_wconf 69' lang='lat' dir='ltr'><strong>angustze</strong></span> <span class='ocrx_word' id='word_1_764' title='bbox 3261 4323 3358 4376; x_wconf 84' lang='lat' dir='ltr'><strong>via:</strong></span> 
     </span>
    </p>
   </div>
   <div class='ocr_carea' id='block_1_105' title="bbox 1776 4413 3358 4484">
    <p class='ocr_par' dir='ltr' id='par_1_105' title="bbox 1776 4413 3358 4484">
     <span class='ocr_line' id='line_1_105' title="bbox 1776 4413 3358 4484; baseline 0.001 -18"><span class='ocrx_word' id='word_1_765' title='bbox 1776 4414 1998 4478; x_wconf 89' lang='lat' dir='ltr'><strong>utilitas,</strong></span> <span class='ocrx_word' id='word_1_766' title='bbox 2041 4413 2131 4469; x_wconf 88' lang='lat' dir='ltr'><strong>ille</strong></span> <span class='ocrx_word' id='word_1_767' title='bbox 2171 4428 2321 4480; x_wconf 89' lang='lat' dir='ltr'><strong>vero,</strong></span> <span class='ocrx_word' id='word_1_768' title='bbox 2353 4423 2607 4482; x_wconf 86' lang='lat' dir='ltr'><strong>quantum</strong></span> <span class='ocrx_word' id='word_1_769' title='bbox 2655 4413 2928 4480; x_wconf 89' lang='lat' dir='ltr'><strong>damnum,</strong></span> <span class='ocrx_word' id='word_1_770' title='bbox 2962 4424 3154 4484; x_wconf 90' lang='lat' dir='ltr'><strong>quanta</strong></span> <span class='ocrx_word' id='word_1_771' title='bbox 3183 4416 3358 4484; x_wconf 60' lang='lat' dir='ltr'><strong>nerui-</strong></span> 
     </span>
    </p>
   </div>
   <div class='ocr_carea' id='block_1_106' title="bbox 1776 4503 3360 4576">
    <p class='ocr_par' dir='ltr' id='par_1_106' title="bbox 1776 4503 3360 4576">
     <span class='ocr_line' id='line_1_106' title="bbox 1776 4503 3360 4576; baseline 0.001 -16"><span class='ocrx_word' id='word_1_772' title='bbox 1776 4507 1885 4560; x_wconf 90' lang='lat' dir='ltr'><strong>cies</strong></span> <span class='ocrx_word' id='word_1_773' title='bbox 1928 4505 2199 4576; x_wconf 66' lang='lat' dir='ltr'><strong>spatiosae,</strong></span> <span class='ocrx_word' id='word_1_774' title='bbox 2230 4519 2265 4559; x_wconf 86' lang='lat' dir='ltr'><strong>a</strong></span> <span class='ocrx_word' id='word_1_775' title='bbox 2300 4504 2454 4574; x_wconf 85' lang='lat' dir='ltr'><strong>longe</strong></span> <span class='ocrx_word' id='word_1_776' title='bbox 2484 4504 2654 4559; x_wconf 93' lang='lat' dir='ltr'><strong>multo</strong></span> <span class='ocrx_word' id='word_1_777' title='bbox 2691 4503 2961 4574; x_wconf 85' lang='lat' dir='ltr'><strong>sejunctos</strong></span> <span class='ocrx_word' id='word_1_778' title='bbox 2991 4505 3274 4560; x_wconf 84' lang='lat' dir='ltr'><strong>intervallo</strong></span> <span class='ocrx_word' id='word_1_779' title='bbox 3301 4521 3360 4561; x_wconf 82' lang='lat' dir='ltr'><strong>se</strong></span> 
     </span>
    </p>
   </div>
   <div class='ocr_carea' id='block_1_107' title="bbox 1776 4595 3354 4667">
    <p class='ocr_par' dir='ltr' id='par_1_107' title="bbox 1776 4595 3354 4667">
     <span class='ocr_line' id='line_1_107' title="bbox 1776 4595 3354 4667; baseline 0.001 -15"><span class='ocrx_word' id='word_1_780' title='bbox 1776 4598 2000 4653; x_wconf 86' lang='lat' dir='ltr'><strong>invicem</strong></span> <span class='ocrx_word' id='word_1_781' title='bbox 2041 4597 2334 4652; x_wconf 88' lang='lat' dir='ltr'><strong>intuentur.</strong></span> <span class='ocrx_word' id='word_1_782' title='bbox 2380 4595 2520 4651; x_wconf 85' lang='lat' dir='ltr'><strong>Audi</strong></span> <span class='ocrx_word' id='word_1_783' title='bbox 2556 4611 2662 4667; x_wconf 91' lang='lat' dir='ltr'><strong>quo</strong></span> <span class='ocrx_word' id='word_1_784' title='bbox 2705 4595 2994 4667; x_wconf 87' lang='lat' dir='ltr'><strong>pacto:Et</strong></span> <span class='ocrx_word' id='word_1_785' title='bbox 3040 4598 3095 4650; x_wconf 87' lang='lat' dir='ltr'><strong>in</strong></span> <span class='ocrx_word' id='word_1_786' title='bbox 3135 4598 3354 4666; x_wconf 77' lang='lat' dir='ltr'><strong>inferno,</strong></span> 
     </span>
    </p>
   </div>
   <div class='ocr_carea' id='block_1_108' title="bbox 1772 4688 3357 4760">
    <p class='ocr_par' dir='ltr' id='par_1_108' title="bbox 1772 4688 3357 4760">
     <span class='ocr_line' id='line_1_108' title="bbox 1772 4688 3357 4760; baseline 0.001 -17"><span class='ocrx_word' id='word_1_787' title='bbox 1772 4689 1867 4756; x_wconf 89' lang='lat' dir='ltr'><strong>ait,</strong></span> <span class='ocrx_word' id='word_1_788' title='bbox 1891 4689 2087 4745; x_wconf 76' lang='lat' dir='ltr'><strong>elevans</strong></span> <span class='ocrx_word' id='word_1_789' title='bbox 2109 4690 2282 4744; x_wconf 77' lang='lat' dir='ltr'><strong>oculos</strong></span> <span class='ocrx_word' id='word_1_790' title='bbox 2298 4705 2438 4754; x_wconf 74' lang='lat' dir='ltr'><strong>suos,</strong></span> <span class='ocrx_word' id='word_1_791' title='bbox 2460 4690 2512 4742; x_wconf 84' lang='lat' dir='ltr'><strong>in</strong></span> <span class='ocrx_word' id='word_1_792' title='bbox 2538 4689 2795 4743; x_wconf 78' lang='lat' dir='ltr'><strong>tormentis</strong></span> <span class='ocrx_word' id='word_1_793' title='bbox 2813 4688 3020 4760; x_wconf 81' lang='lat' dir='ltr'><strong>degens,</strong></span> <span class='ocrx_word' id='word_1_794' title='bbox 3045 4689 3175 4744; x_wconf 81' lang='lat' dir='ltr'><strong>videt</strong></span> <span class='ocrx_word' id='word_1_795' title='bbox 3199 4689 3357 4744; x_wconf 79' lang='lat' dir='ltr'><strong>Abra-</strong></span> 
     </span>
    </p>
   </div>
   <div class='ocr_carea' id='block_1_109' title="bbox 1773 4778 3355 4852">
    <p class='ocr_par' dir='ltr' id='par_1_109' title="bbox 1773 4778 3355 4852">
     <span class='ocr_line' id='line_1_109' title="bbox 1773 4778 3355 4852; baseline -0.001 -18"><span class='ocrx_word' id='word_1_796' title='bbox 1773 4781 1892 4834; x_wconf 84' lang='lat' dir='ltr'><strong>ham</strong></span> <span class='ocrx_word' id='word_1_797' title='bbox 1931 4797 1964 4834; x_wconf 90' lang='lat' dir='ltr'><strong>a</strong></span> <span class='ocrx_word' id='word_1_798' title='bbox 2000 4781 2168 4852; x_wconf 81' lang='lat' dir='ltr'><strong>longe,</strong></span> <span class='ocrx_word' id='word_1_799' title='bbox 2198 4790 2244 4834; x_wconf 85' lang='lat' dir='ltr'><strong>et</strong></span> <span class='ocrx_word' id='word_1_800' title='bbox 2283 4779 2537 4834; x_wconf 78' lang='lat' dir='ltr'><strong>Lazarum</strong></span> <span class='ocrx_word' id='word_1_801' title='bbox 2573 4780 2627 4833; x_wconf 86' lang='lat' dir='ltr'><strong>in</strong></span> <span class='ocrx_word' id='word_1_802' title='bbox 2657 4780 2772 4834; x_wconf 80' lang='lat' dir='ltr'><strong>sinu</strong></span> <span class='ocrx_word' id='word_1_803' title='bbox 2797 4781 2908 4847; x_wconf 81' lang='lat' dir='ltr'><strong>ejus</strong></span> <span class='ocrx_word' id='word_1_804' title='bbox 2939 4779 3090 4848; x_wconf 78' lang='lat' dir='ltr'><strong>(Luc.</strong></span> <span class='ocrx_word' id='word_1_805' title='bbox 3127 4780 3209 4835; x_wconf 65' lang='lat'><strong>16.</strong></span> <span class='ocrx_word' id='word_1_806' title='bbox 3234 4778 3355 4851; x_wconf 69' lang='lat'><strong>25).</strong></span> 
     </span>
    </p>
   </div>
   <div class='ocr_carea' id='block_1_110' title="bbox 1772 4873 3360 4946">
    <p class='ocr_par' dir='ltr' id='par_1_110' title="bbox 1772 4873 3360 4946">
     <span class='ocr_line' id='line_1_110' title="bbox 1772 4873 3360 4946; baseline -0.003 -16"><span class='ocrx_word' id='word_1_807' title='bbox 1772 4874 2029 4946; x_wconf 87' lang='lat' dir='ltr'><strong>Equidem</strong></span> <span class='ocrx_word' id='word_1_808' title='bbox 2057 4875 2289 4930; x_wconf 77' lang='lat' dir='ltr'><strong>arbitror</strong></span> <span class='ocrx_word' id='word_1_809' title='bbox 2325 4874 2474 4929; x_wconf 90' lang='lat' dir='ltr'><strong>illum</strong></span> <span class='ocrx_word' id='word_1_810' title='bbox 2503 4873 2592 4928; x_wconf 89' lang='lat' dir='ltr'><strong>ubi</strong></span> <span class='ocrx_word' id='word_1_811' title='bbox 2621 4883 2726 4928; x_wconf 85' lang='lat' dir='ltr'><strong>tam</strong></span> <span class='ocrx_word' id='word_1_812' title='bbox 2766 4873 2992 4928; x_wconf 88' lang='lat' dir='ltr'><strong>subitam</strong></span> <span class='ocrx_word' id='word_1_813' title='bbox 3021 4888 3199 4926; x_wconf 87' lang='lat' dir='ltr'><strong>rerum</strong></span> <span class='ocrx_word' id='word_1_814' title='bbox 3245 4889 3360 4926; x_wconf 86' lang='lat' dir='ltr'><strong>tnu-</strong></span> 
     </span>
    </p>
   </div>
   <div class='ocr_carea' id='block_1_111' title="bbox 1773 4964 3352 5036">
    <p class='ocr_par' dir='ltr' id='par_1_111' title="bbox 1773 4964 3352 5036">
     <span class='ocr_line' id='line_1_111' title="bbox 1773 4964 3352 5036; baseline -0.001 -14"><span class='ocrx_word' id='word_1_815' title='bbox 1773 4967 2029 5022; x_wconf 88' lang='lat' dir='ltr'><strong>tationem</strong></span> <span class='ocrx_word' id='word_1_816' title='bbox 2061 4966 2212 5033; x_wconf 90' lang='lat' dir='ltr'><strong>vidit,</strong></span> <span class='ocrx_word' id='word_1_817' title='bbox 2240 4975 2296 5022; x_wconf 90' lang='lat' dir='ltr'><strong>et</strong></span> <span class='ocrx_word' id='word_1_818' title='bbox 2340 4967 2486 5021; x_wconf 90' lang='lat' dir='ltr'><strong>illum</strong></span> <span class='ocrx_word' id='word_1_819' title='bbox 2513 4965 2726 5036; x_wconf 89' lang='lat' dir='ltr'><strong>quidem</strong></span> <span class='ocrx_word' id='word_1_820' title='bbox 2751 4964 2840 5035; x_wconf 92' lang='lat' dir='ltr'><strong>qui</strong></span> <span class='ocrx_word' id='word_1_821' title='bbox 2872 4965 3083 5034; x_wconf 85' lang='lat' dir='ltr'><strong>jaeebat</strong></span> <span class='ocrx_word' id='word_1_822' title='bbox 3113 4965 3164 5018; x_wconf 93' lang='lat' dir='ltr'><strong>in</strong></span> <span class='ocrx_word' id='word_1_823' title='bbox 3192 4966 3352 5021; x_wconf 86' lang='lat' dir='ltr'><strong>vesti-</strong></span> 
     </span>
    </p>
   </div>
   <div class='ocr_carea' id='block_1_112' title="bbox 1773 5055 3351 5130">
    <p class='ocr_par' dir='ltr' id='par_1_112' title="bbox 1773 5055 3351 5130">
     <span class='ocr_line' id='line_1_112' title="bbox 1773 5055 3351 5130; baseline -0.002 -15"><span class='ocrx_word' id='word_1_824' title='bbox 1773 5061 1920 5128; x_wconf 92' lang='lat' dir='ltr'><strong>bulo,</strong></span> <span class='ocrx_word' id='word_1_825' title='bbox 1946 5075 2244 5130; x_wconf 87' lang='lat' dir='ltr'><strong>canumque</strong></span> <span class='ocrx_word' id='word_1_826' title='bbox 2284 5059 2477 5130; x_wconf 86' lang='lat' dir='ltr'><strong>linguis</strong></span> <span class='ocrx_word' id='word_1_827' title='bbox 2503 5067 2618 5113; x_wconf 89' lang='lat' dir='ltr'><strong>erat</strong></span> <span class='ocrx_word' id='word_1_828' title='bbox 2652 5057 2946 5127; x_wconf 82' lang='lat' dir='ltr'><strong>expositus,</strong></span> <span class='ocrx_word' id='word_1_829' title='bbox 2987 5066 3130 5111; x_wconf 87' lang='lat' dir='ltr'><strong>tanta</strong></span> <span class='ocrx_word' id='word_1_830' title='bbox 3165 5055 3351 5112; x_wconf 81' lang='lat' dir='ltr'><strong>fiducia</strong></span> 
     </span>
    </p>
   </div>
   <div class='ocr_carea' id='block_1_113' title="bbox 1769 5150 3353 5224">
    <p class='ocr_par' dir='ltr' id='par_1_113' title="bbox 1769 5150 3353 5224">
     <span class='ocr_line' id='line_1_113' title="bbox 1769 5150 3353 5224; baseline -0.001 -18"><span class='ocrx_word' id='word_1_831' title='bbox 1769 5153 2021 5224; x_wconf 88' lang='lat' dir='ltr'><strong>gaudere,</strong></span> <span class='ocrx_word' id='word_1_832' title='bbox 2050 5153 2174 5208; x_wconf 90' lang='lat' dir='ltr'><strong>dum</strong></span> <span class='ocrx_word' id='word_1_833' title='bbox 2205 5152 2257 5207; x_wconf 92' lang='lat' dir='ltr'><strong>in</strong></span> <span class='ocrx_word' id='word_1_834' title='bbox 2285 5151 2600 5222; x_wconf 75' lang='lat' dir='ltr'><strong>patriarcha:</strong></span> <span class='ocrx_word' id='word_1_835' title='bbox 2626 5150 2746 5205; x_wconf 90' lang='lat' dir='ltr'><strong>sinu</strong></span> <span class='ocrx_word' id='word_1_836' title='bbox 2771 5159 3110 5204; x_wconf 89' lang='lat' dir='ltr'><strong>versaretur:</strong></span> <span class='ocrx_word' id='word_1_837' title='bbox 3136 5165 3195 5204; x_wconf 92' lang='lat' dir='ltr'><strong>se</strong></span> <span class='ocrx_word' id='word_1_838' title='bbox 3224 5165 3353 5205; x_wconf 89' lang='lat' dir='ltr'><strong>vero</strong></span> 
     </span>
    </p>
   </div>
   <div class='ocr_carea' id='block_1_114' title="bbox 1771 5240 3351 5316">
    <p class='ocr_par' dir='ltr' id='par_1_114' title="bbox 1771 5240 3351 5316">
     <span class='ocr_line' id='line_1_114' title="bbox 1771 5240 3351 5316; baseline -0.002 -18"><span class='ocrx_word' id='word_1_839' title='bbox 1771 5252 1914 5300; x_wconf 89' lang='lat' dir='ltr'><strong>tanta</strong></span> <span class='ocrx_word' id='word_1_840' title='bbox 1941 5245 2185 5300; x_wconf 92' lang='lat' dir='ltr'><strong>obrutum</strong></span> <span class='ocrx_word' id='word_1_841' title='bbox 2215 5243 2520 5316; x_wconf 89' lang='lat' dir='ltr'><strong>ignominia,</strong></span> <span class='ocrx_word' id='word_1_842' title='bbox 2549 5251 2708 5313; x_wconf 89' lang='lat' dir='ltr'><strong>atque</strong></span> <span class='ocrx_word' id='word_1_843' title='bbox 2736 5242 2953 5310; x_wconf 89' lang='lat' dir='ltr'><strong>insuper</strong></span> <span class='ocrx_word' id='word_1_844' title='bbox 2987 5240 3108 5311; x_wconf 88' lang='lat' dir='ltr'><strong>igne</strong></span> <span class='ocrx_word' id='word_1_845' title='bbox 3141 5243 3351 5296; x_wconf 90' lang='lat' dir='ltr'><strong>crucia-</strong></span> 
     </span>
    </p>
   </div>
   <div class='ocr_carea' id='block_1_115' title="bbox 1769 5331 3351 5407">
    <p class='ocr_par' dir='ltr' id='par_1_115' title="bbox 1769 5331 3351 5407">
     <span class='ocr_line' id='line_1_115' title="bbox 1769 5331 3351 5407; baseline -0.004 -14"><span class='ocrx_word' id='word_1_846' title='bbox 1769 5347 1902 5403; x_wconf 93' lang='lat' dir='ltr'><strong>tum,</strong></span> <span class='ocrx_word' id='word_1_847' title='bbox 1932 5338 2184 5407; x_wconf 85' lang='lat' dir='ltr'><strong>majorem</strong></span> <span class='ocrx_word' id='word_1_848' title='bbox 2215 5351 2433 5392; x_wconf 90' lang='lat' dir='ltr'><strong>sensum</strong></span> <span class='ocrx_word' id='word_1_849' title='bbox 2465 5335 2665 5390; x_wconf 83' lang='lat' dir='ltr'><strong>doloris</strong></span> <span class='ocrx_word' id='word_1_850' title='bbox 2687 5332 2916 5402; x_wconf 91' lang='lat' dir='ltr'><strong>cepisse.</strong></span> <span class='ocrx_word' id='word_1_851' title='bbox 2949 5331 3081 5386; x_wconf 89' lang='lat' dir='ltr'><strong>Cum</strong></span> <span class='ocrx_word' id='word_1_852' title='bbox 3114 5345 3242 5403; x_wconf 91' lang='lat' dir='ltr'><strong>ergo</strong></span> <span class='ocrx_word' id='word_1_853' title='bbox 3262 5346 3351 5388; x_wconf 87' lang='lat' dir='ltr'><strong>res</strong></span> 
     </span>
    </p>
   </div>
   <div class='ocr_carea' id='block_1_116' title="bbox 1766 5422 3350 5493">
    <p class='ocr_par' dir='ltr' id='par_1_116' title="bbox 1766 5422 3350 5493">
     <span class='ocr_line' id='line_1_116' title="bbox 1766 5422 3350 5493; baseline -0.005 -8"><span class='ocrx_word' id='word_1_854' title='bbox 1766 5438 2013 5486; x_wconf 87' lang='lat' dir='ltr'><strong>cerneret</strong></span> <span class='ocrx_word' id='word_1_855' title='bbox 2041 5429 2092 5482; x_wconf 91' lang='lat' dir='ltr'><strong>in</strong></span> <span class='ocrx_word' id='word_1_856' title='bbox 2122 5427 2448 5482; x_wconf 89' lang='lat' dir='ltr'><strong>contrarium</strong></span> <span class='ocrx_word' id='word_1_857' title='bbox 2487 5432 2736 5488; x_wconf 89' lang='lat' dir='ltr'><strong>mutatas,</strong></span> <span class='ocrx_word' id='word_1_858' title='bbox 2764 5437 2826 5478; x_wconf 92' lang='lat' dir='ltr'><strong>ac</strong></span> <span class='ocrx_word' id='word_1_859' title='bbox 2859 5437 2917 5478; x_wconf 89' lang='lat' dir='ltr'><strong>se</strong></span> <span class='ocrx_word' id='word_1_860' title='bbox 2937 5422 3028 5493; x_wconf 90' lang='lat' dir='ltr'><strong>qui</strong></span> <span class='ocrx_word' id='word_1_861' title='bbox 3065 5436 3350 5492; x_wconf 80' lang='lat' dir='ltr'><strong>propemo-</strong></span> 
     </span>
    </p>
   </div>
   <div class='ocr_carea' id='block_1_117' title="bbox 1765 5515 3347 5585">
    <p class='ocr_par' dir='ltr' id='par_1_117' title="bbox 1765 5515 3347 5585">
     <span class='ocr_line' id='line_1_117' title="bbox 1765 5515 3347 5585; baseline -0.004 -9"><span class='ocrx_word' id='word_1_862' title='bbox 1765 5522 1892 5576; x_wconf 89' lang='lat' dir='ltr'><strong>dum</strong></span> <span class='ocrx_word' id='word_1_863' title='bbox 1940 5520 1994 5574; x_wconf 89' lang='lat' dir='ltr'><strong>in</strong></span> <span class='ocrx_word' id='word_1_864' title='bbox 2038 5519 2239 5574; x_wconf 89' lang='lat' dir='ltr'><strong>somnis</strong></span> <span class='ocrx_word' id='word_1_865' title='bbox 2277 5529 2330 5574; x_wconf 90' lang='lat' dir='ltr'><strong>et</strong></span> <span class='ocrx_word' id='word_1_866' title='bbox 2365 5518 2550 5573; x_wconf 86' lang='lat' dir='ltr'><strong>umbra</strong></span> <span class='ocrx_word' id='word_1_867' title='bbox 2575 5515 3008 5585; x_wconf 90' lang='lat' dir='ltr'><strong>deliciis-potitus</strong></span> <span class='ocrx_word' id='word_1_868' title='bbox 3030 5523 3164 5579; x_wconf 88' lang='lat' dir='ltr'><strong>erat,</strong></span> <span class='ocrx_word' id='word_1_869' title='bbox 3208 5529 3347 5570; x_wconf 89' lang='lat' dir='ltr'><strong>nunc</strong></span> 
     </span>
    </p>
   </div>
   <div class='ocr_carea' id='block_1_118' title="bbox 1768 5608 3341 5682">
    <p class='ocr_par' dir='ltr' id='par_1_118' title="bbox 1768 5608 3341 5682">
     <span class='ocr_line' id='line_1_118' title="bbox 1768 5608 3341 5682; baseline -0.006 -13"><span class='ocrx_word' id='word_1_870' title='bbox 1768 5613 2100 5670; x_wconf 87' lang='lat' dir='ltr'><strong>intolerabile</strong></span> <span class='ocrx_word' id='word_1_871' title='bbox 2124 5612 2437 5682; x_wconf 90' lang='lat' dir='ltr'><strong>supplicium</strong></span> <span class='ocrx_word' id='word_1_872' title='bbox 2467 5610 2624 5676; x_wconf 91' lang='lat' dir='ltr'><strong>ferre,</strong></span> <span class='ocrx_word' id='word_1_873' title='bbox 2652 5625 2714 5665; x_wconf 89' lang='lat' dir='ltr'><strong>ac</strong></span> <span class='ocrx_word' id='word_1_874' title='bbox 2734 5618 2853 5679; x_wconf 89' lang='lat' dir='ltr'><strong>post</strong></span> <span class='ocrx_word' id='word_1_875' title='bbox 2891 5608 3180 5679; x_wconf 89' lang='lat' dir='ltr'><strong>spatiosam</strong></span> <span class='ocrx_word' id='word_1_876' title='bbox 3209 5608 3341 5661; x_wconf 87' lang='lat' dir='ltr'><strong>viam</strong></span> 
     </span>
    </p>
   </div>
   <div class='ocr_carea' id='block_1_119' title="bbox 1765 5702 3331 5776">
    <p class='ocr_par' dir='ltr' id='par_1_119' title="bbox 1765 5702 3331 5776">
     <span class='ocr_line' id='line_1_119' title="bbox 1765 5702 3331 5776; baseline -0.008 -15"><span class='ocrx_word' id='word_1_877' title='bbox 1765 5706 2032 5776; x_wconf 85' lang='lat' dir='ltr'><strong>latamque</strong></span> <span class='ocrx_word' id='word_1_878' title='bbox 2049 5711 2280 5776; x_wconf 88' lang='lat' dir='ltr'><strong>portam,</strong></span> <span class='ocrx_word' id='word_1_879' title='bbox 2311 5705 2362 5757; x_wconf 94' lang='lat' dir='ltr'><strong>in</strong></span> <span class='ocrx_word' id='word_1_880' title='bbox 2395 5702 2554 5758; x_wconf 80' lang='lat' dir='ltr'><strong>tinem</strong></span> <span class='ocrx_word' id='word_1_881' title='bbox 2577 5707 2712 5756; x_wconf 86' lang='lat' dir='ltr'><strong>adeo</strong></span> <span class='ocrx_word' id='word_1_882' title='bbox 2741 5709 3022 5773; x_wconf 86' lang='lat' dir='ltr'><strong>angustum</strong></span> <span class='ocrx_word' id='word_1_883' title='bbox 3051 5714 3169 5754; x_wconf 88' lang='lat' dir='ltr'><strong>esse</strong></span> <span class='ocrx_word' id='word_1_884' title='bbox 3196 5702 3331 5752; x_wconf 76' lang='lat' dir='ltr'><strong>delr-</strong></span> 
     </span>
    </p>
   </div>
   <div class='ocr_carea' id='block_1_120' title="bbox 1769 5792 3348 5864">
    <p class='ocr_par' dir='ltr' id='par_1_120' title="bbox 1769 5792 3348 5864">
     <span class='ocr_line' id='line_1_120' title="bbox 1769 5792 3348 5864; baseline -0.004 -12"><span class='ocrx_word' id='word_1_885' title='bbox 1769 5807 1877 5852; x_wconf 91' lang='lat' dir='ltr'><strong>tum</strong></span> <span class='ocrx_word' id='word_1_886' title='bbox 1901 5814 1914 5852; x_wconf 88' lang='lat'><strong>:</strong></span> <span class='ocrx_word' id='word_1_887' title='bbox 1943 5798 2016 5854; x_wconf 93' lang='lat' dir='ltr'><strong>illi</strong></span> <span class='ocrx_word' id='word_1_888' title='bbox 2042 5811 2171 5852; x_wconf 91' lang='lat' dir='ltr'><strong>vero</strong></span> <span class='ocrx_word' id='word_1_889' title='bbox 2196 5795 2459 5851; x_wconf 89' lang='lat' dir='ltr'><strong>contraria</strong></span> <span class='ocrx_word' id='word_1_890' title='bbox 2493 5794 2703 5864; x_wconf 88' lang='lat' dir='ltr'><strong>penitus</strong></span> <span class='ocrx_word' id='word_1_891' title='bbox 2745 5792 3009 5856; x_wconf 88' lang='lat' dir='ltr'><strong>evenisse,</strong></span> <span class='ocrx_word' id='word_1_892' title='bbox 3037 5805 3098 5845; x_wconf 89' lang='lat' dir='ltr'><strong>ac</strong></span> <span class='ocrx_word' id='word_1_893' title='bbox 3125 5802 3348 5862; x_wconf 87' lang='lat' dir='ltr'><strong>propter</strong></span> 
     </span>
    </p>
   </div>
   <div class='ocr_carea' id='block_1_121' title="bbox 1769 5880 3340 5963">
    <p class='ocr_par' dir='ltr' id='par_1_121' title="bbox 1769 5880 3340 5963">
     <span class='ocr_line' id='line_1_121' title="bbox 1769 5880 3340 5963; baseline -0.011 -13"><span class='ocrx_word' id='word_1_894' title='bbox 1769 5907 1908 5960; x_wconf 88' lang='lat' dir='ltr'><strong>eam,</strong></span> <span class='ocrx_word' id='word_1_895' title='bbox 1940 5908 2095 5963; x_wconf 90' lang='lat' dir='ltr'><strong>quam</strong></span> <span class='ocrx_word' id='word_1_896' title='bbox 2140 5891 2192 5946; x_wconf 92' lang='lat' dir='ltr'><strong>in</strong></span> <span class='ocrx_word' id='word_1_897' title='bbox 2224 5888 2324 5946; x_wconf 89' lang='lat' dir='ltr'><strong>hac</strong></span> <span class='ocrx_word' id='word_1_898' title='bbox 2352 5889 2456 5944; x_wconf 88' lang='lat' dir='ltr'><strong>vita</strong></span> <span class='ocrx_word' id='word_1_899' title='bbox 2484 5886 2795 5944; x_wconf 82' lang='lat' dir='ltr'><strong>exhibuerat</strong></span> <span class='ocrx_word' id='word_1_900' title='bbox 2823 5882 3158 5955; x_wconf 82' lang='lat' dir='ltr'><strong>patientiam,</strong></span> <span class='ocrx_word' id='word_1_901' title='bbox 3189 5880 3340 5935; x_wconf 82' lang='lat' dir='ltr'><strong>illum</strong></span> 
     </span>
    </p>
   </div>
  </div>
