  <div class='ocr_page' id='page_1' title='image "/cluster/home/n/w/nwhite01/storage/ocr_20150623/48/hvd.32044014784250/533.png"; bbox 0 0 3884 6266; ppageno 0'>
   <div class='ocr_carea' id='block_1_1' title="bbox 500 410 628 465">
    <p class='ocr_par' dir='ltr' id='par_1_1' title="bbox 500 410 628 465">
     <span class='ocr_line' id='line_1_1' title="bbox 500 410 628 465; baseline -0.008 0"><span class='ocrx_word' id='word_1_1' title='bbox 500 410 628 465; x_wconf 68' lang='lat' dir='ltr'><strong>{OEH</strong></span> 
     </span>
    </p>
   </div>
   <div class='ocr_carea' id='block_1_2' title="bbox 497 525 2077 602">
    <p class='ocr_par' dir='ltr' id='par_1_2' title="bbox 497 525 2077 602">
     <span class='ocr_line' id='line_1_2' title="bbox 497 525 2077 602; baseline 0.004 -22"><span class='ocrx_word' id='word_1_2' title='bbox 497 525 853 582; x_wconf 79' lang='lat' dir='ltr'><strong>tneﬂ‘abilibus</strong></span> <span class='ocrx_word' id='word_1_3' title='bbox 893 526 1089 598; x_wconf 79' lang='lat' dir='ltr'><strong>perfrui</strong></span> <span class='ocrx_word' id='word_1_4' title='bbox 1125 527 1299 593; x_wconf 91' lang='lat' dir='ltr'><strong>bonis,</strong></span> <span class='ocrx_word' id='word_1_5' title='bbox 1332 531 1578 588; x_wconf 89' lang='lat' dir='ltr'><strong>nesciens</strong></span> <span class='ocrx_word' id='word_1_6' title='bbox 1607 548 1714 602; x_wconf 86' lang='lat' dir='ltr'><strong>quo</strong></span> <span class='ocrx_word' id='word_1_7' title='bbox 1739 549 1798 590; x_wconf 90' lang='lat' dir='ltr'><strong>se</strong></span> <span class='ocrx_word' id='word_1_8' title='bbox 1829 542 2077 602; x_wconf 87' lang='lat' dir='ltr'><strong>verteret,</strong></span> 
     </span>
    </p>
   </div>
   <div class='ocr_carea' id='block_1_3' title="bbox 498 617 2079 697">
    <p class='ocr_par' dir='ltr' id='par_1_3' title="bbox 498 617 2079 697">
     <span class='ocr_line' id='line_1_3' title="bbox 498 617 2079 697; baseline 0.006 -27"><span class='ocrx_word' id='word_1_9' title='bbox 498 617 756 688; x_wconf 81' lang='lat' dir='ltr'><strong>inopsque</strong></span> <span class='ocrx_word' id='word_1_10' title='bbox 784 619 1012 684; x_wconf 82' lang='lat' dir='ltr'><strong>consilii,</strong></span> <span class='ocrx_word' id='word_1_11' title='bbox 1047 634 1167 675; x_wconf 90' lang='lat' dir='ltr'><strong>cum</strong></span> <span class='ocrx_word' id='word_1_12' title='bbox 1192 624 1518 691; x_wconf 77' lang='lat' dir='ltr'><strong>experientia</strong></span> <span class='ocrx_word' id='word_1_13' title='bbox 1557 624 1852 693; x_wconf 72' lang='lat' dir='ltr'><strong>didicisset,</strong></span> <span class='ocrx_word' id='word_1_14' title='bbox 1883 636 2079 697; x_wconf 89' lang='lat' dir='ltr'><strong>quanta</strong></span> 
     </span>
    </p>
   </div>
   <div class='ocr_carea' id='block_1_4' title="bbox 497 710 2080 789">
    <p class='ocr_par' dir='ltr' id='par_1_4' title="bbox 497 710 2080 789">
     <span class='ocr_line' id='line_1_4' title="bbox 497 710 2080 789; baseline 0.008 -26"><span class='ocrx_word' id='word_1_15' title='bbox 497 710 680 766; x_wconf 80' lang='lat' dir='ltr'><strong>fraude</strong></span> <span class='ocrx_word' id='word_1_16' title='bbox 705 712 915 781; x_wconf 87' lang='lat' dir='ltr'><strong>penitus</strong></span> <span class='ocrx_word' id='word_1_17' title='bbox 941 712 1193 785; x_wconf 89' lang='lat' dir='ltr'><strong>deceptus</strong></span> <span class='ocrx_word' id='word_1_18' title='bbox 1223 717 1428 785; x_wconf 89' lang='lat' dir='ltr'><strong>fuisset,</strong></span> <span class='ocrx_word' id='word_1_19' title='bbox 1464 734 1584 774; x_wconf 93' lang='lat' dir='ltr'><strong>cum</strong></span> <span class='ocrx_word' id='word_1_20' title='bbox 1625 720 1914 789; x_wconf 82' lang='lat' dir='ltr'><strong>Spatiosam</strong></span> <span class='ocrx_word' id='word_1_21' title='bbox 1941 720 2080 775; x_wconf 88' lang='lat' dir='ltr'><strong>viam</strong></span> 
     </span>
    </p>
   </div>
   <div class='ocr_carea' id='block_1_5' title="bbox 496 803 2079 880">
    <p class='ocr_par' dir='ltr' id='par_1_5' title="bbox 496 803 2079 880">
     <span class='ocr_line' id='line_1_5' title="bbox 496 803 2079 880; baseline 0.007 -24"><span class='ocrx_word' id='word_1_22' title='bbox 496 803 765 872; x_wconf 75' lang='lat' dir='ltr'><strong>elegisset,</strong></span> <span class='ocrx_word' id='word_1_23' title='bbox 807 806 1244 876; x_wconf 80' lang='lat' dir='ltr'><strong>supplicationem</strong></span> <span class='ocrx_word' id='word_1_24' title='bbox 1284 809 1440 865; x_wconf 85' lang='lat' dir='ltr'><strong>oll&#39;ert</strong></span> <span class='ocrx_word' id='word_1_25' title='bbox 1465 811 1798 880; x_wconf 71' lang='lat' dir='ltr'><strong>patriarchae,</strong></span> <span class='ocrx_word' id='word_1_26' title='bbox 1829 827 1893 868; x_wconf 88' lang='lat' dir='ltr'><strong>ac</strong></span> <span class='ocrx_word' id='word_1_27' title='bbox 1917 813 2079 867; x_wconf 88' lang='lat' dir='ltr'><strong>misc-</strong></span> 
     </span>
    </p>
   </div>
   <div class='ocr_carea' id='block_1_6' title="bbox 495 897 2077 976">
    <p class='ocr_par' dir='ltr' id='par_1_6' title="bbox 495 897 2077 976">
     <span class='ocr_line' id='line_1_6' title="bbox 495 897 2077 976; baseline 0.007 -26"><span class='ocrx_word' id='word_1_28' title='bbox 495 897 691 953; x_wconf 82' lang='lat' dir='ltr'><strong>rabiles</strong></span> <span class='ocrx_word' id='word_1_29' title='bbox 739 914 898 954; x_wconf 89' lang='lat' dir='ltr'><strong>voces</strong></span> <span class='ocrx_word' id='word_1_30' title='bbox 939 901 1097 956; x_wconf 90' lang='lat' dir='ltr'><strong>simul</strong></span> <span class='ocrx_word' id='word_1_31' title='bbox 1140 911 1195 957; x_wconf 91' lang='lat' dir='ltr'><strong>et</strong></span> <span class='ocrx_word' id='word_1_32' title='bbox 1244 904 1510 976; x_wconf 85' lang='lat' dir='ltr'><strong>lacrymas</strong></span> <span class='ocrx_word' id='word_1_33' title='bbox 1561 907 1790 961; x_wconf 86' lang='lat' dir='ltr'><strong>ubertim</strong></span> <span class='ocrx_word' id='word_1_34' title='bbox 1835 905 2077 962; x_wconf 73' lang='lat' dir='ltr'><strong>effundit.</strong></span> 
     </span>
    </p>
   </div>
   <div class='ocr_carea' id='block_1_7' title="bbox 495 988 2080 1063">
    <p class='ocr_par' dir='ltr' id='par_1_7' title="bbox 495 988 2080 1063">
     <span class='ocr_line' id='line_1_7' title="bbox 495 988 2080 1063; baseline 0.009 -22"><span class='ocrx_word' id='word_1_35' title='bbox 495 988 678 1058; x_wconf 83' lang='lat' dir='ltr'><strong>itaque</strong></span> <span class='ocrx_word' id='word_1_36' title='bbox 700 990 744 1045; x_wconf 91' lang='lat' dir='ltr'><strong>is</strong></span> <span class='ocrx_word' id='word_1_37' title='bbox 759 995 848 1062; x_wconf 89' lang='lat' dir='ltr'><strong>qui</strong></span> <span class='ocrx_word' id='word_1_38' title='bbox 874 993 942 1047; x_wconf 89' lang='lat' dir='ltr'><strong>ad</strong></span> <span class='ocrx_word' id='word_1_39' title='bbox 965 993 1226 1050; x_wconf 79' lang='lat' dir='ltr'><strong>Lazarum</strong></span> <span class='ocrx_word' id='word_1_40' title='bbox 1255 1010 1314 1051; x_wconf 91' lang='lat' dir='ltr'><strong>se</strong></span> <span class='ocrx_word' id='word_1_41' title='bbox 1335 1007 1671 1063; x_wconf 86' lang='lat' dir='ltr'><strong>convertere,</strong></span> <span class='ocrx_word' id='word_1_42' title='bbox 1704 999 1788 1054; x_wconf 92' lang='lat' dir='ltr'><strong>vel</strong></span> <span class='ocrx_word' id='word_1_43' title='bbox 1813 1000 1962 1054; x_wconf 87' lang='lat' dir='ltr'><strong>illum</strong></span> <span class='ocrx_word' id='word_1_44' title='bbox 1990 1015 2080 1056; x_wconf 90' lang='lat' dir='ltr'><strong>re-</strong></span> 
     </span>
    </p>
   </div>
   <div class='ocr_carea' id='block_1_8' title="bbox 495 1081 2078 1163">
    <p class='ocr_par' dir='ltr' id='par_1_8' title="bbox 495 1081 2078 1163">
     <span class='ocr_line' id='line_1_8' title="bbox 495 1081 2078 1163; baseline 0.01 -29"><span class='ocrx_word' id='word_1_45' title='bbox 495 1081 701 1150; x_wconf 82' lang='lat' dir='ltr'><strong>spicere</strong></span> <span class='ocrx_word' id='word_1_46' title='bbox 748 1099 852 1138; x_wconf 92' lang='lat' dir='ltr'><strong>non</strong></span> <span class='ocrx_word' id='word_1_47' title='bbox 892 1085 1226 1155; x_wconf 80' lang='lat' dir='ltr'><strong>dignabatur,</strong></span> <span class='ocrx_word' id='word_1_48' title='bbox 1257 1105 1543 1160; x_wconf 82' lang='lat' dir='ltr'><strong>pauperem</strong></span> <span class='ocrx_word' id='word_1_49' title='bbox 1583 1091 1849 1162; x_wconf 65' lang='lat' dir='ltr'><strong>abiectum</strong></span> <span class='ocrx_word' id='word_1_50' title='bbox 1889 1103 1945 1149; x_wconf 88' lang='lat' dir='ltr'><strong>et</strong></span> <span class='ocrx_word' id='word_1_51' title='bbox 1991 1096 2078 1163; x_wconf 85' lang='lat' dir='ltr'><strong>ja-</strong></span> 
     </span>
    </p>
   </div>
   <div class='ocr_carea' id='block_1_9' title="bbox 497 1177 2076 1256">
    <p class='ocr_par' dir='ltr' id='par_1_9' title="bbox 497 1177 2076 1256">
     <span class='ocr_line' id='line_1_9' title="bbox 497 1177 2076 1256; baseline 0.01 -29"><span class='ocrx_word' id='word_1_52' title='bbox 497 1184 709 1230; x_wconf 90' lang='lat' dir='ltr'><strong>centem</strong></span> <span class='ocrx_word' id='word_1_53' title='bbox 730 1177 779 1230; x_wconf 91' lang='lat' dir='ltr'><strong>in</strong></span> <span class='ocrx_word' id='word_1_54' title='bbox 794 1178 1075 1245; x_wconf 76' lang='lat' dir='ltr'><strong>vestibulo,</strong></span> <span class='ocrx_word' id='word_1_55' title='bbox 1105 1180 1196 1235; x_wconf 91' lang='lat' dir='ltr'><strong>sed</strong></span> <span class='ocrx_word' id='word_1_56' title='bbox 1223 1190 1279 1237; x_wconf 90' lang='lat' dir='ltr'><strong>et</strong></span> <span class='ocrx_word' id='word_1_57' title='bbox 1309 1183 1482 1253; x_wconf 89' lang='lat' dir='ltr'><strong>ipsum</strong></span> <span class='ocrx_word' id='word_1_58' title='bbox 1509 1187 1894 1256; x_wconf 84' lang='lat' dir='ltr'><strong>prepemodum</strong></span> <span class='ocrx_word' id='word_1_59' title='bbox 1924 1187 2076 1243; x_wconf 89' lang='lat' dir='ltr'><strong>dete-</strong></span> 
     </span>
    </p>
   </div>
   <div class='ocr_carea' id='block_1_10' title="bbox 494 1266 2078 1350">
    <p class='ocr_par' dir='ltr' id='par_1_10' title="bbox 494 1266 2078 1350">
     <span class='ocr_line' id='line_1_10' title="bbox 494 1266 2078 1350; baseline 0.01 -31"><span class='ocrx_word' id='word_1_60' title='bbox 494 1266 737 1322; x_wconf 80' lang='lat' dir='ltr'><strong>stabatur</strong></span> <span class='ocrx_word' id='word_1_61' title='bbox 764 1280 982 1340; x_wconf 84' lang='lat' dir='ltr'><strong>pmpter</strong></span> <span class='ocrx_word' id='word_1_62' title='bbox 1023 1272 1260 1328; x_wconf 88' lang='lat' dir='ltr'><strong>ulcerum</strong></span> <span class='ocrx_word' id='word_1_63' title='bbox 1300 1284 1496 1332; x_wconf 89' lang='lat' dir='ltr'><strong>tetrum</strong></span> <span class='ocrx_word' id='word_1_64' title='bbox 1537 1278 1778 1343; x_wconf 87' lang='lat' dir='ltr'><strong>odorem,</strong></span> <span class='ocrx_word' id='word_1_65' title='bbox 1823 1295 2078 1350; x_wconf 83' lang='lat' dir='ltr'><strong>suamque</strong></span> 
     </span>
    </p>
   </div>
   <div class='ocr_carea' id='block_1_11' title="bbox 497 1359 2072 1440">
    <p class='ocr_par' dir='ltr' id='par_1_11' title="bbox 497 1359 2072 1440">
     <span class='ocr_line' id='line_1_11' title="bbox 497 1359 2072 1440; baseline 0.011 -29"><span class='ocrx_word' id='word_1_66' title='bbox 497 1359 800 1428; x_wconf 89' lang='lat' dir='ltr'><strong>mollitiem,</strong></span> <span class='ocrx_word' id='word_1_67' title='bbox 847 1371 901 1417; x_wconf 91' lang='lat' dir='ltr'><strong>et</strong></span> <span class='ocrx_word' id='word_1_68' title='bbox 945 1364 1187 1430; x_wconf 86' lang='lat' dir='ltr'><strong>delicias,</strong></span> <span class='ocrx_word' id='word_1_69' title='bbox 1224 1368 1436 1437; x_wconf 78' lang='lat' dir='ltr'><strong>quibus</strong></span> <span class='ocrx_word' id='word_1_70' title='bbox 1479 1371 1732 1427; x_wconf 81' lang='lat' dir='ltr'><strong>continue</strong></span> <span class='ocrx_word' id='word_1_71' title='bbox 1781 1371 2072 1440; x_wconf 82' lang='lat' dir='ltr'><strong>fruebatur,</strong></span> 
     </span>
    </p>
   </div>
   <div class='ocr_carea' id='block_1_12' title="bbox 495 1453 2079 1531">
    <p class='ocr_par' dir='ltr' id='par_1_12' title="bbox 495 1453 2079 1531">
     <span class='ocr_line' id='line_1_12' title="bbox 495 1453 2079 1531; baseline 0.008 -28"><span class='ocrx_word' id='word_1_72' title='bbox 495 1466 642 1504; x_wconf 85' lang='lat' dir='ltr'><strong>nunc</strong></span> <span class='ocrx_word' id='word_1_73' title='bbox 661 1453 976 1522; x_wconf 75' lang='lat' dir='ltr'><strong>patriarcha:</strong></span> <span class='ocrx_word' id='word_1_74' title='bbox 1003 1458 1266 1527; x_wconf 84' lang='lat' dir='ltr'><strong>supplicat</strong></span> <span class='ocrx_word' id='word_1_75' title='bbox 1293 1469 1347 1514; x_wconf 91' lang='lat' dir='ltr'><strong>et</strong></span> <span class='ocrx_word' id='word_1_76' title='bbox 1367 1461 1441 1515; x_wconf 86' lang='lat' dir='ltr'><strong>ait</strong></span> <span class='ocrx_word' id='word_1_77' title='bbox 1472 1480 1484 1516; x_wconf 91' lang='lat'>:</span> <span class='ocrx_word' id='word_1_78' title='bbox 1517 1462 1962 1531; x_wconf 80' lang='lat' dir='ltr'><strong>PaterAbraham,</strong></span> <span class='ocrx_word' id='word_1_79' title='bbox 1984 1467 2079 1516; x_wconf 88' lang='lat' dir='ltr'><strong>mi-</strong></span> 
     </span>
    </p>
   </div>
   <div class='ocr_carea' id='block_1_13' title="bbox 493 1545 2076 1623">
    <p class='ocr_par' dir='ltr' id='par_1_13' title="bbox 493 1545 2076 1623">
     <span class='ocr_line' id='line_1_13' title="bbox 493 1545 2076 1623; baseline 0.009 -27"><span class='ocrx_word' id='word_1_80' title='bbox 493 1556 658 1596; x_wconf 87' lang='lat' dir='ltr'><strong>serere</strong></span> <span class='ocrx_word' id='word_1_81' title='bbox 685 1545 801 1610; x_wconf 88' lang='lat' dir='ltr'><strong>mei,</strong></span> <span class='ocrx_word' id='word_1_82' title='bbox 825 1556 873 1600; x_wconf 89' lang='lat' dir='ltr'><strong>et</strong></span> <span class='ocrx_word' id='word_1_83' title='bbox 907 1549 1045 1600; x_wconf 90' lang='lat' dir='ltr'><strong>mitte</strong></span> <span class='ocrx_word' id='word_1_84' title='bbox 1071 1547 1344 1616; x_wconf 79' lang='lat' dir='ltr'><strong>Lazarum,</strong></span> <span class='ocrx_word' id='word_1_85' title='bbox 1373 1559 1425 1604; x_wconf 84' lang='lat' dir='ltr'><strong>ut</strong></span> <span class='ocrx_word' id='word_1_86' title='bbox 1451 1552 1668 1623; x_wconf 85' lang='lat' dir='ltr'><strong>intingat</strong></span> <span class='ocrx_word' id='word_1_87' title='bbox 1696 1563 1969 1610; x_wconf 73' lang='lat' dir='ltr'><strong>extremum</strong></span> <span class='ocrx_word' id='word_1_88' title='bbox 1991 1556 2076 1610; x_wconf 82' lang='lat' dir='ltr'><strong>di-</strong></span> 
     </span>
    </p>
   </div>
   <div class='ocr_carea' id='block_1_14' title="bbox 493 1635 2077 1717">
    <p class='ocr_par' dir='ltr' id='par_1_14' title="bbox 493 1635 2077 1717">
     <span class='ocr_line' id='line_1_14' title="bbox 493 1635 2077 1717; baseline 0.009 -30"><span class='ocrx_word' id='word_1_89' title='bbox 493 1635 588 1704; x_wconf 77' lang='lat' dir='ltr'><strong>giti</strong></span> <span class='ocrx_word' id='word_1_90' title='bbox 624 1637 704 1689; x_wconf 87' lang='lat' dir='ltr'><strong>sui</strong></span> <span class='ocrx_word' id='word_1_91' title='bbox 744 1637 796 1690; x_wconf 88' lang='lat' dir='ltr'><strong>in</strong></span> <span class='ocrx_word' id='word_1_92' title='bbox 835 1654 1040 1708; x_wconf 88' lang='lat' dir='ltr'><strong>aquam,</strong></span> <span class='ocrx_word' id='word_1_93' title='bbox 1081 1649 1128 1694; x_wconf 88' lang='lat' dir='ltr'><strong>et</strong></span> <span class='ocrx_word' id='word_1_94' title='bbox 1163 1642 1423 1713; x_wconf 71' lang='lat' dir='ltr'><strong>refrigeret</strong></span> <span class='ocrx_word' id='word_1_95' title='bbox 1461 1644 1689 1715; x_wconf 81' lang='lat' dir='ltr'><strong>linguam</strong></span> <span class='ocrx_word' id='word_1_96' title='bbox 1737 1663 1934 1712; x_wconf 85' lang='lat' dir='ltr'><strong>meam;</strong></span> <span class='ocrx_word' id='word_1_97' title='bbox 1957 1649 2077 1717; x_wconf 79' lang='lat' dir='ltr'><strong>quia</strong></span> 
     </span>
    </p>
   </div>
   <div class='ocr_carea' id='block_1_15' title="bbox 495 1727 2076 1804">
    <p class='ocr_par' dir='ltr' id='par_1_15' title="bbox 495 1727 2076 1804">
     <span class='ocr_line' id='line_1_15' title="bbox 495 1727 2076 1804; baseline 0.009 -26"><span class='ocrx_word' id='word_1_98' title='bbox 495 1727 693 1780; x_wconf 87' lang='lat' dir='ltr'><strong>crucior</strong></span> <span class='ocrx_word' id='word_1_99' title='bbox 717 1727 769 1781; x_wconf 87' lang='lat' dir='ltr'><strong>in</strong></span> <span class='ocrx_word' id='word_1_100' title='bbox 793 1728 889 1783; x_wconf 84' lang='lat' dir='ltr'><strong>hac</strong></span> <span class='ocrx_word' id='word_1_101' title='bbox 913 1730 1124 1800; x_wconf 78' lang='lat' dir='ltr'><strong>ﬂamma</strong></span> <span class='ocrx_word' id='word_1_102' title='bbox 1155 1732 1302 1802; x_wconf 86' lang='lat' dir='ltr'><strong>(Luc.</strong></span> <span class='ocrx_word' id='word_1_103' title='bbox 1337 1733 1424 1788; x_wconf 79' lang='grc'><strong>16.</strong></span> <span class='ocrx_word' id='word_1_104' title='bbox 1455 1734 1570 1804; x_wconf 72' lang='grc'><strong>24).</strong></span> <span class='ocrx_word' id='word_1_105' title='bbox 1596 1734 1942 1792; x_wconf 84' lang='lat' dir='ltr'><strong>Sufﬁciebant</strong></span> <span class='ocrx_word' id='word_1_106' title='bbox 1961 1739 2076 1793; x_wconf 66' lang='lat' dir='ltr'><strong>haec</strong></span> 
     </span>
    </p>
   </div>
   <div class='ocr_carea' id='block_1_16' title="bbox 492 1817 2074 1893">
    <p class='ocr_par' dir='ltr' id='par_1_16' title="bbox 492 1817 2074 1893">
     <span class='ocr_line' id='line_1_16' title="bbox 492 1817 2074 1893; baseline 0.009 -25"><span class='ocrx_word' id='word_1_107' title='bbox 492 1817 654 1872; x_wconf 88' lang='lat' dir='ltr'><strong>verba</strong></span> <span class='ocrx_word' id='word_1_108' title='bbox 707 1819 773 1873; x_wconf 86' lang='lat' dir='ltr'><strong>ad</strong></span> <span class='ocrx_word' id='word_1_109' title='bbox 833 1821 1251 1876; x_wconf 79' lang='lat' dir='ltr'><strong>misericordiam</strong></span> <span class='ocrx_word' id='word_1_110' title='bbox 1307 1826 1656 1893; x_wconf 85' lang='lat' dir='ltr'><strong>movendam,</strong></span> <span class='ocrx_word' id='word_1_111' title='bbox 1709 1839 2074 1883; x_wconf 85' lang='lat' dir='ltr'><strong>verumtamen</strong></span> 
     </span>
    </p>
   </div>
   <div class='ocr_carea' id='block_1_17' title="bbox 492 1907 2077 1989">
    <p class='ocr_par' dir='ltr' id='par_1_17' title="bbox 492 1907 2077 1989">
     <span class='ocr_line' id='line_1_17' title="bbox 492 1907 2077 1989; baseline 0.009 -28"><span class='ocrx_word' id='word_1_112' title='bbox 492 1907 626 1963; x_wconf 82' lang='lat' dir='ltr'><strong>nihil</strong></span> <span class='ocrx_word' id='word_1_113' title='bbox 669 1909 785 1965; x_wconf 68' lang='lat' dir='ltr'><strong>hare</strong></span> <span class='ocrx_word' id='word_1_114' title='bbox 829 1911 902 1966; x_wconf 91' lang='lat' dir='ltr'><strong>illi</strong></span> <span class='ocrx_word' id='word_1_115' title='bbox 947 1912 1279 1982; x_wconf 83' lang='lat' dir='ltr'><strong>profuerunt.</strong></span> <span class='ocrx_word' id='word_1_116' title='bbox 1326 1916 1699 1985; x_wconf 82' lang='lat' dir='ltr'><strong>Intempestive</strong></span> <span class='ocrx_word' id='word_1_117' title='bbox 1744 1919 1940 1989; x_wconf 89' lang='lat' dir='ltr'><strong>quippe</strong></span> <span class='ocrx_word' id='word_1_118' title='bbox 1979 1918 2077 1975; x_wconf 88' lang='lat' dir='ltr'><strong>fuit</strong></span> 
     </span>
    </p>
   </div>
   <div class='ocr_carea' id='block_1_18' title="bbox 491 2000 2076 2082">
    <p class='ocr_par' dir='ltr' id='par_1_18' title="bbox 491 2000 2076 2082">
     <span class='ocr_line' id='line_1_18' title="bbox 491 2000 2076 2082; baseline 0.008 -26"><span class='ocrx_word' id='word_1_119' title='bbox 491 2000 782 2069; x_wconf 87' lang='lat' dir='ltr'><strong>confessio,</strong></span> <span class='ocrx_word' id='word_1_120' title='bbox 814 2013 867 2058; x_wconf 89' lang='lat' dir='ltr'><strong>et</strong></span> <span class='ocrx_word' id='word_1_121' title='bbox 906 2020 1014 2060; x_wconf 92' lang='lat' dir='ltr'><strong>non</strong></span> <span class='ocrx_word' id='word_1_122' title='bbox 1043 2008 1380 2063; x_wconf 89' lang='lat' dir='ltr'><strong>convenienti</strong></span> <span class='ocrx_word' id='word_1_123' title='bbox 1411 2009 1588 2065; x_wconf 84' lang='lat' dir='ltr'><strong>oblata</strong></span> <span class='ocrx_word' id='word_1_124' title='bbox 1615 2019 1856 2081; x_wconf 88' lang='lat' dir='ltr'><strong>tempore</strong></span> <span class='ocrx_word' id='word_1_125' title='bbox 1881 2011 2076 2082; x_wconf 64' lang='lat' dir='ltr'><strong>depreo</strong></span> 
     </span>
    </p>
   </div>
   <div class='ocr_carea' id='block_1_19' title="bbox 491 2093 2074 2174">
    <p class='ocr_par' dir='ltr' id='par_1_19' title="bbox 491 2093 2074 2174">
     <span class='ocr_line' id='line_1_19' title="bbox 491 2093 2074 2174; baseline 0.009 -29"><span class='ocrx_word' id='word_1_126' title='bbox 491 2093 652 2147; x_wconf 88' lang='lat' dir='ltr'><strong>catio.</strong></span> <span class='ocrx_word' id='word_1_127' title='bbox 686 2093 857 2160; x_wconf 80' lang='lat' dir='ltr'><strong>Mitte,</strong></span> <span class='ocrx_word' id='word_1_128' title='bbox 897 2095 1086 2166; x_wconf 88' lang='lat' dir='ltr'><strong>inquit,</strong></span> <span class='ocrx_word' id='word_1_129' title='bbox 1112 2097 1370 2153; x_wconf 83' lang='lat' dir='ltr'><strong>Lazarum</strong></span> <span class='ocrx_word' id='word_1_130' title='bbox 1402 2100 1547 2155; x_wconf 91' lang='lat' dir='ltr'><strong>illum</strong></span> <span class='ocrx_word' id='word_1_131' title='bbox 1577 2117 1886 2171; x_wconf 87' lang='lat' dir='ltr'><strong>pauperem,</strong></span> <span class='ocrx_word' id='word_1_132' title='bbox 1912 2118 2074 2174; x_wconf 86' lang='lat' dir='ltr'><strong>quem</strong></span> 
     </span>
    </p>
   </div>
   <div class='ocr_carea' id='block_1_20' title="bbox 490 2184 2073 2262">
    <p class='ocr_par' dir='ltr' id='par_1_20' title="bbox 490 2184 2073 2262">
     <span class='ocr_line' id='line_1_20' title="bbox 490 2184 2073 2262; baseline 0.009 -27"><span class='ocrx_word' id='word_1_133' title='bbox 490 2191 649 2238; x_wconf 89' lang='lat' dir='ltr'><strong>antea</strong></span> <span class='ocrx_word' id='word_1_134' title='bbox 683 2184 1010 2254; x_wconf 86' lang='lat' dir='ltr'><strong>detestahar,</strong></span> <span class='ocrx_word' id='word_1_135' title='bbox 1044 2189 1130 2244; x_wconf 89' lang='lat' dir='ltr'><strong>cui</strong></span> <span class='ocrx_word' id='word_1_136' title='bbox 1170 2189 1334 2245; x_wconf 86' lang='lat' dir='ltr'><strong>micas</strong></span> <span class='ocrx_word' id='word_1_137' title='bbox 1376 2207 1480 2246; x_wconf 93' lang='lat' dir='ltr'><strong>non</strong></span> <span class='ocrx_word' id='word_1_138' title='bbox 1519 2191 1861 2262; x_wconf 86' lang='lat' dir='ltr'><strong>impertiebar</strong></span> <span class='ocrx_word' id='word_1_139' title='bbox 1886 2213 1896 2246; x_wconf 94' lang='lat'>:</span> <span class='ocrx_word' id='word_1_140' title='bbox 1925 2194 2073 2250; x_wconf 90' lang='lat' dir='ltr'><strong>illum</strong></span> 
     </span>
    </p>
   </div>
   <div class='ocr_carea' id='block_1_21' title="bbox 490 2277 2074 2354">
    <p class='ocr_par' dir='ltr' id='par_1_21' title="bbox 490 2277 2074 2354">
     <span class='ocr_line' id='line_1_21' title="bbox 490 2277 2074 2354; baseline 0.01 -29"><span class='ocrx_word' id='word_1_141' title='bbox 490 2286 589 2326; x_wconf 89' lang='lat' dir='ltr'><strong>oro</strong></span> <span class='ocrx_word' id='word_1_142' title='bbox 616 2290 776 2341; x_wconf 92' lang='lat' dir='ltr'><strong>nunc,</strong></span> <span class='ocrx_word' id='word_1_143' title='bbox 807 2284 862 2330; x_wconf 89' lang='lat' dir='ltr'><strong>et</strong></span> <span class='ocrx_word' id='word_1_144' title='bbox 893 2277 1116 2348; x_wconf 80' lang='lat' dir='ltr'><strong>digitum</strong></span> <span class='ocrx_word' id='word_1_145' title='bbox 1145 2280 1296 2334; x_wconf 86' lang='lat' dir='ltr'><strong>illum</strong></span> <span class='ocrx_word' id='word_1_146' title='bbox 1325 2282 1561 2351; x_wconf 89' lang='lat' dir='ltr'><strong>requiro,</strong></span> <span class='ocrx_word' id='word_1_147' title='bbox 1604 2298 1761 2354; x_wconf 89' lang='lat' dir='ltr'><strong>quem</strong></span> <span class='ocrx_word' id='word_1_148' title='bbox 1789 2299 1950 2341; x_wconf 84' lang='lat' dir='ltr'><strong>canes</strong></span> <span class='ocrx_word' id='word_1_149' title='bbox 1969 2287 2074 2341; x_wconf 84' lang='lat' dir='ltr'><strong>lin-</strong></span> 
     </span>
    </p>
   </div>
   <div class='ocr_carea' id='block_1_22' title="bbox 487 2363 2072 2445">
    <p class='ocr_par' dir='ltr' id='par_1_22' title="bbox 487 2363 2072 2445">
     <span class='ocr_line' id='line_1_22' title="bbox 487 2363 2072 2445; baseline 0.011 -30"><span class='ocrx_word' id='word_1_150' title='bbox 487 2363 706 2431; x_wconf 77' lang='lat' dir='ltr'><strong>gebant.</strong></span> <span class='ocrx_word' id='word_1_151' title='bbox 755 2365 918 2422; x_wconf 80' lang='lat' dir='ltr'><strong>Vides</strong></span> <span class='ocrx_word' id='word_1_152' title='bbox 973 2377 1030 2422; x_wconf 93' lang='lat' dir='ltr'><strong>ut</strong></span> <span class='ocrx_word' id='word_1_153' title='bbox 1074 2368 1225 2424; x_wconf 89' lang='lat' dir='ltr'><strong>illum</strong></span> <span class='ocrx_word' id='word_1_154' title='bbox 1271 2373 1588 2442; x_wconf 90' lang='lat' dir='ltr'><strong>supplicium</strong></span> <span class='ocrx_word' id='word_1_155' title='bbox 1643 2377 2072 2445; x_wconf 71' lang='lat' dir='ltr'><strong>compescuerit?</strong></span> 
     </span>
    </p>
   </div>
   <div class='ocr_carea' id='block_1_23' title="bbox 490 2455 2070 2538">
    <p class='ocr_par' dir='ltr' id='par_1_23' title="bbox 490 2455 2070 2538">
     <span class='ocr_line' id='line_1_23' title="bbox 490 2455 2070 2538; baseline 0.01 -29"><span class='ocrx_word' id='word_1_156' title='bbox 490 2455 652 2512; x_wconf 80' lang='lat' dir='ltr'><strong>Vides</strong></span> <span class='ocrx_word' id='word_1_157' title='bbox 685 2473 843 2528; x_wconf 85' lang='lat' dir='ltr'><strong>quam</strong></span> <span class='ocrx_word' id='word_1_158' title='bbox 885 2469 1167 2530; x_wconf 76' lang='lat' dir='ltr'><strong>angustum</strong></span> <span class='ocrx_word' id='word_1_159' title='bbox 1207 2464 1272 2518; x_wconf 86' lang='lat' dir='ltr'><strong>ad</strong></span> <span class='ocrx_word' id='word_1_160' title='bbox 1326 2464 1481 2520; x_wconf 85' lang='lat' dir='ltr'><strong>finem</strong></span> <span class='ocrx_word' id='word_1_161' title='bbox 1519 2467 1667 2521; x_wconf 89' lang='lat' dir='ltr'><strong>illum</strong></span> <span class='ocrx_word' id='word_1_162' title='bbox 1717 2469 1950 2538; x_wconf 88' lang='lat' dir='ltr'><strong>spatiosa</strong></span> <span class='ocrx_word' id='word_1_163' title='bbox 1987 2470 2070 2525; x_wconf 87' lang='lat' dir='ltr'><strong>via</strong></span> 
     </span>
    </p>
   </div>
   <div class='ocr_carea' id='block_1_24' title="bbox 485 2548 2069 2631">
    <p class='ocr_par' dir='ltr' id='par_1_24' title="bbox 485 2548 2069 2631">
     <span class='ocr_line' id='line_1_24' title="bbox 485 2548 2069 2631; baseline 0.01 -30"><span class='ocrx_word' id='word_1_164' title='bbox 485 2548 787 2620; x_wconf 76' lang='lat' dir='ltr'><strong>detulerit?</strong></span> <span class='ocrx_word' id='word_1_165' title='bbox 834 2551 1013 2622; x_wconf 73' lang='lat' dir='ltr'><strong>Neque</strong></span> <span class='ocrx_word' id='word_1_166' title='bbox 1055 2569 1244 2622; x_wconf 88' lang='lat' dir='ltr'><strong>preces</strong></span> <span class='ocrx_word' id='word_1_167' title='bbox 1283 2555 1440 2612; x_wconf 74' lang='lat' dir='ltr'><strong>offert</strong></span> <span class='ocrx_word' id='word_1_168' title='bbox 1466 2557 1687 2625; x_wconf 83' lang='lat' dir='ltr'><strong>Lazaro,</strong></span> <span class='ocrx_word' id='word_1_169' title='bbox 1720 2561 1812 2614; x_wconf 90' lang='lat' dir='ltr'><strong>sed</strong></span> <span class='ocrx_word' id='word_1_170' title='bbox 1842 2564 2069 2631; x_wconf 89' lang='lat' dir='ltr'><strong>patriar-</strong></span> 
     </span>
    </p>
   </div>
   <div class='ocr_carea' id='block_1_25' title="bbox 489 2639 2070 2721">
    <p class='ocr_par' dir='ltr' id='par_1_25' title="bbox 489 2639 2070 2721">
     <span class='ocr_line' id='line_1_25' title="bbox 489 2639 2070 2721; baseline 0.011 -27"><span class='ocrx_word' id='word_1_171' title='bbox 489 2639 642 2708; x_wconf 71' lang='lat' dir='ltr'><strong>chae;</strong></span> <span class='ocrx_word' id='word_1_172' title='bbox 675 2644 867 2698; x_wconf 91' lang='lat' dir='ltr'><strong>merito</strong></span> <span class='ocrx_word' id='word_1_173' title='bbox 893 2663 905 2697; x_wconf 91' lang='lat'>:</span> <span class='ocrx_word' id='word_1_174' title='bbox 937 2661 1108 2712; x_wconf 85' lang='lat' dir='ltr'><strong>neque</strong></span> <span class='ocrx_word' id='word_1_175' title='bbox 1135 2648 1276 2703; x_wconf 90' lang='lat' dir='ltr'><strong>enim</strong></span> <span class='ocrx_word' id='word_1_176' title='bbox 1295 2659 1482 2704; x_wconf 86' lang='lat' dir='ltr'><strong>contra</strong></span> <span class='ocrx_word' id='word_1_177' title='bbox 1515 2667 1800 2721; x_wconf 89' lang='lat' dir='ltr'><strong>pauperem</strong></span> <span class='ocrx_word' id='word_1_178' title='bbox 1826 2657 2070 2712; x_wconf 85' lang='lat' dir='ltr'><strong>attollere</strong></span> 
     </span>
    </p>
   </div>
   <div class='ocr_carea' id='block_1_26' title="bbox 486 2734 2070 2804">
    <p class='ocr_par' dir='ltr' id='par_1_26' title="bbox 486 2734 2070 2804">
     <span class='ocr_line' id='line_1_26' title="bbox 486 2734 2070 2804; baseline 0.011 -18"><span class='ocrx_word' id='word_1_179' title='bbox 486 2734 670 2788; x_wconf 86' lang='lat' dir='ltr'><strong>oculos</strong></span> <span class='ocrx_word' id='word_1_180' title='bbox 709 2735 957 2790; x_wconf 89' lang='lat' dir='ltr'><strong>audebat.</strong></span> <span class='ocrx_word' id='word_1_181' title='bbox 1008 2738 1168 2794; x_wconf 87' lang='lat' dir='ltr'><strong>Suam</strong></span> <span class='ocrx_word' id='word_1_182' title='bbox 1219 2742 1362 2795; x_wconf 87' lang='lat' dir='ltr'><strong>enim</strong></span> <span class='ocrx_word' id='word_1_183' title='bbox 1405 2741 1838 2801; x_wconf 85' lang='lat' dir='ltr'><strong>inhumanitatem</strong></span> <span class='ocrx_word' id='word_1_184' title='bbox 1889 2757 2070 2804; x_wconf 86' lang='lat' dir='ltr'><strong>mente</strong></span> 
     </span>
    </p>
   </div>
   <div class='ocr_carea' id='block_1_27' title="bbox 483 2827 2068 2902">
    <p class='ocr_par' dir='ltr' id='par_1_27' title="bbox 483 2827 2068 2902">
     <span class='ocr_line' id='line_1_27' title="bbox 483 2827 2068 2902; baseline 0.011 -23"><span class='ocrx_word' id='word_1_185' title='bbox 483 2827 750 2892; x_wconf 82' lang='lat' dir='ltr'><strong>versabat;</strong></span> <span class='ocrx_word' id='word_1_186' title='bbox 795 2836 849 2884; x_wconf 90' lang='lat' dir='ltr'><strong>et</strong></span> <span class='ocrx_word' id='word_1_187' title='bbox 884 2831 1144 2901; x_wconf 76' lang='lat' dir='ltr'><strong>cegitans,</strong></span> <span class='ocrx_word' id='word_1_188' title='bbox 1173 2849 1332 2902; x_wconf 87' lang='lat' dir='ltr'><strong>quam</strong></span> <span class='ocrx_word' id='word_1_189' title='bbox 1373 2834 1847 2893; x_wconf 83' lang='lat' dir='ltr'><strong>imtnisericordem</strong></span> <span class='ocrx_word' id='word_1_190' title='bbox 1891 2839 1964 2893; x_wconf 93' lang='lat' dir='ltr'><strong>illi</strong></span> <span class='ocrx_word' id='word_1_191' title='bbox 2008 2855 2068 2896; x_wconf 89' lang='lat' dir='ltr'><strong>se</strong></span> 
     </span>
    </p>
   </div>
   <div class='ocr_carea' id='block_1_28' title="bbox 482 2918 2065 3000">
    <p class='ocr_par' dir='ltr' id='par_1_28' title="bbox 482 2918 2065 3000">
     <span class='ocr_line' id='line_1_28' title="bbox 482 2918 2065 3000; baseline 0.01 -29"><span class='ocrx_word' id='word_1_192' title='bbox 482 2918 833 2989; x_wconf 82' lang='lat' dir='ltr'><strong>exhibuisset,</strong></span> <span class='ocrx_word' id='word_1_193' title='bbox 875 2923 1046 2992; x_wconf 83' lang='lat' dir='ltr'><strong>ipsum</strong></span> <span class='ocrx_word' id='word_1_194' title='bbox 1095 2940 1159 2980; x_wconf 87' lang='lat' dir='ltr'><strong>ne</strong></span> <span class='ocrx_word' id='word_1_195' title='bbox 1198 2941 1461 2997; x_wconf 88' lang='lat' dir='ltr'><strong>responso</strong></span> <span class='ocrx_word' id='word_1_196' title='bbox 1487 2927 1702 2998; x_wconf 89' lang='lat' dir='ltr'><strong>quidem</strong></span> <span class='ocrx_word' id='word_1_197' title='bbox 1731 2945 1791 2986; x_wconf 90' lang='lat' dir='ltr'><strong>se</strong></span> <span class='ocrx_word' id='word_1_198' title='bbox 1814 2930 2065 3000; x_wconf 81' lang='lat' dir='ltr'><strong>dignatu-</strong></span> 
     </span>
    </p>
   </div>
   <div class='ocr_carea' id='block_1_29' title="bbox 484 3014 2063 3094">
    <p class='ocr_par' dir='ltr' id='par_1_29' title="bbox 484 3014 2063 3094">
     <span class='ocr_line' id='line_1_29' title="bbox 484 3014 2063 3094; baseline 0.011 -31"><span class='ocrx_word' id='word_1_199' title='bbox 484 3025 604 3065; x_wconf 90' lang='lat' dir='ltr'><strong>rum</strong></span> <span class='ocrx_word' id='word_1_200' title='bbox 631 3014 1021 3083; x_wconf 84' lang='lat' dir='ltr'><strong>suspicabatur.</strong></span> <span class='ocrx_word' id='word_1_201' title='bbox 1046 3017 1214 3084; x_wconf 84' lang='lat' dir='ltr'><strong>Quam</strong></span> <span class='ocrx_word' id='word_1_202' title='bbox 1245 3020 1315 3074; x_wconf 91' lang='lat' dir='ltr'><strong>ob</strong></span> <span class='ocrx_word' id='word_1_203' title='bbox 1339 3035 1552 3075; x_wconf 89' lang='lat' dir='ltr'><strong>causam</strong></span> <span class='ocrx_word' id='word_1_204' title='bbox 1585 3037 1758 3092; x_wconf 88' lang='lat' dir='ltr'><strong>neque</strong></span> <span class='ocrx_word' id='word_1_205' title='bbox 1796 3025 2063 3094; x_wconf 78' lang='lat' dir='ltr'><strong>supplica-</strong></span> 
     </span>
    </p>
   </div>
   <div class='ocr_carea' id='block_1_30' title="bbox 481 3101 2058 3180">
    <p class='ocr_par' dir='ltr' id='par_1_30' title="bbox 481 3101 2058 3180">
     <span class='ocr_line' id='line_1_30' title="bbox 481 3101 2058 3180; baseline 0.012 -26"><span class='ocrx_word' id='word_1_206' title='bbox 481 3101 686 3156; x_wconf 82' lang='lat' dir='ltr'><strong>tionem</strong></span> <span class='ocrx_word' id='word_1_207' title='bbox 713 3104 782 3159; x_wconf 88' lang='lat' dir='ltr'><strong>ad</strong></span> <span class='ocrx_word' id='word_1_208' title='bbox 807 3105 956 3160; x_wconf 91' lang='lat' dir='ltr'><strong>illum</strong></span> <span class='ocrx_word' id='word_1_209' title='bbox 983 3107 1184 3178; x_wconf 81' lang='lat' dir='ltr'><strong>dirigit,</strong></span> <span class='ocrx_word' id='word_1_210' title='bbox 1230 3110 1322 3164; x_wconf 90' lang='lat' dir='ltr'><strong>sed</strong></span> <span class='ocrx_word' id='word_1_211' title='bbox 1361 3112 1716 3180; x_wconf 85' lang='lat' dir='ltr'><strong>patriarcham</strong></span> <span class='ocrx_word' id='word_1_212' title='bbox 1743 3115 2058 3172; x_wconf 85' lang='lat' dir='ltr'><strong>obtestatur.</strong></span> 
     </span>
    </p>
   </div>
   <div class='ocr_carea' id='block_1_31' title="bbox 481 3190 2059 3272">
    <p class='ocr_par' dir='ltr' id='par_1_31' title="bbox 481 3190 2059 3272">
     <span class='ocr_line' id='line_1_31' title="bbox 481 3190 2059 3272; baseline 0.013 -27"><span class='ocrx_word' id='word_1_213' title='bbox 481 3190 590 3246; x_wconf 86' lang='lat' dir='ltr'><strong>Sed</strong></span> <span class='ocrx_word' id='word_1_214' title='bbox 629 3208 697 3249; x_wconf 88' lang='lat' dir='ltr'><strong>ne</strong></span> <span class='ocrx_word' id='word_1_215' title='bbox 736 3195 815 3249; x_wconf 91' lang='lat' dir='ltr'><strong>sic</strong></span> <span class='ocrx_word' id='word_1_216' title='bbox 842 3197 1054 3266; x_wconf 88' lang='lat' dir='ltr'><strong>quidem</strong></span> <span class='ocrx_word' id='word_1_217' title='bbox 1082 3199 1369 3270; x_wconf 87' lang='lat' dir='ltr'><strong>quidquam</strong></span> <span class='ocrx_word' id='word_1_218' title='bbox 1401 3203 1624 3272; x_wconf 85' lang='lat' dir='ltr'><strong>profecit</strong></span> <span class='ocrx_word' id='word_1_219' title='bbox 1652 3224 1666 3259; x_wconf 92' lang='lat'>:</span> <span class='ocrx_word' id='word_1_220' title='bbox 1701 3215 1905 3264; x_wconf 89' lang='lat' dir='ltr'><strong>tantum</strong></span> <span class='ocrx_word' id='word_1_221' title='bbox 1945 3225 2059 3264; x_wconf 90' lang='lat' dir='ltr'><strong>ma-</strong></span> 
     </span>
    </p>
   </div>
   <div class='ocr_carea' id='block_1_32' title="bbox 479 3281 2060 3358">
    <p class='ocr_par' dir='ltr' id='par_1_32' title="bbox 479 3281 2060 3358">
     <span class='ocr_line' id='line_1_32' title="bbox 479 3281 2060 3358; baseline 0.015 -22"><span class='ocrx_word' id='word_1_222' title='bbox 479 3281 596 3336; x_wconf 88' lang='lat' dir='ltr'><strong>lum</strong></span> <span class='ocrx_word' id='word_1_223' title='bbox 627 3291 712 3339; x_wconf 90' lang='lat' dir='ltr'><strong>est</strong></span> <span class='ocrx_word' id='word_1_224' title='bbox 744 3285 1206 3357; x_wconf 77' lang='lat' dir='ltr'><strong>intempestivitas,</strong></span> <span class='ocrx_word' id='word_1_225' title='bbox 1248 3301 1302 3347; x_wconf 90' lang='lat' dir='ltr'><strong>et</strong></span> <span class='ocrx_word' id='word_1_226' title='bbox 1338 3307 1652 3352; x_wconf 80' lang='lat' dir='ltr'><strong>concessum</strong></span> <span class='ocrx_word' id='word_1_227' title='bbox 1702 3299 1854 3355; x_wconf 91' lang='lat' dir='ltr'><strong>nobis</strong></span> <span class='ocrx_word' id='word_1_228' title='bbox 1889 3316 1918 3355; x_wconf 87' lang='lat' dir='ltr'><strong>a</strong></span> <span class='ocrx_word' id='word_1_229' title='bbox 1967 3303 2060 3358; x_wconf 85' lang='lat' dir='ltr'><strong>Dei</strong></span> 
     </span>
    </p>
   </div>
   <div class='ocr_carea' id='block_1_33' title="bbox 479 3371 2058 3461">
    <p class='ocr_par' dir='ltr' id='par_1_33' title="bbox 479 3371 2058 3461">
     <span class='ocr_line' id='line_1_33' title="bbox 479 3371 2058 3461; baseline 0.015 -37"><span class='ocrx_word' id='word_1_230' title='bbox 479 3371 807 3444; x_wconf 77' lang='lat' dir='ltr'><strong>benignitate</strong></span> <span class='ocrx_word' id='word_1_231' title='bbox 833 3376 898 3430; x_wconf 89' lang='lat' dir='ltr'><strong>ad</strong></span> <span class='ocrx_word' id='word_1_232' title='bbox 925 3379 1111 3434; x_wconf 89' lang='lat' dir='ltr'><strong>salutis</strong></span> <span class='ocrx_word' id='word_1_233' title='bbox 1135 3390 1331 3438; x_wconf 71' lang='lat' dir='ltr'><strong>nostra:</strong></span> <span class='ocrx_word' id='word_1_234' title='bbox 1353 3386 1688 3442; x_wconf 84' lang='lat' dir='ltr'><strong>occasionem</strong></span> <span class='ocrx_word' id='word_1_235' title='bbox 1720 3399 1930 3461; x_wconf 85' lang='lat' dir='ltr'><strong>tempus</strong></span> <span class='ocrx_word' id='word_1_236' title='bbox 1961 3409 2058 3449; x_wconf 87' lang='lat' dir='ltr'><strong>ne-</strong></span> 
     </span>
    </p>
   </div>
   <div class='ocr_carea' id='block_1_34' title="bbox 477 3464 2054 3541">
    <p class='ocr_par' dir='ltr' id='par_1_34' title="bbox 477 3464 2054 3541">
     <span class='ocr_line' id='line_1_34' title="bbox 477 3464 2054 3541; baseline 0.015 -24"><span class='ocrx_word' id='word_1_237' title='bbox 477 3464 699 3534; x_wconf 79' lang='lat' dir='ltr'><strong>gligere.</strong></span> <span class='ocrx_word' id='word_1_238' title='bbox 745 3467 914 3534; x_wconf 87' lang='lat' dir='ltr'><strong>Quem</strong></span> <span class='ocrx_word' id='word_1_239' title='bbox 966 3470 1110 3526; x_wconf 90' lang='lat' dir='ltr'><strong>enim</strong></span> <span class='ocrx_word' id='word_1_240' title='bbox 1166 3473 1504 3532; x_wconf 87' lang='lat' dir='ltr'><strong>adamantem</strong></span> <span class='ocrx_word' id='word_1_241' title='bbox 1565 3495 1670 3534; x_wconf 92' lang='lat' dir='ltr'><strong>non</strong></span> <span class='ocrx_word' id='word_1_242' title='bbox 1722 3480 1838 3538; x_wconf 67' lang='lat' dir='ltr'><strong>hare</strong></span> <span class='ocrx_word' id='word_1_243' title='bbox 1894 3485 2054 3541; x_wconf 90' lang='lat' dir='ltr'><strong>verba</strong></span> 
     </span>
    </p>
   </div>
   <div class='ocr_carea' id='block_1_35' title="bbox 475 3555 2054 3644">
    <p class='ocr_par' dir='ltr' id='par_1_35' title="bbox 475 3555 2054 3644">
     <span class='ocr_line' id='line_1_35' title="bbox 475 3555 2054 3644; baseline 0.015 -33"><span class='ocrx_word' id='word_1_244' title='bbox 475 3555 786 3626; x_wconf 82' lang='lat' dir='ltr'><strong>ﬂexissent,</strong></span> <span class='ocrx_word' id='word_1_245' title='bbox 836 3571 891 3617; x_wconf 87' lang='lat' dir='ltr'><strong>et</strong></span> <span class='ocrx_word' id='word_1_246' title='bbox 941 3563 1009 3617; x_wconf 86' lang='lat' dir='ltr'><strong>ad</strong></span> <span class='ocrx_word' id='word_1_247' title='bbox 1057 3565 1477 3624; x_wconf 87' lang='lat' dir='ltr'><strong>misericordiam</strong></span> <span class='ocrx_word' id='word_1_248' title='bbox 1521 3580 1577 3626; x_wconf 89' lang='lat' dir='ltr'><strong>et</strong></span> <span class='ocrx_word' id='word_1_249' title='bbox 1627 3577 2054 3644; x_wconf 84' lang='lat' dir='ltr'><strong>compassionem</strong></span> 
     </span>
    </p>
   </div>
   <div class='ocr_carea' id='block_1_36' title="bbox 472 3650 926 3708">
    <p class='ocr_par' dir='ltr' id='par_1_36' title="bbox 472 3650 926 3708">
     <span class='ocr_line' id='line_1_36' title="bbox 472 3650 926 3708; baseline 0.011 -5"><span class='ocrx_word' id='word_1_250' title='bbox 472 3650 884 3707; x_wconf 81' lang='lat' dir='ltr'><strong>commovissem</strong></span> <span class='ocrx_word' id='word_1_251' title='bbox 903 3653 926 3708; x_wconf 87' lang='lat'><strong>?</strong></span> 
     </span>
    </p>
   </div>
   <div class='ocr_carea' id='block_1_37' title="bbox 539 3739 2053 3820">
    <p class='ocr_par' dir='ltr' id='par_1_37' title="bbox 539 3739 2053 3820">
     <span class='ocr_line' id='line_1_37' title="bbox 539 3739 2053 3820; baseline 0.017 -26"><span class='ocrx_word' id='word_1_252' title='bbox 539 3739 693 3797; x_wconf 83' lang='lat' dir='ltr'><strong>Dives</strong></span> <span class='ocrx_word' id='word_1_253' title='bbox 729 3744 825 3798; x_wconf 88' lang='lat' dir='ltr'><strong>sibi</strong></span> <span class='ocrx_word' id='word_1_254' title='bbox 852 3747 1101 3802; x_wconf 76' lang='lat' dir='ltr'><strong>malorum</strong></span> <span class='ocrx_word' id='word_1_255' title='bbox 1123 3760 1320 3806; x_wconf 87' lang='lat' dir='ltr'><strong>auctor.</strong></span> <span class='ocrx_word' id='word_1_256' title='bbox 1349 3783 1420 3793; x_wconf 93' lang='lat'><strong>—</strong></span> <span class='ocrx_word' id='word_1_257' title='bbox 1451 3754 1826 3815; x_wconf 78' lang='lat' dir='ltr'><strong>Veruttitamen</strong></span> <span class='ocrx_word' id='word_1_258' title='bbox 1861 3777 1934 3816; x_wconf 85' lang='lat' dir='ltr'><strong>ne</strong></span> <span class='ocrx_word' id='word_1_259' title='bbox 1973 3765 2053 3820; x_wconf 89' lang='lat' dir='ltr'><strong>sic</strong></span> 
     </span>
    </p>
   </div>
   <div class='ocr_carea' id='block_1_38' title="bbox 470 3834 2052 3924">
    <p class='ocr_par' dir='ltr' id='par_1_38' title="bbox 470 3834 2052 3924">
     <span class='ocr_line' id='line_1_38' title="bbox 470 3834 2052 3924; baseline 0.016 -37"><span class='ocrx_word' id='word_1_260' title='bbox 470 3834 683 3904; x_wconf 86' lang='lat' dir='ltr'><strong>quidem</strong></span> <span class='ocrx_word' id='word_1_261' title='bbox 725 3839 913 3898; x_wconf 82' lang='lat' dir='ltr'><strong>annuit</strong></span> <span class='ocrx_word' id='word_1_262' title='bbox 961 3843 1202 3910; x_wconf 86' lang='lat' dir='ltr'><strong>petitioni</strong></span> <span class='ocrx_word' id='word_1_263' title='bbox 1255 3848 1584 3916; x_wconf 83' lang='lat' dir='ltr'><strong>patriarcha,</strong></span> <span class='ocrx_word' id='word_1_264' title='bbox 1643 3853 1736 3906; x_wconf 90' lang='lat' dir='ltr'><strong>sed</strong></span> <span class='ocrx_word' id='word_1_265' title='bbox 1791 3869 2052 3924; x_wconf 85' lang='lat' dir='ltr'><strong>responso</strong></span> 
     </span>
    </p>
   </div>
   <div class='ocr_carea' id='block_1_39' title="bbox 468 3927 2052 4007">
    <p class='ocr_par' dir='ltr' id='par_1_39' title="bbox 468 3927 2052 4007">
     <span class='ocr_line' id='line_1_39' title="bbox 468 3927 2052 4007; baseline 0.016 -27"><span class='ocrx_word' id='word_1_266' title='bbox 468 3927 681 3996; x_wconf 84' lang='lat' dir='ltr'><strong>quidem</strong></span> <span class='ocrx_word' id='word_1_267' title='bbox 709 3930 854 3987; x_wconf 87' lang='lat' dir='ltr'><strong>illum</strong></span> <span class='ocrx_word' id='word_1_268' title='bbox 877 3935 1143 4004; x_wconf 80' lang='lat' dir='ltr'><strong>dignatur,</strong></span> <span class='ocrx_word' id='word_1_269' title='bbox 1168 3939 1340 4007; x_wconf 89' lang='lat' dir='ltr'><strong>ipsum</strong></span> <span class='ocrx_word' id='word_1_270' title='bbox 1369 3957 1498 3996; x_wconf 89' lang='lat' dir='ltr'><strong>vero</strong></span> <span class='ocrx_word' id='word_1_271' title='bbox 1524 3943 1681 3998; x_wconf 89' lang='lat' dir='ltr'><strong>docet</strong></span> <span class='ocrx_word' id='word_1_272' title='bbox 1701 3947 1804 4002; x_wconf 86' lang='lat' dir='ltr'><strong>sibi</strong></span> <span class='ocrx_word' id='word_1_273' title='bbox 1833 3957 1911 4004; x_wconf 88' lang='lat' dir='ltr'><strong>tot</strong></span> <span class='ocrx_word' id='word_1_274' title='bbox 1937 3966 2052 4006; x_wconf 84' lang='lat' dir='ltr'><strong>ma-</strong></span> 
     </span>
    </p>
   </div>
   <div class='ocr_carea' id='block_1_40' title="bbox 468 4017 2047 4096">
    <p class='ocr_par' dir='ltr' id='par_1_40' title="bbox 468 4017 2047 4096">
     <span class='ocr_line' id='line_1_40' title="bbox 468 4017 2047 4096; baseline 0.017 -26"><span class='ocrx_word' id='word_1_275' title='bbox 468 4017 641 4073; x_wconf 87' lang='lat' dir='ltr'><strong>lorum</strong></span> <span class='ocrx_word' id='word_1_276' title='bbox 672 4035 794 4076; x_wconf 90' lang='lat' dir='ltr'><strong>eum</strong></span> <span class='ocrx_word' id='word_1_277' title='bbox 833 4033 1105 4080; x_wconf 89' lang='lat' dir='ltr'><strong>auctorem</strong></span> <span class='ocrx_word' id='word_1_278' title='bbox 1135 4029 1424 4086; x_wconf 81' lang='lat' dir='ltr'><strong>exstitisse.</strong></span> <span class='ocrx_word' id='word_1_279' title='bbox 1461 4033 1552 4088; x_wconf 90' lang='lat' dir='ltr'><strong>Sic</strong></span> <span class='ocrx_word' id='word_1_280' title='bbox 1587 4036 1730 4090; x_wconf 87' lang='lat' dir='ltr'><strong>enim</strong></span> <span class='ocrx_word' id='word_1_281' title='bbox 1760 4053 1882 4094; x_wconf 90' lang='lat' dir='ltr'><strong>eum</strong></span> <span class='ocrx_word' id='word_1_282' title='bbox 1911 4041 2047 4096; x_wconf 82' lang='lat' dir='ltr'><strong>allo-</strong></span> 
     </span>
    </p>
   </div>
   <div class='ocr_carea' id='block_1_41' title="bbox 465 4109 2048 4202">
    <p class='ocr_par' dir='ltr' id='par_1_41' title="bbox 465 4109 2048 4202">
     <span class='ocr_line' id='line_1_41' title="bbox 465 4109 2048 4202; baseline 0.019 -41"><span class='ocrx_word' id='word_1_283' title='bbox 465 4109 644 4178; x_wconf 75' lang='lat' dir='ltr'><strong>quitur</strong></span> <span class='ocrx_word' id='word_1_284' title='bbox 669 4114 969 4180; x_wconf 86' lang='lat' dir='ltr'><strong>patriarcha</strong></span> <span class='ocrx_word' id='word_1_285' title='bbox 999 4134 1010 4167; x_wconf 86' lang='lat'><strong>:</strong></span> <span class='ocrx_word' id='word_1_286' title='bbox 1036 4117 1164 4185; x_wconf 83' lang='lat' dir='ltr'><strong>Fili,</strong></span> <span class='ocrx_word' id='word_1_287' title='bbox 1193 4124 1482 4193; x_wconf 77' lang='lat' dir='ltr'><strong>recordare,</strong></span> <span class='ocrx_word' id='word_1_288' title='bbox 1509 4129 1630 4197; x_wconf 81' lang='lat' dir='ltr'><strong>quia</strong></span> <span class='ocrx_word' id='word_1_289' title='bbox 1659 4135 1892 4202; x_wconf 78' lang='lat' dir='ltr'><strong>recepisti</strong></span> <span class='ocrx_word' id='word_1_290' title='bbox 1916 4135 2048 4190; x_wconf 81' lang='lat' dir='ltr'><strong>bona</strong></span> 
     </span>
    </p>
   </div>
   <div class='ocr_carea' id='block_1_42' title="bbox 464 4203 2044 4282">
    <p class='ocr_par' dir='ltr' id='par_1_42' title="bbox 464 4203 2044 4282">
     <span class='ocr_line' id='line_1_42' title="bbox 464 4203 2044 4282; baseline 0.02 -30"><span class='ocrx_word' id='word_1_291' title='bbox 464 4209 552 4253; x_wconf 79' lang='lat' dir='ltr'><strong>tua</strong></span> <span class='ocrx_word' id='word_1_292' title='bbox 586 4203 638 4256; x_wconf 83' lang='lat' dir='ltr'><strong>in</strong></span> <span class='ocrx_word' id='word_1_293' title='bbox 666 4204 766 4257; x_wconf 78' lang='lat' dir='ltr'><strong>vita</strong></span> <span class='ocrx_word' id='word_1_294' title='bbox 795 4214 901 4270; x_wconf 82' lang='lat' dir='ltr'><strong>tua,</strong></span> <span class='ocrx_word' id='word_1_295' title='bbox 929 4217 976 4261; x_wconf 88' lang='lat' dir='ltr'><strong>et</strong></span> <span class='ocrx_word' id='word_1_296' title='bbox 1003 4209 1232 4267; x_wconf 77' lang='lat' dir='ltr'><strong>Lazarus</strong></span> <span class='ocrx_word' id='word_1_297' title='bbox 1259 4215 1486 4271; x_wconf 82' lang='lat' dir='ltr'><strong>similiter</strong></span> <span class='ocrx_word' id='word_1_298' title='bbox 1515 4221 1652 4274; x_wconf 80' lang='lat' dir='ltr'><strong>mala</strong></span> <span class='ocrx_word' id='word_1_299' title='bbox 1677 4239 1696 4276; x_wconf 88' lang='lat'><strong><em>:</em></strong></span> <span class='ocrx_word' id='word_1_300' title='bbox 1721 4240 1854 4278; x_wconf 80' lang='lat' dir='ltr'><strong>nunc</strong></span> <span class='ocrx_word' id='word_1_301' title='bbox 1877 4239 2044 4282; x_wconf 83' lang='lat' dir='ltr'><strong>autem</strong></span> 
     </span>
    </p>
   </div>
   <div class='ocr_carea' id='block_1_43' title="bbox 462 4291 2045 4373">
    <p class='ocr_par' dir='ltr' id='par_1_43' title="bbox 462 4291 2045 4373">
     <span class='ocr_line' id='line_1_43' title="bbox 462 4291 2045 4373; baseline 0.018 -29"><span class='ocrx_word' id='word_1_302' title='bbox 462 4291 545 4345; x_wconf 76' lang='lat' dir='ltr'><strong>hic</strong></span> <span class='ocrx_word' id='word_1_303' title='bbox 585 4293 786 4363; x_wconf 80' lang='lat' dir='ltr'><strong>quidem</strong></span> <span class='ocrx_word' id='word_1_304' title='bbox 830 4299 1137 4368; x_wconf 77' lang='lat' dir='ltr'><strong>consolatur,</strong></span> <span class='ocrx_word' id='word_1_305' title='bbox 1179 4313 1232 4357; x_wconf 91' lang='lat' dir='ltr'><strong>tu</strong></span> <span class='ocrx_word' id='word_1_306' title='bbox 1277 4320 1391 4360; x_wconf 77' lang='lat' dir='ltr'><strong>vero</strong></span> <span class='ocrx_word' id='word_1_307' title='bbox 1424 4310 1685 4366; x_wconf 83' lang='lat' dir='ltr'><strong>cruciaris.</strong></span> <span class='ocrx_word' id='word_1_308' title='bbox 1724 4312 1794 4366; x_wconf 85' lang='lat' dir='ltr'><strong>Et</strong></span> <span class='ocrx_word' id='word_1_309' title='bbox 1831 4317 1899 4370; x_wconf 87' lang='lat' dir='ltr'><strong>ad</strong></span> <span class='ocrx_word' id='word_1_310' title='bbox 1937 4320 2045 4373; x_wconf 66' lang='lat' dir='ltr'><strong>haec</strong></span> 
     </span>
    </p>
   </div>
   <div class='ocr_carea' id='block_1_44' title="bbox 461 4383 2043 4472">
    <p class='ocr_par' dir='ltr' id='par_1_44' title="bbox 461 4383 2043 4472">
     <span class='ocr_line' id='line_1_44' title="bbox 461 4383 2043 4472; baseline 0.019 -39"><span class='ocrx_word' id='word_1_311' title='bbox 461 4383 632 4437; x_wconf 86' lang='lat' dir='ltr'><strong>omnia</strong></span> <span class='ocrx_word' id='word_1_312' title='bbox 654 4384 784 4440; x_wconf 83' lang='lat' dir='ltr'><strong>inter</strong></span> <span class='ocrx_word' id='word_1_313' title='bbox 812 4402 898 4442; x_wconf 79' lang='lat' dir='ltr'><strong>uos</strong></span> <span class='ocrx_word' id='word_1_314' title='bbox 925 4399 971 4444; x_wconf 84' lang='lat' dir='ltr'><strong>et</strong></span> <span class='ocrx_word' id='word_1_315' title='bbox 999 4407 1092 4447; x_wconf 75' lang='lat' dir='ltr'><strong>nos</strong></span> <span class='ocrx_word' id='word_1_316' title='bbox 1116 4392 1286 4450; x_wconf 80' lang='lat' dir='ltr'><strong>hiatus</strong></span> <span class='ocrx_word' id='word_1_317' title='bbox 1310 4413 1522 4468; x_wconf 85' lang='lat' dir='ltr'><strong>magnus</strong></span> <span class='ocrx_word' id='word_1_318' title='bbox 1547 4403 1844 4460; x_wconf 82' lang='lat' dir='ltr'><strong>constitutus</strong></span> <span class='ocrx_word' id='word_1_319' title='bbox 1867 4419 1964 4472; x_wconf 81' lang='lat' dir='ltr'><strong>est,</strong></span> <span class='ocrx_word' id='word_1_320' title='bbox 1989 4420 2043 4464; x_wconf 83' lang='lat' dir='ltr'><strong>ut</strong></span> 
     </span>
    </p>
   </div>
   <div class='ocr_carea' id='block_1_45' title="bbox 460 4474 2042 4571">
    <p class='ocr_par' dir='ltr' id='par_1_45' title="bbox 460 4474 2042 4571">
     <span class='ocr_line' id='line_1_45' title="bbox 460 4474 2042 4571; baseline 0.019 -45"><span class='ocrx_word' id='word_1_321' title='bbox 460 4474 496 4527; x_wconf 89' lang='lat' dir='ltr'><strong>ii</strong></span> <span class='ocrx_word' id='word_1_322' title='bbox 519 4476 606 4544; x_wconf 86' lang='lat' dir='ltr'><strong>qui</strong></span> <span class='ocrx_word' id='word_1_323' title='bbox 633 4477 804 4532; x_wconf 82' lang='lat' dir='ltr'><strong>volunt</strong></span> <span class='ocrx_word' id='word_1_324' title='bbox 849 4481 968 4536; x_wconf 73' lang='lat' dir='ltr'><strong>hinc</strong></span> <span class='ocrx_word' id='word_1_325' title='bbox 1002 4486 1219 4541; x_wconf 81' lang='lat' dir='ltr'><strong>transire</strong></span> <span class='ocrx_word' id='word_1_326' title='bbox 1256 4489 1326 4542; x_wconf 87' lang='lat' dir='ltr'><strong>ad</strong></span> <span class='ocrx_word' id='word_1_327' title='bbox 1363 4507 1468 4557; x_wconf 79' lang='lat' dir='ltr'><strong>vos,</strong></span> <span class='ocrx_word' id='word_1_328' title='bbox 1501 4509 1602 4548; x_wconf 84' lang='lat' dir='ltr'><strong>non</strong></span> <span class='ocrx_word' id='word_1_329' title='bbox 1628 4499 1840 4565; x_wconf 78' lang='lat' dir='ltr'><strong>possint,</strong></span> <span class='ocrx_word' id='word_1_330' title='bbox 1886 4517 2042 4571; x_wconf 83' lang='lat' dir='ltr'><strong>neque</strong></span> 
     </span>
    </p>
   </div>
   <div class='ocr_carea' id='block_1_46' title="bbox 458 4565 2041 4660">
    <p class='ocr_par' dir='ltr' id='par_1_46' title="bbox 458 4565 2041 4660">
     <span class='ocr_line' id='line_1_46' title="bbox 458 4565 2041 4660; baseline 0.021 -43"><span class='ocrx_word' id='word_1_331' title='bbox 458 4565 576 4620; x_wconf 83' lang='lat' dir='ltr'><strong>inde</strong></span> <span class='ocrx_word' id='word_1_332' title='bbox 601 4566 710 4622; x_wconf 85' lang='lat' dir='ltr'><strong>&#39;huc</strong></span> <span class='ocrx_word' id='word_1_333' title='bbox 747 4579 1074 4629; x_wconf 82' lang='lat' dir='ltr'><strong>transmeare.</strong></span> <span class='ocrx_word' id='word_1_334' title='bbox 1119 4577 1396 4638; x_wconf 86' lang='lat' dir='ltr'><strong>Terribilia</strong></span> <span class='ocrx_word' id='word_1_335' title='bbox 1438 4593 1560 4640; x_wconf 89' lang='lat' dir='ltr'><strong>sunt</strong></span> <span class='ocrx_word' id='word_1_336' title='bbox 1599 4584 1716 4642; x_wconf 70' lang='lat' dir='ltr'><strong>imo</strong></span> <span class='ocrx_word' id='word_1_337' title='bbox 1758 4565 2041 4660; x_wconf 33' lang='lat' dir='ltr'><strong>verbapet</strong></span> 
     </span>
    </p>
   </div>
   <div class='ocr_carea' id='block_1_47' title="bbox 457 4660 2040 4746">
    <p class='ocr_par' dir='ltr' id='par_1_47' title="bbox 457 4660 2040 4746">
     <span class='ocr_line' id='line_1_47' title="bbox 457 4660 2040 4746; baseline 0.02 -38"><span class='ocrx_word' id='word_1_338' title='bbox 457 4671 574 4724; x_wconf 74' lang='lat' dir='ltr'><strong>qua:</strong></span> <span class='ocrx_word' id='word_1_339' title='bbox 622 4660 826 4726; x_wconf 85' lang='lat' dir='ltr'><strong>possint</strong></span> <span class='ocrx_word' id='word_1_340' title='bbox 861 4678 975 4731; x_wconf 90' lang='lat' dir='ltr'><strong>eos,</strong></span> <span class='ocrx_word' id='word_1_341' title='bbox 1017 4667 1209 4736; x_wconf 90' lang='lat' dir='ltr'><strong>quibus</strong></span> <span class='ocrx_word' id='word_1_342' title='bbox 1253 4685 1349 4726; x_wconf 92' lang='lat' dir='ltr'><strong>cor</strong></span> <span class='ocrx_word' id='word_1_343' title='bbox 1393 4676 1552 4746; x_wconf 84' lang='lat' dir='ltr'><strong>sapit,</strong></span> <span class='ocrx_word' id='word_1_344' title='bbox 1583 4678 1863 4745; x_wconf 87' lang='lat' dir='ltr'><strong>plurimum</strong></span> <span class='ocrx_word' id='word_1_345' title='bbox 1893 4699 2040 4740; x_wconf 91' lang='lat' dir='ltr'><strong>com-</strong></span> 
     </span>
    </p>
   </div>
   <div class='ocr_carea' id='block_1_48' title="bbox 457 4751 2036 4846">
    <p class='ocr_par' dir='ltr' id='par_1_48' title="bbox 457 4751 2036 4846">
     <span class='ocr_line' id='line_1_48' title="bbox 457 4751 2036 4846; baseline 0.02 -46"><span class='ocrx_word' id='word_1_346' title='bbox 457 4761 695 4804; x_wconf 83' lang='lat' dir='ltr'><strong>movere.</strong></span> <span class='ocrx_word' id='word_1_347' title='bbox 726 4751 856 4806; x_wconf 78' lang='lat' dir='ltr'><strong>Nam</strong></span> <span class='ocrx_word' id='word_1_348' title='bbox 892 4765 949 4809; x_wconf 90' lang='lat' dir='ltr'><strong>ut</strong></span> <span class='ocrx_word' id='word_1_349' title='bbox 973 4771 1095 4812; x_wconf 91' lang='lat' dir='ltr'><strong>eum</strong></span> <span class='ocrx_word' id='word_1_350' title='bbox 1135 4759 1344 4829; x_wconf 82' lang='lat' dir='ltr'><strong>doceat,</strong></span> <span class='ocrx_word' id='word_1_351' title='bbox 1379 4778 1439 4820; x_wconf 90' lang='lat' dir='ltr'><strong>se</strong></span> <span class='ocrx_word' id='word_1_352' title='bbox 1476 4767 1689 4836; x_wconf 87' lang='lat' dir='ltr'><strong>quidem</strong></span> <span class='ocrx_word' id='word_1_353' title='bbox 1718 4786 1868 4828; x_wconf 82' lang='lat' dir='ltr'><strong>suam</strong></span> <span class='ocrx_word' id='word_1_354' title='bbox 1910 4789 2036 4846; x_wconf 77' lang='lat' dir='ltr'><strong>erga</strong></span> 
     </span>
    </p>
   </div>
   <div class='ocr_carea' id='block_1_49' title="bbox 455 4839 2036 4934">
    <p class='ocr_par' dir='ltr' id='par_1_49' title="bbox 455 4839 2036 4934">
     <span class='ocr_line' id='line_1_49' title="bbox 455 4839 2036 4934; baseline 0.02 -42"><span class='ocrx_word' id='word_1_355' title='bbox 455 4839 602 4894; x_wconf 86' lang='lat' dir='ltr'><strong>illum</strong></span> <span class='ocrx_word' id='word_1_356' title='bbox 634 4843 1050 4903; x_wconf 88' lang='lat' dir='ltr'><strong>misericordiam</strong></span> <span class='ocrx_word' id='word_1_357' title='bbox 1093 4850 1367 4923; x_wconf 84' lang='lat' dir='ltr'><strong>exhibere,</strong></span> <span class='ocrx_word' id='word_1_358' title='bbox 1415 4867 1574 4926; x_wconf 63' lang='lat' dir='ltr'><strong>autne</strong></span> <span class='ocrx_word' id='word_1_359' title='bbox 1601 4861 1669 4916; x_wconf 86' lang='lat' dir='ltr'><strong>ad</strong></span> <span class='ocrx_word' id='word_1_360' title='bbox 1705 4839 2036 4934; x_wconf 73' lang='lat' dir='ltr'><strong>compatien-</strong></span> 
     </span>
    </p>
   </div>
   <div class='ocr_carea' id='block_1_50' title="bbox 452 4930 2032 5021">
    <p class='ocr_par' dir='ltr' id='par_1_50' title="bbox 452 4930 2032 5021">
     <span class='ocr_line' id='line_1_50' title="bbox 452 4930 2032 5021; baseline 0.019 -38"><span class='ocrx_word' id='word_1_361' title='bbox 452 4930 576 4986; x_wconf 87' lang='lat' dir='ltr'><strong>dum</strong></span> <span class='ocrx_word' id='word_1_362' title='bbox 594 4932 807 4998; x_wconf 81' lang='lat' dir='ltr'><strong>inflecti,</strong></span> <span class='ocrx_word' id='word_1_363' title='bbox 824 4937 948 4992; x_wconf 91' lang='lat' dir='ltr'><strong>dum</strong></span> <span class='ocrx_word' id='word_1_364' title='bbox 965 4942 1349 5011; x_wconf 88' lang='lat' dir='ltr'><strong>suppliciorum</strong></span> <span class='ocrx_word' id='word_1_365' title='bbox 1361 4948 1534 5004; x_wconf 88' lang='lat' dir='ltr'><strong>cernit</strong></span> <span class='ocrx_word' id='word_1_366' title='bbox 1543 4930 1856 5021; x_wconf 78' lang='lat' dir='ltr'><strong>gravitatem</strong></span> <span class='ocrx_word' id='word_1_367' title='bbox 1873 4973 1888 5011; x_wconf 91' lang='lat'><strong>:</strong></span> <span class='ocrx_word' id='word_1_368' title='bbox 1903 4958 2032 5014; x_wconf 81' lang='lat' dir='ltr'><strong>nihil</strong></span> 
     </span>
    </p>
   </div>
   <div class='ocr_carea' id='block_1_51' title="bbox 451 5027 2033 5113">
    <p class='ocr_par' dir='ltr' id='par_1_51' title="bbox 451 5027 2033 5113">
     <span class='ocr_line' id='line_1_51' title="bbox 451 5027 2033 5113; baseline 0.019 -38"><span class='ocrx_word' id='word_1_369' title='bbox 451 5033 628 5079; x_wconf 88' lang='lat' dir='ltr'><strong>tamen</strong></span> <span class='ocrx_word' id='word_1_370' title='bbox 675 5027 846 5082; x_wconf 86' lang='lat' dir='ltr'><strong>solatii</strong></span> <span class='ocrx_word' id='word_1_371' title='bbox 876 5034 1113 5099; x_wconf 71' lang='lat' dir='ltr'><strong>praebere</strong></span> <span class='ocrx_word' id='word_1_372' title='bbox 1137 5050 1314 5105; x_wconf 87' lang='lat' dir='ltr'><strong>posse,</strong></span> <span class='ocrx_word' id='word_1_373' title='bbox 1339 5055 1504 5111; x_wconf 83' lang='lat' dir='ltr'><strong>seque</strong></span> <span class='ocrx_word' id='word_1_374' title='bbox 1530 5045 1912 5113; x_wconf 83' lang='lat' dir='ltr'><strong>propemodum</strong></span> <span class='ocrx_word' id='word_1_375' title='bbox 1940 5066 2033 5105; x_wconf 87' lang='lat' dir='ltr'><strong>ex-</strong></span> 
     </span>
    </p>
   </div>
   <div class='ocr_carea' id='block_1_52' title="bbox 448 5118 2030 5210">
    <p class='ocr_par' dir='ltr' id='par_1_52' title="bbox 448 5118 2030 5210">
     <span class='ocr_line' id='line_1_52' title="bbox 448 5118 2030 5210; baseline 0.02 -43"><span class='ocrx_word' id='word_1_376' title='bbox 448 5130 641 5172; x_wconf 90' lang='lat' dir='ltr'><strong>cusans</strong></span> <span class='ocrx_word' id='word_1_377' title='bbox 667 5118 762 5182; x_wconf 90' lang='lat' dir='ltr'><strong>illi,</strong></span> <span class='ocrx_word' id='word_1_378' title='bbox 791 5119 1018 5190; x_wconf 84' lang='lat' dir='ltr'><strong>Vellem,</strong></span> <span class='ocrx_word' id='word_1_379' title='bbox 1045 5125 1236 5197; x_wconf 84' lang='lat' dir='ltr'><strong>inquit,</strong></span> <span class='ocrx_word' id='word_1_380' title='bbox 1272 5146 1489 5187; x_wconf 86' lang='lat' dir='ltr'><strong>manum</strong></span> <span class='ocrx_word' id='word_1_381' title='bbox 1524 5135 1616 5190; x_wconf 92' lang='lat' dir='ltr'><strong>tibi</strong></span> <span class='ocrx_word' id='word_1_382' title='bbox 1645 5139 1937 5210; x_wconf 76' lang='lat' dir='ltr'><strong>porrigere,</strong></span> <span class='ocrx_word' id='word_1_383' title='bbox 1967 5157 2030 5199; x_wconf 89' lang='lat' dir='ltr'><strong>ac</strong></span> 
     </span>
    </p>
   </div>
   <div class='ocr_carea' id='block_1_53' title="bbox 446 5207 2028 5298">
    <p class='ocr_par' dir='ltr' id='par_1_53' title="bbox 446 5207 2028 5298">
     <span class='ocr_line' id='line_1_53' title="bbox 446 5207 2028 5298; baseline 0.02 -38"><span class='ocrx_word' id='word_1_384' title='bbox 446 5207 658 5265; x_wconf 88' lang='lat' dir='ltr'><strong>dolores</strong></span> <span class='ocrx_word' id='word_1_385' title='bbox 685 5213 945 5282; x_wconf 80' lang='lat' dir='ltr'><strong>mitigare.</strong></span> <span class='ocrx_word' id='word_1_386' title='bbox 975 5226 1029 5272; x_wconf 89' lang='lat' dir='ltr'><strong>et</strong></span> <span class='ocrx_word' id='word_1_387' title='bbox 1068 5223 1384 5288; x_wconf 89' lang='lat' dir='ltr'><strong>peracerbas</strong></span> <span class='ocrx_word' id='word_1_388' title='bbox 1421 5241 1605 5295; x_wconf 69' lang='lat' dir='ltr'><strong>pinnas</strong></span> <span class='ocrx_word' id='word_1_389' title='bbox 1641 5207 1900 5298; x_wconf 78' lang='lat' dir='ltr'><strong>minuere,</strong></span> <span class='ocrx_word' id='word_1_390' title='bbox 1930 5235 2028 5290; x_wconf 89' lang='lat' dir='ltr'><strong>sed</strong></span> 
     </span>
    </p>
   </div>
   <div class='ocr_carea' id='block_1_54' title="bbox 446 5304 2028 5390">
    <p class='ocr_par' dir='ltr' id='par_1_54' title="bbox 446 5304 2028 5390">
     <span class='ocr_line' id='line_1_54' title="bbox 446 5304 2028 5390; baseline 0.02 -37"><span class='ocrx_word' id='word_1_391' title='bbox 446 5309 498 5354; x_wconf 90' lang='lat' dir='ltr'><strong>tu</strong></span> <span class='ocrx_word' id='word_1_392' title='bbox 525 5304 866 5372; x_wconf 85' lang='lat' dir='ltr'><strong>temetipsum</strong></span> <span class='ocrx_word' id='word_1_393' title='bbox 887 5309 1206 5381; x_wconf 78' lang='lat' dir='ltr'><strong>jampridem</strong></span> <span class='ocrx_word' id='word_1_394' title='bbox 1233 5330 1302 5371; x_wconf 88' lang='lat' dir='ltr'><strong>eo</strong></span> <span class='ocrx_word' id='word_1_395' title='bbox 1327 5317 1519 5374; x_wconf 88' lang='lat' dir='ltr'><strong>solatio</strong></span> <span class='ocrx_word' id='word_1_396' title='bbox 1543 5321 1759 5390; x_wconf 83' lang='lat' dir='ltr'><strong>privasti</strong></span> <span class='ocrx_word' id='word_1_397' title='bbox 1784 5343 1797 5378; x_wconf 87' lang='lat'>:</span> <span class='ocrx_word' id='word_1_398' title='bbox 1829 5325 2028 5383; x_wconf 87' lang='lat' dir='ltr'><strong>idcirco</strong></span> 
     </span>
    </p>
   </div>
   <div class='ocr_carea' id='block_1_55' title="bbox 441 5394 2028 5485">
    <p class='ocr_par' dir='ltr' id='par_1_55' title="bbox 441 5394 2028 5485">
     <span class='ocr_line' id='line_1_55' title="bbox 441 5394 2028 5485; baseline 0.018 -39"><span class='ocrx_word' id='word_1_399' title='bbox 441 5395 515 5449; x_wconf 85' lang='lat' dir='ltr'><strong>nit</strong></span> <span class='ocrx_word' id='word_1_400' title='bbox 545 5412 559 5447; x_wconf 91' lang='lat'><strong>:</strong></span> <span class='ocrx_word' id='word_1_401' title='bbox 589 5394 718 5462; x_wconf 84' lang='lat' dir='ltr'><strong>Fili,</strong></span> <span class='ocrx_word' id='word_1_402' title='bbox 762 5403 1050 5459; x_wconf 77' lang='lat' dir='ltr'><strong>recordare.</strong></span> <span class='ocrx_word' id='word_1_403' title='bbox 1081 5404 1216 5462; x_wconf 91' lang='lat' dir='ltr'><strong>Vide</strong></span> <span class='ocrx_word' id='word_1_404' title='bbox 1258 5407 1547 5467; x_wconf 71' lang='lat' dir='ltr'><strong>bonitatem</strong></span> <span class='ocrx_word' id='word_1_405' title='bbox 1595 5416 1932 5485; x_wconf 73' lang='lat' dir='ltr'><strong>patriarchae,</strong></span> <span class='ocrx_word' id='word_1_406' title='bbox 1968 5419 2028 5473; x_wconf 85' lang='lat' dir='ltr'><strong>fi-</strong></span> 
     </span>
    </p>
   </div>
   <div class='ocr_carea' id='block_1_56' title="bbox 440 5487 2025 5582">
    <p class='ocr_par' dir='ltr' id='par_1_56' title="bbox 440 5487 2025 5582">
     <span class='ocr_line' id='line_1_56' title="bbox 440 5487 2025 5582; baseline 0.017 -41"><span class='ocrx_word' id='word_1_407' title='bbox 440 5487 570 5544; x_wconf 81' lang='lat' dir='ltr'><strong>lium</strong></span> <span class='ocrx_word' id='word_1_408' title='bbox 627 5491 800 5560; x_wconf 88' lang='lat' dir='ltr'><strong>ipsum</strong></span> <span class='ocrx_word' id='word_1_409' title='bbox 843 5507 1015 5553; x_wconf 88' lang='lat' dir='ltr'><strong>vocat.</strong></span> <span class='ocrx_word' id='word_1_410' title='bbox 1065 5499 1443 5559; x_wconf 80' lang='lat' dir='ltr'><strong>Verumtamen</strong></span> <span class='ocrx_word' id='word_1_411' title='bbox 1501 5506 1601 5562; x_wconf 90' lang='lat' dir='ltr'><strong>hoc</strong></span> <span class='ocrx_word' id='word_1_412' title='bbox 1652 5509 1869 5578; x_wconf 82' lang='lat' dir='ltr'><strong>quidem</strong></span> <span class='ocrx_word' id='word_1_413' title='bbox 1909 5513 2025 5582; x_wconf 85' lang='lat' dir='ltr'><strong>ejus</strong></span> 
     </span>
    </p>
   </div>
   <div class='ocr_carea' id='block_1_57' title="bbox 441 5579 2022 5660">
    <p class='ocr_par' dir='ltr' id='par_1_57' title="bbox 441 5579 2022 5660">
     <span class='ocr_line' id='line_1_57' title="bbox 441 5579 2022 5660; baseline 0.017 -28"><span class='ocrx_word' id='word_1_414' title='bbox 441 5579 822 5641; x_wconf 80' lang='lat' dir='ltr'><strong>humanitatem</strong></span> <span class='ocrx_word' id='word_1_415' title='bbox 845 5598 1024 5658; x_wconf 78' lang='lat' dir='ltr'><strong>potest</strong></span> <span class='ocrx_word' id='word_1_416' title='bbox 1052 5594 1361 5660; x_wconf 89' lang='lat' dir='ltr'><strong>ostendere,</strong></span> <span class='ocrx_word' id='word_1_417' title='bbox 1399 5597 1491 5651; x_wconf 89' lang='lat' dir='ltr'><strong>sed</strong></span> <span class='ocrx_word' id='word_1_418' title='bbox 1528 5599 1733 5655; x_wconf 90' lang='lat' dir='ltr'><strong>nullum</strong></span> <span class='ocrx_word' id='word_1_419' title='bbox 1768 5579 2022 5658; x_wconf 76' lang='lat' dir='ltr'><strong>auxilium</strong></span> 
     </span>
    </p>
   </div>
   <div class='ocr_carea' id='block_1_58' title="bbox 439 5671 2015 5767">
    <p class='ocr_par' dir='ltr' id='par_1_58' title="bbox 439 5671 2015 5767">
     <span class='ocr_line' id='line_1_58' title="bbox 439 5671 2015 5767; baseline 0.016 -41"><span class='ocrx_word' id='word_1_420' title='bbox 439 5671 600 5742; x_wconf 89' lang='lat' dir='ltr'><strong>ferre,</strong></span> <span class='ocrx_word' id='word_1_421' title='bbox 650 5678 793 5746; x_wconf 89' lang='lat' dir='ltr'><strong>quod</strong></span> <span class='ocrx_word' id='word_1_422' title='bbox 837 5681 1074 5751; x_wconf 88' lang='lat' dir='ltr'><strong>seipsum</strong></span> <span class='ocrx_word' id='word_1_423' title='bbox 1118 5685 1231 5755; x_wconf 91' lang='lat' dir='ltr'><strong>ipse</strong></span> <span class='ocrx_word' id='word_1_424' title='bbox 1278 5689 1591 5756; x_wconf 85' lang='lat' dir='ltr'><strong>prodiderit.</strong></span> <span class='ocrx_word' id='word_1_425' title='bbox 1649 5693 1776 5764; x_wconf 88' lang='lat' dir='ltr'><strong>Fili,</strong></span> <span class='ocrx_word' id='word_1_426' title='bbox 1823 5696 2015 5767; x_wconf 76' lang='lat' dir='ltr'><strong>inquit,</strong></span> 
     </span>
    </p>
   </div>
   <div class='ocr_carea' id='block_1_59' title="bbox 437 5768 2019 5845">
    <p class='ocr_par' dir='ltr' id='par_1_59' title="bbox 437 5768 2019 5845">
     <span class='ocr_line' id='line_1_59' title="bbox 437 5768 2019 5845; baseline 0.018 -28"><span class='ocrx_word' id='word_1_427' title='bbox 437 5768 721 5835; x_wconf 76' lang='lat' dir='ltr'><strong>recordare,</strong></span> <span class='ocrx_word' id='word_1_428' title='bbox 750 5773 871 5840; x_wconf 86' lang='lat' dir='ltr'><strong>quia</strong></span> <span class='ocrx_word' id='word_1_429' title='bbox 908 5777 1142 5844; x_wconf 74' lang='lat' dir='ltr'><strong>recepisti</strong></span> <span class='ocrx_word' id='word_1_430' title='bbox 1172 5788 1226 5832; x_wconf 79' lang='lat' dir='ltr'><strong>tu</strong></span> <span class='ocrx_word' id='word_1_431' title='bbox 1265 5779 1399 5834; x_wconf 81' lang='lat' dir='ltr'><strong>bona</strong></span> <span class='ocrx_word' id='word_1_432' title='bbox 1427 5793 1513 5837; x_wconf 75' lang='lat' dir='ltr'><strong>tua</strong></span> <span class='ocrx_word' id='word_1_433' title='bbox 1541 5785 1594 5838; x_wconf 82' lang='lat' dir='ltr'><strong>in</strong></span> <span class='ocrx_word' id='word_1_434' title='bbox 1633 5787 1734 5842; x_wconf 79' lang='lat' dir='ltr'><strong>uita</strong></span> <span class='ocrx_word' id='word_1_435' title='bbox 1775 5798 1881 5843; x_wconf 82' lang='lat' dir='ltr'><strong>tua.</strong></span> <span class='ocrx_word' id='word_1_436' title='bbox 1912 5789 2019 5845; x_wconf 86' lang='lat' dir='ltr'><strong>Ve-</strong></span> 
     </span>
    </p>
   </div>
   <div class='ocr_carea' id='block_1_60' title="bbox 435 5857 2015 5954">
    <p class='ocr_par' dir='ltr' id='par_1_60' title="bbox 435 5857 2015 5954">
     <span class='ocr_line' id='line_1_60' title="bbox 435 5857 2015 5954; baseline 0.02 -46"><span class='ocrx_word' id='word_1_437' title='bbox 435 5857 588 5910; x_wconf 87' lang='lat' dir='ltr'><strong>niant</strong></span> <span class='ocrx_word' id='word_1_438' title='bbox 611 5859 704 5915; x_wconf 88' lang='lat' dir='ltr'><strong>tibi</strong></span> <span class='ocrx_word' id='word_1_439' title='bbox 743 5862 796 5916; x_wconf 91' lang='lat' dir='ltr'><strong>in</strong></span> <span class='ocrx_word' id='word_1_440' title='bbox 826 5871 1061 5921; x_wconf 87' lang='lat' dir='ltr'><strong>mentem</strong></span> <span class='ocrx_word' id='word_1_441' title='bbox 1093 5872 1379 5939; x_wconf 53' lang='lat' dir='ltr'><strong>praeterita,</strong></span> <span class='ocrx_word' id='word_1_442' title='bbox 1407 5875 1511 5928; x_wconf 91' lang='lat' dir='ltr'><strong>noli</strong></span> <span class='ocrx_word' id='word_1_443' title='bbox 1542 5876 1777 5935; x_wconf 87' lang='lat' dir='ltr'><strong>oblivisci</strong></span> <span class='ocrx_word' id='word_1_444' title='bbox 1805 5883 2015 5954; x_wconf 83' lang='lat' dir='ltr'><strong>quantis</strong></span> 
     </span>
    </p>
   </div>
   <div class='ocr_carea' id='block_1_61' title="bbox 1205 414 2990 477">
    <p class='ocr_par' dir='ltr' id='par_1_61' title="bbox 1205 414 2990 477">
     <span class='ocr_line' id='line_1_61' title="bbox 1205 414 2990 477; baseline 0.002 -7"><span class='ocrx_word' id='word_1_445' title='bbox 1205 414 1259 470; x_wconf 93' lang='lat' dir='ltr'><strong>S.</strong></span> <span class='ocrx_word' id='word_1_446' title='bbox 1299 415 1576 474; x_wconf 79' lang='lat' dir='ltr'><strong>JOANNIS</strong></span> <span class='ocrx_word' id='word_1_447' title='bbox 1597 416 2069 476; x_wconf 71' lang='lat' dir='ltr'><strong>CllliYSOSTOMl</strong></span> <span class='ocrx_word' id='word_1_448' title='bbox 2105 418 2422 477; x_wconf 77' lang='lat' dir='ltr'><strong>ARCHIEP.</strong></span> <span class='ocrx_word' id='word_1_449' title='bbox 2461 417 2990 476; x_wconf 75' lang='lat' dir='ltr'><strong>CONSTANTINOP.</strong></span> 
     </span>
    </p>
   </div>
   <div class='ocr_carea' id='block_1_62' title="bbox 2190 530 3766 604">
    <p class='ocr_par' dir='ltr' id='par_1_62' title="bbox 2190 530 3766 604">
     <span class='ocr_line' id='line_1_62' title="bbox 2190 530 3766 604; baseline 0.001 -17"><span class='ocrx_word' id='word_1_450' title='bbox 2190 531 2398 588; x_wconf 91' lang='lat' dir='ltr'><strong>deliciis</strong></span> <span class='ocrx_word' id='word_1_451' title='bbox 2420 531 2618 602; x_wconf 88' lang='lat' dir='ltr'><strong>potitus</strong></span> <span class='ocrx_word' id='word_1_452' title='bbox 2653 530 2840 600; x_wconf 79' lang='lat' dir='ltr'><strong>fueris,</strong></span> <span class='ocrx_word' id='word_1_453' title='bbox 2877 540 3071 603; x_wconf 88' lang='lat' dir='ltr'><strong>quanta</strong></span> <span class='ocrx_word' id='word_1_454' title='bbox 3110 533 3399 604; x_wconf 87' lang='lat' dir='ltr'><strong>voluptate,</strong></span> <span class='ocrx_word' id='word_1_455' title='bbox 3429 543 3637 604; x_wconf 86' lang='lat' dir='ltr'><strong>quanta</strong></span> <span class='ocrx_word' id='word_1_456' title='bbox 3665 553 3766 590; x_wconf 78' lang='lat' dir='ltr'><strong>nta-</strong></span> 
     </span>
    </p>
   </div>
   <div class='ocr_carea' id='block_1_63' title="bbox 2189 621 3765 696">
    <p class='ocr_par' dir='ltr' id='par_1_63' title="bbox 2189 621 3765 696">
     <span class='ocr_line' id='line_1_63' title="bbox 2189 621 3765 696; baseline 0.003 -20"><span class='ocrx_word' id='word_1_457' title='bbox 2189 621 2490 694; x_wconf 75' lang='lat' dir='ltr'><strong>gnificentia</strong></span> <span class='ocrx_word' id='word_1_458' title='bbox 2522 641 2535 676; x_wconf 90' lang='lat'><strong><em>:</em></strong></span> <span class='ocrx_word' id='word_1_459' title='bbox 2562 639 2668 694; x_wconf 91' lang='lat' dir='ltr'><strong>quo</strong></span> <span class='ocrx_word' id='word_1_460' title='bbox 2697 633 2852 695; x_wconf 89' lang='lat' dir='ltr'><strong>pacto</strong></span> <span class='ocrx_word' id='word_1_461' title='bbox 2882 624 3131 694; x_wconf 75' lang='lat' dir='ltr'><strong>ingluviei</strong></span> <span class='ocrx_word' id='word_1_462' title='bbox 3157 633 3314 696; x_wconf 90' lang='lat' dir='ltr'><strong>atque</strong></span> <span class='ocrx_word' id='word_1_463' title='bbox 3340 626 3594 682; x_wconf 86' lang='lat' dir='ltr'><strong>ebrietati</strong></span> <span class='ocrx_word' id='word_1_464' title='bbox 3624 627 3765 682; x_wconf 86' lang='lat' dir='ltr'><strong>dedi-</strong></span> 
     </span>
    </p>
   </div>
   <div class='ocr_carea' id='block_1_64' title="bbox 2191 715 3766 784">
    <p class='ocr_par' dir='ltr' id='par_1_64' title="bbox 2191 715 3766 784">
     <span class='ocr_line' id='line_1_64' title="bbox 2191 715 3766 784; baseline 0.003 -15"><span class='ocrx_word' id='word_1_465' title='bbox 2191 723 2276 770; x_wconf 90' lang='lat' dir='ltr'><strong>tus</strong></span> <span class='ocrx_word' id='word_1_466' title='bbox 2299 730 2513 784; x_wconf 89' lang='lat' dir='ltr'><strong>semper</strong></span> <span class='ocrx_word' id='word_1_467' title='bbox 2533 715 2751 784; x_wconf 77' lang='lat' dir='ltr'><strong>vixeris,</strong></span> <span class='ocrx_word' id='word_1_468' title='bbox 2781 731 2902 772; x_wconf 91' lang='lat' dir='ltr'><strong>cum</strong></span> <span class='ocrx_word' id='word_1_469' title='bbox 2929 717 2983 772; x_wconf 93' lang='lat' dir='ltr'><strong>in</strong></span> <span class='ocrx_word' id='word_1_470' title='bbox 3013 733 3170 773; x_wconf 87' lang='lat' dir='ltr'><strong>onme</strong></span> <span class='ocrx_word' id='word_1_471' title='bbox 3195 734 3365 774; x_wconf 66' lang='lat' dir='ltr'><strong>aevum</strong></span> <span class='ocrx_word' id='word_1_472' title='bbox 3407 729 3458 776; x_wconf 90' lang='lat' dir='ltr'><strong>te</strong></span> <span class='ocrx_word' id='word_1_473' title='bbox 3482 718 3766 775; x_wconf 79' lang='lat' dir='ltr'><strong>fruiturum</strong></span> 
     </span>
    </p>
   </div>
   <div class='ocr_carea' id='block_1_65' title="bbox 2190 805 3766 880">
    <p class='ocr_par' dir='ltr' id='par_1_65' title="bbox 2190 805 3766 880">
     <span class='ocr_line' id='line_1_65' title="bbox 2190 805 3766 880; baseline 0.003 -21"><span class='ocrx_word' id='word_1_474' title='bbox 2190 805 2297 861; x_wconf 88' lang='lat' dir='ltr'><strong>illis</strong></span> <span class='ocrx_word' id='word_1_475' title='bbox 2315 805 2670 873; x_wconf 79' lang='lat' dir='ltr'><strong>existimares,</strong></span> <span class='ocrx_word' id='word_1_476' title='bbox 2699 816 2754 863; x_wconf 91' lang='lat' dir='ltr'><strong>et</strong></span> <span class='ocrx_word' id='word_1_477' title='bbox 2778 809 2868 863; x_wconf 89' lang='lat' dir='ltr'><strong>illa</strong></span> <span class='ocrx_word' id='word_1_478' title='bbox 2890 823 3012 864; x_wconf 89' lang='lat' dir='ltr'><strong>esse</strong></span> <span class='ocrx_word' id='word_1_479' title='bbox 3033 809 3172 864; x_wconf 89' lang='lat' dir='ltr'><strong>bona</strong></span> <span class='ocrx_word' id='word_1_480' title='bbox 3197 818 3480 865; x_wconf 84' lang='lat' dir='ltr'><strong>statueres.</strong></span> <span class='ocrx_word' id='word_1_481' title='bbox 3507 811 3592 865; x_wconf 80' lang='lat' dir='ltr'><strong>Ex</strong></span> <span class='ocrx_word' id='word_1_482' title='bbox 3615 810 3766 880; x_wconf 83' lang='lat' dir='ltr'><strong>ipsius</strong></span> 
     </span>
    </p>
   </div>
   <div class='ocr_carea' id='block_1_66' title="bbox 2185 900 3765 971">
    <p class='ocr_par' dir='ltr' id='par_1_66' title="bbox 2185 900 3765 971">
     <span class='ocr_line' id='line_1_66' title="bbox 2185 900 3765 971; baseline 0.002 -17"><span class='ocrx_word' id='word_1_483' title='bbox 2185 900 2448 955; x_wconf 84' lang='lat' dir='ltr'><strong>sententia</strong></span> <span class='ocrx_word' id='word_1_484' title='bbox 2474 917 2788 971; x_wconf 86' lang='lat' dir='ltr'><strong>responsum</strong></span> <span class='ocrx_word' id='word_1_485' title='bbox 2817 902 2890 956; x_wconf 90' lang='lat' dir='ltr'><strong>illi</strong></span> <span class='ocrx_word' id='word_1_486' title='bbox 2919 901 3084 958; x_wconf 89' lang='lat' dir='ltr'><strong>dedit.</strong></span> <span class='ocrx_word' id='word_1_487' title='bbox 3106 901 3238 957; x_wconf 87' lang='lat' dir='ltr'><strong>Cum</strong></span> <span class='ocrx_word' id='word_1_488' title='bbox 3264 903 3404 958; x_wconf 88' lang='lat' dir='ltr'><strong>enim</strong></span> <span class='ocrx_word' id='word_1_489' title='bbox 3428 903 3522 958; x_wconf 87' lang='lat' dir='ltr'><strong>ille</strong></span> <span class='ocrx_word' id='word_1_490' title='bbox 3539 901 3765 957; x_wconf 81' lang='lat' dir='ltr'><strong>sublime</strong></span> 
     </span>
    </p>
   </div>
   <div class='ocr_carea' id='block_1_67' title="bbox 2186 989 3768 1066">
    <p class='ocr_par' dir='ltr' id='par_1_67' title="bbox 2186 989 3768 1066">
     <span class='ocr_line' id='line_1_67' title="bbox 2186 989 3768 1066; baseline 0.003 -21"><span class='ocrx_word' id='word_1_491' title='bbox 2186 989 2318 1045; x_wconf 82' lang='lat' dir='ltr'><strong>nihil</strong></span> <span class='ocrx_word' id='word_1_492' title='bbox 2358 992 2664 1060; x_wconf 82' lang='lat' dir='ltr'><strong>conciperet</strong></span> <span class='ocrx_word' id='word_1_493' title='bbox 2705 994 2906 1060; x_wconf 86' lang='lat' dir='ltr'><strong>animo,</strong></span> <span class='ocrx_word' id='word_1_494' title='bbox 2948 1010 3121 1065; x_wconf 88' lang='lat' dir='ltr'><strong>neque</strong></span> <span class='ocrx_word' id='word_1_495' title='bbox 3161 996 3296 1049; x_wconf 84' lang='lat' dir='ltr'><strong>mala</strong></span> <span class='ocrx_word' id='word_1_496' title='bbox 3326 995 3522 1062; x_wconf 78' lang='lat' dir='ltr'><strong>futura,</strong></span> <span class='ocrx_word' id='word_1_497' title='bbox 3551 1011 3680 1066; x_wconf 70' lang='lat' dir='ltr'><strong>qua:</strong></span> <span class='ocrx_word' id='word_1_498' title='bbox 3718 997 3768 1050; x_wconf 79' lang='lat' dir='ltr'><strong>il-</strong></span> 
     </span>
    </p>
   </div>
   <div class='ocr_carea' id='block_1_68' title="bbox 2184 1080 3764 1156">
    <p class='ocr_par' dir='ltr' id='par_1_68' title="bbox 2184 1080 3764 1156">
     <span class='ocr_line' id='line_1_68' title="bbox 2184 1080 3764 1156; baseline 0.003 -21"><span class='ocrx_word' id='word_1_499' title='bbox 2184 1080 2295 1136; x_wconf 88' lang='lat' dir='ltr'><strong>lum</strong></span> <span class='ocrx_word' id='word_1_500' title='bbox 2321 1095 2606 1153; x_wconf 84' lang='lat' dir='ltr'><strong>exceptura</strong></span> <span class='ocrx_word' id='word_1_501' title='bbox 2639 1097 2838 1152; x_wconf 89' lang='lat' dir='ltr'><strong>essent,</strong></span> <span class='ocrx_word' id='word_1_502' title='bbox 2879 1086 2982 1142; x_wconf 89' lang='lat' dir='ltr'><strong>sibi</strong></span> <span class='ocrx_word' id='word_1_503' title='bbox 3018 1096 3142 1142; x_wconf 86' lang='lat' dir='ltr'><strong>ante</strong></span> <span class='ocrx_word' id='word_1_504' title='bbox 3184 1087 3366 1142; x_wconf 89' lang='lat' dir='ltr'><strong>oculos</strong></span> <span class='ocrx_word' id='word_1_505' title='bbox 3403 1099 3657 1156; x_wconf 83' lang='lat' dir='ltr'><strong>poneret,</strong></span> <span class='ocrx_word' id='word_1_506' title='bbox 3688 1088 3764 1143; x_wconf 73' lang='lat' dir='ltr'><strong>illa</strong></span> 
     </span>
    </p>
   </div>
   <div class='ocr_carea' id='block_1_69' title="bbox 2183 1172 2767 1231">
    <p class='ocr_par' dir='ltr' id='par_1_69' title="bbox 2183 1172 2767 1231">
     <span class='ocr_line' id='line_1_69' title="bbox 2183 1172 2767 1231; baseline 0.009 -5"><span class='ocrx_word' id='word_1_507' title='bbox 2183 1187 2304 1228; x_wconf 89' lang='lat' dir='ltr'><strong>esse</strong></span> <span class='ocrx_word' id='word_1_508' title='bbox 2329 1172 2469 1228; x_wconf 86' lang='lat' dir='ltr'><strong>bona</strong></span> <span class='ocrx_word' id='word_1_509' title='bbox 2491 1175 2767 1231; x_wconf 83' lang='lat' dir='ltr'><strong>censebat.</strong></span> 
     </span>
    </p>
   </div>
   <div class='ocr_carea' id='block_1_70' title="bbox 2252 1265 3763 1341">
    <p class='ocr_par' dir='ltr' id='par_1_70' title="bbox 2252 1265 3763 1341">
     <span class='ocr_line' id='line_1_70' title="bbox 2252 1265 3763 1341; baseline 0.003 -20"><span class='ocrx_word' id='word_1_510' title='bbox 2252 1265 2308 1321; x_wconf 82' lang='lat'><strong>5.</strong></span> <span class='ocrx_word' id='word_1_511' title='bbox 2349 1266 2462 1322; x_wconf 82' lang='lat' dir='ltr'><strong>Hoc</strong></span> <span class='ocrx_word' id='word_1_512' title='bbox 2487 1267 2631 1322; x_wconf 88' lang='lat' dir='ltr'><strong>enim</strong></span> <span class='ocrx_word' id='word_1_513' title='bbox 2671 1269 2907 1340; x_wconf 88' lang='lat' dir='ltr'><strong>plerique</strong></span> <span class='ocrx_word' id='word_1_514' title='bbox 2930 1269 3112 1326; x_wconf 87' lang='lat' dir='ltr'><strong>dicere</strong></span> <span class='ocrx_word' id='word_1_515' title='bbox 3140 1270 3285 1326; x_wconf 87' lang='lat' dir='ltr'><strong>soliti</strong></span> <span class='ocrx_word' id='word_1_516' title='bbox 3320 1280 3469 1338; x_wconf 87' lang='lat' dir='ltr'><strong>sunt,</strong></span> <span class='ocrx_word' id='word_1_517' title='bbox 3498 1271 3595 1341; x_wconf 88' lang='lat' dir='ltr'><strong>qui</strong></span> <span class='ocrx_word' id='word_1_518' title='bbox 3638 1271 3763 1326; x_wconf 88' lang='lat' dir='ltr'><strong>deli-</strong></span> 
     </span>
    </p>
   </div>
   <div class='ocr_carea' id='block_1_71' title="bbox 2183 1357 3761 1435">
    <p class='ocr_par' dir='ltr' id='par_1_71' title="bbox 2183 1357 3761 1435">
     <span class='ocr_line' id='line_1_71' title="bbox 2183 1357 3761 1435; baseline 0.004 -22"><span class='ocrx_word' id='word_1_519' title='bbox 2183 1357 2296 1413; x_wconf 88' lang='lat' dir='ltr'><strong>cias</strong></span> <span class='ocrx_word' id='word_1_520' title='bbox 2318 1368 2374 1415; x_wconf 88' lang='lat' dir='ltr'><strong>et</strong></span> <span class='ocrx_word' id='word_1_521' title='bbox 2396 1360 2681 1430; x_wconf 74' lang='lat' dir='ltr'><strong>ingluviem</strong></span> <span class='ocrx_word' id='word_1_522' title='bbox 2710 1362 2776 1418; x_wconf 88' lang='lat' dir='ltr'><strong>ad</strong></span> <span class='ocrx_word' id='word_1_523' title='bbox 2795 1372 3066 1434; x_wconf 90' lang='lat' dir='ltr'><strong>stuporem</strong></span> <span class='ocrx_word' id='word_1_524' title='bbox 3097 1364 3375 1430; x_wconf 88' lang='lat' dir='ltr'><strong>mirantur,</strong></span> <span class='ocrx_word' id='word_1_525' title='bbox 3407 1366 3590 1420; x_wconf 84' lang='lat' dir='ltr'><strong>multis</strong></span> <span class='ocrx_word' id='word_1_526' title='bbox 3620 1366 3761 1435; x_wconf 81' lang='lat' dir='ltr'><strong>potiti</strong></span> 
     </span>
    </p>
   </div>
   <div class='ocr_carea' id='block_1_72' title="bbox 2184 1451 3761 1524">
    <p class='ocr_par' dir='ltr' id='par_1_72' title="bbox 2184 1451 3761 1524">
     <span class='ocr_line' id='line_1_72' title="bbox 2184 1451 3761 1524; baseline 0.007 -22"><span class='ocrx_word' id='word_1_527' title='bbox 2184 1451 2376 1506; x_wconf 83' lang='lat' dir='ltr'><strong>fuimus</strong></span> <span class='ocrx_word' id='word_1_528' title='bbox 2415 1451 2589 1520; x_wconf 90' lang='lat' dir='ltr'><strong>bonis,</strong></span> <span class='ocrx_word' id='word_1_529' title='bbox 2636 1455 2680 1509; x_wconf 88' lang='lat' dir='ltr'><strong>si</strong></span> <span class='ocrx_word' id='word_1_530' title='bbox 2710 1456 2920 1524; x_wconf 87' lang='lat' dir='ltr'><strong>quando</strong></span> <span class='ocrx_word' id='word_1_531' title='bbox 2947 1471 3184 1511; x_wconf 90' lang='lat' dir='ltr'><strong>summas</strong></span> <span class='ocrx_word' id='word_1_532' title='bbox 3222 1457 3440 1512; x_wconf 84' lang='lat' dir='ltr'><strong>delicias</strong></span> <span class='ocrx_word' id='word_1_533' title='bbox 3480 1459 3648 1512; x_wconf 87' lang='lat' dir='ltr'><strong>velint</strong></span> <span class='ocrx_word' id='word_1_534' title='bbox 3675 1474 3761 1513; x_wconf 89' lang='lat' dir='ltr'><strong>ex-</strong></span> 
     </span>
    </p>
   </div>
   <div class='ocr_carea' id='block_1_73' title="bbox 2181 1542 3760 1616">
    <p class='ocr_par' dir='ltr' id='par_1_73' title="bbox 2181 1542 3760 1616">
     <span class='ocr_line' id='line_1_73' title="bbox 2181 1542 3760 1616; baseline 0.004 -22"><span class='ocrx_word' id='word_1_535' title='bbox 2181 1542 2433 1611; x_wconf 81' lang='lat' dir='ltr'><strong>primere.</strong></span> <span class='ocrx_word' id='word_1_536' title='bbox 2463 1543 2584 1599; x_wconf 89' lang='lat' dir='ltr'><strong>Noli</strong></span> <span class='ocrx_word' id='word_1_537' title='bbox 2610 1545 2722 1600; x_wconf 68' lang='lat' dir='ltr'><strong>ham</strong></span> <span class='ocrx_word' id='word_1_538' title='bbox 2742 1546 3051 1616; x_wconf 88' lang='lat' dir='ltr'><strong>simpliciter</strong></span> <span class='ocrx_word' id='word_1_539' title='bbox 3073 1549 3211 1603; x_wconf 86' lang='lat' dir='ltr'><strong>bona</strong></span> <span class='ocrx_word' id='word_1_540' title='bbox 3239 1563 3451 1614; x_wconf 83' lang='lat' dir='ltr'><strong>vocare,</strong></span> <span class='ocrx_word' id='word_1_541' title='bbox 3480 1549 3555 1602; x_wconf 91' lang='lat' dir='ltr'><strong>mi</strong></span> <span class='ocrx_word' id='word_1_542' title='bbox 3587 1549 3760 1614; x_wconf 88' lang='lat' dir='ltr'><strong>homo,</strong></span> 
     </span>
    </p>
   </div>
   <div class='ocr_carea' id='block_1_74' title="bbox 2181 1634 3760 1706">
    <p class='ocr_par' dir='ltr' id='par_1_74' title="bbox 2181 1634 3760 1706">
     <span class='ocr_line' id='line_1_74' title="bbox 2181 1634 3760 1706; baseline 0.003 -17"><span class='ocrx_word' id='word_1_543' title='bbox 2181 1634 2276 1689; x_wconf 87' lang='lat' dir='ltr'><strong>sed</strong></span> <span class='ocrx_word' id='word_1_544' title='bbox 2305 1637 2478 1706; x_wconf 78' lang='lat' dir='ltr'><strong>cogita</strong></span> <span class='ocrx_word' id='word_1_545' title='bbox 2506 1639 2621 1693; x_wconf 53' lang='lat' dir='ltr'><strong>haec</strong></span> <span class='ocrx_word' id='word_1_546' title='bbox 2656 1653 2686 1692; x_wconf 89' lang='lat' dir='ltr'><strong>a</strong></span> <span class='ocrx_word' id='word_1_547' title='bbox 2724 1638 2949 1693; x_wconf 90' lang='lat' dir='ltr'><strong>Domino</strong></span> <span class='ocrx_word' id='word_1_548' title='bbox 2973 1640 3095 1694; x_wconf 86' lang='lat' dir='ltr'><strong>data</strong></span> <span class='ocrx_word' id='word_1_549' title='bbox 3122 1655 3258 1704; x_wconf 89' lang='lat' dir='ltr'><strong>esse,</strong></span> <span class='ocrx_word' id='word_1_550' title='bbox 3303 1651 3360 1695; x_wconf 91' lang='lat' dir='ltr'><strong>ut</strong></span> <span class='ocrx_word' id='word_1_551' title='bbox 3387 1642 3466 1696; x_wconf 88' lang='lat' dir='ltr'><strong>eis</strong></span> <span class='ocrx_word' id='word_1_552' title='bbox 3493 1641 3760 1695; x_wconf 86' lang='lat' dir='ltr'><strong>moderate</strong></span> 
     </span>
    </p>
   </div>
   <div class='ocr_carea' id='block_1_75' title="bbox 2181 1727 3760 1797">
    <p class='ocr_par' dir='ltr' id='par_1_75' title="bbox 2181 1727 3760 1797">
     <span class='ocr_line' id='line_1_75' title="bbox 2181 1727 3760 1797; baseline 0.004 -17"><span class='ocrx_word' id='word_1_553' title='bbox 2181 1735 2390 1783; x_wconf 87' lang='lat' dir='ltr'><strong>utentes</strong></span> <span class='ocrx_word' id='word_1_554' title='bbox 2417 1727 2577 1783; x_wconf 90' lang='lat' dir='ltr'><strong>vitam</strong></span> <span class='ocrx_word' id='word_1_555' title='bbox 2605 1739 2842 1785; x_wconf 89' lang='lat' dir='ltr'><strong>nostram</strong></span> <span class='ocrx_word' id='word_1_556' title='bbox 2873 1739 3138 1797; x_wconf 88' lang='lat' dir='ltr'><strong>tueamur,</strong></span> <span class='ocrx_word' id='word_1_557' title='bbox 3170 1741 3223 1786; x_wconf 88' lang='lat' dir='ltr'><strong>et</strong></span> <span class='ocrx_word' id='word_1_558' title='bbox 3261 1731 3628 1788; x_wconf 80' lang='lat' dir='ltr'><strong>inﬁrmitatem</strong></span> <span class='ocrx_word' id='word_1_559' title='bbox 3651 1747 3760 1787; x_wconf 79' lang='lat' dir='ltr'><strong>cor-</strong></span> 
     </span>
    </p>
   </div>
   <div class='ocr_carea' id='block_1_76' title="bbox 2181 1819 3515 1886">
    <p class='ocr_par' dir='ltr' id='par_1_76' title="bbox 2181 1819 3515 1886">
     <span class='ocr_line' id='line_1_76' title="bbox 2181 1819 3515 1886; baseline 0.005 -16"><span class='ocrx_word' id='word_1_560' title='bbox 2181 1819 2325 1886; x_wconf 88' lang='lat' dir='ltr'><strong>poris</strong></span> <span class='ocrx_word' id='word_1_561' title='bbox 2350 1827 2746 1876; x_wconf 89' lang='lat' dir='ltr'><strong>sustentemus:</strong></span> <span class='ocrx_word' id='word_1_562' title='bbox 2778 1822 2880 1876; x_wconf 89' lang='lat' dir='ltr'><strong>alia</strong></span> <span class='ocrx_word' id='word_1_563' title='bbox 2901 1837 3034 1876; x_wconf 84' lang='lat' dir='ltr'><strong>vero</strong></span> <span class='ocrx_word' id='word_1_564' title='bbox 3051 1833 3174 1877; x_wconf 88' lang='lat' dir='ltr'><strong>sunt</strong></span> <span class='ocrx_word' id='word_1_565' title='bbox 3201 1838 3324 1879; x_wconf 81' lang='lat' dir='ltr'><strong>vere</strong></span> <span class='ocrx_word' id='word_1_566' title='bbox 3351 1825 3515 1879; x_wconf 88' lang='lat' dir='ltr'><strong>bona.</strong></span> 
     </span>
    </p>
   </div>
   <div class='ocr_carea' id='block_1_77' title="bbox 2253 1909 3758 1986">
    <p class='ocr_par' dir='ltr' id='par_1_77' title="bbox 2253 1909 3758 1986">
     <span class='ocr_line' id='line_1_77' title="bbox 2253 1909 3758 1986; baseline 0.006 -22"><span class='ocrx_word' id='word_1_567' title='bbox 2253 1909 2382 1977; x_wconf 66' lang='lat' dir='ltr'><strong>Quae</strong></span> <span class='ocrx_word' id='word_1_568' title='bbox 2400 1912 2501 1966; x_wconf 86' lang='lat' dir='ltr'><strong>sint</strong></span> <span class='ocrx_word' id='word_1_569' title='bbox 2523 1929 2636 1968; x_wconf 82' lang='lat' dir='ltr'><strong>vere</strong></span> <span class='ocrx_word' id='word_1_570' title='bbox 2658 1915 2806 1968; x_wconf 80' lang='lat' dir='ltr'><strong>bona.</strong></span> <span class='ocrx_word' id='word_1_571' title='bbox 2829 1944 2903 1954; x_wconf 97' lang='lat'><strong>—</strong></span> <span class='ocrx_word' id='word_1_572' title='bbox 2924 1914 3064 1974; x_wconf 83' lang='lat' dir='ltr'><strong>Nihil</strong></span> <span class='ocrx_word' id='word_1_573' title='bbox 3084 1915 3279 1986; x_wconf 90' lang='lat' dir='ltr'><strong>quippe</strong></span> <span class='ocrx_word' id='word_1_574' title='bbox 3308 1916 3534 1972; x_wconf 85' lang='lat' dir='ltr'><strong>istorum</strong></span> <span class='ocrx_word' id='word_1_575' title='bbox 3563 1917 3758 1972; x_wconf 84' lang='lat' dir='ltr'><strong>bonum</strong></span> 
     </span>
    </p>
   </div>
   <div class='ocr_carea' id='block_1_78' title="bbox 2177 2004 3756 2080">
    <p class='ocr_par' dir='ltr' id='par_1_78' title="bbox 2177 2004 3756 2080">
     <span class='ocr_line' id='line_1_78' title="bbox 2177 2004 3756 2080; baseline 0.006 -24"><span class='ocrx_word' id='word_1_576' title='bbox 2177 2010 2282 2070; x_wconf 88' lang='lat' dir='ltr'><strong>est,</strong></span> <span class='ocrx_word' id='word_1_577' title='bbox 2312 2019 2420 2058; x_wconf 91' lang='lat' dir='ltr'><strong>non</strong></span> <span class='ocrx_word' id='word_1_578' title='bbox 2445 2004 2654 2061; x_wconf 73' lang='lat' dir='ltr'><strong>delicia:</strong></span> <span class='ocrx_word' id='word_1_579' title='bbox 2675 2046 2694 2074; x_wconf 85' lang='lat'><strong>,</strong></span> <span class='ocrx_word' id='word_1_580' title='bbox 2724 2022 2828 2062; x_wconf 90' lang='lat' dir='ltr'><strong>non</strong></span> <span class='ocrx_word' id='word_1_581' title='bbox 2859 2008 3090 2075; x_wconf 66' lang='lat' dir='ltr'><strong>divitiae,</strong></span> <span class='ocrx_word' id='word_1_582' title='bbox 3122 2024 3228 2064; x_wconf 90' lang='lat' dir='ltr'><strong>non</strong></span> <span class='ocrx_word' id='word_1_583' title='bbox 3260 2013 3648 2080; x_wconf 82' lang='lat' dir='ltr'><strong>sumptuositas</strong></span> <span class='ocrx_word' id='word_1_584' title='bbox 3669 2027 3756 2066; x_wconf 79' lang='lat' dir='ltr'><strong>ve-</strong></span> 
     </span>
    </p>
   </div>
   <div class='ocr_carea' id='block_1_79' title="bbox 2177 2095 3759 2170">
    <p class='ocr_par' dir='ltr' id='par_1_79' title="bbox 2177 2095 3759 2170">
     <span class='ocr_line' id='line_1_79' title="bbox 2177 2095 3759 2170; baseline 0.007 -22"><span class='ocrx_word' id='word_1_585' title='bbox 2177 2095 2338 2150; x_wconf 88' lang='lat' dir='ltr'><strong>stium</strong></span> <span class='ocrx_word' id='word_1_586' title='bbox 2360 2135 2375 2162; x_wconf 91' lang='lat'><strong>,</strong></span> <span class='ocrx_word' id='word_1_587' title='bbox 2425 2097 2522 2152; x_wconf 90' lang='lat' dir='ltr'><strong>sed</strong></span> <span class='ocrx_word' id='word_1_588' title='bbox 2566 2098 2741 2153; x_wconf 89' lang='lat' dir='ltr'><strong>solum</strong></span> <span class='ocrx_word' id='word_1_589' title='bbox 2789 2114 2984 2155; x_wconf 89' lang='lat' dir='ltr'><strong>nomen</strong></span> <span class='ocrx_word' id='word_1_590' title='bbox 3029 2100 3244 2157; x_wconf 87' lang='lat' dir='ltr'><strong>habent.</strong></span> <span class='ocrx_word' id='word_1_591' title='bbox 3271 2101 3411 2170; x_wconf 84' lang='lat' dir='ltr'><strong>Quid</strong></span> <span class='ocrx_word' id='word_1_592' title='bbox 3436 2112 3624 2158; x_wconf 82' lang='lat' dir='ltr'><strong>autem</strong></span> <span class='ocrx_word' id='word_1_593' title='bbox 3648 2105 3759 2159; x_wconf 74' lang='lat' dir='ltr'><strong>dico</strong></span> 
     </span>
    </p>
   </div>
   <div class='ocr_carea' id='block_1_80' title="bbox 2177 2186 3756 2265">
    <p class='ocr_par' dir='ltr' id='par_1_80' title="bbox 2177 2186 3756 2265">
     <span class='ocr_line' id='line_1_80' title="bbox 2177 2186 3756 2265; baseline 0.006 -25"><span class='ocrx_word' id='word_1_594' title='bbox 2177 2186 2350 2241; x_wconf 86' lang='lat' dir='ltr'><strong>solum</strong></span> <span class='ocrx_word' id='word_1_595' title='bbox 2379 2201 2442 2243; x_wconf 88' lang='lat' dir='ltr'><strong>ea</strong></span> <span class='ocrx_word' id='word_1_596' title='bbox 2480 2203 2676 2244; x_wconf 89' lang='lat' dir='ltr'><strong>nomen</strong></span> <span class='ocrx_word' id='word_1_597' title='bbox 2704 2189 2942 2247; x_wconf 87' lang='lat' dir='ltr'><strong>habere?</strong></span> <span class='ocrx_word' id='word_1_598' title='bbox 2971 2191 3063 2247; x_wconf 87' lang='lat' dir='ltr'><strong>illa</strong></span> <span class='ocrx_word' id='word_1_599' title='bbox 3093 2207 3222 2248; x_wconf 90' lang='lat' dir='ltr'><strong>vero</strong></span> <span class='ocrx_word' id='word_1_600' title='bbox 3245 2209 3622 2263; x_wconf 66' lang='lat' dir='ltr'><strong>saepenumero</strong></span> <span class='ocrx_word' id='word_1_601' title='bbox 3646 2210 3756 2265; x_wconf 85' lang='lat' dir='ltr'><strong>per-</strong></span> 
     </span>
    </p>
   </div>
   <div class='ocr_carea' id='block_1_81' title="bbox 2177 2277 3757 2358">
    <p class='ocr_par' dir='ltr' id='par_1_81' title="bbox 2177 2277 3757 2358">
     <span class='ocr_line' id='line_1_81' title="bbox 2177 2277 3757 2358; baseline 0.008 -26"><span class='ocrx_word' id='word_1_602' title='bbox 2177 2277 2369 2334; x_wconf 90' lang='lat' dir='ltr'><strong>niciem</strong></span> <span class='ocrx_word' id='word_1_603' title='bbox 2402 2281 2554 2337; x_wconf 89' lang='lat' dir='ltr'><strong>nobis</strong></span> <span class='ocrx_word' id='word_1_604' title='bbox 2573 2293 2878 2352; x_wconf 87' lang='lat' dir='ltr'><strong>accersunt,</strong></span> <span class='ocrx_word' id='word_1_605' title='bbox 2907 2286 2951 2340; x_wconf 85' lang='lat' dir='ltr'><strong>si</strong></span> <span class='ocrx_word' id='word_1_606' title='bbox 2975 2286 3188 2357; x_wconf 90' lang='lat' dir='ltr'><strong>quando</strong></span> <span class='ocrx_word' id='word_1_607' title='bbox 3210 2287 3361 2357; x_wconf 89' lang='lat' dir='ltr'><strong>ipsis,</strong></span> <span class='ocrx_word' id='word_1_608' title='bbox 3389 2302 3497 2342; x_wconf 86' lang='lat' dir='ltr'><strong>non</strong></span> <span class='ocrx_word' id='word_1_609' title='bbox 3527 2297 3584 2342; x_wconf 91' lang='lat' dir='ltr'><strong>ut</strong></span> <span class='ocrx_word' id='word_1_610' title='bbox 3609 2302 3757 2358; x_wconf 81' lang='lat' dir='ltr'><strong>opor-</strong></span> 
     </span>
    </p>
   </div>
   <div class='ocr_carea' id='block_1_82' title="bbox 2178 2375 3755 2452">
    <p class='ocr_par' dir='ltr' id='par_1_82' title="bbox 2178 2375 3755 2452">
     <span class='ocr_line' id='line_1_82' title="bbox 2178 2375 3755 2452; baseline 0.008 -27"><span class='ocrx_word' id='word_1_611' title='bbox 2178 2380 2279 2437; x_wconf 87' lang='lat' dir='ltr'><strong>tet,</strong></span> <span class='ocrx_word' id='word_1_612' title='bbox 2309 2381 2540 2430; x_wconf 89' lang='lat' dir='ltr'><strong>utamur.</strong></span> <span class='ocrx_word' id='word_1_613' title='bbox 2565 2375 2697 2432; x_wconf 86' lang='lat' dir='ltr'><strong>Nam</strong></span> <span class='ocrx_word' id='word_1_614' title='bbox 2726 2378 2924 2434; x_wconf 71' lang='lat' dir='ltr'><strong>divitize</strong></span> <span class='ocrx_word' id='word_1_615' title='bbox 2960 2379 3112 2435; x_wconf 72' lang='lat' dir='ltr'><strong>bonae</strong></span> <span class='ocrx_word' id='word_1_616' title='bbox 3134 2390 3358 2451; x_wconf 89' lang='lat' dir='ltr'><strong>possunt</strong></span> <span class='ocrx_word' id='word_1_617' title='bbox 3383 2395 3508 2436; x_wconf 90' lang='lat' dir='ltr'><strong>esse</strong></span> <span class='ocrx_word' id='word_1_618' title='bbox 3549 2396 3755 2452; x_wconf 85' lang='lat' dir='ltr'><strong>posses-</strong></span> 
     </span>
    </p>
   </div>
   <div class='ocr_carea' id='block_1_83' title="bbox 2177 2461 3755 2540">
    <p class='ocr_par' dir='ltr' id='par_1_83' title="bbox 2177 2461 3755 2540">
     <span class='ocr_line' id='line_1_83' title="bbox 2177 2461 3755 2540; baseline 0.008 -25"><span class='ocrx_word' id='word_1_619' title='bbox 2177 2461 2319 2529; x_wconf 91' lang='lat' dir='ltr'><strong>sori,</strong></span> <span class='ocrx_word' id='word_1_620' title='bbox 2368 2466 2580 2536; x_wconf 86' lang='lat' dir='ltr'><strong>quando</strong></span> <span class='ocrx_word' id='word_1_621' title='bbox 2623 2484 2732 2524; x_wconf 92' lang='lat' dir='ltr'><strong>non</strong></span> <span class='ocrx_word' id='word_1_622' title='bbox 2779 2471 2831 2524; x_wconf 91' lang='lat' dir='ltr'><strong>in</strong></span> <span class='ocrx_word' id='word_1_623' title='bbox 2881 2471 3102 2526; x_wconf 90' lang='lat' dir='ltr'><strong>delicias</strong></span> <span class='ocrx_word' id='word_1_624' title='bbox 3149 2481 3352 2527; x_wconf 90' lang='lat' dir='ltr'><strong>tantum</strong></span> <span class='ocrx_word' id='word_1_625' title='bbox 3395 2472 3551 2540; x_wconf 88' lang='lat' dir='ltr'><strong>illas,</strong></span> <span class='ocrx_word' id='word_1_626' title='bbox 3582 2489 3683 2528; x_wconf 90' lang='lat' dir='ltr'><strong>nec</strong></span> <span class='ocrx_word' id='word_1_627' title='bbox 3709 2475 3755 2528; x_wconf 92' lang='lat' dir='ltr'><strong>in</strong></span> 
     </span>
    </p>
   </div>
   <div class='ocr_carea' id='block_1_84' title="bbox 2175 2553 3757 2632">
    <p class='ocr_par' dir='ltr' id='par_1_84' title="bbox 2175 2553 3757 2632">
     <span class='ocr_line' id='line_1_84' title="bbox 2175 2553 3757 2632; baseline 0.008 -24"><span class='ocrx_word' id='word_1_628' title='bbox 2175 2553 2484 2611; x_wconf 88' lang='lat' dir='ltr'><strong>ebrietatem</strong></span> <span class='ocrx_word' id='word_1_629' title='bbox 2527 2569 2583 2613; x_wconf 88' lang='lat' dir='ltr'><strong>et</strong></span> <span class='ocrx_word' id='word_1_630' title='bbox 2627 2560 2815 2616; x_wconf 90' lang='lat' dir='ltr'><strong>noxias</strong></span> <span class='ocrx_word' id='word_1_631' title='bbox 2852 2562 3150 2632; x_wconf 84' lang='lat' dir='ltr'><strong>voluptates</strong></span> <span class='ocrx_word' id='word_1_632' title='bbox 3193 2563 3479 2632; x_wconf 88' lang='lat' dir='ltr'><strong>expendit,</strong></span> <span class='ocrx_word' id='word_1_633' title='bbox 3519 2564 3618 2620; x_wconf 86' lang='lat' dir='ltr'><strong>sed</strong></span> <span class='ocrx_word' id='word_1_634' title='bbox 3643 2580 3757 2620; x_wconf 80' lang='lat' dir='ltr'><strong>CIIII</strong></span> 
     </span>
    </p>
   </div>
   <div class='ocr_carea' id='block_1_85' title="bbox 2174 2645 3753 2730">
    <p class='ocr_par' dir='ltr' id='par_1_85' title="bbox 2174 2645 3753 2730">
     <span class='ocr_line' id='line_1_85' title="bbox 2174 2645 3753 2730; baseline 0.007 -28"><span class='ocrx_word' id='word_1_635' title='bbox 2174 2645 2380 2702; x_wconf 84' lang='lat' dir='ltr'><strong>deliciis</strong></span> <span class='ocrx_word' id='word_1_636' title='bbox 2440 2651 2715 2710; x_wconf 89' lang='lat' dir='ltr'><strong>moderate</strong></span> <span class='ocrx_word' id='word_1_637' title='bbox 2758 2654 3072 2724; x_wconf 86' lang='lat' dir='ltr'><strong>perfruens,</strong></span> <span class='ocrx_word' id='word_1_638' title='bbox 3122 2657 3322 2728; x_wconf 88' lang='lat' dir='ltr'><strong>reliqua</strong></span> <span class='ocrx_word' id='word_1_639' title='bbox 3365 2657 3420 2711; x_wconf 88' lang='lat' dir='ltr'><strong>in</strong></span> <span class='ocrx_word' id='word_1_640' title='bbox 3470 2672 3753 2730; x_wconf 85' lang='lat' dir='ltr'><strong>pauperum</strong></span> 
     </span>
    </p>
   </div>
   <div class='ocr_carea' id='block_1_86' title="bbox 2173 2742 3754 2814">
    <p class='ocr_par' dir='ltr' id='par_1_86' title="bbox 2173 2742 3754 2814">
     <span class='ocr_line' id='line_1_86' title="bbox 2173 2742 3754 2814; baseline 0.007 -21"><span class='ocrx_word' id='word_1_641' title='bbox 2173 2749 2384 2798; x_wconf 85' lang='lat' dir='ltr'><strong>ventres</strong></span> <span class='ocrx_word' id='word_1_642' title='bbox 2414 2742 2683 2800; x_wconf 89' lang='lat' dir='ltr'><strong>dis-tribuit</strong></span> <span class='ocrx_word' id='word_1_643' title='bbox 2703 2789 2720 2814; x_wconf 94' lang='lat'><strong>,</strong></span> <span class='ocrx_word' id='word_1_644' title='bbox 2748 2756 2861 2802; x_wconf 91' lang='lat' dir='ltr'><strong>tum</strong></span> <span class='ocrx_word' id='word_1_645' title='bbox 2887 2747 3041 2803; x_wconf 78' lang='lat' dir='ltr'><strong>bona:</strong></span> <span class='ocrx_word' id='word_1_646' title='bbox 3067 2757 3191 2804; x_wconf 91' lang='lat' dir='ltr'><strong>sunt</strong></span> <span class='ocrx_word' id='word_1_647' title='bbox 3218 2749 3438 2805; x_wconf 66' lang='lat' dir='ltr'><strong>divitiae.</strong></span> <span class='ocrx_word' id='word_1_648' title='bbox 3459 2750 3556 2806; x_wconf 87' lang='lat' dir='ltr'><strong>Sin</strong></span> <span class='ocrx_word' id='word_1_649' title='bbox 3579 2759 3754 2805; x_wconf 83' lang='lat' dir='ltr'><strong>autem</strong></span> 
     </span>
    </p>
   </div>
   <div class='ocr_carea' id='block_1_87' title="bbox 2171 2831 3752 2906">
    <p class='ocr_par' dir='ltr' id='par_1_87' title="bbox 2171 2831 3752 2906">
     <span class='ocr_line' id='line_1_87' title="bbox 2171 2831 3752 2906; baseline 0.007 -20"><span class='ocrx_word' id='word_1_650' title='bbox 2171 2831 2407 2903; x_wconf 87' lang='lat' dir='ltr'><strong>seipsum</strong></span> <span class='ocrx_word' id='word_1_651' title='bbox 2434 2837 2554 2906; x_wconf 87' lang='lat' dir='ltr'><strong>quis</strong></span> <span class='ocrx_word' id='word_1_652' title='bbox 2581 2837 2786 2895; x_wconf 88' lang='lat' dir='ltr'><strong>deliciis</strong></span> <span class='ocrx_word' id='word_1_653' title='bbox 2817 2855 2882 2895; x_wconf 90' lang='lat' dir='ltr'><strong>ac</strong></span> <span class='ocrx_word' id='word_1_654' title='bbox 2907 2843 3116 2897; x_wconf 64' lang='lat' dir='ltr'><strong>caeteris</strong></span> <span class='ocrx_word' id='word_1_655' title='bbox 3153 2841 3460 2898; x_wconf 87' lang='lat' dir='ltr'><strong>libidinibus</strong></span> <span class='ocrx_word' id='word_1_656' title='bbox 3483 2842 3752 2898; x_wconf 83' lang='lat' dir='ltr'><strong>dedituros</strong></span> 
     </span>
    </p>
   </div>
   <div class='ocr_carea' id='block_1_88' title="bbox 2169 2924 3746 3005">
    <p class='ocr_par' dir='ltr' id='par_1_88' title="bbox 2169 2924 3746 3005">
     <span class='ocr_line' id='line_1_88' title="bbox 2169 2924 3746 3005; baseline 0.007 -27"><span class='ocrx_word' id='word_1_657' title='bbox 2169 2924 2258 2990; x_wconf 90' lang='lat' dir='ltr'><strong>sit,</strong></span> <span class='ocrx_word' id='word_1_658' title='bbox 2282 2941 2388 2982; x_wconf 90' lang='lat' dir='ltr'><strong>non</strong></span> <span class='ocrx_word' id='word_1_659' title='bbox 2420 2929 2581 3000; x_wconf 71' lang='lat' dir='ltr'><strong>modo</strong></span> <span class='ocrx_word' id='word_1_660' title='bbox 2612 2931 2742 2987; x_wconf 88' lang='lat' dir='ltr'><strong>nihil</strong></span> <span class='ocrx_word' id='word_1_661' title='bbox 2767 2934 2814 2988; x_wconf 91' lang='lat' dir='ltr'><strong>ei</strong></span> <span class='ocrx_word' id='word_1_662' title='bbox 2843 2945 3094 3004; x_wconf 83' lang='lat' dir='ltr'><strong>prosunt,</strong></span> <span class='ocrx_word' id='word_1_663' title='bbox 3125 2936 3222 2992; x_wconf 89' lang='lat' dir='ltr'><strong>sed</strong></span> <span class='ocrx_word' id='word_1_664' title='bbox 3248 2936 3409 2990; x_wconf 83' lang='lat' dir='ltr'><strong>etiam</strong></span> <span class='ocrx_word' id='word_1_665' title='bbox 3440 2936 3493 2990; x_wconf 83' lang='lat' dir='ltr'><strong>in</strong></span> <span class='ocrx_word' id='word_1_666' title='bbox 3537 2935 3746 3005; x_wconf 73' lang='lat' dir='ltr'><strong>profun-</strong></span> 
     </span>
    </p>
   </div>
   <div class='ocr_carea' id='block_1_89' title="bbox 2166 3017 3750 3098">
    <p class='ocr_par' dir='ltr' id='par_1_89' title="bbox 2166 3017 3750 3098">
     <span class='ocr_line' id='line_1_89' title="bbox 2166 3017 3750 3098; baseline 0.006 -27"><span class='ocrx_word' id='word_1_667' title='bbox 2166 3017 2295 3072; x_wconf 90' lang='lat' dir='ltr'><strong>dum</strong></span> <span class='ocrx_word' id='word_1_668' title='bbox 2322 3020 2467 3074; x_wconf 89' lang='lat' dir='ltr'><strong>illum</strong></span> <span class='ocrx_word' id='word_1_669' title='bbox 2499 3021 2806 3080; x_wconf 89' lang='lat' dir='ltr'><strong>barathrum</strong></span> <span class='ocrx_word' id='word_1_670' title='bbox 2836 3027 3160 3096; x_wconf 71' lang='lat' dir='ltr'><strong>prtecipitem</strong></span> <span class='ocrx_word' id='word_1_671' title='bbox 3185 3038 3348 3098; x_wconf 81' lang='lat' dir='ltr'><strong>agunt</strong></span> <span class='ocrx_word' id='word_1_672' title='bbox 3373 3047 3387 3082; x_wconf 91' lang='lat'>:</span> <span class='ocrx_word' id='word_1_673' title='bbox 3419 3027 3566 3098; x_wconf 88' lang='lat' dir='ltr'><strong>quod</strong></span> <span class='ocrx_word' id='word_1_674' title='bbox 3588 3038 3647 3084; x_wconf 86' lang='lat' dir='ltr'><strong>et</strong></span> <span class='ocrx_word' id='word_1_675' title='bbox 3671 3029 3750 3082; x_wconf 81' lang='lat' dir='ltr'><strong>isti</strong></span> 
     </span>
    </p>
   </div>
   <div class='ocr_carea' id='block_1_90' title="bbox 2167 3113 3849 3191">
    <p class='ocr_par' dir='ltr' id='par_1_90' title="bbox 2167 3113 3849 3191">
     <span class='ocr_line' id='line_1_90' title="bbox 2167 3113 3849 3191; baseline 0.005 -25"><span class='ocrx_word' id='word_1_676' title='bbox 2167 3113 2316 3170; x_wconf 89' lang='lat' dir='ltr'><strong>diviti</strong></span> <span class='ocrx_word' id='word_1_677' title='bbox 2339 3115 2550 3170; x_wconf 90' lang='lat' dir='ltr'><strong>accidit.</strong></span> <span class='ocrx_word' id='word_1_678' title='bbox 2580 3118 2748 3184; x_wconf 88' lang='lat' dir='ltr'><strong>Quam</strong></span> <span class='ocrx_word' id='word_1_679' title='bbox 2789 3120 2861 3175; x_wconf 91' lang='lat' dir='ltr'><strong>ob</strong></span> <span class='ocrx_word' id='word_1_680' title='bbox 2899 3135 3113 3175; x_wconf 90' lang='lat' dir='ltr'><strong>causam</strong></span> <span class='ocrx_word' id='word_1_681' title='bbox 3143 3121 3269 3177; x_wconf 89' lang='lat' dir='ltr'><strong>dicit</strong></span> <span class='ocrx_word' id='word_1_682' title='bbox 3303 3121 3377 3175; x_wconf 88' lang='lat' dir='ltr'><strong>illi</strong></span> <span class='ocrx_word' id='word_1_683' title='bbox 3409 3121 3748 3191; x_wconf 76' lang='lat' dir='ltr'><strong>patriarcha:</strong></span> <span class='ocrx_word' id='word_1_684' title='bbox 3848 3135 3849 3191; x_wconf 50' lang='grc' dir='ltr'>ξ</span> 
     </span>
    </p>
   </div>
   <div class='ocr_carea' id='block_1_91' title="bbox 2166 3210 3749 3286">
    <p class='ocr_par' dir='ltr' id='par_1_91' title="bbox 2166 3210 3749 3286">
     <span class='ocr_line' id='line_1_91' title="bbox 2166 3210 3749 3286; baseline 0.001 -20"><span class='ocrx_word' id='word_1_685' title='bbox 2166 3210 2294 3279; x_wconf 81' lang='lat' dir='ltr'><strong>Fili,</strong></span> <span class='ocrx_word' id='word_1_686' title='bbox 2323 3211 2609 3279; x_wconf 82' lang='lat' dir='ltr'><strong>recordare,</strong></span> <span class='ocrx_word' id='word_1_687' title='bbox 2640 3214 2759 3284; x_wconf 85' lang='lat' dir='ltr'><strong>quia</strong></span> <span class='ocrx_word' id='word_1_688' title='bbox 2783 3216 3015 3286; x_wconf 83' lang='lat' dir='ltr'><strong>recepisti</strong></span> <span class='ocrx_word' id='word_1_689' title='bbox 3041 3216 3170 3269; x_wconf 83' lang='lat' dir='ltr'><strong>bona</strong></span> <span class='ocrx_word' id='word_1_690' title='bbox 3198 3227 3288 3269; x_wconf 81' lang='lat' dir='ltr'><strong>tua</strong></span> <span class='ocrx_word' id='word_1_691' title='bbox 3312 3215 3365 3269; x_wconf 87' lang='lat' dir='ltr'><strong>in</strong></span> <span class='ocrx_word' id='word_1_692' title='bbox 3393 3217 3495 3269; x_wconf 74' lang='lat' dir='ltr'><strong>vita</strong></span> <span class='ocrx_word' id='word_1_693' title='bbox 3521 3225 3631 3269; x_wconf 84' lang='lat' dir='ltr'><strong>tua.</strong></span> <span class='ocrx_word' id='word_1_694' title='bbox 3662 3215 3749 3269; x_wconf 82' lang='lat' dir='ltr'><strong>illa</strong></span> 
     </span>
    </p>
   </div>
   <div class='ocr_carea' id='block_1_92' title="bbox 2163 3313 3746 3387">
    <p class='ocr_par' dir='ltr' id='par_1_92' title="bbox 2163 3313 3746 3387">
     <span class='ocr_line' id='line_1_92' title="bbox 2163 3313 3746 3387; baseline 0.002 -21"><span class='ocrx_word' id='word_1_695' title='bbox 2163 3326 2283 3381; x_wconf 68' lang='lat' dir='ltr'><strong>quae</strong></span> <span class='ocrx_word' id='word_1_696' title='bbox 2311 3327 2438 3368; x_wconf 90' lang='lat' dir='ltr'><strong>vere</strong></span> <span class='ocrx_word' id='word_1_697' title='bbox 2462 3313 2602 3370; x_wconf 90' lang='lat' dir='ltr'><strong>bona</strong></span> <span class='ocrx_word' id='word_1_698' title='bbox 2627 3329 2752 3371; x_wconf 89' lang='lat' dir='ltr'><strong>esse</strong></span> <span class='ocrx_word' id='word_1_699' title='bbox 2790 3316 3050 3372; x_wconf 86' lang='lat' dir='ltr'><strong>censebas</strong></span> <span class='ocrx_word' id='word_1_700' title='bbox 3099 3314 3344 3387; x_wconf 87' lang='lat' dir='ltr'><strong>recepisti</strong></span> <span class='ocrx_word' id='word_1_701' title='bbox 3366 3357 3381 3379; x_wconf 95' lang='lat'><strong>,</strong></span> <span class='ocrx_word' id='word_1_702' title='bbox 3425 3323 3480 3370; x_wconf 89' lang='lat' dir='ltr'><strong>et</strong></span> <span class='ocrx_word' id='word_1_703' title='bbox 3523 3314 3746 3370; x_wconf 56' lang='lat' dir='ltr'><strong>Lazarus</strong></span> 
     </span>
    </p>
   </div>
   <div class='ocr_carea' id='block_1_93' title="bbox 2162 3405 3752 3479">
    <p class='ocr_par' dir='ltr' id='par_1_93' title="bbox 2162 3405 3752 3479">
     <span class='ocr_line' id='line_1_93' title="bbox 2162 3405 3752 3479; baseline 0.001 -21"><span class='ocrx_word' id='word_1_704' title='bbox 2162 3405 2409 3462; x_wconf 89' lang='lat' dir='ltr'><strong>similiter</strong></span> <span class='ocrx_word' id='word_1_705' title='bbox 2437 3407 2574 3462; x_wconf 87' lang='lat' dir='ltr'><strong>mala</strong></span> <span class='ocrx_word' id='word_1_706' title='bbox 2605 3425 2620 3463; x_wconf 89' lang='lat'><strong>:</strong></span> <span class='ocrx_word' id='word_1_707' title='bbox 2649 3423 2758 3463; x_wconf 92' lang='lat' dir='ltr'><strong>non</strong></span> <span class='ocrx_word' id='word_1_708' title='bbox 2784 3409 2926 3479; x_wconf 93' lang='lat' dir='ltr'><strong>quod</strong></span> <span class='ocrx_word' id='word_1_709' title='bbox 2951 3423 3013 3464; x_wconf 90' lang='lat' dir='ltr'><strong>ea</strong></span> <span class='ocrx_word' id='word_1_710' title='bbox 3039 3409 3271 3464; x_wconf 80' lang='lat' dir='ltr'><strong>Lazarus</strong></span> <span class='ocrx_word' id='word_1_711' title='bbox 3297 3407 3436 3462; x_wconf 87' lang='lat' dir='ltr'><strong>mala</strong></span> <span class='ocrx_word' id='word_1_712' title='bbox 3473 3417 3752 3473; x_wconf 81' lang='lat' dir='ltr'><strong>censeret,</strong></span> 
     </span>
    </p>
   </div>
   <div class='ocr_carea' id='block_1_94' title="bbox 2161 3499 3736 3571">
    <p class='ocr_par' dir='ltr' id='par_1_94' title="bbox 2161 3499 3736 3571">
     <span class='ocr_line' id='line_1_94' title="bbox 2161 3499 3736 3571; baseline 0.001 -18"><span class='ocrx_word' id='word_1_713' title='bbox 2161 3499 2335 3564; x_wconf 86' lang='lat' dir='ltr'><strong>absit,</strong></span> <span class='ocrx_word' id='word_1_714' title='bbox 2363 3500 2458 3554; x_wconf 87' lang='lat' dir='ltr'><strong>sed</strong></span> <span class='ocrx_word' id='word_1_715' title='bbox 2493 3515 2558 3556; x_wconf 85' lang='lat' dir='ltr'><strong>ex</strong></span> <span class='ocrx_word' id='word_1_716' title='bbox 2584 3501 2754 3571; x_wconf 87' lang='lat' dir='ltr'><strong>ipsius</strong></span> <span class='ocrx_word' id='word_1_717' title='bbox 2779 3502 2963 3557; x_wconf 90' lang='lat' dir='ltr'><strong>divitis</strong></span> <span class='ocrx_word' id='word_1_718' title='bbox 2989 3501 3250 3556; x_wconf 88' lang='lat' dir='ltr'><strong>sententia</strong></span> <span class='ocrx_word' id='word_1_719' title='bbox 3281 3499 3383 3555; x_wconf 92' lang='lat' dir='ltr'><strong>hoc</strong></span> <span class='ocrx_word' id='word_1_720' title='bbox 3407 3500 3574 3555; x_wconf 84' lang='lat' dir='ltr'><strong>etiam</strong></span> <span class='ocrx_word' id='word_1_721' title='bbox 3600 3500 3736 3570; x_wconf 83' lang='lat' dir='ltr'><strong>adje-</strong></span> 
     </span>
    </p>
   </div>
   <div class='ocr_carea' id='block_1_95' title="bbox 2159 3591 3742 3664">
    <p class='ocr_par' dir='ltr' id='par_1_95' title="bbox 2159 3591 3742 3664">
     <span class='ocr_line' id='line_1_95' title="bbox 2159 3591 3742 3664; baseline -0.001 -18"><span class='ocrx_word' id='word_1_722' title='bbox 2159 3591 2231 3647; x_wconf 88' lang='lat' dir='ltr'><strong>cit</strong></span> <span class='ocrx_word' id='word_1_723' title='bbox 2257 3610 2270 3646; x_wconf 93' lang='lat'><strong>:</strong></span> <span class='ocrx_word' id='word_1_724' title='bbox 2297 3592 2560 3662; x_wconf 88' lang='lat' dir='ltr'><strong>siquidem</strong></span> <span class='ocrx_word' id='word_1_725' title='bbox 2590 3593 2677 3648; x_wconf 88' lang='lat' dir='ltr'><strong>ille</strong></span> <span class='ocrx_word' id='word_1_726' title='bbox 2699 3607 2819 3648; x_wconf 85' lang='lat' dir='ltr'><strong>cum</strong></span> <span class='ocrx_word' id='word_1_727' title='bbox 2843 3593 2980 3649; x_wconf 83' lang='lat' dir='ltr'><strong>hanc</strong></span> <span class='ocrx_word' id='word_1_728' title='bbox 2997 3594 3138 3664; x_wconf 87' lang='lat' dir='ltr'><strong>apud</strong></span> <span class='ocrx_word' id='word_1_729' title='bbox 3157 3607 3216 3649; x_wconf 88' lang='lat' dir='ltr'><strong>se</strong></span> <span class='ocrx_word' id='word_1_730' title='bbox 3237 3593 3560 3649; x_wconf 78' lang='lat' dir='ltr'><strong>sententiam</strong></span> <span class='ocrx_word' id='word_1_731' title='bbox 3583 3602 3742 3647; x_wconf 78' lang='lat' dir='ltr'><strong>ratam</strong></span> 
     </span>
    </p>
   </div>
   <div class='ocr_carea' id='block_1_96' title="bbox 2157 3683 3740 3758">
    <p class='ocr_par' dir='ltr' id='par_1_96' title="bbox 2157 3683 3740 3758">
     <span class='ocr_line' id='line_1_96' title="bbox 2157 3683 3740 3758; baseline 0.001 -20"><span class='ocrx_word' id='word_1_732' title='bbox 2157 3683 2454 3752; x_wconf 80' lang='lat' dir='ltr'><strong>habuisset,</strong></span> <span class='ocrx_word' id='word_1_733' title='bbox 2479 3702 2611 3758; x_wconf 86' lang='lat' dir='ltr'><strong>opes</strong></span> <span class='ocrx_word' id='word_1_734' title='bbox 2631 3701 2694 3744; x_wconf 89' lang='lat' dir='ltr'><strong>ac</strong></span> <span class='ocrx_word' id='word_1_735' title='bbox 2711 3687 2954 3753; x_wconf 81' lang='lat' dir='ltr'><strong>delicias,</strong></span> <span class='ocrx_word' id='word_1_736' title='bbox 2980 3687 3248 3742; x_wconf 87' lang='lat' dir='ltr'><strong>lasciviam</strong></span> <span class='ocrx_word' id='word_1_737' title='bbox 3269 3695 3326 3743; x_wconf 90' lang='lat' dir='ltr'><strong>et</strong></span> <span class='ocrx_word' id='word_1_738' title='bbox 3347 3703 3569 3744; x_wconf 87' lang='lat' dir='ltr'><strong>omnem</strong></span> <span class='ocrx_word' id='word_1_739' title='bbox 3589 3687 3740 3741; x_wconf 83' lang='lat' dir='ltr'><strong>alium</strong></span> 
     </span>
    </p>
   </div>
   <div class='ocr_carea' id='block_1_97' title="bbox 2157 3777 3739 3850">
    <p class='ocr_par' dir='ltr' id='par_1_97' title="bbox 2157 3777 3739 3850">
     <span class='ocr_line' id='line_1_97' title="bbox 2157 3777 3739 3850; baseline 0.002 -20"><span class='ocrx_word' id='word_1_740' title='bbox 2157 3777 2282 3832; x_wconf 74' lang='lat' dir='ltr'><strong>vita:</strong></span> <span class='ocrx_word' id='word_1_741' title='bbox 2325 3777 2507 3833; x_wconf 87' lang='lat' dir='ltr'><strong>luxum</strong></span> <span class='ocrx_word' id='word_1_742' title='bbox 2551 3779 2691 3835; x_wconf 79' lang='lat' dir='ltr'><strong>bona</strong></span> <span class='ocrx_word' id='word_1_743' title='bbox 2735 3794 2858 3836; x_wconf 90' lang='lat' dir='ltr'><strong>esse</strong></span> <span class='ocrx_word' id='word_1_744' title='bbox 2885 3777 3115 3835; x_wconf 87' lang='lat' dir='ltr'><strong>ducebat</strong></span> <span class='ocrx_word' id='word_1_745' title='bbox 3143 3799 3156 3835; x_wconf 92' lang='lat'><strong>:</strong></span> <span class='ocrx_word' id='word_1_746' title='bbox 3183 3789 3554 3850; x_wconf 84' lang='lat' dir='ltr'><strong>paupertatem</strong></span> <span class='ocrx_word' id='word_1_747' title='bbox 3585 3794 3739 3844; x_wconf 80' lang='lat' dir='ltr'><strong>vero,</strong></span> 
     </span>
    </p>
   </div>
   <div class='ocr_carea' id='block_1_98' title="bbox 2159 3869 3726 3942">
    <p class='ocr_par' dir='ltr' id='par_1_98' title="bbox 2159 3869 3726 3942">
     <span class='ocr_line' id='line_1_98' title="bbox 2159 3869 3726 3942; baseline 0.003 -19"><span class='ocrx_word' id='word_1_748' title='bbox 2159 3869 2350 3926; x_wconf 85' lang='lat' dir='ltr'><strong>famem</strong></span> <span class='ocrx_word' id='word_1_749' title='bbox 2381 3880 2437 3927; x_wconf 87' lang='lat' dir='ltr'><strong>et</strong></span> <span class='ocrx_word' id='word_1_750' title='bbox 2464 3871 2744 3927; x_wconf 84' lang='lat' dir='ltr'><strong>adversam</strong></span> <span class='ocrx_word' id='word_1_751' title='bbox 2771 3873 3127 3928; x_wconf 87' lang='lat' dir='ltr'><strong>valetudinem</strong></span> <span class='ocrx_word' id='word_1_752' title='bbox 3168 3873 3306 3927; x_wconf 75' lang='lat' dir='ltr'><strong>mala</strong></span> <span class='ocrx_word' id='word_1_753' title='bbox 3343 3885 3469 3928; x_wconf 87' lang='lat' dir='ltr'><strong>esse</strong></span> <span class='ocrx_word' id='word_1_754' title='bbox 3505 3874 3726 3942; x_wconf 84' lang='lat' dir='ltr'><strong>suspica-</strong></span> 
     </span>
    </p>
   </div>
   <div class='ocr_carea' id='block_1_99' title="bbox 2156 3961 3733 4033">
    <p class='ocr_par' dir='ltr' id='par_1_99' title="bbox 2156 3961 3733 4033">
     <span class='ocr_line' id='line_1_99' title="bbox 2156 3961 3733 4033; baseline 0.003 -19"><span class='ocrx_word' id='word_1_755' title='bbox 2156 3961 2328 4016; x_wconf 89' lang='lat' dir='ltr'><strong>batur.</strong></span> <span class='ocrx_word' id='word_1_756' title='bbox 2353 3962 2517 4017; x_wconf 81' lang='lat' dir='ltr'><strong>Prout</strong></span> <span class='ocrx_word' id='word_1_757' title='bbox 2545 3963 2703 4033; x_wconf 80' lang='lat' dir='ltr'><strong>igitur</strong></span> <span class='ocrx_word' id='word_1_758' title='bbox 2726 3964 3077 4018; x_wconf 84' lang='lat' dir='ltr'><strong>existimabas</strong></span> <span class='ocrx_word' id='word_1_759' title='bbox 3095 4006 3109 4030; x_wconf 95' lang='lat'><strong>,</strong></span> <span class='ocrx_word' id='word_1_760' title='bbox 3139 3972 3192 4019; x_wconf 89' lang='lat' dir='ltr'><strong>et</strong></span> <span class='ocrx_word' id='word_1_761' title='bbox 3219 3963 3410 4018; x_wconf 86' lang='lat' dir='ltr'><strong>falsum</strong></span> <span class='ocrx_word' id='word_1_762' title='bbox 3444 3963 3575 4017; x_wconf 78' lang='lat' dir='ltr'><strong>illud</strong></span> <span class='ocrx_word' id='word_1_763' title='bbox 3603 3964 3733 4033; x_wconf 78' lang='lat' dir='ltr'><strong>judi-</strong></span> 
     </span>
    </p>
   </div>
   <div class='ocr_carea' id='block_1_100' title="bbox 2151 4052 3738 4124">
    <p class='ocr_par' dir='ltr' id='par_1_100' title="bbox 2151 4052 3738 4124">
     <span class='ocr_line' id='line_1_100' title="bbox 2151 4052 3738 4124; baseline 0.002 -17"><span class='ocrx_word' id='word_1_764' title='bbox 2151 4052 2291 4107; x_wconf 88' lang='lat' dir='ltr'><strong>cium</strong></span> <span class='ocrx_word' id='word_1_765' title='bbox 2318 4053 2742 4124; x_wconf 77' lang='lat' dir='ltr'><strong>amplectebaris,</strong></span> <span class='ocrx_word' id='word_1_766' title='bbox 2770 4057 3053 4112; x_wconf 85' lang='lat' dir='ltr'><strong>recordare</strong></span> <span class='ocrx_word' id='word_1_767' title='bbox 3094 4067 3146 4112; x_wconf 90' lang='lat' dir='ltr'><strong>te</strong></span> <span class='ocrx_word' id='word_1_768' title='bbox 3165 4072 3234 4112; x_wconf 87' lang='lat' dir='ltr'><strong>cx</strong></span> <span class='ocrx_word' id='word_1_769' title='bbox 3253 4064 3349 4110; x_wconf 89' lang='lat' dir='ltr'><strong>tuo</strong></span> <span class='ocrx_word' id='word_1_770' title='bbox 3369 4056 3589 4111; x_wconf 87' lang='lat' dir='ltr'><strong>calculo</strong></span> <span class='ocrx_word' id='word_1_771' title='bbox 3608 4056 3738 4110; x_wconf 74' lang='lat' dir='ltr'><strong>bona</strong></span> 
     </span>
    </p>
   </div>
   <div class='ocr_carea' id='block_1_101' title="bbox 2153 4146 3733 4220">
    <p class='ocr_par' dir='ltr' id='par_1_101' title="bbox 2153 4146 3733 4220">
     <span class='ocr_line' id='line_1_101' title="bbox 2153 4146 3733 4220; baseline 0.001 -20"><span class='ocrx_word' id='word_1_772' title='bbox 2153 4146 2238 4200; x_wconf 90' lang='lat' dir='ltr'><strong>illa</strong></span> <span class='ocrx_word' id='word_1_773' title='bbox 2265 4147 2530 4216; x_wconf 81' lang='lat' dir='ltr'><strong>recepisse</strong></span> <span class='ocrx_word' id='word_1_774' title='bbox 2552 4190 2565 4212; x_wconf 92' lang='lat'><strong>,</strong></span> <span class='ocrx_word' id='word_1_775' title='bbox 2597 4163 2716 4203; x_wconf 89' lang='lat' dir='ltr'><strong>cum</strong></span> <span class='ocrx_word' id='word_1_776' title='bbox 2743 4164 2839 4218; x_wconf 84' lang='lat' dir='ltr'><strong>per</strong></span> <span class='ocrx_word' id='word_1_777' title='bbox 2864 4151 3023 4204; x_wconf 89' lang='lat' dir='ltr'><strong>latam</strong></span> <span class='ocrx_word' id='word_1_778' title='bbox 3053 4163 3115 4204; x_wconf 90' lang='lat' dir='ltr'><strong>ac</strong></span> <span class='ocrx_word' id='word_1_779' title='bbox 3152 4151 3442 4220; x_wconf 76' lang='lat' dir='ltr'><strong>spatiosum</strong></span> <span class='ocrx_word' id='word_1_780' title='bbox 3468 4151 3616 4205; x_wconf 79' lang='lat' dir='ltr'><strong>viam</strong></span> <span class='ocrx_word' id='word_1_781' title='bbox 3657 4152 3733 4203; x_wconf 82' lang='lat' dir='ltr'><strong>in-</strong></span> 
     </span>
    </p>
   </div>
   <div class='ocr_carea' id='block_1_102' title="bbox 2149 4236 3731 4308">
    <p class='ocr_par' dir='ltr' id='par_1_102' title="bbox 2149 4236 3731 4308">
     <span class='ocr_line' id='line_1_102' title="bbox 2149 4236 3731 4308; baseline 0.003 -18"><span class='ocrx_word' id='word_1_782' title='bbox 2149 4236 2393 4303; x_wconf 65' lang='lat' dir='ltr'><strong>crdcres,</strong></span> <span class='ocrx_word' id='word_1_783' title='bbox 2421 4246 2473 4292; x_wconf 88' lang='lat' dir='ltr'><strong>et</strong></span> <span class='ocrx_word' id='word_1_784' title='bbox 2503 4238 2761 4293; x_wconf 87' lang='lat' dir='ltr'><strong>Lazarum</strong></span> <span class='ocrx_word' id='word_1_785' title='bbox 2793 4239 3040 4294; x_wconf 85' lang='lat' dir='ltr'><strong>similiter</strong></span> <span class='ocrx_word' id='word_1_786' title='bbox 3055 4240 3194 4294; x_wconf 74' lang='lat' dir='ltr'><strong>male</strong></span> <span class='ocrx_word' id='word_1_787' title='bbox 3216 4255 3279 4296; x_wconf 85' lang='lat' dir='ltr'><strong>ex</strong></span> <span class='ocrx_word' id='word_1_788' title='bbox 3310 4237 3602 4296; x_wconf 83' lang='lat' dir='ltr'><strong>ratiocinio</strong></span> <span class='ocrx_word' id='word_1_789' title='bbox 3625 4250 3731 4308; x_wconf 86' lang='lat' dir='ltr'><strong>tuo,</strong></span> 
     </span>
    </p>
   </div>
   <div class='ocr_carea' id='block_1_103' title="bbox 2150 4331 3734 4402">
    <p class='ocr_par' dir='ltr' id='par_1_103' title="bbox 2150 4331 3734 4402">
     <span class='ocr_line' id='line_1_103' title="bbox 2150 4331 3734 4402; baseline 0.003 -18"><span class='ocrx_word' id='word_1_790' title='bbox 2150 4331 2274 4385; x_wconf 86' lang='lat' dir='ltr'><strong>dum</strong></span> <span class='ocrx_word' id='word_1_791' title='bbox 2301 4342 2581 4402; x_wconf 79' lang='lat' dir='ltr'><strong>angustum</strong></span> <span class='ocrx_word' id='word_1_792' title='bbox 2625 4342 2679 4388; x_wconf 92' lang='lat' dir='ltr'><strong>et</strong></span> <span class='ocrx_word' id='word_1_793' title='bbox 2721 4343 2924 4388; x_wconf 77' lang='lat' dir='ltr'><strong>arcium</strong></span> <span class='ocrx_word' id='word_1_794' title='bbox 2970 4335 3073 4389; x_wconf 87' lang='lat' dir='ltr'><strong>iter</strong></span> <span class='ocrx_word' id='word_1_795' title='bbox 3115 4333 3427 4388; x_wconf 77' lang='lat' dir='ltr'><strong>conﬁceret.</strong></span> <span class='ocrx_word' id='word_1_796' title='bbox 3472 4334 3734 4402; x_wconf 80' lang='lat' dir='ltr'><strong>Quoniam</strong></span> 
     </span>
    </p>
   </div>
   <div class='ocr_carea' id='block_1_104' title="bbox 2143 4421 3735 4493">
    <p class='ocr_par' dir='ltr' id='par_1_104' title="bbox 2143 4421 3735 4493">
     <span class='ocr_line' id='line_1_104' title="bbox 2143 4421 3735 4493; baseline 0.002 -18"><span class='ocrx_word' id='word_1_797' title='bbox 2143 4421 2308 4492; x_wconf 79' lang='lat' dir='ltr'><strong>igitur</strong></span> <span class='ocrx_word' id='word_1_798' title='bbox 2329 4431 2382 4476; x_wconf 91' lang='lat' dir='ltr'><strong>tu</strong></span> <span class='ocrx_word' id='word_1_799' title='bbox 2414 4423 2512 4478; x_wconf 71' lang='lat' dir='ltr'><strong>vite</strong></span> <span class='ocrx_word' id='word_1_800' title='bbox 2539 4431 2744 4478; x_wconf 85' lang='lat' dir='ltr'><strong>tantum</strong></span> <span class='ocrx_word' id='word_1_801' title='bbox 2765 4423 2967 4478; x_wconf 86' lang='lat' dir='ltr'><strong>aditum</strong></span> <span class='ocrx_word' id='word_1_802' title='bbox 2993 4423 3293 4493; x_wconf 82' lang='lat' dir='ltr'><strong>speetabas,</strong></span> <span class='ocrx_word' id='word_1_803' title='bbox 3319 4421 3406 4478; x_wconf 85' lang='lat' dir='ltr'><strong>hic</strong></span> <span class='ocrx_word' id='word_1_804' title='bbox 3427 4438 3560 4479; x_wconf 87' lang='lat' dir='ltr'><strong>vero</strong></span> <span class='ocrx_word' id='word_1_805' title='bbox 3582 4425 3735 4478; x_wconf 82' lang='lat' dir='ltr'><strong>ﬁnem</strong></span> 
     </span>
    </p>
   </div>
   <div class='ocr_carea' id='block_1_105' title="bbox 2141 4512 3733 4584">
    <p class='ocr_par' dir='ltr' id='par_1_105' title="bbox 2141 4512 3733 4584">
     <span class='ocr_line' id='line_1_105' title="bbox 2141 4512 3733 4584; baseline 0.002 -18"><span class='ocrx_word' id='word_1_806' title='bbox 2141 4512 2464 4581; x_wconf 82' lang='lat' dir='ltr'><strong>respiciebat</strong></span> <span class='ocrx_word' id='word_1_807' title='bbox 2485 4555 2500 4580; x_wconf 95' lang='lat'><strong>,</strong></span> <span class='ocrx_word' id='word_1_808' title='bbox 2543 4529 2717 4583; x_wconf 89' lang='lat' dir='ltr'><strong>neque</strong></span> <span class='ocrx_word' id='word_1_809' title='bbox 2744 4513 3098 4584; x_wconf 80' lang='lat' dir='ltr'><strong>negligentior</strong></span> <span class='ocrx_word' id='word_1_810' title='bbox 3123 4523 3340 4583; x_wconf 82' lang='lat' dir='ltr'><strong>propter</strong></span> <span class='ocrx_word' id='word_1_811' title='bbox 3380 4515 3596 4570; x_wconf 84' lang='lat' dir='ltr'><strong>aditum</strong></span> <span class='ocrx_word' id='word_1_812' title='bbox 3641 4517 3733 4569; x_wconf 76' lang='lat' dir='ltr'><strong>via:</strong></span> 
     </span>
    </p>
   </div>
   <div class='ocr_carea' id='block_1_106' title="bbox 2143 4602 3728 4673">
    <p class='ocr_par' dir='ltr' id='par_1_106' title="bbox 2143 4602 3728 4673">
     <span class='ocr_line' id='line_1_106' title="bbox 2143 4602 3728 4673; baseline 0.004 -18"><span class='ocrx_word' id='word_1_813' title='bbox 2143 4602 2481 4664; x_wconf 87' lang='lat' dir='ltr'><strong>reddebatur,</strong></span> <span class='ocrx_word' id='word_1_814' title='bbox 2508 4613 2791 4673; x_wconf 82' lang='lat' dir='ltr'><strong>propterea</strong></span> <span class='ocrx_word' id='word_1_815' title='bbox 2835 4620 2978 4660; x_wconf 89' lang='lat' dir='ltr'><strong>nunc</strong></span> <span class='ocrx_word' id='word_1_816' title='bbox 3015 4606 3324 4660; x_wconf 86' lang='lat' dir='ltr'><strong>consolatur</strong></span> <span class='ocrx_word' id='word_1_817' title='bbox 3351 4604 3458 4660; x_wconf 88' lang='lat' dir='ltr'><strong>hoc</strong></span> <span class='ocrx_word' id='word_1_818' title='bbox 3497 4608 3554 4660; x_wconf 87' lang='lat' dir='ltr'><strong>in</strong></span> <span class='ocrx_word' id='word_1_819' title='bbox 3587 4609 3728 4669; x_wconf 85' lang='lat' dir='ltr'><strong>loco,</strong></span> 
     </span>
    </p>
   </div>
   <div class='ocr_carea' id='block_1_107' title="bbox 2141 4695 3730 4761">
    <p class='ocr_par' dir='ltr' id='par_1_107' title="bbox 2141 4695 3730 4761">
     <span class='ocr_line' id='line_1_107' title="bbox 2141 4695 3730 4761; baseline 0.004 -14"><span class='ocrx_word' id='word_1_820' title='bbox 2141 4701 2198 4747; x_wconf 83' lang='lat' dir='ltr'><strong>tu</strong></span> <span class='ocrx_word' id='word_1_821' title='bbox 2225 4708 2358 4748; x_wconf 82' lang='lat' dir='ltr'><strong>vero</strong></span> <span class='ocrx_word' id='word_1_822' title='bbox 2383 4695 2658 4761; x_wconf 83' lang='lat' dir='ltr'><strong>cruciaris,</strong></span> <span class='ocrx_word' id='word_1_823' title='bbox 2686 4705 2740 4751; x_wconf 90' lang='lat' dir='ltr'><strong>et</strong></span> <span class='ocrx_word' id='word_1_824' title='bbox 2766 4696 2897 4752; x_wconf 86' lang='lat' dir='ltr'><strong>ﬁnes</strong></span> <span class='ocrx_word' id='word_1_825' title='bbox 2923 4696 3023 4751; x_wconf 86' lang='lat' dir='ltr'><strong>sibi</strong></span> <span class='ocrx_word' id='word_1_826' title='bbox 3053 4697 3274 4752; x_wconf 82' lang='lat' dir='ltr'><strong>invicem</strong></span> <span class='ocrx_word' id='word_1_827' title='bbox 3297 4698 3609 4754; x_wconf 76' lang='lat' dir='ltr'><strong>contrarios</strong></span> <span class='ocrx_word' id='word_1_828' title='bbox 3630 4713 3730 4753; x_wconf 49' lang='lat' dir='ltr'><strong>sor.</strong></span> 
     </span>
    </p>
   </div>
   <div class='ocr_carea' id='block_1_108' title="bbox 2137 4785 3726 4858">
    <p class='ocr_par' dir='ltr' id='par_1_108' title="bbox 2137 4785 3726 4858">
     <span class='ocr_line' id='line_1_108' title="bbox 2137 4785 3726 4858; baseline 0.004 -19"><span class='ocrx_word' id='word_1_829' title='bbox 2137 4785 2220 4839; x_wconf 87' lang='lat' dir='ltr'><strong>titi</strong></span> <span class='ocrx_word' id='word_1_830' title='bbox 2243 4787 2390 4840; x_wconf 87' lang='lat' dir='ltr'><strong>estis.</strong></span> <span class='ocrx_word' id='word_1_831' title='bbox 2418 4786 2637 4842; x_wconf 86' lang='lat' dir='ltr'><strong>Vidistis</strong></span> <span class='ocrx_word' id='word_1_832' title='bbox 2667 4789 2839 4858; x_wconf 85' lang='lat' dir='ltr'><strong>reipsa</strong></span> <span class='ocrx_word' id='word_1_833' title='bbox 2877 4789 3124 4857; x_wconf 68' lang='lat' dir='ltr'><strong>spatiosa:</strong></span> <span class='ocrx_word' id='word_1_834' title='bbox 3149 4804 3214 4845; x_wconf 90' lang='lat' dir='ltr'><strong>ac</strong></span> <span class='ocrx_word' id='word_1_835' title='bbox 3250 4790 3369 4845; x_wconf 70' lang='lat' dir='ltr'><strong>lane</strong></span> <span class='ocrx_word' id='word_1_836' title='bbox 3393 4791 3498 4845; x_wconf 76' lang='lat' dir='ltr'><strong>viae</strong></span> <span class='ocrx_word' id='word_1_837' title='bbox 3536 4793 3726 4858; x_wconf 76' lang='lat' dir='ltr'><strong>finem,</strong></span> 
     </span>
    </p>
   </div>
   <div class='ocr_carea' id='block_1_109' title="bbox 2135 4880 3732 4949">
    <p class='ocr_par' dir='ltr' id='par_1_109' title="bbox 2135 4880 3732 4949">
     <span class='ocr_line' id='line_1_109' title="bbox 2135 4880 3732 4949; baseline 0.003 -17"><span class='ocrx_word' id='word_1_838' title='bbox 2135 4885 2193 4932; x_wconf 87' lang='lat' dir='ltr'><strong>et</strong></span> <span class='ocrx_word' id='word_1_839' title='bbox 2221 4892 2328 4947; x_wconf 87' lang='lat' dir='ltr'><strong>quo</strong></span> <span class='ocrx_word' id='word_1_840' title='bbox 2366 4888 2524 4948; x_wconf 87' lang='lat' dir='ltr'><strong>pacto</strong></span> <span class='ocrx_word' id='word_1_841' title='bbox 2549 4887 2786 4949; x_wconf 72' lang='lat' dir='ltr'><strong>angusta:</strong></span> <span class='ocrx_word' id='word_1_842' title='bbox 2815 4889 2984 4949; x_wconf 69' lang='lat' dir='ltr'><strong>portae</strong></span> <span class='ocrx_word' id='word_1_843' title='bbox 3007 4920 3022 4946; x_wconf 90' lang='lat'><strong>,</strong></span> <span class='ocrx_word' id='word_1_844' title='bbox 3054 4887 3109 4933; x_wconf 90' lang='lat' dir='ltr'><strong>et</strong></span> <span class='ocrx_word' id='word_1_845' title='bbox 3136 4889 3300 4934; x_wconf 63' lang='lat' dir='ltr'><strong>arcae</strong></span> <span class='ocrx_word' id='word_1_846' title='bbox 3323 4880 3429 4934; x_wconf 72' lang='lat' dir='ltr'><strong>via:</strong></span> <span class='ocrx_word' id='word_1_847' title='bbox 3450 4880 3586 4936; x_wconf 80' lang='lat' dir='ltr'><strong>felix</strong></span> <span class='ocrx_word' id='word_1_848' title='bbox 3629 4892 3732 4937; x_wconf 79' lang='lat' dir='ltr'><strong>ter-</strong></span> 
     </span>
    </p>
   </div>
   <div class='ocr_carea' id='block_1_110' title="bbox 2139 4968 3728 5043">
    <p class='ocr_par' dir='ltr' id='par_1_110' title="bbox 2139 4968 3728 5043">
     <span class='ocr_line' id='line_1_110' title="bbox 2139 4968 3728 5043; baseline 0.003 -21"><span class='ocrx_word' id='word_1_849' title='bbox 2139 4968 2314 5023; x_wconf 83' lang='lat' dir='ltr'><strong>minus</strong></span> <span class='ocrx_word' id='word_1_850' title='bbox 2339 4983 2460 5022; x_wconf 87' lang='lat' dir='ltr'><strong>eum</strong></span> <span class='ocrx_word' id='word_1_851' title='bbox 2491 4970 2766 5038; x_wconf 81' lang='lat' dir='ltr'><strong>exceperit</strong></span> <span class='ocrx_word' id='word_1_852' title='bbox 2791 4971 2880 5040; x_wconf 80' lang='lat' dir='ltr'><strong>qui</strong></span> <span class='ocrx_word' id='word_1_853' title='bbox 2914 4970 3078 5040; x_wconf 88' lang='lat' dir='ltr'><strong>ipsam</strong></span> <span class='ocrx_word' id='word_1_854' title='bbox 3106 4971 3363 5040; x_wconf 74' lang='lat' dir='ltr'><strong>elegerat;</strong></span> <span class='ocrx_word' id='word_1_855' title='bbox 3391 4971 3581 5027; x_wconf 83' lang='lat' dir='ltr'><strong>audite</strong></span> <span class='ocrx_word' id='word_1_856' title='bbox 3607 4989 3728 5043; x_wconf 69' lang='lat' dir='ltr'><strong>ergo</strong></span> 
     </span>
    </p>
   </div>
   <div class='ocr_carea' id='block_1_111' title="bbox 2136 5061 3727 5132">
    <p class='ocr_par' dir='ltr' id='par_1_111' title="bbox 2136 5061 3727 5132">
     <span class='ocr_line' id='line_1_111' title="bbox 2136 5061 3727 5132; baseline 0.002 -16"><span class='ocrx_word' id='word_1_857' title='bbox 2136 5068 2192 5116; x_wconf 89' lang='lat' dir='ltr'><strong>et</strong></span> <span class='ocrx_word' id='word_1_858' title='bbox 2214 5075 2526 5130; x_wconf 87' lang='lat' dir='ltr'><strong>responsum</strong></span> <span class='ocrx_word' id='word_1_859' title='bbox 2554 5061 2684 5117; x_wconf 88' lang='lat' dir='ltr'><strong>illud</strong></span> <span class='ocrx_word' id='word_1_860' title='bbox 2715 5062 3037 5117; x_wconf 79' lang='lat' dir='ltr'><strong>terribilius:</strong></span> <span class='ocrx_word' id='word_1_861' title='bbox 3067 5061 3134 5115; x_wconf 85' lang='lat' dir='ltr'><strong>Et</strong></span> <span class='ocrx_word' id='word_1_862' title='bbox 3171 5061 3239 5115; x_wconf 86' lang='lat' dir='ltr'><strong>ad</strong></span> <span class='ocrx_word' id='word_1_863' title='bbox 3262 5061 3370 5116; x_wconf 68' lang='lat' dir='ltr'><strong>hac</strong></span> <span class='ocrx_word' id='word_1_864' title='bbox 3396 5065 3610 5132; x_wconf 81' lang='lat' dir='ltr'><strong>omnia,</strong></span> <span class='ocrx_word' id='word_1_865' title='bbox 3647 5066 3727 5119; x_wconf 80' lang='lat' dir='ltr'><strong>in-</strong></span> 
     </span>
    </p>
   </div>
   <div class='ocr_carea' id='block_1_112' title="bbox 2134 5151 3727 5226">
    <p class='ocr_par' dir='ltr' id='par_1_112' title="bbox 2134 5151 3727 5226">
     <span class='ocr_line' id='line_1_112' title="bbox 2134 5151 3727 5226; baseline 0.004 -21"><span class='ocrx_word' id='word_1_866' title='bbox 2134 5151 2280 5220; x_wconf 83' lang='lat' dir='ltr'><strong>quit,</strong></span> <span class='ocrx_word' id='word_1_867' title='bbox 2311 5153 2438 5206; x_wconf 88' lang='lat' dir='ltr'><strong>inter</strong></span> <span class='ocrx_word' id='word_1_868' title='bbox 2462 5168 2554 5208; x_wconf 83' lang='lat' dir='ltr'><strong>nos</strong></span> <span class='ocrx_word' id='word_1_869' title='bbox 2581 5163 2631 5207; x_wconf 82' lang='lat' dir='ltr'><strong>et</strong></span> <span class='ocrx_word' id='word_1_870' title='bbox 2655 5169 2743 5208; x_wconf 80' lang='lat' dir='ltr'><strong>uos</strong></span> <span class='ocrx_word' id='word_1_871' title='bbox 2777 5155 2943 5208; x_wconf 76' lang='lat' dir='ltr'><strong>hiatus</strong></span> <span class='ocrx_word' id='word_1_872' title='bbox 2972 5171 3185 5226; x_wconf 79' lang='lat' dir='ltr'><strong>magnus</strong></span> <span class='ocrx_word' id='word_1_873' title='bbox 3213 5154 3518 5210; x_wconf 78' lang='lat' dir='ltr'><strong>constitutus</strong></span> <span class='ocrx_word' id='word_1_874' title='bbox 3541 5165 3647 5223; x_wconf 82' lang='lat' dir='ltr'><strong>est,</strong></span> <span class='ocrx_word' id='word_1_875' title='bbox 3675 5168 3727 5210; x_wconf 78' lang='lat' dir='ltr'><strong>ut</strong></span> 
     </span>
    </p>
   </div>
   <div class='ocr_carea' id='block_1_113' title="bbox 2134 5241 3724 5317">
    <p class='ocr_par' dir='ltr' id='par_1_113' title="bbox 2134 5241 3724 5317">
     <span class='ocr_line' id='line_1_113' title="bbox 2134 5241 3724 5317; baseline 0.005 -23"><span class='ocrx_word' id='word_1_876' title='bbox 2134 5241 2172 5294; x_wconf 88' lang='lat' dir='ltr'><strong>ii</strong></span> <span class='ocrx_word' id='word_1_877' title='bbox 2197 5242 2283 5313; x_wconf 86' lang='lat' dir='ltr'><strong>qui</strong></span> <span class='ocrx_word' id='word_1_878' title='bbox 2312 5243 2484 5297; x_wconf 72' lang='lat' dir='ltr'><strong>colum</strong></span> <span class='ocrx_word' id='word_1_879' title='bbox 2510 5244 2628 5297; x_wconf 83' lang='lat' dir='ltr'><strong>hinc</strong></span> <span class='ocrx_word' id='word_1_880' title='bbox 2655 5246 2870 5299; x_wconf 80' lang='lat' dir='ltr'><strong>transire</strong></span> <span class='ocrx_word' id='word_1_881' title='bbox 2892 5245 3016 5299; x_wconf 82' lang='lat' dir='ltr'><strong>illuc</strong></span> <span class='ocrx_word' id='word_1_882' title='bbox 3041 5262 3142 5300; x_wconf 85' lang='lat' dir='ltr'><strong>non</strong></span> <span class='ocrx_word' id='word_1_883' title='bbox 3171 5246 3384 5315; x_wconf 81' lang='lat' dir='ltr'><strong>possint,</strong></span> <span class='ocrx_word' id='word_1_884' title='bbox 3414 5263 3585 5317; x_wconf 79' lang='lat' dir='ltr'><strong>neque</strong></span> <span class='ocrx_word' id='word_1_885' title='bbox 3609 5250 3724 5302; x_wconf 66' lang='lat' dir='ltr'><strong>inde</strong></span> 
     </span>
    </p>
   </div>
   <div class='ocr_carea' id='block_1_114' title="bbox 2133 5332 3720 5406">
    <p class='ocr_par' dir='ltr' id='par_1_114' title="bbox 2133 5332 3720 5406">
     <span class='ocr_line' id='line_1_114' title="bbox 2133 5332 3720 5406; baseline 0.002 -21"><span class='ocrx_word' id='word_1_886' title='bbox 2133 5332 2230 5386; x_wconf 81' lang='lat' dir='ltr'><strong>huc</strong></span> <span class='ocrx_word' id='word_1_887' title='bbox 2257 5343 2587 5389; x_wconf 81' lang='lat' dir='ltr'><strong>transmeare.</strong></span> <span class='ocrx_word' id='word_1_888' title='bbox 2608 5334 2687 5390; x_wconf 86' lang='lat' dir='ltr'><strong>Ne</strong></span> <span class='ocrx_word' id='word_1_889' title='bbox 2715 5347 2916 5391; x_wconf 83' lang='lat' dir='ltr'><strong>temere</strong></span> <span class='ocrx_word' id='word_1_890' title='bbox 2941 5345 3339 5406; x_wconf 64' lang='lat' dir='ltr'><strong>prietereamus,</strong></span> <span class='ocrx_word' id='word_1_891' title='bbox 3359 5335 3720 5402; x_wconf 71' lang='lat' dir='ltr'><strong>dilectissimi,</strong></span> 
     </span>
    </p>
   </div>
   <div class='ocr_carea' id='block_1_115' title="bbox 2132 5423 3722 5493">
    <p class='ocr_par' dir='ltr' id='par_1_115' title="bbox 2132 5423 3722 5493">
     <span class='ocr_line' id='line_1_115' title="bbox 2132 5423 3722 5493; baseline 0.003 -16"><span class='ocrx_word' id='word_1_892' title='bbox 2132 5424 2273 5492; x_wconf 83' lang='lat' dir='ltr'><strong>quod</strong></span> <span class='ocrx_word' id='word_1_893' title='bbox 2300 5423 2499 5479; x_wconf 88' lang='lat' dir='ltr'><strong>dictum</strong></span> <span class='ocrx_word' id='word_1_894' title='bbox 2524 5433 2635 5493; x_wconf 90' lang='lat' dir='ltr'><strong>est,</strong></span> <span class='ocrx_word' id='word_1_895' title='bbox 2664 5425 2759 5481; x_wconf 86' lang='lat' dir='ltr'><strong>sed</strong></span> <span class='ocrx_word' id='word_1_896' title='bbox 2801 5436 3042 5482; x_wconf 86' lang='lat' dir='ltr'><strong>exactam</strong></span> <span class='ocrx_word' id='word_1_897' title='bbox 3086 5426 3346 5482; x_wconf 83' lang='lat' dir='ltr'><strong>orationis</strong></span> <span class='ocrx_word' id='word_1_898' title='bbox 3389 5427 3497 5480; x_wconf 86' lang='lat' dir='ltr'><strong>vim</strong></span> <span class='ocrx_word' id='word_1_899' title='bbox 3541 5438 3722 5481; x_wconf 73' lang='lat' dir='ltr'><strong>inmte</strong></span> 
     </span>
    </p>
   </div>
   <div class='ocr_carea' id='block_1_116' title="bbox 2130 5518 3719 5588">
    <p class='ocr_par' dir='ltr' id='par_1_116' title="bbox 2130 5518 3719 5588">
     <span class='ocr_line' id='line_1_116' title="bbox 2130 5518 3719 5588; baseline 0.003 -19"><span class='ocrx_word' id='word_1_900' title='bbox 2130 5530 2424 5582; x_wconf 84' lang='lat' dir='ltr'><strong>versemus,</strong></span> <span class='ocrx_word' id='word_1_901' title='bbox 2453 5526 2509 5572; x_wconf 85' lang='lat' dir='ltr'><strong>et</strong></span> <span class='ocrx_word' id='word_1_902' title='bbox 2531 5526 2730 5587; x_wconf 85' lang='lat' dir='ltr'><strong>quanto</strong></span> <span class='ocrx_word' id='word_1_903' title='bbox 2760 5518 3058 5588; x_wconf 78' lang='lat' dir='ltr'><strong>perfruatur</strong></span> <span class='ocrx_word' id='word_1_904' title='bbox 3083 5518 3315 5582; x_wconf 83' lang='lat' dir='ltr'><strong>honore,</strong></span> <span class='ocrx_word' id='word_1_905' title='bbox 3345 5527 3553 5588; x_wconf 78' lang='lat' dir='ltr'><strong>quanta</strong></span> <span class='ocrx_word' id='word_1_906' title='bbox 3581 5519 3719 5574; x_wconf 65' lang='lat' dir='ltr'><strong>sedis</strong></span> 
     </span>
    </p>
   </div>
   <div class='ocr_carea' id='block_1_117' title="bbox 2130 5610 3718 5683">
    <p class='ocr_par' dir='ltr' id='par_1_117' title="bbox 2130 5610 3718 5683">
     <span class='ocr_line' id='line_1_117' title="bbox 2130 5610 3718 5683; baseline 0.001 -20"><span class='ocrx_word' id='word_1_907' title='bbox 2130 5610 2500 5679; x_wconf 69' lang='lat' dir='ltr'><strong>praerogativa,</strong></span> <span class='ocrx_word' id='word_1_908' title='bbox 2533 5611 2623 5680; x_wconf 84' lang='lat' dir='ltr'><strong>qui</strong></span> <span class='ocrx_word' id='word_1_909' title='bbox 2655 5626 2751 5682; x_wconf 81' lang='lat' dir='ltr'><strong>pre</strong></span> <span class='ocrx_word' id='word_1_910' title='bbox 2774 5612 3038 5667; x_wconf 84' lang='lat' dir='ltr'><strong>vestibulo</strong></span> <span class='ocrx_word' id='word_1_911' title='bbox 3058 5611 3302 5683; x_wconf 85' lang='lat' dir='ltr'><strong>jacebat,</strong></span> <span class='ocrx_word' id='word_1_912' title='bbox 3339 5611 3431 5666; x_wconf 87' lang='lat' dir='ltr'><strong>ille</strong></span> <span class='ocrx_word' id='word_1_913' title='bbox 3471 5611 3718 5681; x_wconf 78' lang='lat' dir='ltr'><strong>ahjectus</strong></span> 
     </span>
    </p>
   </div>
   <div class='ocr_carea' id='block_1_118' title="bbox 2127 5702 3714 5773">
    <p class='ocr_par' dir='ltr' id='par_1_118' title="bbox 2127 5702 3714 5773">
     <span class='ocr_line' id='line_1_118' title="bbox 2127 5702 3714 5773; baseline 0.001 -19"><span class='ocrx_word' id='word_1_914' title='bbox 2127 5709 2181 5755; x_wconf 89' lang='lat' dir='ltr'><strong>et</strong></span> <span class='ocrx_word' id='word_1_915' title='bbox 2211 5715 2431 5770; x_wconf 85' lang='lat' dir='ltr'><strong>pauper,</strong></span> <span class='ocrx_word' id='word_1_916' title='bbox 2459 5702 2550 5757; x_wconf 90' lang='lat' dir='ltr'><strong>ille</strong></span> <span class='ocrx_word' id='word_1_917' title='bbox 2577 5703 2667 5773; x_wconf 78' lang='lat' dir='ltr'><strong>qui</strong></span> <span class='ocrx_word' id='word_1_918' title='bbox 2699 5703 2836 5760; x_wconf 78' lang='lat' dir='ltr'><strong>fame</strong></span> <span class='ocrx_word' id='word_1_919' title='bbox 2871 5703 3296 5770; x_wconf 76' lang='lat' dir='ltr'><strong>conﬂictabatur,</strong></span> <span class='ocrx_word' id='word_1_920' title='bbox 3327 5703 3417 5758; x_wconf 80' lang='lat' dir='ltr'><strong>ille</strong></span> <span class='ocrx_word' id='word_1_921' title='bbox 3443 5705 3714 5759; x_wconf 80' lang='lat' dir='ltr'><strong>ulceribus</strong></span> 
     </span>
    </p>
   </div>
   <div class='ocr_carea' id='block_1_119' title="bbox 2128 5791 3031 5865">
    <p class='ocr_par' dir='ltr' id='par_1_119' title="bbox 2128 5791 3031 5865">
     <span class='ocr_line' id='line_1_119' title="bbox 2128 5791 3031 5865; baseline 0.001 -19"><span class='ocrx_word' id='word_1_922' title='bbox 2128 5791 2386 5862; x_wconf 84' lang='lat' dir='ltr'><strong>Oppletus.</strong></span> <span class='ocrx_word' id='word_1_923' title='bbox 2415 5801 2470 5848; x_wconf 86' lang='lat' dir='ltr'><strong>et</strong></span> <span class='ocrx_word' id='word_1_924' title='bbox 2494 5795 2716 5850; x_wconf 87' lang='lat' dir='ltr'><strong>canibus</strong></span> <span class='ocrx_word' id='word_1_925' title='bbox 2737 5796 3031 5865; x_wconf 88' lang='lat' dir='ltr'><strong>expositus.</strong></span> 
     </span>
    </p>
   </div>
   <div class='ocr_carea' id='block_1_120' title="bbox 2201 5876 3715 5958">
    <p class='ocr_par' dir='ltr' id='par_1_120' title="bbox 2201 5876 3715 5958">
     <span class='ocr_line' id='line_1_120' title="bbox 2201 5876 3715 5958; baseline 0.001 -20"><span class='ocrx_word' id='word_1_926' title='bbox 2201 5882 2321 5939; x_wconf 79' lang='lat' dir='ltr'><strong>Non</strong></span> <span class='ocrx_word' id='word_1_927' title='bbox 2367 5903 2612 5956; x_wconf 76' lang='lat' dir='ltr'><strong>pauperes</strong></span> <span class='ocrx_word' id='word_1_928' title='bbox 2653 5897 2699 5942; x_wconf 75' lang='lat' dir='ltr'><strong>et</strong></span> <span class='ocrx_word' id='word_1_929' title='bbox 2743 5888 2909 5958; x_wconf 69' lang='lat' dir='ltr'><strong>aﬁlirti</strong></span> <span class='ocrx_word' id='word_1_930' title='bbox 2954 5889 3118 5943; x_wconf 76' lang='lat' dir='ltr'><strong>miseri</strong></span> <span class='ocrx_word' id='word_1_931' title='bbox 3178 5897 3312 5944; x_wconf 84' lang='lat' dir='ltr'><strong>sunt.</strong></span> <span class='ocrx_word' id='word_1_932' title='bbox 3339 5919 3400 5926; x_wconf 91' lang='lat'><strong>-</strong></span> <span class='ocrx_word' id='word_1_933' title='bbox 3436 5876 3715 5937; x_wconf 67' lang='lat' dir='ltr'><strong>LUDculrr</strong></span> 
     </span>
    </p>
   </div>
   <div class='ocr_carea' id='block_1_121' title="bbox 3649 423 3849 476">
    <p class='ocr_par' dir='ltr' id='par_1_121' title="bbox 3649 423 3849 476">
     <span class='ocr_line' id='line_1_121' title="bbox 3649 423 3849 476; baseline 0 0"><span class='ocrx_word' id='word_1_934' title='bbox 3649 423 3766 476; x_wconf 62' lang='lat' dir='ltr'><strong>illi]</strong></span> <span class='ocrx_word' id='word_1_935' title='bbox 3848 423 3849 462; x_wconf 57' lang='grc' dir='ltr'>ἶ</span> 
     </span>
    </p>
   </div>
  </div>
