  <div class='ocr_page' id='page_1' title='image "/cluster/home/n/w/nwhite01/storage/ocr_20150623/48/hvd.32044014784250/536.png"; bbox 0 0 3784 6240; ppageno 0'>
   <div class='ocr_carea' id='block_1_1' title="bbox 104 444 233 502">
    <p class='ocr_par' dir='ltr' id='par_1_1' title="bbox 104 444 233 502">
     <span class='ocr_line' id='line_1_1' title="bbox 104 444 233 502; baseline -0.039 0"><span class='ocrx_word' id='word_1_1' title='bbox 104 444 233 502; x_wconf 75' lang='grc'><strong>1055</strong></span> 
     </span>
    </p>
   </div>
   <div class='ocr_carea' id='block_1_2' title="bbox 2 531 1681 618">
    <p class='ocr_par' dir='ltr' id='par_1_2' title="bbox 2 531 1681 618">
     <span class='ocr_line' id='line_1_2' title="bbox 2 531 1681 618; baseline -0.01 -7"><span class='ocrx_word' id='word_1_2' title='bbox 2 531 28 613; x_wconf 35' lang='grc' dir='ltr'><strong><em>ί</em></strong></span> <span class='ocrx_word' id='word_1_3' title='bbox 91 550 228 613; x_wconf 80' lang='lat' dir='ltr'><strong>enim</strong></span> <span class='ocrx_word' id='word_1_4' title='bbox 268 550 408 607; x_wconf 89' lang='lat' dir='ltr'><strong>hanc</strong></span> <span class='ocrx_word' id='word_1_5' title='bbox 437 563 550 606; x_wconf 86' lang='lat' dir='ltr'><strong>rem</strong></span> <span class='ocrx_word' id='word_1_6' title='bbox 581 546 826 605; x_wconf 88' lang='lat' dir='ltr'><strong>oratione</strong></span> <span class='ocrx_word' id='word_1_7' title='bbox 850 561 995 618; x_wconf 72' lang='lat' dir='ltr'><strong>smpe</strong></span> <span class='ocrx_word' id='word_1_8' title='bbox 1024 559 1202 613; x_wconf 82' lang='lat' dir='ltr'><strong>verso,</strong></span> <span class='ocrx_word' id='word_1_9' title='bbox 1227 553 1284 600; x_wconf 90' lang='lat' dir='ltr'><strong>ut</strong></span> <span class='ocrx_word' id='word_1_10' title='bbox 1305 558 1462 601; x_wconf 89' lang='lat' dir='ltr'><strong>nemo</strong></span> <span class='ocrx_word' id='word_1_11' title='bbox 1485 559 1550 600; x_wconf 78' lang='lat' dir='ltr'><strong>ex</strong></span> <span class='ocrx_word' id='word_1_12' title='bbox 1573 541 1681 597; x_wconf 86' lang='lat' dir='ltr'><strong>illis</strong></span> 
     </span>
    </p>
   </div>
   <div class='ocr_carea' id='block_1_3' title="bbox 3 634 1684 718">
    <p class='ocr_par' dir='ltr' id='par_1_3' title="bbox 3 634 1684 718">
     <span class='ocr_line' id='line_1_3' title="bbox 3 634 1684 718; baseline -0.008 -15"><span class='ocrx_word' id='word_1_13' title='bbox 3 634 28 710; x_wconf 56' lang='grc' dir='ltr'>ί</span> <span class='ocrx_word' id='word_1_14' title='bbox 93 647 178 718; x_wconf 87' lang='lat' dir='ltr'><strong>qui</strong></span> <span class='ocrx_word' id='word_1_15' title='bbox 208 651 446 714; x_wconf 75' lang='lat' dir='ltr'><strong>egestate</strong></span> <span class='ocrx_word' id='word_1_16' title='bbox 467 641 550 697; x_wconf 88' lang='lat' dir='ltr'><strong>vel</strong></span> <span class='ocrx_word' id='word_1_17' title='bbox 581 639 782 696; x_wconf 83' lang='lat' dir='ltr'><strong>morbis</strong></span> <span class='ocrx_word' id='word_1_18' title='bbox 807 646 861 695; x_wconf 92' lang='lat' dir='ltr'><strong>et</strong></span> <span class='ocrx_word' id='word_1_19' title='bbox 887 638 1028 694; x_wconf 88' lang='lat' dir='ltr'><strong>fame</strong></span> <span class='ocrx_word' id='word_1_20' title='bbox 1060 644 1393 708; x_wconf 85' lang='lat' dir='ltr'><strong>premuntur,</strong></span> <span class='ocrx_word' id='word_1_21' title='bbox 1422 650 1481 691; x_wconf 88' lang='lat' dir='ltr'><strong>se</strong></span> <span class='ocrx_word' id='word_1_22' title='bbox 1506 644 1684 691; x_wconf 90' lang='lat' dir='ltr'><strong>conte-</strong></span> 
     </span>
    </p>
   </div>
   <div class='ocr_carea' id='block_1_4' title="bbox 2 719 1685 812">
    <p class='ocr_par' dir='ltr' id='par_1_4' title="bbox 2 719 1685 812">
     <span class='ocr_line' id='line_1_4' title="bbox 2 719 1685 812; baseline -0.005 -21"><span class='ocrx_word' id='word_1_23' title='bbox 2 719 14 812; x_wconf 53' lang='grc' dir='ltr'>ξ</span> <span class='ocrx_word' id='word_1_24' title='bbox 103 743 253 801; x_wconf 88' lang='lat' dir='ltr'><strong>unat,</strong></span> <span class='ocrx_word' id='word_1_25' title='bbox 286 746 340 792; x_wconf 90' lang='lat' dir='ltr'><strong>et</strong></span> <span class='ocrx_word' id='word_1_26' title='bbox 367 735 603 806; x_wconf 90' lang='lat' dir='ltr'><strong>seipsum</strong></span> <span class='ocrx_word' id='word_1_27' title='bbox 651 733 908 788; x_wconf 89' lang='lat' dir='ltr'><strong>miserum</strong></span> <span class='ocrx_word' id='word_1_28' title='bbox 946 731 1262 796; x_wconf 90' lang='lat' dir='ltr'><strong>arbitretur;</strong></span> <span class='ocrx_word' id='word_1_29' title='bbox 1291 729 1384 785; x_wconf 89' lang='lat' dir='ltr'><strong>sed</strong></span> <span class='ocrx_word' id='word_1_30' title='bbox 1425 731 1685 800; x_wconf 88' lang='lat' dir='ltr'><strong>patienter</strong></span> 
     </span>
    </p>
   </div>
   <div class='ocr_carea' id='block_1_5' title="bbox 27 823 1684 900">
    <p class='ocr_par' dir='ltr' id='par_1_5' title="bbox 27 823 1684 900">
     <span class='ocr_line' id='line_1_5' title="bbox 27 823 1684 900; baseline -0.004 -18"><span class='ocrx_word' id='word_1_31' title='bbox 27 878 32 882; x_wconf 92' lang='lat'><strong>.</strong></span> <span class='ocrx_word' id='word_1_32' title='bbox 102 841 143 886; x_wconf 77' lang='lat' dir='ltr'><strong>et</strong></span> <span class='ocrx_word' id='word_1_33' title='bbox 179 844 302 885; x_wconf 90' lang='lat' dir='ltr'><strong>cum</strong></span> <span class='ocrx_word' id='word_1_34' title='bbox 339 826 634 900; x_wconf 86' lang='lat' dir='ltr'><strong>gratiarum</strong></span> <span class='ocrx_word' id='word_1_35' title='bbox 679 827 891 882; x_wconf 88' lang='lat' dir='ltr'><strong>actione</strong></span> <span class='ocrx_word' id='word_1_36' title='bbox 934 833 1123 880; x_wconf 91' lang='lat' dir='ltr'><strong>cuncta</strong></span> <span class='ocrx_word' id='word_1_37' title='bbox 1152 825 1328 880; x_wconf 88' lang='lat' dir='ltr'><strong>ferens</strong></span> <span class='ocrx_word' id='word_1_38' title='bbox 1355 867 1370 889; x_wconf 97' lang='lat'><strong>,</strong></span> <span class='ocrx_word' id='word_1_39' title='bbox 1407 823 1542 878; x_wconf 89' lang='lat' dir='ltr'><strong>bona</strong></span> <span class='ocrx_word' id='word_1_40' title='bbox 1589 839 1684 893; x_wconf 85' lang='lat' dir='ltr'><strong>spe</strong></span> 
     </span>
    </p>
   </div>
   <div class='ocr_carea' id='block_1_6' title="bbox 2 916 1686 990">
    <p class='ocr_par' dir='ltr' id='par_1_6' title="bbox 2 916 1686 990">
     <span class='ocr_line' id='line_1_6' title="bbox 2 916 1686 990; baseline -0.005 -12"><span class='ocrx_word' id='word_1_41' title='bbox 2 956 19 978; x_wconf 81' lang='lat'><strong>.-</strong></span> <span class='ocrx_word' id='word_1_42' title='bbox 97 927 366 986; x_wconf 74' lang='lat' dir='ltr'><strong>foveatur,</strong></span> <span class='ocrx_word' id='word_1_43' title='bbox 417 931 473 976; x_wconf 90' lang='lat' dir='ltr'><strong>et</strong></span> <span class='ocrx_word' id='word_1_44' title='bbox 517 921 606 976; x_wconf 84' lang='lat' dir='ltr'><strong>illa</strong></span> <span class='ocrx_word' id='word_1_45' title='bbox 650 935 770 990; x_wconf 67' lang='lat' dir='ltr'><strong>qua:</strong></span> <span class='ocrx_word' id='word_1_46' title='bbox 810 919 971 974; x_wconf 88' lang='lat' dir='ltr'><strong>nullis</strong></span> <span class='ocrx_word' id='word_1_47' title='bbox 996 919 1223 989; x_wconf 84' lang='lat' dir='ltr'><strong>exprimi</strong></span> <span class='ocrx_word' id='word_1_48' title='bbox 1265 916 1442 972; x_wconf 83' lang='lat' dir='ltr'><strong>verbis</strong></span> <span class='ocrx_word' id='word_1_49' title='bbox 1483 926 1686 988; x_wconf 89' lang='lat' dir='ltr'><strong>queunt</strong></span> 
     </span>
    </p>
   </div>
   <div class='ocr_carea' id='block_1_7' title="bbox 2 1008 1685 1084">
    <p class='ocr_par' dir='ltr' id='par_1_7' title="bbox 2 1008 1685 1084">
     <span class='ocr_line' id='line_1_7' title="bbox 2 1008 1685 1084; baseline -0.004 -17"><span class='ocrx_word' id='word_1_50' title='bbox 2 1034 19 1044; x_wconf 54' lang='grc' dir='ltr'><strong>π-</strong></span> <span class='ocrx_word' id='word_1_51' title='bbox 98 1014 312 1084; x_wconf 83' lang='lat' dir='ltr'><strong>praemia</strong></span> <span class='ocrx_word' id='word_1_52' title='bbox 339 1054 352 1078; x_wconf 91' lang='lat'><strong>,</strong></span> <span class='ocrx_word' id='word_1_53' title='bbox 387 1012 736 1082; x_wconf 86' lang='lat' dir='ltr'><strong>laborumque</strong></span> <span class='ocrx_word' id='word_1_54' title='bbox 779 1011 1237 1066; x_wconf 91' lang='lat' dir='ltr'><strong>remunerationes</strong></span> <span class='ocrx_word' id='word_1_55' title='bbox 1278 1015 1571 1079; x_wconf 76' lang='lat' dir='ltr'><strong>exspectet.</strong></span> <span class='ocrx_word' id='word_1_56' title='bbox 1617 1008 1685 1062; x_wconf 82' lang='lat' dir='ltr'><strong>Et</strong></span> 
     </span>
    </p>
   </div>
   <div class='ocr_carea' id='block_1_8' title="bbox 7 1101 1682 1172">
    <p class='ocr_par' dir='ltr' id='par_1_8' title="bbox 7 1101 1682 1172">
     <span class='ocr_line' id='line_1_8' title="bbox 7 1101 1682 1172; baseline -0.004 -10"><span class='ocrx_word' id='word_1_57' title='bbox 7 1125 16 1140; x_wconf 91' lang='grc'><strong>·-</strong></span> <span class='ocrx_word' id='word_1_58' title='bbox 94 1106 158 1162; x_wconf 78' lang='lat' dir='ltr'><strong>ad</strong></span> <span class='ocrx_word' id='word_1_59' title='bbox 183 1111 291 1160; x_wconf 66' lang='lat' dir='ltr'><strong>haec</strong></span> <span class='ocrx_word' id='word_1_60' title='bbox 317 1107 506 1160; x_wconf 83' lang='lat' dir='ltr'><strong>omnia.</strong></span> <span class='ocrx_word' id='word_1_61' title='bbox 528 1104 666 1172; x_wconf 84' lang='lat' dir='ltr'><strong>Quid</strong></span> <span class='ocrx_word' id='word_1_62' title='bbox 691 1115 792 1172; x_wconf 89' lang='lat' dir='ltr'><strong>est,</strong></span> <span class='ocrx_word' id='word_1_63' title='bbox 822 1105 891 1158; x_wconf 84' lang='lat' dir='ltr'><strong>ad</strong></span> <span class='ocrx_word' id='word_1_64' title='bbox 909 1105 1017 1158; x_wconf 76' lang='lat' dir='ltr'><strong>lure</strong></span> <span class='ocrx_word' id='word_1_65' title='bbox 1038 1102 1249 1157; x_wconf 80' lang='lat' dir='ltr'><strong>omnia?</strong></span> <span class='ocrx_word' id='word_1_66' title='bbox 1268 1101 1398 1158; x_wconf 89' lang='lat' dir='ltr'><strong>Cum</strong></span> <span class='ocrx_word' id='word_1_67' title='bbox 1425 1103 1682 1156; x_wconf 85' lang='lat' dir='ltr'><strong>dixisset:</strong></span> 
     </span>
    </p>
   </div>
   <div class='ocr_carea' id='block_1_9' title="bbox 21 1197 1685 1269">
    <p class='ocr_par' dir='ltr' id='par_1_9' title="bbox 21 1197 1685 1269">
     <span class='ocr_line' id='line_1_9' title="bbox 21 1197 1685 1269; baseline -0.001 -15"><span class='ocrx_word' id='word_1_68' title='bbox 21 1239 24 1242; x_wconf 65' lang='grc' dir='ltr'><em>ς</em></span> <span class='ocrx_word' id='word_1_69' title='bbox 95 1210 147 1254; x_wconf 91' lang='lat' dir='ltr'><strong>tu</strong></span> <span class='ocrx_word' id='word_1_70' title='bbox 167 1199 380 1269; x_wconf 83' lang='lat' dir='ltr'><strong>quidem</strong></span> <span class='ocrx_word' id='word_1_71' title='bbox 405 1200 458 1254; x_wconf 91' lang='lat' dir='ltr'><strong>in</strong></span> <span class='ocrx_word' id='word_1_72' title='bbox 489 1199 592 1254; x_wconf 89' lang='lat' dir='ltr'><strong>hac</strong></span> <span class='ocrx_word' id='word_1_73' title='bbox 617 1201 724 1254; x_wconf 88' lang='lat' dir='ltr'><strong>vita</strong></span> <span class='ocrx_word' id='word_1_74' title='bbox 749 1206 938 1253; x_wconf 88' lang='lat' dir='ltr'><strong>cuneta</strong></span> <span class='ocrx_word' id='word_1_75' title='bbox 965 1197 1236 1268; x_wconf 90' lang='lat' dir='ltr'><strong>recepisti,</strong></span> <span class='ocrx_word' id='word_1_76' title='bbox 1263 1212 1383 1268; x_wconf 88' lang='lat' dir='ltr'><strong>quae</strong></span> <span class='ocrx_word' id='word_1_77' title='bbox 1407 1211 1526 1251; x_wconf 84' lang='lat' dir='ltr'><strong>esse</strong></span> <span class='ocrx_word' id='word_1_78' title='bbox 1549 1197 1685 1252; x_wconf 91' lang='lat' dir='ltr'><strong>bona</strong></span> 
     </span>
    </p>
   </div>
   <div class='ocr_carea' id='block_1_10' title="bbox 9 1287 1684 1362">
    <p class='ocr_par' dir='ltr' id='par_1_10' title="bbox 9 1287 1684 1362">
     <span class='ocr_line' id='line_1_10' title="bbox 9 1287 1684 1362; baseline -0.003 -16"><span class='ocrx_word' id='word_1_79' title='bbox 9 1318 16 1324; x_wconf 93' lang='lat'><strong><em>-</em></strong></span> <span class='ocrx_word' id='word_1_80' title='bbox 97 1306 308 1359; x_wconf 87' lang='lat' dir='ltr'><strong>censes,</strong></span> <span class='ocrx_word' id='word_1_81' title='bbox 335 1303 388 1346; x_wconf 87' lang='lat' dir='ltr'><strong>et</strong></span> <span class='ocrx_word' id='word_1_82' title='bbox 418 1291 506 1347; x_wconf 86' lang='lat' dir='ltr'><strong>hic</strong></span> <span class='ocrx_word' id='word_1_83' title='bbox 535 1307 597 1347; x_wconf 88' lang='lat' dir='ltr'><strong>ea</strong></span> <span class='ocrx_word' id='word_1_84' title='bbox 627 1291 859 1362; x_wconf 91' lang='lat' dir='ltr'><strong>recepit,</strong></span> <span class='ocrx_word' id='word_1_85' title='bbox 883 1306 1001 1361; x_wconf 75' lang='lat' dir='ltr'><strong>quae</strong></span> <span class='ocrx_word' id='word_1_86' title='bbox 1029 1300 1082 1344; x_wconf 93' lang='lat' dir='ltr'><strong>tu</strong></span> <span class='ocrx_word' id='word_1_87' title='bbox 1112 1290 1250 1344; x_wconf 89' lang='lat' dir='ltr'><strong>mala</strong></span> <span class='ocrx_word' id='word_1_88' title='bbox 1275 1303 1395 1344; x_wconf 90' lang='lat' dir='ltr'><strong>esse</strong></span> <span class='ocrx_word' id='word_1_89' title='bbox 1415 1287 1648 1342; x_wconf 87' lang='lat' dir='ltr'><strong>ducebas</strong></span> <span class='ocrx_word' id='word_1_90' title='bbox 1668 1326 1684 1350; x_wconf 90' lang='lat'><strong>,</strong></span> 
     </span>
    </p>
   </div>
   <div class='ocr_carea' id='block_1_11' title="bbox 3 1373 1686 1455">
    <p class='ocr_par' dir='ltr' id='par_1_11' title="bbox 3 1373 1686 1455">
     <span class='ocr_line' id='line_1_11' title="bbox 3 1373 1686 1455; baseline -0.006 -14"><span class='ocrx_word' id='word_1_91' title='bbox 3 1377 14 1388; x_wconf 67' lang='grc'><strong><em>’</em></strong></span> <span class='ocrx_word' id='word_1_92' title='bbox 94 1385 194 1440; x_wconf 89' lang='lat' dir='ltr'><strong>hoc</strong></span> <span class='ocrx_word' id='word_1_93' title='bbox 239 1373 469 1455; x_wconf 62' lang='lat' dir='ltr'><strong>adfecit,</strong></span> <span class='ocrx_word' id='word_1_94' title='bbox 504 1393 561 1440; x_wconf 93' lang='lat' dir='ltr'><strong>ut</strong></span> <span class='ocrx_word' id='word_1_95' title='bbox 603 1400 728 1440; x_wconf 91' lang='lat' dir='ltr'><strong>eum</strong></span> <span class='ocrx_word' id='word_1_96' title='bbox 773 1384 1025 1451; x_wconf 88' lang='lat' dir='ltr'><strong>doceret,</strong></span> <span class='ocrx_word' id='word_1_97' title='bbox 1056 1396 1485 1452; x_wconf 90' lang='lat' dir='ltr'><strong>unumquemque</strong></span> <span class='ocrx_word' id='word_1_98' title='bbox 1524 1379 1686 1434; x_wconf 87' lang='lat' dir='ltr'><strong>ﬁnem</strong></span> 
     </span>
    </p>
   </div>
   <div class='ocr_carea' id='block_1_12' title="bbox 93 1471 1686 1547">
    <p class='ocr_par' dir='ltr' id='par_1_12' title="bbox 93 1471 1686 1547">
     <span class='ocr_line' id='line_1_12' title="bbox 93 1471 1686 1547; baseline -0.006 -13"><span class='ocrx_word' id='word_1_99' title='bbox 93 1478 195 1534; x_wconf 87' lang='lat' dir='ltr'><strong>sibi</strong></span> <span class='ocrx_word' id='word_1_100' title='bbox 228 1479 632 1534; x_wconf 89' lang='lat' dir='ltr'><strong>convenientem</strong></span> <span class='ocrx_word' id='word_1_101' title='bbox 661 1477 937 1547; x_wconf 82' lang='lat' dir='ltr'><strong>excepisse</strong></span> <span class='ocrx_word' id='word_1_102' title='bbox 968 1478 1033 1530; x_wconf 89' lang='lat' dir='ltr'><strong>ad</strong></span> <span class='ocrx_word' id='word_1_103' title='bbox 1066 1475 1180 1530; x_wconf 69' lang='lat' dir='ltr'><strong>hmc</strong></span> <span class='ocrx_word' id='word_1_104' title='bbox 1203 1473 1380 1529; x_wconf 87' lang='lat' dir='ltr'><strong>omnia</strong></span> <span class='ocrx_word' id='word_1_105' title='bbox 1406 1489 1525 1543; x_wconf 85' lang='lat' dir='ltr'><strong>quae</strong></span> <span class='ocrx_word' id='word_1_106' title='bbox 1545 1471 1686 1526; x_wconf 90' lang='lat' dir='ltr'><strong>dicta</strong></span> 
     </span>
    </p>
   </div>
   <div class='ocr_carea' id='block_1_13' title="bbox 93 1561 1688 1640">
    <p class='ocr_par' dir='ltr' id='par_1_13' title="bbox 93 1561 1688 1640">
     <span class='ocr_line' id='line_1_13' title="bbox 93 1561 1688 1640; baseline -0.006 -15"><span class='ocrx_word' id='word_1_107' title='bbox 93 1578 282 1634; x_wconf 79' lang='lat' dir='ltr'><strong>erant:</strong></span> <span class='ocrx_word' id='word_1_108' title='bbox 311 1579 361 1624; x_wconf 91' lang='lat' dir='ltr'><strong>te</strong></span> <span class='ocrx_word' id='word_1_109' title='bbox 399 1569 614 1640; x_wconf 83' lang='lat' dir='ltr'><strong>quidem</strong></span> <span class='ocrx_word' id='word_1_110' title='bbox 662 1583 763 1622; x_wconf 91' lang='lat' dir='ltr'><strong>una</strong></span> <span class='ocrx_word' id='word_1_111' title='bbox 807 1583 928 1622; x_wconf 92' lang='lat' dir='ltr'><strong>cum</strong></span> <span class='ocrx_word' id='word_1_112' title='bbox 971 1566 1158 1632; x_wconf 85' lang='lat' dir='ltr'><strong>bouis,</strong></span> <span class='ocrx_word' id='word_1_113' title='bbox 1207 1565 1400 1636; x_wconf 90' lang='lat' dir='ltr'><strong>quibus</strong></span> <span class='ocrx_word' id='word_1_114' title='bbox 1454 1572 1503 1618; x_wconf 92' lang='lat' dir='ltr'><strong>te</strong></span> <span class='ocrx_word' id='word_1_115' title='bbox 1530 1561 1688 1633; x_wconf 91' lang='lat' dir='ltr'><strong>potiri</strong></span> 
     </span>
    </p>
   </div>
   <div class='ocr_carea' id='block_1_14' title="bbox 3 1655 1688 1731">
    <p class='ocr_par' dir='ltr' id='par_1_14' title="bbox 3 1655 1688 1731">
     <span class='ocr_line' id='line_1_14' title="bbox 3 1655 1688 1731; baseline -0.011 -7"><span class='ocrx_word' id='word_1_116' title='bbox 3 1721 6 1724; x_wconf 83' lang='lat'><strong>.</strong></span> <span class='ocrx_word' id='word_1_117' title='bbox 93 1662 423 1718; x_wconf 72' lang='lat' dir='ltr'><strong>arbitrabare</strong></span> <span class='ocrx_word' id='word_1_118' title='bbox 444 1703 458 1726; x_wconf 92' lang='lat'><strong>,</strong></span> <span class='ocrx_word' id='word_1_119' title='bbox 492 1661 712 1716; x_wconf 82' lang='lat' dir='ltr'><strong>afflictio</strong></span> <span class='ocrx_word' id='word_1_120' title='bbox 737 1669 790 1715; x_wconf 89' lang='lat' dir='ltr'><strong>et</strong></span> <span class='ocrx_word' id='word_1_121' title='bbox 819 1659 1081 1731; x_wconf 64' lang='lat' dir='ltr'><strong>angustia.-</strong></span> <span class='ocrx_word' id='word_1_122' title='bbox 1101 1699 1116 1723; x_wconf 94' lang='lat'><strong>,</strong></span> <span class='ocrx_word' id='word_1_123' title='bbox 1149 1666 1203 1712; x_wconf 89' lang='lat' dir='ltr'><strong>et</strong></span> <span class='ocrx_word' id='word_1_124' title='bbox 1234 1655 1371 1727; x_wconf 81' lang='lat' dir='ltr'><strong>ignis</strong></span> <span class='ocrx_word' id='word_1_125' title='bbox 1399 1656 1489 1725; x_wconf 93' lang='lat' dir='ltr'><strong>qui</strong></span> <span class='ocrx_word' id='word_1_126' title='bbox 1530 1670 1688 1708; x_wconf 90' lang='lat' dir='ltr'><strong>num-</strong></span> 
     </span>
    </p>
   </div>
   <div class='ocr_carea' id='block_1_15' title="bbox 2 1739 1690 1826">
    <p class='ocr_par' dir='ltr' id='par_1_15' title="bbox 2 1739 1690 1826">
     <span class='ocr_line' id='line_1_15' title="bbox 2 1739 1690 1826; baseline -0.005 -16"><span class='ocrx_word' id='word_1_127' title='bbox 2 1739 6 1745; x_wconf 30' lang='lat'><strong><em>.</em></strong></span> <span class='ocrx_word' id='word_1_128' title='bbox 94 1770 254 1826; x_wconf 89' lang='lat' dir='ltr'><strong>quam</strong></span> <span class='ocrx_word' id='word_1_129' title='bbox 274 1754 628 1824; x_wconf 74' lang='lat' dir='ltr'><strong>exstinguitur</strong></span> <span class='ocrx_word' id='word_1_130' title='bbox 651 1772 663 1806; x_wconf 93' lang='lat'>:</span> <span class='ocrx_word' id='word_1_131' title='bbox 690 1752 831 1808; x_wconf 89' lang='lat' dir='ltr'><strong>hunc</strong></span> <span class='ocrx_word' id='word_1_132' title='bbox 854 1761 1032 1807; x_wconf 91' lang='lat' dir='ltr'><strong>autem</strong></span> <span class='ocrx_word' id='word_1_133' title='bbox 1056 1759 1400 1821; x_wconf 85' lang='lat' dir='ltr'><strong>posteaquam</strong></span> <span class='ocrx_word' id='word_1_134' title='bbox 1431 1758 1542 1803; x_wconf 91' lang='lat' dir='ltr'><strong>toto</strong></span> <span class='ocrx_word' id='word_1_135' title='bbox 1568 1747 1690 1802; x_wconf 59' lang='lat' dir='ltr'><strong>vita!</strong></span> 
     </span>
    </p>
   </div>
   <div class='ocr_carea' id='block_1_16' title="bbox 95 1840 1692 1917">
    <p class='ocr_par' dir='ltr' id='par_1_16' title="bbox 95 1840 1692 1917">
     <span class='ocr_line' id='line_1_16' title="bbox 95 1840 1692 1917; baseline -0.005 -15"><span class='ocrx_word' id='word_1_136' title='bbox 95 1862 208 1902; x_wconf 69' lang='lat' dir='ltr'><strong>sua:</strong></span> <span class='ocrx_word' id='word_1_137' title='bbox 249 1855 485 1917; x_wconf 89' lang='lat' dir='ltr'><strong>tempore</strong></span> <span class='ocrx_word' id='word_1_138' title='bbox 531 1845 867 1901; x_wconf 87' lang='lat' dir='ltr'><strong>conﬂictatus</strong></span> <span class='ocrx_word' id='word_1_139' title='bbox 909 1855 991 1901; x_wconf 89' lang='lat' dir='ltr'><strong>est</strong></span> <span class='ocrx_word' id='word_1_140' title='bbox 1021 1845 1118 1910; x_wconf 92' lang='lat' dir='ltr'><strong>iis,</strong></span> <span class='ocrx_word' id='word_1_141' title='bbox 1144 1859 1264 1914; x_wconf 77' lang='lat' dir='ltr'><strong>qua:</strong></span> <span class='ocrx_word' id='word_1_142' title='bbox 1295 1853 1349 1897; x_wconf 95' lang='lat' dir='ltr'><strong>tu</strong></span> <span class='ocrx_word' id='word_1_143' title='bbox 1385 1840 1524 1896; x_wconf 88' lang='lat' dir='ltr'><strong>mala</strong></span> <span class='ocrx_word' id='word_1_144' title='bbox 1571 1854 1692 1895; x_wconf 89' lang='lat' dir='ltr'><strong>esse</strong></span> 
     </span>
    </p>
   </div>
   <div class='ocr_carea' id='block_1_17' title="bbox 94 1934 1687 2008">
    <p class='ocr_par' dir='ltr' id='par_1_17' title="bbox 94 1934 1687 2008">
     <span class='ocr_line' id='line_1_17' title="bbox 94 1934 1687 2008; baseline -0.006 -15"><span class='ocrx_word' id='word_1_145' title='bbox 94 1937 371 2003; x_wconf 85' lang='lat' dir='ltr'><strong>censebas,</strong></span> <span class='ocrx_word' id='word_1_146' title='bbox 400 1937 643 2008; x_wconf 84' lang='lat' dir='ltr'><strong>voluptas</strong></span> <span class='ocrx_word' id='word_1_147' title='bbox 669 1946 723 1992; x_wconf 90' lang='lat' dir='ltr'><strong>et</strong></span> <span class='ocrx_word' id='word_1_148' title='bbox 750 1937 1014 1992; x_wconf 91' lang='lat' dir='ltr'><strong>bonorum</strong></span> <span class='ocrx_word' id='word_1_149' title='bbox 1045 1934 1401 2004; x_wconf 88' lang='lat' dir='ltr'><strong>participatio,</strong></span> <span class='ocrx_word' id='word_1_150' title='bbox 1431 1941 1488 1988; x_wconf 90' lang='lat' dir='ltr'><strong>et</strong></span> <span class='ocrx_word' id='word_1_151' title='bbox 1510 1947 1687 1986; x_wconf 85' lang='lat' dir='ltr'><strong>aevum</strong></span> 
     </span>
    </p>
   </div>
   <div class='ocr_carea' id='block_1_18' title="bbox 95 2025 1690 2100">
    <p class='ocr_par' dir='ltr' id='par_1_18' title="bbox 95 2025 1690 2100">
     <span class='ocr_line' id='line_1_18' title="bbox 95 2025 1690 2100; baseline -0.004 -17"><span class='ocrx_word' id='word_1_152' title='bbox 95 2029 242 2100; x_wconf 90' lang='lat' dir='ltr'><strong>quod</strong></span> <span class='ocrx_word' id='word_1_153' title='bbox 268 2045 390 2084; x_wconf 90' lang='lat' dir='ltr'><strong>cum</strong></span> <span class='ocrx_word' id='word_1_154' title='bbox 418 2029 620 2084; x_wconf 83' lang='lat' dir='ltr'><strong>sanctis</strong></span> <span class='ocrx_word' id='word_1_155' title='bbox 650 2029 796 2083; x_wconf 83' lang='lat' dir='ltr'><strong>ducit</strong></span> <span class='ocrx_word' id='word_1_156' title='bbox 816 2069 830 2091; x_wconf 84' lang='lat'><strong>,</strong></span> <span class='ocrx_word' id='word_1_157' title='bbox 861 2027 1097 2098; x_wconf 83' lang='lat' dir='ltr'><strong>excepit.</strong></span> <span class='ocrx_word' id='word_1_158' title='bbox 1123 2025 1346 2095; x_wconf 84' lang='lat' dir='ltr'><strong>Quando</strong></span> <span class='ocrx_word' id='word_1_159' title='bbox 1374 2025 1533 2096; x_wconf 82' lang='lat' dir='ltr'><strong>igitur</strong></span> <span class='ocrx_word' id='word_1_160' title='bbox 1557 2039 1690 2080; x_wconf 90' lang='lat' dir='ltr'><strong>con-</strong></span> 
     </span>
    </p>
   </div>
   <div class='ocr_carea' id='block_1_19' title="bbox 2 2115 1692 2191">
    <p class='ocr_par' dir='ltr' id='par_1_19' title="bbox 2 2115 1692 2191">
     <span class='ocr_line' id='line_1_19' title="bbox 2 2115 1692 2191; baseline -0.004 -15"><span class='ocrx_word' id='word_1_161' title='bbox 2 2139 4 2142; x_wconf 93' lang='grc'>·</span> <span class='ocrx_word' id='word_1_162' title='bbox 93 2125 401 2178; x_wconf 83' lang='lat' dir='ltr'><strong>venientem</strong></span> <span class='ocrx_word' id='word_1_163' title='bbox 431 2122 798 2191; x_wconf 90' lang='lat' dir='ltr'><strong>unusquisque</strong></span> <span class='ocrx_word' id='word_1_164' title='bbox 826 2119 990 2174; x_wconf 89' lang='lat' dir='ltr'><strong>ﬁnem</strong></span> <span class='ocrx_word' id='word_1_165' title='bbox 1018 2119 1238 2174; x_wconf 92' lang='lat' dir='ltr'><strong>sortitus</strong></span> <span class='ocrx_word' id='word_1_166' title='bbox 1263 2126 1377 2179; x_wconf 90' lang='lat' dir='ltr'><strong>est,</strong></span> <span class='ocrx_word' id='word_1_167' title='bbox 1411 2127 1465 2171; x_wconf 93' lang='lat' dir='ltr'><strong>et</strong></span> <span class='ocrx_word' id='word_1_168' title='bbox 1499 2125 1551 2172; x_wconf 91' lang='lat' dir='ltr'><strong>te</strong></span> <span class='ocrx_word' id='word_1_169' title='bbox 1584 2115 1692 2186; x_wconf 87' lang='lat' dir='ltr'><strong>qui-</strong></span> 
     </span>
    </p>
   </div>
   <div class='ocr_carea' id='block_1_20' title="bbox 2 2211 1694 2287">
    <p class='ocr_par' dir='ltr' id='par_1_20' title="bbox 2 2211 1694 2287">
     <span class='ocr_line' id='line_1_20' title="bbox 2 2211 1694 2287; baseline -0.005 -14"><span class='ocrx_word' id='word_1_170' title='bbox 2 2247 4 2250; x_wconf 94' lang='lat'><strong><em>-</em></strong></span> <span class='ocrx_word' id='word_1_171' title='bbox 95 2217 224 2272; x_wconf 85' lang='lat' dir='ltr'><strong>dem</strong></span> <span class='ocrx_word' id='word_1_172' title='bbox 269 2227 418 2287; x_wconf 90' lang='lat' dir='ltr'><strong>porta</strong></span> <span class='ocrx_word' id='word_1_173' title='bbox 467 2216 570 2271; x_wconf 88' lang='lat' dir='ltr'><strong>lata</strong></span> <span class='ocrx_word' id='word_1_174' title='bbox 600 2225 654 2272; x_wconf 92' lang='lat' dir='ltr'><strong>et</strong></span> <span class='ocrx_word' id='word_1_175' title='bbox 684 2216 918 2286; x_wconf 77' lang='lat' dir='ltr'><strong>Spatiosa</strong></span> <span class='ocrx_word' id='word_1_176' title='bbox 946 2215 1031 2269; x_wconf 89' lang='lat' dir='ltr'><strong>via</strong></span> <span class='ocrx_word' id='word_1_177' title='bbox 1075 2213 1128 2268; x_wconf 89' lang='lat' dir='ltr'><strong>in</strong></span> <span class='ocrx_word' id='word_1_178' title='bbox 1169 2213 1265 2267; x_wconf 89' lang='lat' dir='ltr'><strong>bas</strong></span> <span class='ocrx_word' id='word_1_179' title='bbox 1303 2212 1570 2282; x_wconf 80' lang='lat' dir='ltr'><strong>angustias</strong></span> <span class='ocrx_word' id='word_1_180' title='bbox 1595 2211 1694 2265; x_wconf 72' lang='lat' dir='ltr'><strong>de.</strong></span> 
     </span>
    </p>
   </div>
   <div class='ocr_carea' id='block_1_21' title="bbox 94 2303 1697 2378">
    <p class='ocr_par' dir='ltr' id='par_1_21' title="bbox 94 2303 1697 2378">
     <span class='ocr_line' id='line_1_21' title="bbox 94 2303 1697 2378; baseline -0.007 -13"><span class='ocrx_word' id='word_1_181' title='bbox 94 2309 252 2365; x_wconf 79' lang='lat' dir='ltr'><strong>duxit</strong></span> <span class='ocrx_word' id='word_1_182' title='bbox 279 2327 293 2363; x_wconf 90' lang='lat'>:</span> <span class='ocrx_word' id='word_1_183' title='bbox 329 2310 471 2364; x_wconf 90' lang='lat' dir='ltr'><strong>hunc</strong></span> <span class='ocrx_word' id='word_1_184' title='bbox 495 2315 672 2362; x_wconf 89' lang='lat' dir='ltr'><strong>autem</strong></span> <span class='ocrx_word' id='word_1_185' title='bbox 701 2315 922 2378; x_wconf 88' lang='lat' dir='ltr'><strong>angusta</strong></span> <span class='ocrx_word' id='word_1_186' title='bbox 945 2315 999 2360; x_wconf 90' lang='lat' dir='ltr'><strong>et</strong></span> <span class='ocrx_word' id='word_1_187' title='bbox 1025 2314 1169 2360; x_wconf 89' lang='lat' dir='ltr'><strong>arcta</strong></span> <span class='ocrx_word' id='word_1_188' title='bbox 1194 2305 1260 2358; x_wconf 92' lang='lat' dir='ltr'><strong>ad</strong></span> <span class='ocrx_word' id='word_1_189' title='bbox 1293 2305 1429 2358; x_wconf 93' lang='lat' dir='ltr'><strong>hanc</strong></span> <span class='ocrx_word' id='word_1_190' title='bbox 1450 2303 1697 2369; x_wconf 82' lang='lat' dir='ltr'><strong>volupta-</strong></span> 
     </span>
    </p>
   </div>
   <div class='ocr_carea' id='block_1_22' title="bbox 95 2397 1696 2470">
    <p class='ocr_par' dir='ltr' id='par_1_22' title="bbox 95 2397 1696 2470">
     <span class='ocr_line' id='line_1_22' title="bbox 95 2397 1696 2470; baseline -0.004 -13"><span class='ocrx_word' id='word_1_191' title='bbox 95 2410 206 2457; x_wconf 75' lang='lat' dir='ltr'><strong>tem</strong></span> <span class='ocrx_word' id='word_1_192' title='bbox 237 2403 497 2470; x_wconf 78' lang='lat' dir='ltr'><strong>provexit.</strong></span> <span class='ocrx_word' id='word_1_193' title='bbox 531 2399 600 2454; x_wconf 84' lang='lat' dir='ltr'><strong>Et</strong></span> <span class='ocrx_word' id='word_1_194' title='bbox 631 2401 699 2453; x_wconf 89' lang='lat' dir='ltr'><strong>ad</strong></span> <span class='ocrx_word' id='word_1_195' title='bbox 721 2401 829 2454; x_wconf 65' lang='lat' dir='ltr'><strong>haec</strong></span> <span class='ocrx_word' id='word_1_196' title='bbox 863 2400 1033 2454; x_wconf 84' lang='lat' dir='ltr'><strong>omnia</strong></span> <span class='ocrx_word' id='word_1_197' title='bbox 1055 2399 1187 2452; x_wconf 85' lang='lat' dir='ltr'><strong>inter</strong></span> <span class='ocrx_word' id='word_1_198' title='bbox 1214 2415 1304 2452; x_wconf 85' lang='lat' dir='ltr'><strong>nos</strong></span> <span class='ocrx_word' id='word_1_199' title='bbox 1337 2407 1384 2450; x_wconf 83' lang='lat' dir='ltr'><strong>et</strong></span> <span class='ocrx_word' id='word_1_200' title='bbox 1414 2414 1500 2451; x_wconf 84' lang='lat' dir='ltr'><strong>vos</strong></span> <span class='ocrx_word' id='word_1_201' title='bbox 1532 2397 1696 2450; x_wconf 80' lang='lat' dir='ltr'><strong>hiatus</strong></span> 
     </span>
    </p>
   </div>
   <div class='ocr_carea' id='block_1_23' title="bbox 95 2488 1698 2565">
    <p class='ocr_par' dir='ltr' id='par_1_23' title="bbox 95 2488 1698 2565">
     <span class='ocr_line' id='line_1_23' title="bbox 95 2488 1698 2565; baseline -0.004 -18"><span class='ocrx_word' id='word_1_202' title='bbox 95 2511 315 2565; x_wconf 82' lang='lat' dir='ltr'><strong>magnus</strong></span> <span class='ocrx_word' id='word_1_203' title='bbox 340 2493 638 2548; x_wconf 78' lang='lat' dir='ltr'><strong>constitutus</strong></span> <span class='ocrx_word' id='word_1_204' title='bbox 665 2502 759 2546; x_wconf 82' lang='lat' dir='ltr'><strong>est.</strong></span> <span class='ocrx_word' id='word_1_205' title='bbox 789 2491 924 2546; x_wconf 83' lang='lat' dir='ltr'><strong>Vide</strong></span> <span class='ocrx_word' id='word_1_206' title='bbox 955 2505 1261 2562; x_wconf 85' lang='lat' dir='ltr'><strong>pauperem,</strong></span> <span class='ocrx_word' id='word_1_207' title='bbox 1297 2488 1563 2543; x_wconf 84' lang='lat' dir='ltr'><strong>ulceribus</strong></span> <span class='ocrx_word' id='word_1_208' title='bbox 1587 2488 1698 2557; x_wconf 85' lang='lat' dir='ltr'><strong>plc-</strong></span> 
     </span>
    </p>
   </div>
   <div class='ocr_carea' id='block_1_24' title="bbox 97 2581 1697 2652">
    <p class='ocr_par' dir='ltr' id='par_1_24' title="bbox 97 2581 1697 2652">
     <span class='ocr_line' id='line_1_24' title="bbox 97 2581 1697 2652; baseline -0.005 -11"><span class='ocrx_word' id='word_1_209' title='bbox 97 2601 252 2652; x_wconf 85' lang='lat' dir='ltr'><strong>num,</strong></span> <span class='ocrx_word' id='word_1_210' title='bbox 282 2599 468 2640; x_wconf 86' lang='lat' dir='ltr'><strong>rursus</strong></span> <span class='ocrx_word' id='word_1_211' title='bbox 497 2585 640 2640; x_wconf 92' lang='lat' dir='ltr'><strong>enim</strong></span> <span class='ocrx_word' id='word_1_212' title='bbox 667 2583 782 2639; x_wconf 63' lang='lat' dir='ltr'><strong>haec</strong></span> <span class='ocrx_word' id='word_1_213' title='bbox 805 2584 947 2650; x_wconf 89' lang='lat' dir='ltr'><strong>dico,</strong></span> <span class='ocrx_word' id='word_1_214' title='bbox 971 2599 1092 2637; x_wconf 87' lang='lat' dir='ltr'><strong>cum</strong></span> <span class='ocrx_word' id='word_1_215' title='bbox 1123 2581 1422 2652; x_wconf 82' lang='lat' dir='ltr'><strong>patriarcha</strong></span> <span class='ocrx_word' id='word_1_216' title='bbox 1449 2595 1697 2634; x_wconf 84' lang='lat' dir='ltr'><strong>numera-</strong></span> 
     </span>
    </p>
   </div>
   <div class='ocr_carea' id='block_1_25' title="bbox 97 2672 1698 2750">
    <p class='ocr_par' dir='ltr' id='par_1_25' title="bbox 97 2672 1698 2750">
     <span class='ocr_line' id='line_1_25' title="bbox 97 2672 1698 2750; baseline -0.005 -18"><span class='ocrx_word' id='word_1_217' title='bbox 97 2688 215 2732; x_wconf 88' lang='lat' dir='ltr'><strong>tum</strong></span> <span class='ocrx_word' id='word_1_218' title='bbox 237 2719 252 2744; x_wconf 95' lang='lat'><strong>,</strong></span> <span class='ocrx_word' id='word_1_219' title='bbox 285 2687 338 2750; x_wconf 81' lang='lat' dir='ltr'><strong>et</strong></span> <span class='ocrx_word' id='word_1_220' title='bbox 367 2678 420 2731; x_wconf 94' lang='lat' dir='ltr'><strong>in</strong></span> <span class='ocrx_word' id='word_1_221' title='bbox 449 2685 649 2732; x_wconf 71' lang='lat' dir='ltr'><strong>emtum</strong></span> <span class='ocrx_word' id='word_1_222' title='bbox 689 2676 956 2746; x_wconf 88' lang='lat' dir='ltr'><strong>justorum</strong></span> <span class='ocrx_word' id='word_1_223' title='bbox 997 2683 1358 2744; x_wconf 85' lang='lat' dir='ltr'><strong>aggregatum.</strong></span> <span class='ocrx_word' id='word_1_224' title='bbox 1399 2672 1536 2726; x_wconf 81' lang='lat' dir='ltr'><strong>Nam</strong></span> <span class='ocrx_word' id='word_1_225' title='bbox 1569 2673 1698 2724; x_wconf 80' lang='lat' dir='ltr'><strong>inter</strong></span> 
     </span>
    </p>
   </div>
   <div class='ocr_carea' id='block_1_26' title="bbox 97 2765 1696 2840">
    <p class='ocr_par' dir='ltr' id='par_1_26' title="bbox 97 2765 1696 2840">
     <span class='ocr_line' id='line_1_26' title="bbox 97 2765 1696 2840; baseline -0.005 -16"><span class='ocrx_word' id='word_1_226' title='bbox 97 2786 192 2824; x_wconf 79' lang='lat' dir='ltr'><strong>nos</strong></span> <span class='ocrx_word' id='word_1_227' title='bbox 218 2779 267 2824; x_wconf 87' lang='lat' dir='ltr'><strong>et</strong></span> <span class='ocrx_word' id='word_1_228' title='bbox 291 2785 408 2836; x_wconf 77' lang='lat' dir='ltr'><strong>vos,</strong></span> <span class='ocrx_word' id='word_1_229' title='bbox 438 2770 626 2840; x_wconf 87' lang='lat' dir='ltr'><strong>inquit.</strong></span> <span class='ocrx_word' id='word_1_230' title='bbox 652 2768 815 2824; x_wconf 81' lang='lat' dir='ltr'><strong>Vides</strong></span> <span class='ocrx_word' id='word_1_231' title='bbox 841 2783 997 2838; x_wconf 89' lang='lat' dir='ltr'><strong>quam</strong></span> <span class='ocrx_word' id='word_1_232' title='bbox 1026 2767 1148 2820; x_wconf 71' lang='lat' dir='ltr'><strong>vitae</strong></span> <span class='ocrx_word' id='word_1_233' title='bbox 1181 2765 1540 2820; x_wconf 77' lang='lat' dir='ltr'><strong>conditionem</strong></span> <span class='ocrx_word' id='word_1_234' title='bbox 1577 2778 1696 2817; x_wconf 86' lang='lat' dir='ltr'><strong>sor-</strong></span> 
     </span>
    </p>
   </div>
   <div class='ocr_carea' id='block_1_27' title="bbox 99 2856 1699 2931">
    <p class='ocr_par' dir='ltr' id='par_1_27' title="bbox 99 2856 1699 2931">
     <span class='ocr_line' id='line_1_27' title="bbox 99 2856 1699 2931; baseline -0.005 -13"><span class='ocrx_word' id='word_1_235' title='bbox 99 2864 234 2918; x_wconf 85' lang='lat' dir='ltr'><strong>titus</strong></span> <span class='ocrx_word' id='word_1_236' title='bbox 276 2863 345 2917; x_wconf 89' lang='lat' dir='ltr'><strong>sit</strong></span> <span class='ocrx_word' id='word_1_237' title='bbox 387 2862 466 2928; x_wconf 93' lang='lat' dir='ltr'><strong>is,</strong></span> <span class='ocrx_word' id='word_1_238' title='bbox 513 2861 602 2931; x_wconf 85' lang='lat' dir='ltr'><strong>qui</strong></span> <span class='ocrx_word' id='word_1_239' title='bbox 648 2876 768 2916; x_wconf 92' lang='lat' dir='ltr'><strong>cum</strong></span> <span class='ocrx_word' id='word_1_240' title='bbox 810 2859 1069 2930; x_wconf 78' lang='lat' dir='ltr'><strong>patientia</strong></span> <span class='ocrx_word' id='word_1_241' title='bbox 1093 2866 1147 2912; x_wconf 92' lang='lat' dir='ltr'><strong>et</strong></span> <span class='ocrx_word' id='word_1_242' title='bbox 1170 2857 1458 2928; x_wconf 84' lang='lat' dir='ltr'><strong>gratiarum</strong></span> <span class='ocrx_word' id='word_1_243' title='bbox 1489 2856 1699 2910; x_wconf 88' lang='lat' dir='ltr'><strong>actione</strong></span> 
     </span>
    </p>
   </div>
   <div class='ocr_carea' id='block_1_28' title="bbox 96 2952 1695 3027">
    <p class='ocr_par' dir='ltr' id='par_1_28' title="bbox 96 2952 1695 3027">
     <span class='ocr_line' id='line_1_28' title="bbox 96 2952 1695 3027; baseline -0.005 -17"><span class='ocrx_word' id='word_1_244' title='bbox 96 2971 322 3027; x_wconf 80' lang='lat' dir='ltr'><strong>gravem</strong></span> <span class='ocrx_word' id='word_1_245' title='bbox 366 2955 516 3010; x_wconf 91' lang='lat' dir='ltr'><strong>illum</strong></span> <span class='ocrx_word' id='word_1_246' title='bbox 558 2955 804 3010; x_wconf 86' lang='lat' dir='ltr'><strong>morbum</strong></span> <span class='ocrx_word' id='word_1_247' title='bbox 855 2954 1027 3008; x_wconf 85' lang='lat' dir='ltr'><strong>fuerat</strong></span> <span class='ocrx_word' id='word_1_248' title='bbox 1065 2952 1366 3021; x_wconf 81' lang='lat' dir='ltr'><strong>famemque</strong></span> <span class='ocrx_word' id='word_1_249' title='bbox 1395 2965 1695 3021; x_wconf 87' lang='lat' dir='ltr'><strong>perpessus.</strong></span> 
     </span>
    </p>
   </div>
   <div class='ocr_carea' id='block_1_29' title="bbox 98 3044 1701 3116">
    <p class='ocr_par' dir='ltr' id='par_1_29' title="bbox 98 3044 1701 3116">
     <span class='ocr_line' id='line_1_29' title="bbox 98 3044 1701 3116; baseline -0.003 -15"><span class='ocrx_word' id='word_1_250' title='bbox 98 3047 252 3101; x_wconf 86' lang='lat' dir='ltr'><strong>Nam</strong></span> <span class='ocrx_word' id='word_1_251' title='bbox 276 3049 406 3101; x_wconf 83' lang='lat' dir='ltr'><strong>inter</strong></span> <span class='ocrx_word' id='word_1_252' title='bbox 435 3065 525 3100; x_wconf 80' lang='lat' dir='ltr'><strong>nos</strong></span> <span class='ocrx_word' id='word_1_253' title='bbox 549 3057 594 3101; x_wconf 82' lang='lat' dir='ltr'><strong>et</strong></span> <span class='ocrx_word' id='word_1_254' title='bbox 622 3064 726 3113; x_wconf 82' lang='lat' dir='ltr'><strong>vos,</strong></span> <span class='ocrx_word' id='word_1_255' title='bbox 753 3046 940 3116; x_wconf 88' lang='lat' dir='ltr'><strong>inquit,</strong></span> <span class='ocrx_word' id='word_1_256' title='bbox 970 3045 1138 3098; x_wconf 81' lang='lat' dir='ltr'><strong>hiatus</strong></span> <span class='ocrx_word' id='word_1_257' title='bbox 1161 3061 1374 3115; x_wconf 78' lang='lat' dir='ltr'><strong>magnus</strong></span> <span class='ocrx_word' id='word_1_258' title='bbox 1409 3044 1701 3096; x_wconf 81' lang='lat' dir='ltr'><strong>constitutus</strong></span> 
     </span>
    </p>
   </div>
   <div class='ocr_carea' id='block_1_30' title="bbox 98 3137 1702 3210">
    <p class='ocr_par' dir='ltr' id='par_1_30' title="bbox 98 3137 1702 3210">
     <span class='ocr_line' id='line_1_30' title="bbox 98 3137 1702 3210; baseline -0.003 -16"><span class='ocrx_word' id='word_1_259' title='bbox 98 3149 193 3194; x_wconf 75' lang='lat' dir='ltr'><strong>est.</strong></span> <span class='ocrx_word' id='word_1_260' title='bbox 247 3139 493 3210; x_wconf 80' lang='lat' dir='ltr'><strong>Magnum</strong></span> <span class='ocrx_word' id='word_1_261' title='bbox 540 3146 657 3204; x_wconf 69' lang='lat' dir='ltr'><strong>est&quot;,</strong></span> <span class='ocrx_word' id='word_1_262' title='bbox 703 3139 902 3208; x_wconf 89' lang='lat' dir='ltr'><strong>inquit,</strong></span> <span class='ocrx_word' id='word_1_263' title='bbox 950 3137 1092 3208; x_wconf 93' lang='lat' dir='ltr'><strong>quod</strong></span> <span class='ocrx_word' id='word_1_264' title='bbox 1134 3153 1230 3191; x_wconf 91' lang='lat' dir='ltr'><strong>nos</strong></span> <span class='ocrx_word' id='word_1_265' title='bbox 1268 3137 1498 3198; x_wconf 88' lang='lat' dir='ltr'><strong>dirimit,</strong></span> <span class='ocrx_word' id='word_1_266' title='bbox 1530 3150 1702 3204; x_wconf 89' lang='lat' dir='ltr'><strong>neque</strong></span> 
     </span>
    </p>
   </div>
   <div class='ocr_carea' id='block_1_31' title="bbox 97 3229 1700 3300">
    <p class='ocr_par' dir='ltr' id='par_1_31' title="bbox 97 3229 1700 3300">
     <span class='ocr_line' id='line_1_31' title="bbox 97 3229 1700 3300; baseline -0.004 -15"><span class='ocrx_word' id='word_1_267' title='bbox 97 3231 424 3300; x_wconf 90' lang='lat' dir='ltr'><strong>simpliciter</strong></span> <span class='ocrx_word' id='word_1_268' title='bbox 445 3231 641 3298; x_wconf 86' lang='lat' dir='ltr'><strong>hiatus,</strong></span> <span class='ocrx_word' id='word_1_269' title='bbox 660 3230 756 3286; x_wconf 92' lang='lat' dir='ltr'><strong>sed</strong></span> <span class='ocrx_word' id='word_1_270' title='bbox 777 3243 1019 3300; x_wconf 85' lang='lat' dir='ltr'><strong>magnus.</strong></span> <span class='ocrx_word' id='word_1_271' title='bbox 1041 3229 1180 3283; x_wconf 91' lang='lat' dir='ltr'><strong>Vere</strong></span> <span class='ocrx_word' id='word_1_272' title='bbox 1199 3243 1428 3298; x_wconf 89' lang='lat' dir='ltr'><strong>namque</strong></span> <span class='ocrx_word' id='word_1_273' title='bbox 1452 3242 1700 3297; x_wconf 88' lang='lat' dir='ltr'><strong>magnum</strong></span> 
     </span>
    </p>
   </div>
   <div class='ocr_carea' id='block_1_32' title="bbox 97 3320 1702 3389">
    <p class='ocr_par' dir='ltr' id='par_1_32' title="bbox 97 3320 1702 3389">
     <span class='ocr_line' id='line_1_32' title="bbox 97 3320 1702 3389; baseline -0.002 -11"><span class='ocrx_word' id='word_1_274' title='bbox 97 3333 186 3378; x_wconf 85' lang='lat' dir='ltr'><strong>est</strong></span> <span class='ocrx_word' id='word_1_275' title='bbox 222 3322 362 3377; x_wconf 91' lang='lat' dir='ltr'><strong>inter</strong></span> <span class='ocrx_word' id='word_1_276' title='bbox 386 3328 634 3378; x_wconf 84' lang='lat' dir='ltr'><strong>virtutem</strong></span> <span class='ocrx_word' id='word_1_277' title='bbox 666 3330 721 3377; x_wconf 88' lang='lat' dir='ltr'><strong>et</strong></span> <span class='ocrx_word' id='word_1_278' title='bbox 749 3323 934 3376; x_wconf 90' lang='lat' dir='ltr'><strong>vitium</strong></span> <span class='ocrx_word' id='word_1_279' title='bbox 963 3320 1304 3376; x_wconf 85' lang='lat' dir='ltr'><strong>intervallum</strong></span> <span class='ocrx_word' id='word_1_280' title='bbox 1327 3363 1340 3386; x_wconf 91' lang='lat'><strong>,</strong></span> <span class='ocrx_word' id='word_1_281' title='bbox 1371 3321 1702 3389; x_wconf 90' lang='lat' dir='ltr'><strong>multumque</strong></span> 
     </span>
    </p>
   </div>
   <div class='ocr_carea' id='block_1_33' title="bbox 97 3411 1704 3484">
    <p class='ocr_par' dir='ltr' id='par_1_33' title="bbox 97 3411 1704 3484">
     <span class='ocr_line' id='line_1_33' title="bbox 97 3411 1704 3484; baseline -0.001 -14"><span class='ocrx_word' id='word_1_282' title='bbox 97 3414 400 3470; x_wconf 87' lang='lat' dir='ltr'><strong>discrimen</strong></span> <span class='ocrx_word' id='word_1_283' title='bbox 426 3433 438 3469; x_wconf 90' lang='lat'><strong>:</strong></span> <span class='ocrx_word' id='word_1_284' title='bbox 462 3415 724 3484; x_wconf 88' lang='lat' dir='ltr'><strong>siquidem</strong></span> <span class='ocrx_word' id='word_1_285' title='bbox 757 3414 859 3470; x_wconf 92' lang='lat' dir='ltr'><strong>hoc</strong></span> <span class='ocrx_word' id='word_1_286' title='bbox 884 3415 1047 3468; x_wconf 90' lang='lat' dir='ltr'><strong>latum</strong></span> <span class='ocrx_word' id='word_1_287' title='bbox 1076 3425 1128 3469; x_wconf 90' lang='lat' dir='ltr'><strong>et</strong></span> <span class='ocrx_word' id='word_1_288' title='bbox 1157 3413 1450 3484; x_wconf 87' lang='lat' dir='ltr'><strong>spatiosum</strong></span> <span class='ocrx_word' id='word_1_289' title='bbox 1479 3422 1578 3478; x_wconf 85' lang='lat' dir='ltr'><strong>est,</strong></span> <span class='ocrx_word' id='word_1_290' title='bbox 1613 3411 1704 3468; x_wconf 88' lang='lat' dir='ltr'><strong>illa</strong></span> 
     </span>
    </p>
   </div>
   <div class='ocr_carea' id='block_1_34' title="bbox 97 3505 1704 3577">
    <p class='ocr_par' dir='ltr' id='par_1_34' title="bbox 97 3505 1704 3577">
     <span class='ocr_line' id='line_1_34' title="bbox 97 3505 1704 3577; baseline -0.001 -18"><span class='ocrx_word' id='word_1_291' title='bbox 97 3523 243 3562; x_wconf 90' lang='lat' dir='ltr'><strong>vero</strong></span> <span class='ocrx_word' id='word_1_292' title='bbox 268 3517 412 3562; x_wconf 91' lang='lat' dir='ltr'><strong>arcta</strong></span> <span class='ocrx_word' id='word_1_293' title='bbox 433 3517 488 3562; x_wconf 89' lang='lat' dir='ltr'><strong>et</strong></span> <span class='ocrx_word' id='word_1_294' title='bbox 516 3517 739 3577; x_wconf 83' lang='lat' dir='ltr'><strong>augusta</strong></span> <span class='ocrx_word' id='word_1_295' title='bbox 765 3525 780 3562; x_wconf 91' lang='lat'><strong>:</strong></span> <span class='ocrx_word' id='word_1_296' title='bbox 806 3509 1049 3576; x_wconf 77' lang='lat' dir='ltr'><strong>voluptas</strong></span> <span class='ocrx_word' id='word_1_297' title='bbox 1077 3506 1182 3560; x_wconf 89' lang='lat' dir='ltr'><strong>lata</strong></span> <span class='ocrx_word' id='word_1_298' title='bbox 1203 3515 1257 3560; x_wconf 91' lang='lat' dir='ltr'><strong>et</strong></span> <span class='ocrx_word' id='word_1_299' title='bbox 1280 3505 1510 3575; x_wconf 90' lang='lat' dir='ltr'><strong>spatiosa</strong></span> <span class='ocrx_word' id='word_1_300' title='bbox 1537 3523 1550 3559; x_wconf 88' lang='lat'><strong>:</strong></span> <span class='ocrx_word' id='word_1_301' title='bbox 1575 3521 1704 3575; x_wconf 88' lang='lat' dir='ltr'><strong>pau-</strong></span> 
     </span>
    </p>
   </div>
   <div class='ocr_carea' id='block_1_35' title="bbox 94 3599 1705 3672">
    <p class='ocr_par' dir='ltr' id='par_1_35' title="bbox 94 3599 1705 3672">
     <span class='ocr_line' id='line_1_35' title="bbox 94 3599 1705 3672; baseline -0.002 -16"><span class='ocrx_word' id='word_1_302' title='bbox 94 3611 294 3672; x_wconf 81' lang='lat' dir='ltr'><strong>pertas</strong></span> <span class='ocrx_word' id='word_1_303' title='bbox 335 3610 514 3656; x_wconf 90' lang='lat' dir='ltr'><strong>autem</strong></span> <span class='ocrx_word' id='word_1_304' title='bbox 555 3609 611 3656; x_wconf 93' lang='lat' dir='ltr'><strong>et</strong></span> <span class='ocrx_word' id='word_1_305' title='bbox 651 3601 872 3671; x_wconf 87' lang='lat' dir='ltr'><strong>penuria</strong></span> <span class='ocrx_word' id='word_1_306' title='bbox 899 3611 1042 3656; x_wconf 86' lang='lat' dir='ltr'><strong>arcta</strong></span> <span class='ocrx_word' id='word_1_307' title='bbox 1076 3610 1130 3656; x_wconf 92' lang='lat' dir='ltr'><strong>et</strong></span> <span class='ocrx_word' id='word_1_308' title='bbox 1169 3610 1411 3671; x_wconf 88' lang='lat' dir='ltr'><strong>angusta.</strong></span> <span class='ocrx_word' id='word_1_309' title='bbox 1448 3599 1516 3655; x_wconf 86' lang='lat' dir='ltr'><strong>Ut</strong></span> <span class='ocrx_word' id='word_1_310' title='bbox 1547 3599 1705 3670; x_wconf 79' lang='lat' dir='ltr'><strong>igitur</strong></span> 
     </span>
    </p>
   </div>
   <div class='ocr_carea' id='block_1_36' title="bbox 96 3695 1706 3766">
    <p class='ocr_par' dir='ltr' id='par_1_36' title="bbox 96 3695 1706 3766">
     <span class='ocr_line' id='line_1_36' title="bbox 96 3695 1706 3766; baseline -0.001 -16"><span class='ocrx_word' id='word_1_311' title='bbox 96 3696 194 3750; x_wconf 84' lang='lat' dir='ltr'><strong>hic</strong></span> <span class='ocrx_word' id='word_1_312' title='bbox 221 3696 505 3750; x_wconf 70' lang='lat' dir='ltr'><strong>contraria:</strong></span> <span class='ocrx_word' id='word_1_313' title='bbox 531 3704 655 3750; x_wconf 91' lang='lat' dir='ltr'><strong>sunt</strong></span> <span class='ocrx_word' id='word_1_314' title='bbox 684 3697 783 3750; x_wconf 69' lang='lat' dir='ltr'><strong>via:</strong></span> <span class='ocrx_word' id='word_1_315' title='bbox 804 3737 819 3762; x_wconf 94' lang='lat'><strong>,</strong></span> <span class='ocrx_word' id='word_1_316' title='bbox 853 3705 906 3752; x_wconf 89' lang='lat' dir='ltr'><strong>et</strong></span> <span class='ocrx_word' id='word_1_317' title='bbox 933 3695 1019 3750; x_wconf 89' lang='lat' dir='ltr'><strong>hic</strong></span> <span class='ocrx_word' id='word_1_318' title='bbox 1046 3695 1295 3766; x_wconf 88' lang='lat' dir='ltr'><strong>quidem,</strong></span> <span class='ocrx_word' id='word_1_319' title='bbox 1323 3696 1412 3764; x_wconf 89' lang='lat' dir='ltr'><strong>qui</strong></span> <span class='ocrx_word' id='word_1_320' title='bbox 1436 3695 1706 3763; x_wconf 85' lang='lat' dir='ltr'><strong>virginita-</strong></span> 
     </span>
    </p>
   </div>
   <div class='ocr_carea' id='block_1_37' title="bbox 97 3785 1702 3858">
    <p class='ocr_par' dir='ltr' id='par_1_37' title="bbox 97 3785 1702 3858">
     <span class='ocr_line' id='line_1_37' title="bbox 97 3785 1702 3858; baseline -0.001 -16"><span class='ocrx_word' id='word_1_321' title='bbox 97 3797 216 3842; x_wconf 89' lang='lat' dir='ltr'><strong>tem</strong></span> <span class='ocrx_word' id='word_1_322' title='bbox 248 3787 428 3856; x_wconf 85' lang='lat' dir='ltr'><strong>elegit,</strong></span> <span class='ocrx_word' id='word_1_323' title='bbox 459 3801 554 3858; x_wconf 90' lang='lat' dir='ltr'><strong>per</strong></span> <span class='ocrx_word' id='word_1_324' title='bbox 577 3794 855 3856; x_wconf 86' lang='lat' dir='ltr'><strong>angustam</strong></span> <span class='ocrx_word' id='word_1_325' title='bbox 887 3795 942 3842; x_wconf 89' lang='lat' dir='ltr'><strong>et</strong></span> <span class='ocrx_word' id='word_1_326' title='bbox 966 3795 1168 3842; x_wconf 88' lang='lat' dir='ltr'><strong>arctam</strong></span> <span class='ocrx_word' id='word_1_327' title='bbox 1194 3785 1423 3849; x_wconf 88' lang='lat' dir='ltr'><strong>incedit,</strong></span> <span class='ocrx_word' id='word_1_328' title='bbox 1455 3786 1579 3840; x_wconf 93' lang='lat' dir='ltr'><strong>item</strong></span> <span class='ocrx_word' id='word_1_329' title='bbox 1610 3787 1702 3855; x_wconf 91' lang='lat' dir='ltr'><strong>qui</strong></span> 
     </span>
    </p>
   </div>
   <div class='ocr_carea' id='block_1_38' title="bbox 93 3880 1700 3953">
    <p class='ocr_par' dir='ltr' id='par_1_38' title="bbox 93 3880 1700 3953">
     <span class='ocr_line' id='line_1_38' title="bbox 93 3880 1700 3953; baseline -0.002 -15"><span class='ocrx_word' id='word_1_330' title='bbox 93 3883 408 3938; x_wconf 83' lang='lat' dir='ltr'><strong>castitatem</strong></span> <span class='ocrx_word' id='word_1_331' title='bbox 438 3882 742 3953; x_wconf 89' lang='lat' dir='ltr'><strong>proﬁtetur,</strong></span> <span class='ocrx_word' id='word_1_332' title='bbox 768 3883 855 3952; x_wconf 90' lang='lat' dir='ltr'><strong>qui</strong></span> <span class='ocrx_word' id='word_1_333' title='bbox 889 3891 1255 3952; x_wconf 87' lang='lat' dir='ltr'><strong>paupertatem</strong></span> <span class='ocrx_word' id='word_1_334' title='bbox 1282 3880 1561 3951; x_wconf 76' lang='lat' dir='ltr'><strong>amplexus</strong></span> <span class='ocrx_word' id='word_1_335' title='bbox 1585 3889 1700 3946; x_wconf 89' lang='lat' dir='ltr'><strong>est,</strong></span> 
     </span>
    </p>
   </div>
   <div class='ocr_carea' id='block_1_39' title="bbox 94 3973 1704 4044">
    <p class='ocr_par' dir='ltr' id='par_1_39' title="bbox 94 3973 1704 4044">
     <span class='ocr_line' id='line_1_39' title="bbox 94 3973 1704 4044; baseline -0.002 -14"><span class='ocrx_word' id='word_1_336' title='bbox 94 3984 155 4030; x_wconf 87' lang='lat' dir='ltr'><strong>ct</strong></span> <span class='ocrx_word' id='word_1_337' title='bbox 183 3974 282 4044; x_wconf 87' lang='lat' dir='ltr'><strong>qui</strong></span> <span class='ocrx_word' id='word_1_338' title='bbox 311 3988 499 4028; x_wconf 89' lang='lat' dir='ltr'><strong>vanam</strong></span> <span class='ocrx_word' id='word_1_339' title='bbox 530 3974 750 4044; x_wconf 77' lang='lat' dir='ltr'><strong>gloriam</strong></span> <span class='ocrx_word' id='word_1_340' title='bbox 773 3981 1092 4044; x_wconf 87' lang='lat' dir='ltr'><strong>aspernatur</strong></span> <span class='ocrx_word' id='word_1_341' title='bbox 1117 3991 1130 4028; x_wconf 91' lang='lat'><strong>:</strong></span> <span class='ocrx_word' id='word_1_342' title='bbox 1158 3973 1249 4028; x_wconf 91' lang='lat' dir='ltr'><strong>ille</strong></span> <span class='ocrx_word' id='word_1_343' title='bbox 1279 3987 1406 4028; x_wconf 88' lang='lat' dir='ltr'><strong>vero</strong></span> <span class='ocrx_word' id='word_1_344' title='bbox 1427 3988 1520 4044; x_wconf 89' lang='lat' dir='ltr'><strong>per</strong></span> <span class='ocrx_word' id='word_1_345' title='bbox 1543 3973 1704 4027; x_wconf 87' lang='lat' dir='ltr'><strong>latam</strong></span> 
     </span>
    </p>
   </div>
   <div class='ocr_carea' id='block_1_40' title="bbox 93 4049 1701 4137">
    <p class='ocr_par' dir='ltr' id='par_1_40' title="bbox 93 4049 1701 4137">
     <span class='ocr_line' id='line_1_40' title="bbox 93 4049 1701 4137; baseline -0.002 -16"><span class='ocrx_word' id='word_1_346' title='bbox 93 4075 154 4122; x_wconf 89' lang='lat' dir='ltr'><strong>et</strong></span> <span class='ocrx_word' id='word_1_347' title='bbox 199 4065 495 4134; x_wconf 89' lang='lat' dir='ltr'><strong>spatiosam</strong></span> <span class='ocrx_word' id='word_1_348' title='bbox 547 4081 770 4137; x_wconf 86' lang='lat' dir='ltr'><strong>pergere</strong></span> <span class='ocrx_word' id='word_1_349' title='bbox 812 4065 1101 4132; x_wconf 83' lang='lat' dir='ltr'><strong>festinans,</strong></span> <span class='ocrx_word' id='word_1_350' title='bbox 1145 4065 1391 4120; x_wconf 90' lang='lat' dir='ltr'><strong>ebrietati</strong></span> <span class='ocrx_word' id='word_1_351' title='bbox 1413 4049 1436 4130; x_wconf 63' lang='grc'><strong>,’</strong></span> <span class='ocrx_word' id='word_1_352' title='bbox 1467 4063 1701 4130; x_wconf 91' lang='lat' dir='ltr'><strong>deliciis,</strong></span> 
     </span>
    </p>
   </div>
   <div class='ocr_carea' id='block_1_41' title="bbox 94 4157 1707 4228">
    <p class='ocr_par' dir='ltr' id='par_1_41' title="bbox 94 4157 1707 4228">
     <span class='ocr_line' id='line_1_41' title="bbox 94 4157 1707 4228; baseline 0 -16"><span class='ocrx_word' id='word_1_353' title='bbox 94 4158 462 4228; x_wconf 86' lang='lat' dir='ltr'><strong>pecuniarum</strong></span> <span class='ocrx_word' id='word_1_354' title='bbox 511 4158 702 4213; x_wconf 91' lang='lat' dir='ltr'><strong>insano</strong></span> <span class='ocrx_word' id='word_1_355' title='bbox 745 4158 945 4225; x_wconf 90' lang='lat' dir='ltr'><strong>amori,</strong></span> <span class='ocrx_word' id='word_1_356' title='bbox 997 4157 1262 4225; x_wconf 78' lang='lat' dir='ltr'><strong>lasciviae,</strong></span> <span class='ocrx_word' id='word_1_357' title='bbox 1297 4172 1362 4212; x_wconf 91' lang='lat' dir='ltr'><strong>ac</strong></span> <span class='ocrx_word' id='word_1_358' title='bbox 1391 4157 1707 4227; x_wconf 88' lang='lat' dir='ltr'><strong>perniciosis</strong></span> 
     </span>
    </p>
   </div>
   <div class='ocr_carea' id='block_1_42' title="bbox 93 4248 1708 4319">
    <p class='ocr_par' dir='ltr' id='par_1_42' title="bbox 93 4248 1708 4319">
     <span class='ocr_line' id='line_1_42' title="bbox 93 4248 1708 4319; baseline 0 -16"><span class='ocrx_word' id='word_1_359' title='bbox 93 4249 433 4319; x_wconf 71' lang='lat' dir='ltr'><strong>Spectaculis</strong></span> <span class='ocrx_word' id='word_1_360' title='bbox 457 4249 689 4319; x_wconf 89' lang='lat' dir='ltr'><strong>seipsum</strong></span> <span class='ocrx_word' id='word_1_361' title='bbox 717 4249 947 4316; x_wconf 87' lang='lat' dir='ltr'><strong>addicit,</strong></span> <span class='ocrx_word' id='word_1_362' title='bbox 976 4258 1031 4305; x_wconf 90' lang='lat' dir='ltr'><strong>et</strong></span> <span class='ocrx_word' id='word_1_363' title='bbox 1057 4248 1283 4304; x_wconf 88' lang='lat' dir='ltr'><strong>multum</strong></span> <span class='ocrx_word' id='word_1_364' title='bbox 1326 4248 1464 4304; x_wconf 91' lang='lat' dir='ltr'><strong>inter</strong></span> <span class='ocrx_word' id='word_1_365' title='bbox 1502 4258 1708 4303; x_wconf 88' lang='lat' dir='ltr'><strong>utrum-</strong></span> 
     </span>
    </p>
   </div>
   <div class='ocr_carea' id='block_1_43' title="bbox 95 4339 1708 4416">
    <p class='ocr_par' dir='ltr' id='par_1_43' title="bbox 95 4339 1708 4416">
     <span class='ocr_line' id='line_1_43' title="bbox 95 4339 1708 4416; baseline 0.001 -20"><span class='ocrx_word' id='word_1_366' title='bbox 95 4355 217 4416; x_wconf 83' lang='lat' dir='ltr'><strong>que</strong></span> <span class='ocrx_word' id='word_1_367' title='bbox 243 4339 535 4397; x_wconf 90' lang='lat' dir='ltr'><strong>discrimen</strong></span> <span class='ocrx_word' id='word_1_368' title='bbox 578 4341 812 4398; x_wconf 89' lang='lat' dir='ltr'><strong>occurrit</strong></span> <span class='ocrx_word' id='word_1_369' title='bbox 840 4361 854 4398; x_wconf 90' lang='lat'><strong>:</strong></span> <span class='ocrx_word' id='word_1_370' title='bbox 881 4342 962 4399; x_wconf 92' lang='lat' dir='ltr'><strong>sic</strong></span> <span class='ocrx_word' id='word_1_371' title='bbox 991 4341 1240 4397; x_wconf 89' lang='lat' dir='ltr'><strong>nimirum</strong></span> <span class='ocrx_word' id='word_1_372' title='bbox 1277 4351 1332 4398; x_wconf 88' lang='lat' dir='ltr'><strong>et</strong></span> <span class='ocrx_word' id='word_1_373' title='bbox 1369 4341 1426 4398; x_wconf 90' lang='lat' dir='ltr'><strong>in</strong></span> <span class='ocrx_word' id='word_1_374' title='bbox 1467 4350 1708 4414; x_wconf 84' lang='lat' dir='ltr'><strong>tempore</strong></span> 
     </span>
    </p>
   </div>
   <div class='ocr_carea' id='block_1_44' title="bbox 809 435 2611 495">
    <p class='ocr_par' dir='ltr' id='par_1_44' title="bbox 809 435 2611 495">
     <span class='ocr_line' id='line_1_44' title="bbox 809 435 2611 495; baseline -0.003 0"><span class='ocrx_word' id='word_1_375' title='bbox 809 438 1129 495; x_wconf 77' lang='lat' dir='ltr'><strong>ASCETAM</strong></span> <span class='ocrx_word' id='word_1_376' title='bbox 1170 439 1478 493; x_wconf 59' lang='lat' dir='ltr'><strong>FACETIIH</strong></span> <span class='ocrx_word' id='word_1_377' title='bbox 1521 438 1633 494; x_wconf 81' lang='lat' dir='ltr'><strong>UTI</strong></span> <span class='ocrx_word' id='word_1_378' title='bbox 1672 437 1809 494; x_wconf 79' lang='lat' dir='ltr'><strong>NON</strong></span> <span class='ocrx_word' id='word_1_379' title='bbox 1853 437 2142 491; x_wconf 81' lang='lat' dir='ltr'><strong>DEBERE.</strong></span> <span class='ocrx_word' id='word_1_380' title='bbox 2178 468 2245 478; x_wconf 94' lang='lat'>—</span> <span class='ocrx_word' id='word_1_381' title='bbox 2278 435 2611 493; x_wconf 78' lang='lat' dir='ltr'><strong>MONITUM.</strong></span> 
     </span>
    </p>
   </div>
   <div class='ocr_carea' id='block_1_45' title="bbox 3235 439 3372 493">
    <p class='ocr_par' dir='ltr' id='par_1_45' title="bbox 3235 439 3372 493">
     <span class='ocr_line' id='line_1_45' title="bbox 3235 439 3372 493; baseline 0.015 -2"><span class='ocrx_word' id='word_1_382' title='bbox 3235 439 3372 493; x_wconf 67' lang='grc' dir='ltr'><strong>ιοελι</strong></span> 
     </span>
    </p>
   </div>
   <div class='ocr_carea' id='block_1_46' title="bbox 1791 543 3377 620">
    <p class='ocr_par' dir='ltr' id='par_1_46' title="bbox 1791 543 3377 620">
     <span class='ocr_line' id='line_1_46' title="bbox 1791 543 3377 620; baseline 0.004 -22"><span class='ocrx_word' id='word_1_383' title='bbox 1791 543 2034 615; x_wconf 88' lang='lat' dir='ltr'><strong>supplicii</strong></span> <span class='ocrx_word' id='word_1_384' title='bbox 2062 559 2125 601; x_wconf 91' lang='lat' dir='ltr'><strong>ac</strong></span> <span class='ocrx_word' id='word_1_385' title='bbox 2151 544 2514 604; x_wconf 88' lang='lat' dir='ltr'><strong>retributionis</strong></span> <span class='ocrx_word' id='word_1_386' title='bbox 2549 547 2770 604; x_wconf 85' lang='lat' dir='ltr'><strong>multam</strong></span> <span class='ocrx_word' id='word_1_387' title='bbox 2819 547 2960 606; x_wconf 84' lang='lat' dir='ltr'><strong>inter</strong></span> <span class='ocrx_word' id='word_1_388' title='bbox 2997 548 3213 618; x_wconf 65' lang='lat' dir='ltr'><strong>prtemia</strong></span> <span class='ocrx_word' id='word_1_389' title='bbox 3249 564 3377 620; x_wconf 87' lang='lat' dir='ltr'><strong>pos-</strong></span> 
     </span>
    </p>
   </div>
   <div class='ocr_carea' id='block_1_47' title="bbox 1791 637 3380 712">
    <p class='ocr_par' dir='ltr' id='par_1_47' title="bbox 1791 637 3380 712">
     <span class='ocr_line' id='line_1_47' title="bbox 1791 637 3380 712; baseline 0.003 -19"><span class='ocrx_word' id='word_1_390' title='bbox 1791 652 1976 693; x_wconf 85' lang='lat' dir='ltr'><strong>sumus</strong></span> <span class='ocrx_word' id='word_1_391' title='bbox 1991 637 2345 694; x_wconf 80' lang='lat' dir='ltr'><strong>diﬁ&#39;ercntiam</strong></span> <span class='ocrx_word' id='word_1_392' title='bbox 2369 640 2625 695; x_wconf 87' lang='lat' dir='ltr'><strong>invenire.</strong></span> <span class='ocrx_word' id='word_1_393' title='bbox 2655 639 2843 695; x_wconf 79' lang='lat' dir='ltr'><strong>Hialua</strong></span> <span class='ocrx_word' id='word_1_394' title='bbox 2865 641 2998 695; x_wconf 84' lang='lat' dir='ltr'><strong>enim</strong></span> <span class='ocrx_word' id='word_1_395' title='bbox 3019 658 3234 712; x_wconf 75' lang='lat' dir='ltr'><strong>magnus</strong></span> <span class='ocrx_word' id='word_1_396' title='bbox 3259 660 3380 697; x_wconf 84' lang='lat' dir='ltr'><strong>con-</strong></span> 
     </span>
    </p>
   </div>
   <div class='ocr_carea' id='block_1_48' title="bbox 1789 733 3382 804">
    <p class='ocr_par' dir='ltr' id='par_1_48' title="bbox 1789 733 3382 804">
     <span class='ocr_line' id='line_1_48' title="bbox 1789 733 3382 804; baseline 0.003 -18"><span class='ocrx_word' id='word_1_397' title='bbox 1789 735 1994 786; x_wconf 76' lang='lat' dir='ltr'><strong>stitutus</strong></span> <span class='ocrx_word' id='word_1_398' title='bbox 2038 742 2110 787; x_wconf 77' lang='lat' dir='ltr'><strong>est</strong></span> <span class='ocrx_word' id='word_1_399' title='bbox 2147 734 2279 786; x_wconf 86' lang='lat' dir='ltr'><strong>inter</strong></span> <span class='ocrx_word' id='word_1_400' title='bbox 2321 749 2447 797; x_wconf 77' lang='lat' dir='ltr'><strong>nos,</strong></span> <span class='ocrx_word' id='word_1_401' title='bbox 2497 733 2598 788; x_wconf 93' lang='lat' dir='ltr'><strong>hoc</strong></span> <span class='ocrx_word' id='word_1_402' title='bbox 2640 742 2755 800; x_wconf 90' lang='lat' dir='ltr'><strong>est,</strong></span> <span class='ocrx_word' id='word_1_403' title='bbox 2788 734 2927 790; x_wconf 87' lang='lat' dir='ltr'><strong>inter</strong></span> <span class='ocrx_word' id='word_1_404' title='bbox 2945 734 3152 804; x_wconf 90' lang='lat' dir='ltr'><strong>justos,</strong></span> <span class='ocrx_word' id='word_1_405' title='bbox 3185 736 3382 791; x_wconf 86' lang='lat' dir='ltr'><strong>virtute</strong></span> 
     </span>
    </p>
   </div>
   <div class='ocr_carea' id='block_1_49' title="bbox 1791 826 3382 898">
    <p class='ocr_par' dir='ltr' id='par_1_49' title="bbox 1791 826 3382 898">
     <span class='ocr_line' id='line_1_49' title="bbox 1791 826 3382 898; baseline 0.001 -17"><span class='ocrx_word' id='word_1_406' title='bbox 1791 828 2067 898; x_wconf 63' lang='lat' dir='ltr'><strong>praeditos,</strong></span> <span class='ocrx_word' id='word_1_407' title='bbox 2097 827 2186 897; x_wconf 92' lang='lat' dir='ltr'><strong>qui</strong></span> <span class='ocrx_word' id='word_1_408' title='bbox 2215 826 2573 883; x_wconf 85' lang='lat' dir='ltr'><strong>conditionem</strong></span> <span class='ocrx_word' id='word_1_409' title='bbox 2611 826 2754 881; x_wconf 92' lang='lat' dir='ltr'><strong>illam</strong></span> <span class='ocrx_word' id='word_1_410' title='bbox 2791 827 2914 881; x_wconf 72' lang='lat' dir='ltr'><strong>vitm</strong></span> <span class='ocrx_word' id='word_1_411' title='bbox 2940 827 3113 882; x_wconf 91' lang='lat' dir='ltr'><strong>sortiti</strong></span> <span class='ocrx_word' id='word_1_412' title='bbox 3143 837 3300 893; x_wconf 91' lang='lat' dir='ltr'><strong>sunt,</strong></span> <span class='ocrx_word' id='word_1_413' title='bbox 3335 837 3382 882; x_wconf 78' lang='lat' dir='ltr'><strong>et</strong></span> 
     </span>
    </p>
   </div>
   <div class='ocr_carea' id='block_1_50' title="bbox 1791 919 3380 991">
    <p class='ocr_par' dir='ltr' id='par_1_50' title="bbox 1791 919 3380 991">
     <span class='ocr_line' id='line_1_50' title="bbox 1791 919 3380 991; baseline -0.001 -17"><span class='ocrx_word' id='word_1_414' title='bbox 1791 937 1896 982; x_wconf 81' lang='lat' dir='ltr'><strong>vos.</strong></span> <span class='ocrx_word' id='word_1_415' title='bbox 1930 920 2034 976; x_wconf 89' lang='lat' dir='ltr'><strong>hoc</strong></span> <span class='ocrx_word' id='word_1_416' title='bbox 2059 929 2161 988; x_wconf 90' lang='lat' dir='ltr'><strong>cst,</strong></span> <span class='ocrx_word' id='word_1_417' title='bbox 2193 920 2281 991; x_wconf 93' lang='lat' dir='ltr'><strong>qui</strong></span> <span class='ocrx_word' id='word_1_418' title='bbox 2309 920 2404 974; x_wconf 91' lang='lat' dir='ltr'><strong>toti</strong></span> <span class='ocrx_word' id='word_1_419' title='bbox 2431 919 2560 974; x_wconf 88' lang='lat' dir='ltr'><strong>estis</strong></span> <span class='ocrx_word' id='word_1_420' title='bbox 2598 919 2828 988; x_wconf 89' lang='lat' dir='ltr'><strong>nequitia</strong></span> <span class='ocrx_word' id='word_1_421' title='bbox 2855 929 2908 973; x_wconf 91' lang='lat' dir='ltr'><strong>et</strong></span> <span class='ocrx_word' id='word_1_422' title='bbox 2935 919 3228 975; x_wconf 89' lang='lat' dir='ltr'><strong>sceleribus</strong></span> <span class='ocrx_word' id='word_1_423' title='bbox 3251 935 3380 974; x_wconf 84' lang='lat' dir='ltr'><strong>coo-</strong></span> 
     </span>
    </p>
   </div>
   <div class='ocr_carea' id='block_1_51' title="bbox 1793 1009 3382 1084">
    <p class='ocr_par' dir='ltr' id='par_1_51' title="bbox 1793 1009 3382 1084">
     <span class='ocr_line' id='line_1_51' title="bbox 1793 1009 3382 1084; baseline -0.003 -17"><span class='ocrx_word' id='word_1_424' title='bbox 1793 1014 1950 1084; x_wconf 88' lang='lat' dir='ltr'><strong>perti.</strong></span> <span class='ocrx_word' id='word_1_425' title='bbox 1981 1011 2237 1082; x_wconf 83' lang='lat' dir='ltr'><strong>Adeoque</strong></span> <span class='ocrx_word' id='word_1_426' title='bbox 2263 1027 2488 1084; x_wconf 85' lang='lat' dir='ltr'><strong>magnus</strong></span> <span class='ocrx_word' id='word_1_427' title='bbox 2517 1019 2599 1066; x_wconf 93' lang='lat' dir='ltr'><strong>est</strong></span> <span class='ocrx_word' id='word_1_428' title='bbox 2626 1009 2820 1075; x_wconf 91' lang='lat' dir='ltr'><strong>hiatus,</strong></span> <span class='ocrx_word' id='word_1_429' title='bbox 2847 1009 2914 1065; x_wconf 84' lang='lat' dir='ltr'><strong>Ut</strong></span> <span class='ocrx_word' id='word_1_430' title='bbox 2937 1027 3094 1080; x_wconf 72' lang='lat' dir='ltr'><strong>neque</strong></span> <span class='ocrx_word' id='word_1_431' title='bbox 3117 1014 3382 1081; x_wconf 82' lang='lat' dir='ltr'><strong>quisquam</strong></span> 
     </span>
    </p>
   </div>
   <div class='ocr_carea' id='block_1_52' title="bbox 1791 1105 3386 1178">
    <p class='ocr_par' dir='ltr' id='par_1_52' title="bbox 1791 1105 3386 1178">
     <span class='ocr_line' id='line_1_52' title="bbox 1791 1105 3386 1178; baseline -0.005 -14"><span class='ocrx_word' id='word_1_432' title='bbox 1791 1125 1965 1164; x_wconf 89' lang='lat' dir='ltr'><strong>eorum</strong></span> <span class='ocrx_word' id='word_1_433' title='bbox 1993 1109 2079 1178; x_wconf 84' lang='lat' dir='ltr'><strong>qui</strong></span> <span class='ocrx_word' id='word_1_434' title='bbox 2104 1107 2186 1161; x_wconf 84' lang='lat' dir='ltr'><strong>hic</strong></span> <span class='ocrx_word' id='word_1_435' title='bbox 2223 1108 2527 1170; x_wconf 75' lang='lat' dir='ltr'><strong>consistunt,</strong></span> <span class='ocrx_word' id='word_1_436' title='bbox 2559 1105 2628 1158; x_wconf 85' lang='lat' dir='ltr'><strong>ad</strong></span> <span class='ocrx_word' id='word_1_437' title='bbox 2656 1120 2741 1159; x_wconf 76' lang='lat' dir='ltr'><strong>vos</strong></span> <span class='ocrx_word' id='word_1_438' title='bbox 2767 1105 2983 1158; x_wconf 75' lang='lat' dir='ltr'><strong>transire</strong></span> <span class='ocrx_word' id='word_1_439' title='bbox 3013 1107 3166 1173; x_wconf 71' lang='lat' dir='ltr'><strong>possit</strong></span> <span class='ocrx_word' id='word_1_440' title='bbox 3184 1146 3197 1161; x_wconf 90' lang='lat'><strong>.</strong></span> <span class='ocrx_word' id='word_1_441' title='bbox 3227 1121 3386 1175; x_wconf 80' lang='lat' dir='ltr'><strong>neque</strong></span> 
     </span>
    </p>
   </div>
   <div class='ocr_carea' id='block_1_53' title="bbox 1791 1199 3385 1268">
    <p class='ocr_par' dir='ltr' id='par_1_53' title="bbox 1791 1199 3385 1268">
     <span class='ocr_line' id='line_1_53' title="bbox 1791 1199 3385 1268; baseline -0.005 -11"><span class='ocrx_word' id='word_1_442' title='bbox 1791 1205 1861 1258; x_wconf 88' lang='lat' dir='ltr'><strong>ad</strong></span> <span class='ocrx_word' id='word_1_443' title='bbox 1889 1220 1980 1257; x_wconf 77' lang='lat' dir='ltr'><strong>nos</strong></span> <span class='ocrx_word' id='word_1_444' title='bbox 2004 1202 2125 1257; x_wconf 81' lang='lat' dir='ltr'><strong>inde</strong></span> <span class='ocrx_word' id='word_1_445' title='bbox 2163 1212 2490 1256; x_wconf 80' lang='lat' dir='ltr'><strong>transmeare.</strong></span> <span class='ocrx_word' id='word_1_446' title='bbox 2520 1201 2682 1255; x_wconf 87' lang='lat' dir='ltr'><strong>Vides</strong></span> <span class='ocrx_word' id='word_1_447' title='bbox 2711 1200 2882 1254; x_wconf 85' lang='lat' dir='ltr'><strong>hiatus</strong></span> <span class='ocrx_word' id='word_1_448' title='bbox 2922 1199 3338 1268; x_wconf 84' lang='lat' dir='ltr'><strong>magnitudinem</strong></span> <span class='ocrx_word' id='word_1_449' title='bbox 3371 1240 3385 1262; x_wconf 93' lang='lat'><strong>,</strong></span> 
     </span>
    </p>
   </div>
   <div class='ocr_carea' id='block_1_54' title="bbox 1793 1291 3385 1364">
    <p class='ocr_par' dir='ltr' id='par_1_54' title="bbox 1793 1291 3385 1364">
     <span class='ocr_line' id='line_1_54' title="bbox 1793 1291 3385 1364; baseline -0.003 -15"><span class='ocrx_word' id='word_1_450' title='bbox 1793 1297 1942 1352; x_wconf 82' lang='lat' dir='ltr'><strong>vides</strong></span> <span class='ocrx_word' id='word_1_451' title='bbox 1966 1310 2282 1364; x_wconf 88' lang='lat' dir='ltr'><strong>responsum</strong></span> <span class='ocrx_word' id='word_1_452' title='bbox 2311 1292 2552 1364; x_wconf 84' lang='lat' dir='ltr'><strong>gehenna</strong></span> <span class='ocrx_word' id='word_1_453' title='bbox 2579 1294 2810 1363; x_wconf 85' lang='lat' dir='ltr'><strong>gravius.</strong></span> <span class='ocrx_word' id='word_1_454' title='bbox 2834 1292 3022 1346; x_wconf 88' lang='lat' dir='ltr'><strong>Nonne</strong></span> <span class='ocrx_word' id='word_1_455' title='bbox 3060 1307 3088 1345; x_wconf 93' lang='lat' dir='ltr'><strong>a</strong></span> <span class='ocrx_word' id='word_1_456' title='bbox 3127 1291 3385 1361; x_wconf 87' lang='lat' dir='ltr'><strong>principio</strong></span> 
     </span>
    </p>
   </div>
   <div class='ocr_carea' id='block_1_55' title="bbox 1793 1382 3384 1457">
    <p class='ocr_par' dir='ltr' id='par_1_55' title="bbox 1793 1382 3384 1457">
     <span class='ocr_line' id='line_1_55' title="bbox 1793 1382 3384 1457; baseline -0.005 -16"><span class='ocrx_word' id='word_1_457' title='bbox 1793 1403 1912 1442; x_wconf 91' lang='lat' dir='ltr'><strong>cum</strong></span> <span class='ocrx_word' id='word_1_458' title='bbox 1941 1386 2348 1457; x_wconf 87' lang='lat' dir='ltr'><strong>prosperitatem</strong></span> <span class='ocrx_word' id='word_1_459' title='bbox 2370 1384 2548 1439; x_wconf 88' lang='lat' dir='ltr'><strong>divitis</strong></span> <span class='ocrx_word' id='word_1_460' title='bbox 2567 1382 2844 1449; x_wconf 88' lang='lat' dir='ltr'><strong>audiretis,</strong></span> <span class='ocrx_word' id='word_1_461' title='bbox 2870 1391 2924 1438; x_wconf 87' lang='lat' dir='ltr'><strong>et</strong></span> <span class='ocrx_word' id='word_1_462' title='bbox 2947 1383 3257 1453; x_wconf 88' lang='lat' dir='ltr'><strong>obsequium</strong></span> <span class='ocrx_word' id='word_1_463' title='bbox 3279 1397 3384 1451; x_wconf 89' lang='lat' dir='ltr'><strong>quo</strong></span> 
     </span>
    </p>
   </div>
   <div class='ocr_carea' id='block_1_56' title="bbox 1793 1473 3385 1545">
    <p class='ocr_par' dir='ltr' id='par_1_56' title="bbox 1793 1473 3385 1545">
     <span class='ocr_line' id='line_1_56' title="bbox 1793 1473 3385 1545; baseline -0.005 -9"><span class='ocrx_word' id='word_1_464' title='bbox 1793 1480 2070 1536; x_wconf 88' lang='lat' dir='ltr'><strong>colebatur</strong></span> <span class='ocrx_word' id='word_1_465' title='bbox 2098 1478 2166 1533; x_wconf 91' lang='lat' dir='ltr'><strong>ab</strong></span> <span class='ocrx_word' id='word_1_466' title='bbox 2196 1477 2465 1542; x_wconf 90' lang='lat' dir='ltr'><strong>omnibus,</strong></span> <span class='ocrx_word' id='word_1_467' title='bbox 2495 1476 2749 1532; x_wconf 87' lang='lat' dir='ltr'><strong>satellitio</strong></span> <span class='ocrx_word' id='word_1_468' title='bbox 2779 1476 3006 1545; x_wconf 90' lang='lat' dir='ltr'><strong>stipatus</strong></span> <span class='ocrx_word' id='word_1_469' title='bbox 3025 1516 3038 1538; x_wconf 87' lang='lat'><strong>,</strong></span> <span class='ocrx_word' id='word_1_470' title='bbox 3067 1483 3122 1529; x_wconf 90' lang='lat' dir='ltr'><strong>et</strong></span> <span class='ocrx_word' id='word_1_471' title='bbox 3147 1473 3385 1544; x_wconf 89' lang='lat' dir='ltr'><strong>quotidie</strong></span> 
     </span>
    </p>
   </div>
   <div class='ocr_carea' id='block_1_57' title="bbox 1793 1567 3386 1636">
    <p class='ocr_par' dir='ltr' id='par_1_57' title="bbox 1793 1567 3386 1636">
     <span class='ocr_line' id='line_1_57' title="bbox 1793 1567 3386 1636; baseline -0.004 -9"><span class='ocrx_word' id='word_1_472' title='bbox 1793 1572 2002 1628; x_wconf 91' lang='lat' dir='ltr'><strong>deliciis</strong></span> <span class='ocrx_word' id='word_1_473' title='bbox 2031 1571 2300 1636; x_wconf 88' lang='lat' dir='ltr'><strong>addictus,</strong></span> <span class='ocrx_word' id='word_1_474' title='bbox 2331 1569 2702 1626; x_wconf 89' lang='lat' dir='ltr'><strong>beatissimum</strong></span> <span class='ocrx_word' id='word_1_475' title='bbox 2746 1583 2866 1623; x_wconf 89' lang='lat' dir='ltr'><strong>esse</strong></span> <span class='ocrx_word' id='word_1_476' title='bbox 2906 1567 3053 1622; x_wconf 91' lang='lat' dir='ltr'><strong>illum</strong></span> <span class='ocrx_word' id='word_1_477' title='bbox 3093 1567 3386 1622; x_wconf 85' lang='lat' dir='ltr'><strong>arbitraba-</strong></span> 
     </span>
    </p>
   </div>
   <div class='ocr_carea' id='block_1_58' title="bbox 1795 1659 3382 1731">
    <p class='ocr_par' dir='ltr' id='par_1_58' title="bbox 1795 1659 3382 1731">
     <span class='ocr_line' id='line_1_58' title="bbox 1795 1659 3382 1731; baseline -0.004 -12"><span class='ocrx_word' id='word_1_478' title='bbox 1795 1664 1962 1720; x_wconf 87' lang='lat' dir='ltr'><strong>mini?</strong></span> <span class='ocrx_word' id='word_1_479' title='bbox 1989 1663 2193 1718; x_wconf 82' lang='lat' dir='ltr'><strong>Rursus</strong></span> <span class='ocrx_word' id='word_1_480' title='bbox 2225 1663 2350 1717; x_wconf 88' lang='lat' dir='ltr'><strong>dum</strong></span> <span class='ocrx_word' id='word_1_481' title='bbox 2381 1676 2670 1731; x_wconf 90' lang='lat' dir='ltr'><strong>pauperem</strong></span> <span class='ocrx_word' id='word_1_482' title='bbox 2714 1675 2810 1729; x_wconf 89' lang='lat' dir='ltr'><strong>pro</strong></span> <span class='ocrx_word' id='word_1_483' title='bbox 2853 1659 3055 1715; x_wconf 87' lang='lat' dir='ltr'><strong>foribus</strong></span> <span class='ocrx_word' id='word_1_484' title='bbox 3079 1659 3343 1729; x_wconf 86' lang='lat' dir='ltr'><strong>ahjectum</strong></span> <span class='ocrx_word' id='word_1_485' title='bbox 3366 1701 3382 1725; x_wconf 97' lang='lat'><strong>,</strong></span> 
     </span>
    </p>
   </div>
   <div class='ocr_carea' id='block_1_59' title="bbox 1797 1753 3387 1836">
    <p class='ocr_par' dir='ltr' id='par_1_59' title="bbox 1797 1753 3387 1836">
     <span class='ocr_line' id='line_1_59' title="bbox 1797 1753 3387 1836; baseline -0.003 -25"><span class='ocrx_word' id='word_1_486' title='bbox 1797 1765 1851 1811; x_wconf 91' lang='lat' dir='ltr'><strong>et</strong></span> <span class='ocrx_word' id='word_1_487' title='bbox 1877 1755 2264 1836; x_wconf 41' lang='lat' dir='ltr'><strong>gravibusdillis</strong></span> <span class='ocrx_word' id='word_1_488' title='bbox 2291 1755 2592 1824; x_wconf 84' lang='lat' dir='ltr'><strong>expositum</strong></span> <span class='ocrx_word' id='word_1_489' title='bbox 2623 1753 2895 1809; x_wconf 85' lang='lat' dir='ltr'><strong>ulceribus</strong></span> <span class='ocrx_word' id='word_1_490' title='bbox 2912 1755 3228 1818; x_wconf 84' lang='lat' dir='ltr'><strong>cerneretis,</strong></span> <span class='ocrx_word' id='word_1_491' title='bbox 3254 1768 3387 1808; x_wconf 85' lang='lat' dir='ltr'><strong>non-</strong></span> 
     </span>
    </p>
   </div>
   <div class='ocr_carea' id='block_1_60' title="bbox 1796 1829 3387 1915">
    <p class='ocr_par' dir='ltr' id='par_1_60' title="bbox 1796 1829 3387 1915">
     <span class='ocr_line' id='line_1_60' title="bbox 1796 1829 3387 1915; baseline -0.001 -15"><span class='ocrx_word' id='word_1_492' title='bbox 1796 1861 1864 1902; x_wconf 88' lang='lat' dir='ltr'><strong>ne</strong></span> <span class='ocrx_word' id='word_1_493' title='bbox 1889 1829 2148 1902; x_wconf 61' lang='lat' dir='ltr'><strong>miseram</strong></span> <span class='ocrx_word' id='word_1_494' title='bbox 2160 1845 2276 1915; x_wconf 88' lang='lat' dir='ltr'><strong>ejus</strong></span> <span class='ocrx_word' id='word_1_495' title='bbox 2300 1846 2462 1900; x_wconf 88' lang='lat' dir='ltr'><strong>vitam</strong></span> <span class='ocrx_word' id='word_1_496' title='bbox 2488 1845 2790 1914; x_wconf 83' lang='lat' dir='ltr'><strong>putabatis?</strong></span> <span class='ocrx_word' id='word_1_497' title='bbox 2810 1845 2876 1899; x_wconf 88' lang='lat' dir='ltr'><strong>At</strong></span> <span class='ocrx_word' id='word_1_498' title='bbox 2902 1859 3028 1899; x_wconf 90' lang='lat' dir='ltr'><strong>ecce</strong></span> <span class='ocrx_word' id='word_1_499' title='bbox 3049 1844 3160 1914; x_wconf 87' lang='lat' dir='ltr'><strong>jam</strong></span> <span class='ocrx_word' id='word_1_500' title='bbox 3181 1844 3249 1899; x_wconf 90' lang='lat' dir='ltr'><strong>ab</strong></span> <span class='ocrx_word' id='word_1_501' title='bbox 3271 1845 3387 1913; x_wconf 92' lang='lat' dir='ltr'><strong>ipso</strong></span> 
     </span>
    </p>
   </div>
   <div class='ocr_carea' id='block_1_61' title="bbox 1797 1936 3384 2002">
    <p class='ocr_par' dir='ltr' id='par_1_61' title="bbox 1797 1936 3384 2002">
     <span class='ocr_line' id='line_1_61' title="bbox 1797 1936 3384 2002; baseline -0.003 -10"><span class='ocrx_word' id='word_1_502' title='bbox 1797 1953 1977 1994; x_wconf 90' lang='lat' dir='ltr'><strong>rerum</strong></span> <span class='ocrx_word' id='word_1_503' title='bbox 2007 1938 2111 1992; x_wconf 89' lang='lat' dir='ltr'><strong>ﬁne</strong></span> <span class='ocrx_word' id='word_1_504' title='bbox 2147 1937 2200 1992; x_wconf 93' lang='lat' dir='ltr'><strong>in</strong></span> <span class='ocrx_word' id='word_1_505' title='bbox 2229 1936 2556 1992; x_wconf 92' lang='lat' dir='ltr'><strong>contrarium</strong></span> <span class='ocrx_word' id='word_1_506' title='bbox 2586 1936 2855 1991; x_wconf 91' lang='lat' dir='ltr'><strong>cernimus</strong></span> <span class='ocrx_word' id='word_1_507' title='bbox 2880 1945 3069 1991; x_wconf 87' lang='lat' dir='ltr'><strong>cuncta</strong></span> <span class='ocrx_word' id='word_1_508' title='bbox 3097 1950 3349 1990; x_wconf 91' lang='lat' dir='ltr'><strong>conversa</strong></span> <span class='ocrx_word' id='word_1_509' title='bbox 3367 1976 3384 2002; x_wconf 94' lang='lat'><strong>,</strong></span> 
     </span>
    </p>
   </div>
   <div class='ocr_carea' id='block_1_62' title="bbox 1796 2027 3386 2100">
    <p class='ocr_par' dir='ltr' id='par_1_62' title="bbox 1796 2027 3386 2100">
     <span class='ocr_line' id='line_1_62' title="bbox 1796 2027 3386 2100; baseline -0.003 -15"><span class='ocrx_word' id='word_1_510' title='bbox 1796 2037 1852 2085; x_wconf 92' lang='lat' dir='ltr'><strong>et</strong></span> <span class='ocrx_word' id='word_1_511' title='bbox 1891 2029 2035 2084; x_wconf 90' lang='lat' dir='ltr'><strong>hunc</strong></span> <span class='ocrx_word' id='word_1_512' title='bbox 2075 2028 2294 2100; x_wconf 90' lang='lat' dir='ltr'><strong>quidem</strong></span> <span class='ocrx_word' id='word_1_513' title='bbox 2341 2037 2462 2099; x_wconf 90' lang='lat' dir='ltr'><strong>post</strong></span> <span class='ocrx_word' id='word_1_514' title='bbox 2513 2027 2732 2083; x_wconf 86' lang='lat' dir='ltr'><strong>delicias</strong></span> <span class='ocrx_word' id='word_1_515' title='bbox 2760 2028 2876 2083; x_wconf 89' lang='lat' dir='ltr'><strong>illas</strong></span> <span class='ocrx_word' id='word_1_516' title='bbox 2901 2038 2952 2082; x_wconf 90' lang='lat' dir='ltr'><strong>et</strong></span> <span class='ocrx_word' id='word_1_517' title='bbox 2979 2028 3288 2083; x_wconf 88' lang='lat' dir='ltr'><strong>ebrietatem</strong></span> <span class='ocrx_word' id='word_1_518' title='bbox 3333 2028 3386 2081; x_wconf 92' lang='lat' dir='ltr'><strong>in</strong></span> 
     </span>
    </p>
   </div>
   <div class='ocr_carea' id='block_1_63' title="bbox 1800 2119 3386 2188">
    <p class='ocr_par' dir='ltr' id='par_1_63' title="bbox 1800 2119 3386 2188">
     <span class='ocr_line' id='line_1_63' title="bbox 1800 2119 3386 2188; baseline -0.004 -10"><span class='ocrx_word' id='word_1_519' title='bbox 1800 2121 2098 2187; x_wconf 87' lang='lat' dir='ltr'><strong>tormentis,</strong></span> <span class='ocrx_word' id='word_1_520' title='bbox 2125 2120 2271 2174; x_wconf 91' lang='lat' dir='ltr'><strong>illum</strong></span> <span class='ocrx_word' id='word_1_521' title='bbox 2300 2134 2430 2174; x_wconf 88' lang='lat' dir='ltr'><strong>vero</strong></span> <span class='ocrx_word' id='word_1_522' title='bbox 2462 2127 2581 2188; x_wconf 91' lang='lat' dir='ltr'><strong>post</strong></span> <span class='ocrx_word' id='word_1_523' title='bbox 2608 2127 2899 2187; x_wconf 83' lang='lat' dir='ltr'><strong>egestatem</strong></span> <span class='ocrx_word' id='word_1_524' title='bbox 2924 2119 3066 2172; x_wconf 91' lang='lat' dir='ltr'><strong>illam</strong></span> <span class='ocrx_word' id='word_1_525' title='bbox 3092 2127 3386 2173; x_wconf 83' lang='lat' dir='ltr'><strong>extremam</strong></span> 
     </span>
    </p>
   </div>
   <div class='ocr_carea' id='block_1_64' title="bbox 1799 2211 3389 2283">
    <p class='ocr_par' dir='ltr' id='par_1_64' title="bbox 1799 2211 3389 2283">
     <span class='ocr_line' id='line_1_64' title="bbox 1799 2211 3389 2283; baseline -0.004 -12"><span class='ocrx_word' id='word_1_526' title='bbox 1799 2225 1854 2271; x_wconf 91' lang='lat' dir='ltr'><strong>ct</strong></span> <span class='ocrx_word' id='word_1_527' title='bbox 1881 2214 2076 2268; x_wconf 86' lang='lat' dir='ltr'><strong>famem</strong></span> <span class='ocrx_word' id='word_1_528' title='bbox 2101 2214 2151 2270; x_wconf 94' lang='lat' dir='ltr'><strong>in</strong></span> <span class='ocrx_word' id='word_1_529' title='bbox 2182 2211 2498 2283; x_wconf 86' lang='lat' dir='ltr'><strong>patriarchae</strong></span> <span class='ocrx_word' id='word_1_530' title='bbox 2523 2212 2642 2267; x_wconf 91' lang='lat' dir='ltr'><strong>sinu</strong></span> <span class='ocrx_word' id='word_1_531' title='bbox 2670 2211 2891 2266; x_wconf 87' lang='lat' dir='ltr'><strong>versari.</strong></span> <span class='ocrx_word' id='word_1_532' title='bbox 2917 2211 3296 2266; x_wconf 87' lang='lat' dir='ltr'><strong>Verumtamen</strong></span> <span class='ocrx_word' id='word_1_533' title='bbox 3321 2226 3389 2265; x_wconf 89' lang='lat' dir='ltr'><strong>ne</strong></span> 
     </span>
    </p>
   </div>
   <div class='ocr_carea' id='block_1_65' title="bbox 1799 2303 3390 2379">
    <p class='ocr_par' dir='ltr' id='par_1_65' title="bbox 1799 2303 3390 2379">
     <span class='ocr_line' id='line_1_65' title="bbox 1799 2303 3390 2379; baseline -0.003 -17"><span class='ocrx_word' id='word_1_534' title='bbox 1799 2308 2056 2379; x_wconf 80' lang='lat' dir='ltr'><strong>prolixior</strong></span> <span class='ocrx_word' id='word_1_535' title='bbox 2078 2323 2232 2378; x_wconf 69' lang='lat' dir='ltr'><strong>atquo</strong></span> <span class='ocrx_word' id='word_1_536' title='bbox 2258 2315 2437 2362; x_wconf 89' lang='lat' dir='ltr'><strong>nostra</strong></span> <span class='ocrx_word' id='word_1_537' title='bbox 2462 2305 2533 2361; x_wconf 92' lang='lat' dir='ltr'><strong>sit</strong></span> <span class='ocrx_word' id='word_1_538' title='bbox 2556 2305 2749 2369; x_wconf 89' lang='lat' dir='ltr'><strong>oratio,</strong></span> <span class='ocrx_word' id='word_1_539' title='bbox 2783 2303 2980 2359; x_wconf 89' lang='lat' dir='ltr'><strong>sufﬁcit</strong></span> <span class='ocrx_word' id='word_1_540' title='bbox 3009 2314 3066 2358; x_wconf 92' lang='lat' dir='ltr'><strong>ut</strong></span> <span class='ocrx_word' id='word_1_541' title='bbox 3096 2303 3201 2358; x_wconf 91' lang='lat' dir='ltr'><strong>huc</strong></span> <span class='ocrx_word' id='word_1_542' title='bbox 3222 2318 3390 2372; x_wconf 90' lang='lat' dir='ltr'><strong>usque</strong></span> 
     </span>
    </p>
   </div>
   <div class='ocr_carea' id='block_1_66' title="bbox 1801 2396 3388 2471">
    <p class='ocr_par' dir='ltr' id='par_1_66' title="bbox 1801 2396 3388 2471">
     <span class='ocr_line' id='line_1_66' title="bbox 1801 2396 3388 2471; baseline -0.003 -19"><span class='ocrx_word' id='word_1_543' title='bbox 1801 2411 2106 2471; x_wconf 87' lang='lat' dir='ltr'><strong>provectam</strong></span> <span class='ocrx_word' id='word_1_544' title='bbox 2133 2399 2430 2456; x_wconf 89' lang='lat' dir='ltr'><strong>doctrinam</strong></span> <span class='ocrx_word' id='word_1_545' title='bbox 2458 2399 2735 2462; x_wconf 88' lang='lat' dir='ltr'><strong>ﬁniamus,</strong></span> <span class='ocrx_word' id='word_1_546' title='bbox 2768 2406 2822 2452; x_wconf 89' lang='lat' dir='ltr'><strong>et</strong></span> <span class='ocrx_word' id='word_1_547' title='bbox 2851 2396 3128 2452; x_wconf 87' lang='lat' dir='ltr'><strong>caritatem</strong></span> <span class='ocrx_word' id='word_1_548' title='bbox 3158 2404 3388 2450; x_wconf 90' lang='lat' dir='ltr'><strong>vestram</strong></span> 
     </span>
    </p>
   </div>
   <div class='ocr_carea' id='block_1_67' title="bbox 1799 2486 3390 2560">
    <p class='ocr_par' dir='ltr' id='par_1_67' title="bbox 1799 2486 3390 2560">
     <span class='ocr_line' id='line_1_67' title="bbox 1799 2486 3390 2560; baseline -0.006 -12"><span class='ocrx_word' id='word_1_549' title='bbox 1799 2493 2164 2555; x_wconf 76' lang='lat' dir='ltr'><strong>cohortentur,</strong></span> <span class='ocrx_word' id='word_1_550' title='bbox 2193 2507 2260 2546; x_wconf 91' lang='lat' dir='ltr'><strong>ne</strong></span> <span class='ocrx_word' id='word_1_551' title='bbox 2289 2493 2448 2546; x_wconf 90' lang='lat' dir='ltr'><strong>latam</strong></span> <span class='ocrx_word' id='word_1_552' title='bbox 2482 2500 2687 2560; x_wconf 89' lang='lat' dir='ltr'><strong>portam</strong></span> <span class='ocrx_word' id='word_1_553' title='bbox 2716 2487 3016 2552; x_wconf 89' lang='lat' dir='ltr'><strong>sectcmini,</strong></span> <span class='ocrx_word' id='word_1_554' title='bbox 3051 2502 3225 2557; x_wconf 90' lang='lat' dir='ltr'><strong>neque</strong></span> <span class='ocrx_word' id='word_1_555' title='bbox 3253 2486 3390 2540; x_wconf 85' lang='lat' dir='ltr'><strong>viam</strong></span> 
     </span>
    </p>
   </div>
   <div class='ocr_carea' id='block_1_68' title="bbox 1800 2577 3391 2655">
    <p class='ocr_par' dir='ltr' id='par_1_68' title="bbox 1800 2577 3391 2655">
     <span class='ocr_line' id='line_1_68' title="bbox 1800 2577 3391 2655; baseline -0.006 -15"><span class='ocrx_word' id='word_1_556' title='bbox 1800 2585 2114 2655; x_wconf 59' lang='lat' dir='ltr'><strong>spatitham,</strong></span> <span class='ocrx_word' id='word_1_557' title='bbox 2144 2600 2315 2654; x_wconf 89' lang='lat' dir='ltr'><strong>neque</strong></span> <span class='ocrx_word' id='word_1_558' title='bbox 2347 2583 2673 2652; x_wconf 89' lang='lat' dir='ltr'><strong>voluptatem</strong></span> <span class='ocrx_word' id='word_1_559' title='bbox 2705 2581 2849 2636; x_wconf 88' lang='lat' dir='ltr'><strong>onmi</strong></span> <span class='ocrx_word' id='word_1_560' title='bbox 2879 2579 3086 2634; x_wconf 88' lang='lat' dir='ltr'><strong>ratione</strong></span> <span class='ocrx_word' id='word_1_561' title='bbox 3109 2577 3391 2648; x_wconf 88' lang='lat' dir='ltr'><strong>perquira-</strong></span> 
     </span>
    </p>
   </div>
   <div class='ocr_carea' id='block_1_69' title="bbox 1804 2673 3387 2748">
    <p class='ocr_par' dir='ltr' id='par_1_69' title="bbox 1804 2673 3387 2748">
     <span class='ocr_line' id='line_1_69' title="bbox 1804 2673 3387 2748; baseline -0.006 -14"><span class='ocrx_word' id='word_1_562' title='bbox 1804 2680 1873 2734; x_wconf 91' lang='lat' dir='ltr'><strong>tis</strong></span> <span class='ocrx_word' id='word_1_563' title='bbox 1901 2698 1913 2734; x_wconf 92' lang='lat'><strong>:</strong></span> <span class='ocrx_word' id='word_1_564' title='bbox 1941 2678 2034 2732; x_wconf 81' lang='lat' dir='ltr'><strong>sed</strong></span> <span class='ocrx_word' id='word_1_565' title='bbox 2079 2678 2354 2748; x_wconf 88' lang='lat' dir='ltr'><strong>utriusque</strong></span> <span class='ocrx_word' id='word_1_566' title='bbox 2393 2676 2554 2731; x_wconf 92' lang='lat' dir='ltr'><strong>ﬁnem</strong></span> <span class='ocrx_word' id='word_1_567' title='bbox 2595 2673 2746 2729; x_wconf 89' lang='lat' dir='ltr'><strong>vobis</strong></span> <span class='ocrx_word' id='word_1_568' title='bbox 2788 2673 2858 2727; x_wconf 95' lang='lat' dir='ltr'><strong>ob</strong></span> <span class='ocrx_word' id='word_1_569' title='bbox 2897 2673 3083 2728; x_wconf 90' lang='lat' dir='ltr'><strong>oculos</strong></span> <span class='ocrx_word' id='word_1_570' title='bbox 3109 2677 3387 2741; x_wconf 88' lang='lat' dir='ltr'><strong>ponentes,</strong></span> 
     </span>
    </p>
   </div>
   <div class='ocr_carea' id='block_1_70' title="bbox 1803 2763 3392 2845">
    <p class='ocr_par' dir='ltr' id='par_1_70' title="bbox 1803 2763 3392 2845">
     <span class='ocr_line' id='line_1_70' title="bbox 1803 2763 3392 2845; baseline -0.008 -17"><span class='ocrx_word' id='word_1_571' title='bbox 1803 2773 1941 2828; x_wconf 90' lang='lat' dir='ltr'><strong>hanc</strong></span> <span class='ocrx_word' id='word_1_572' title='bbox 1965 2772 2208 2845; x_wconf 85' lang='lat' dir='ltr'><strong>fugiatis,</strong></span> <span class='ocrx_word' id='word_1_573' title='bbox 2231 2772 2526 2842; x_wconf 88' lang='lat' dir='ltr'><strong>cogitantes</strong></span> <span class='ocrx_word' id='word_1_574' title='bbox 2555 2784 2673 2840; x_wconf 71' lang='lat' dir='ltr'><strong>quae</strong></span> <span class='ocrx_word' id='word_1_575' title='bbox 2699 2767 2916 2822; x_wconf 89' lang='lat' dir='ltr'><strong>divitem</strong></span> <span class='ocrx_word' id='word_1_576' title='bbox 2947 2766 3108 2820; x_wconf 88' lang='lat' dir='ltr'><strong>istttm</strong></span> <span class='ocrx_word' id='word_1_577' title='bbox 3135 2763 3270 2818; x_wconf 90' lang='lat' dir='ltr'><strong>mala</strong></span> <span class='ocrx_word' id='word_1_578' title='bbox 3297 2777 3392 2832; x_wconf 86' lang='lat' dir='ltr'><strong>op-</strong></span> 
     </span>
    </p>
   </div>
   <div class='ocr_carea' id='block_1_71' title="bbox 1804 2859 3392 2938">
    <p class='ocr_par' dir='ltr' id='par_1_71' title="bbox 1804 2859 3392 2938">
     <span class='ocr_line' id='line_1_71' title="bbox 1804 2859 3392 2938; baseline -0.005 -20"><span class='ocrx_word' id='word_1_579' title='bbox 1804 2867 2099 2938; x_wconf 85' lang='lat' dir='ltr'><strong>presserint</strong></span> <span class='ocrx_word' id='word_1_580' title='bbox 2127 2883 2140 2918; x_wconf 91' lang='lat'><strong>:</strong></span> <span class='ocrx_word' id='word_1_581' title='bbox 2173 2873 2457 2936; x_wconf 81' lang='lat' dir='ltr'><strong>augustam</strong></span> <span class='ocrx_word' id='word_1_582' title='bbox 2493 2873 2671 2917; x_wconf 87' lang='lat' dir='ltr'><strong>autem</strong></span> <span class='ocrx_word' id='word_1_583' title='bbox 2702 2871 2758 2917; x_wconf 89' lang='lat' dir='ltr'><strong>et</strong></span> <span class='ocrx_word' id='word_1_584' title='bbox 2793 2869 2994 2915; x_wconf 90' lang='lat' dir='ltr'><strong>arctam</strong></span> <span class='ocrx_word' id='word_1_585' title='bbox 3025 2859 3165 2913; x_wconf 91' lang='lat' dir='ltr'><strong>viam</strong></span> <span class='ocrx_word' id='word_1_586' title='bbox 3203 2872 3392 2928; x_wconf 87' lang='lat' dir='ltr'><strong>perse-</strong></span> 
     </span>
    </p>
   </div>
   <div class='ocr_carea' id='block_1_72' title="bbox 1803 2949 3392 3029">
    <p class='ocr_par' dir='ltr' id='par_1_72' title="bbox 1803 2949 3392 3029">
     <span class='ocr_line' id='line_1_72' title="bbox 1803 2949 3392 3029; baseline -0.004 -19"><span class='ocrx_word' id='word_1_587' title='bbox 1803 2957 2059 3029; x_wconf 88' lang='lat' dir='ltr'><strong>quamini,</strong></span> <span class='ocrx_word' id='word_1_588' title='bbox 2109 2965 2165 3011; x_wconf 91' lang='lat' dir='ltr'><strong>ut</strong></span> <span class='ocrx_word' id='word_1_589' title='bbox 2213 2955 2278 3011; x_wconf 91' lang='lat' dir='ltr'><strong>ad</strong></span> <span class='ocrx_word' id='word_1_590' title='bbox 2323 2956 2498 3011; x_wconf 92' lang='lat' dir='ltr'><strong>locum</strong></span> <span class='ocrx_word' id='word_1_591' title='bbox 2545 2953 2855 3010; x_wconf 90' lang='lat' dir='ltr'><strong>deliciarum</strong></span> <span class='ocrx_word' id='word_1_592' title='bbox 2906 2959 3027 3021; x_wconf 91' lang='lat' dir='ltr'><strong>post</strong></span> <span class='ocrx_word' id='word_1_593' title='bbox 3071 2950 3227 3020; x_wconf 86' lang='lat' dir='ltr'><strong>hujus</strong></span> <span class='ocrx_word' id='word_1_594' title='bbox 3272 2949 3392 3004; x_wconf 70' lang='lat' dir='ltr'><strong>vita)</strong></span> 
     </span>
    </p>
   </div>
   <div class='ocr_carea' id='block_1_73' title="bbox 1803 3045 3393 3120">
    <p class='ocr_par' dir='ltr' id='par_1_73' title="bbox 1803 3045 3393 3120">
     <span class='ocr_line' id='line_1_73' title="bbox 1803 3045 3393 3120; baseline -0.006 -14"><span class='ocrx_word' id='word_1_595' title='bbox 1803 3065 2071 3106; x_wconf 73' lang='lat' dir='ltr'><strong>mrumnas</strong></span> <span class='ocrx_word' id='word_1_596' title='bbox 2097 3049 2378 3120; x_wconf 88' lang='lat' dir='ltr'><strong>pervenire</strong></span> <span class='ocrx_word' id='word_1_597' title='bbox 2401 3047 2688 3119; x_wconf 91' lang='lat' dir='ltr'><strong>possimus.</strong></span> <span class='ocrx_word' id='word_1_598' title='bbox 2720 3045 2910 3116; x_wconf 86' lang='lat' dir='ltr'><strong>Fugite</strong></span> <span class='ocrx_word' id='word_1_599' title='bbox 2941 3056 3393 3114; x_wconf 67' lang='lat' dir='ltr'><strong>ergo,quaeso,sa-</strong></span> 
     </span>
    </p>
   </div>
   <div class='ocr_carea' id='block_1_74' title="bbox 1807 3135 3389 3213">
    <p class='ocr_par' dir='ltr' id='par_1_74' title="bbox 1807 3135 3389 3213">
     <span class='ocr_line' id='line_1_74' title="bbox 1807 3135 3389 3213; baseline -0.006 -15"><span class='ocrx_word' id='word_1_600' title='bbox 1807 3144 1979 3199; x_wconf 86' lang='lat' dir='ltr'><strong>tanica</strong></span> <span class='ocrx_word' id='word_1_601' title='bbox 2008 3143 2097 3198; x_wconf 88' lang='lat' dir='ltr'><strong>illa</strong></span> <span class='ocrx_word' id='word_1_602' title='bbox 2120 3141 2442 3213; x_wconf 90' lang='lat' dir='ltr'><strong>spectacula,</strong></span> <span class='ocrx_word' id='word_1_603' title='bbox 2467 3156 2531 3196; x_wconf 90' lang='lat' dir='ltr'><strong>ac</strong></span> <span class='ocrx_word' id='word_1_604' title='bbox 2554 3139 2884 3210; x_wconf 89' lang='lat' dir='ltr'><strong>perniciosos</strong></span> <span class='ocrx_word' id='word_1_605' title='bbox 2911 3137 3031 3193; x_wconf 88' lang='lat' dir='ltr'><strong>illos</strong></span> <span class='ocrx_word' id='word_1_606' title='bbox 3054 3136 3192 3192; x_wconf 88' lang='lat' dir='ltr'><strong>Circi</strong></span> <span class='ocrx_word' id='word_1_607' title='bbox 3216 3135 3389 3192; x_wconf 88' lang='lat' dir='ltr'><strong>ludos.</strong></span> 
     </span>
    </p>
   </div>
   <div class='ocr_carea' id='block_1_75' title="bbox 1805 3229 3394 3306">
    <p class='ocr_par' dir='ltr' id='par_1_75' title="bbox 1805 3229 3394 3306">
     <span class='ocr_line' id='line_1_75' title="bbox 1805 3229 3394 3306; baseline -0.006 -14"><span class='ocrx_word' id='word_1_608' title='bbox 1805 3237 1938 3292; x_wconf 82' lang='lat' dir='ltr'><strong>Nam</strong></span> <span class='ocrx_word' id='word_1_609' title='bbox 1967 3244 2185 3306; x_wconf 88' lang='lat' dir='ltr'><strong>propter</strong></span> <span class='ocrx_word' id='word_1_610' title='bbox 2217 3249 2311 3291; x_wconf 90' lang='lat' dir='ltr'><strong>eos</strong></span> <span class='ocrx_word' id='word_1_611' title='bbox 2337 3233 2427 3306; x_wconf 94' lang='lat' dir='ltr'><strong>qui</strong></span> <span class='ocrx_word' id='word_1_612' title='bbox 2457 3231 2680 3288; x_wconf 88' lang='lat' dir='ltr'><strong>subdole</strong></span> <span class='ocrx_word' id='word_1_613' title='bbox 2717 3231 2928 3285; x_wconf 87' lang='lat' dir='ltr'><strong>attracti</strong></span> <span class='ocrx_word' id='word_1_614' title='bbox 2959 3229 3206 3293; x_wconf 88' lang='lat' dir='ltr'><strong>fuerunt,</strong></span> <span class='ocrx_word' id='word_1_615' title='bbox 3237 3236 3394 3298; x_wconf 81' lang='lat' dir='ltr'><strong>atque</strong></span> 
     </span>
    </p>
   </div>
   <div class='ocr_carea' id='block_1_76' title="bbox 1807 3319 3394 3400">
    <p class='ocr_par' dir='ltr' id='par_1_76' title="bbox 1807 3319 3394 3400">
     <span class='ocr_line' id='line_1_76' title="bbox 1807 3319 3394 3400; baseline -0.008 -13"><span class='ocrx_word' id='word_1_616' title='bbox 1807 3331 1873 3387; x_wconf 91' lang='lat' dir='ltr'><strong>ad</strong></span> <span class='ocrx_word' id='word_1_617' title='bbox 1900 3331 2188 3400; x_wconf 90' lang='lat' dir='ltr'><strong>spatiosam</strong></span> <span class='ocrx_word' id='word_1_618' title='bbox 2217 3327 2356 3381; x_wconf 88' lang='lat' dir='ltr'><strong>viam</strong></span> <span class='ocrx_word' id='word_1_619' title='bbox 2381 3333 2754 3396; x_wconf 83' lang='lat' dir='ltr'><strong>perrexerunt,</strong></span> <span class='ocrx_word' id='word_1_620' title='bbox 2783 3323 2899 3377; x_wconf 61' lang='lat' dir='ltr'><strong>haec</strong></span> <span class='ocrx_word' id='word_1_621' title='bbox 2927 3321 3107 3377; x_wconf 90' lang='lat' dir='ltr'><strong>dicere</strong></span> <span class='ocrx_word' id='word_1_622' title='bbox 3133 3319 3394 3390; x_wconf 91' lang='lat' dir='ltr'><strong>compulsi</strong></span> 
     </span>
    </p>
   </div>
   <div class='ocr_carea' id='block_1_77' title="bbox 1807 3417 3397 3487">
    <p class='ocr_par' dir='ltr' id='par_1_77' title="bbox 1807 3417 3397 3487">
     <span class='ocr_line' id='line_1_77' title="bbox 1807 3417 3397 3487; baseline -0.008 -8"><span class='ocrx_word' id='word_1_623' title='bbox 1807 3439 2011 3487; x_wconf 89' lang='lat' dir='ltr'><strong>sumus,</strong></span> <span class='ocrx_word' id='word_1_624' title='bbox 2047 3432 2104 3478; x_wconf 94' lang='lat' dir='ltr'><strong>ut</strong></span> <span class='ocrx_word' id='word_1_625' title='bbox 2128 3422 2305 3477; x_wconf 90' lang='lat' dir='ltr'><strong>cdocti</strong></span> <span class='ocrx_word' id='word_1_626' title='bbox 2329 3435 2451 3476; x_wconf 90' lang='lat' dir='ltr'><strong>cum</strong></span> <span class='ocrx_word' id='word_1_627' title='bbox 2474 3419 2612 3473; x_wconf 87' lang='lat' dir='ltr'><strong>hanc</strong></span> <span class='ocrx_word' id='word_1_628' title='bbox 2646 3417 2930 3482; x_wconf 89' lang='lat' dir='ltr'><strong>deserant,</strong></span> <span class='ocrx_word' id='word_1_629' title='bbox 2961 3424 3070 3469; x_wconf 93' lang='lat' dir='ltr'><strong>tum</strong></span> <span class='ocrx_word' id='word_1_630' title='bbox 3103 3429 3196 3484; x_wconf 91' lang='lat' dir='ltr'><strong>per</strong></span> <span class='ocrx_word' id='word_1_631' title='bbox 3226 3427 3397 3483; x_wconf 83' lang='lat' dir='ltr'><strong>angu-</strong></span> 
     </span>
    </p>
   </div>
   <div class='ocr_carea' id='block_1_78' title="bbox 1807 3505 3398 3579">
    <p class='ocr_par' dir='ltr' id='par_1_78' title="bbox 1807 3505 3398 3579">
     <span class='ocr_line' id='line_1_78' title="bbox 1807 3505 3398 3579; baseline -0.01 -5"><span class='ocrx_word' id='word_1_632' title='bbox 1807 3529 1943 3574; x_wconf 87' lang='lat' dir='ltr'><strong>stam</strong></span> <span class='ocrx_word' id='word_1_633' title='bbox 1987 3515 2333 3579; x_wconf 91' lang='lat' dir='ltr'><strong>incedentcs,</strong></span> <span class='ocrx_word' id='word_1_634' title='bbox 2386 3512 2599 3567; x_wconf 90' lang='lat' dir='ltr'><strong>virtutis</strong></span> <span class='ocrx_word' id='word_1_635' title='bbox 2647 3510 2933 3570; x_wconf 87' lang='lat' dir='ltr'><strong>nimirum,</strong></span> <span class='ocrx_word' id='word_1_636' title='bbox 2983 3508 3034 3561; x_wconf 89' lang='lat' dir='ltr'><strong>in</strong></span> <span class='ocrx_word' id='word_1_637' title='bbox 3078 3505 3398 3577; x_wconf 76' lang='lat' dir='ltr'><strong>patriarcha:</strong></span> 
     </span>
    </p>
   </div>
   <div class='ocr_carea' id='block_1_79' title="bbox 1808 3601 3400 3680">
    <p class='ocr_par' dir='ltr' id='par_1_79' title="bbox 1808 3601 3400 3680">
     <span class='ocr_line' id='line_1_79' title="bbox 1808 3601 3400 3680; baseline -0.009 -13"><span class='ocrx_word' id='word_1_638' title='bbox 1808 3613 2005 3677; x_wconf 83' lang='lat' dir='ltr'><strong>sinum,</strong></span> <span class='ocrx_word' id='word_1_639' title='bbox 2039 3606 2488 3680; x_wconf 89' lang='lat' dir='ltr'><strong>quemadmodum</strong></span> <span class='ocrx_word' id='word_1_640' title='bbox 2517 3605 2771 3670; x_wconf 86' lang='lat' dir='ltr'><strong>Lazarus,</strong></span> <span class='ocrx_word' id='word_1_641' title='bbox 2799 3601 2963 3671; x_wconf 89' lang='lat' dir='ltr'><strong>recipi</strong></span> <span class='ocrx_word' id='word_1_642' title='bbox 2995 3611 3322 3664; x_wconf 89' lang='lat' dir='ltr'><strong>mereantur,</strong></span> <span class='ocrx_word' id='word_1_643' title='bbox 3345 3608 3400 3654; x_wconf 88' lang='lat' dir='ltr'><strong>et</strong></span> 
     </span>
    </p>
   </div>
   <div class='ocr_carea' id='block_1_80' title="bbox 1807 3690 3399 3774">
    <p class='ocr_par' dir='ltr' id='par_1_80' title="bbox 1807 3690 3399 3774">
     <span class='ocr_line' id='line_1_80' title="bbox 1807 3690 3399 3774; baseline -0.01 -14"><span class='ocrx_word' id='word_1_644' title='bbox 1807 3720 1837 3759; x_wconf 90' lang='lat' dir='ltr'><strong>a</strong></span> <span class='ocrx_word' id='word_1_645' title='bbox 1866 3703 2110 3774; x_wconf 83' lang='lat' dir='ltr'><strong>gehenna</strong></span> <span class='ocrx_word' id='word_1_646' title='bbox 2141 3700 2277 3772; x_wconf 84' lang='lat' dir='ltr'><strong>ignis</strong></span> <span class='ocrx_word' id='word_1_647' title='bbox 2301 3698 2657 3755; x_wconf 88' lang='lat' dir='ltr'><strong>communiter</strong></span> <span class='ocrx_word' id='word_1_648' title='bbox 2677 3710 2862 3751; x_wconf 91' lang='lat' dir='ltr'><strong>omnes</strong></span> <span class='ocrx_word' id='word_1_649' title='bbox 2886 3691 3092 3748; x_wconf 89' lang='lat' dir='ltr'><strong>liberati</strong></span> <span class='ocrx_word' id='word_1_650' title='bbox 3115 3691 3267 3746; x_wconf 91' lang='lat' dir='ltr'><strong>bonis</strong></span> <span class='ocrx_word' id='word_1_651' title='bbox 3292 3690 3399 3744; x_wconf 86' lang='lat' dir='ltr'><strong>illis</strong></span> 
     </span>
    </p>
   </div>
   <div class='ocr_carea' id='block_1_81' title="bbox 1808 3785 3390 3867">
    <p class='ocr_par' dir='ltr' id='par_1_81' title="bbox 1808 3785 3390 3867">
     <span class='ocr_line' id='line_1_81' title="bbox 1808 3785 3390 3867; baseline -0.009 -14"><span class='ocrx_word' id='word_1_652' title='bbox 1808 3799 2039 3866; x_wconf 89' lang='lat' dir='ltr'><strong>arcanis,</strong></span> <span class='ocrx_word' id='word_1_653' title='bbox 2072 3812 2190 3867; x_wconf 70' lang='lat' dir='ltr'><strong>qum</strong></span> <span class='ocrx_word' id='word_1_654' title='bbox 2218 3795 2405 3850; x_wconf 91' lang='lat' dir='ltr'><strong>oculus</strong></span> <span class='ocrx_word' id='word_1_655' title='bbox 2435 3807 2542 3848; x_wconf 89' lang='lat' dir='ltr'><strong>non</strong></span> <span class='ocrx_word' id='word_1_656' title='bbox 2576 3791 2737 3856; x_wconf 91' lang='lat' dir='ltr'><strong>vidit,</strong></span> <span class='ocrx_word' id='word_1_657' title='bbox 2768 3798 2823 3846; x_wconf 89' lang='lat' dir='ltr'><strong>et</strong></span> <span class='ocrx_word' id='word_1_658' title='bbox 2851 3789 2996 3843; x_wconf 90' lang='lat' dir='ltr'><strong>auris</strong></span> <span class='ocrx_word' id='word_1_659' title='bbox 3021 3802 3125 3841; x_wconf 91' lang='lat' dir='ltr'><strong>non</strong></span> <span class='ocrx_word' id='word_1_660' title='bbox 3151 3785 3390 3850; x_wconf 88' lang='lat' dir='ltr'><strong>audivit,</strong></span> 
     </span>
    </p>
   </div>
   <div class='ocr_carea' id='block_1_82' title="bbox 1810 3877 3395 3960">
    <p class='ocr_par' dir='ltr' id='par_1_82' title="bbox 1810 3877 3395 3960">
     <span class='ocr_line' id='line_1_82' title="bbox 1810 3877 3395 3960; baseline -0.011 -14"><span class='ocrx_word' id='word_1_661' title='bbox 1810 3891 2049 3946; x_wconf 90' lang='lat' dir='ltr'><strong>fruamur</strong></span> <span class='ocrx_word' id='word_1_662' title='bbox 2073 3907 2085 3944; x_wconf 94' lang='lat'>:</span> <span class='ocrx_word' id='word_1_663' title='bbox 2110 3905 2228 3960; x_wconf 78' lang='lat' dir='ltr'><strong>qua:</strong></span> <span class='ocrx_word' id='word_1_664' title='bbox 2256 3901 2352 3942; x_wconf 87' lang='lat' dir='ltr'><strong>nos</strong></span> <span class='ocrx_word' id='word_1_665' title='bbox 2379 3899 2566 3940; x_wconf 90' lang='lat' dir='ltr'><strong>omnes</strong></span> <span class='ocrx_word' id='word_1_666' title='bbox 2593 3885 2795 3938; x_wconf 87' lang='lat' dir='ltr'><strong>utinam</strong></span> <span class='ocrx_word' id='word_1_667' title='bbox 2830 3881 3076 3936; x_wconf 89' lang='lat' dir='ltr'><strong>obtinere</strong></span> <span class='ocrx_word' id='word_1_668' title='bbox 3101 3877 3395 3946; x_wconf 87' lang='lat' dir='ltr'><strong>contingat,</strong></span> 
     </span>
    </p>
   </div>
   <div class='ocr_carea' id='block_1_83' title="bbox 1808 3970 3400 4054">
    <p class='ocr_par' dir='ltr' id='par_1_83' title="bbox 1808 3970 3400 4054">
     <span class='ocr_line' id='line_1_83' title="bbox 1808 3970 3400 4054; baseline -0.009 -17"><span class='ocrx_word' id='word_1_669' title='bbox 1808 3983 1977 4054; x_wconf 86' lang='lat' dir='ltr'><strong>gratia</strong></span> <span class='ocrx_word' id='word_1_670' title='bbox 2004 3989 2056 4036; x_wconf 88' lang='lat' dir='ltr'><strong>et</strong></span> <span class='ocrx_word' id='word_1_671' title='bbox 2087 3980 2414 4051; x_wconf 85' lang='lat' dir='ltr'><strong>benignitate</strong></span> <span class='ocrx_word' id='word_1_672' title='bbox 2438 3975 2647 4031; x_wconf 90' lang='lat' dir='ltr'><strong>Domini</strong></span> <span class='ocrx_word' id='word_1_673' title='bbox 2680 3973 2847 4029; x_wconf 91' lang='lat' dir='ltr'><strong>nostri</strong></span> <span class='ocrx_word' id='word_1_674' title='bbox 2873 3972 3000 4028; x_wconf 84' lang='lat' dir='ltr'><strong>Jesu</strong></span> <span class='ocrx_word' id='word_1_675' title='bbox 3026 3970 3247 4037; x_wconf 76' lang='lat' dir='ltr'><strong>Christi,</strong></span> <span class='ocrx_word' id='word_1_676' title='bbox 3276 3983 3400 4023; x_wconf 88' lang='lat' dir='ltr'><strong>cum</strong></span> 
     </span>
    </p>
   </div>
   <div class='ocr_carea' id='block_1_84' title="bbox 1809 4059 3400 4145">
    <p class='ocr_par' dir='ltr' id='par_1_84' title="bbox 1809 4059 3400 4145">
     <span class='ocr_line' id='line_1_84' title="bbox 1809 4059 3400 4145; baseline -0.012 -15"><span class='ocrx_word' id='word_1_677' title='bbox 1809 4089 1916 4145; x_wconf 90' lang='lat' dir='ltr'><strong>quo</strong></span> <span class='ocrx_word' id='word_1_678' title='bbox 1943 4073 2088 4128; x_wconf 85' lang='lat' dir='ltr'><strong>Patri</strong></span> <span class='ocrx_word' id='word_1_679' title='bbox 2117 4071 2381 4141; x_wconf 90' lang='lat' dir='ltr'><strong>simulque</strong></span> <span class='ocrx_word' id='word_1_680' title='bbox 2407 4067 2632 4138; x_wconf 89' lang='lat' dir='ltr'><strong>Spiritui</strong></span> <span class='ocrx_word' id='word_1_681' title='bbox 2663 4073 2846 4120; x_wconf 91' lang='lat' dir='ltr'><strong>sancto</strong></span> <span class='ocrx_word' id='word_1_682' title='bbox 2867 4064 3056 4145; x_wconf 86' lang='lat' dir='ltr'><strong>gloria,</strong></span> <span class='ocrx_word' id='word_1_683' title='bbox 3093 4059 3400 4131; x_wconf 84' lang='lat' dir='ltr'><strong>imperium,</strong></span> 
     </span>
    </p>
   </div>
   <div class='ocr_carea' id='block_1_85' title="bbox 1811 4144 3398 4232">
    <p class='ocr_par' dir='ltr' id='par_1_85' title="bbox 1811 4144 3398 4232">
     <span class='ocr_line' id='line_1_85' title="bbox 1811 4144 3398 4232; baseline -0.011 -10"><span class='ocrx_word' id='word_1_684' title='bbox 1811 4144 1985 4222; x_wconf 85' lang='lat' dir='ltr'><strong>honor</strong></span> <span class='ocrx_word' id='word_1_685' title='bbox 2031 4179 2174 4220; x_wconf 89' lang='lat' dir='ltr'><strong>nunc</strong></span> <span class='ocrx_word' id='word_1_686' title='bbox 2233 4171 2288 4219; x_wconf 90' lang='lat' dir='ltr'><strong>ct</strong></span> <span class='ocrx_word' id='word_1_687' title='bbox 2339 4176 2572 4232; x_wconf 89' lang='lat' dir='ltr'><strong>semper,</strong></span> <span class='ocrx_word' id='word_1_688' title='bbox 2601 4169 2656 4215; x_wconf 91' lang='lat' dir='ltr'><strong>ct</strong></span> <span class='ocrx_word' id='word_1_689' title='bbox 2706 4159 2757 4214; x_wconf 94' lang='lat' dir='ltr'><strong>in</strong></span> <span class='ocrx_word' id='word_1_690' title='bbox 2811 4144 3005 4212; x_wconf 65' lang='lat' dir='ltr'><strong>saecula</strong></span> <span class='ocrx_word' id='word_1_691' title='bbox 3060 4154 3398 4210; x_wconf 68' lang='lat' dir='ltr'><strong>sazculorum.</strong></span> 
     </span>
    </p>
   </div>
   <div class='ocr_carea' id='block_1_86' title="bbox 1810 4260 2004 4315">
    <p class='ocr_par' dir='ltr' id='par_1_86' title="bbox 1810 4260 2004 4315">
     <span class='ocr_line' id='line_1_86' title="bbox 1810 4260 2004 4315; baseline -0.015 0"><span class='ocrx_word' id='word_1_692' title='bbox 1810 4260 2004 4315; x_wconf 86' lang='lat' dir='ltr'><strong>Amen.</strong></span> 
     </span>
    </p>
   </div>
   <div class='ocr_carea' id='block_1_87' title="bbox 1564 4965 1966 5029">
    <p class='ocr_par' dir='ltr' id='par_1_87' title="bbox 1564 4965 1966 5029">
     <span class='ocr_line' id='line_1_87' title="bbox 1564 4965 1966 5029; baseline -0.002 0"><span class='ocrx_word' id='word_1_693' title='bbox 1564 4965 1966 5029; x_wconf 81' lang='lat' dir='ltr'><strong>MONITUM.</strong></span> 
     </span>
    </p>
   </div>
   <div class='ocr_carea' id='block_1_88' title="bbox 122 5476 3392 5566">
    <p class='ocr_par' dir='ltr' id='par_1_88' title="bbox 122 5476 3392 5566">
     <span class='ocr_line' id='line_1_88' title="bbox 122 5476 3392 5566; baseline -0.004 -17"><span class='ocrx_word' id='word_1_694' title='bbox 122 5507 373 5566; x_wconf 87' lang='lat' dir='ltr'><strong>operum</strong></span> <span class='ocrx_word' id='word_1_695' title='bbox 406 5488 627 5545; x_wconf 90' lang='lat' dir='ltr'><strong>lectioni</strong></span> <span class='ocrx_word' id='word_1_696' title='bbox 668 5488 753 5543; x_wconf 81' lang='lat' dir='ltr'><strong>vel</strong></span> <span class='ocrx_word' id='word_1_697' title='bbox 781 5486 1051 5542; x_wconf 90' lang='lat' dir='ltr'><strong>tantillum</strong></span> <span class='ocrx_word' id='word_1_698' title='bbox 1087 5491 1336 5540; x_wconf 87' lang='lat' dir='ltr'><strong>assuetus</strong></span> <span class='ocrx_word' id='word_1_699' title='bbox 1362 5483 1489 5539; x_wconf 88' lang='lat' dir='ltr'><strong>erit.</strong></span> <span class='ocrx_word' id='word_1_700' title='bbox 1529 5480 1890 5548; x_wconf 88' lang='lat' dir='ltr'><strong>Quamobrem</strong></span> <span class='ocrx_word' id='word_1_701' title='bbox 1915 5493 2038 5550; x_wconf 73' lang='lat' dir='ltr'><strong>Jure</strong></span> <span class='ocrx_word' id='word_1_702' title='bbox 2073 5479 2215 5533; x_wconf 90' lang='lat' dir='ltr'><strong>inter</strong></span> <span class='ocrx_word' id='word_1_703' title='bbox 2249 5476 2434 5548; x_wconf 89' lang='lat' dir='ltr'><strong>spuria</strong></span> <span class='ocrx_word' id='word_1_704' title='bbox 2468 5477 2711 5548; x_wconf 81' lang='lat' dir='ltr'><strong>ablegata</strong></span> <span class='ocrx_word' id='word_1_705' title='bbox 2744 5477 2848 5532; x_wconf 91' lang='lat' dir='ltr'><strong>fuit</strong></span> <span class='ocrx_word' id='word_1_706' title='bbox 2875 5477 2942 5532; x_wconf 91' lang='lat' dir='ltr'><strong>ab</strong></span> <span class='ocrx_word' id='word_1_707' title='bbox 2984 5477 3070 5542; x_wconf 91' lang='lat' dir='ltr'><strong>iis,</strong></span> <span class='ocrx_word' id='word_1_708' title='bbox 3097 5478 3190 5547; x_wconf 90' lang='lat' dir='ltr'><strong>qui</strong></span> <span class='ocrx_word' id='word_1_709' title='bbox 3239 5479 3392 5549; x_wconf 87' lang='lat' dir='ltr'><strong>prius</strong></span> 
     </span>
    </p>
   </div>
   <div class='ocr_carea' id='block_1_89' title="bbox 120 5570 3392 5656">
    <p class='ocr_par' dir='ltr' id='par_1_89' title="bbox 120 5570 3392 5656">
     <span class='ocr_line' id='line_1_89' title="bbox 120 5570 3392 5656; baseline -0.006 -10"><span class='ocrx_word' id='word_1_710' title='bbox 120 5590 315 5646; x_wconf 72' lang='lat' dir='ltr'><strong>editis</strong></span> <span class='ocrx_word' id='word_1_711' title='bbox 342 5588 727 5656; x_wconf 83' lang='lat' dir='ltr'><strong>advigilarunt.</strong></span> <span class='ocrx_word' id='word_1_712' title='bbox 757 5585 852 5638; x_wconf 88' lang='lat' dir='ltr'><strong>llic</strong></span> <span class='ocrx_word' id='word_1_713' title='bbox 874 5584 1121 5654; x_wconf 58' lang='lat' dir='ltr'><strong>quaedam</strong></span> <span class='ocrx_word' id='word_1_714' title='bbox 1150 5583 1422 5637; x_wconf 88' lang='lat' dir='ltr'><strong>habentur</strong></span> <span class='ocrx_word' id='word_1_715' title='bbox 1446 5581 1512 5636; x_wconf 89' lang='lat' dir='ltr'><strong>de</strong></span> <span class='ocrx_word' id='word_1_716' title='bbox 1547 5579 1980 5635; x_wconf 85' lang='lat' dir='ltr'><strong>subintroductis</strong></span> <span class='ocrx_word' id='word_1_717' title='bbox 2009 5586 2061 5634; x_wconf 91' lang='lat' dir='ltr'><strong>et</strong></span> <span class='ocrx_word' id='word_1_718' title='bbox 2087 5577 2347 5648; x_wconf 83' lang='lat' dir='ltr'><strong>agapetis,</strong></span> <span class='ocrx_word' id='word_1_719' title='bbox 2379 5591 2486 5645; x_wconf 88' lang='lat' dir='ltr'><strong>qua</strong></span> <span class='ocrx_word' id='word_1_720' title='bbox 2519 5575 2586 5630; x_wconf 92' lang='lat' dir='ltr'><strong>de</strong></span> <span class='ocrx_word' id='word_1_721' title='bbox 2632 5589 2690 5628; x_wconf 85' lang='lat' dir='ltr'><strong>re</strong></span> <span class='ocrx_word' id='word_1_722' title='bbox 2728 5574 2784 5628; x_wconf 91' lang='lat' dir='ltr'><strong>in</strong></span> <span class='ocrx_word' id='word_1_723' title='bbox 2822 5570 2969 5626; x_wconf 82' lang='lat' dir='ltr'><strong>uotis</strong></span> <span class='ocrx_word' id='word_1_724' title='bbox 2999 5571 3392 5641; x_wconf 65' lang='lat' dir='ltr'><strong>posterioribus</strong></span> 
     </span>
    </p>
   </div>
   <div class='ocr_carea' id='block_1_90' title="bbox 122 5665 3390 5752">
    <p class='ocr_par' dir='ltr' id='par_1_90' title="bbox 122 5665 3390 5752">
     <span class='ocr_line' id='line_1_90' title="bbox 122 5665 3390 5752; baseline -0.006 -14"><span class='ocrx_word' id='word_1_725' title='bbox 122 5693 378 5752; x_wconf 79' lang='lat' dir='ltr'><strong>agatur;</strong></span> <span class='ocrx_word' id='word_1_726' title='bbox 415 5681 509 5735; x_wconf 91' lang='lat' dir='ltr'><strong>sed</strong></span> <span class='ocrx_word' id='word_1_727' title='bbox 539 5680 704 5734; x_wconf 87' lang='lat' dir='ltr'><strong>etiam</strong></span> <span class='ocrx_word' id='word_1_728' title='bbox 739 5677 910 5733; x_wconf 87' lang='lat' dir='ltr'><strong>fusius</strong></span> <span class='ocrx_word' id='word_1_729' title='bbox 940 5685 1130 5746; x_wconf 81' lang='lat' dir='ltr'><strong>agetur</strong></span> <span class='ocrx_word' id='word_1_730' title='bbox 1152 5676 1218 5730; x_wconf 90' lang='lat' dir='ltr'><strong>ad</strong></span> <span class='ocrx_word' id='word_1_731' title='bbox 1248 5675 1451 5732; x_wconf 90' lang='lat' dir='ltr'><strong>calcem</strong></span> <span class='ocrx_word' id='word_1_732' title='bbox 1483 5689 1732 5743; x_wconf 87' lang='lat' dir='ltr'><strong>operum,</strong></span> <span class='ocrx_word' id='word_1_733' title='bbox 1762 5688 1885 5728; x_wconf 85' lang='lat' dir='ltr'><strong>eum</strong></span> <span class='ocrx_word' id='word_1_734' title='bbox 1921 5674 1983 5728; x_wconf 83' lang='lat' dir='ltr'><strong>de</strong></span> <span class='ocrx_word' id='word_1_735' title='bbox 2017 5671 2302 5741; x_wconf 85' lang='lat' dir='ltr'><strong>disciplina</strong></span> <span class='ocrx_word' id='word_1_736' title='bbox 2329 5685 2446 5726; x_wconf 68' lang='lat' dir='ltr'><strong>aevo</strong></span> <span class='ocrx_word' id='word_1_737' title='bbox 2484 5665 2862 5742; x_wconf 83' lang='lat' dir='ltr'><strong>Chrysostomi</strong></span> <span class='ocrx_word' id='word_1_738' title='bbox 2888 5675 3102 5738; x_wconf 85' lang='lat' dir='ltr'><strong>recepta</strong></span> <span class='ocrx_word' id='word_1_739' title='bbox 3147 5666 3390 5735; x_wconf 85' lang='lat' dir='ltr'><strong>disputa-</strong></span> 
     </span>
    </p>
   </div>
   <div class='ocr_carea' id='block_1_91' title="bbox 123 5768 1622 5856">
    <p class='ocr_par' dir='ltr' id='par_1_91' title="bbox 123 5768 1622 5856">
     <span class='ocr_line' id='line_1_91' title="bbox 123 5768 1622 5856; baseline -0.005 -28"><span class='ocrx_word' id='word_1_740' title='bbox 123 5775 319 5856; x_wconf 83' lang='lat' dir='ltr'><strong>bitur.</strong></span> <span class='ocrx_word' id='word_1_741' title='bbox 356 5774 733 5845; x_wconf 85' lang='lat' dir='ltr'><strong>lntcrprctatio</strong></span> <span class='ocrx_word' id='word_1_742' title='bbox 764 5773 956 5828; x_wconf 86' lang='lat' dir='ltr'><strong>Latina</strong></span> <span class='ocrx_word' id='word_1_743' title='bbox 983 5783 1065 5828; x_wconf 90' lang='lat' dir='ltr'><strong>est</strong></span> <span class='ocrx_word' id='word_1_744' title='bbox 1093 5771 1384 5826; x_wconf 81' lang='lat' dir='ltr'><strong>Frontonis</strong></span> <span class='ocrx_word' id='word_1_745' title='bbox 1418 5768 1622 5824; x_wconf 78' lang='lat' dir='ltr'><strong>Duczei.</strong></span> 
     </span>
    </p>
   </div>
  </div>
