3784 6292
84 275 218 331 15:37
693 267 706 290 ’

75 386 458 452 humanitatis,
499 390 801 454 serpentem
842 389 898 454 ut
947 379 1189 454 Eva_tibi
1226 376 1660 454 contubernalem

74 459 348 513 asciveris.
371 448 506 512 Cum
531 448 833 524 aliigaveris
863 452 1035 524 ignem
1065 450 1115 504 in
1144 449 1282 524 siuti,
1311 458 1365 501 et
1391 448 1657 501 lucernam

75 533 128 580 iu
156 529 298 583 freno
323 527 582 599 posueris,
603 519 1014 599 periculu_ni_tibi
1043 519 1312 599 ercabitur
1331 534 1396 599 cit
1418 530 1660 599 utroque.

72 604 186 654 Aut
213 588 354 670 enim
393 598 443 651 in
475 588 643 670 ipsam
680 593 915 670 barathri
961 591 1352 670 proiapsionem
1384 588 1623 670 incidens
1644 629 1660 669 τ

73 669 383 722 amittendae
413 659 671 720 castitatis
699 659 991 732 periculum
1019 660 1221 725 adibis;
1249 668 1342 714 aut
1365 659 1409 712 si
1442 659 1542 713 hoc
1569 659 1664 712 tibi

74 757 185 794 nou
214 739 438 801 accidat,
472 745 678 805 turpem
702 734 800 788 tibi
828 732 1054 805 infamia:
1081 739 1260 786 notam
1292 732 1472 805 inut_'es
1495 770 1510 793 ,
1540 743 1662 805 cuin

75 811 174 864 tibi
218 798 524 863 mandatum
560 798 632 861 sit
655 847 670 871 ,
703 814 759 859 ut
801 820 907 858 non
950 801 1123 856 solum
1168 815 1348 871 coram
1373 800 1531 871 Deo,
1567 798 1662 871 sed

71 883 238 934 etiam
269 895 448 933 coram
491 868 793 932 hominibus
835 875 972 928 bona
1016 871 1295 940 provideas
1322 869 1418 943 (2.
1459 868 1576 925 Cor.
1605 870 1660 923 8.

69 949 140 1005 ει
168 952 205 1020 ).
234 953 567 1020 QuaprOpter
593 947 694 1000 hac
722 943 1089 1020 E‘celesiastica
1115 943 1486 1020 cohortatione
1511 955 1662 1020 coms

73 1012 409 1077 monefactus
429 1012 715 1072 observare
739 1015 900 1069 debes
925 1027 1271 1083 quiscumque
1299 1012 1522 1083 honesta
1539 1019 1664 1064 sunt

67 1101 129 1146 et
155 1092 338 1161 pudica
361 1089 618 1160 (Philipp.
643 1087 696 1140 4.
720 1085 797 1161 8),
820 1082 991 1161 neque
1013 1083 1065 1161 id
1087 1093 1313 1148 tantum,
1333 1082 1426 1161 sed
1445 1091 1500 1137 et
1518 1097 1664 1161 quae-

69 1152 308 1230 cumque
339 1152 490 1214 bona:
530 1152 703 1230 famie.
737 1152 921 1230 metire
947 1170 1012 1209 ex
1055 1154 1330 1230 bonestaﬁte
1360 1152 1662 1230 humanita-

73 1242 192 1286 tem
217 1222 238 1284 ε’
251 1232 540 1300 sapientem
559 1229 650 1283 tibi
674 1229 988 1300 monitorem
1007 1239 1236 1300 appune.
1259 1222 1365 1300 (iur
1381 1224 1660 1300 honestum

69 1294 468 1356 Christianismi
499 1315 690 1354 nomen
717 1296 1092 1351 contaminas‘l
1117 1294 1224 1349 Cur
1250 1294 1474 1349 aliorum
1501 1294 1660 1348 etiam

71 1374 376 1441 illaqueans
400 1372 609 1425 animas
649 1367 1085 1441 contubernalem
1121 1365 1219 1441 tibi
1257 1364 1505 1441 asciscis?
1544 1363 1659 1441 Non

71 1435 222 1496 enim
248 1445 416 1497 solum
441 1452 494 1496 ut
519 1441 747 1516 animam
779 1448 920 1492 tuam
934 1435 1219 1516 defendas,
1254 1435 1511 1516 nationem
1534 1436 1659 1516 red-

71 1515 197 1577 des,
221 1513 311 1568 sed
339 1514 409 1568 ob
437 1527 550 1577 eos,
573 1511 763 1587 quibus
787 1508 1039 1587 seandalo
1067 1507 1230 1587 fuisti.
1256 1506 1660 1587 i’rojieeclsinu

74 1594 174 1658 tuo
199 1591 521 1658 serpentem,
550 1578 789 1658 abii_ce_a
831 1590 882 1633 te
925 1580 1041 1648 ipso
1071 1578 1390 1658 periculum.
1420 1578 1598 1658 Si-tibi
1629 1593 1659 1632 a

74 1646 302 1710 feminis
323 1653 612 1710 ministrari
634 1650 926 1715 desideras,
947 1646 1044 1702 cur
1064 1663 1168 1702 nun
1194 1647 1463 1716 antiquam
1488 1646 1657 1716 legem

69 1727 390 1791 observans,
424 1724 620 1791 nuptiis
647 1732 698 1776 te
741 1720 987 1790 legitimis
1025 1719 1281 1791 copulasti
1312 1717 1660 1791 (a)?7NAupti:e

70 1798 253 1865 [taenis
293 1789 396 1850 non
440 1789 564 1848 sunt
604 1789 847 1865 obnoxia:
879 1809 893 1844 :
929 1789 1247 1865 adulterium
1286 1789 1544 1865 supplicio
1576 1797 1661 1843 est

67 1860 365 1920 obnoxium
417 1863 701 1919 inevitabili
749 1880 763 1916 :
803 1870 884 1917 est
928 1860 1069 1915 enim
1117 1860 1456 1923 adulterium,
1501 1869 1661 1928 atque

69 1938 215 1991 adeo
253 1952 497 2006 magnum
545 1932 862 2006 adulterium
908 1931 1212 1988 cohabitare
1261 1945 1393 2006 c_um_
1429 1930 1656 2006 feminis.

64 2000 472 2063 Couscieniiam
505 2017 647 2058 tuam
677 2004 942 2069 examina,
971 2017 1095 2057 num
1127 2001 1337 2070 quando
1363 2000 1656 2055 detrimen-

67 2089 191 2131 tum
218 2078 488 2146 acceperis
509 2116 526 2141 ,
556 2090 682 2128 num
709 2075 820 2146 sive
845 2083 1006 2128 noctu
1030 2116 1045 2139 ,
1076 2073 1188 2127 sive
1211 2071 1440 2126 interdiu
1467 2071 1658 2146 vuiiuis

67 2151 333 2203 inflictqu
348 2143 454 2202 'tibi
491 2147 744 2201 senseris.
777 2145 915 2198 Sane
942 2159 1040 2212 ego
1069 2160 1162 2198 eor
1189 2153 1336 2196 tuum
1364 2143 1614 2196 reserabo
1637 2183 1652 2207 ,

65 2220 290 2274 tametsi
329 2218 456 2273 milii
501 2231 856 2271 succensurus
901 2230 978 2269 es.
1021 2215 1397 2268 Verumtamen
1434 2229 1537 2268 non
1575 2223 1658 2267 est

65 2291 208 2343 mihi
235 2305 376 2344 curae
403 2307 414 2341 :
451 2289 602 2341 valde
628 2288 823 2356 quippe
854 2286 1046 2352 doleo,
1080 2301 1199 2339 cum
1232 2283 1386 2338 video
1422 2293 1655 2356 ascetam

65 2361 534 2415 subintroductam
559 2355 832 2412 mulierem
856 2357 955 2410 sibi
979 2356 1259 2411 asciscere.
1292 2356 1399 2422 Ego
1425 2355 1515 2408 tibi
1536 2355 1657 2409 dico

65 2443 129 2486 te
157 2433 212 2486 in
238 2432 470 2500 singulas
499 2430 658 2500 horas
681 2428 943 2481 vulnerari
968 2468 984 2492 ,
1011 2438 1066 2481 et
1090 2426 1309 2500 singulis
1342 2426 1486 2500 boris
1517 2441 1655 2500 pra:-

60 2503 201 2556 dam
229 2496 418 2558 beliua:
444 2500 578 2554 ﬁeri.
606 2498 876 2552 Laxantur
903 2500 1044 2552 enim
1078 2498 1168 2550 tibi
1212 2498 1414 2551 vincula
1441 2496 1654 2551 castita~

65 2575 145 2624 lis
164 2613 182 2639 ,
208 2573 565 2639 corrumperis
593 2585 656 2624 ac
685 2570 937 2624 remissus
966 2567 1148 2623 evadis
1178 2568 1404 2639 bellator
1431 2582 1656 2639 genero-

56 2637 185 2704 sus,
227 2657 320 2711 pro
353 2637 552 2697 victore
599 2640 843 2709 captivus
885 2639 1132 2693 efficcris.
1178 2637 1314 2692 Num
1357 2640 1496 2711 enim
1522 2638 1654 2706 lapis

59 2716 172 2768 es?
203 2709 371 2768 liomo
393 2729 471 2775 es,
501 2711 873 2766 communibus
898 2719 1100 2763 naturae
1131 2711 1340 2762 casibus
1368 2709 1650 2764 obnoxius.

58 2785 446 2858 lguetnhabes
475 2784 710 2858 i_n_siuu,
741 2791 796 2836 et
839 2797 942 2836 non
991 2779 1198 2858 ureris?
1240 2778 1335 2834 Cui
1366 2778 1654 2858 verisimile

56 2850 204 2910 iﬁud
228 2854 672 2932 videatur‘iifone
697 2853 967 2932 lucernam
995 2853 1045 2905 in
1073 2850 1483 2932 fceno,‘tumque
1509 2850 1649 2932 vide,

55 2943 202 2980 num
228 2927 404 2981 dicere
434 2925 760 2993 mihipossis
788 2923 985 2977 frenum
1015 2937 1118 2976 non
1147 2921 1270 2993 uri?
1296 2920 1446 2993 Quod
1482 2920 1526 2974 si
1554 2936 1652 2993 ne-

52 2998 284 3066 gaveris
313 2998 390 3050 uri
423 2992 642 3059 fmnum,
674 3011 741 3048 ne
772 2994 897 3048 mihi
923 2993 1069 3048 dicas
1089 3033 1102 3056 ,
1131 2992 1224 3046 sed
1252 2993 1300 3045 ei
1330 2992 1428 3066 qu_i
1446 2992 1651 3066 occuita

55 3062 224 3122 ﬁovit
245 3109 260 3134 ,
293 3069 380 3137 qui
414 3067 558 3122 venit
595 3075 651 3120 ut
679 3066 1024 3137 cogitationes
1051 3072 1357 3137 congreget.
1389 3062 1650 3137 Esienim

51 3132 334 3193 alisere'toi-
361 3132 777 3208 cogitationum,
806 3145 879 3208 et
900 3134 1331 3208 ratiocinationes
1355 3132 1532 3208 cordis
1567 3133 1651 3208 in_-

53 3210 282 3278 telligit.
324 3210 409 3262 Ait
432 3204 588 3262 Venitn
621 3223 632 3261 :
667 3208 766 3272 Qui
799 3207 974 3260 viderit
1015 3205 1287 3278 mulierem
1309 3204 1378 3257 ad
1413 3204 1652 3278 coucupi-

49 3275 314 3334 scendum
351 3296 459 3334 eam
485 3321 500 3345 ,
525 3281 640 3349 jam
686 3279 1072 3349 utter/tatusest
1120 3292 1230 3349 eum
1271 3276 1324 3328 in
1369 3275 1518 3349 corde
1544 3291 1650 3349 suo

49 3354 72 3418 (
115 3351 305 3404 Matth.
333 3351 386 3404 5.
415 3351 485 3403 28
508 3345 544 3416 )ζ
583 3349 710 3404 Vide
751 3364 817 3402 ne
845 3348 989 3401 omni
1020 3347 1148 3400 hora
1178 3346 1229 3399 in
1259 3356 1308 3400 te
1333 3345 1648 3418 adulterium

46 3417 523 3491 deprehendatur.
556 3419 785 3475 Omnino
811 3419 956 3491 dices
985 3435 998 3471 :
1023 3417 1241 3487 jejuniis
1265 3457 1280 3482 ,
1309 3417 1649 3491 exercitatio-

47 3489 233 3548 nihus
259 3502 311 3546 et
339 3492 489 3545 arido
517 3500 835 3560 austeroque
863 3490 1003 3544 victu
1030 3504 1132 3560 me
1155 3489 1458 3560 communio
1476 3528 1490 3551 ,
1523 3501 1590 3560 ne
1620 3503 1648 3542 a

46 3563 347 3634 preposito
384 3561 650 3634 excidam.
689 3558 852 3629 Igitur
879 3560 948 3614 ob
995 3558 1137 3634 aliud
1183 3558 1310 3634 nihil
1358 3558 1650 3634 instituitur

45 3627 383 3689 exercitatio
405 3643 514 3698 tua,
540 3633 640 3687 nisi
668 3627 882 3702 propter
903 3629 1335 3702 contubernalem
1360 3639 1520 3683 tuam.
1546 3627 1652 3702 Ita-

42 3721 175 3775 que
206 3720 312 3758 non
349 3704 456 3774 jam
501 3704 594 3756 tibi
635 3703 907 3775 justitiam
936 3701 1298 3775 tliesa_t_u-izas_;
1333 3709 1475 3753 tuam
1505 3701 1646 3775 enim

46 3771 161 3830 illa
192 3771 648 3829 exercitationem
675 3771 952 3828 subtraxit.
995 3771 1180 3839 Ahjice
1230 3771 1385 3840 igitur
1421 3784 1449 3822 a
1479 3771 1650 3840 teipso

45 3849 243 3906 illam,
274 3862 391 3914 quae
418 3845 700 3898 multorum
731 3843 1114 3914 bonorumitibi
1144 3842 1399 3914 damnum
1425 3841 1645 3914 invexit,

45 3933 140 3975 nc
172 3926 227 3970 te
253 3911 426 3985 eiiciat
455 3931 486 3970 e
513 3915 778 3984 paradiso,
805 3928 873 3985 ne
904 3922 954 3966 te
981 3912 1193 3985 diabolo
1215 3911 1496 3966 ludibrium
1524 3912 1648 3967 red-

41 3991 182 4042 dat.
210 3983 330 4041 Noli
352 3986 486 4055 apud
515 3983 565 4040 te
586 3986 726 4038 illam
753 3984 1036 4050 collocare,
1063 4000 1129 4055 ne
1149 3983 1283 4036 forte
1305 3997 1425 4055 c_um
1454 3993 1505 4055 te
1522 3997 1650 4055 sup-

48 4058 364 4128 plantarit,
387 4051 570 4112 'tecum
603 4057 653 4110 in
692 4056 990 4128 gehennam
1035 4054 1287 4107 mittatur.
1321 4051 1650 4107 Formidabi-

44 4125 175 4184 iam
215 4128 447 4197 judicem
490 4125 820 4196 pertimesce,
870 4125 939 4178 ini
987 4134 1158 4197 tecum
1201 4133 1407 4197 pactum
1433 4164 1448 4187 ,
1492 4133 1548 4197 ut
1583 4139 1650 4180 ne

39 4195 258 4254 oculos
303 4195 511 4269 quidem
556 4197 807 4266 conjicias
849 4197 900 4251 in
948 4196 1244 4250 mulierem.
1297 4195 1650 4250 Przesentibus

39 4271 376 4327 senioribus
402 4271 650 4325 canitiem
681 4283 924 4323 reverere
943 4307 956 4330 ,
986 4277 1040 4320 et
1066 4277 1330 4334 tamquam
1359 4274 1533 4334 patres
1558 4282 1650 4320 eos

40 4341 364 4404 reveritus,
398 4357 552 4409 parce
578 4340 886 4394 scurrilibus
912 4338 1089 4392 verbis
1116 4346 1170 4392 et
1197 4337 1419 4409 ludicris,
1437 4345 1492 4390 et
1519 4337 1650 4390 ridi-

38 4413 227 4468 culis.
258 4410 334 4465 Ne
358 4408 477 4465 lude
503 4427 621 4466 cum
647 4410 841 4480 juniori
866 4450 882 4476 ,
911 4424 1082 4480 neque
1108 4409 1245 4461 viam
1272 4408 1473 4480 inertia:
1500 4423 1652 4462 mou-

38 4497 233 4546 stres,
265 4483 432 4536 iniens
460 4498 576 4536 eam
610 4477 752 4549 prior
780 4479 912 4549 ipse,
942 4479 1214 4548 multoque
1239 4477 1492 4549 majorem
1519 4493 1651 4533 con-

41 4564 333 4622 temptum
360 4548 672 4621 ingenerans
696 4571 710 4605 :
734 4548 1010 4622 mulierem
1033 4565 1160 4622 vero
1184 4548 1270 4604 vel
1295 4549 1410 4603 solo
1434 4559 1649 4622 aspectu

38 4619 230 4682 tentis
257 4619 520 4677 reverere.
553 4622 631 4677 Sit
672 4622 773 4675 illis
801 4621 966 4675 forma
995 4619 1238 4690 quaedam
1264 4628 1318 4673 et
1346 4621 1648 4688 exemplum

37 4700 173 4750 vita
207 4704 328 4756 tua;
358 4694 513 4747 talem
542 4702 595 4747 te
623 4693 804 4763 praebe
825 4733 838 4757 ,
867 4700 940 4763 ut_
969 4701 1019 4745 te
1041 4691 1159 4763 illa:
1183 4698 1564 4763 revereantur,
1598 4699 1653 4763 et

36 4771 244 4822 forma
268 4773 424 4833 atque
447 4761 651 4817 initium
680 4761 1012 4817 verecundia:
1037 4762 1140 4814 illis
1173 4762 1287 4833 tias,
1319 4761 1648 4833 quandoqui-

32 4842 190 4892 dem
222 4837 306 4888 vir
325 4831 571 4902 quiddam
588 4842 670 4888 est
692 4833 915 4887 muliere
938 4831 1297 4901 principalius,
1328 4845 1501 4902 neque
1527 4832 1653 4886 faei-

36 4914 279 4964 litatem
308 4901 524 4973 adjicias
563 4904 780 4959 faciliori
808 4913 1012 4956 natura:
1038 4901 1307 4958 muliebri.
1343 4901 1650 4956 Verecunda

31 4989 127 5036 sit
165 4976 434 5047 przrcipua
467 4975 692 5047 quadam
713 4977 936 5047 ratione
978 4975 1184 5047 mulier,
1211 4981 1414 5047 quanto
1442 4974 1654 5047 gravius

30 5060 145 5104 est
167 5043 416 5101 dedecus
443 5043 681 5100 mulieris
710 5045 1052 5113 impudentia.
1089 5043 1152 5097 Et
1179 5045 1220 5098 si
1251 5043 1462 5096 liberius
1493 5044 1650 5113 etiam

34 5135 193 5174 (tum
224 5117 356 5170 viris
397 5117 535 5185 loqui
577 5111 859 5169 admodum
901 5114 1172 5184 indignum
1211 5125 1293 5168 est
1328 5123 1382 5169 et
1419 5111 1653 5168 audaciae

33 5195 326 5262 plenum,
357 5201 476 5240 cum
521 5188 725 5262 mulieri
770 5187 838 5239 sit
881 5185 1316 5262 impositumhuut
1357 5185 1540 5239 timeat
1578 5185 1656 5262 vi:

35 5255 188 5318 rum
220 5273 376 5311 suum
398 5299 413 5323 ,
442 5257 618 5326 potius
641 5299 654 5320 ,
686 5271 841 5326 quam
871 5264 928 5310 ut
968 5255 1216 5325 loquendi
1245 5255 1487 5310 libertate
1513 5255 1653 5324 apud

28 5335 220 5388 illum
254 5335 472 5383 utatur:
502 5326 690 5380 Mulier
715 5327 878 5393 enim,
908 5327 1095 5395 inquit,
1122 5327 1284 5378 virum
1311 5341 1456 5378 suum
1486 5327 1654 5379 timeat

28 5413 54 5473 (
96 5401 315 5469 Eph“.
340 5399 394 5453 5.
409 5399 522 5473 Δ53)
556 5415 569 5450 :
600 5398 647 5452 si
685 5397 914 5473 ig_it_ur_e_i
939 5436 954 5463 ,
984 5412 1102 5466 quae
1137 5397 1307 5473 virum
1352 5396 1541 5462 habet,
1562 5397 1652 5473 lex

27 5467 170 5531 ista
202 5469 477 5540 proposita
503 5477 586 5522 est
609 5508 624 5532 ,
655 5467 901 5540 ιιιιὶῤῄιίιή
927 5481 1069 5521 nunc
1093 5482 1209 5535 qua:
1231 5468 1396 5520 virum
1414 5481 1529 5540 non
1562 5469 1656 5520 ba-

28 5549 184 5608 bes,
206 5535 486 5610 "agendum
512 5535 716 5594 restat?
739 5535 860 5594 Tibi
885 5552 1012 5593 vero
1036 5551 1176 5593 nunc
1203 5539 1449 5593 convenit
1469 5579 1484 5605 ,
1511 5548 1569 5592 ut
1589 5552 1656 5592 ne

114 5701 204 5765 (τι)
243 5698 337 5765 Hie
353 5697 598 5765 agitur-de
620 5697 998 5765 subintroductis
1023 5703 1082 5765 et
1125 5697 1361 5765 agapctis,
1393 5708 1488 5762 qua
1509 5695 1573 5747 de
1597 5708 1656 5747 re

27 5758 265 5832 agetur,
291 5761 378 5812 ubi
388 5758 462 5812 'de
480 5759 732 5825 disciplina
752 5767 972 5824 tempore
991 5758 1328 5822 chryso'stomi.

1033 265 1346 325 ASCETAM
1389 263 1698 319 FACETIIS
1737 266 1851 320 υτι
1890 261 2025 320 NON
2066 263 2356 322 DEBERE.

3216 265 3354 321 4058

1775 375 1885 431 ullo
1913 375 2126 446 quidem
2157 387 2313 450 pacto
2340 377 2455 433 viro
2486 379 2888 450 appropinquos
2911 423 2924 441 ,
2955 392 3208 450 quantum
3239 386 3352 444 ﬁeri

1775 457 1987 523 potest,
2019 463 2194 523 neque
2221 449 2331 504 ullo
2376 449 2535 503 modo
2581 451 2660 523 vir
2691 460 2836 504 tuum
2869 449 3068 507 vultum
3109 456 3352 523 aspiciat.

1771 518 1966 572 Christi
2020 519 2162 572 enim
2210 534 2402 588 sponsa
2441 536 2545 581 es;
2601 521 2679 575 sic
2721 523 3039 589 progredere
3082 518 3267 580 ornata
3299 537 3352 583 ut

1771 603 2004 656 sponsa,
2061 590 2207 664 vultu
2243 591 2439 664 amictu
2463 592 2775 664 velato,ine
2793 591 2931 664 forte
2978 595 3022 646 si
3051 610 3208 664 quem
3264 608 3352 652 tuo

1770 669 2056 732 conspectu
2086 659 2465 732 vulneraveris,
2497 662 2811 732 perditionis
2835 662 2949 732 ejus
2977 659 3185 731 pinnam
3213 666 3349 724 luas.

1771 731 1943 804 Atque
1986 729 2100 804 hare
2125 730 2338 799 quidem
2359 747 2479 804 “nos
2500 729 2572 786 ex
2609 748 2800 804 arcana
2829 729 3223 804 scripturarum
3254 750 3348 794 ao-

1769 802 1938 878 cirina
1978 801 2293 878 deprompta
2339 801 2565 857 dicimus
2597 820 2610 856 :
2645 801 2984 878 multaurero
3023 822 3140 876 qure
3182 823 3352 878 neque

1773 870 1864 948 _Dei
1888 872 2133 948 timorem
2159 874 2594 948 animos-emant,
2622 889 2792 942 neque
2818 873 3022 948 facilem
3040 870 3197 932 'suam
3222 870 3351 948 pro-

1768 940 2063 1016 lapsionem
2111 942 2495 1016 reformidant,
2545 940 2718 1016 neque
2770 947 3090 1014 propositam
3138 940 3350 1016 pinnam

1769 1012 2074 1079 provident,
2106 1027 2168 1067 ea
2215 1029 2320 1066 non
2365 1012 2650 1067 admodum
2696 1012 2924 1076 curaui.
2955 1025 3009 1071 et
3052 1012 3154 1072 suo
3177 1019 3351 1076 ducta'

1769 1082 1994 1158 cousiliu
2023 1084 2256 1158 virorum
2287 1084 2655 1158 se__ob_sequiis
2697 1084 3013 1140 addixerunt
3036 1129 3050 1149 ,
3083 1103 3255 1158 neque
3284 1107 3348 1147 ex

1768 1153 2078 1227 praascripto
2105 1154 2299 1223 regulae
2322 1154 2402 1227 illi
2429 1153 2736 1227 dat:e,quae
2764 1158 2960 1225 nupsit,
2986 1167 3037 1211 et
3059 1153 3240 1227 juncta
3265 1174 3346 1216 est

1767 1227 1976 1296 marito.
2019 1226 2086 1276 At
2121 1233 2177 1296 tu
2211 1239 2276 1278 ne
2320 1226 2456 1279 hanc
2483 1225 2699 1294 quidem
2729 1227 2900 1295 legem
2928 1225 3208 1296 observas;
3242 1237 3346 1286 non

1767 1293 1909 1347 enim
1939 1309 2062 1347 cum
2097 1294 2286 1348 timore
2311 1293 2663 1360 conversaris,
2686 1293 2964 1351 sed'multa
2993 1313 3111 1352 cum
3139 1293 3345 1357 securi-

1768 1371 1874 1418 tate
1894 1374 2053 1440 aique
2072 1376 2380 1440 contemptu
2405 1375 2456 1420 et
2477 1367 2633 1440 simul
2654 1368 2912 1440 comedis,
2941 1378 2993 1424 et
3013 1371 3169 1424 simul
3188 1371 3344 1440 hihis,

1765 1441 1822 1489 et
1839 1435 2178 1509 coiloqueris,
2203 1445 2254 1509 et
2280 1438 2628 1506 incomposite
2649 1438 2807 1492 simul
2833 1439 2993 1502 rides,
3013 1451 3066 1495 et
3093 1451 3211 1509 post
3232 1435 3346 1498 haec

1765 1506 1942 1559 omnia
1975 1515 2148 1581 tamen
2167 1507 2319 1581 virgo
2348 1509 2706 1581 vis__appellari
2739 1526 2751 1560 :
2782 1506 3148 1565 verumtamen
3173 1528 3271 1581 ego
3297 1523 3346 1568 to

1765 1589 1870 1651 non
1887 1577 2112 1645 amplius
2129 1578 2386 1646 virginem
2404 1579 2596 1651 dicam,
2618 1595 2736 1651 qua:
2761 1594 2924 1648 usque
2944 1581 3079 1637 adeo
3097 1591 3146 1636 te
3165 1577 3321 1651 ιιέωοὶ

1768 1645 1927 1723 piiem
1944 1645 2286 1723 agas,_neqiie
2309 1649 2601 1723 periculum
2631 1645 2963 1706 reformides.
2988 1645 3208 1707 Audebo
3230 1671 3327 1723 pro

1764 1717 2029 1794 pheticmn
2054 1718 2181 1772 illud
2206 1717 2483 1794 usurpare,
2507 1720 2834 1794 Qbstupeseat
2859 1723 3036 1776 coelum
3057 1741 3208 1794 super
3227 1717 3340 1792 hoc,

1766 1797 1813 1842 et
1839 1788 2038 1862 horreat
2065 1799 2296 1862 creatura
2333 1790 2478 1859 (Jer.
2504 1790 2558 1844 2.
2590 1791 2686 1861 12)
2716 1809 2728 1843 :
2763 1793 2814 1845 in
2845 1801 3096 1862 quantam
3119 1788 3344 1849 deveni;

1764 1873 1884 1912 mus
1913 1859 2295 1932 impudentiam
2339 1870 2394 1915 et
2418 1862 2628 1927 dignam
2666 1859 2930 1917 Stantibiis
2956 1863 3004 1916 in
3050 1867 3343 1932 prostibulo

1766 1930 2153 1984 meretricibus.
2183 1930 2250 1986 Ut
2273 1933 2413 1985 enim
2445 1932 2548 1986 illa:
2575 1933 2641 1987 ab
2668 1932 2971 1987 hominibus
2997 1930 3343 1992 histrionibus

1761 2009 2092 2070 congregatae
2120 2003 2464 2069 procliviores
2503 2003 2568 2056 ad
2614 2003 2922 2058 inbonestas
2951 2007 3190 2061 actiones
3217 2009 3325 2063 red-

1761 2070 1960 2144 duntur
1983 2113 2006 2144 ,ί
2029 2072 2107 2126 sic
2131 2083 2186 2126 et
2229 2073 2342 2126 istte
2367 2089 2486 2144 cum
2530 2075 2582 2127 in
2621 2074 2855 2128 animum
2902 2075 3255 2144 induxerunt,
3285 2088 3338 2132 ut

1762 2155 1882 2216 cum
1912 2143 2041 2216 viris
2067 2143 2390 2216 cobahitent.
2424 2143 2727 2213 Indignatur
2761 2147 2916 2216 Deus.
2953 2147 3192 2202 homines
3220 2143 3340 2216 pro-

1761 2211 1858 2265 bro
1882 2211 2149 2285 afficiunt;
2177 2223 2232 2266 at
2277 2214 2382 2268 illa:
2422 2225 2478 2268 ut
2506 2211 2740 2284 iniquum
2765 2215 3010 2285 jndicem’
3038 2211 3339 2285 imitentur,

1761 2297 1931 2354 neque
1955 2283 2118 2337 Deum
2144 2285 2351 2350 timent,
2383 2301 2551 2354 neque
2576 2283 2845 2340 hominem
2876 2301 3186 2343 reverentur
3204 2307 3222 2344 :
3247 2283 3339 2345 sed

1759 2353 1826 2407 ad
1866 2352 1980 2408 hare
2016 2357 2195 2429 omnia
2226 2356 2393 2409 multo
2421 2352 2607 2429 majori
2637 2371 2758 2429 cum
2789 2357 2976 2413 fiducia
3010 2359 3296 2429 loquuntur
3319 2403 3336 2425 ,

1759 2438 1928 2500 quam
1950 2425 2032 2500 vel
2078 2426 2403 2500 ipsze,_qu:e_
2439 2426 2664 2500 honesto
2703 2428 2902 2497 juncta:
2945 2425 3192 2500 conjugio
3217 2447 3340 2487 cum

1759 2494 1888 2569 viris
1914 2494 2191 2569 babitaut._
2225 2494 2326 2569 llic
2354 2497 2602 2552 nimirum
2647 2494 2982 2569 arrogantius
3020 2494 3204 2555 eorum
3241 2519 3339 2558 ne-

1756 2564 1921 2635 gotia,
1944 2580 2062 2640 cuni
2087 2567 2278 2640 quibus
2297 2567 2513 2637 degunt,
2538 2564 2912 2640 administrant
2937 2581 2989 2624 et
3008 2573 3336 2640 perturbant,

1757 2637 2094 2712 contumeliis
2115 2652 2208 2712 eos
2231 2637 2516 2712 lacessunt,
2539 2639 2884 2712 omniumque
2906 2637 3190 2708 bon—orum,
3214 2661 3334 2712 qua:

1757 2707 1823 2780 ad
1853 2709 1973 2762 illos
1999 2709 2288 2780 pertinent,
2320 2709 2504 2763 volunt
2529 2710 2772 2765 obtinere
2798 2707 3150 2766 dominatum.
3179 2707 3331 2780 Quod

1757 2777 1802 2830 si
1832 2780 1957 2833 velit
2004 2778 2093 2832 ille
2137 2794 2532 2848 nonnumquam
2575 2796 2786 2834 manum
2831 2781 2896 2834 ad
2938 2777 3337 2840 beneficentiam

1757 2849 2075 2921 protendere
2100 2891 2114 2914 ,
2146 2849 2530 2921 prohibetipsa
2552 2892 2566 2914 ,
2597 2850 2827 2921 denique
2854 2851 3047 2906 famula
3077 2869 3182 2908 non
3212 2867 3296 2910 est
3321 2897 3334 2918 ,

1756 2919 1849 2991 sed
1879 2919 2090 2974 domina
2118 2920 2303 2974 evasit.
2335 2919 2537 2976 Secede
2579 2919 2831 2991 igituriab
2868 2923 3040 2978 aliena
3065 2925 3337 2979 cohabita-

1758 2990 1919 3052 tionc,
1950 3005 1982 3041 ο
2008 2991 2174 3060 virgo,
2203 3006 2375 3058 neque
2399 3005 2428 3043 a
2453 2990 2848 3048 cohabitatione
2887 3003 3087 3048 tantum
3110 3037 3124 3057 ,
3152 3011 3337 3050 verum

1754 3070 1808 3135 et
1827 3075 1857 3113 a
1880 3061 2145 3135 colloquio
2165 3070 2218 3115 et
2241 3077 2270 3135 a
2301 3063 2487 3135 risu_te
2517 3071 2700 3135 mutuo
2728 3063 2956 3135 abstine.
2980 3064 3112 3118 Nam
3143 3066 3185 3120 si
3214 3083 3338 3135 pru-

1755 3130 1899 3206 denti
1922 3131 2036 3206 viro
2057 3132 2105 3185 vi
2113 3148 2148 3206 it
2173 3132 2328 3206 tacite
2347 3131 2635 3206 subriderei
2647 3134 2962 3202 permissum
2985 3145 3086 3200 est,
3109 3130 3336 3206 sapienti

1754 3202 1965 3256 mulieri
1994 3211 2050 3256 ut
2075 3204 2161 3256 vix
2190 3203 2347 3257 etiam
2375 3202 2536 3264 istud.
2566 3203 2857 3273 injunctuni
2887 3217 2989 3260 εει.
3019 3202 3227 3262 Etenim
3249 3210 3333 3263 vel

1755 3274 1869 3340 ipse
1891 3273 2130 3348 modicus
2149 3274 2287 3327 risus
2311 3274 2517 3348 inuiieri
2545 3275 2854 3348 religionem
2883 3277 3135 3345 professa:
3161 3280 3336 3348 gravis

1755 3352 1836 3398 est
1857 3353 1911 3398 et
1939 3344 2283 3417 periculosus.
2314 3344 2484 3417 Multo
2501 3344 2862 3400 enim’melior
2887 3344 2991 3413 est,
3020 3365 3138 3417 qure
3163 3344 3233 3404 ob
3262 3367 3338 3405 re-

1754 3415 2042 3488 verentiam
2068 3424 2336 3488 spectatur
2362 3416 2582 3488 mulier,
2606 3432 2763 3486 quam
2787 3434 2905 3488 quae
2928 3419 2996 3473 ob
3017 3415 3335 3474 hilaritatem

1755 3493 1809 3539 et
1839 3486 2504 3561 voluptatemnEnimvcro
2546 3487 2670 3561 dum
2692 3488 2778 3561 _ad
2809 3486 3139 3561 sniritualem
3170 3506 3336 3561 spon-

1757 3571 1870 3630 sam
1892 3571 1921 3609 a
1945 3556 2166 3630 muliere
2189 3555 2666 3630 laudestransfert,
2688 3558 2754 3630 is,
2783 3555 2870 3629 qui
2899 3561 3178 3630 mysticum
3200 3555 3339 3616 scri-

1755 3629 1858 3696 psit
1880 3627 2174 3702 canticum,
2186 3627 2302 3702 ejus
2324 3627 2589 3682 silentium
2619 3627 2898 3702 celebrans
2918 3627 2972 3684 et
2993 3631 3201 3686 habitus
3221 3633 3338 3702 ejus

1752 3700 2066 3773 grauitatem
2095 3697 2380 3773 collaudat,
2417 3715 2664 3773 pavorem
2689 3699 2830 3773 illam
2857 3702 3129 3771 appellans
3160 3697 3331 3773 (Cant.

1755 3770 1816 3843 6._
1842 3768 1930 3843 5).
1956 3768 2064 3843 Hoc
2089 3769 2229 3822 enim
2259 3776 2341 3822 cst
2367 3769 2507 3843 quod
2538 3770 2830 3843 admodum
2845 3768 3148 3843 venerabile
3169 3768 3334 3843 atque

1753 3838 2119 3912 admirandum
2152 3841 2516 3908 speetantibus
2540 3850 2780 3911 apparet.
2809 3841 3078 3911 Siquidem
3101 3838 3331 3912 oportet,

1753 3921 1811 3964 ut
1837 3910 1955 3977 ejus
1996 3911 2248 3963 honestas
2274 3919 2330 3964 et
2365 3910 2596 3980 gravitas
2624 3912 2850 3966 curiosis
2879 3910 3045 3967 oculis
3077 3910 3333 3969 terrorem

1755 3981 1991 4054 incutiat,
2015 3989 2068 4034 et
2086 3981 2151 4034 ad
2180 3981 2536 4054 importunam
2569 3983 2952 4052 impudentiam
2972 3984 3332 4054 repellendam

1754 4053 1820 4105 sit
1847 4052 2031 4105 idonea
2057 4068 2070 4104 :
2095 4067 2250 4120 quam
2273 4051 2430 4106 etiam
2453 4055 2522 4108 ob
2538 4051 2750 4107 cauSam
2773 4055 2945 4108 omnis
2965 4051 3156 4110 aureus
3177 4072 3334 4109 orna-

1758 4129 1841 4176 tus
1872 4122 1944 4176 illi
1989 4132 2203 4190 ereptus
2231 4132 2346 4188 est,
2389 4132 2443 4177 et
2486 4133 2744 4178 tortorum
2792 4125 3056 4192 crinium,
3090 4135 3143 4180 et
3174 4129 3336 4182 vestis

1754 4195 2022 4268 pretiosae,
2054 4209 2120 4268 ne
2139 4195 2474 4268 ornamentis
2500 4195 2691 4264 quibus
2718 4203 2801 4250 est
2823 4197 3014 4268 cincta,
3039 4196 3331 4268 refulgent,

1753 4272 1807 4338 et
1827 4263 2288 4338 oculosexhilaret
2313 4263 2651 4338 intuentium,
2669 4275 2829 4336 atque
2848 4267 2912 4321 ad
2937 4263 3326 4338 prolapsiunem

1753 4337 1961 4390 invitet.
1992 4334 2278 4406 Propterea
2305 4336 2505 4404 jejunia
2529 4379 2543 4402 ,
2581 4334 2954 4404 abstinentiae,
2985 4347 3041 4392 et
3068 4334 3334 4394 (ἱκετείαις

1755 4406 1960 4468 tiones,
1989 4407 2298 4477 vultumque
2336 4407 2588 4477 pallidum
2630 4422 2693 4461 ac
2736 4417 3018 4474 mmstum,
3051 4420 3104 4463 et
3133 4421 3334 4465 vestem

1754 4477 1997 4549 viliorem
2044 4476 2248 4549 habere
2272 4476 2421 4549 virgo
2463 4478 2623 4532 debet
2662 4479 2731 4532 oh
2775 4489 2978 4532 natura;
3018 4479 3085 4533 ad
3126 4481 3330 4549 lapsum

1755 4547 2165 4616 proclivitatem.
2198 4547 2401 4602 Idcirco
2441 4552 2599 4603 etiam
2638 4549 2830 4604 Paulus
2867 4550 3104 4605 scribens
3145 4547 3211 4605 ad
3241 4567 3334 4606 ca-

1755 4617 2025 4688 rissimum
2057 4617 2222 4671 filium
2249 4618 2609 4683 Timotheum,
2638 4620 2754 4688 ejus
2783 4620 2833 4674 in
2867 4620 3188 4676 honorandis
3215 4639 3337 4676 mu-

1755 4688 1974 4761 lieribus
2018 4687 2396 4761 humanitatem
2441 4687 2698 4744 castitatis
2734 4692 2970 4745 cu~todia
3012 4696 3329 4761 praemuniit,

1755 4758 1936 4812 dicens
1967 4775 1980 4810 :
2007 4756 2246 4813 Iuniores
2270 4760 2447 4814 viduas
2471 4761 2663 4814 honora
2689 4771 2742 4814 ut
2767 4779 2982 4825 sorores,
3013 4756 3068 4815 in
3093 4767 3229 4816 omni
3251 4756 3336 4816 ea;

1755 4828 2032 4902 stitateli.
2069 4828 2204 4883 Tim.
2251 4831 2302 4886 5.
2353 4832 2440 4899 5).
2487 4831 2636 4898 Quod
2681 4833 2723 4885 si
2769 4847 2798 4885 a
2843 4834 3063 4888 muliere
3092 4845 3336 4889 ornatum

1757 4914 1969 4974 omnem
1991 4902 2231 4974 corporis
2256 4913 2503 4974 amovent
2524 4919 2690 4956 sacra:
2718 4903 2902 4968 literni,
2943 4915 3141 4972 quanto
3163 4907 3331 4974 magis

1757 4971 1872 5024 viro
1896 4973 2142 5044 convenit
2168 4973 2322 5044 nullo
2359 4973 2516 5044 modo
2553 4982 2821 5041 comptum
2854 4971 2994 5041 esse,
3031 4971 3339 5044 tantumque

1758 5041 2060 5096 necessario
2075 5043 2268 5095 amictu
2290 5043 2488 5105 vestiri,
2508 5044 2583 5096 sic
2603 5054 2657 5096 ut
2680 5052 3038 5113 tegumentum
3061 5047 3148 5110 sit,
3169 5041 3338 5100 etnon

1712 5140 1715 5141 ν
1759 5122 2128 5183 urnamentum
2154 5154 2166 5173 ,
2198 5113 2642 5182 quemadmodum
2685 5114 2736 5168 id
2781 5115 3066 5183 appellavit
3098 5118 3289 5171 l'aulus
3322 5135 3335 5170 :

1761 5181 2015 5253 Habentes
2052 5181 2290 5236 alimenta
2335 5193 2379 5236 et
2426 5193 2708 5253 tegumenta
2731 5225 2744 5247 ,
2776 5181 2867 5238 his
2895 5187 3111 5239 contenti
3155 5190 3341 5241 erimus

1761 5253 1779 5320 (
1802 5254 1851 5306 1.
1879 5252 2009 5305 Tim.
2033 5253 2096 5326 6.7
2167 5257 2206 5322 ).
2232 5253 2360 5306 Nam
2385 5252 2502 5321 qua:
2523 5254 2590 5308 ad
2610 5266 2853 5309 ornatum
2875 5265 3196 5326 comparatu!
3217 5270 3342 5311 sunt

1760 5332 1956 5387 vestes,
1976 5323 2260 5394 muliebres
2288 5327 2462 5392 potius
2488 5339 2646 5394 quam
2667 5327 2846 5380 viriles
2869 5323 3206 5381 censeantur.
3233 5328 3342 5384 Lex

1760 5395 1954 5471 quippe
1989 5393 2116 5471 dicit
2153 5410 2168 5471 :_
2202 5392 2607 5471 Non_ind_uétur
2634 5397 2710 5471 vir
2743 5407 2874 5451 veste
2900 5398 3161 5471 femineuf
3186 5398 3340 5452 Deut.

1759 5463 1850 5518 2‘2.
1880 5463 2080 5539 ὅλμῳ
2106 5467 2264 5534 igitur
2288 5465 2626 5539 eﬂ‘emiuetur
2648 5467 2730 5520 vir
2749 5509 2762 5531 ,
2793 5463 3220 5539 quandoquidem
3252 5485 3349 5526 ue-

1761 5550 1866 5609 que
1887 5534 2200 5609 muliebrem
2228 5549 2412 5609 scitum
2433 5534 2718 5609 admodum
2742 5534 2990 5594 convenit
3011 5534 3148 5609 apud
3175 5541 3340 5597 Deum

1762 5604 2186 5681 effeminari_.__Ex
2218 5607 2340 5681 pilis
2377 5607 2706 5681 camelorum
2747 5621 2949 5681 vestem
2990 5604 3263 5681 gestabat,
3294 5621 3350 5667 et

1763 5689 1953 5731 zonam
1985 5677 2226 5738 pellicem
2254 5678 2395 5733 circa
2437 5679 2644 5738 lumbos
2675 5694 2801 5735 suos
2838 5677 3072 5736 Joannes
3101 5701 3113 5735 :
3143 5690 3194 5737 et
3223 5697 3348 5736 ante

1767 5747 1913 5803 illum
1943 5745 2085 5804 Elias
2110 5789 2124 5817 ,
2155 5750 2305 5821 cujus
2342 5750 2586 5823 Spiritum
2624 5751 2863 5809 Joannes
2905 5755 3143 5825 gerebat,
3188 5753 3348 5808 ovilla
