3884 6308
439 255 462 308 f
473 252 578 308 059

435 367 608 422 solum
640 363 779 435 pelle
805 364 918 435 ipse
955 376 1166 435 quoque
1194 361 1562 435 amiciebatur.
1607 359 1942 435 Stupidimest
1967 371 2022 435 et

437 437 618 490 mollis
641 431 806 489 animi
827 431 1168 502 slilendidum
1210 433 1577 487 indumentum
1607 440 1661 486 et
1688 431 1864 502 subtili
1893 431 2022 486 arti-

437 507 557 561 ficio
573 501 879 560 contextum
899 505 1073 573 magni
1097 503 1271 558 facere
1288 519 1302 555 :
1324 504 1536 557 animus
1552 511 1728 557 autem
1744 501 1812 555 ad
1832 503 2019 557 altiora

439 593 667 646 quaeque
687 583 860 639 natus,
884 575 972 645 qui
999 575 1112 628 veri
1133 583 1587 646 ornatusiscnsum
1606 587 1800 646 capere
1824 581 2018 646 potest,

440 643 657 700 mollem
696 643 913 700 omnem
932 654 1134 700 vestem
1165 645 1427 715 despicit,
1461 643 1904 715 etsublimiorem
1932 643 2020 715 illa

434 718 764 782 desiderans,
793 731 1035 770 securam
1058 757 1072 781 ,
1107 713 1326 769 minime
1351 714 1671 784 superfluam
1695 753 1710 778 ,
1742 713 2018 768 honestio-

437 803 553 842 rem
580 788 720 841 illam
753 787 1090 854 maximeque
1126 785 1484 840 venerandam
1515 785 1811 840 castitatem
1847 784 2020 837 omni-

438 857 539 912 bus
577 857 846 912 existimat
894 857 1300 925 praeferendam.
1347 856 1594 910 Contenti
1644 856 1802 924 igitur
1847 863 2020 909 estote

441 929 745 990 verborum,
761 943 882 998 qute
897 928 1034 982 dicta
1053 938 1169 982 sunt
1182 969 1194 989 ,
1209 927 1587 998 admonitu-ne.
1605 926 1800 998 Cavete
1817 933 2016 998 autem,

437 1014 504 1053 ne
525 996 856 1054 honestatem
876 1008 1036 1068 atque
1054 998 1364 1067 gravitatem
1391 997 1534 1068 ultra
1544 997 1796 1051 terminos
1818 996 2021 1068 medio-

435 1069 639 1123 critatis
693 1066 964 1137 tamquam
1021 1066 1298 1122 molestam
1346 1067 1628 1137 quamdam
1673 1066 2013 1121 severitatem

437 1084 639 1123 eruatis
693 1084 962 1137 tamquam
1021 1084 1298 1122 mmestam
1384 1084 1628 1120 uamuam
1673 1084 2013 1121 severitatem

437 1139 743 1204 producatis
771 1156 786 1192 :
813 1154 930 1208 quae
954 1147 1008 1192 et
1033 1138 1130 1206 ipsi
1161 1139 1250 1207 qui
1273 1084 1440 1202 angit,
1469 1147 1521 1191 et
1551 1139 1614 1191 iis
1641 1137 1727 1208 qui
1755 1138 1869 1204 ejus
1890 1151 2019 1208 cnn-

432 1210 604 1264 sortio
632 1207 884 1264 fruuntur
905 1250 920 1274 ,
953 1210 1112 1263 melle
1137 1225 1199 1262 ac
1229 1210 1348 1262 favo
1385 1208 1594 1261 dulcior
1621 1207 1868 1261 efficitur.
1899 1207 2017 1275 Spi-

436 1279 643 1333 ritualis
682 1281 876 1349 quippe
915 1279 1094 1333 laetitia
1123 1279 1346 1333 honeste
1371 1293 1433 1332 ac
1457 1279 1652 1332 decore
1680 1278 1744 1331 ad
1768 1279 2014 1349 unionem

436 1363 559 1403 cum
595 1348 715 1404 Deo
741 1349 1018 1419 provehit,
1050 1365 1250 1420 eosque
1291 1351 1379 1420 qui
1430 1350 1483 1403 in
1528 1363 1873 1414 congressum
1904 1348 2018 1416 ejus

433 1421 678 1484 veniunt,
701 1422 966 1489 voluptate
997 1419 1283 1488 perfundit.
1305 1419 1494 1474 Verum
1526 1435 1592 1473 ne
1623 1421 1704 1472 his
1729 1433 1847 1488 qua:
1874 1435 1902 1470 a
1934 1435 2018 1473 me

435 1491 573 1546 dicta
599 1501 720 1546 sunt
743 1533 757 1557 ,
796 1492 1077 1545 occasione
1119 1501 1360 1560 arrepta,
1393 1506 1459 1545 eo
1496 1490 1634 1560 quod
1676 1490 1726 1542 in
1756 1489 2018 1560 hilaritate

437 1562 611 1616 vivere
635 1561 710 1616 sis
743 1561 1037 1631 prohibitus
1061 1602 1075 1623 ,
1101 1559 1266 1618 tristis
1293 1577 1355 1615 ac
1379 1559 1622 1614 morosus
1649 1575 1769 1615 esse
1798 1559 2018 1631 incipias

435 1646 561 1701 erga
588 1630 776 1686 fratres
805 1631 1172 1696 adventantes,
1199 1647 1372 1702 neque
1397 1631 1628 1686 difficilis
1652 1645 1772 1702 esse
1796 1630 1931 1683 velis
1955 1644 2019 1686 ac

435 1702 654 1756 minime
692 1702 916 1756 affabilis
951 1710 1046 1757 aut
1085 1701 1403 1756 inhumanus
1450 1716 1547 1771 pro
1589 1701 1818 1770 benigno
1858 1711 2018 1769 atque

435 1773 690 1839 gratioso,
723 1787 896 1842 neque
923 1773 1048 1828 dum
1077 1775 1301 1828 comiter
1327 1772 1648 1841 suscipiendi
1679 1779 1820 1831 sunt,
1851 1773 1938 1840 qui
1966 1781 2018 1827 ω

434 1843 666 1896 invisum
685 1885 699 1905 ,
732 1843 922 1897 fratres
944 1885 959 1909 ,
991 1858 1235 1899 morosus
1263 1859 1326 1898 ac
1355 1843 1526 1898 tristis
1545 1884 1558 1908 ,
1587 1851 1680 1896 aut
1708 1843 1759 1895 in
1791 1857 2016 1910 respon-

433 1913 670 1968 sionibus
689 1925 739 1968 et
765 1914 1010 1982 alloquiis
1039 1916 1359 1968 inacccssus.
1394 1914 1618 1982 Semper
1641 1913 1780 1966 enim
1811 1923 1863 1964 ut
1886 1928 2016 1981 gau-

437 1983 658 2038 deamus
677 2024 691 2048 ,
726 1986 1030 2038 mandatum
1055 1995 1138 2039 est
1179 1986 1525 2053 apostolicum
1551 2027 1566 2049 ,
1597 1996 1651 2053 et
1676 1983 2017 2037 Consolamini

433 2053 660 2117 iiwicem,
683 2065 756 2119 et,
786 2056 994 2108 invicem
1023 2052 1223 2124 benigni
1249 2065 1452 2121 estote,
1483 2066 1553 2119 et,
1589 2052 2012 2122 Caritas,inqnit,

432 2123 642 2196 binigna
683 2135 752 2178 est
788 2125 873 2196 (l.
913 2125 1091 2179 Thess.
1126 2123 1182 2179 5.
1227 2128 1281 2180 ll
1313 2141 1327 2190 ;
1362 2126 1551 2195 Epltes.
1598 2127 1649 2178 4.
1682 2125 1784 2188 39.;
1818 2126 1863 2178 1.
1895 2124 2012 2178 Cor.

432 2195 518 2248 13.
547 2194 617 2264 ⁷4)
652 2213 663 2247 :
695 2205 749 2250 et
775 2194 1138 2264 apostolorum
1169 2194 1511 2250 salutationes
1544 2197 1596 2248 in
1622 2210 1806 2248 eorum
1837 2196 2018 2249 insunt

433 2266 671 2334 epistolis
690 2276 958 2329 tulitquam
976 2267 1112 2320 filios
1128 2266 1544 2335 complectentes
1562 2281 1654 2320 eos
1671 2267 1755 2334 qui
1773 2265 2012 2330 audiunt,

433 2343 698 2404 tamquam
744 2336 935 2390 fratres
988 2336 1329 2392 cohortantes
1357 2352 1451 2392 eos
1487 2337 1575 2406 qui
1605 2337 1904 2390 attendunt.
1938 2337 2016 2390 Ac

436 2406 600 2458 multa
625 2420 754 2460 sane
773 2406 840 2460 de
867 2406 966 2460 hac
989 2417 1170 2461 sancta
1199 2407 1540 2477 benignitate,
1568 2423 1686 2476 quae
1706 2423 1772 2461 ex
1794 2407 2015 2477 caritate

435 2487 732 2542 promanat,
765 2492 830 2531 ex
859 2477 1024 2531 sacris
1053 2477 1222 2532 literis
1243 2475 1449 2532 discere
1499 2475 1800 2546 possumus.
1832 2475 2014 2546 Neque

434 2554 644 2612 oportet
673 2557 732 2601 ut
772 2547 838 2602 ad
888 2548 1225 2601 immodicam
1271 2548 1592 2602 hilaritatem
1631 2546 2012 2614 traducamur,

435 2629 604 2686 neque
627 2627 688 2672 ut
707 2618 1032 2674 scurrilitate
1058 2619 1442 2690 benignitatem
1463 2633 1522 2674 se
1541 2617 1608 2674 ad
1634 2617 1729 2673 Dei
1757 2618 2014 2673 imitatio-

563 2795 570 2818 :
630 2796 698 2819 τε
764 2795 1576 2820 Μ-η.-

863 2809 1072 2820 “-

1955 245 2195 303 SPUBM
2207 281 2225 301 .

3575 253 3694 312 1060

2129 375 2252 415 nem
2291 367 2688 429 comparantem
2733 355 3113 415 labefactemus
3137 401 3152 424 ,
3183 358 3279 416 sed
3323 361 3376 416 in
3415 362 3691 424 meditullio

2125 431 2356 506 quodam
2401 430 2654 506 perfecta:
2701 429 2986 506 hilaritatis
3025 430 3417 506 consistam,
3446 441 3502 488 et
3542 451 3694 506 neque

2125 499 2338 576 molesti
2370 499 2536 556 simus
2576 503 2642 576 iis
2680 501 2873 570 quibus
2917 499 3254 576 familiariter
3277 503 3509 571 utimur,
3542 499 3694 576 aneane

2123 572 2409 644 dissolutos
2432 586 2527 628 eos
2546 582 2602 628 et
2631 574 2832 644 inertes
2853 571 3140 644 reddamus
3167 589 3182 624 :
3212 587 3384 644 neque
3409 575 3599 631 acerbe
3618 571 3694 633 rc-

2165 643 2540 705 rehendanms,
2569 658 2742 712 neque
2771 641 3136 698 fraudulenter
3161 641 3460 712 adulemur,
3490 648 3581 701 sed
3609 650 3691 703 uti-

2147 713 2248 767 iter
2273 714 2621 782 corrigamus,
2645 723 2701 769 et
2738 713 3044 769 humaniter
3067 714 3430 769 cohortenmr.
3460 716 3558 782 Qui
3583 735 3686 783 par-

2123 784 2209 848 cit,
2239 783 2425 854 inquit,
2453 785 2678 838 emittere
2703 785 2907 838 verbum
2942 784 3146 846 durum,
3175 786 3399 854 prudens
3425 797 3515 840 est.
3545 787 3694 844 Fortis

2122 855 2289 908 mellis
2313 869 2564 908 sermones
2587 856 2722 919 boni,
2753 855 2968 909 dulcedo
2996 864 3163 908 autem
3185 871 3358 908 eorum
3385 858 3576 912 sanitas
3593 862 3692 913 ani-

2123 939 2237 978 mos.
2272 923 2406 980 Sunt
2425 927 2514 995 qui
2531 927 2755 980 dicentes
2780 927 3044 996 vulnerant
3063 927 3210 995 quasi
3228 929 3384 992 ensis,
3408 926 3596 996 lingua
3614 947 3694 983 an-

2124 1005 2223 1047 tem
2246 997 2528 1064 sapientum
2564 1006 2745 1050 sanant
2785 995 2985 1064 (Prov.
3019 997 3108 1052 ω.
3145 997 3238 1060 l9;
3287 997 3443 1052 Prov.
3479 995 3565 1053 l6.
3600 1000 3692 1064 ib;

2125 1064 2286 1138 Prae.
2313 1067 2400 1120 12.
2428 1067 2546 1138 18).
2578 1068 3015 1138 Bonumquidcm
3037 1074 3120 1138 est
3140 1067 3333 1122 divinis
3354 1071 3575 1124 canticis
3594 1087 3694 1125 ino-

2122 1135 2306 1192 derate
2345 1135 2746 1207 operamdare.
2779 1135 2908 1207 Nam
2953 1136 3131 1207 hetitia
3174 1139 3437 1206 ejusmodi
3479 1152 3692 1196 mentem

2123 1204 2436 1279 sanctificat,
2455 1212 2514 1259 ut
2533 1204 2610 1259 ait
2628 1205 2924 1278 Apostolus
2943 1221 2957 1258 :
2977 1204 3267 1276 Implemim'
3295 1209 3494 1279 Spiritu
3515 1223 3691 1274 sancto,

2123 1276 2330 1346 inquit,
2359 1287 2618 1332 cantantes
2655 1276 2704 1332 et
2744 1279 3012 1347 psallentes
3041 1279 3094 1331 in
3132 1276 3366 1333 cordibus
3393 1285 3568 1334 vestris
3599 1282 3690 1336 Do

2122 1348 2258 1420 mino
2285 1347 2519 1420 (Ephes.
2549 1349 2602 1404 5.
2639 1349 2864 1420 l8—l9).
2895 1349 3098 1403 Bonum
3141 1350 3299 1418 igitur
3325 1361 3404 1405 est
3436 1393 3451 1414 ,
3479 1353 3546 1405 ad
3574 1354 3692 1407 licti-

2125 1417 2250 1492 tiatn
2280 1417 2544 1492 ejusmodi
2569 1417 2996 1490 consequendam
3028 1417 3271 1492 studiose
3294 1436 3505 1487 vacare,
3535 1439 3693 1492 neque

2122 1489 2192 1543 ob
2221 1489 2510 1562 quamdam
2533 1489 3125 1562 morutniasperitatom
3156 1505 3218 1544 ac
3243 1491 3493 1546 duritiem
3534 1489 3692 1562 negli-

2120 1570 2309 1629 genter
2331 1561 2384 1614 in
2409 1560 2604 1615 divinis
2627 1561 2869 1616 cantibus
2898 1563 3121 1625 versari,
3155 1564 3302 1628 quasi
3332 1563 3579 1617 nimirum
3605 1560 3690 1618 vo-

2124 1644 2242 1709 cem
2273 1631 2581 1709 impendere
2621 1632 2714 1686 Dei
2747 1631 2990 1687 laudibus
3015 1647 3120 1686 non
3156 1632 3453 1709 dignemur.
3479 1633 3612 1688 Nam
3634 1637 3693 1690 ad

2120 1702 2380 1773 ejusmodi
2412 1717 2525 1757 rem
2555 1711 2796 1757 sanctam
2826 1713 2881 1758 et
2922 1717 3134 1758 sacrum
3181 1704 3327 1757 illum
3357 1719 3692 1773 congressum

2120 1769 2365 1826 hilariter
2388 1773 2610 1828 affectos
2632 1788 2753 1828 esse
2783 1789 2879 1828 nos
2905 1782 3135 1841 Oportet,
3167 1789 3270 1827 non
3300 1773 3350 1828 in
3381 1769 3564 1830 dulces
3588 1793 3693 1829 mo-

2119 1841 2275 1895 dulos
2333 1843 2576 1906 effundi,
2628 1859 2802 1912 neque
2846 1844 3072 1898 delicate
3119 1845 3312 1898 divinis
3358 1847 3694 1902 concentibus

2119 1912 2360 1985 mulceri,
2383 1928 2566 1985 neque
2588 1915 2836 1970 mollibus
2864 1930 2927 1969 ac
2953 1916 3132 1969 fractis
3156 1919 3302 1969 sonis
3321 1917 3553 1985 gaudere
3573 1960 3588 1983 ,
3617 1931 3693 1972 at-

2119 1997 2223 2051 que
2249 1983 2352 2057 huc
2378 1984 2610 2057 illucque
2634 1986 2820 2057 oculos
2849 1985 3193 2057 circumferre
3216 2027 3230 2050 ,
3263 1983 3532 2041 ut'videas
3555 2029 3569 2051 ,
3596 2005 3693 2057 quo

2121 2062 2277 2128 pacto
2300 2055 2533 2128 lauderis
2564 2073 2590 2128 εΔ
2610 2056 2704 2110 sed
2745 2056 2798 2110 in
2829 2057 2946 2128 Deo
2971 2056 3258 2110 Iartandum
3287 2068 3390 2122 est,
3419 2059 3573 2128 eique
3601 2055 3692 2113 Soli

2123 2124 2330 2192 placere
2353 2125 2722 2198 studendum,
2751 2136 2908 2196 atque
2936 2127 3022 2181 hic
3059 2128 3347 2198 praecipue,
3378 2138 3434 2181 ut
3456 2124 3576 2184 cum
3606 2130 3694 2183 ho-

2120 2203 2327 2268 nestate
2351 2195 2592 2268 hilaritas
2626 2198 2794 2250 mixta
2829 2195 3152 2268 reperiatur,
3187 2195 3306 2252 cum
3332 2215 3361 2250 a
3391 2200 3485 2253 Dei
3515 2201 3694 2256 timore

2117 2267 2348 2337 gravitas
2373 2278 2425 2319 et
2452 2267 2703 2323 honestas
2735 2267 3102 2337 proficiscatur
3124 2309 3138 2333 ,
3170 2269 3332 2322 divini
3361 2285 3490 2324 vero
3515 2281 3693 2326 cantus

2119 2335 2185 2407 ad
2212 2337 2447 2390 laetitiam
2473 2352 2570 2392 nos
2610 2335 2902 2407 provehant
2927 2380 2942 2404 ,
2972 2349 3025 2394 et
3049 2349 3266 2394 .eternze
3293 2339 3433 2394 illius
3457 2343 3689 2395 exsulta-

2119 2406 2284 2482 tiouis
2308 2406 2662 2482 imitationem
2689 2410 2740 2482 in
2767 2409 2922 2482 nobis
2950 2411 3272 2482 exprimant,
3302 2411 3354 2463 in
3383 2426 3486 2481 qua
3512 2413 3584 2482 illi
3609 2412 3693 2482 qui

2119 2475 2344 2551 honeste
2365 2479 2662 2551 conversati
2687 2480 2938 2551 fuerint,
2967 2475 3194 2551 futuram
3221 2475 3512 2551 transigant
3540 2475 3694 2535 vitam

2117 2547 2260 2620 apud
2288 2547 2592 2620 Dominum,
2616 2549 2699 2605 cui
2723 2550 2890 2620 gloria
2918 2559 2972 2606 et
2996 2549 3278 2620 imperium
3306 2552 3358 2606 in
3387 2547 3579 2607 saecula
3596 2568 3695 2607 sm.-

2119 2618 2387 2674 eulorum.
2431 2619 2626 2674 Amen.

1557 2795 3674 2824 Μ

977 2943 1054 3003 1N
1098 2943 1502 3004 HOMILIAM
1538 2943 1643 3004 DE
1678 2942 1992 3004 JEJUNIO
2032 2943 2132 3004 ET
2175 2943 2717 3005 ELEEMOSYNA
2753 2943 3148 3005 MONITUM.
3194 2956 3203 2963 ”

517 3269 627 3324 Etsi
655 3285 784 3343 non
839 3270 1020 3343 inepta
1072 3269 1142 3324 sit
1191 3269 1307 3324 haec
1338 3269 1578 3343 homilia,
1608 3269 1732 3343 jure
1751 3283 1802 3343 _a
1843 3269 2118 3343 Frontone
2148 3268 2344 3343 Dacico
2373 3269 2513 3343 inter
2538 3270 2739 3343 spuria,
2771 3270 2856 3324 vel
2882 3284 2946 3343 ex
2971 3268 3088 3324 aliis
3110 3271 3480 3326 consurcinata
3507 3270 3683 3343 Chry-

447 3341 666 3395 sostomi
711 3337 943 3410 scriptis
961 3349 1298 3395 accensetur.
1344 3338 1724 3408 lnterpretatio
1749 3337 1941 3393 Latina
1988 3348 2072 3394 est
2113 3341 2358 3410 ejusdem
2392 3337 2682 3394 Frontonis
2719 3341 2915 3395 Ducaei.

422 3441 3686 3470 W

1277 3560 1561 3606 BJUSDEM
1585 3559 1821 3604 οιιΑΤιο
1862 3559 1948 3601 DE
1987 3556 2249 3601 JEJUNIO
2293 3557 2375 3600 ET
2416 3555 2852 3602 ELBEIIOSYNA.

1862 3681 2233 3738 cum»

491 3821 695 3874 Bonum
725 3825 808 3871 est
828 3815 1108 3886 jejunium,
1144 3815 1280 3886 bona
1311 3822 1394 3869 est
1423 3812 1668 3886 etilectio
1693 3811 1997 3886 Scriptura-

422 3907 541 3946 rum
573 3909 587 3945 :
618 3891 754 3944 bona
781 3882 910 3940 vero
939 3893 1041 3947 est,
1070 3885 1281 3954 quando
1310 3895 1364 3939 et
1399 3885 1540 3938 actio
1558 3899 1621 3954 ex
1647 3898 1708 3954 ea
1740 3882 2001 3954 sequitur,

421 3962 673 4030 quoniam
697 3959 741 4013 si
779 3959 946 4030 legas,
977 3963 1034 4010 at
1063 3951 1168 4030 non
1210 3954 1392 4018 facias,
1418 3955 1469 4030 in
1496 3953 1754 4030 judicium
1796 3951 1892 4030 tibi
1922 3951 2002 4006 le-

420 4023 529 4084 ctio
555 4030 734 4089 vertit,
755 4038 810 4084 et
835 4023 900 4082 in
929 4026 1268 4081 occasionem
1297 4025 1562 4094 supplicii.
1594 4023 1718 4078 Non
1743 4024 1876 4078 enim
1904 4039 2001 4076 an-

420 4103 605 4155 ditores
631 4101 772 4169 legis,
792 4098 981 4168 inquit,
1004 4093 1423 4169 justisuntapnd
1447 4093 1641 4158 Deum;
1678 4094 1772 4169 sed
1781 4096 2004 4169 factores

429 4173 553 4241 legis
574 4164 1189 4241 justi/icabunturlRom.
1215 4166 1270 4220 2.
1298 4166 1385 4241 ιβ)
1415 4184 1428 4220 :
1457 4175 1510 4220 et
1530 4179 1720 4241 rursus
1735 4164 1999 4229 Christus,

426 4236 497 4296 Si
521 4236 620 4295 non
637 4236 896 4302 venissent,
923 4248 968 4290 et
1000 4239 1235 4307 loquutus
1264 4238 1471 4307 fuissent
1497 4236 1587 4300 eis,
1619 4246 1875 4307 peccatum
1902 4251 2004 4289 non

425 4312 661 4366 haberent
684 4326 864 4382 :ununc
891 4305 1453 4382 aiitemfxcasa‘tionem
1482 4323 1584 4360 non
1604 4305 1878 4382 habent__de
1898 4322 2005 4382 pee-

423 4392 534 4438 cato
562 4398 652 4435 suo
684 4376 860 4450 (Joan.
906 4377 1372 4450 l5.2‘2).__Beatus
1414 4386 1614 4441 autem,
1643 4376 1731 4450 qui
1777 4377 1905 4431 dicit
1951 4379 2001 4430 in

425 4453 640 4508 auribus
687 4448 894 4514 eorum,
923 4449 1013 4517 qui
1054 4448 1306 4514 audiunt,
1336 4463 1399 4502 ac
1429 4457 1539 4502 tum
1573 4449 1857 4516 praecipue,
1881 4461 2006 4502 cum

425 4525 598 4580 ftenus
638 4522 1024 4590 erogavcrint:
1066 4520 1239 4574 lminis
1279 4530 1456 4572 autem
1492 4528 1574 4590 est
1609 4517 1908 4590 obedientia
1948 4528 2003 4590 et

427 4595 522 4648 Dei
555 4588 922 4646 mandatorum
954 4591 1285 4658 exsequutio,
1310 4591 1448 4644 sicut
1490 4589 1746 4643 Dominus
1775 4588 1851 4643 ait
1877 4605 1891 4642 :
1933 4588 2002 4642 Et

425 4681 520 4735 ego,
541 4665 735 4735 ueniens
755 4662 1050 4735 recepissent
1077 4661 1267 4735 utique,
1294 4661 1426 4729 quod
1453 4675 1619 4714 meum
1644 4669 1853 4735 estAcum
1879 4676 2002 4714 usu-

419 4729 478 4788 ra
505 4733 732 4806 (λἸτΙαιιΙι.Δ
761 4731 849 4788 25.
874 4729 1308 4806 _‘27)._Quid'ergo
1337 4730 1692 4806 congregasti,
1722 4729 1903 4806 frater,
1934 4746 2001 4786 ex

417 4801 663 4876 jejunio?
701 4802 1137 4872 Quandoquidem
1165 4814 1219 4857 et
1245 4803 1475 4876 agricola
1520 4803 1719 4856 idcirco
1739 4801 1998 4876 seminat,

427 4871 486 4930 ut
516 4877 674 4931 etiam
705 4884 887 4935 metat.
914 4871 969 4928 ct
1013 4883 1275 4927 mercator
1299 4874 1498 4928 idcirco
1546 4871 2000 4941 peregrinationes

423 4949 554 5014 obit,
579 4956 636 5002 ut
661 4946 911 5014 pecunias
937 4945 1171 5014 colligat,
1189 4954 1240 4998 et
1265 4945 1591 5014 gubernator
1618 4941 1814 5014 idcirco
1836 4944 1998 5014 multa

421 5012 584 5072 maria
628 5012 898 5079 emetitur,
929 5026 984 5068 ut
1026 5012 1288 5070 mercium
1307 5015 1530 5068 sarcinis
1570 5013 1746 5066 navim
1772 5012 1994 5080 repleat.

423 5089 496 5143 Nc
525 5089 652 5142 mihi
697 5088 916 5150 dixeris,
951 5094 1027 5140 tot
1067 5087 1180 5139 dies
1201 5085 1457 5154 jejunavi,
1492 5085 1592 5137 hoc
1623 5093 1676 5137 et
1714 5083 1842 5137 illud
1891 5098 1996 5138 non

416 5159 838 5224 romedi,vinum
867 5173 972 5210 non
1003 5156 1130 5219 hihi,
1152 5156 1386 5210 illuviem
1415 5155 1632 5224 pertuli;
1666 5154 1757 5210 sed
1777 5155 1999 5210 ostende

419 5229 653 5294 mihi,an
681 5244 800 5283 cum
830 5226 1113 5282 iracundus
1141 5241 1310 5293 esses,
1335 5227 1468 5282 lenis
1499 5226 1664 5281 factus
1689 5227 1783 5288 sis,
1803 5233 1856 5280 et
1875 5241 1996 5280 cum

419 5315 568 5354 esses
598 5299 849 5360 crudelis,
879 5297 1140 5367 benignus
1163 5301 1398 5353 evaseris
1427 5315 1441 5349 :
1472 5298 1722 5366 quoniam
1748 5298 1792 5352 si
1819 5297 1996 5352 ebrius

419 5370 691 5425 iracundia
722 5370 816 5431 sis,
847 5368 972 5440 quid
996 5383 1220 5440 carnem
1249 5368 1473 5438 affligis?
1517 5368 1570 5423 Si
1599 5368 1738 5440 intus
1761 5370 1830 5424 sit
1859 5368 1995 5422 invi-

418 5440 505 5493 dia
533 5450 586 5494 ct
614 5439 1007 5510 avaritia,'quid
1041 5439 1258 5510 prodest
1281 5454 1432 5510 aqua:
1456 5440 1647 5508 potus?
1675 5439 1788 5510 Non
1815 5455 1996 5508 quacro

419 5524 581 5572 nunc,
609 5511 780 5578 qualis
809 5512 877 5567 sit
899 5509 1104 5572 mensa,
1133 5509 1229 5566 sed
1252 5509 1504 5564 anmals:
1531 5511 1724 5564 mentis
1751 5509 1886 5564 fama
1927 5511 1997 5564 sit

420 5581 659 5637 nmtatio.
695 5582 750 5636 Si
778 5581 1016 5648 domina,
1042 5581 1293 5638 nimirum
1323 5581 1520 5642 anima,
1564 5578 1871 5642 fornicatur,
1901 5593 1996 5634 cur

416 5651 686 5720 ancillam,
723 5660 960 5709 ventrem
989 5653 1224 5722 inquam,
1255 5650 1526 5724 ﬂagellas?
1550 5651 1608 5707 Si
1636 5649 1811 5706 animo
1831 5649 1994 5706 sedu-
2041 5728 2056 5736 ﬂ

2112 3810 2268 3876 citur,
2296 3823 2393 3864 cur
2429 3823 2626 3878 corpus
2663 3810 2945 3866 maceras?
2987 3807 3114 3863 Haec
3163 3805 3451 3878 egogdico,
3485 3821 3591 3862 non
3639 3817 3696 3864 ut

2110 3895 2207 3934 vos
2236 3893 2506 3945 accusem,
2529 3877 2623 3935 Sed
2649 3889 2864 3949 propter
2890 3879 3236 3949 negligentes.
3267 3877 3398 3932 Cum
3428 3879 3569 3932 enim
3598 3893 3698 3932 vos

2110 3951 2324 4006 videam
2350 3951 2612 4011 volantes.
2641 3948 2802 4006 altius
2827 3948 3008 4006 volare
3033 3964 3129 4003 vos
3148 3948 3305 4002 velim
3333 3965 3347 4002 :
3377 3956 3523 4002 tanta
3551 3949 3699 4003 enim

2111 4031 2196 4077 est
2216 4023 2297 4078 vis
2317 4022 2574 4077 caritatis.
2601 4020 2668 4076 Et
2693 4019 3146 4090 quemadmodum
3174 4020 3319 4090 avari
3345 4029 3548 4088 quanto
3575 4018 3698 4088 plus

2111 4093 2225 4147 auri
2261 4092 2592 4160 collegerint,
2623 4089 2769 4146 tanto
2799 4093 2918 4160 plus
2944 4097 3234 4159 expetunt:
3266 4089 3344 4160 sic
3367 4099 3421 4143 et
3447 4104 3548 4143 nos
3579 4104 3700 4142 ma-

2108 4164 2212 4232 jori
2240 4159 2552 4232 progressus
2573 4163 2732 4218 vestri
2755 4159 3018 4217 desiderio
3042 4171 3302 4232 tenemur.
3322 4159 3378 4214 Si
3408 4174 3543 4232 ergo
3563 4160 3701 4232 velis

2111 4229 2283 4301 excipi
2313 4229 2451 4303 apud
2498 4233 2686 4298 Deum,
2715 4234 2896 4302 jejuna
2935 4229 3380 4303 quemadmodum
3425 4230 3698 4303 Ninivitaf,

2113 4306 2183 4358 mi
2215 4301 2415 4374 frater;
2446 4304 2521 4357 illi
2549 4305 2717 4374 legem
2759 4301 2865 4359 non
2891 4301 3208 4374 acoeperant
3236 4319 3249 4355 :
3283 4301 3351 4355 de
3373 4302 3579 4374 quibus
3624 4302 3702 4354 ait

2112 4375 2306 4430 Paulus
2330 4392 2343 4427 :
2373 4371 2502 4429 Cum
2529 4371 2663 4428 enim
2691 4374 2890 4438 Gentes,
2913 4371 3033 4440 quis
3045 4373 3203 4443 legem
3223 4387 3322 4424 non
3362 4372 3570 4437 habent,
3603 4387 3700 4424 na-

2113 4445 2340 4516 turaliter
2383 4461 2443 4497 ea
2483 4461 2595 4513 ante
2644 4445 2767 4516 legis
2812 4454 2950 4511 sunt,
2979 4443 3194 4516 faciunt,
3235 4443 3502 4516 ejusmodi
3534 4443 3703 4516 legent

2111 4533 2213 4572 non
2237 4511 2602 4584 lmbentes,ipsi
2612 4511 2708 4569 sibi
2728 4525 2846 4569 sunt
2871 4515 2954 4568 lea:
2978 4511 3221 4584 (Romfz.
3242 4511 3351 4584 l4).
3383 4511 3508 4584 Noli
3539 4511 3702 4582 igitur

2111 4587 2339 4643 otiosum
2361 4583 2618 4654 jejunium
2636 4585 2917 4640 exhibere:
2943 4583 3045 4639 nan
3062 4584 3203 4638 enim
3231 4583 3405 4637 solum
3433 4583 3702 4653 jejunium

2110 4659 2162 4712 in
2189 4658 2373 4711 caelum
2397 4656 2658 4720 ascendit,
2677 4656 2779 4710 nisi
2799 4670 3036 4710 sororem
3065 4656 3259 4709 habeat
3279 4669 3434 4708 suam
3458 4656 3700 4709 eleemo-

2111 4743 2317 4799 synam.
2340 4727 2614 4797 Siquidem
2637 4727 2754 4799 biga
2780 4736 2863 4799 est
2884 4726 3020 4794 ejus,
3036 4741 3147 4799 nec
3162 4723 3470 4799 fraternitas
3491 4735 3548 4799 et
3574 4725 3702 4799 biga

2112 4795 2332 4861 tantum,
2367 4795 2459 4853 sed
2487 4799 2646 4852 etiam
2675 4797 3001 4854 vehiculum.
3035 4796 3185 4853 Unde
3216 4795 3264 4848 id
3293 4797 3546 4848 constat?
3588 4798 3704 4849 An-

2109 4871 2260 4938 gelus
2283 4869 2532 4924 Cornelio
2557 4868 2766 4924 dicebat
2797 4885 2809 4918 :
2847 4866 3109 4922 Orationes
3149 4876 3249 4919 tua:
3284 4877 3330 4918 et
3357 4866 3704 4938 elegitosync

2109 4935 2210 4993 tua:
2233 4940 2564 4994 ascenderunt
2589 4939 2641 4992 in
2685 4939 2976 4992 memoriam
3018 4938 3072 4990 in
3109 4947 3379 5005 conspectu
3417 4935 3517 4988 Dei
3561 4937 3700 5004 (Act.

2109 5011 2195 5066 10.
2231 5009 2307 5080 4).
2343 5009 2436 5064 Est
2464 5011 2605 5066 enim
2628 5011 2710 5063 ala
2741 5009 2999 5064 orationis
3022 5008 3358 5080 cleemosyna
3395 5024 3408 5059 :
3439 5007 3546 5060 nisi
3575 5021 3705 5058 ora-

2110 5083 2238 5136 tioni
2268 5077 2380 5135 tua:
2407 5081 2545 5134 alam
2590 5079 2879 5144 addideris,
2911 5079 3130 5134 minime
3172 5077 3353 5131 volat:
3385 5092 3512 5130 cum
3563 5090 3702 5129 vero

2109 5152 2268 5207 fuerit
2290 5152 2390 5206 alis
2415 5151 2635 5221 praedita
2669 5151 2848 5204 anima
2873 5161 2980 5214 tua,
3011 5149 3063 5202 in
3093 5147 3289 5203 caelum
3312 5148 3516 5221 evolat.
3537 5147 3703 5221 Quo:

2107 5237 2276 5292 usque
2305 5215 2515 5277 tandem
2547 5222 2884 5290 pecuniarum
2929 5234 3081 5274 amor
3115 5229 3173 5292 et
3198 5232 3356 5292 opum
3383 5215 3702 5292 cupiditas?

2106 5289 2233 5349 Hec
2268 5295 2466 5354 omnia,
2498 5289 2570 5347 mi
2618 5292 2800 5357 frater,
2829 5306 2931 5346 una
2961 5305 3081 5344 cum
3115 5289 3210 5344 hac
3233 5291 3340 5342 vita
3391 5290 3702 5342 terminan-

2105 5377 2212 5421 tur.
2243 5363 2346 5420 Sed
2379 5365 2528 5430 mihi,
2547 5363 2776 5426 satscio,
2795 5362 2963 5423 dices,
2981 5362 3096 5415 lucc
3122 5360 3215 5414 tibi
3239 5359 3338 5428 ipsi
3365 5373 3705 5412 commemo-

2106 5454 2185 5493 ra.
2215 5436 2284 5492 Et
2312 5436 2441 5490 mihi
2466 5435 2562 5504 ipsi
2584 5439 3038 5504 commemoro,_et
3061 5430 3237 5504 vobis;
3265 5438 3348 5484 est
3373 5431 3521 5484 enim
3546 5442 3704 5504 com-

2105 5523 2268 5563 mune
2303 5501 2601 5562 consilium.
2654 5505 2765 5575 Ego
2790 5503 2916 5560 dum
2963 5501 3078 5575 haec
3121 5501 3300 5575 audio,
3335 5510 3392 5554 et
3420 5501 3700 5575 cor-rigor,

2104 5578 2420 5633 beneficium
2467 5592 2495 5629 a
2528 5575 2679 5629 vobis
2703 5571 2926 5645 'accipio
2957 5591 2970 5626 :
3005 5574 3128 5645 licet
3169 5573 3216 5625 is
3237 5585 3442 5645 servus
3471 5571 3566 5635 sit,
3581 5571 3700 5645 cui

2106 5647 2264 5720 dicit,
2295 5647 2572 5703 consilium
2604 5640 2861 5713 admitto}
2891 5646 3014 5701 licet
3042 5643 3200 5701 liber.
3237 5641 3466 5698 libenter
3491 5640 3698 5696 audio:
