3884 6350
178 317 361 374 ἀὖ

172 429 365 500 loqui
417 430 641 486 audebo.
687 428 947 483 Peccatori
984 427 1373 500 autem,inquit
1399 426 1586 500 ,‘dixit
1616 425 1809 500 _D_e_us:

174 496 383 567 quare
414 513 467 555 tu
493 518 699 555 enarras
731 500 961 569 justitias
1001 514 1136 551 meas
1175 497 1360 569 _(l’sal.
1385 498 1473 569 497.
1507 496 1815 569 lG)?ﬂNunc

177 587 343 627 vere
376 572 678 627 exclamare
702 567 939 639 possum,
965 576 1018 624 et
1039 567 1405 638 propheticum
1431 568 1555 622 illud
1586 568 1810 622 echrre:

180 643 346 706 Quis
398 643 534 695 dabit
577 642 729 710 capiti
760 657 867 693 meo
891 655 1094 710 aquam,
1119 650 1164 692 et
1193 639 1351 693 oculis
1378 639 1499 693 meis
1522 640 1710 710 fontem
1736 641 1814 692 la-

174 714 553 779 erymarum?
577 709 646 764 Et
660 710 800 837 flebo
827 709 1110 764 vulneratos
1138 710 1260 778 ﬁliae
1287 709 1461 778 populi
1478 709 1573 762 mei
1599 709 1808 778 (Jercm.

179 783 247 835 υ.
294 784 323 836 1
345 784 395 837 l.
426 782 558 836 Nam
589 783 634 835 si
692 782 923 836 eremias
963 796 1057 836 eos
1080 822 1095 837 .
1136 781 1224 837 qui
1255 780 1305 833 in
1338 779 1520 837 ora-lio
1550 781 1808 833 vulnerati

179 783 247 835 υ.
294 784 323 836 1
345 784 395 853 ).
426 782 558 836 Nam
589 783 634 835 si
660 779 923 837 Jeremias
963 796 1057 836 eos
1080 822 1095 845 ,
1136 781 1224 848 qui
1255 779 1520 853 inpra-lio
1550 781 1809 853 vulnerati

183 850 444 907 fuerant
464 854 515 907 in
545 868 773 921 corpore
815 860 1018 906 tantum
1045 891 1061 917 ,
1098 851 1363 908 sexcentis
1390 850 1602 904 ﬂetibus
1627 850 1813 919 dignos

186 924 475 1043 putavit,
518 923 646 1005 quid
692 923 902 977 dicatur
938 922 1009 978 de
1046 927 1191 1003 tanta
1228 922 1422 975 anima:
1473 921 1813 1002 calamitate?

247 992 501 1043 ulnerati
539 1010 637 1043 me:
660 1035 675 1043 -
722 1010 826 1043 non
862 993 1109 1043 vulnerati
1140 991 1332 1043 framea
1351 1008 1369 1043 :
1396 1000 1441 1043 et
1462 1002 1645 1043 mortui
1674 1009 1768 1043 me:
1793 1034 1808 1043 .

227 992 501 1048 'ulnerati
539 992 638 1048 mei
660 1035 675 1058 ,
722 1010 826 1047 non
862 993 1109 1047 vulnerati
1138 992 1369 1058 framea;
1396 1000 1441 1045 et
1462 993 1646 1044 mortui
1674 997 1768 1046 mei
1793 1034 1808 1058 ,

192 991 501 1048 l'ulnerati
539 991 638 1048 mei
660 1035 675 1058 ,
722 1010 826 1047 non
862 993 1109 1047 vulnerati
1162 1007 1369 1056 ramea;
1396 1000 1441 1045 et
1462 993 1646 1044 mortui
1674 997 1808 1058 mei,

180 1080 309 1117 non
348 1065 540 1118 mortui
566 1065 619 1117 in
643 1063 773 1118 bello
796 1062 962 1135 (18ίηὶἶ
984 1063 1072 1115 22.
1098 991 1181 1134 si.
1208 1062 1321 1116 Non
1349 1063 1415 1117 de
1446 1063 1667 1135 mortuis
1694 1078 1813 1135 cor-

182 1136 451 1202 poribus
495 1135 726 1204 loquitur
756 1150 771 1187 :
801 1133 894 1188 Sed
934 1133 1002 1187 dc
1038 1133 1254 1187 stimulo
1282 1148 1422 1188 vera:
1447 1133 1635 1188 mortis
1654 1173 1668 1196 ,
1699 1134 1813 1188 sive

177 1205 266 1259 ile
300 1206 468 1275 gravi
497 1203 713 1275 peccato
740 1206 1083 1275 lacrymatnr,
1113 1214 1166 1258 ct
1190 1204 1255 1259 de
1277 1203 1453 1274 ignitis
1493 1204 1706 1275 maligni
1738 1215 1815 1259 te-

183 1277 292 1342 lis,
310 1273 465 1346 'qua:
488 1273 693 1330 animas
717 1273 875 1330 simul
893 1290 1011 1329 cum
1034 1273 1349 1343 corporibus
1366 1273 1642 1330 barbarico
1660 1290 1813 1346 niore

182 1345 538 1400 incendunt.
568 1347 772 1400 Divina:
792 1346 987 1415 quippe
1010 1347 1155 1415 leges
1179 1361 1300 1400 cum
1321 1346 1520 1401 sanctis
1539 1345 1812 1415 spiritibus

178 1418 265 1470 de
313 1426 479 1471 tanto
508 1417 648 1471 malo
683 1432 1005 1486 magnopere
1034 1416 1216 1486 lugent
1248 1417 1299 1470 in
1332 1432 1416 1471 me
1444 1418 1808 1485 respicientes.

179 1488 585 1557 Suaviuntque
603 1488 811 1542 illorum
834 1488 1117 1542 verborum
1142 1488 1260 1542 linis
1281 1487 1407 1541 mihi
1436 1488 1813 1543 acerbissimos

178 1559 415 1620 evasit,
447 1574 479 1612 ο
504 1559 659 1614 amici
686 1559 824 1613 mei!
857 1561 933 1613 Ac
960 1574 1045 1613 me
1070 1559 1253 1628 lugere
1278 1572 1499 1613 necesse
1538 1567 1622 1613 est
1651 1573 1812 1627 super

183 1630 292 1689 iis,
335 1628 412 1683 de
440 1629 633 1699 quibus
670 1628 903 1700 gaudere
944 1629 1271 1683 debueram:
1299 1638 1572 1700 assumpta
1615 1629 1812 1699 quippe

181 1700 428 1754 Christi
458 1698 709 1754 membra
733 1741 749 1766 ,
776 1699 875 1756 feci
903 1700 1139 1754 membra
1170 1701 1487 1755 meretricis.
1517 1698 1689 1767 Super
1712 1698 1812 1755 iliis

184 1772 340 1838 quis
385 1785 496 1824 non
543 1770 909 1839 gemebundus
948 1771 1143 1824 dixerit
1190 1791 1203 1826 :
1248 1769 1513 1835 Quomodo
1557 1775 1695 1840 facta
1739 1781 1811 1824 est

189 1842 467 1895 meretrix
494 1842 612 1895 urbs
643 1841 809 1910 ﬁdelis
839 1842 1013 1911 Sion?
1042 1842 1503 1911 Obstuputtcwlum
1523 1857 1675 1911 super
1694 1842 1807 1906 hoc,

186 1922 243 1964 et
278 1912 493 1965 horruit
522 1909 655 1965 terra
684 1912 829 1965 valde
858 1909 1010 1981 (Isai.
1050 1914 1098 1966 l.
1133 1909 1223 1966 21‘.
1251 1911 1518 1972 Jerentﬁ.
1545 1910 1673 1982 12).
1705 1912 1810 1968 Sed

190 1983 544 2050 precamini,
576 1983 862 2037 venerandi
889 1984 1163 2053 sanctique
1196 1992 1400 2053 patres,
1429 1997 1668 2051 meaeque
1694 1984 1812 2052 pul-

186 2052 369 2107 chra:
396 2052 749 2113 confessionis
776 2052 1151 2119 recordamini,
1184 2052 1286 2123 qua
1309 2054 1587 2109 confessus
1616 2068 1732 2107 sum
1757 2056 1809 2108 in

187 2131 517 2194 conspectu
554 2124 652 2195 Dei
705 2134 760 2179 et
807 2124 1115 2195 angelorum
1161 2134 1217 2180 et
1258 2124 1554 2179 hominum.
1603 2124 1809 2179 Etenim

190 2193 385 2250 alieni
434 2194 486 2248 in
534 2193 753 2249 domum
796 2193 1053 2265 ingressi,
1090 2203 1266 2250 tantos
1304 2210 1520 2249 movere
1556 2196 1811 2251 tumultus

190 2275 510 2333 conantur,
534 2274 591 2319 ut
615 2266 761 2321 illam
789 2266 1180 2321 confessionem
1210 2267 1264 2320 in
1294 2265 1616 2321 oblivionem
1642 2266 1812 2321 dedu-

190 2351 345 2391 cere
384 2338 612 2407 possint.
640 2336 834 2392 Verum
865 2336 1110 2406 precibus
1141 2346 1331 2393 vestrae
1351 2336 1588 2391 caritatis
1614 2335 1808 2393 factum

192 2414 422 2480 cst,_ut
446 2408 702 2480 Dominus
730 2407 963 2480 Sabaoth
989 2408 1316 2480 relinqueret
1338 2407 1493 2462 nobis
1523 2422 1707 2480 semen
1723 2422 1811 2463 re-

192 2476 579 2549 cordationis.
614 2482 681 2533 At
722 2479 979 2534 memoria
1022 2476 1355 2548 prae—dolore
1395 2492 1492 2536 cur
1529 2478 1763 2535 obruens
1787 2519 1808 2549 ,

193 2564 527 2622 sermonem
553 2548 754 2622 detinet
774 2549 1120 2622 impeditque,
1150 2549 1505 2622 lacrymmque
1526 2548 1809 2622 manantes

196 2634 411 2691 vocem
440 2620 815 2689 intercipiunt,
848 2620 1062 2691 quando
1092 2622 1144 2675 in
1173 2620 1404 2675 mentem
1435 2621 1654 2675 veniunt
1679 2634 1805 2691 gra-

198 2706 311 2743 ves
346 2690 454 2746 illa:
476 2691 827 2759 calamitates,
858 2689 975 2761 qum
996 2692 1125 2746 mihi
1151 2691 1489 2761 acciderunt;
1516 2691 1737 2761 quando,
1753 2689 1808 2747 in

200 2770 462 2816 mentem
511 2763 655 2832 venit
698 2779 783 2818 me
803 2804 816 2827 ,
845 2760 938 2832 qui
966 2761 1180 2817 Christo
1220 2760 1610 2832 confessionem
1640 2760 1805 2817 dede-

203 2848 334 2885 ram
362 2872 381 2898 ,
420 2831 734 2889 antichristo
760 2831 1060 2903 subjectum
1082 2847 1231 2898 esse;
1261 2832 1473 2903 quando
1497 2831 1549 2886 in
1572 2840 1806 2888 mentem

202 2904 373 2974 venit
396 2917 515 2967 me,
540 2904 630 2972 qui
659 2906 848 2973 spiritu
881 2906 1214 2974 inceperam,
1245 2903 1516 2958 carnalem
1546 2903 1800 2958 evasisse.

202 2973 311 3027 για
341 2974 483 3045 mihi
504 2974 593 3029 vili
615 2984 670 3029 et
693 2976 922 3045 abjocto,
952 2973 1060 3044 pra:
1081 2974 1268 3030 dolore
1298 2989 1403 3043 quo
1431 2988 1664 3044 premor,
1694 2988 1807 3043 prae

201 3044 541 3100 verwundia
568 3054 621 3100 et
646 3044 1021 3111 excusatione,
1053 3061 1171 3115 quae
1210 3045 1416 3100 admitti
1460 3045 1642 3115 nequit
1668 3060 1682 3097 :
1714 3044 1805 3115 qui

203 3116 264 3168 iu
297 3116 466 3171 vitam
496 3117 705 3186 genitus
740 3133 908 3184 eram,
942 3114 1099 3171 morti
1156 3116 1381 3171 traditus
1418 3114 1559 3172 sum.
1589 3114 1804 3171 Misere-

203 3187 353 3240 mini
393 3188 533 3251 mei,
575 3201 609 3241 o
650 3188 991 3243 miseratores
1016 3196 1195 3257 patres
1232 3195 1287 3241 et
1325 3186 1550 3251 medici,
1584 3186 1806 3241 misere-

206 3258 355 3310 mini
388 3275 400 3311 :
429 3258 684 3313 assumite
722 3274 885 3327 super
924 3274 1011 3312 me
1056 3259 1357 3328 planctum,
1388 3265 1444 3311 et
1472 3257 1649 3328 lugete
1678 3272 1800 3312 eum

201 3330 304 3397 qui
330 3339 607 3400 venenatae
648 3326 850 3399 vipera:
883 3326 1164 3400 _inescante
1202 3328 1398 3400 pepulo
1425 3326 1649 3381 infectus
1678 3340 1763 3383 est
1786 3371 1802 3396 ,

204 3399 480 3469 assumite
515 3414 678 3469 super
706 3398 801 3455 ine
847 3398 1115 3469 planctum
1139 3440 1155 3466 ,
1202 3398 1257 3453 et
1303 3400 1503 3467 plorate
1531 3413 1626 3466 pro
1653 3400 1805 3455 vobis

203 3468 659 3541 ipsisantequam
688 3468 1176 3541 plaga’inlligatur;
1207 3470 1459 3540 lacrymze
1487 3478 1677 3541 vestra:
1706 3487 1802 3525 vo-

202 3539 299 3612 bis
323 3540 433 3594 sint
466 3539 863 3612 propugnacula
885 3539 1068 3596 contra
1099 3539 1463 3612 adversarium
1495 3557 1512 3612 :_
1540 3539 1804 3612 lacrymas

204 3611 416 3682 uberes
442 3610 570 3665 mihi
600 3610 861 3682 largimini
886 3653 901 3680 ,
933 3613 1022 3682 qui
1048 3612 1149 3665 hoc
1175 3611 1460 3681 possidetis
1484 3610 1681 3666 donum
1702 3621 1806 3682 ,Aut

203 3680 265 3734 in
315 3696 413 3736 cor
450 3680 780 3751 irrumpant,
812 3692 867 3737 et
892 3680 1106 3737 deleant
1140 3680 1287 3751 leges
1311 3696 1341 3736 a
1369 3691 1587 3751 peccato
1615 3682 1685 3737 ibi
1709 3680 1805 3735 de-

202 3750 464 3823 scriptas.
492 3750 667 3823 Etiam
712 3767 842 3823 rogo
866 3794 880 3818 ,
912 3763 1135 3823 purgate
1162 3750 1324 3819 illud,
1356 3750 1414 3807 nt
1440 3752 1803 3823 inscribantur

205 3820 577 3894 legeskregiaa,
601 3824 746 3894 leges
774 3820 1077 3894 spiriiuales
1096 3864 1112 3890 ,
1141 3824 1296 3894 leges
1315 3823 1578 3894 cmlestes.
1613 3822 1797 3877 Domi-

188 3907 323 3966 nus
367 3891 600 3966 Sabaoth
643 3891 856 3966 reliquit
888 3893 1019 3966 mihi
1059 3891 1241 3966 semen
1268 3892 1425 3966 fidei,
1467 3908 1535 3966 ne
1581 3907 1800 3966 prorsus

204 3961 452 4034 Sodoma
480 3961 980 4021 efﬁcerem—Mecum
1008 3964 1327 4034 precamini,
1364 3978 1398 4018 ο
1427 3961 1802 4020 misericordes

201 4041 284 4105 et,
318 4032 445 4087 boni
485 4044 699 4103 patres,
727 4044 786 4090 ut
812 4032 1162 4096 Ninivitarum
1195 4035 1503 4105 pmnitentia
1544 4048 1665 4088 cum
1697 4034 1803 4090 illis

204 4104 725 4176 salutemgconsequi
756 4108 954 4176 possim
980 4125 993 4161 :
1016 4106 1138 4160 ﬂete
1166 4104 1265 4175 pro
1285 4121 1393 4172 mc,
1422 4114 1477 4160 et
1504 4105 1680 4176 delete
1701 4105 1799 4176 (a),

202 4174 307 4295 qui
350 4174 573 4243 perinde
619 4174 779 4246 atque
820 4176 982 4233 Jonas
1018 4174 1277 4247 propheta
1307 4175 1671 4232 admonitores
1696 4174 1799 4231 mei

230 4246 411 4295 uistis.
448 4244 565 4295 Non
603 4248 748 4295 enim
797 4248 1025 4295 mendax
1073 4248 1163 4295 ille
1204 4257 1352 4295 erat-
1401 4256 1460 4295 ut
1506 4259 1678 4295 neaue
1705 4260 1799 4295 vos

230 4244 411 4316 histis.
448 4244 565 4316 Non
603 4244 748 4301 enim
797 4244 1035 4302 mendai
1073 4244 1163 4302 ille
1204 4257 1353 4316 erat,
1401 4256 1460 4301 ut
1506 4259 1801 4316 nequevos

204 4314 388 4381 estis,
433 4315 529 4371 sed
570 4317 850 4372 clementis
888 4319 981 4373 Dei
1010 4315 1374 4373 misericordia
1414 4314 1803 4372 unum'dolore

205 4385 414 4459 aliecit,
458 4401 526 4459 ne
566 4388 764 4459 multos
805 4389 1071 4458 perderet.
1117 4389 1297 4459 Neque
1325 4402 1456 4459 vero
1491 4387 1619 4459 ille,
1658 4386 1800 4456 Quod

204 4455 351 4528 odio
368 4454 610 4513 homines
641 4454 861 4514 haberet
889 4459 1147 4524 indoluit;
1187 4454 1282 4514 sed
1323 4457 1652 4528 periclitatus
1678 4454 1796 4523 est,

205 4540 278 4580 ne
305 4526 643 4583 clementiam
685 4530 942 4585 mittentis
969 4545 1030 4585 se
1059 4530 1110 4585 in
1139 4526 1341 4585 crimen
1375 4528 1635 4584 mendacii
1676 4541 1803 4582 ver-

209 4604 371 4650 teret.
401 4596 519 4654 Non
559 4597 631 4654 ita
669 4613 729 4655 se
770 4600 931 4656 habet
975 4610 1149 4655 vestra
1184 4602 1378 4654 caritas
1406 4618 1420 4653 :
1448 4599 1542 4653 sed
1570 4597 1682 4653 scio
1706 4612 1802 4653 vos

204 4669 580 4748 congaudere,
612 4672 823 4741 quando
859 4671 1121 4748 gaudium
1138 4672 1297 4748 estin
1323 4670 1459 4748 carie
1485 4683 1646 4748 super
1682 4683 1801 4738 po:-

206 4740 439 4811 niteutia
470 4740 641 4796 unius
651 4740 974 4811 peccatoris,
998 4752 1051 4797 et
1079 4742 1197 4797 sine
1224 4740 1619 4811 intermissione
1642 4753 1799 4811 orare

207 4807 311 4865 Dei
339 4807 712 4883 clementiam,
755 4822 815 4867 ut
855 4813 1062 4883 perdita
1102 4811 1340 4867 membra
1379 4810 1634 4883 recipiat,
1675 4810 1800 4879 quia

206 4881 393 4935 omnia
423 4883 663 4937 membra
707 4881 1119 4953 compatiuntur.
1168 4883 1393 4937 Detnum
1435 4882 1503 4936 de
1534 4881 1636 4947 iis,
1680 4894 1800 4953 qua;

212 4962 395 5006 vestra
421 4953 615 5007 caritas
642 4951 867 5009 tractare
897 4953 1188 5021 debuisset,
1219 4967 1318 5022 ego
1341 4953 1599 5007 disseram
1619 4992 1634 5017 ,
1665 4965 1729 5005 ac
1754 4951 1798 5006 si

211 5035 241 5074 I
264 5022 492 5091 quadam
521 5022 990 5080 invisibili‘virtute
1026 5038 1333 5079 sermonem
1358 5023 1496 5078 clam
1528 5030 1799 5076 mutuatus

214 5090 411 5148 essem.
434 5093 566 5149 Nam
592 5109 712 5150 cum
735 5095 822 5151 die
852 5104 1117 5165 noctuque
1134 5103 1325 5150 vestrae
1350 5094 1584 5148 caritatis
1603 5090 1800 5146 adhor-

215 5165 470 5235 tationem
500 5166 755 5221 memoria
785 5166 1074 5233 retineam,
1104 5166 1366 5235 meipsum
1397 5176 1651 5235 revocare
1682 5170 1800 5215 stu-

217 5232 344 5299 deo,
380 5250 596 5305 precum
638 5245 936 5291 vestrarum
977 5232 1081 5307 ope
1107 5232 1313 5293 fultus:
1344 5247 1397 5291 et
1434 5233 1671 5307 quotidie
1698 5246 1797 5288 ceu

285 5362 363 5428 (tt)
388 5373 496 5419 Haec
515 5366 643 5419 male
664 5368 932 5426 volnerant.

1153 309 1563 367 TllEODORUS
1602 307 1864 367 LAPSUS
1898 308 1990 367 AD
2028 308 2596 368 CBRYSOSTOMUM.

3372 324 3509 381 1066

1924 440 2157 503 prmsens
2184 423 2420 503 doctrina
2456 438 2629 481 vestra
2653 470 2666 494 ,
2694 439 2889 503 vesti-ac
2910 431 3146 487 caritatis
3170 434 3502 494 adhortatio-

1922 496 2042 550 nem
2071 496 2595 579 admonitionemuue
2620 498 2811 579 anima.-
2833 517 2969 556 ηιοω
2992 504 3375 579 subministrat,
3405 525 3505 579 qua

1922 581 2137 635 precum
2164 575 2458 621 vestrarum
2482 568 2658 622 fervor
2682 567 2981 626 declaratur
3005 590 3018 626 :
3048 574 3204 630 beato
3225 567 3511 636 Ezechiéle

1919 638 2051 691 mihi
2103 637 2460 705 exprobrante
2514 653 2579 692 ac
2632 640 2841 695 dicente
2896 643 2946 696 in
2997 650 3513 706 commemoratione

1920 709 2157 776 priorum
2183 708 2557 762 beneﬁciorum
2591 727 2603 764 :
2635 709 2867 788 Transivi
2898 731 2986 780 per
3017 723 3176 788 te,iet
3209 720 3311 771 vidi
3338 729 3415 788 te,
3466 734 3512 774 et

1918 788 2266 855 ecreutempus
2301 789 2472 843 tuum,
2504 789 2549 832 et
2575 790 2769 849 tempus
2808 783 3202 855 dcmcrgentium
3236 798 3311 851 te.
3342 783 3509 845 et'exo

1919 848 2075 926 pandi
2098 850 2209 926 alas
2230 865 2371 926 meas
2396 866 2549 926 super
2577 861 2623 904 te
2641 892 2656 916 ,
2678 848 2734 905 et
2756 858 2930 926 operui
2962 848 3455 926 ignominiamtuam
3495 880 3513 917 .'

1920 929 1971 999 et
1997 919 2171 999 iuravi
2204 919 2400 999 tibiLet
2422 921 2674 999 i_ngress_t_ts
2707 919 2892 999 suntin
2918 919 3269 999 testamentum
3296 939 3497 999 tecum,

1917 989 2039 1070 dicit
2067 990 2265 1070 ddonai
2297 988 2662 1070 Domin'us._Et
2691 997 2828 1070 facta
2861 1011 2913 1049 es
2938 997 3062 1050 mihi
3083 999 3297 1067 pulchra
3326 988 3502 1070 valde;

1917 1069 1965 1114 et
1992 1061 2090 1137 lavi
2119 1071 2166 1137 _te
2191 1076 2354 1137 aqua,
2373 1070 2420 1114 et
2447 1060 2586 1137 ablui
2614 1060 2913 1137 sanguinem
2936 1083 2968 1119 a
2988 1076 3055 1133 te,
3083 1060 3129 1123 et
3152 1072 3279 1125 ιιηωί
3302 1081 3350 1127 te
3369 1060 3502 1137 oleo:

1915 1139 1963 1211 et_
1986 1131 2130 1211 indui
2147 1140 2205 1211 ,ιε
2229 1132 2380 1185 variis
2404 1131 2807 1211 vestimentis,_et
2828 1131 3047 1211 calceavi
3072 1148 3118 1191 te
3143 1140 3434 1211 hyacintho,
3458 1131 3505 1199 ei

1918 1203 2054 1255 cinxi
2076 1211 2122 1255 te
2141 1201 2305 1271 bysso,
2340 1212 2388 1255 et
2416 1203 2804 1277 circumamicivi
2824 1214 2870 1258 te
2896 1208 3056 1274 piloso
3081 1201 3233 1277 textb,
3262 1220 3309 1266 et
3329 1201 3505 1267 ornavi

1917 1282 1964 1325 te
1988 1281 2317 1352 ornamento;
2344 1281 2392 1327 et
2415 1273 2752 1352 circumposui
2778 1273 3008 1352 armillas
3035 1273 3264 1352 manibus
3290 1286 3388 1337 tuis
3408 1325 3426 1352 ,
3457 1299 3505 1339 et

1918 1352 2144 1420 torquem
2179 1342 2311 1420 collo
2350 1352 2435 1397 tuo
2459 1385 2473 1410 ,
2499 1354 2546 1397 et
2571 1344 2689 1398 dedi
2716 1346 2944 1401 inaurem
2974 1349 3029 1402 in
3057 1351 3265 1405 naribus
3289 1342 3425 1420 tuis;
3454 1364 3500 1409 et

1914 1412 2144 1483 globulos
2165 1413 2298 1467 circa
2318 1429 2466 1468 aures
2485 1424 2618 1478 tuas,
2651 1424 2695 1468 et
2718 1433 2958 1471 coronam
2978 1420 3157 1490 gloria:
3179 1439 3331 1490 super
3349 1412 3502 1493 caput

1916 1494 2054 1565 tuum
2075 1500 2100 1571 ,ε
2126 1494 2376 1571 et'ornata
2397 1500 2454 1571 es
2480 1502 2605 1571 auro
2638 1495 2685 1566 et
2715 1499 2924 1571 argento
2940 1530 2971 1571 γ’
2987 1500 3034 1543 et
3060 1493 3272 1571 amictus
3292 1498 3364 1547 tui
3384 1502 3501 1567 bys-

1913 1555 2012 1608 sini
2039 1564 2087 1627 et
2114 1555 2277 1627 pilosa
2306 1565 2441 1627 texta
2467 1565 2511 1609 et
2544 1558 2705 1609 varia.
2738 1555 2804 1610 Et
2835 1560 3055 1614 similam
3074 1603 3090 1627 ,
3132 1565 3233 1617 mel
3262 1574 3310 1617 et
3338 1555 3504 1620 oleum

1914 1625 2208 1699 comedebas
2234 1666 2247 1692 ,
2278 1636 2321 1678 et
2349 1626 2487 1699 facta
2516 1643 2566 1680 es
2593 1627 2716 1679 mihi
2759 1630 2972 1697 pulchra
3013 1625 3158 1686 valde
3178 1674 3191 1699 ,
3234 1636 3397 1689 valde.
3440 1638 3503 1691 Et

1914 1696 2062 1776 exivit
2090 1713 2271 1748 nomen
2297 1706 2438 1776 tuum
2462 1698 2515 1750 in
2537 1707 2705 1776 gentes
2829 1696 3205 1776 pulchritudine
3228 1715 3315 1758 tua
3338 1723 3357 1759 :
3381 1710 3501 1776 quia

1914 1770 2187 1837 perfectum
2216 1776 2322 1820 erat
2348 1768 2400 1821 in
2425 1768 2590 1836 specie
2610 1779 2655 1822 et
2675 1769 2729 1823 in
2756 1768 2934 1825 decore
2954 1812 2967 1834 ,
2994 1774 3126 1837 quod
3153 1768 3496 1831 constitui'su-

1914 1852 2002 1915 per
2027 1847 2093 1901 te,
2125 1837 2194 1890 ait
2222 1837 2421 1915 Adonai
2447 1838 2715 1915 Dominus.
2740 1840 2815 1915 _Et
2843 1837 3100 1915 con/idiin
3136 1844 3189 1898 in
3217 1847 3500 1915 pulchritu-

1913 1908 2080 1984 dinem
2108 1917 2242 1984 tuam
2260 1950 2274 1974 ,
2305 1917 2351 1961 et
2377 1910 2626 1979 fornicata
2654 1927 2706 1964 es
2733 1910 2787 1964 in
2811 1908 3011 1966 nomine
3043 1925 3128 1967 tuo
3148 1956 3163 1981 ,
3196 1908 3245 1969 et
3277 1916 3503 1984 elfudisti

1914 1979 2296 2059 fornicationem
2326 1988 2464 2059 tuam
2483 1997 2636 2059 super
2657 1997 2861 2059 omnem
2877 1979 3164 2059 transitum,
3189 1997 3235 2040 et
3263 1979 3499 2059 accepisti

1912 2048 1974 2100 de
2000 2050 2300 2129 vestimentis
2326 2050 2444 2115 tuis,
2471 2061 2517 2104 et
2538 2052 2698 2129 {_ecisti
2716 2051 2819 2129 tibi
2843 2053 2982 2107 idola
3004 2048 3232 2129 consula,
3264 2068 3313 2129 et
3337 2048 3499 2129 forni-

1912 2129 2031 2195 cata
2052 2136 2102 2172 es
2121 2120 2175 2172 in
2202 2120 2270 2195 eis
2300 2135 2318 2195 ς
2344 2130 2390 2195 et
2419 2137 2522 2195 non
2548 2122 2844 2192 ingrediaris
2862 2164 2878 2189 ,
2920 2140 3080 2194 neque
3114 2120 3228 2195 ﬁet.
3252 2127 3321 2182 Et
3337 2120 3494 2186 ἀπίει

1914 2190 2165 2267 pistivasa
2180 2191 2493 2267 gloriationis
2508 2190 2619 2267 tuazi
2632 2208 2695 2267 ea;
2718 2190 3049 2267 argentom'co
3069 2190 3198 2252 alea:
3217 2216 3343 2253 auro
3365 2219 3491 2267 meo,

1913 2277 1975 2337 ea:
2004 2260 2067 2337 iis
2087 2276 2199 2329 qua:
2222 2261 2339 2314 dedi
2371 2261 2490 2337 tibi,
2520 2263 2756 2337 et_[ecisti
2780 2260 2881 2337 'tibi
2926 2266 3169 2337 imagines
3202 2270 3367 2323 viriles
3388 2313 3402 2335 ,
3453 2260 3498 2324 οὶ

1913 2333 2161 2417 fornicata
2189 2348 2240 2385 es
2268 2348 2381 2417 cum
2408 2332 2480 2387 eis
2512 2332 2726 2417 (emit.
2745 2333 2829 2389 16.
2851 2332 3053 2417 8ο1ἶ)ἱ
3084 2332 3503 2417 bealojteniJc-f

1913 2404 2078 2482 rentia
2104 2403 2370 2482 clamante
2394 2443 2407 2468 ,
2439 2419 2502 2458 ac
2525 2403 2597 2460 de
2630 2403 2816 2482 eadem
2860 2421 2920 2482 re
2946 2403 3157 2464 dicente
3186 2426 3200 2462 ε
3235 2409 3497 2482 Numquid

1910 2473 1995 2541 qui
2018 2473 2153 2544 cadit
2173 2489 2273 2526 non
2294 2481 2551 2537 resurget,
2584 2484 2630 2528 et
2652 2475 2740 2543 qui
2767 2478 2941 2531 avertit
2959 2493 3012 2532 se
3029 2519 3044 2544 ,
3078 2496 3177 2534 non
3205 2497 3261 2536 se
3285 2473 3494 2537 conver-

1907 2540 2021 2598 tet?
2056 2540 2201 2594 Num
2238 2545 2413 2597 resina
2437 2560 2541 2597 non
2570 2540 2735 2598 est'in
2776 2540 3127 2605 Calandﬂiut
3164 2546 3354 2598 medici
3388 2563 3490 2600 non

1905 2621 2030 2668 sunt
2054 2611 2163 2665 illic
2181 2611 2316 2680 (Jer.
2339 2612 2393 2667 8.
2426 2614 2478 2667 4.
2496 2614 2586 2683 22)
2608 2616 2630 2667 'l
2654 2615 2778 2668 Dixi
2798 2618 2937 2669 enim
2960 2626 3234 2671 vostauam
3258 2616 3354 2669 illa
3377 2616 3490 2683 [or-

1910 2684 2077 2761 nicata
2103 2692 2176 2761 est
2199 2698 2249 2734 in
2274 2685 2599 2761 hisouinibus
2630 2697 2648 2735 :
2673 2686 2740 2735 ad
2768 2700 2861 2761 me.
2874 2694 3114 2739 revertere
3140 2689 3302 2756 (Ibid.
3329 2691 3381 2745 ὅ.
3411 2692 3490 2761 7).

1908 2749 2013 2807 Sed
2044 2752 2094 2805 iu
2122 2751 2203 2828 his
2228 2752 2476 2828 omnibus
2504 2753 2682 2828 timeo,
2717 2768 2786 2807 ne
2813 2753 2981 2828 pictas
3003 2749 3175 2828 vestra
3198 2749 3497 2828 suspicetur

1911 2837 2015 2903 nos
2037 2822 2190 2891 quasi
2228 2822 2485 2877 doctrinae
2523 2822 2680 2903 verba
2727 2824 2983 2903 proferre.
3012 2825 3127 2881 Non
3158 2822 3371 2903 utique,
3406 2850 3498 2902 per

1908 2902 2138 2968 vestram
2166 2908 2335 2968 spem,
2373 2907 2536 2968 _quam
2567 2894 2772 2968 habetis
2802 2895 2853 2968 i_n
2886 2896 3085 2968 Deum;
3116 2894 3494 2968 sed‘queinad-

1908 2964 2124 3039 modum
2174 2963 2239 3029 ii,
2290 2963 2387 3039 _qui
2443 2964 2691 3039 gravibus
2736 2963 3010 3023 doloribus
3052 2963 3398 3039 premuntur,
3448 2976 3497 3031 si

1907 3036 2152 3118 morbum
2184 3033 2402 3118 medicis
2426 3035 2797 3118 committant,
2827 3053 2925 3118 Spe
2953 3033 3313 3118 remediorum
3342 3033 3497 3098 dolo.

1908 3120 1996 3159 res
2026 3104 2246 3181 sedant;
2271 3104 2340 3181 ita
2363 3114 2416 3158 et
2440 3119 2540 3181 ego
2556 3120 2636 3181 ex_
2649 3104 2913 3181 colloquio
2930 3123 3049 3162 cum
3075 3111 3269 3179 pietate
3291 3122 3491 3181 vestra,

1908 3176 2059 3243 quasi
2082 3176 2194 3246 jam
2216 3176 2434 3255 vulnera
2457 3175 2838 3255 sint_obducta',
2861 3193 3010 3255 spem
3038 3175 3300 3255 assumpsi
3326 3175 3495 3255 maio;

1908 3261 2053 3313 rem,
2089 3245 2285 3302 vestrae
2324 3245 2711 3302 adhortationis
2753 3245 3014 3304 memoria
3056 3250 3194 3305 clam
3222 3245 3291 3306 'in
3334 3245 3497 3311 coide

1909 3316 2089 3389 lumen
2113 3317 2372 3387 pariente.
2396 3316 2630 3373 Obsecro
2656 3318 2813 3389 igitur
2845 3335 2938 3375 vos
2956 3359 2973 3387 ,
3012 3334 3045 3376 0
3072 3321 3497 3381 Christianorum

1907 3387 2083 3443 divina
2110 3388 2521 3462 congregatioet
2544 3387 2697 3462 sacra
2721 3390 2988 3462 collectio,
3019 3406 3052 3446 ο
3075 3393 3271 3462 popule
3290 3405 3495 3460 sancte,

1909 3473 2094 3532 preces
2126 3474 2221 3528 pro
2255 3474 2341 3514 me
2365 3459 2431 3513 ad
2460 3459 2743 3532 Dominum
2768 3460 2998 3532 emittite
3018 3503 3033 3527 ,
3061 3459 3183 3532 quia
3224 3479 3329 3518 non
3360 3459 3497 3520 ultra

1906 3528 2073 3602 feram
2106 3543 2191 3583 Ine
2209 3538 2376 3602 _estra‘
2392 3530 2533 3583 ovile
2557 3531 2818 3602 reperiri,
2851 3540 3000 3602 extra
3029 3528 3279 3602 sagcnam
3299 3573 3314 3601 ,
3346 3545 3496 3591 extra

1907 3599 2113 3674 caulam
2142 3599 2507 3674 spiri_tualem;
2545 3599 2641 3674 sed
2687 3600 2825 3658 intra
2868 3599 3116 3674 vineam;
3146 3603 3283 3674 intra
3301 3599 3495 3674 sponsi

1909 3668 2197 3745 thalamum
2219 3708 2234 3733 ,
2265 3669 2404 3723 intra
2430 3669 2769 3745 paradisum,
2811 3678 2870 3725 ut
2901 3670 3006 3745 illic
3035 3668 3309 3745 vobiscum
3336 3668 3495 3745 repe-

1907 3740 2040 3814 riar.
2079 3738 2303 3814 meoque
2345 3749 2631 3808 conspecto
2657 3739 2877 3814 vulnere
2893 3742 3118 3814 _timete.
3143 3741 3329 3814 Neque
3348 3738 3493 3801 enim

1906 3810 2145 3883 conﬁteri
2189 3809 2489 3883 erubesco:
2524 3824 2694 3883 neque
2745 3810 2813 3883 ad
2856 3809 2910 3865 id
2956 3826 3101 3883 saepe
3146 3809 3497 3883 repetendum

1908 3880 2087 3952 segnis
2116 3894 2247 3952 _sum
2272 3897 2285 3933 :
2312 3879 2474 3952 pudet
2497 3879 2639 3952 enim
2664 3881 2804 3952 quod
2833 3894 2919 3936 me
2944 3879 3371 3952 puduerithum
3396 3900 3498 3941 au-

1909 3949 2014 4023 tem
2045 3949 2329 4023 epistolam
2344 3949 2606 4023 _legeritis,
2642 3949 2905 4006 universae
2930 3949 3251 4008 fraternitati
3277 3955 3494 4023 mittite,

1907 4020 2025 4092 sine
2068 4019 2481 4092 intermissione
2509 4028 2724 4075 orantes
2749 4060 2764 4085 ,
2793 4030 2848 4075 ut
2874 4032 3124 4092 peccator
3152 4033 3359 4080 avertat
3376 4038 3439 4081 se
3464 4019 3498 4083 s

1908 4090 2218 4165 via_e_rro_r_is
2242 4130 2259 4157 ,
2300 4097 2357 4143 ut
2398 4090 2604 4145 animas
2643 4090 3136 4165 vestras‘servetis,
3163 4103 3216 4149 et
3241 4097 3497 4165 operiatis

1907 4159 2300 4215 multitudinem
2322 4169 2685 4230 peccatorum.
2718 4160 2817 4216 llic
2841 4161 3057 4218 demum
3098 4159 3256 4221 tinem
3276 4159 3498 4223 dicendi

1909 4230 2124 4286 faciam.
2167 4231 2251 4301 'l'e_
2278 4244 2408 4285 vero
2440 4231 2681 4301 alloquor
2699 4273 2715 4298 ,
2744 4246 2779 4286 ο
2806 4232 3268 4291 venerabilissime
3293 4245 3348 4292 et
3372 4238 3502 4293 reli-

1905 4301 2205 4375 giosissime
2230 4299 2477 4375 frater_et
2502 4299 2652 4370 pater
2675 4316 2847 4375 :_nam_
2865 4314 2916 4359 te
2943 4313 2998 4359 ct
3023 4320 3120 4360 ceu
3138 4315 3344 4375 patrem
3364 4322 3500 4362 con-

1907 4370 2165 4447 scribere,
2197 4380 2251 4447 et
2274 4384 2373 4427 ceu
2395 4370 2613 4447 fratrem
2638 4372 2811 4447 primo
2836 4373 2955 4447 loco
2981 4370 3181 4447 ponere
3208 4392 3497 4447 numquam

1905 4441 2163 4516 dubitavi.
2204 4444 2272 4516 A_
2295 4451 2346 4498 te
2377 4456 2506 4497 vero
2539 4441 2673 4516 plus
2687 4443 2956 4516 quidpiam
2983 4441 3214 4516 postulo
3236 4485 3251 4511 ,
3278 4441 3438 4516 quam
3467 4464 3499 4504 a

1908 4521 2017 4568 tota
2057 4512 2424 4579 fraternitate;
2449 4512 2895 4582 quemadmodUm
2938 4512 3145 4582 pueruli
3170 4516 3215 4570 si
3246 4512 3499 4573 indecore

1908 4582 2101 4654 ludant
2126 4583 2327 4654 insinu
2351 4591 2605 4653 paterno,
2645 4597 2975 4654 nequaquam
3001 4598 3031 4636 a
3060 4586 3296 4654 paternis
3321 4587 3496 4643 visce-

1906 4653 2055 4723 ribus
2086 4652 2295 4723 excludi
2331 4661 2605 4723 metuunt,
2641 4652 2942 4723 vehementi
2975 4652 3140 4723 patris
3176 4654 3392 4712 all'cctui
3437 4658 3498 4712 li-

1905 4722 2343 4797 dentes.__Verum
2368 4721 2482 4778 haec
2506 4724 2558 4777 in
2581 4736 2666 4776 me
2689 4721 3115 4797 janrcessarunt
3132 4767 3147 4792 ,
3175 4734 3227 4780 et
3250 4741 3354 4797 ego
3381 4724 3496 4783 for-

1906 4802 2062 4864 tasse
2089 4792 2305 4864 dignum
2348 4802 2620 4864 gestorum
2672 4792 2990 4863 supplicium
3022 4796 3209 4850 subeo.
3240 4792 3346 4852 Sed
3387 4798 3495 4853 mei

1907 4863 2253 4936 memineris,
2279 4863 2699 4936 religiosissime
2749 4873 2899 4936 pater
2954 4864 3373 4936 Chrysostome,
3429 4883 3499 4923 ne

1906 4933 2342 5007 immisericordis
2363 4933 2525 5007 animi
2550 4948 2734 5007 pinnas
2756 4934 2854 4989 des
2872 4934 3011 5007 apud
3036 4933 3237 5007 justum
3259 4935 3496 5007 judicent

1908 5004 2097 5059 Deum.
2132 5006 2274 5061 Deus
2298 5004 2443 5061 enim
2470 5007 2618 5059 novit
2662 5004 2717 5060 in
2768 5004 3344 5061 membria'suavitatis
3389 5016 3496 5063 tua:

1904 5074 2167 5146 lacrymas
2211 5089 2488 5146 superare_
2509 5074 2845 5146 ratiocinium
2866 5115 2882 5143 ,
2912 5084 2967 5146 et
2995 5076 3248 5146 cohibere
3287 5091 3494 5133 sermo-

1903 5143 2033 5200 neui
2060 5162 2075 5199 :
2103 5143 2451 5215 quamobrem
2475 5143 2563 5200 hic
2588 5143 2749 5200 linem
2778 5144 2991 5200 dicendi
3032 5144 3223 5200 faciam
3246 5185 3263 5214 ,
3291 5146 3494 5202 dulcis—

1904 5215 2042 5287 sime
2096 5214 2162 5287 et
2204 5216 2605 5287 religiosissime
2663 5224 2815 5287 pater
2862 5214 3247 5287 Chrysostome
3299 5236 3313 5271 :
3373 5218 3495 5286 quia

1903 5286 2043 5409 illius
2087 5285 2262 5411 30;qu
2298 5285 2381 5342 est
2421 5285 2591 5357 gloria
2613 5293 2670 5345 et
2691 5285 2988 5359 imperium
3010 5287 3064 5343 in
3090 5288 3288 5365 saecula
3317 5285 3491 5348 saru-

1925 5371 2100 5411 orum.
2231 5369 2321 5411 en.

1925 5371 2100 5412 orum.
2129 5369 2321 5411 tamen.

1311 5539 2383 5625 mw
