3884 6266
461 319 595 385 1067

1961 312 2231 379 SPUtitA.

3601 317 3728 374 1068

1308 711 1392 770 ΙΝ
1423 709 1724 774 LIBRUM
1756 709 2166 772 SEPTIMUM
2199 708 2304 770 DE
2333 704 2846 770 SACERDOTIO

537 919 699 977 Liber
723 918 992 990 septimus
1015 917 1412 990 Chrysostomo
1440 915 1751 986 adscriptus
1788 916 1856 971 de
1887 914 2200 973 sacerdotio
2231 921 2411 969 exstat
2443 911 2498 966 in
2541 912 2878 983 quibusdam
2941 908 3358 979 manuscriptis,
3419 907 3474 963 in
3533 906 3724 961 Coisli‘

468 1013 635 1067 niano
658 1009 889 1066 CCXLV
930 1011 1204 1068 undecimi
1231 1011 1436 1077 saeculi,
1467 1019 1523 1066 et
1551 1010 1606 1064 in
1638 1006 1966 1064 Taurineusi
1999 1006 2264 1077 quodam,
2301 1004 2459 1074 cujus
2482 1003 2806 1075 ἀπόγραφον
2844 1018 3009 1059 manu
3035 1012 3090 1058 et
3119 1004 3266 1059 dono
3297 1003 3398 1056 viri
3434 1001 3718 1057 clarissimi

468 1107 887 1179 doctissimique
918 1105 1091 1162 Pfaﬂii
1117 1121 1281 1178 penes
1314 1123 1402 1164 me
1434 1107 1630 1163 habeo.
1663 1105 1759 1162 Est
1795 1119 1925 1161 vero
1955 1102 2123 1174 inepti
2157 1100 2448 1172 cujusdam
2487 1099 2724 1158 Graeculi
2756 1111 3132 1157 commentum
3153 1141 3170 1168 ,
3202 1109 3264 1156 ut
3297 1116 3463 1157 nemo
3495 1115 3606 1154 non
3639 1099 3716 1150 vi-

1387 1357 1930 1441 EJUSDEM
1981 1347 2809 1437 CHRYSOSTOMI

1530 1532 1614 1577 DE
1659 1525 2052 1578 εΑοεηῡοτιο
2096 1522 2280 1574 LIBER
2324 1525 2652 1574 SEPTIMUS.

1893 1663 2313 1725 W

531 1807 577 1871 0
623 1801 942 1881 stupendum
990 1797 1350 1881 miraculum!
1405 1818 1443 1881 ρ
1495 1803 1665 1881 virtus
1706 1799 2040 1881 ineffabilisl

453 1897 489 1941 o
536 1873 844 1956 mysterium
892 1877 1173 1956 sacerdotii
1212 1873 1578 1956 horrendum!
1629 1873 1922 1956 Spiritt‘t‘ale.
1960 1880 2044 1956 est

454 1967 510 2011 ct
529 1944 794 2018 sanctum,
814 1948 1178 2005 venerandum
1198 1956 1248 2002 et
1270 1945 1616 2018 inculpatum,
1635 1944 1776 2014 quod
1794 1944 2045 2018 _Christus

453 2027 697 2092 veniens,
727 2014 903 2094 dignis
934 2019 1186 2094 elargitus
1209 2019 1309 2072 est.
1361 2015 1660 2094 Procumbo
1698 2026 1754 2094 et
1776 2014 2039 2094 deprecor

454 2113 576 2154 cum
598 2084 848 2166 lacrymis
869 2101 920 2146 et
949 2084 1250 2166 gemitibus,
1292 2096 1350 2166 u_t
1377 2086 1549 2143 oculis
1571 2087 1886 2166 conspicere
1914 2084 2043 2138 mihi

456 2171 617 2225 liceat
644 2156 792 2221 illum
823 2156 1104 2218 sacerdotii
1133 2174 1259 2214 vere
1291 2158 1600 2212 thesaurum
1625 2156 1709 2222 iis,
1744 2156 1835 2226 qui
1868 2156 2041 2225 ipsum

456 2248 640 2294 sancte
659 2237 924 2304 digneque
946 2237 1284 2304 conservant.
1325 2228 1556 2304 Clypeus
1581 2229 1724 2282 enim
1747 2237 1832 2282 est
1857 2227 2041 2293 splen-

460 2308 620 2364 didus
644 2317 698 2362 et
720 2301 1175 2372 incdmparabjlis,
1226 2301 1386 2354 turris
1435 2303 1774 2372 inconcussa,
1822 2312 2041 2372 murus.

458 2380 550 2450 qui
572 2376 803 2446 dirumpi
827 2367 1464 2450 nequit._Fundumen_tum
1483 2369 1676 2450 quippe
1691 2367 2041 2450 est'solidum,

460 2439 492 2506 ii
538 2458 680 2506 terra
720 2439 888 2516 usque
912 2439 989 2498 'ad
1029 2444 1199 2516 ipsum
1245 2439 1378 2516 caeli
1409 2441 1680 2516 fornicem
1716 2439 2040 2516 pertingens.

461 2504 666 2591 Ecquid
718 2504 839 2591 dic'o
869 2558 884 2582 ,
943 2504 1188 2591 fratres?
1239 2511 1578 2591 Qelsissimos
1627 2504 1748 2591 illos
1810 2504 2043 2591 fornices

457 2580 689 2660 attingit,
717 2588 782 2642 ad
813 2580 955 2656 ipsos
983 2585 1144 2639 caelos
1175 2584 1425 2660 curiarum
1455 2582 1570 2660 sine
1593 2582 1748 2660 obice
1774 2580 2035 2660 pervadit,

460 2664 511 2716 in
536 2652 712 2716 modio
733 2652 1042 2728 angelorum
1065 2654 1532 2728 cuni_inco_r_poi_'eis
1551 2652 2042 2728 naturissplendidc

427 2780 432 2787 .
460 2729 724 2802 facileque
742 2722 1131 2802 progreditur;
1166 2723 1367 2802 Ecquid
1394 2723 1535 2802 diem,
1568 2722 1618 2802 in
1643 2722 1822 2778 medio
1849 2737 2042 2802 super-

461 2789 655 2858 haruui
702 2789 955 2853 virtutum
999 2797 1023 2849 ?
1093 2796 1226 2850 Cum
1259 2789 1397 2864 'ipso
1461 2793 1688 2848 Domino
1734 2789 2040 2864 angelorum

456 2881 702 2927 creatore
728 2877 793 2945 et
811 2869 1136 2945 illustratore
1163 2863 1531 2945 conversatur,
1561 2873 1614 2945 et
1641 2863 2042 2945 pronvolunntatc

456 2955 558 3017 sua
578 2956 698 2996 cmn
728 2939 916 3017 fiducia
938 2937 1102 2991 multa
1135 2935 1274 3017 quod
1298 2935 1458 3017 _petit_
1487 2933 1700 3017 accipit.
1735 2933 1849 3017 Non
1882 2933 2039 3017 finem

462 3011 650 3068 faciam
681 3054 696 3078 ,
751 3009 961 3073 fratres,
1012 3004 1336 3078 praedicandi
1379 3005 1791 3078 celebrandique
1830 3014 2038 3078 tantum

455 3075 727 3153 dignitatis
752 3075 1188 3153 gradum,_’quem
1209 3077 1356 3131 dedit
1380 3075 1614 3153 Trinitas
1651 3075 1844 3130 Adami
1871 3075 1994 3130 filiis
2018 3111 2034 3141 ,

457 3147 552 3235 per
581 3167 735 3235 quem
757 3147 819 3205 'et
847 3147 1077 3204 mundus
1093 3147 1318 3235 salutem
1339 3147 1701 3235 consequitur,
1716 3155 1778 3235 ει
1794 3156 2037 3235 creatura

455 3217 787 3279 illuminatur
815 3237 828 3274 :
859 3235 957 3290 per
983 3233 1142 3290 quem
1167 3227 1398 3290 montes,
1429 3217 1617 3290 colles,
1649 3217 1839 3290 saltus,
1870 3218 2036 3272 valles

458 3295 746 3360 implentur
789 3287 1034 3360 instituto
1079 3287 1220 3360 beati
1265 3287 1507 3360 generis,
1540 3288 1922 3360 monachorum
1951 3290 2031 3360 vi-

455 3358 647 3420 delicet
676 3377 715 3430 ηε
773 3358 1221 3430 quemadmodum
1273 3358 1600 3430 clarissimus
1644 3373 1820 3428 praeco
1875 3358 2038 3430 Isaias

451 3434 583 3491 dicit
613 3453 625 3486 :
660 3429 744 3486 Ea:
770 3428 1035 3486 uerticibus
1067 3431 1310 3484 montium
1337 3429 1527 3483 dabunt
1565 3445 1705 3484 uoces
1728 3446 1847 3483 suas
1874 3428 2032 3498 (lsai.

453 3504 542 3560 42.
576 3505 664 3574 ll)
694 3503 940 3574 homines
974 3499 1042 3554 ad
1062 3500 1282 3574 gloriam
1305 3498 1729 3570 praedicandam:
1757 3514 1852 3568 per
1875 3516 2032 3574 quem

453 3571 704 3644 iniquitas
737 3573 804 3628 de
846 3581 984 3626 terra
1016 3572 1556 3644 tollitur,_per_quem
1585 3571 1932 3644 temperantia
1977 3573 2028 3625 in

455 3639 594 3702 terra
624 3651 884 3708 versatur,
912 3659 1005 3710 per
1031 3657 1187 3711 quem
1215 3639 1456 3696 diabolus
1480 3639 1665 3710 lapsus
1683 3639 1709 3705 ,ί
1726 3641 2028 3696 destructus

451 3724 556 3779 est,
607 3714 789 3771 lascivi
819 3712 941 3768 facti
994 3721 1122 3768 sunt
1165 3725 1293 3766 vasa
1341 3711 1706 3772 sanctiﬁcata.
1751 3711 2023 3766 fornicarii

449 3785 583 3842 casti
635 3793 690 3841 et
731 3784 1068 3849 intemcratl,
1115 3783 1428 3852 insipientes
1477 3780 1599 3835 faeti
1644 3790 1770 3836 sunt
1810 3782 2029 3852 justitiae

453 3856 619 3911 duces
652 3873 667 3913 :
696 3869 791 3925 per
821 3869 976 3921 quem
1005 3855 1191 3925 mortis
1218 3853 1497 3922 imperium
1519 3853 1783 3925 abolitum
1816 3863 1916 3925 est,
1972 3863 2027 3908 et

453 3924 704 3982 infernus
748 3925 915 3980 robur
989 3924 1206 3988 amisit,
1278 3933 1334 3978 et
1391 3924 1768 3978 condemnatio
1837 3924 2025 3977 Adami

449 3997 622 4054 soluta
655 4004 776 4062 est,
803 3993 1160 4064 nuptialisquc
1196 3994 1460 4049 thalamus
1488 3994 1713 4064 caelestis
1741 3992 2026 4064 decoratus

449 4074 534 4123 est
562 4085 579 4121 :
606 4080 702 4136 per
726 4063 894 4136 quem
921 4063 1213 4136 hominum
1238 4072 1425 4136 natura
1454 4066 1508 4118 in
1553 4063 1824 4136 virtutem
1851 4063 2025 4136 ineor-

447 4133 756 4206 porea'rum'
782 4143 1037 4206 mutatur.
1083 4133 1420 4206 Quidddicani
1448 4175 1463 4200 ,
1511 4141 1567 4206 et
1608 4147 1764 4206 quam
1800 4133 2020 4206 laudem

448 4202 753 4275 proferam?
791 4205 996 4258 Donum
1028 4207 1168 4275 enim
1198 4203 1334 4258 illius
1365 4202 1644 4259 sacerdotii
1683 4203 1878 4275 gradus
1905 4217 2020 4258 ser-

455 4274 668 4330 monem
697 4287 909 4329 omnem
941 4282 995 4327 et
1019 4274 1390 4342 cogitationem
1431 4282 1648 4343 superat
1679 4283 1693 4325 :
1730 4274 1852 4326 illud
1896 4285 2017 4340 est,

447 4356 505 4400 ut
535 4343 805 4411 existimo,
835 4343 973 4412 quod
994 4343 1184 4398 Paulus
1203 4342 1528 4413 stupefactus
1553 4342 1869 4407 subindicat,
1897 4360 2016 4398 cum

445 4417 561 4472 ait:
611 4413 658 4469 0
686 4415 903 4469 altitudo
929 4414 1216 4468 divitiarum
1237 4414 1496 4484 sapientiae
1532 4413 1840 4468 et'sciemiw
1881 4413 2020 4469 Dei!

422 4501 595 4548 ranam
619 4485 1140 4556 incomprehensibilia
1167 4494 1281 4540 sunt
1298 4485 1496 4555 judicia
1508 4485 1648 4554 ‘ejus,
1677 4495 1724 4537 et
1749 4485 2018 4556 investiga-

443 4559 564 4611 biles
609 4559 701 4610 via:
746 4555 854 4626 ejus
892 4555 1080 4627 (Rom.
1110 4556 1196 4627 ll.
1225 4556 1372 4626 55)!
1422 4556 1468 4610 Α
1521 4566 1661 4611 terra
1711 4555 1776 4609 ad
1827 4557 2014 4611 caelum

447 4626 676 4696 advolat,
726 4625 909 4696 atque
941 4625 1274 4680 velocissime
1303 4625 1580 4695 petitiones
1613 4635 1822 4680 nostras
1859 4627 2014 4681 offert

444 4695 579 4752 Deo.
633 4695 921 4768 Legatiouc
961 4697 1195 4768 fungitur
1226 4712 1323 4765 pro
1344 4697 1511 4750 servis
1538 4697 1674 4765 apud
1696 4696 2010 4768 Dominum.

443 4767 690 4822 Animum
707 4766 730 4832 ,7
777 4766 988 4838 fratres,
1033 4766 1099 4822 ad
1142 4766 1276 4838 hanc
1305 4768 1580 4838 mysticam
1609 4779 1663 4822 et
1694 4767 2010 4820 horrendam

442 4837 799 4892 narrationem
864 4837 1048 4892 sedulo
1103 4837 1473 4891 adhibeamus.
1548 4838 1676 4892 Sine
1723 4839 2010 4892 venerabili

441 4906 736 4962 sacerdotio
763 4907 1010 4974 remissio
1023 4917 1362 4976 peccatorum
1383 4908 1698 4962 mortalibus
1714 4923 1816 4962 non
1833 4909 2006 4963 datur.

439 4978 688 5032 Animum
732 4977 1010 5042 adhibete,
1048 4977 1239 5032 fratres
1271 4996 1282 5029 :
1316 4993 1409 5031 vos
1448 4978 1589 5032 enim
1632 4978 1762 5033 estis
1800 4980 2010 5048 pietatis

440 5057 703 5119 amatores
732 5089 754 5119 ,ν
805 5048 921 5102 lucc
972 5049 1230 5102 doctrina:
1276 5049 1556 5119 fulgentes.
1613 5049 1875 5118 Quidnam
1925 5060 2008 5102 est

440 5117 590 5190 illud,
619 5118 758 5188 quod
789 5133 956 5190 nuper
983 5120 1291 5173 dicebamus
1319 5117 1385 5174 de
1409 5119 1691 5175 sacerdotii
1717 5119 2008 5190 mysterio?

436 5185 654 5242 Palines
690 5189 830 5250 vitis,
864 5185 940 5243 _et
986 5204 1206 5258 granum
1258 5191 1507 5244 frumenti
1557 5199 1612 5245 et
1652 5185 2006 5245 sacerdotium

435 5271 759 5330 consensum
809 5269 992 5312 mutuo
1043 5259 1238 5330 habent
1275 5277 1293 5314 :
1329 5262 1536 5330 palmes
1577 5268 1633 5314 et
1683 5260 2004 5315 frumentum

433 5328 640 5382 ancilla:
687 5337 808 5384 sunt
834 5369 847 5390 .
897 5329 1251 5384 sacerdotium
1278 5328 1404 5384 vero
1442 5331 1664 5385 liberum
1706 5342 1812 5386 est.
1863 5331 2000 5386 Cum

438 5397 614 5470 itaque
641 5396 754 5452 hate
781 5399 876 5451 tria
891 5409 1300 5468 congregantur,
1317 5410 1374 5455 ut
1400 5415 1556 5470 supra
1579 5416 1765 5456 omnes
1784 5402 2004 5456 omnino

438 5466 1153 5548 thesauroscoiistituaptu'r,
1166 5466 1581 5548 unumquodque
1602 5473 1712 5548 regi
1739 5471 2000 5548 fructuum

433 5549 652 5590 suorum
685 5538 929 5592 virtutem
961 5538 1115 5592 offert
1141 5541 1193 5593 in
1223 5538 1442 5595 odorem
1469 5538 1763 5596 suavita'tis.
1795 5541 2002 5596 I‘almcs

434 5605 742 5682 sanguinem
773 5609 986 5682 emittit,
1010 5607 1332 5682 frumentum
1349 5626 1477 5666 vero
1498 5626 1723 5682 panem:
1754 5612 2002 5682 sacerdo-

437 5675 569 5745 tium
599 5689 871 5745 verocum
895 5677 1080 5731 ﬁducia
1108 5681 1326 5733 evoluta
1355 5675 1575 5740 terra'in
1602 5682 1810 5745 Ca'lnni,
1829 5681 1996 5736 donec

444 5739 616 5810 ipsum
638 5743 947 5803 invisibilem
978 5751 1397 5818 contempletur;
1451 5763 1503 5808 et
1544 5739 1829 5823 postquam
1874 5763 1999 5807 ante

2151 1797 2399 1852 tltronum
2455 1796 2731 1852 excelsum
2776 1794 3059 1861 adoravit,
3115 1804 3262 1850 stans
3316 1798 3584 1868 supplicat
3633 1818 3720 1869 pro

2150 1870 2320 1924 servis
2360 1869 2588 1941 Domino
2614 1909 2628 1932 ,
2685 1869 2950 1941 lacrymas
2974 1869 3306 1941 gerititusque
3349 1885 3722 1924 conservorum

2146 1950 2386 2010 gestans,
2423 1937 2750 2007 Dominoque
2786 1937 3018 2010 ell‘ereus
3053 1955 3066 1989 :
3105 1937 3458 2010 similiterque
3503 1952 3650 2010 rogat
3677 1951 3723 1995 ut

2149 2007 2571 2082 consolationem
2620 2018 2676 2082 et
2733 2009 3100 2082 paenitentiam
3163 2007 3408 2082 tribuat}
3468 2007 3724 2082 simulque

2151 2082 2361 2135 veniam
2393 2089 2448 2136 et
2476 2079 2894 2134 misericordiam
2925 2081 3056 2146 petit
3085 2096 3116 2132 a
3152 2079 3399 2134 clementi
3454 2097 3579 2150 rege
3606 2125 3622 2148 ,
3648 2079 3725 2137 ἰιι

2147 2152 2380 2220 Spiritus
2405 2151 2704 2220 paracletus
2740 2151 2898 2220 simul
2925 2151 3100 2204 veniat
3129 2191 3144 2213 ,
3191 2150 3438 2220 donaque
3481 2153 3535 2206 in
3579 2155 3724 2208 terris

2151 2218 2424 2293 proposita
2473 2221 2785 2276 sanctiticct.
2833 2218 2966 2293 Cum
3016 2231 3194 2293 autem
3211 2218 3476 2293 mysteria
3508 2222 3598 2276 illa
3625 2234 3724 2277 tre-

2155 2291 2348 2348 menda
2381 2293 2790 2348 immortalitatis
2816 2292 2970 2361 plena
3004 2291 3161 2346 allata
3198 2291 3392 2346 fuerint
3419 2337 3430 2354 ,
3466 2309 3562 2361 per
3592 2295 3726 2348 illum

2149 2366 2505 2433 praestitutum
2527 2363 2886 2427 sacerdotem,
2911 2377 3008 2432 pro
3024 2363 3272 2418 omnibus
3295 2365 3725 2425 intercedentem.

2152 2444 2277 2489 tunc
2304 2435 2564 2512 accedunt
2586 2435 2802 2512 animae,
2813 2449 2940 2512 qua:
2972 2449 3064 2503 per
3084 2436 3352 2512 n_i_3,'s_tei_~ia_
3367 2437 3726 2512 purgationem

2149 2523 2178 2577 a
2211 2507 2773 2577 masculisgaccipiunt.
2813 2504 3016 2570 Videte,
3051 2505 3282 2574 religiosi
3307 2506 3427 2568 viri.
3457 2509 3722 2577 quomodo

2151 2576 2268 2632 haec
2295 2577 2401 2630 duo
2430 2575 2557 2630 nihil
2583 2584 2873 2642 operentur
2915 2591 3076 2643 super
3106 2585 3301 2629 terram
3324 2616 3339 2637 ,
3373 2575 3726 2633 nisi'czclcstis

2145 2647 2384 2703 calculus
2409 2647 2649 2712 accedat,
2673 2655 2725 2700 ct
2743 2645 2880 2699 dona
2911 2646 3222 2700 sanctificat.
3247 2645 3461 2713 Vidisti,
3489 2664 3522 2701 0
3545 2648 3721 2714 homo,

2147 2716 2482 2787 splendidum
2535 2716 2886 2771 miraculum?
2919 2716 3146 2787 Videsne
3194 2717 3416 2786 gradum
3465 2719 3615 2773 illum
3645 2737 3723 2774 $.1-

2147 2786 2320 2854 crum,
2346 2789 2615 2859 quomodo
2642 2789 2940 2842 animarum
2985 2786 3174 2842 sordes
3203 2789 3501 2858 expurget?
3555 2790 3717 2846 Bene-

2147 2859 2320 2914 dictus
2366 2861 2436 2914 sit
2489 2859 2772 2923 Salvator,
2819 2859 2906 2929 qui
2956 2874 3120 2927 super
3168 2869 3366 2916 terram
3411 2860 3592 2929 posuit
3630 2863 3722 2915 hoc

2146 2929 2633 3000 splendidissimum
2679 2939 2736 3000 et
2795 2929 3227 3000 expurgatorium
3283 2930 3529 2994 donum,
3602 2933 3718 2986 dum

2149 2999 2455 3060 sacerdotes
2494 3001 2660 3070 gratia
2689 2999 2936 3066 illustrat,
2958 2999 3178 3070 utquasi
3196 3001 3478 3056 luminaria
3495 3002 3721 3070 fulgeant

2146 3072 2196 3125 in
2229 3071 2448 3126 mundo.
2499 3070 2732 3140 Populus
2755 3070 2844 3140 qui
2877 3087 2973 3125 nos
3004 3070 3312 3140 praecessit,
3339 3087 3509 3126 cornu
3548 3070 3716 3128 oleum

2141 3153 2359 3212 gestans
2387 3140 2681 3212 profectum
2709 3143 2913 3209 accepit
2955 3159 2972 3212 7:
3017 3157 3117 3196 nos
3145 3157 3271 3196 vero
3303 3143 3522 3198 inutiles
3555 3145 3717 3199 homi-

2145 3211 2260 3278 nes,
2293 3211 2556 3269 benedicti
2591 3212 2795 3266 Domini
2826 3211 2987 3278 servi,
3038 3228 3143 3266 non
3171 3227 3361 3276 cornu,
3407 3228 3516 3269 non
3545 3217 3714 3270 oleum

2143 3285 2396 3340 sensibile
2453 3284 2758 3354 accepimus
2801 3300 2813 3336 :
2857 3282 2951 3354 sed
2998 3282 3042 3337 is
3094 3283 3206 3352 ipse
3261 3283 3352 3353 qui
3401 3295 3562 3354 (:iput
3615 3297 3712 3351 est.

2140 3356 2386 3411 excelsus
2409 3364 2465 3410 et
2489 3353 2799 3408 tremendus
2837 3353 3115 3408 descendit
3143 3355 3211 3409 de
3253 3356 3385 3410 ca:lo
3413 3396 3432 3424 ,
3474 3353 3533 3410 et
3576 3357 3714 3412 dedit

2142 3426 2298 3480 nobis
2347 3427 2398 3480 in
2450 3440 2699 3498 manuum
2751 3425 3090 3498 impositione
3115 3424 3373 3498 Spiritum
3411 3442 3598 3498 suum,
3629 3430 3710 3498 qui

2137 3509 2235 3550 ceu
2267 3498 2401 3566 ignis
2426 3495 2568 3550 venit
2597 3495 2655 3566 in
2680 3495 2970 3566 apostolos.
3014 3495 3059 3550 υ
3092 3496 3339 3551 virtutem
3361 3495 3706 3563 ineffabilem,

2142 3583 2261 3635 qum
2289 3564 2502 3637 dignata
2531 3564 2886 3637 estqhabitare
2928 3567 2980 3621 in
3010 3566 3165 3621 nobis
3201 3583 3294 3635 per
3315 3567 3707 3637 impositionem

2136 3635 2392 3692 manuum
2439 3635 2815 3693 sacerdotum!
2861 3636 2904 3690 Ο
2958 3646 3212 3706 quantum
3258 3635 3465 3693 obtinet
3490 3640 3707 3707 gradum

2137 3709 2470 3764 tremendum
2497 3707 2623 3762 illud
2645 3707 3036 3779 sacerdotium?
3069 3708 3258 3779 Beatus
3279 3717 3361 3763 est
3381 3710 3625 3779 quisquis
3657 3712 3703 3764 in

2134 3793 2201 3848 eo
2247 3787 2395 3835 caste
2422 3785 2663 3833 versatur
2700 3789 2753 3832 et
2784 3778 3067 3847 inculpate.
3100 3777 3288 3833 Petrus
3312 3777 3706 3848 qui'vocabatur

2131 3847 2359 3923 Ceplias,
2391 3850 2479 3923 qui
2519 3849 2584 3923 ad
2627 3849 2750 3902 litus
2797 3848 2960 3923 maris
2996 3863 3190 3918 sagcna
3239 3847 3427 3919 captus
3451 3861 3576 3916 est,
3622 3852 3706 3923 qui

2133 3917 2494 3974 testimonium
2549 3917 2650 3991 hoc
2681 3921 2914 3991 accepit
2940 3935 2989 3991 aq
3015 3917 3205 3991 magno
3252 3917 3500 3988 pastore:
3543 3917 3706 3991 Super

2131 3991 2262 4062 hanc
2311 4001 2502 4058 petram
2551 3987 2836 4062 aediﬁcabo
2869 3987 3146 4062 Ecclesium
3175 3987 3336 4045 meam
3365 3991 3583 4062 (Matth.
3618 3987 3699 4048 l6.

2130 4061 2219 4132 l8)
2253 4076 2266 4123 ;
2303 4075 2397 4129 per
2426 4060 2778 4132 sacerdotium
2801 4061 2978 4114 claves
3004 4061 3163 4115 etiam
3198 4060 3454 4132 cariorem
3478 4066 3702 4132 accepit.

2127 4130 2488 4201 Similiterque
2519 4130 2716 4204 Paulus
2741 4131 2866 4184 olim
2901 4143 3249 4204 persequutor
3270 4173 3285 4196 ,
3322 4131 3429 4204 hoc
3458 4130 3702 4204 dignatus

2125 4215 2368 4265 munere,
2395 4199 2492 4256 ceu
2515 4201 2613 4254 alis
2635 4199 2926 4256 instructus
2953 4199 3284 4257 discurrebat
3319 4203 3369 4255 in
3397 4199 3545 4257 terra
3571 4216 3623 4258 ct
3652 4207 3699 4260 iu

2128 4275 2258 4324 mari
2291 4273 2588 4341 prtedicaus
2611 4272 3062 4327 resurrectionem
3091 4284 3446 4332 mortuorum.
3465 4275 3699 4330 Gradum

2127 4341 2420 4414 referamus
2434 4343 2508 4414 ad
2525 4343 2657 4398 Abel
2680 4345 2904 4414 justum,
2932 4344 3019 4412 qui
3047 4345 3098 4397 in
3129 4343 3387 4414 principio
3413 4347 3699 4402 creatimiis

2125 4413 2374 4467 sacerdos
2421 4413 2562 4468 fuit:
2602 4413 2767 4469 etab
2814 4413 2910 4468 illo
2955 4415 3260 4480 discamus,
3302 4413 3456 4483 quod
3502 4416 3620 4484 ipse
3650 4419 3696 4472 in

2119 4483 2383 4552 principio
2427 4485 2652 4539 hostiam
2705 4501 2856 4540 suam
2911 4485 3016 4538 Deo
3054 4483 3455 4542 sacrificaverit.
3499 4487 3694 4542 Annon

2121 4551 2257 4627 ignis
2297 4551 2365 4627 de
2402 4557 2535 4610 caelo
2565 4555 2896 4612 descendens
2937 4555 3162 4627 hostiam
3191 4555 3305 4624 ejus
3325 4560 3697 4627 consumpsit?

2121 4625 2344 4696 Quando
2371 4636 2548 4696 autem
2571 4627 2765 4681 obtulit
2785 4627 2893 4682 Deo
2921 4626 3197 4695 primitias,
3217 4619 3284 4680 ἰιι
3307 4619 3692 4696 aitSrt-ipiura,

2119 4691 2358 4762 Respexit
2408 4695 2550 4750 Deus
2583 4699 2635 4750 in
2684 4698 2899 4750 hostiam
2921 4691 3099 4762 'Abet,
3135 4697 3202 4750 ad
3225 4697 3352 4751 Cain
3387 4691 3559 4750 autem
3595 4691 3691 4754 mni

2117 4767 2334 4835 respexit
2375 4766 2686 4839 (Gen.4.i.
2730 4767 2810 4839 5).
2869 4767 3100 4839 Rursum
3154 4776 3329 4839 autem
3382 4767 3499 4822 Noe
3529 4807 3548 4832 ,
3605 4773 3689 4838 qui

2117 4847 2358 4908 servatus
2400 4849 2484 4890 est
2531 4837 2583 4892 in
2627 4837 2795 4903 arca,
2841 4838 3052 4908 quando
3081 4838 3265 4908 sedata
3307 4850 3390 4893 est
3418 4855 3595 4908 aqua,
3626 4837 3689 4894 θυι

2113 4907 2357 4961 consedit
2409 4909 2496 4961 ille
2548 4910 2599 4962 in
2649 4907 2921 4964 montibus
2966 4912 3192 4972 Ararat,
3240 4907 3343 4964 hoc
3370 4907 3554 4963 statim
3605 4913 3690 4966 ille

2115 4977 2350 5048 suscepit
2373 4979 2752 5046 sacerdotium,
2784 4989 2838 5034 et
2857 4979 3045 5033 obtulit
3075 4979 3299 5033 hostiam
3329 4995 3463 5048 pure
3488 4981 3602 5034 Deo
3635 4983 3686 5035 in

2115 5045 2337 5120 odorem
2391 5050 2688 5104 suavitatis.
2743 5049 3099 5117 Quamobrem
3148 5045 3408 5120 disposuit
3449 5067 3573 5104 cum
3623 5070 3686 5105 eo

2114 5118 2255 5174 Deus
2279 5129 2676 5184 testamentum,
2705 5120 2848 5187 quod
2890 5137 2995 5174 non
3025 5123 3158 5173 ultra
3189 5118 3503 5175 inducturus
3543 5135 3684 5176 esset

2109 5187 2367 5243 diluvium
2395 5205 2568 5258 super
2587 5201 2782 5246 terrain
2814 5204 2831 5244 :
2861 5200 2915 5245 et
2937 5190 3084 5245 dedit
3113 5191 3181 5244 illi
3215 5191 3680 5255 benedictionem,

2112 5268 2169 5313 ut
2190 5270 2457 5316 cresceret
2482 5271 2537 5315 et
2560 5261 3015 5328 multiplicaretur.
3050 5259 3287 5315 Vidistin‘
3317 5263 3423 5316 vim
3461 5263 3682 5316 mirabi-

2110 5330 2213 5384 lem
2245 5332 2566 5386 sacerdotii?
2607 5331 2792 5386 Vidisti
2835 5333 3062 5400 primum
3092 5335 3423 5386 sacerdotem
3452 5333 3586 5388 Abel
3630 5336 3678 5386 in

2109 5400 2276 5467 prima
2304 5403 2591 5465 creatione,
2621 5401 2889 5470 quomodo
2916 5405 3088 5470 ignem
3133 5403 3409 5457 deduxerit
3437 5403 3504 5457 de
3551 5406 3681 5458 emta

2109 5472 2162 5524 in
2191 5481 2384 5526 terram
2415 5489 2509 5542 per
2537 5473 2859 5541 inculpatum
2887 5487 3041 5526 suum
3070 5472 3472 5526 holocaustum?
3493 5473 3678 5527 Vidisti

2107 5557 2317 5595 rursum
2366 5543 2478 5596 Noe
2526 5542 2883 5596 venerandum
2941 5545 3272 5597 sacerdotem
3336 5545 3389 5597 in
3444 5546 3679 5598 secunda

2106 5613 2394 5673 creatione,
2422 5613 2690 5682 quomodo
2718 5614 2855 5668 Deus
2892 5613 3216 5681 diSposuerit
3253 5629 3376 5668 cum
3400 5615 3492 5669 illo
3520 5627 3679 5668 testa-

2109 5686 2387 5737 mentum?
2419 5684 2526 5739 lloc
2554 5683 2678 5738 item
2709 5683 3008 5738 sacerdotio
3023 5683 3289 5737 Abraham
3307 5685 3556 5752 dignatus
3578 5697 3676 5748 est,

2105 5760 2160 5808 et
2186 5754 2375 5809 obtulit
2405 5756 2511 5810 Deo
2541 5755 2706 5823 lsaae,
2736 5755 2936 5810 viscera
2962 5754 3174 5826 propria
3201 5756 3537 5809 sacriﬁcavit.
3575 5755 3676 5810 Illic
