3884 6276
152 338 301 399 I069

150 451 403 509 ostendit
458 450 603 506 Deus
651 448 753 518 ipsi
806 462 1056 519 magnum
1111 448 1427 504 miraculum
1461 489 1476 514 ,
1542 447 1755 503 Domini

152 523 570 595 generationem
619 537 673 574 tn
724 518 960 595 virgulto
1002 518 1175 595 S_abec
1203 559 1218 581 ,
1268 520 1651 595 incrementum
1695 519 1757 595 in

154 589 443 649 momento
462 592 681 653 factum,
705 599 760 645 et
774 589 1201 644 benedictionem
1221 604 1322 658 qua
1346 589 1444 658 ipsi
1460 589 1756 643 benedixit:

159 664 227 719 In
255 664 451 719 semine
476 670 562 716 tuo
588 660 940 732 benedicentur
967 675 1138 732 oumes
1165 668 1335 730 gentes
1373 658 1625 732 \Gen.22.
1649 658 1758 728 I8).

160 736 279 790 Hoc
314 734 443 787 item
466 732 766 787 sacerdotio
791 730 965 785 Moses
988 731 1282 784 honoratus
1307 730 1409 794 est,
1430 743 1548 784 cum
1572 743 1764 783 ascen-

162 806 342 859 disset
386 805 438 857 in
494 810 728 856 montem
784 802 911 855 Sina
958 800 1022 854 ad
1080 800 1281 864 Deum,
1325 799 1475 854 etab
1498 814 1564 854 eo
1594 799 1763 868 legem

160 874 511 941 accepisset:
545 872 889 941 quamobrem
930 871 1256 940 glorificatus
1298 880 1381 924 est
1406 870 1582 925 vultus
1610 871 1725 937 ejus
1746 910 1761 935 ,

162 954 223 999 ut
284 944 411 1013 plus
463 958 619 1013 quam
679 943 758 997 sol
803 950 1108 1011 appareret.
1171 941 1538 1013 _Similiterque
1584 942 1763 994 Aaron

162 1009 753 1082 sacerdotio'dignatus
777 1009 863 1066 est
878 1009 897 1062 ἒ
934 1013 1137 1081 Iegalus
1166 1009 1337 1065 factus
1360 1011 1425 1067 ad
1450 1009 1635 1066 ‘Deum
1666 1026 1765 1082 pro

167 1086 421 1158 peccatis
453 1082 814 1158 popplirliarn
850 1083 1050 1158 Moyses
1073 1090 1117 1135 et
1145 1082 1313 1135 Aaron
1329 1083 1389 1158 in
1406 1081 1769 1158 ⁵εςᾳςερνιίοιξὺιιε

164 1151 284 1225 Ejus
313 1151 489 1227 (Ρεᾳζ.
517 1151 607 1227 98.
641 1153 719 1220 6).
751 1151 954 1227 Eodem
986 1166 1199 1221 quoque
1220 1152 1380 1227 modo
1400 1151 1636 1227 Phinccs
1668 1152 1770 1227 hoc

166 1222 647 1280 venerabilissimo
680 1223 981 1278 sacerdotio
1004 1230 1227 1276 mortem
1256 1222 1455 1291 depulit
1483 1238 1547 1277 ex
1578 1222 1772 1291 populo

168 1299 291 1351 illo.
356 1296 533 1350 Helias
561 1308 692 1350 vero
737 1308 977 1358 rursum,
1024 1294 1122 1347 hoc
1166 1292 1433 1359 inductus,
1488 1292 1768 1347 exauditus

167 1378 260 1424 est
313 1368 369 1421 in
417 1367 539 1435 igne
568 1406 583 1430 ,
636 1374 692 1419 et
723 1364 1041 1435 sacerdotes
1092 1362 1434 1435 turpitudinis
1484 1362 1772 1419 interfecit.

171 1433 464 1493 liiscamus
490 1437 688 1504 itaque,
712 1433 925 1504 fratres,
965 1448 1211 1502 magnam
1239 1433 1629 1502 sublimemque
1654 1448 1775 1489 esse

172 1505 470 1562 sacerdotii
484 1503 1002 1576 dignitatem.Gloria
1018 1504 1382 1576 Unigenito,et
1397 1505 1493 1558 soli
1509 1504 1668 1567 bono,
1683 1505 1773 1573 qui

172 1593 357 1648 ipsam
383 1574 637 1647 apostolis
672 1576 783 1629 suis
814 1574 1079 1648 tradidit,
1104 1574 1204 1648 per
1225 1589 1379 1648 suum
1416 1589 1610 1648 novum
1655 1590 1778 1627 san-

174 1644 443 1717 ctumque
470 1652 870 1708 testamentum,
888 1654 938 1698 ut
960 1645 1114 1699 nobis
1127 1654 1180 1698 et
1193 1644 1291 1712 ipsi
1310 1646 1577 1714 specimen
1594 1654 1774 1717 ostenf

174 1720 338 1784 dant,
367 1720 418 1772 in
444 1717 784 1783 impositione
816 1730 1067 1768 manuum
1104 1729 1321 1769 suarum
1352 1730 1512 1783 super
1537 1729 1652 1779 eos,
1683 1716 1772 1781 qui

175 1790 334 1859 digni
360 1799 504 1843 sunt.
523 1787 723 1842 Omnes
744 1787 924 1859 itaque
952 1800 1067 1859 nos.
1088 1786 1294 1859 sincere
1319 1800 1637 1859 veneremur
1662 1800 1776 1859 eos,

176 1856 273 1930 qui
304 1860 532 1929 gradum
566 1857 850 1930 sacerdotii
874 1856 1136 1930 obtinent.
1156 1856 1406 1930 scientes,
1435 1857 1574 1925 quod
1591 1856 1633 1909 si
1661 1857 1781 1930 quis

184 1925 343 2000 regis
367 1931 569 1984 amicos
595 1927 801 1997 diligat,
834 1942 900 1981 eo
926 1926 1255 2000 ipse‘multo_
1267 1928 1432 2000 magis
1452 1942 1482 1980 a
1508 1940 1633 2000 rege
1656 1925 1781 2000 diti:

176 1996 367 2071 gatur.
394 2001 664 2071 Amemus
702 1996 835 2067 ergo
875 1996 1181 2071 sacerdotes
1223 1996 1355 2071 Dei,
1400 1997 1780 2071 quoniam__illi

178 2066 356 2126 amici
388 2070 478 2124 Dei
502 2082 645 2133 sunt,
674 2080 727 2123 et
753 2082 851 2138 pro
872 2068 1024 2121 nobis
1050 2081 1262 2138 semper
1290 2067 1646 2138 intercedunt.
1673 2066 1782 2120 Ho-

179 2157 327 2196 nora
361 2140 692 2204 sacerdotes,
720 2137 1018 2207 adimplens
1050 2140 1151 2192 hoc
1176 2137 1371 2191 Christi
1410 2146 1734 2206 prmceptum
1766 2154 1779 2192 :

185 2213 297 2280 Qui
337 2210 522 2291 _recipit
549 2210 846 2291 praphetcpt
890 2209 944 2291 in
973 2208 1478 2291 noritiire‘proplietw,
1508 2207 1786 2289 mercedem

187 2277 459 2354 oropheue
493 2277 704 2354 accipiet
737 2278 948 2354 (Manil.
997 2279 1083 2333 10,
1114 2277 1228 2354 si).
1278 2279 1337 2333 Si
1383 2294 1515 2354 vero
1543 2279 1787 2354 quemvis

185 2348 534 2408 sacerdOtem
566 2348 779 2421 ignores
806 2365 871 2403 an
892 2350 1086 2419 dignus
1106 2348 1301 2421 sithoc
1333 2348 1523 2421 gradu,
1558 2365 1625 2421 an
1655 2349 1789 2403 indi—

182 2440 355 2494 gnus,
379 2433 455 2494 ctu
493 2424 563 2477 ob
580 2419 783 2494 Christi
813 2428 1134 2494 praeceptum
1172 2435 1239 2494 ne
1265 2420 1550 2494 despiciasr
1585 2419 1786 2494 Quem-

182 2490 485 2549 admodum
505 2492 646 2547 enim
669 2506 853 2544 aurum
872 2506 992 2544 cum
1025 2491 1135 2544 luto
1163 2490 1389 2545 mixtum
1415 2505 1521 2545 non
1539 2491 1773 2556 laeditur,

188 2580 379 2636 neque
405 2563 682 2636 splendida
714 2562 995 2636 margarita
1019 2570 1269 2636 mutatur.
1298 2561 1512 2636 quando
1541 2576 1660 2615 cum
1694 2560 1787 2613 im-

188 2630 350 2707 puris
368 2630 684 2707 quibusdam
715 2630 994 2707 speciebus
1017 2632 1389 2707 conjungitun;
1414 2630 1600 2686 eodem
1628 2646 1785 2707 pror-

188 2700 288 2761 sus
343 2700 504 2760 modo
556 2700 913 2758 sacerdotium
966 2717 997 2757 a
1055 2700 1438 2756 nullo’sordes
1487 2700 1788 2765 contrahit,

187 2777 447 2847 quamvis
473 2772 732 2847 indiguus
770 2772 932 2847 fuerit
984 2815 1012 2847 ,_
1045 2774 1134 2843 qui
1178 2772 1306 2847 illud
1346 2772 1556 2847 accipit.
1590 2771 1645 2825 Si
1673 2772 1790 2847 quis

190 2841 366 2917 porro
392 2847 445 2917 in
473 2841 841 2917 hanc'iugredi
871 2841 1185 2917 dignitatem
1216 2842 1408 2912 dignus
1426 2841 1639 2917 habitus
1662 2842 1787 2917 lue-

191 2912 293 2984 rit,
328 2918 379 2971 in
404 2916 599 2985 illaque
622 2914 781 2983 digne
800 2923 856 2969 et
879 2912 1146 2985 inculpata
1175 2912 1514 2985 processerit,
1537 2928 1602 2966 ea
1626 2913 1787 2985 vitam

193 2982 287 3044 illi
305 2982 629 3042 conciliatet
656 2982 910 3039 coronam
935 2984 1320 3053 incorruptam.
1338 2982 1393 3039 Si
1416 2984 1537 3053 quis
1562 2997 1691 3038 vero
1711 2982 1793 3036 in-

194 3062 366 3129 digne
390 3058 443 3111 in
490 3056 635 3129 illam
663 3071 732 3129 ser
768 3055 1013 3129 ingerere
1044 3069 1229 3129 ausus
1250 3054 1426 3129 fuerit,
1461 3053 1794 3129 i_s__teneb_ras

194 3123 303 3185 sibi
333 3127 630 3184 exteriores
646 3134 701 3181 et
716 3123 972 3195 judicium
990 3125 1325 3195 implacabile
1340 3124 1607 3179 conciliat.
1636 3123 1792 3178 Aliud

199 3202 302 3255 tibi
333 3198 640 3267 exemplum
680 3211 991 3267 proponant,
1024 3211 1056 3267 o
1084 3195 1262 3261 homo,
1303 3205 1360 3249 ut
1392 3212 1458 3249 ne
1504 3210 1610 3267 prae
1639 3208 1794 3247 arro-

193 3270 382 3341 gantia
396 3266 687 3341 sacerdotii
707 3266 942 3341 gradum
952 3266 1173 3341 indigne
1189 3281 1401 3321 sumere
1420 3266 1619 3341 audeas
1635 3284 1649 3319 :
1664 3278 1796 3341 quo-

197 3336 352 3396 niam
388 3340 497 3394 Deo
540 3354 644 3390 non
679 3336 889 3407 placent
932 3337 987 3400 ii,
1020 3338 1109 3406 qui
1140 3345 1453 3407 arroganter
1498 3336 1792 3407 ordinatio:

198 3426 334 3466 nem
376 3405 877 3478 accipiunUNosce
926 3405 1082 3474 igitur
1119 3406 1245 3477 quid
1271 3405 1429 3476 'passi
1468 3407 1575 3460 sint
1616 3407 1672 3478 ii,
1705 3405 1795 3478 qui

197 3482 373 3554 Moysi
405 3490 460 3536 et
486 3477 680 3533 Aaroni
724 3478 1184 3544 contradixerunt,
1233 3487 1288 3532 et
1327 3492 1450 3533 cum
1497 3477 1786 3548 petulantia

986 332 1259 395 CHRISTI
1297 333 1706 393 DISCIPUIMM
1745 331 2093 392 BENIGNUEH
2134 334 2299 393 ESSE
2338 336 2633 396 DEBERE.

3208 331 3218 341 ’
3310 341 3446 398 1070

1866 448 2204 521 impudenter
2230 459 2286 505 et
2308 462 2620 521 arroganter
2657 452 2767 508 Deo
2805 454 3078 511 incensum
3117 455 3309 513 offerre
3339 474 3445 515 non

1866 520 2198 595 dubitarunt.
2229 523 2428 595 Annon
2442 520 2599 592 ignis
2625 540 2812 580 omnes
2840 529 3190 595 consumpsit,
3214 544 3279 583 eo
3304 531 3445 595 quod

1870 591 1983 644 ausi
2014 599 2195 668 essent
2216 591 2277 668 in
2301 591 2523 661 gradum
2571 595 2717 668 illum
2745 611 2817 668 se
2866 591 3129 666 ingerere,
3173 613 3279 668 quo
3304 591 3447 667 digni

1871 676 1977 714 non
2005 662 2194 737 erant?
2216 661 2449 737 Rursum
2479 678 2605 737 vero
2629 663 2787 719 Maria
2816 661 3145 735 prophetissa
3171 661 3288 731 Dei,
3308 661 3445 737 quod

1870 731 2108 801 pauculis
2129 732 2308 807 verbis
2344 732 2516 807 Moysi
2557 735 2693 789 circa
2726 731 3081 792 sacerdotium
3123 731 3447 807 exprobras-

1870 809 1972 866 set,
2009 808 2215 877 tantum
2246 802 2598 877 abAltissimo
2625 808 2839 873 pertulit
2865 802 3230 877 opprobrium,
3275 819 3333 862 ut
3372 810 3448 863 le-

1872 872 2211 948 pra_cat_idens
2225 881 2429 948 septem
2451 873 2639 948 diebus
2656 884 2803 930 extra
2824 872 2991 932 castra
3010 890 3281 948 segregata
3299 895 3452 933 man-

1872 942 2023 997 serit.
2049 942 2199 997 Nunc
2224 944 2425 1012 itaque.
2454 943 2665 1009 fratres,
2694 957 2840 1003 caste
2870 947 2921 1001 in
2951 942 3249 1004 sacerdotio
3271 966 3454 1004 versa-

1874 1013 2025 1086 mini,
2069 1013 2335 1086 imitantes
2375 1014 2632 1086 Moysem,
2680 1018 2942 1071 Aaronem
2990 1028 3043 1073 et
3090 1020 3398 1074 Eleazarum
3435 1037 3449 1073 :

1876 1082 2050 1161 hosce
2088 1085 2201 1161 pios
2243 1082 2546 1161 sacerdotes
2585 1089 2981 1161 contemplare,
3025 1089 3292 1161 quomodo
3344 1106 3444 1161 per

1876 1154 2005 1208 illud
2037 1154 2279 1232 hostium
2296 1164 2470 1209 castra
2498 1153 2819 1232 depulerintl
2846 1153 3454 1232 Iloc’munitushioy'sos

1877 1225 2129 1300 expandit
2152 1225 2219 1300 ad
2249 1225 2416 1280 Deum
2448 1240 2655 1300 manus,
2675 1240 2725 1300 et
2751 1229 2971 1300 Amalec
2998 1230 3272 1300 insanabili
3304 1225 3456 1300 plaga

1877 1294 2116 1371 confodit
2142 1312 2155 1348 :
2184 1295 2287 1350 hoc
2313 1296 2628 1371 praecinctus
2647 1298 2914 1371 Abraham
2943 1315 3097 1371 reges
3126 1294 3454 1371 profligavit:

1880 1363 1984 1419 hoc
2014 1376 2287 1425 assumpto
2324 1365 2675 1421 Melchisedec
2700 1368 2931 1423 Abrahae
2973 1363 3245 1425 bcnedixit
3274 1363 3460 1425 Excel-

1880 1435 2008 1511 lenti
2039 1435 2657 1511 benedictione._Dignus
2686 1437 2897 1511 h_abitus
2916 1455 2995 1503 es,
3018 1440 3206 1505 frater,
3229 1442 3318 1510 qui
3340 1455 3466 1511 gra-

1882 1506 2008 1581 dum
2038 1506 2321 1581 sacerdotii
2346 1507 2661 1581 acciperes?
2696 1508 2834 1562 Cura
2859 1519 2916 1581 ut
2946 1511 3158 1579 placeas
3183 1506 3262 1573 ei,
3286 1506 3375 1581 qui
3407 1520 3461 1566 te

1882 1576 1934 1629 in
1963 1576 2259 1649 exercitum
2296 1578 2598 1649 adscripsit,
2645 1579 2699 1632 in
2743 1576 3008 1646 castitate,
3045 1581 3097 1636 in
3140 1576 3365 1649 justitia,
3408 1582 3463 1635 in

1882 1646 2141 1721 sapientia
2170 1647 2464 1721 _spirittt_al_i_,
2504 1658 2560 1702 et
2598 1649 2951 1721 inrsplendida
2981 1646 3305 1721 virginitate.
3333 1651 3465 1706 Esto

1882 1717 2076 1771 ardens
2106 1718 2221 1791 z_clo
2251 1726 2307 1791 ut
2337 1718 2535 1785 Ilelias,
2577 1719 2834 1791 sollicitus
2868 1730 2925 1774 ut
2950 1717 3232 1788 Jereinias,
3258 1724 3466 1791 ten:pe-'

1886 1803 2013 1861 rans
2034 1797 2096 1861 ut
2120 1787 2341 1857 Joseph,
2379 1800 2559 1843 castus
2585 1798 2644 1843 ut
2696 1788 2852 1844 Iesus
2892 1790 3057 1859 Nave,
3101 1787 3386 1861 hospitalis
3408 1798 3467 1846 ut

1887 1858 2177 1933 Abraham,
2200 1874 2383 1933 amore
2409 1861 2596 1933 plenus
2622 1868 2680 1914 ut
2703 1861 2886 1933 David,
2912 1870 2967 1915 et
2986 1864 3130 1915 mitis
3148 1858 3464 1933 ut—Moyses.

1888 1928 2168 2002 Errantem
2194 1929 2373 1992 reduc,
2400 1930 2648 2002 claudum
2677 1930 2851 2002 alliga,
2883 1932 3084 2002 lapsum
3107 1933 3273 2002 erige,
3308 1928 3463 1987 inﬁr-

1887 2015 2003 2053 mos
2032 1999 2263 2073 suscipe,
2295 2008 2351 2054 et
2376 2000 2481 2073 his
2507 2001 2717 2073 similia
2745 1999 3317 2073 facitofObstupésco,
3357 2002 3464 2056 fra-

1889 2078 2017 2142 tres,
2064 2069 2188 2125 dum
2235 2070 2522 2142 considero
2569 2071 2928 2140 insipientium
2969 2069 3321 2142 quorumdam
3370 2086 3463 2126 au-

1887 2140 2117 2211 daciam,
2155 2141 2245 2211 qui
2286 2142 2622 2211 impudenter
2665 2152 2719 2197 et
2760 2140 3060 2211 petulanter
3107 2143 3468 2199 sacerdotium

1890 2209 2108 2284 adeunt.
2136 2209 2241 2265 non
2267 2209 2437 2266 vocati
2467 2228 2495 2265 a
2521 2213 2689 2282 gratia
2717 2209 2933 2280 Christi,
2960 2215 3263 2284 ignorantes
3287 2228 3348 2269 se
3368 2212 3470 2270 sibi

1892 2283 2066 2351 ignem
2112 2291 2167 2336 et
2205 2293 2433 2337 mortem
2482 2284 2707 2337 miseros
2755 2283 3109 2339 consciscere.
3157 2283 3272 2339 Non
3299 2285 3471 2338 solum

1890 2352 2012 2425 dico
2038 2352 2155 2425 tibi,
2173 2368 2206 2407 o
2234 2353 2415 2419 homo,
2444 2369 2510 2425 ne
2529 2353 2886 2409 sacerdotium
2911 2355 3208 2425 petulanter
3224 2368 3471 2420 usurpes,

1892 2424 1986 2478 sed
2014 2424 2173 2477 etiam
2204 2438 2269 2477 ne
2310 2424 2578 2493 quidpiam
2607 2439 2685 2477 ~ex
2721 2425 2864 2480 vasis
2909 2424 3259 2481 sacratissimi
3298 2425 3477 2481 cultus

1892 2494 2216 2566 contingas,
2242 2493 2380 2566 Num
2424 2493 2575 2566 forte
2611 2495 2781 2566 legisti
2817 2495 2950 2566 quid
3002 2511 3189 2566 passus
3226 2497 3297 2550 sit
3332 2496 3472 2560 Oza,

1893 2564 2104 2647 quando
2122 2564 2301 2647 tetigit
2338 2579 2519 2645 arcam
2550 2564 2685 2647 Dei?
2727 2564 2894 2647 Ilujus
2932 2564 3145 2647 semper
3182 2575 3474 2647 memento,

1894 2631 2057 2688 frater
2104 2631 2325 2700 dilecte,
2370 2634 2516 2705 vocis
2573 2631 2865 2702 Altissimi,
2910 2636 2979 2691 ab
3019 2631 3152 2691 Isaia
3218 2635 3475 2705 prepbeta

1894 2706 2123 2767 emissas,
2152 2720 2272 2774 quae
2319 2705 2396 2759 sic
2424 2704 2619 2759 habet:
2649 2705 2820 2776 Super
2841 2722 2990 2774 quem
3026 2704 3479 2776 requiescanttnisi

1893 2792 2047 2849 super
2064 2776 2233 2849 mitram
2261 2786 2307 2829 et
2331 2776 2583 2849 humilem
2608 2784 2653 2829 et
2680 2775 2968 2849 trementem
2996 2777 3146 2849 verba
3170 2792 3281 2830 mea
3322 2775 3474 2849 (hui.

1895 2846 1983 2901 66.
2009 2846 2046 2899 2
2074 2845 2132 2915 )?
2164 2846 2339 2917 Hujus”
2357 2862 2570 2915 semper
2596 2845 2847 2917 praecepti
2873 2848 3238 2911 reminiscere,
3267 2845 3475 2915 etpos-

1895 2918 2010 2971 side
2047 2917 2197 2985 quasi
2240 2916 2582 2983 thesaurum,
2626 2918 2810 2971 mitem
2852 2918 3262 2988 cogitationem,
3308 2927 3368 2971 ut
3404 2917 3477 2970 ita

1898 2989 2069 3058 possis
2089 2988 2439 3057 spiritualiter
2458 2988 2748 3042 ascendere
2778 2988 2829 3042 in
2847 3004 3133 3058 supernam
3158 2988 3477 3051 Jerusalem,

1899 3068 1955 3112 et
1983 3057 2185 3112 hostias
2213 3059 2515 3128 spirituales
2544 3058 2737 3113 offerre
2780 3059 2892 3129 regi
2917 3057 2974 3115 et
3014 3060 3124 3115 Deo
3151 3060 3203 3113 in
3248 3073 3483 3128 superno

1899 3129 2075 3191 altari,
2100 3129 2187 3184 ubi
2219 3138 2505 3201 nectuntur
2527 3143 2740 3184 coronze
2764 3129 3199 3201 incorruptionis.
3227 3129 3406 3199 Ibique
3429 3129 3480 3183 in

1901 3210 2187 3268 conspectu
2228 3200 2537 3269 angelorum
2593 3208 2645 3255 te
2699 3201 2942 3255 Christus
2988 3200 3242 3255 'redimiet
3282 3214 3482 3255 corona

1900 3270 2337 3336 immortalitatis,
2369 3280 2426 3327 et
2448 3287 2570 3325 cum
2599 3273 2847 3337 supernis
2893 3273 3216 3327 exercitibus
3242 3270 3481 3327 cantabis

1903 3342 2276 3410 triumphalem
2300 3340 2556 3412 hymnum
2583 3352 2783 3398 sancta:
2804 3342 3071 3411 Trinitati,
3092 3345 3142 3397 iit
3164 3342 3357 3399 saecula
3382 3356 3484 3396 sa:-

1902 3412 2167 3467 culorum.
2192 3413 2387 3467 Amen.

1055 3764 1138 3827 IN
1196 3757 1680 3836 SEQUENTEM
1741 3756 2188 3818 SERMONEM
2245 3756 2652 3822 MONITUM.

302 3865 418 3924 Hoc
449 3867 773 3939 opusculum
799 3866 911 3937 jam
942 3865 1152 3937 pridem
1198 3863 1343 3919 inter
1391 3859 1574 3931 spuria
1601 3859 1727 3929 jure
1756 3856 2065 3927 ablegatum
2107 3854 2277 3911 fuisse
2326 3872 2491 3913 nemo
2546 3859 2788 3929 prudens
2835 3878 2945 3918 non
3001 3864 3247 3922 censebit
3285 3880 3302 3922 :
3351 3877 3483 3920 nam

211 3960 366 4033 ston
410 3960 617 4032 χυδαιῳ
661 3960 950 4030 scriptum,
988 3955 1127 4011 nihil
1180 3969 1293 4025 praa
1337 3967 1397 4008 se
1430 3950 1551 4018 “fert
1601 3948 1766 4014 salis,
1812 3947 1948 4004 nihil
2006 3961 2299 4004 nervorum
2342 3968 2357 4004 :
2393 3960 2586 4022 estque
2626 3966 2853 4022 prorsus
2895 3956 3288 4029 Cbrysostomo
3336 3956 3483 4015 indi-
3546 3988 3551 3993 ι

262 4070 422 4108 num.

262 4070 422 4108 num.

218 4070 259 4126 8
297 4142 679 4212 lnterpretatio
717 4139 911 4196 Latina
932 4147 1017 4195 est
1041 4136 1337 4194 Frontonis
1362 4133 1563 4189 Ducai.

1412 4393 1894 4467 EJUSDEM
1941 4392 2303 4468 SERMO

391 4563 475 4605 DE
525 4564 648 4609 HOC
690 4566 1103 4624 ABGUMENTO,
1134 4566 1355 4611 BONUM
1396 4564 1651 4610 CHRISTI
1694 4564 2077 4609 DISCIPULUM
2121 4563 2451 4607 BENIGNUM
2496 4561 2661 4617 ESSE,
2705 4558 2919 4613 NEQUE
2960 4556 3109 4604 CI'I‘O
3151 4555 3380 4602 IILSCI.

1731 4690 2048 4746 ἕψω

299 4824 358 4880 In
393 4825 693 4899 Evangeliis
736 4827 893 4884 docet
938 4844 1034 4885 nos
1067 4830 1275 4885 Domini
1316 4829 1494 4885 divina
1538 4844 1663 4895 vox,
1689 4846 1809 4899 qua:

221 4897 398 4965 legem
430 4896 707 4965 adimplet,
742 4915 844 4953 non
875 4899 1120 4965 destruit,
1162 4910 1223 4955 ut
1249 4917 1315 4956 ne
1342 4903 1633 4956 irascamur
1662 4896 1811 4955 fratri

222 4911 398 5017 regem
430 4911 707 4965 adimplet,
742 4915 844 4953 non
875 4911 1120 4965 destruit,
1162 4911 1223 4955 ut
1249 4917 1315 4956 ne
1342 4911 1633 4956 irascamur
1662 4911 1811 4955 fratri

222 4966 281 5040 (ll
312 4968 524 5040 nllltiﬁ.
552 4968 671 5036 ‘21):
706 4978 760 5023 et
782 4969 881 5023 hac
909 4971 1180 5025 additione
1216 4972 1473 5026 orationis
1502 4972 1812 5040 adimplevit

221 5036 378 5103 illud,
419 5036 535 5110 Non
577 5040 794 5105 occides,
826 5041 994 5110 ipsam
1046 5042 1312 5096 homicidii
1344 5042 1575 5096 radicem
1624 5036 1815 5095 exstir-

224 5121 381 5175 pans,
430 5109 729 5181 etiinterius
750 5109 1190 5181 eor’expurgans,
1228 5127 1334 5168 non
1364 5127 1551 5167 manus
1576 5114 1812 5167 exterius

223 5186 453 5231 tantum.
490 5180 695 5253 Etenim
734 5196 946 5249 ptenam
976 5180 1285 5252 proposuit,
1319 5199 1422 5237 non
1451 5183 1662 5253 quidem
1693 5194 1812 5236 tan-

223 5259 355 5311 tam,
384 5250 777 5322 qu_antam__lex,
809 5267 841 5306 e
865 5250 1088 5322 vestigio
1111 5250 1585 5322 prementem,'sed
1612 5254 1814 5322 judicio

173 5322 199 5343 ‘
221 5319 583 5383 statuendam,
615 5319 848 5394 dicens;
875 5322 990 5394 Qui
1005 5319 1145 5394 cnim
1161 5325 1393 5394 irascitur
1422 5325 1571 5394 fratri
1591 5319 1683 5377 suo
1707 5323 1815 5377 sine

221 5403 398 5463 contra.
443 5406 559 5444 reus
595 5391 688 5463 erit
714 5392 917 5460 judicio
943 5391 1047 5461 (Ib.
1072 5409 1118 5447 υ.
1151 5392 1269 5463 25):
1302 5391 1582 5449 non'enim
1611 5396 1815 5449 celeres

222 5456 539 5535 inﬂiguntur
570 5477 599 5535 _a
628 5456 842 5517 Christo
879 5456 1073 5532 pietate,
1103 5456 1239 5519 sicut
1268 5466 1318 5518 in
1358 5465 1495 5535 lege,
1528 5465 1621 5519 sed
1648 5466 1813 5520 multa

221 5535 310 5603 est
339 5530 748 5603 retributionum
772 5547 840 5587 ex
859 5530 1012 5603 reque
1041 5534 1225 5588 dilatio
1252 5552 1265 5587 :
1298 5530 1551 5589 cancrum
1575 5545 1815 5591 tremen—

222 5595 352 5674 dum
378 5602 726 5674 consequitur
744 5595 937 5658 exinde
958 5606 1295 5674 supplicium.

304 5667 400 5751 hci
424 5667 800 5751 longanimitas.
833 5703 904 5713 —
924 5667 1381 5751 Quemadmodum
1410 5678 1608 5747 majora
1642 5677 1815 5751 impe-

222 5751 329 5806 rat,
359 5744 436 5795 sic
465 5749 520 5796 et
556 5744 726 5812 major
781 5752 864 5801 est
908 5744 1027 5816 ejus
1070 5746 1443 5820 longanimitas
1467 5744 1508 5816 ,⁷
1529 5748 1812 5821 cordisque

1920 4828 2233 4884 munditiam
2276 4828 2520 4898 requirit,
2559 4842 2719 4897 quam
2748 4843 2853 4882 non
2892 4826 2993 4881 nisi
3024 4841 3145 4898 cum
3184 4822 3497 4898 difficultate

1918 4902 2037 4969 quis
2077 4900 2178 4955 sibi
2223 4893 2468 4969 acquirit.
2497 4893 2854 4965 Quamobrem
2886 4898 3090 4969 licetin
3122 4893 3502 4969 iraminduca-

1920 4966 2060 5035 mur,
2088 4985 2192 5024 non
2225 4986 2256 5024 e
2272 4966 2493 5039 vestigio
2511 4969 2665 5039 punit
2691 4986 2704 5022 :
2724 4968 2769 5021 si
2795 4970 2937 5023 enim
2951 4968 3129 5022 subito
3156 4966 3390 5037 puniret,
3411 4979 3507 5034 per

1922 5042 2291 5110 pmnitcntiam
2330 5042 2541 5095 resilire
2578 5054 2683 5093 non
2726 5040 2946 5110 liceret;
2978 5048 3257 5109 propterea
3292 5050 3507 5110 patriam

1918 5107 2115 5175 diilert,
2154 5121 2215 5167 ut
2255 5111 2409 5165 nobis
2432 5121 2641 5180 tempus
2678 5109 2744 5164 ad
2770 5107 3134 5177 paenitentiam
3165 5107 3505 5168 concedatur,

1918 5191 1977 5236 ttt
2001 5183 2090 5252 qui
2123 5182 2236 5237 heri
2265 5182 2413 5252 fratri
2445 5183 2611 5235 iratus
2634 5189 2737 5245 est,
2770 5180 2928 5235 hodie
2966 5180 3334 5252 paenitentiam
3364 5186 3504 5252 agat,

1918 5265 1971 5308 et
1996 5248 2205 5321 pactum
2230 5251 2491 5323 quoddam
2521 5266 2704 5306 secum
2731 5252 2892 5316 ineat,
2917 5248 2992 5305 uti
3022 5266 3087 5305 ne
3112 5250 3261 5323 fratri
3285 5248 3512 5323 amplius

1922 5314 2203 5399 irascatur,
2221 5314 2276 5399 c't
2301 5323 2696 5399 quadamtenus
2715 5314 2917 5377 similes
2940 5324 3051 5378 Deo
3080 5314 3513 5399 reddamnriyos

1920 5395 2063 5449 enim
2095 5395 2291 5448 sensim
2317 5390 2383 5446 ab
2408 5394 2493 5457 iis,
2509 5409 2628 5462 quae
2648 5394 2809 5447 vitam
2831 5402 3066 5447 nostram
3092 5407 3122 5445 a
3139 5392 3228 5445 Dei
3259 5390 3478 5445 similitu
3495 5415 3520 5427 -

1924 5465 2047 5519 dine
2093 5465 2371 5527 alienant,
2421 5473 2771 5529 transmutat,
2833 5474 2887 5518 et
2931 5464 2997 5518 ad
3047 5463 3401 5528 honestatem,
3453 5472 3519 5510 ac

1923 5533 2369 5608 pulchritudinem
2407 5546 2613 5608 natura:
2642 5535 3051 5608 convenientem
3079 5542 3199 5603 post
3234 5533 3376 5586 hunc
3401 5537 3515 5608 sta-

1922 5614 2032 5659 tum
2063 5606 2308 5660 traducit.
2343 5605 2420 5660 Ad
2450 5606 2500 5660 id
2543 5620 2790 5675 namque,
2822 5606 2963 5675 quod
2992 5616 3203 5675 natura:
3241 5605 3511 5661 convenit,

1921 5675 2237 5731 deducimur
2265 5718 2278 5740 ,
2311 5687 2365 5732 et
2393 5677 2458 5751 ad
2490 5675 2653 5751 divini
2684 5674 2913 5751 Spiritus
2940 5674 3371 5751 communionem
3399 5709 3419 5749 ε
3445 5682 3511 5723 ac

1924 5763 2213 5819 perennem
2248 5763 2370 5805 cum
2404 5749 2514 5805 Deo
2542 5740 2741 5817 vitam;
2768 5747 2893 5803 dum
2924 5745 2993 5802 de
3017 5745 3080 5803 iis
3106 5744 3265 5801 rebus
3284 5740 3509 5796 dimica.
