  <div class='ocr_page' id='page_1' title='image "/cluster/home/n/w/nwhite01/storage/ocr_20150623/48/hvd.32044014784250/553.png"; bbox 0 0 3884 6276; ppageno 0'>
   <div class='ocr_carea' id='block_1_1' title="bbox 314 300 534 393">
    <p class='ocr_par' dir='ltr' id='par_1_1' title="bbox 314 300 534 393">
     <span class='ocr_line' id='line_1_1' title="bbox 314 300 534 393; baseline -0.005 0"><span class='ocrx_word' id='word_1_1' title='bbox 314 300 316 302; x_wconf 43' lang='grc'>’</span> <span class='ocrx_word' id='word_1_2' title='bbox 406 333 534 393; x_wconf 76' lang='lat' dir='ltr'><strong>ton</strong></span> 
     </span>
    </p>
   </div>
   <div class='ocr_carea' id='block_1_2' title="bbox 407 446 1987 517">
    <p class='ocr_par' dir='ltr' id='par_1_2' title="bbox 407 446 1987 517">
     <span class='ocr_line' id='line_1_2' title="bbox 407 446 1987 517; baseline -0.007 -11"><span class='ocrx_word' id='word_1_3' title='bbox 407 469 546 515; x_wconf 81' lang='lat' dir='ltr'><strong>inus.</strong></span> <span class='ocrx_word' id='word_1_4' title='bbox 580 450 932 507; x_wconf 82' lang='lat' dir='ltr'><strong>Attendamus</strong></span> <span class='ocrx_word' id='word_1_5' title='bbox 987 448 1140 505; x_wconf 90' lang='lat' dir='ltr'><strong>nobis</strong></span> <span class='ocrx_word' id='word_1_6' title='bbox 1169 446 1319 517; x_wconf 82' lang='lat' dir='ltr'><strong>ipsis,</strong></span> <span class='ocrx_word' id='word_1_7' title='bbox 1360 460 1535 516; x_wconf 89' lang='lat' dir='ltr'><strong>neque</strong></span> <span class='ocrx_word' id='word_1_8' title='bbox 1561 459 1626 500; x_wconf 75' lang='lat' dir='ltr'><strong>ex</strong></span> <span class='ocrx_word' id='word_1_9' title='bbox 1678 451 1987 517; x_wconf 84' lang='lat' dir='ltr'><strong>contemptu</strong></span> 
     </span>
    </p>
   </div>
   <div class='ocr_carea' id='block_1_3' title="bbox 411 513 1991 592">
    <p class='ocr_par' dir='ltr' id='par_1_3' title="bbox 411 513 1991 592">
     <span class='ocr_line' id='line_1_3' title="bbox 411 513 1991 592; baseline -0.006 -18"><span class='ocrx_word' id='word_1_10' title='bbox 411 513 546 592; x_wconf 73' lang='lat' dir='ltr'><strong>opus</strong></span> <span class='ocrx_word' id='word_1_11' title='bbox 575 522 733 590; x_wconf 85' lang='lat' dir='ltr'><strong>hujus</strong></span> <span class='ocrx_word' id='word_1_12' title='bbox 759 521 953 592; x_wconf 72' lang='lat' dir='ltr'><strong>divina:</strong></span> <span class='ocrx_word' id='word_1_13' title='bbox 978 513 1341 592; x_wconf 75' lang='lat' dir='ltr'><strong>similitudinis</strong></span> <span class='ocrx_word' id='word_1_14' title='bbox 1362 513 1701 592; x_wconf 67' lang='lat' dir='ltr'><strong>deStruamus</strong></span> <span class='ocrx_word' id='word_1_15' title='bbox 1720 555 1734 578; x_wconf 89' lang='lat'><strong>,</strong></span> <span class='ocrx_word' id='word_1_16' title='bbox 1758 528 1830 592; x_wconf 71' lang='lat' dir='ltr'><strong>ee</strong></span> <span class='ocrx_word' id='word_1_17' title='bbox 1850 513 1991 592; x_wconf 79' lang='lat' dir='ltr'><strong>quod</strong></span> 
     </span>
    </p>
   </div>
   <div class='ocr_carea' id='block_1_4' title="bbox 414 583 1993 647">
    <p class='ocr_par' dir='ltr' id='par_1_4' title="bbox 414 583 1993 647">
     <span class='ocr_line' id='line_1_4' title="bbox 414 583 1993 647; baseline -0.006 -1"><span class='ocrx_word' id='word_1_18' title='bbox 414 583 617 647; x_wconf 80' lang='lat' dir='ltr'><strong>nioram</strong></span> <span class='ocrx_word' id='word_1_19' title='bbox 645 583 804 647; x_wconf 69' lang='lat' dir='ltr'><strong>iaciat</strong></span> <span class='ocrx_word' id='word_1_20' title='bbox 829 591 1011 647; x_wconf 90' lang='lat' dir='ltr'><strong>venire</strong></span> <span class='ocrx_word' id='word_1_21' title='bbox 1037 589 1294 645; x_wconf 86' lang='lat' dir='ltr'><strong>Dominus</strong></span> <span class='ocrx_word' id='word_1_22' title='bbox 1339 606 1352 642; x_wconf 91' lang='lat'><strong>:</strong></span> <span class='ocrx_word' id='word_1_23' title='bbox 1383 603 1454 643; x_wconf 92' lang='lat' dir='ltr'><strong>ne</strong></span> <span class='ocrx_word' id='word_1_24' title='bbox 1482 585 1625 642; x_wconf 86' lang='lat' dir='ltr'><strong>inani</strong></span> <span class='ocrx_word' id='word_1_25' title='bbox 1665 598 1764 640; x_wconf 87' lang='lat' dir='ltr'><strong>nos</strong></span> <span class='ocrx_word' id='word_1_26' title='bbox 1802 583 1993 637; x_wconf 86' lang='lat' dir='ltr'><strong>fiducia</strong></span> 
     </span>
    </p>
   </div>
   <div class='ocr_carea' id='block_1_5' title="bbox 413 653 1993 731">
    <p class='ocr_par' dir='ltr' id='par_1_5' title="bbox 413 653 1993 731">
     <span class='ocr_line' id='line_1_5' title="bbox 413 653 1993 731; baseline -0.004 -16"><span class='ocrx_word' id='word_1_27' title='bbox 413 661 678 727; x_wconf 87' lang='lat' dir='ltr'><strong>fallamus,</strong></span> <span class='ocrx_word' id='word_1_28' title='bbox 697 671 756 716; x_wconf 88' lang='lat' dir='ltr'><strong>ut</strong></span> <span class='ocrx_word' id='word_1_29' title='bbox 785 661 994 718; x_wconf 86' lang='lat' dir='ltr'><strong>Domini</strong></span> <span class='ocrx_word' id='word_1_30' title='bbox 1021 670 1286 731; x_wconf 73' lang='lat' dir='ltr'><strong>prtecepta</strong></span> <span class='ocrx_word' id='word_1_31' title='bbox 1313 658 1607 731; x_wconf 70' lang='lat' dir='ltr'><strong>violemus,</strong></span> <span class='ocrx_word' id='word_1_32' title='bbox 1639 671 1772 731; x_wconf 79' lang='lat' dir='ltr'><strong>neve</strong></span> <span class='ocrx_word' id='word_1_33' title='bbox 1796 653 1993 731; x_wconf 85' lang='lat' dir='ltr'><strong>despe-</strong></span> 
     </span>
    </p>
   </div>
   <div class='ocr_carea' id='block_1_6' title="bbox 415 725 1991 799">
    <p class='ocr_par' dir='ltr' id='par_1_6' title="bbox 415 725 1991 799">
     <span class='ocr_line' id='line_1_6' title="bbox 415 725 1991 799; baseline -0.006 -12"><span class='ocrx_word' id='word_1_34' title='bbox 415 743 596 789; x_wconf 87' lang='lat' dir='ltr'><strong>rantes</strong></span> <span class='ocrx_word' id='word_1_35' title='bbox 623 725 765 787; x_wconf 82' lang='lat' dir='ltr'><strong>istud</strong></span> <span class='ocrx_word' id='word_1_36' title='bbox 795 748 893 788; x_wconf 89' lang='lat' dir='ltr'><strong>nos</strong></span> <span class='ocrx_word' id='word_1_37' title='bbox 920 725 1177 799; x_wconf 76' lang='lat' dir='ltr'><strong>consequi</strong></span> <span class='ocrx_word' id='word_1_38' title='bbox 1199 725 1379 799; x_wconf 77' lang='lat' dir='ltr'><strong>posse,</strong></span> <span class='ocrx_word' id='word_1_39' title='bbox 1428 726 1832 799; x_wconf 82' lang='lat' dir='ltr'><strong>similitudinem</strong></span> <span class='ocrx_word' id='word_1_40' title='bbox 1857 763 1873 787; x_wconf 89' lang='lat'><strong>,</strong></span> <span class='ocrx_word' id='word_1_41' title='bbox 1905 725 1991 799; x_wconf 90' lang='lat' dir='ltr'><strong>i_n_-</strong></span> 
     </span>
    </p>
   </div>
   <div class='ocr_carea' id='block_1_7' title="bbox 421 794 1996 874">
    <p class='ocr_par' dir='ltr' id='par_1_7' title="bbox 421 794 1996 874">
     <span class='ocr_line' id='line_1_7' title="bbox 421 794 1996 874; baseline -0.006 -16"><span class='ocrx_word' id='word_1_42' title='bbox 421 820 595 874; x_wconf 67' lang='lat' dir='ltr'><strong>quam,</strong></span> <span class='ocrx_word' id='word_1_43' title='bbox 631 803 748 866; x_wconf 85' lang='lat' dir='ltr'><strong>Dei,</strong></span> <span class='ocrx_word' id='word_1_44' title='bbox 782 813 1054 858; x_wconf 88' lang='lat' dir='ltr'><strong>certamen</strong></span> <span class='ocrx_word' id='word_1_45' title='bbox 1079 794 1392 874; x_wconf 76' lang='lat' dir='ltr'><strong>deseramus</strong></span> <span class='ocrx_word' id='word_1_46' title='bbox 1424 813 1660 874; x_wconf 84' lang='lat' dir='ltr'><strong>:verum_</strong></span> <span class='ocrx_word' id='word_1_47' title='bbox 1676 795 1827 874; x_wconf 34' lang='lat' dir='ltr'><strong>adsit.</strong></span> <span class='ocrx_word' id='word_1_48' title='bbox 1841 794 1996 850; x_wconf 88' lang='lat' dir='ltr'><strong>nobis</strong></span> 
     </span>
    </p>
   </div>
   <div class='ocr_carea' id='block_1_8' title="bbox 413 865 1998 944">
    <p class='ocr_par' dir='ltr' id='par_1_8' title="bbox 413 865 1998 944">
     <span class='ocr_line' id='line_1_8' title="bbox 413 865 1998 944; baseline -0.004 -19"><span class='ocrx_word' id='word_1_49' title='bbox 413 865 537 944; x_wconf 56' lang='lat' dir='ltr'><strong>{pes</strong></span> <span class='ocrx_word' id='word_1_50' title='bbox 574 865 794 944; x_wconf 85' lang='lat' dir='ltr'><strong>propter</strong></span> <span class='ocrx_word' id='word_1_51' title='bbox 836 889 980 935; x_wconf 85' lang='lat' dir='ltr'><strong>cum,</strong></span> <span class='ocrx_word' id='word_1_52' title='bbox 1007 870 1100 944; x_wconf 85' lang='lat' dir='ltr'><strong>qui</strong></span> <span class='ocrx_word' id='word_1_53' title='bbox 1123 870 1394 944; x_wconf 69' lang='lat' dir='ltr'><strong>prmeepit.</strong></span> <span class='ocrx_word' id='word_1_54' title='bbox 1435 877 1498 944; x_wconf 88' lang='lat' dir='ltr'><strong>et_</strong></span> <span class='ocrx_word' id='word_1_55' title='bbox 1518 869 1584 923; x_wconf 90' lang='lat' dir='ltr'><strong>ad</strong></span> <span class='ocrx_word' id='word_1_56' title='bbox 1611 867 1662 922; x_wconf 89' lang='lat' dir='ltr'><strong>id</strong></span> <span class='ocrx_word' id='word_1_57' title='bbox 1689 865 1998 944; x_wconf 79' lang='lat' dir='ltr'><strong>quod_pr:e-</strong></span> 
     </span>
    </p>
   </div>
   <div class='ocr_carea' id='block_1_9' title="bbox 415 935 1991 1013">
    <p class='ocr_par' dir='ltr' id='par_1_9' title="bbox 415 935 1991 1013">
     <span class='ocr_line' id='line_1_9' title="bbox 415 935 1991 1013; baseline -0.006 -14"><span class='ocrx_word' id='word_1_58' title='bbox 415 935 625 1012; x_wconf 77' lang='lat' dir='ltr'><strong>ceptuiu</strong></span> <span class='ocrx_word' id='word_1_59' title='bbox 664 935 749 999; x_wconf 77' lang='lat' dir='ltr'><strong>est</strong></span> <span class='ocrx_word' id='word_1_60' title='bbox 783 935 1206 1013; x_wconf 71' lang='lat' dir='ltr'><strong>exsequendum,</strong></span> <span class='ocrx_word' id='word_1_61' title='bbox 1234 935 1418 1013; x_wconf 77' lang='lat' dir='ltr'><strong>robur,</strong></span> <span class='ocrx_word' id='word_1_62' title='bbox 1451 940 1697 1013; x_wconf 77' lang='lat' dir='ltr'><strong>viresque</strong></span> <span class='ocrx_word' id='word_1_63' title='bbox 1728 935 1949 1013; x_wconf 73' lang='lat' dir='ltr'><strong>largitur</strong></span> <span class='ocrx_word' id='word_1_64' title='bbox 1977 953 1991 989; x_wconf 91' lang='lat'><strong>:</strong></span> 
     </span>
    </p>
   </div>
   <div class='ocr_carea' id='block_1_10' title="bbox 415 1007 1996 1083">
    <p class='ocr_par' dir='ltr' id='par_1_10' title="bbox 415 1007 1996 1083">
     <span class='ocr_line' id='line_1_10' title="bbox 415 1007 1996 1083; baseline -0.005 -14"><span class='ocrx_word' id='word_1_65' title='bbox 415 1007 752 1083; x_wconf 80' lang='lat' dir='ltr'><strong>contemptus</strong></span> <span class='ocrx_word' id='word_1_66' title='bbox 794 1007 996 1078; x_wconf 82' lang='lat' dir='ltr'><strong>autem,</strong></span> <span class='ocrx_word' id='word_1_67' title='bbox 1037 1021 1092 1066; x_wconf 92' lang='lat' dir='ltr'><strong>et</strong></span> <span class='ocrx_word' id='word_1_68' title='bbox 1136 1013 1338 1068; x_wconf 89' lang='lat' dir='ltr'><strong>incuria</strong></span> <span class='ocrx_word' id='word_1_69' title='bbox 1364 1011 1524 1075; x_wconf 80' lang='lat' dir='ltr'><strong>absit,</strong></span> <span class='ocrx_word' id='word_1_70' title='bbox 1552 1008 1694 1079; x_wconf 90' lang='lat' dir='ltr'><strong>quod</strong></span> <span class='ocrx_word' id='word_1_71' title='bbox 1721 1007 1996 1076; x_wconf 75' lang='lat' dir='ltr'><strong>graviores</strong></span> 
     </span>
    </p>
   </div>
   <div class='ocr_carea' id='block_1_11' title="bbox 417 1083 1996 1153">
    <p class='ocr_par' dir='ltr' id='par_1_11' title="bbox 417 1083 1996 1153">
     <span class='ocr_line' id='line_1_11' title="bbox 417 1083 1996 1153; baseline -0.007 -13"><span class='ocrx_word' id='word_1_72' title='bbox 417 1099 601 1153; x_wconf 66' lang='lat' dir='ltr'><strong>pinnas</strong></span> <span class='ocrx_word' id='word_1_73' title='bbox 627 1086 703 1140; x_wconf 82' lang='lat' dir='ltr'><strong>ob</strong></span> <span class='ocrx_word' id='word_1_74' title='bbox 725 1083 847 1153; x_wconf 87' lang='lat' dir='ltr'><strong>ejus</strong></span> <span class='ocrx_word' id='word_1_75' title='bbox 873 1083 1326 1152; x_wconf 86' lang='lat' dir='ltr'><strong>longanimitatem</strong></span> <span class='ocrx_word' id='word_1_76' title='bbox 1354 1089 1728 1153; x_wconf 73' lang='lat' dir='ltr'><strong>exspectemus</strong></span> <span class='ocrx_word' id='word_1_77' title='bbox 1747 1093 1767 1131; x_wconf 90' lang='lat'><strong><em>:</em></strong></span> <span class='ocrx_word' id='word_1_78' title='bbox 1795 1085 1996 1145; x_wconf 85' lang='lat' dir='ltr'><strong>quanto</strong></span> 
     </span>
    </p>
   </div>
   <div class='ocr_carea' id='block_1_12' title="bbox 417 1149 1997 1221">
    <p class='ocr_par' dir='ltr' id='par_1_12' title="bbox 417 1149 1997 1221">
     <span class='ocr_line' id='line_1_12' title="bbox 417 1149 1997 1221; baseline -0.006 -10"><span class='ocrx_word' id='word_1_79' title='bbox 417 1149 559 1210; x_wconf 80' lang='lat' dir='ltr'><strong>enim</strong></span> <span class='ocrx_word' id='word_1_80' title='bbox 575 1149 858 1210; x_wconf 74' lang='lat' dir='ltr'><strong>cunctatur</strong></span> <span class='ocrx_word' id='word_1_81' title='bbox 880 1149 1080 1209; x_wconf 69' lang='lat' dir='ltr'><strong>diutius</strong></span> <span class='ocrx_word' id='word_1_82' title='bbox 1097 1151 1432 1221; x_wconf 82' lang='lat' dir='ltr'><strong>longanimls,</strong></span> <span class='ocrx_word' id='word_1_83' title='bbox 1455 1149 1884 1207; x_wconf 70' lang='lat' dir='ltr'><strong>emendationem</strong></span> <span class='ocrx_word' id='word_1_84' title='bbox 1911 1161 1997 1221; x_wconf 78' lang='lat' dir='ltr'><strong>re-</strong></span> 
     </span>
    </p>
   </div>
   <div class='ocr_carea' id='block_1_13' title="bbox 415 1217 1996 1295">
    <p class='ocr_par' dir='ltr' id='par_1_13' title="bbox 415 1217 1996 1295">
     <span class='ocr_line' id='line_1_13' title="bbox 415 1217 1996 1295; baseline -0.004 -17"><span class='ocrx_word' id='word_1_85' title='bbox 415 1227 657 1295; x_wconf 89' lang='lat' dir='ltr'><strong>quirens,</strong></span> <span class='ocrx_word' id='word_1_86' title='bbox 691 1235 838 1280; x_wconf 83' lang='lat' dir='ltr'><strong>tanto</strong></span> <span class='ocrx_word' id='word_1_87' title='bbox 863 1226 1078 1294; x_wconf 76' lang='lat' dir='ltr'><strong>gravius</strong></span> <span class='ocrx_word' id='word_1_88' title='bbox 1104 1217 1483 1295; x_wconf 70' lang='lat' dir='ltr'><strong>indignabitur,</strong></span> <span class='ocrx_word' id='word_1_89' title='bbox 1513 1221 1559 1276; x_wconf 88' lang='lat' dir='ltr'><strong>si</strong></span> <span class='ocrx_word' id='word_1_90' title='bbox 1606 1217 1996 1295; x_wconf 76' lang='lat' dir='ltr'><strong>nonemende-</strong></span> 
     </span>
    </p>
   </div>
   <div class='ocr_carea' id='block_1_14' title="bbox 421 1289 2001 1363">
    <p class='ocr_par' dir='ltr' id='par_1_14' title="bbox 421 1289 2001 1363">
     <span class='ocr_line' id='line_1_14' title="bbox 421 1289 2001 1363; baseline -0.006 -11"><span class='ocrx_word' id='word_1_91' title='bbox 421 1289 563 1362; x_wconf 83' lang='lat' dir='ltr'><strong>mur,</strong></span> <span class='ocrx_word' id='word_1_92' title='bbox 589 1304 646 1351; x_wconf 89' lang='lat' dir='ltr'><strong>et</strong></span> <span class='ocrx_word' id='word_1_93' title='bbox 670 1296 723 1351; x_wconf 91' lang='lat' dir='ltr'><strong>in</strong></span> <span class='ocrx_word' id='word_1_94' title='bbox 749 1311 850 1350; x_wconf 91' lang='lat' dir='ltr'><strong>nos</strong></span> <span class='ocrx_word' id='word_1_95' title='bbox 866 1289 935 1350; x_wconf 77' lang='grc' dir='ltr'><strong>ἶιι</strong></span> <span class='ocrx_word' id='word_1_96' title='bbox 961 1289 1244 1350; x_wconf 75' lang='lat' dir='ltr'><strong>violatores</strong></span> <span class='ocrx_word' id='word_1_97' title='bbox 1267 1292 1452 1363; x_wconf 76' lang='lat' dir='ltr'><strong>gratia:</strong></span> <span class='ocrx_word' id='word_1_98' title='bbox 1475 1289 1813 1363; x_wconf 74' lang='lat' dir='ltr'><strong>sttzeacriter</strong></span> <span class='ocrx_word' id='word_1_99' title='bbox 1831 1289 2001 1357; x_wconf 88' lang='lat' dir='ltr'><strong>impe-</strong></span> 
     </span>
    </p>
   </div>
   <div class='ocr_carea' id='block_1_15' title="bbox 419 1361 1996 1430">
    <p class='ocr_par' dir='ltr' id='par_1_15' title="bbox 419 1361 1996 1430">
     <span class='ocr_line' id='line_1_15' title="bbox 419 1361 1996 1430; baseline -0.004 -10"><span class='ocrx_word' id='word_1_100' title='bbox 419 1376 530 1422; x_wconf 89' lang='lat' dir='ltr'><strong>tum</strong></span> <span class='ocrx_word' id='word_1_101' title='bbox 569 1366 746 1422; x_wconf 87' lang='lat' dir='ltr'><strong>faciet.</strong></span> <span class='ocrx_word' id='word_1_102' title='bbox 793 1367 1214 1421; x_wconf 87' lang='lat' dir='ltr'><strong>Contemnantur</strong></span> <span class='ocrx_word' id='word_1_103' title='bbox 1252 1361 1430 1419; x_wconf 79' lang='lat' dir='ltr'><strong>autem</strong></span> <span class='ocrx_word' id='word_1_104' title='bbox 1465 1375 1498 1417; x_wconf 88' lang='lat' dir='ltr'><strong>a</strong></span> <span class='ocrx_word' id='word_1_105' title='bbox 1524 1361 1676 1417; x_wconf 81' lang='lat' dir='ltr'><strong>vobis</strong></span> <span class='ocrx_word' id='word_1_106' title='bbox 1711 1361 1885 1430; x_wconf 87' lang='lat' dir='ltr'><strong>potius</strong></span> <span class='ocrx_word' id='word_1_107' title='bbox 1909 1374 1996 1414; x_wconf 90' lang='lat' dir='ltr'><strong>res</strong></span> 
     </span>
    </p>
   </div>
   <div class='ocr_carea' id='block_1_16' title="bbox 422 1430 1998 1506">
    <p class='ocr_par' dir='ltr' id='par_1_16' title="bbox 422 1430 1998 1506">
     <span class='ocr_line' id='line_1_16' title="bbox 422 1430 1998 1506; baseline -0.006 -13"><span class='ocrx_word' id='word_1_108' title='bbox 422 1438 580 1506; x_wconf 71' lang='lat' dir='ltr'><strong>hujus</strong></span> <span class='ocrx_word' id='word_1_109' title='bbox 599 1437 779 1493; x_wconf 61' lang='lat' dir='ltr'><strong>saeculi</strong></span> <span class='ocrx_word' id='word_1_110' title='bbox 800 1452 1008 1503; x_wconf 88' lang='lat' dir='ltr'><strong>omnes,</strong></span> <span class='ocrx_word' id='word_1_111' title='bbox 1029 1451 1188 1506; x_wconf 91' lang='lat' dir='ltr'><strong>quam</strong></span> <span class='ocrx_word' id='word_1_112' title='bbox 1204 1434 1441 1506; x_wconf 85' lang='lat' dir='ltr'><strong>divinum</strong></span> <span class='ocrx_word' id='word_1_113' title='bbox 1471 1432 1809 1506; x_wconf 66' lang='lat' dir='ltr'><strong>mandatum;</strong></span> <span class='ocrx_word' id='word_1_114' title='bbox 1833 1430 1998 1484; x_wconf 91' lang='lat' dir='ltr'><strong>multa</strong></span> 
     </span>
    </p>
   </div>
   <div class='ocr_carea' id='block_1_17' title="bbox 418 1501 1995 1578">
    <p class='ocr_par' dir='ltr' id='par_1_17' title="bbox 418 1501 1995 1578">
     <span class='ocr_line' id='line_1_17' title="bbox 418 1501 1995 1578; baseline -0.006 -15"><span class='ocrx_word' id='word_1_115' title='bbox 418 1501 682 1578; x_wconf 77' lang='lat' dir='ltr'><strong>siquidem</strong></span> <span class='ocrx_word' id='word_1_116' title='bbox 711 1517 854 1572; x_wconf 89' lang='lat' dir='ltr'><strong>sunt,</strong></span> <span class='ocrx_word' id='word_1_117' title='bbox 883 1501 1002 1577; x_wconf 65' lang='lat' dir='ltr'><strong>quaé</strong></span> <span class='ocrx_word' id='word_1_118' title='bbox 1041 1501 1193 1562; x_wconf 78' lang='lat' dir='ltr'><strong>facile</strong></span> <span class='ocrx_word' id='word_1_119' title='bbox 1212 1504 1662 1578; x_wconf 79' lang='lat' dir='ltr'><strong>excandescentes</strong></span> <span class='ocrx_word' id='word_1_120' title='bbox 1687 1501 1755 1557; x_wconf 89' lang='lat' dir='ltr'><strong>ad</strong></span> <span class='ocrx_word' id='word_1_121' title='bbox 1783 1502 1995 1578; x_wconf 80' lang='lat' dir='ltr'><strong>iracun-</strong></span> 
     </span>
    </p>
   </div>
   <div class='ocr_carea' id='block_1_18' title="bbox 420 1571 1998 1647">
    <p class='ocr_par' dir='ltr' id='par_1_18' title="bbox 420 1571 1998 1647">
     <span class='ocr_line' id='line_1_18' title="bbox 420 1571 1998 1647; baseline -0.006 -14"><span class='ocrx_word' id='word_1_122' title='bbox 420 1571 561 1633; x_wconf 79' lang='lat' dir='ltr'><strong>diam</strong></span> <span class='ocrx_word' id='word_1_123' title='bbox 602 1571 915 1647; x_wconf 49' lang='lat' dir='ltr'><strong>impellunt:</strong></span> <span class='ocrx_word' id='word_1_124' title='bbox 941 1577 1040 1644; x_wconf 81' lang='lat' dir='ltr'><strong>Qui</strong></span> <span class='ocrx_word' id='word_1_125' title='bbox 1073 1593 1200 1632; x_wconf 88' lang='lat' dir='ltr'><strong>vero</strong></span> <span class='ocrx_word' id='word_1_126' title='bbox 1235 1574 1498 1647; x_wconf 76' lang='lat' dir='ltr'><strong>tremendi</strong></span> <span class='ocrx_word' id='word_1_127' title='bbox 1525 1573 1666 1647; x_wconf 81' lang='lat' dir='ltr'><strong>regis</strong></span> <span class='ocrx_word' id='word_1_128' title='bbox 1691 1571 1998 1647; x_wconf 75' lang='lat' dir='ltr'><strong>mandatum</strong></span> 
     </span>
    </p>
   </div>
   <div class='ocr_carea' id='block_1_19' title="bbox 425 1643 2001 1714">
    <p class='ocr_par' dir='ltr' id='par_1_19' title="bbox 425 1643 2001 1714">
     <span class='ocr_line' id='line_1_19' title="bbox 425 1643 2001 1714; baseline -0.006 -11"><span class='ocrx_word' id='word_1_129' title='bbox 425 1658 655 1711; x_wconf 74' lang='lat' dir='ltr'><strong>veretur,</strong></span> <span class='ocrx_word' id='word_1_130' title='bbox 679 1643 753 1704; x_wconf 81' lang='lat' dir='ltr'><strong>ne</strong></span> <span class='ocrx_word' id='word_1_131' title='bbox 776 1648 995 1703; x_wconf 86' lang='lat' dir='ltr'><strong>omnino</strong></span> <span class='ocrx_word' id='word_1_132' title='bbox 1015 1649 1309 1702; x_wconf 83' lang='lat' dir='ltr'><strong>irascamur</strong></span> <span class='ocrx_word' id='word_1_133' title='bbox 1331 1644 1681 1714; x_wconf 84' lang='lat' dir='ltr'><strong>prohibentis,</strong></span> <span class='ocrx_word' id='word_1_134' title='bbox 1708 1657 1896 1714; x_wconf 64' lang='lat' dir='ltr'><strong>omnes</strong></span> <span class='ocrx_word' id='word_1_135' title='bbox 1925 1643 2001 1714; x_wconf 80' lang='lat' dir='ltr'><strong>fa-</strong></span> 
     </span>
    </p>
   </div>
   <div class='ocr_carea' id='block_1_20' title="bbox 421 1712 2001 1788">
    <p class='ocr_par' dir='ltr' id='par_1_20' title="bbox 421 1712 2001 1788">
     <span class='ocr_line' id='line_1_20' title="bbox 421 1712 2001 1788; baseline -0.006 -14"><span class='ocrx_word' id='word_1_136' title='bbox 421 1720 526 1774; x_wconf 85' lang='lat' dir='ltr'><strong>eile</strong></span> <span class='ocrx_word' id='word_1_137' title='bbox 551 1728 901 1783; x_wconf 90' lang='lat' dir='ltr'><strong>contemnet,</strong></span> <span class='ocrx_word' id='word_1_138' title='bbox 932 1719 1021 1788; x_wconf 90' lang='lat' dir='ltr'><strong>qui</strong></span> <span class='ocrx_word' id='word_1_139' title='bbox 1049 1718 1220 1787; x_wconf 91' lang='lat' dir='ltr'><strong>ipsum</strong></span> <span class='ocrx_word' id='word_1_140' title='bbox 1263 1712 1526 1772; x_wconf 85' lang='lat' dir='ltr'><strong>voluerint</strong></span> <span class='ocrx_word' id='word_1_141' title='bbox 1556 1715 1789 1788; x_wconf 76' lang='lat' dir='ltr'><strong>irritare.</strong></span> <span class='ocrx_word' id='word_1_142' title='bbox 1822 1712 2001 1767; x_wconf 86' lang='lat' dir='ltr'><strong>Facile</strong></span> 
     </span>
    </p>
   </div>
   <div class='ocr_carea' id='block_1_21' title="bbox 424 1784 2003 1860">
    <p class='ocr_par' dir='ltr' id='par_1_21' title="bbox 424 1784 2003 1860">
     <span class='ocr_line' id='line_1_21' title="bbox 424 1784 2003 1860; baseline -0.005 -16"><span class='ocrx_word' id='word_1_143' title='bbox 424 1805 581 1860; x_wconf 87' lang='lat' dir='ltr'><strong>porro</strong></span> <span class='ocrx_word' id='word_1_144' title='bbox 605 1805 700 1845; x_wconf 92' lang='lat' dir='ltr'><strong>eos</strong></span> <span class='ocrx_word' id='word_1_145' title='bbox 726 1784 992 1850; x_wconf 81' lang='lat' dir='ltr'><strong>tolerabit,</strong></span> <span class='ocrx_word' id='word_1_146' title='bbox 1023 1784 1273 1860; x_wconf 73' lang='lat' dir='ltr'><strong>aquibus</strong></span> <span class='ocrx_word' id='word_1_147' title='bbox 1293 1801 1541 1860; x_wconf 83' lang='lat' dir='ltr'><strong>sermone</strong></span> <span class='ocrx_word' id='word_1_148' title='bbox 1567 1784 1883 1860; x_wconf 67' lang='lat' dir='ltr'><strong>offenditur:</strong></span> <span class='ocrx_word' id='word_1_149' title='bbox 1917 1799 2003 1860; x_wconf 82' lang='lat' dir='ltr'><strong>pa-</strong></span> 
     </span>
    </p>
   </div>
   <div class='ocr_carea' id='block_1_22' title="bbox 423 1853 2001 1926">
    <p class='ocr_par' dir='ltr' id='par_1_22' title="bbox 423 1853 2001 1926">
     <span class='ocr_line' id='line_1_22' title="bbox 423 1853 2001 1926; baseline -0.007 -9"><span class='ocrx_word' id='word_1_150' title='bbox 423 1853 619 1917; x_wconf 74' lang='lat' dir='ltr'><strong>iienter</strong></span> <span class='ocrx_word' id='word_1_151' title='bbox 636 1870 813 1914; x_wconf 89' lang='lat' dir='ltr'><strong>autem</strong></span> <span class='ocrx_word' id='word_1_152' title='bbox 843 1875 1027 1915; x_wconf 88' lang='lat' dir='ltr'><strong>eorum</strong></span> <span class='ocrx_word' id='word_1_153' title='bbox 1053 1853 1446 1926; x_wconf 82' lang='lat' dir='ltr'><strong>feretinjurias,</strong></span> <span class='ocrx_word' id='word_1_154' title='bbox 1475 1872 1504 1911; x_wconf 88' lang='lat' dir='ltr'><strong>a</strong></span> <span class='ocrx_word' id='word_1_155' title='bbox 1525 1855 1716 1926; x_wconf 88' lang='lat' dir='ltr'><strong>quibus</strong></span> <span class='ocrx_word' id='word_1_156' title='bbox 1746 1853 1896 1910; x_wconf 87' lang='lat' dir='ltr'><strong>factis</strong></span> <span class='ocrx_word' id='word_1_157' title='bbox 1925 1855 2001 1922; x_wconf 88' lang='lat' dir='ltr'><strong>ip-</strong></span> 
     </span>
    </p>
   </div>
   <div class='ocr_carea' id='block_1_23' title="bbox 422 1926 2000 2002">
    <p class='ocr_par' dir='ltr' id='par_1_23' title="bbox 422 1926 2000 2002">
     <span class='ocr_line' id='line_1_23' title="bbox 422 1926 2000 2002; baseline -0.003 -17"><span class='ocrx_word' id='word_1_158' title='bbox 422 1932 496 1987; x_wconf 78' lang='lat' dir='ltr'><strong>sis</strong></span> <span class='ocrx_word' id='word_1_159' title='bbox 525 1930 779 1995; x_wconf 61' lang='lat' dir='ltr'><strong>laedetur;</strong></span> <span class='ocrx_word' id='word_1_160' title='bbox 814 1939 870 1984; x_wconf 89' lang='lat' dir='ltr'><strong>et</strong></span> <span class='ocrx_word' id='word_1_161' title='bbox 895 1929 1212 2002; x_wconf 86' lang='lat' dir='ltr'><strong>percutienti</strong></span> <span class='ocrx_word' id='word_1_162' title='bbox 1255 1928 1520 2002; x_wconf 78' lang='lat' dir='ltr'><strong>maxillam</strong></span> <span class='ocrx_word' id='word_1_163' title='bbox 1547 1926 1817 2002; x_wconf 64' lang='lat' dir='ltr'><strong>praebebit</strong></span> <span class='ocrx_word' id='word_1_164' title='bbox 1831 1935 1886 1980; x_wconf 89' lang='lat' dir='ltr'><strong>et</strong></span> <span class='ocrx_word' id='word_1_165' title='bbox 1918 1927 2000 1980; x_wconf 77' lang='lat' dir='ltr'><strong>al-</strong></span> 
     </span>
    </p>
   </div>
   <div class='ocr_carea' id='block_1_24' title="bbox 425 1997 2001 2070">
    <p class='ocr_par' dir='ltr' id='par_1_24' title="bbox 425 1997 2001 2070">
     <span class='ocr_line' id='line_1_24' title="bbox 425 1997 2001 2070; baseline -0.006 -10"><span class='ocrx_word' id='word_1_166' title='bbox 425 2011 616 2066; x_wconf 70' lang='lat' dir='ltr'><strong>teram,</strong></span> <span class='ocrx_word' id='word_1_167' title='bbox 637 1997 967 2070; x_wconf 76' lang='lat' dir='ltr'><strong>verbiimqite</strong></span> <span class='ocrx_word' id='word_1_168' title='bbox 991 2009 1148 2069; x_wconf 90' lang='lat' dir='ltr'><strong>turpe</strong></span> <span class='ocrx_word' id='word_1_169' title='bbox 1174 1999 1513 2070; x_wconf 65' lang='lat' dir='ltr'><strong>contumelia:</strong></span> <span class='ocrx_word' id='word_1_170' title='bbox 1541 2012 1696 2070; x_wconf 85' lang='lat' dir='ltr'><strong>causa</strong></span> <span class='ocrx_word' id='word_1_171' title='bbox 1715 1997 2001 2066; x_wconf 88' lang='lat' dir='ltr'><strong>jacientem</strong></span> 
     </span>
    </p>
   </div>
   <div class='ocr_carea' id='block_1_25' title="bbox 425 2068 2003 2140">
    <p class='ocr_par' dir='ltr' id='par_1_25' title="bbox 425 2068 2003 2140">
     <span class='ocr_line' id='line_1_25' title="bbox 425 2068 2003 2140; baseline -0.005 -14"><span class='ocrx_word' id='word_1_172' title='bbox 425 2077 686 2140; x_wconf 77' lang='lat' dir='ltr'><strong>generose</strong></span> <span class='ocrx_word' id='word_1_173' title='bbox 710 2086 773 2125; x_wconf 88' lang='lat' dir='ltr'><strong>ac</strong></span> <span class='ocrx_word' id='word_1_174' title='bbox 798 2068 1006 2126; x_wconf 79' lang='lat' dir='ltr'><strong>fortiter</strong></span> <span class='ocrx_word' id='word_1_175' title='bbox 1037 2068 1193 2135; x_wconf 84' lang='lat' dir='ltr'><strong>feret,</strong></span> <span class='ocrx_word' id='word_1_176' title='bbox 1220 2068 1515 2124; x_wconf 77' lang='lat' dir='ltr'><strong>admirabili</strong></span> <span class='ocrx_word' id='word_1_177' title='bbox 1543 2068 1789 2140; x_wconf 85' lang='lat' dir='ltr'><strong>nimirum</strong></span> <span class='ocrx_word' id='word_1_178' title='bbox 1816 2082 2003 2120; x_wconf 57' lang='lat' dir='ltr'><strong>censu.</strong></span> 
     </span>
    </p>
   </div>
   <div class='ocr_carea' id='block_1_26' title="bbox 426 2137 2004 2208">
    <p class='ocr_par' dir='ltr' id='par_1_26' title="bbox 426 2137 2004 2208">
     <span class='ocr_line' id='line_1_26' title="bbox 426 2137 2004 2208; baseline -0.003 -12"><span class='ocrx_word' id='word_1_179' title='bbox 426 2137 623 2196; x_wconf 81' lang='lat' dir='ltr'><strong>latione</strong></span> <span class='ocrx_word' id='word_1_180' title='bbox 649 2152 941 2206; x_wconf 88' lang='lat' dir='ltr'><strong>recreatus,</strong></span> <span class='ocrx_word' id='word_1_181' title='bbox 980 2156 1048 2196; x_wconf 79' lang='lat' dir='ltr'><strong>ex</strong></span> <span class='ocrx_word' id='word_1_182' title='bbox 1083 2156 1150 2196; x_wconf 92' lang='lat' dir='ltr'><strong>eo</strong></span> <span class='ocrx_word' id='word_1_183' title='bbox 1175 2140 1315 2208; x_wconf 91' lang='lat' dir='ltr'><strong>quod</strong></span> <span class='ocrx_word' id='word_1_184' title='bbox 1345 2141 1529 2194; x_wconf 80' lang='lat' dir='ltr'><strong>beatus</strong></span> <span class='ocrx_word' id='word_1_185' title='bbox 1560 2137 1877 2207; x_wconf 75' lang='lat' dir='ltr'><strong>przedicetur</strong></span> <span class='ocrx_word' id='word_1_186' title='bbox 1900 2178 1914 2198; x_wconf 87' lang='lat'><strong>,</strong></span> <span class='ocrx_word' id='word_1_187' title='bbox 1940 2153 2004 2192; x_wconf 88' lang='lat' dir='ltr'><strong>ac</strong></span> 
     </span>
    </p>
   </div>
   <div class='ocr_carea' id='block_1_27' title="bbox 427 2207 2004 2282">
    <p class='ocr_par' dir='ltr' id='par_1_27' title="bbox 427 2207 2004 2282">
     <span class='ocr_line' id='line_1_27' title="bbox 427 2207 2004 2282; baseline -0.004 -14"><span class='ocrx_word' id='word_1_188' title='bbox 427 2211 655 2268; x_wconf 86' lang='lat' dir='ltr'><strong>Doinino</strong></span> <span class='ocrx_word' id='word_1_189' title='bbox 673 2213 927 2267; x_wconf 85' lang='lat' dir='ltr'><strong>obediens</strong></span> <span class='ocrx_word' id='word_1_190' title='bbox 956 2207 1253 2282; x_wconf 85' lang='lat' dir='ltr'><strong>reperiatur</strong></span> <span class='ocrx_word' id='word_1_191' title='bbox 1284 2207 1591 2282; x_wconf 14' lang='lat' dir='ltr'><strong>:rsitnulque</strong></span> <span class='ocrx_word' id='word_1_192' title='bbox 1620 2209 1875 2282; x_wconf 76' lang='lat' dir='ltr'><strong>reprimat</strong></span> <span class='ocrx_word' id='word_1_193' title='bbox 1895 2209 2004 2262; x_wconf 84' lang='lat' dir='ltr'><strong>ira-</strong></span> 
     </span>
    </p>
   </div>
   <div class='ocr_carea' id='block_1_28' title="bbox 426 2279 2004 2350">
    <p class='ocr_par' dir='ltr' id='par_1_28' title="bbox 426 2279 2004 2350">
     <span class='ocr_line' id='line_1_28' title="bbox 426 2279 2004 2350; baseline -0.003 -12"><span class='ocrx_word' id='word_1_194' title='bbox 426 2283 675 2338; x_wconf 84' lang='lat' dir='ltr'><strong>cundiam</strong></span> <span class='ocrx_word' id='word_1_195' title='bbox 701 2285 754 2337; x_wconf 92' lang='lat' dir='ltr'><strong>in</strong></span> <span class='ocrx_word' id='word_1_196' title='bbox 784 2279 1472 2341; x_wconf 52' lang='lat' dir='ltr'><strong>fratrem;etdenuntiatum</strong></span> <span class='ocrx_word' id='word_1_197' title='bbox 1496 2279 1757 2350; x_wconf 84' lang='lat' dir='ltr'><strong>ejusmodi</strong></span> <span class='ocrx_word' id='word_1_198' title='bbox 1785 2288 2004 2347; x_wconf 88' lang='lat' dir='ltr'><strong>peccato</strong></span> 
     </span>
    </p>
   </div>
   <div class='ocr_carea' id='block_1_29' title="bbox 427 2350 2004 2422">
    <p class='ocr_par' dir='ltr' id='par_1_29' title="bbox 427 2350 2004 2422">
     <span class='ocr_line' id='line_1_29' title="bbox 427 2350 2004 2422; baseline -0.004 -14"><span class='ocrx_word' id='word_1_199' title='bbox 427 2353 744 2422; x_wconf 83' lang='lat' dir='ltr'><strong>supplicium</strong></span> <span class='ocrx_word' id='word_1_200' title='bbox 765 2355 946 2409; x_wconf 79' lang='lat' dir='ltr'><strong>evitet.</strong></span> <span class='ocrx_word' id='word_1_201' title='bbox 975 2353 1086 2408; x_wconf 84' lang='lat' dir='ltr'><strong>Hac</strong></span> <span class='ocrx_word' id='word_1_202' title='bbox 1121 2352 1318 2406; x_wconf 89' lang='lat' dir='ltr'><strong>etenim</strong></span> <span class='ocrx_word' id='word_1_203' title='bbox 1338 2350 1404 2406; x_wconf 88' lang='lat' dir='ltr'><strong>de</strong></span> <span class='ocrx_word' id='word_1_204' title='bbox 1420 2365 1583 2422; x_wconf 83' lang='lat' dir='ltr'><strong>causa</strong></span> <span class='ocrx_word' id='word_1_205' title='bbox 1611 2365 1709 2405; x_wconf 89' lang='lat' dir='ltr'><strong>nos</strong></span> <span class='ocrx_word' id='word_1_206' title='bbox 1749 2350 2004 2422; x_wconf 81' lang='lat' dir='ltr'><strong>Dominus</strong></span> 
     </span>
    </p>
   </div>
   <div class='ocr_carea' id='block_1_30' title="bbox 425 2419 2004 2492">
    <p class='ocr_par' dir='ltr' id='par_1_30' title="bbox 425 2419 2004 2492">
     <span class='ocr_line' id='line_1_30' title="bbox 425 2419 2004 2492; baseline -0.002 -13"><span class='ocrx_word' id='word_1_207' title='bbox 425 2419 762 2486; x_wconf 72' lang='lat' dir='ltr'><strong>cohortatur,</strong></span> <span class='ocrx_word' id='word_1_208' title='bbox 781 2434 838 2478; x_wconf 91' lang='lat' dir='ltr'><strong>ut</strong></span> <span class='ocrx_word' id='word_1_209' title='bbox 857 2438 956 2478; x_wconf 90' lang='lat' dir='ltr'><strong>nos</strong></span> <span class='ocrx_word' id='word_1_210' title='bbox 974 2423 1043 2478; x_wconf 89' lang='lat' dir='ltr'><strong>ab</strong></span> <span class='ocrx_word' id='word_1_211' title='bbox 1065 2423 1208 2476; x_wconf 90' lang='lat' dir='ltr'><strong>omni</strong></span> <span class='ocrx_word' id='word_1_212' title='bbox 1235 2419 1710 2492; x_wconf 82' lang='lat' dir='ltr'><strong>perturbationum,</strong></span> <span class='ocrx_word' id='word_1_213' title='bbox 1729 2421 1921 2490; x_wconf 89' lang='lat' dir='ltr'><strong>quibus</strong></span> <span class='ocrx_word' id='word_1_214' title='bbox 1936 2420 2004 2476; x_wconf 90' lang='lat' dir='ltr'><strong>ad</strong></span> 
     </span>
    </p>
   </div>
   <div class='ocr_carea' id='block_1_31' title="bbox 426 2491 2004 2563">
    <p class='ocr_par' dir='ltr' id='par_1_31' title="bbox 426 2491 2004 2563">
     <span class='ocr_line' id='line_1_31' title="bbox 426 2491 2004 2563; baseline -0.004 -12"><span class='ocrx_word' id='word_1_215' title='bbox 426 2509 622 2563; x_wconf 84' lang='lat' dir='ltr'><strong>corpus</strong></span> <span class='ocrx_word' id='word_1_216' title='bbox 657 2495 940 2559; x_wconf 77' lang='lat' dir='ltr'><strong>afficiatur,</strong></span> <span class='ocrx_word' id='word_1_217' title='bbox 996 2491 1315 2562; x_wconf 82' lang='lat' dir='ltr'><strong>contagione</strong></span> <span class='ocrx_word' id='word_1_218' title='bbox 1343 2491 1691 2554; x_wconf 84' lang='lat' dir='ltr'><strong>vindicemus,</strong></span> <span class='ocrx_word' id='word_1_219' title='bbox 1722 2500 1778 2546; x_wconf 92' lang='lat' dir='ltr'><strong>et</strong></span> <span class='ocrx_word' id='word_1_220' title='bbox 1827 2493 2004 2545; x_wconf 79' lang='lat' dir='ltr'><strong>avari-</strong></span> 
     </span>
    </p>
   </div>
   <div class='ocr_carea' id='block_1_32' title="bbox 429 2563 2006 2636">
    <p class='ocr_par' dir='ltr' id='par_1_32' title="bbox 429 2563 2006 2636">
     <span class='ocr_line' id='line_1_32' title="bbox 429 2563 2006 2636; baseline -0.003 -15"><span class='ocrx_word' id='word_1_221' title='bbox 429 2565 555 2621; x_wconf 82' lang='lat' dir='ltr'><strong>tiam</strong></span> <span class='ocrx_word' id='word_1_222' title='bbox 583 2565 864 2634; x_wconf 73' lang='lat' dir='ltr'><strong>fugiamus,</strong></span> <span class='ocrx_word' id='word_1_223' title='bbox 890 2565 1178 2636; x_wconf 64' lang='lat' dir='ltr'><strong>gloriaeque</strong></span> <span class='ocrx_word' id='word_1_224' title='bbox 1203 2563 1543 2636; x_wconf 88' lang='lat' dir='ltr'><strong>cupiditatem</strong></span> <span class='ocrx_word' id='word_1_225' title='bbox 1565 2576 1894 2636; x_wconf 83' lang='lat' dir='ltr'><strong>aversemur,</strong></span> <span class='ocrx_word' id='word_1_226' title='bbox 1925 2570 2006 2617; x_wconf 86' lang='lat' dir='ltr'><strong>at-</strong></span> 
     </span>
    </p>
   </div>
   <div class='ocr_carea' id='block_1_33' title="bbox 427 2633 2004 2704">
    <p class='ocr_par' dir='ltr' id='par_1_33' title="bbox 427 2633 2004 2704">
     <span class='ocr_line' id='line_1_33' title="bbox 427 2633 2004 2704; baseline -0.004 -13"><span class='ocrx_word' id='word_1_227' title='bbox 427 2651 536 2702; x_wconf 80' lang='lat' dir='ltr'><strong>oue</strong></span> <span class='ocrx_word' id='word_1_228' title='bbox 551 2633 788 2700; x_wconf 79' lang='lat' dir='ltr'><strong>omnino,</strong></span> <span class='ocrx_word' id='word_1_229' title='bbox 821 2633 960 2691; x_wconf 80' lang='lat' dir='ltr'><strong>utne</strong></span> <span class='ocrx_word' id='word_1_230' title='bbox 984 2635 1239 2704; x_wconf 89' lang='lat' dir='ltr'><strong>voluptati</strong></span> <span class='ocrx_word' id='word_1_231' title='bbox 1261 2633 1435 2690; x_wconf 80' lang='lat' dir='ltr'><strong>lucum</strong></span> <span class='ocrx_word' id='word_1_232' title='bbox 1451 2635 1510 2688; x_wconf 85' lang='lat' dir='ltr'><strong>in</strong></span> <span class='ocrx_word' id='word_1_233' title='bbox 1528 2633 1682 2688; x_wconf 88' lang='lat' dir='ltr'><strong>nobis</strong></span> <span class='ocrx_word' id='word_1_234' title='bbox 1697 2634 1908 2692; x_wconf 87' lang='lat' dir='ltr'><strong>demus.</strong></span> <span class='ocrx_word' id='word_1_235' title='bbox 1939 2649 2004 2689; x_wconf 89' lang='lat' dir='ltr'><strong>ne</strong></span> 
     </span>
    </p>
   </div>
   <div class='ocr_carea' id='block_1_34' title="bbox 427 2704 1998 2776">
    <p class='ocr_par' dir='ltr' id='par_1_34' title="bbox 427 2704 1998 2776">
     <span class='ocr_line' id='line_1_34' title="bbox 427 2704 1998 2776; baseline -0.003 -16"><span class='ocrx_word' id='word_1_236' title='bbox 427 2707 554 2776; x_wconf 82' lang='lat' dir='ltr'><strong>quid</strong></span> <span class='ocrx_word' id='word_1_237' title='bbox 582 2723 649 2761; x_wconf 79' lang='lat' dir='ltr'><strong>ex</strong></span> <span class='ocrx_word' id='word_1_238' title='bbox 694 2707 810 2761; x_wconf 87' lang='lat' dir='ltr'><strong>istis</strong></span> <span class='ocrx_word' id='word_1_239' title='bbox 832 2709 1062 2761; x_wconf 82' lang='lat' dir='ltr'><strong>animam</strong></span> <span class='ocrx_word' id='word_1_240' title='bbox 1089 2715 1325 2760; x_wconf 90' lang='lat' dir='ltr'><strong>nostram</strong></span> <span class='ocrx_word' id='word_1_241' title='bbox 1355 2705 1492 2760; x_wconf 89' lang='lat' dir='ltr'><strong>male</strong></span> <span class='ocrx_word' id='word_1_242' title='bbox 1521 2705 1762 2758; x_wconf 78' lang='lat' dir='ltr'><strong>affectam</strong></span> <span class='ocrx_word' id='word_1_243' title='bbox 1789 2704 1998 2769; x_wconf 88' lang='lat' dir='ltr'><strong>reddat,</strong></span> 
     </span>
    </p>
   </div>
   <div class='ocr_carea' id='block_1_35' title="bbox 425 2775 2004 2847">
    <p class='ocr_par' dir='ltr' id='par_1_35' title="bbox 425 2775 2004 2847">
     <span class='ocr_line' id='line_1_35' title="bbox 425 2775 2004 2847; baseline -0.001 -14"><span class='ocrx_word' id='word_1_244' title='bbox 425 2775 485 2833; x_wconf 78' lang='lat' dir='ltr'><strong>et</strong></span> <span class='ocrx_word' id='word_1_245' title='bbox 513 2793 582 2832; x_wconf 93' lang='lat' dir='ltr'><strong>ne</strong></span> <span class='ocrx_word' id='word_1_246' title='bbox 604 2777 764 2832; x_wconf 85' lang='lat' dir='ltr'><strong>alieni</strong></span> <span class='ocrx_word' id='word_1_247' title='bbox 788 2793 818 2830; x_wconf 90' lang='lat' dir='ltr'><strong>a</strong></span> <span class='ocrx_word' id='word_1_248' title='bbox 840 2778 1039 2847; x_wconf 89' lang='lat' dir='ltr'><strong>Spiritu</strong></span> <span class='ocrx_word' id='word_1_249' title='bbox 1061 2790 1244 2831; x_wconf 88' lang='lat' dir='ltr'><strong>sancto</strong></span> <span class='ocrx_word' id='word_1_250' title='bbox 1274 2777 1578 2830; x_wconf 83' lang='lat' dir='ltr'><strong>reddamur.</strong></span> <span class='ocrx_word' id='word_1_251' title='bbox 1605 2775 1710 2847; x_wconf 84' lang='lat' dir='ltr'><strong>Qui</strong></span> <span class='ocrx_word' id='word_1_252' title='bbox 1738 2777 1880 2830; x_wconf 89' lang='lat' dir='ltr'><strong>enim</strong></span> <span class='ocrx_word' id='word_1_253' title='bbox 1909 2791 2004 2843; x_wconf 82' lang='lat' dir='ltr'><strong>pe-</strong></span> 
     </span>
    </p>
   </div>
   <div class='ocr_carea' id='block_1_36' title="bbox 429 2846 2005 2915">
    <p class='ocr_par' dir='ltr' id='par_1_36' title="bbox 429 2846 2005 2915">
     <span class='ocr_line' id='line_1_36' title="bbox 429 2846 2005 2915; baseline -0.003 -10"><span class='ocrx_word' id='word_1_254' title='bbox 429 2848 615 2905; x_wconf 87' lang='lat' dir='ltr'><strong>cunias</strong></span> <span class='ocrx_word' id='word_1_255' title='bbox 643 2846 988 2904; x_wconf 81' lang='lat' dir='ltr'><strong>contemnere</strong></span> <span class='ocrx_word' id='word_1_256' title='bbox 1013 2847 1234 2903; x_wconf 86' lang='lat' dir='ltr'><strong>edoctus</strong></span> <span class='ocrx_word' id='word_1_257' title='bbox 1263 2858 1366 2908; x_wconf 85' lang='lat' dir='ltr'><strong>est,</strong></span> <span class='ocrx_word' id='word_1_258' title='bbox 1385 2846 1652 2914; x_wconf 87' lang='lat' dir='ltr'><strong>quomodo</strong></span> <span class='ocrx_word' id='word_1_259' title='bbox 1682 2857 1898 2915; x_wconf 85' lang='lat' dir='ltr'><strong>propter</strong></span> <span class='ocrx_word' id='word_1_260' title='bbox 1914 2861 2005 2914; x_wconf 87' lang='lat' dir='ltr'><strong>pe-</strong></span> 
     </span>
    </p>
   </div>
   <div class='ocr_carea' id='block_1_37' title="bbox 425 2916 2004 2988">
    <p class='ocr_par' dir='ltr' id='par_1_37' title="bbox 425 2916 2004 2988">
     <span class='ocr_line' id='line_1_37' title="bbox 425 2916 2004 2988; baseline -0.001 -14"><span class='ocrx_word' id='word_1_261' title='bbox 425 2921 615 2974; x_wconf 83' lang='lat' dir='ltr'><strong>cunias</strong></span> <span class='ocrx_word' id='word_1_262' title='bbox 667 2919 960 2973; x_wconf 88' lang='lat' dir='ltr'><strong>irritabitur</strong></span> <span class='ocrx_word' id='word_1_263' title='bbox 1014 2932 1285 2988; x_wconf 89' lang='lat' dir='ltr'><strong>umquam,</strong></span> <span class='ocrx_word' id='word_1_264' title='bbox 1345 2917 1470 2972; x_wconf 80' lang='lat' dir='ltr'><strong>licet</strong></span> <span class='ocrx_word' id='word_1_265' title='bbox 1510 2919 1598 2980; x_wconf 90' lang='lat' dir='ltr'><strong>sit,</strong></span> <span class='ocrx_word' id='word_1_266' title='bbox 1625 2919 1713 2987; x_wconf 88' lang='lat' dir='ltr'><strong>qui</strong></span> <span class='ocrx_word' id='word_1_267' title='bbox 1746 2931 1840 2971; x_wconf 87' lang='lat' dir='ltr'><strong>eas</strong></span> <span class='ocrx_word' id='word_1_268' title='bbox 1877 2916 2004 2988; x_wconf 87' lang='lat' dir='ltr'><strong>velit</strong></span> 
     </span>
    </p>
   </div>
   <div class='ocr_carea' id='block_1_38' title="bbox 429 2987 2005 3060">
    <p class='ocr_par' dir='ltr' id='par_1_38' title="bbox 429 2987 2005 3060">
     <span class='ocr_line' id='line_1_38' title="bbox 429 2987 2005 3060; baseline -0.004 -16"><span class='ocrx_word' id='word_1_269' title='bbox 429 2990 673 3058; x_wconf 82' lang='lat' dir='ltr'><strong>abripere</strong></span> <span class='ocrx_word' id='word_1_270' title='bbox 696 2990 720 3044; x_wconf 90' lang='lat'><strong>?</strong></span> <span class='ocrx_word' id='word_1_271' title='bbox 742 2990 806 3043; x_wconf 86' lang='lat' dir='ltr'><strong>Et</strong></span> <span class='ocrx_word' id='word_1_272' title='bbox 833 2991 922 3059; x_wconf 87' lang='lat' dir='ltr'><strong>qui</strong></span> <span class='ocrx_word' id='word_1_273' title='bbox 948 2987 1308 3060; x_wconf 9' lang='lat' dir='ltr'><strong>gloriainﬁpnon</strong></span> <span class='ocrx_word' id='word_1_274' title='bbox 1346 2989 1566 3060; x_wconf 86' lang='lat' dir='ltr'><strong>appetit,</strong></span> <span class='ocrx_word' id='word_1_275' title='bbox 1597 2987 1864 3060; x_wconf 82' lang='lat' dir='ltr'><strong>quomodo</strong></span> <span class='ocrx_word' id='word_1_276' title='bbox 1885 2987 2005 3060; x_wconf 76' lang='lat' dir='ltr'><strong>glo-</strong></span> 
     </span>
    </p>
   </div>
   <div class='ocr_carea' id='block_1_39' title="bbox 434 3059 2005 3128">
    <p class='ocr_par' dir='ltr' id='par_1_39' title="bbox 434 3059 2005 3128">
     <span class='ocr_line' id='line_1_39' title="bbox 434 3059 2005 3128; baseline -0.003 -14"><span class='ocrx_word' id='word_1_277' title='bbox 434 3061 527 3116; x_wconf 71' lang='lat' dir='ltr'><strong>ria:</strong></span> <span class='ocrx_word' id='word_1_278' title='bbox 557 3075 716 3116; x_wconf 69' lang='lat' dir='ltr'><strong>musa</strong></span> <span class='ocrx_word' id='word_1_279' title='bbox 737 3059 1128 3116; x_wconf 85' lang='lat' dir='ltr'><strong>excandescet?</strong></span> <span class='ocrx_word' id='word_1_280' title='bbox 1169 3059 1319 3114; x_wconf 79' lang='lat' dir='ltr'><strong>Exue</strong></span> <span class='ocrx_word' id='word_1_281' title='bbox 1363 3059 1539 3128; x_wconf 86' lang='lat' dir='ltr'><strong>itaque</strong></span> <span class='ocrx_word' id='word_1_282' title='bbox 1571 3059 1890 3112; x_wconf 81' lang='lat' dir='ltr'><strong>ninudanuin</strong></span> <span class='ocrx_word' id='word_1_283' title='bbox 1935 3059 2005 3111; x_wconf 87' lang='lat' dir='ltr'><strong>in-</strong></span> 
     </span>
    </p>
   </div>
   <div class='ocr_carea' id='block_1_40' title="bbox 430 3129 2006 3200">
    <p class='ocr_par' dir='ltr' id='par_1_40' title="bbox 430 3129 2006 3200">
     <span class='ocr_line' id='line_1_40' title="bbox 430 3129 2006 3200; baseline -0.003 -14"><span class='ocrx_word' id='word_1_284' title='bbox 430 3131 741 3186; x_wconf 88' lang='lat' dir='ltr'><strong>dumentum</strong></span> <span class='ocrx_word' id='word_1_285' title='bbox 765 3171 782 3196; x_wconf 91' lang='lat'><strong>,</strong></span> <span class='ocrx_word' id='word_1_286' title='bbox 825 3141 881 3185; x_wconf 90' lang='lat' dir='ltr'><strong>et</strong></span> <span class='ocrx_word' id='word_1_287' title='bbox 927 3129 1199 3200; x_wconf 90' lang='lat' dir='ltr'><strong>spirituale</strong></span> <span class='ocrx_word' id='word_1_288' title='bbox 1245 3130 1444 3185; x_wconf 89' lang='lat' dir='ltr'><strong>indue:</strong></span> <span class='ocrx_word' id='word_1_289' title='bbox 1472 3145 1607 3184; x_wconf 82' lang='lat' dir='ltr'><strong>exue</strong></span> <span class='ocrx_word' id='word_1_290' title='bbox 1633 3139 1862 3200; x_wconf 83' lang='lat' dir='ltr'><strong>veterem</strong></span> <span class='ocrx_word' id='word_1_291' title='bbox 1895 3129 2006 3183; x_wconf 78' lang='lat' dir='ltr'><strong>ho—</strong></span> 
     </span>
    </p>
   </div>
   <div class='ocr_carea' id='block_1_41' title="bbox 433 3199 2001 3268">
    <p class='ocr_par' dir='ltr' id='par_1_41' title="bbox 433 3199 2001 3268">
     <span class='ocr_line' id='line_1_41' title="bbox 433 3199 2001 3268; baseline -0.001 -14"><span class='ocrx_word' id='word_1_292' title='bbox 433 3202 667 3266; x_wconf 85' lang='lat' dir='ltr'><strong>minem,</strong></span> <span class='ocrx_word' id='word_1_293' title='bbox 698 3211 756 3256; x_wconf 94' lang='lat' dir='ltr'><strong>ut</strong></span> <span class='ocrx_word' id='word_1_294' title='bbox 799 3199 992 3256; x_wconf 87' lang='lat' dir='ltr'><strong>novum</strong></span> <span class='ocrx_word' id='word_1_295' title='bbox 1031 3201 1221 3255; x_wconf 89' lang='lat' dir='ltr'><strong>induas</strong></span> <span class='ocrx_word' id='word_1_296' title='bbox 1254 3219 1268 3255; x_wconf 88' lang='lat'><strong>:</strong></span> <span class='ocrx_word' id='word_1_297' title='bbox 1298 3210 1584 3268; x_wconf 87' lang='lat' dir='ltr'><strong>eapropter</strong></span> <span class='ocrx_word' id='word_1_298' title='bbox 1611 3199 1869 3267; x_wconf 82' lang='lat' dir='ltr'><strong>siquidem</strong></span> <span class='ocrx_word' id='word_1_299' title='bbox 1916 3217 2001 3252; x_wconf 88' lang='lat' dir='ltr'><strong>re-</strong></span> 
     </span>
    </p>
   </div>
   <div class='ocr_carea' id='block_1_42' title="bbox 431 3270 2002 3340">
    <p class='ocr_par' dir='ltr' id='par_1_42' title="bbox 431 3270 2002 3340">
     <span class='ocr_line' id='line_1_42' title="bbox 431 3270 2002 3340; baseline -0.001 -14"><span class='ocrx_word' id='word_1_300' title='bbox 431 3273 704 3340; x_wconf 75' lang='lat' dir='ltr'><strong>generatio</strong></span> <span class='ocrx_word' id='word_1_301' title='bbox 721 3272 936 3338; x_wconf 89' lang='lat' dir='ltr'><strong>dicitur,</strong></span> <span class='ocrx_word' id='word_1_302' title='bbox 962 3280 1018 3327; x_wconf 90' lang='lat' dir='ltr'><strong>et</strong></span> <span class='ocrx_word' id='word_1_303' title='bbox 1043 3271 1095 3325; x_wconf 92' lang='lat' dir='ltr'><strong>in</strong></span> <span class='ocrx_word' id='word_1_304' title='bbox 1124 3271 1291 3325; x_wconf 89' lang='lat' dir='ltr'><strong>sacris</strong></span> <span class='ocrx_word' id='word_1_305' title='bbox 1330 3270 1498 3325; x_wconf 83' lang='lat' dir='ltr'><strong>literis</strong></span> <span class='ocrx_word' id='word_1_306' title='bbox 1517 3272 1833 3338; x_wconf 81' lang='lat' dir='ltr'><strong>appellatur.</strong></span> <span class='ocrx_word' id='word_1_307' title='bbox 1872 3271 2002 3324; x_wconf 89' lang='lat' dir='ltr'><strong>Nam</strong></span> 
     </span>
    </p>
   </div>
   <div class='ocr_carea' id='block_1_43' title="bbox 434 3341 2004 3411">
    <p class='ocr_par' dir='ltr' id='par_1_43' title="bbox 434 3341 2004 3411">
     <span class='ocr_line' id='line_1_43' title="bbox 434 3341 2004 3411; baseline 0.001 -18"><span class='ocrx_word' id='word_1_308' title='bbox 434 3343 626 3410; x_wconf 79' lang='lat' dir='ltr'><strong>prioris</strong></span> <span class='ocrx_word' id='word_1_309' title='bbox 671 3351 842 3397; x_wconf 87' lang='lat' dir='ltr'><strong>status</strong></span> <span class='ocrx_word' id='word_1_310' title='bbox 871 3342 1162 3396; x_wconf 89' lang='lat' dir='ltr'><strong>mutatione</strong></span> <span class='ocrx_word' id='word_1_311' title='bbox 1189 3341 1386 3411; x_wconf 87' lang='lat' dir='ltr'><strong>indiget</strong></span> <span class='ocrx_word' id='word_1_312' title='bbox 1415 3342 1560 3396; x_wconf 83' lang='lat' dir='ltr'><strong>salus</strong></span> <span class='ocrx_word' id='word_1_313' title='bbox 1595 3351 1796 3402; x_wconf 87' lang='lat' dir='ltr'><strong>nostra,</strong></span> <span class='ocrx_word' id='word_1_314' title='bbox 1822 3352 1875 3394; x_wconf 90' lang='lat' dir='ltr'><strong>ut</strong></span> <span class='ocrx_word' id='word_1_315' title='bbox 1917 3341 2004 3395; x_wconf 86' lang='lat' dir='ltr'><strong>alii</strong></span> 
     </span>
    </p>
   </div>
   <div class='ocr_carea' id='block_1_44' title="bbox 432 3411 2008 3482">
    <p class='ocr_par' dir='ltr' id='par_1_44' title="bbox 432 3411 2008 3482">
     <span class='ocr_line' id='line_1_44' title="bbox 432 3411 2008 3482; baseline 0 -18"><span class='ocrx_word' id='word_1_316' title='bbox 432 3413 502 3465; x_wconf 90' lang='lat' dir='ltr'><strong>ah</strong></span> <span class='ocrx_word' id='word_1_317' title='bbox 526 3429 590 3466; x_wconf 87' lang='lat' dir='ltr'><strong>eo</strong></span> <span class='ocrx_word' id='word_1_318' title='bbox 617 3413 759 3482; x_wconf 87' lang='lat' dir='ltr'><strong>qttod</strong></span> <span class='ocrx_word' id='word_1_319' title='bbox 788 3428 972 3466; x_wconf 90' lang='lat' dir='ltr'><strong>sumus</strong></span> <span class='ocrx_word' id='word_1_320' title='bbox 995 3412 1204 3478; x_wconf 84' lang='lat' dir='ltr'><strong>fiamus,</strong></span> <span class='ocrx_word' id='word_1_321' title='bbox 1236 3422 1292 3466; x_wconf 92' lang='lat' dir='ltr'><strong>ut</strong></span> <span class='ocrx_word' id='word_1_322' title='bbox 1311 3411 1449 3482; x_wconf 90' lang='lat' dir='ltr'><strong>quod</strong></span> <span class='ocrx_word' id='word_1_323' title='bbox 1481 3426 1684 3474; x_wconf 87' lang='lat' dir='ltr'><strong>sumus,</strong></span> <span class='ocrx_word' id='word_1_324' title='bbox 1717 3427 1835 3466; x_wconf 84' lang='lat' dir='ltr'><strong>esse</strong></span> <span class='ocrx_word' id='word_1_325' title='bbox 1865 3411 2008 3467; x_wconf 85' lang='lat' dir='ltr'><strong>desi-</strong></span> 
     </span>
    </p>
   </div>
   <div class='ocr_carea' id='block_1_45' title="bbox 431 3483 2007 3552">
    <p class='ocr_par' dir='ltr' id='par_1_45' title="bbox 431 3483 2007 3552">
     <span class='ocr_line' id='line_1_45' title="bbox 431 3483 2007 3552; baseline -0.001 -16"><span class='ocrx_word' id='word_1_326' title='bbox 431 3497 639 3548; x_wconf 76' lang='lat' dir='ltr'><strong>uamun,</strong></span> <span class='ocrx_word' id='word_1_327' title='bbox 653 3483 810 3536; x_wconf 83' lang='lat' dir='ltr'><strong>aliain</strong></span> <span class='ocrx_word' id='word_1_328' title='bbox 823 3494 997 3537; x_wconf 92' lang='lat' dir='ltr'><strong>autem</strong></span> <span class='ocrx_word' id='word_1_329' title='bbox 1011 3484 1169 3537; x_wconf 87' lang='lat' dir='ltr'><strong>vitam</strong></span> <span class='ocrx_word' id='word_1_330' title='bbox 1186 3483 1513 3544; x_wconf 82' lang='lat' dir='ltr'><strong>inchoemus.</strong></span> <span class='ocrx_word' id='word_1_331' title='bbox 1529 3497 1688 3552; x_wconf 89' lang='lat' dir='ltr'><strong>quam</strong></span> <span class='ocrx_word' id='word_1_332' title='bbox 1700 3489 1822 3536; x_wconf 87' lang='lat' dir='ltr'><strong>ante</strong></span> <span class='ocrx_word' id='word_1_333' title='bbox 1835 3493 2007 3536; x_wconf 87' lang='lat' dir='ltr'><strong>trans-</strong></span> 
     </span>
    </p>
   </div>
   <div class='ocr_carea' id='block_1_46' title="bbox 427 3553 2001 3623">
    <p class='ocr_par' dir='ltr' id='par_1_46' title="bbox 427 3553 2001 3623">
     <span class='ocr_line' id='line_1_46' title="bbox 427 3553 2001 3623; baseline -0.001 -17"><span class='ocrx_word' id='word_1_334' title='bbox 427 3555 756 3623; x_wconf 59' lang='lat' dir='ltr'><strong>gressionem</strong></span> <span class='ocrx_word' id='word_1_335' title='bbox 780 3554 1130 3609; x_wconf 86' lang='lat' dir='ltr'><strong>sectabamur.</strong></span> <span class='ocrx_word' id='word_1_336' title='bbox 1147 3554 1260 3608; x_wconf 86' lang='lat' dir='ltr'><strong>Non</strong></span> <span class='ocrx_word' id='word_1_337' title='bbox 1285 3559 1426 3609; x_wconf 89' lang='lat' dir='ltr'><strong>enim</strong></span> <span class='ocrx_word' id='word_1_338' title='bbox 1455 3553 1640 3608; x_wconf 87' lang='lat' dir='ltr'><strong>talises</strong></span> <span class='ocrx_word' id='word_1_339' title='bbox 1653 3556 1791 3621; x_wconf 86' lang='lat' dir='ltr'><strong>apud</strong></span> <span class='ocrx_word' id='word_1_340' title='bbox 1817 3554 2001 3617; x_wconf 87' lang='lat' dir='ltr'><strong>Deum,</strong></span> 
     </span>
    </p>
   </div>
   <div class='ocr_carea' id='block_1_47' title="bbox 427 3624 2004 3704">
    <p class='ocr_par' dir='ltr' id='par_1_47' title="bbox 427 3624 2004 3704">
     <span class='ocr_line' id='line_1_47' title="bbox 427 3624 2004 3704; baseline 0.001 -28"><span class='ocrx_word' id='word_1_341' title='bbox 427 3625 603 3704; x_wconf 63' lang='lat' dir='ltr'><strong>qualis</strong></span> <span class='ocrx_word' id='word_1_342' title='bbox 623 3640 648 3678; x_wconf 80' lang='grc' dir='ltr'><strong>ιι</strong></span> <span class='ocrx_word' id='word_1_343' title='bbox 677 3625 898 3704; x_wconf 72' lang='lat' dir='ltr'><strong>pueritia</strong></span> <span class='ocrx_word' id='word_1_344' title='bbox 920 3624 1061 3680; x_wconf 92' lang='lat' dir='ltr'><strong>fuisti</strong></span> <span class='ocrx_word' id='word_1_345' title='bbox 1087 3643 1100 3678; x_wconf 91' lang='lat'>:</span> <span class='ocrx_word' id='word_1_346' title='bbox 1130 3641 1301 3704; x_wconf 85' lang='lat' dir='ltr'><strong>neque</strong></span> <span class='ocrx_word' id='word_1_347' title='bbox 1321 3625 1451 3704; x_wconf 72' lang='lat' dir='ltr'><strong>tales</strong></span> <span class='ocrx_word' id='word_1_348' title='bbox 1466 3639 1533 3680; x_wconf 78' lang='lat' dir='ltr'><strong>ex</strong></span> <span class='ocrx_word' id='word_1_349' title='bbox 1551 3625 1821 3679; x_wconf 87' lang='lat' dir='ltr'><strong>creatione</strong></span> <span class='ocrx_word' id='word_1_350' title='bbox 1847 3625 2004 3704; x_wconf 80' lang='lat' dir='ltr'><strong>aDeo</strong></span> 
     </span>
    </p>
   </div>
   <div class='ocr_carea' id='block_1_48' title="bbox 427 3694 1998 3764">
    <p class='ocr_par' dir='ltr' id='par_1_48' title="bbox 427 3694 1998 3764">
     <span class='ocr_line' id='line_1_48' title="bbox 427 3694 1998 3764; baseline 0.001 -18"><span class='ocrx_word' id='word_1_351' title='bbox 427 3694 566 3750; x_wconf 77' lang='lat' dir='ltr'><strong>facta</strong></span> <span class='ocrx_word' id='word_1_352' title='bbox 592 3711 770 3750; x_wconf 88' lang='lat' dir='ltr'><strong>mores</strong></span> <span class='ocrx_word' id='word_1_353' title='bbox 797 3695 1039 3761; x_wconf 84' lang='lat' dir='ltr'><strong>haberes,</strong></span> <span class='ocrx_word' id='word_1_354' title='bbox 1068 3696 1252 3763; x_wconf 87' lang='lat' dir='ltr'><strong>quales</strong></span> <span class='ocrx_word' id='word_1_355' title='bbox 1280 3713 1346 3750; x_wconf 80' lang='lat' dir='ltr'><strong>ex</strong></span> <span class='ocrx_word' id='word_1_356' title='bbox 1377 3694 1603 3748; x_wconf 87' lang='lat' dir='ltr'><strong>lnnnana</strong></span> <span class='ocrx_word' id='word_1_357' title='bbox 1633 3696 1998 3764; x_wconf 80' lang='lat' dir='ltr'><strong>generatione.</strong></span> 
     </span>
    </p>
   </div>
   <div class='ocr_carea' id='block_1_49' title="bbox 425 3765 1998 3836">
    <p class='ocr_par' dir='ltr' id='par_1_49' title="bbox 425 3765 1998 3836">
     <span class='ocr_line' id='line_1_49' title="bbox 425 3765 1998 3836; baseline 0.001 -17"><span class='ocrx_word' id='word_1_358' title='bbox 425 3765 563 3820; x_wconf 86' lang='lat' dir='ltr'><strong>Audi</strong></span> <span class='ocrx_word' id='word_1_359' title='bbox 583 3768 757 3835; x_wconf 80' lang='lat' dir='ltr'><strong>itaque</strong></span> <span class='ocrx_word' id='word_1_360' title='bbox 774 3768 1044 3836; x_wconf 87' lang='lat' dir='ltr'><strong>jurantem</strong></span> <span class='ocrx_word' id='word_1_361' title='bbox 1065 3766 1366 3831; x_wconf 90' lang='lat' dir='ltr'><strong>Dominum,</strong></span> <span class='ocrx_word' id='word_1_362' title='bbox 1383 3774 1440 3820; x_wconf 91' lang='lat' dir='ltr'><strong>et</strong></span> <span class='ocrx_word' id='word_1_363' title='bbox 1459 3765 1606 3830; x_wconf 89' lang='lat' dir='ltr'><strong>time,</strong></span> <span class='ocrx_word' id='word_1_364' title='bbox 1620 3765 1779 3818; x_wconf 83' lang='lat' dir='ltr'><strong>Amen</strong></span> <span class='ocrx_word' id='word_1_365' title='bbox 1795 3766 1998 3835; x_wconf 77' lang='lat' dir='ltr'><strong>quippe,</strong></span> 
     </span>
    </p>
   </div>
   <div class='ocr_carea' id='block_1_50' title="bbox 419 3836 2003 3908">
    <p class='ocr_par' dir='ltr' id='par_1_50' title="bbox 419 3836 2003 3908">
     <span class='ocr_line' id='line_1_50' title="bbox 419 3836 2003 3908; baseline -0.003 -14"><span class='ocrx_word' id='word_1_366' title='bbox 419 3836 616 3905; x_wconf 66' lang='lat' dir='ltr'><strong>inquit,</strong></span> <span class='ocrx_word' id='word_1_367' title='bbox 649 3839 762 3891; x_wconf 79' lang='lat' dir='ltr'><strong>dico</strong></span> <span class='ocrx_word' id='word_1_368' title='bbox 806 3839 962 3902; x_wconf 87' lang='lat' dir='ltr'><strong>vobis,</strong></span> <span class='ocrx_word' id='word_1_369' title='bbox 1008 3839 1107 3892; x_wconf 78' lang='lat' dir='ltr'><strong>nisi</strong></span> <span class='ocrx_word' id='word_1_370' title='bbox 1127 3839 1239 3908; x_wconf 81' lang='lat' dir='ltr'><strong>quis</strong></span> <span class='ocrx_word' id='word_1_371' title='bbox 1278 3847 1425 3890; x_wconf 85' lang='lat' dir='ltr'><strong>natus</strong></span> <span class='ocrx_word' id='word_1_372' title='bbox 1455 3837 1604 3908; x_wconf 66' lang='lat' dir='ltr'><strong>fuerit</strong></span> <span class='ocrx_word' id='word_1_373' title='bbox 1642 3836 1877 3908; x_wconf 77' lang='lat' dir='ltr'><strong>desuper,</strong></span> <span class='ocrx_word' id='word_1_374' title='bbox 1904 3853 2003 3890; x_wconf 89' lang='lat' dir='ltr'><strong>non</strong></span> 
     </span>
    </p>
   </div>
   <div class='ocr_carea' id='block_1_51' title="bbox 427 3905 2004 3978">
    <p class='ocr_par' dir='ltr' id='par_1_51' title="bbox 427 3905 2004 3978">
     <span class='ocr_line' id='line_1_51' title="bbox 427 3905 2004 3978; baseline -0.001 -17"><span class='ocrx_word' id='word_1_375' title='bbox 427 3917 600 3976; x_wconf 79' lang='lat' dir='ltr'><strong>potest</strong></span> <span class='ocrx_word' id='word_1_376' title='bbox 630 3909 838 3963; x_wconf 79' lang='lat' dir='ltr'><strong>introire</strong></span> <span class='ocrx_word' id='word_1_377' title='bbox 874 3908 925 3961; x_wconf 91' lang='lat' dir='ltr'><strong>in</strong></span> <span class='ocrx_word' id='word_1_378' title='bbox 951 3905 1159 3978; x_wconf 83' lang='lat' dir='ltr'><strong>regnum</strong></span> <span class='ocrx_word' id='word_1_379' title='bbox 1188 3909 1427 3978; x_wconf 75' lang='lat' dir='ltr'><strong>actorum</strong></span> <span class='ocrx_word' id='word_1_380' title='bbox 1461 3905 1638 3977; x_wconf 82' lang='lat' dir='ltr'><strong>(Joan.</strong></span> <span class='ocrx_word' id='word_1_381' title='bbox 1671 3908 1722 3961; x_wconf 77' lang='grc' dir='ltr'><strong>ὅ.</strong></span> <span class='ocrx_word' id='word_1_382' title='bbox 1751 3906 1828 3978; x_wconf 78' lang='grc'><strong>5).</strong></span> <span class='ocrx_word' id='word_1_383' title='bbox 1861 3911 2004 3978; x_wconf 73' lang='lat' dir='ltr'><strong>Quo-</strong></span> 
     </span>
    </p>
   </div>
   <div class='ocr_carea' id='block_1_52' title="bbox 425 3977 2000 4047">
    <p class='ocr_par' dir='ltr' id='par_1_52' title="bbox 425 3977 2000 4047">
     <span class='ocr_line' id='line_1_52' title="bbox 425 3977 2000 4047; baseline 0.001 -16"><span class='ocrx_word' id='word_1_384' title='bbox 425 3979 567 4033; x_wconf 78' lang='lat' dir='ltr'><strong>circa</strong></span> <span class='ocrx_word' id='word_1_385' title='bbox 595 3994 785 4035; x_wconf 78' lang='lat' dir='ltr'><strong>novam</strong></span> <span class='ocrx_word' id='word_1_386' title='bbox 814 3977 1017 4034; x_wconf 82' lang='lat' dir='ltr'><strong>inchoa</strong></span> <span class='ocrx_word' id='word_1_387' title='bbox 1036 3979 1218 4044; x_wconf 88' lang='lat' dir='ltr'><strong>vitam,</strong></span> <span class='ocrx_word' id='word_1_388' title='bbox 1247 3977 1554 4047; x_wconf 89' lang='lat' dir='ltr'><strong>derelinque</strong></span> <span class='ocrx_word' id='word_1_389' title='bbox 1589 3978 1640 4030; x_wconf 91' lang='lat' dir='ltr'><strong>in</strong></span> <span class='ocrx_word' id='word_1_390' title='bbox 1670 3977 1900 4046; x_wconf 86' lang='lat' dir='ltr'><strong>peccatis</strong></span> <span class='ocrx_word' id='word_1_391' title='bbox 1920 3978 2000 4032; x_wconf 86' lang='lat' dir='ltr'><strong>itt-</strong></span> 
     </span>
    </p>
   </div>
   <div class='ocr_carea' id='block_1_53' title="bbox 426 4047 2002 4120">
    <p class='ocr_par' dir='ltr' id='par_1_53' title="bbox 426 4047 2002 4120">
     <span class='ocr_line' id='line_1_53' title="bbox 426 4047 2002 4120; baseline 0 -18"><span class='ocrx_word' id='word_1_392' title='bbox 426 4058 719 4104; x_wconf 88' lang='lat' dir='ltr'><strong>veteratam</strong></span> <span class='ocrx_word' id='word_1_393' title='bbox 753 4049 912 4104; x_wconf 89' lang='lat' dir='ltr'><strong>vitam</strong></span> <span class='ocrx_word' id='word_1_394' title='bbox 937 4067 951 4102; x_wconf 88' lang='lat'><strong>:</strong></span> <span class='ocrx_word' id='word_1_395' title='bbox 981 4050 1070 4120; x_wconf 93' lang='lat' dir='ltr'><strong>qui</strong></span> <span class='ocrx_word' id='word_1_396' title='bbox 1101 4048 1217 4120; x_wconf 90' lang='lat' dir='ltr'><strong>heri</strong></span> <span class='ocrx_word' id='word_1_397' title='bbox 1244 4048 1692 4120; x_wconf 79' lang='lat' dir='ltr'><strong>fornicatorerat,</strong></span> <span class='ocrx_word' id='word_1_398' title='bbox 1717 4047 1877 4102; x_wconf 89' lang='lat' dir='ltr'><strong>hodie</strong></span> <span class='ocrx_word' id='word_1_399' title='bbox 1908 4063 2002 4120; x_wconf 83' lang='lat' dir='ltr'><strong>ca-</strong></span> 
     </span>
    </p>
   </div>
   <div class='ocr_carea' id='block_1_54' title="bbox 422 4117 1992 4190">
    <p class='ocr_par' dir='ltr' id='par_1_54' title="bbox 422 4117 1992 4190">
     <span class='ocr_line' id='line_1_54' title="bbox 422 4117 1992 4190; baseline 0.001 -18"><span class='ocrx_word' id='word_1_400' title='bbox 422 4131 537 4175; x_wconf 88' lang='lat' dir='ltr'><strong>stus</strong></span> <span class='ocrx_word' id='word_1_401' title='bbox 565 4122 655 4174; x_wconf 85' lang='lat' dir='ltr'><strong>fiat</strong></span> <span class='ocrx_word' id='word_1_402' title='bbox 683 4139 697 4175; x_wconf 86' lang='lat'><strong>:</strong></span> <span class='ocrx_word' id='word_1_403' title='bbox 722 4120 815 4190; x_wconf 92' lang='lat' dir='ltr'><strong>qui</strong></span> <span class='ocrx_word' id='word_1_404' title='bbox 841 4120 954 4175; x_wconf 90' lang='lat' dir='ltr'><strong>heri</strong></span> <span class='ocrx_word' id='word_1_405' title='bbox 977 4117 1325 4174; x_wconf 83' lang='lat' dir='ltr'><strong>immoderate</strong></span> <span class='ocrx_word' id='word_1_406' title='bbox 1351 4117 1703 4184; x_wconf 90' lang='lat' dir='ltr'><strong>helluabatur,</strong></span> <span class='ocrx_word' id='word_1_407' title='bbox 1737 4119 1893 4174; x_wconf 87' lang='lat' dir='ltr'><strong>hodie</strong></span> <span class='ocrx_word' id='word_1_408' title='bbox 1913 4119 1992 4189; x_wconf 83' lang='lat' dir='ltr'><strong>je-</strong></span> 
     </span>
    </p>
   </div>
   <div class='ocr_carea' id='block_1_55' title="bbox 421 4189 1997 4260">
    <p class='ocr_par' dir='ltr' id='par_1_55' title="bbox 421 4189 1997 4260">
     <span class='ocr_line' id='line_1_55' title="bbox 421 4189 1997 4260; baseline 0.001 -18"><span class='ocrx_word' id='word_1_409' title='bbox 421 4191 638 4257; x_wconf 89' lang='lat' dir='ltr'><strong>jnuator</strong></span> <span class='ocrx_word' id='word_1_410' title='bbox 665 4189 790 4245; x_wconf 84' lang='lat' dir='ltr'><strong>fiat:</strong></span> <span class='ocrx_word' id='word_1_411' title='bbox 821 4190 961 4260; x_wconf 93' lang='lat' dir='ltr'><strong>quod</strong></span> <span class='ocrx_word' id='word_1_412' title='bbox 989 4190 1130 4244; x_wconf 90' lang='lat' dir='ltr'><strong>male</strong></span> <span class='ocrx_word' id='word_1_413' title='bbox 1155 4189 1485 4260; x_wconf 83' lang='lat' dir='ltr'><strong>contraxisti,</strong></span> <span class='ocrx_word' id='word_1_414' title='bbox 1516 4191 1778 4258; x_wconf 86' lang='lat' dir='ltr'><strong>posterius</strong></span> <span class='ocrx_word' id='word_1_415' title='bbox 1803 4190 1997 4260; x_wconf 87' lang='lat' dir='ltr'><strong>abjice,</strong></span> 
     </span>
    </p>
   </div>
   <div class='ocr_carea' id='block_1_56' title="bbox 417 4259 1998 4331">
    <p class='ocr_par' dir='ltr' id='par_1_56' title="bbox 417 4259 1998 4331">
     <span class='ocr_line' id='line_1_56' title="bbox 417 4259 1998 4331; baseline 0.001 -18"><span class='ocrx_word' id='word_1_416' title='bbox 417 4270 484 4314; x_wconf 88' lang='grc' dir='ltr'><strong>ιιι</strong></span> <span class='ocrx_word' id='word_1_417' title='bbox 510 4261 650 4331; x_wconf 86' lang='lat' dir='ltr'><strong>quod</strong></span> <span class='ocrx_word' id='word_1_418' title='bbox 681 4269 824 4316; x_wconf 89' lang='lat' dir='ltr'><strong>recte</strong></span> <span class='ocrx_word' id='word_1_419' title='bbox 846 4259 881 4313; x_wconf 44' lang='lat' dir='ltr'><strong>&#39;a</strong></span> <span class='ocrx_word' id='word_1_420' title='bbox 904 4261 1164 4331; x_wconf 85' lang='lat' dir='ltr'><strong>principio</strong></span> <span class='ocrx_word' id='word_1_421' title='bbox 1189 4259 1369 4314; x_wconf 88' lang='lat' dir='ltr'><strong>datum</strong></span> <span class='ocrx_word' id='word_1_422' title='bbox 1393 4268 1496 4322; x_wconf 90' lang='lat' dir='ltr'><strong>est,</strong></span> <span class='ocrx_word' id='word_1_423' title='bbox 1522 4274 1824 4329; x_wconf 86' lang='lat' dir='ltr'><strong>recuperes.</strong></span> <span class='ocrx_word' id='word_1_424' title='bbox 1867 4259 1998 4316; x_wconf 79' lang='lat' dir='ltr'><strong>Per-</strong></span> 
     </span>
    </p>
   </div>
   <div class='ocr_carea' id='block_1_57' title="bbox 421 4331 2002 4403">
    <p class='ocr_par' dir='ltr' id='par_1_57' title="bbox 421 4331 2002 4403">
     <span class='ocr_line' id='line_1_57' title="bbox 421 4331 2002 4403; baseline 0.003 -20"><span class='ocrx_word' id='word_1_425' title='bbox 421 4332 670 4395; x_wconf 78' lang='lat' dir='ltr'><strong>exiguum</strong></span> <span class='ocrx_word' id='word_1_426' title='bbox 695 4341 778 4388; x_wconf 92' lang='lat' dir='ltr'><strong>est</strong></span> <span class='ocrx_word' id='word_1_427' title='bbox 801 4331 919 4387; x_wconf 90' lang='lat' dir='ltr'><strong>sine</strong></span> <span class='ocrx_word' id='word_1_428' title='bbox 940 4331 1340 4402; x_wconf 85' lang='lat' dir='ltr'><strong>perturbatione</strong></span> <span class='ocrx_word' id='word_1_429' title='bbox 1364 4345 1427 4386; x_wconf 87' lang='lat' dir='ltr'><strong>ac</strong></span> <span class='ocrx_word' id='word_1_430' title='bbox 1451 4331 1566 4386; x_wconf 89' lang='lat' dir='ltr'><strong>sine</strong></span> <span class='ocrx_word' id='word_1_431' title='bbox 1591 4331 1857 4386; x_wconf 83' lang='lat' dir='ltr'><strong>iracundia</strong></span> <span class='ocrx_word' id='word_1_432' title='bbox 1881 4348 2002 4403; x_wconf 87' lang='lat' dir='ltr'><strong>per-</strong></span> 
     </span>
    </p>
   </div>
   <div class='ocr_carea' id='block_1_58' title="bbox 420 4414 659 4456">
    <p class='ocr_par' dir='ltr' id='par_1_58' title="bbox 420 4414 659 4456">
     <span class='ocr_line' id='line_1_58' title="bbox 420 4414 659 4456; baseline 0 -2"><span class='ocrx_word' id='word_1_433' title='bbox 420 4414 659 4456; x_wconf 69' lang='grc'><strong>11121161⁸0.</strong></span> 
     </span>
    </p>
   </div>
   <div class='ocr_carea' id='block_1_59' title="bbox 491 4469 1996 4540">
    <p class='ocr_par' dir='ltr' id='par_1_59' title="bbox 491 4469 1996 4540">
     <span class='ocr_line' id='line_1_59' title="bbox 491 4469 1996 4540; baseline 0.001 -15"><span class='ocrx_word' id='word_1_434' title='bbox 491 4469 744 4527; x_wconf 74' lang='lat' dir='ltr'><strong>Hortatur</strong></span> <span class='ocrx_word' id='word_1_435' title='bbox 766 4473 834 4527; x_wconf 86' lang='lat' dir='ltr'><strong>ad</strong></span> <span class='ocrx_word' id='word_1_436' title='bbox 856 4472 1159 4540; x_wconf 70' lang='lat' dir='ltr'><strong>inferiarum</strong></span> <span class='ocrx_word' id='word_1_437' title='bbox 1199 4471 1563 4526; x_wconf 75' lang='lat' dir='ltr'><strong>remissionem.</strong></span> <span class='ocrx_word' id='word_1_438' title='bbox 1583 4500 1656 4512; x_wconf 89' lang='lat'><strong>-—</strong></span> <span class='ocrx_word' id='word_1_439' title='bbox 1678 4470 1780 4540; x_wconf 76' lang='lat' dir='ltr'><strong>Qui</strong></span> <span class='ocrx_word' id='word_1_440' title='bbox 1810 4485 1996 4527; x_wconf 80' lang='lat' dir='ltr'><strong>secun-</strong></span> 
     </span>
    </p>
   </div>
   <div class='ocr_carea' id='block_1_60' title="bbox 417 4542 2002 4614">
    <p class='ocr_par' dir='ltr' id='par_1_60' title="bbox 417 4542 2002 4614">
     <span class='ocr_line' id='line_1_60' title="bbox 417 4542 2002 4614; baseline 0.001 -17"><span class='ocrx_word' id='word_1_441' title='bbox 417 4542 547 4598; x_wconf 90' lang='lat' dir='ltr'><strong>dum</strong></span> <span class='ocrx_word' id='word_1_442' title='bbox 578 4544 860 4614; x_wconf 84' lang='lat' dir='ltr'><strong>imaginem</strong></span> <span class='ocrx_word' id='word_1_443' title='bbox 901 4542 997 4599; x_wconf 90' lang='lat' dir='ltr'><strong>Dei</strong></span> <span class='ocrx_word' id='word_1_444' title='bbox 1023 4546 1201 4599; x_wconf 88' lang='lat' dir='ltr'><strong>vivere</strong></span> <span class='ocrx_word' id='word_1_445' title='bbox 1225 4544 1392 4612; x_wconf 85' lang='lat' dir='ltr'><strong>cupit,</strong></span> <span class='ocrx_word' id='word_1_446' title='bbox 1424 4543 1468 4599; x_wconf 91' lang='lat' dir='ltr'><strong>is</strong></span> <span class='ocrx_word' id='word_1_447' title='bbox 1492 4543 1561 4598; x_wconf 91' lang='lat' dir='ltr'><strong>ab</strong></span> <span class='ocrx_word' id='word_1_448' title='bbox 1585 4544 1834 4598; x_wconf 90' lang='lat' dir='ltr'><strong>omnibus</strong></span> <span class='ocrx_word' id='word_1_449' title='bbox 1871 4558 2002 4598; x_wconf 89' lang='lat' dir='ltr'><strong>con-</strong></span> 
     </span>
    </p>
   </div>
   <div class='ocr_carea' id='block_1_61' title="bbox 422 4614 1996 4684">
    <p class='ocr_par' dir='ltr' id='par_1_61' title="bbox 422 4614 1996 4684">
     <span class='ocr_line' id='line_1_61' title="bbox 422 4614 1996 4684; baseline 0.002 -17"><span class='ocrx_word' id='word_1_450' title='bbox 422 4615 623 4684; x_wconf 73' lang='lat' dir='ltr'><strong>temni,</strong></span> <span class='ocrx_word' id='word_1_451' title='bbox 641 4615 847 4684; x_wconf 86' lang='lat' dir='ltr'><strong>despui,</strong></span> <span class='ocrx_word' id='word_1_452' title='bbox 877 4629 941 4669; x_wconf 92' lang='lat' dir='ltr'><strong>ac</strong></span> <span class='ocrx_word' id='word_1_453' title='bbox 986 4615 1254 4670; x_wconf 85' lang='lat' dir='ltr'><strong>tloccifleri</strong></span> <span class='ocrx_word' id='word_1_454' title='bbox 1284 4615 1464 4680; x_wconf 88' lang='lat' dir='ltr'><strong>debet,</strong></span> <span class='ocrx_word' id='word_1_455' title='bbox 1509 4628 1631 4668; x_wconf 89' lang='lat' dir='ltr'><strong>cum</strong></span> <span class='ocrx_word' id='word_1_456' title='bbox 1656 4614 1852 4681; x_wconf 86' lang='lat' dir='ltr'><strong>verbis,</strong></span> <span class='ocrx_word' id='word_1_457' title='bbox 1887 4623 1996 4671; x_wconf 90' lang='lat' dir='ltr'><strong>tum</strong></span> 
     </span>
    </p>
   </div>
   <div class='ocr_carea' id='block_1_62' title="bbox 419 4683 1996 4754">
    <p class='ocr_par' dir='ltr' id='par_1_62' title="bbox 419 4683 1996 4754">
     <span class='ocr_line' id='line_1_62' title="bbox 419 4683 1996 4754; baseline 0.003 -16"><span class='ocrx_word' id='word_1_458' title='bbox 419 4685 590 4739; x_wconf 85' lang='lat' dir='ltr'><strong>factis.</strong></span> <span class='ocrx_word' id='word_1_459' title='bbox 608 4683 749 4738; x_wconf 85' lang='lat' dir='ltr'><strong>Nam</strong></span> <span class='ocrx_word' id='word_1_460' title='bbox 784 4694 839 4740; x_wconf 90' lang='lat' dir='ltr'><strong>et</strong></span> <span class='ocrx_word' id='word_1_461' title='bbox 874 4684 1084 4740; x_wconf 86' lang='lat' dir='ltr'><strong>&#39;idcirco</strong></span> <span class='ocrx_word' id='word_1_462' title='bbox 1128 4699 1303 4754; x_wconf 90' lang='lat' dir='ltr'><strong>neque</strong></span> <span class='ocrx_word' id='word_1_463' title='bbox 1337 4699 1432 4753; x_wconf 92' lang='lat' dir='ltr'><strong>par</strong></span> <span class='ocrx_word' id='word_1_464' title='bbox 1469 4685 1666 4740; x_wconf 89' lang='lat' dir='ltr'><strong>referre</strong></span> <span class='ocrx_word' id='word_1_465' title='bbox 1697 4686 1894 4741; x_wconf 91' lang='lat' dir='ltr'><strong>malum</strong></span> <span class='ocrx_word' id='word_1_466' title='bbox 1918 4687 1996 4753; x_wconf 88' lang='lat' dir='ltr'><strong>ei,</strong></span> 
     </span>
    </p>
   </div>
   <div class='ocr_carea' id='block_1_63' title="bbox 456 4754 1999 4826">
    <p class='ocr_par' dir='ltr' id='par_1_63' title="bbox 456 4754 1999 4826">
     <span class='ocr_line' id='line_1_63' title="bbox 456 4754 1999 4826; baseline 0.003 -18"><span class='ocrx_word' id='word_1_467' title='bbox 456 4755 508 4810; x_wconf 93' lang='lat' dir='ltr'><strong>ui</strong></span> <span class='ocrx_word' id='word_1_468' title='bbox 539 4755 731 4824; x_wconf 90' lang='lat' dir='ltr'><strong>injuria</strong></span> <span class='ocrx_word' id='word_1_469' title='bbox 755 4755 1026 4826; x_wconf 79' lang='lat' dir='ltr'><strong>all&#39;ecerat,</strong></span> <span class='ocrx_word' id='word_1_470' title='bbox 1043 4754 1223 4826; x_wconf 85' lang='lat' dir='ltr'><strong>jussit,</strong></span> <span class='ocrx_word' id='word_1_471' title='bbox 1251 4771 1320 4810; x_wconf 91' lang='lat' dir='ltr'><strong>ne</strong></span> <span class='ocrx_word' id='word_1_472' title='bbox 1343 4755 1390 4810; x_wconf 91' lang='lat' dir='ltr'><strong>si</strong></span> <span class='ocrx_word' id='word_1_473' title='bbox 1419 4755 1491 4819; x_wconf 88' lang='lat' dir='ltr'><strong>ei,</strong></span> <span class='ocrx_word' id='word_1_474' title='bbox 1513 4755 1605 4825; x_wconf 92' lang='lat' dir='ltr'><strong>qui</strong></span> <span class='ocrx_word' id='word_1_475' title='bbox 1637 4756 1826 4826; x_wconf 87' lang='lat' dir='ltr'><strong>injuria</strong></span> <span class='ocrx_word' id='word_1_476' title='bbox 1853 4766 1906 4812; x_wconf 93' lang='lat' dir='ltr'><strong>te</strong></span> <span class='ocrx_word' id='word_1_477' title='bbox 1926 4758 1999 4812; x_wconf 87' lang='lat' dir='ltr'><strong>af-</strong></span> 
     </span>
    </p>
   </div>
   <div class='ocr_carea' id='block_1_64' title="bbox 437 4825 1999 4896">
    <p class='ocr_par' dir='ltr' id='par_1_64' title="bbox 437 4825 1999 4896">
     <span class='ocr_line' id='line_1_64' title="bbox 437 4825 1999 4896; baseline 0.001 -16"><span class='ocrx_word' id='word_1_478' title='bbox 437 4825 564 4891; x_wconf 76' lang='lat' dir='ltr'><strong>ecit,</strong></span> <span class='ocrx_word' id='word_1_479' title='bbox 587 4841 683 4896; x_wconf 89' lang='lat' dir='ltr'><strong>par</strong></span> <span class='ocrx_word' id='word_1_480' title='bbox 711 4826 979 4889; x_wconf 86' lang='lat' dir='ltr'><strong>retuleris,</strong></span> <span class='ocrx_word' id='word_1_481' title='bbox 1006 4825 1386 4880; x_wconf 82' lang='lat' dir='ltr'><strong>humanitatem</strong></span> <span class='ocrx_word' id='word_1_482' title='bbox 1411 4865 1426 4888; x_wconf 90' lang='lat'><strong>,</strong></span> <span class='ocrx_word' id='word_1_483' title='bbox 1448 4839 1569 4894; x_wconf 69' lang='lat' dir='ltr'><strong>quae</strong></span> <span class='ocrx_word' id='word_1_484' title='bbox 1593 4825 1884 4881; x_wconf 87' lang='lat' dir='ltr'><strong>secundum</strong></span> <span class='ocrx_word' id='word_1_485' title='bbox 1911 4842 1999 4882; x_wconf 83' lang='lat' dir='ltr'><strong>na-</strong></span> 
     </span>
    </p>
   </div>
   <div class='ocr_carea' id='block_1_65' title="bbox 417 4896 1992 4968">
    <p class='ocr_par' dir='ltr' id='par_1_65' title="bbox 417 4896 1992 4968">
     <span class='ocr_line' id='line_1_65' title="bbox 417 4896 1992 4968; baseline 0.001 -17"><span class='ocrx_word' id='word_1_486' title='bbox 417 4907 592 4952; x_wconf 87' lang='lat' dir='ltr'><strong>turam</strong></span> <span class='ocrx_word' id='word_1_487' title='bbox 619 4907 723 4964; x_wconf 75' lang='lat' dir='ltr'><strong>est,</strong></span> <span class='ocrx_word' id='word_1_488' title='bbox 753 4896 1068 4966; x_wconf 88' lang='lat' dir='ltr'><strong>perdideris.</strong></span> <span class='ocrx_word' id='word_1_489' title='bbox 1085 4896 1202 4951; x_wconf 84' lang='lat' dir='ltr'><strong>Noli</strong></span> <span class='ocrx_word' id='word_1_490' title='bbox 1217 4911 1345 4968; x_wconf 86' lang='lat' dir='ltr'><strong>ergo</strong></span> <span class='ocrx_word' id='word_1_491' title='bbox 1369 4897 1515 4968; x_wconf 85' lang='lat' dir='ltr'><strong>apud</strong></span> <span class='ocrx_word' id='word_1_492' title='bbox 1535 4905 1586 4951; x_wconf 91' lang='lat' dir='ltr'><strong>te</strong></span> <span class='ocrx_word' id='word_1_493' title='bbox 1605 4896 1836 4968; x_wconf 81' lang='lat' dir='ltr'><strong>prudens</strong></span> <span class='ocrx_word' id='word_1_494' title='bbox 1851 4911 1992 4968; x_wconf 87' lang='lat' dir='ltr'><strong>esse,</strong></span> 
     </span>
    </p>
   </div>
   <div class='ocr_carea' id='block_1_66' title="bbox 415 4966 1990 5039">
    <p class='ocr_par' dir='ltr' id='par_1_66' title="bbox 415 4966 1990 5039">
     <span class='ocr_line' id='line_1_66' title="bbox 415 4966 1990 5039; baseline -0.001 -15"><span class='ocrx_word' id='word_1_495' title='bbox 415 4978 604 5039; x_wconf 77' lang='lat' dir='ltr'><strong>utpote</strong></span> <span class='ocrx_word' id='word_1_496' title='bbox 628 4969 720 5039; x_wconf 90' lang='lat' dir='ltr'><strong>qui</strong></span> <span class='ocrx_word' id='word_1_497' title='bbox 745 4968 937 5024; x_wconf 88' lang='lat' dir='ltr'><strong>merito</strong></span> <span class='ocrx_word' id='word_1_498' title='bbox 951 4982 1096 5031; x_wconf 89' lang='lat' dir='ltr'><strong>eum,</strong></span> <span class='ocrx_word' id='word_1_499' title='bbox 1118 4981 1148 5022; x_wconf 85' lang='lat' dir='ltr'><strong>a</strong></span> <span class='ocrx_word' id='word_1_500' title='bbox 1175 4966 1470 5039; x_wconf 48' lang='lat' dir='ltr'><strong>quo&#39;lzesus</strong></span> <span class='ocrx_word' id='word_1_501' title='bbox 1494 4967 1677 5031; x_wconf 83' lang='lat' dir='ltr'><strong>fueris,</strong></span> <span class='ocrx_word' id='word_1_502' title='bbox 1696 4966 1990 5039; x_wconf 77' lang='lat' dir='ltr'><strong>ulciscaris.</strong></span> 
     </span>
    </p>
   </div>
   <div class='ocr_carea' id='block_1_67' title="bbox 414 5035 1995 5096">
    <p class='ocr_par' dir='ltr' id='par_1_67' title="bbox 414 5035 1995 5096">
     <span class='ocr_line' id='line_1_67' title="bbox 414 5035 1995 5096; baseline -0.003 -3"><span class='ocrx_word' id='word_1_503' title='bbox 414 5035 720 5095; x_wconf 69' lang='lat' dir='ltr'><strong>Recordare</strong></span> <span class='ocrx_word' id='word_1_504' title='bbox 777 5053 1052 5094; x_wconf 86' lang='lat' dir='ltr'><strong>sacrorum</strong></span> <span class='ocrx_word' id='word_1_505' title='bbox 1103 5035 1250 5093; x_wconf 81' lang='lat' dir='ltr'><strong>Pauli</strong></span> <span class='ocrx_word' id='word_1_506' title='bbox 1297 5038 1762 5096; x_wconf 87' lang='lat' dir='ltr'><strong>documentorum,</strong></span> <span class='ocrx_word' id='word_1_507' title='bbox 1818 5035 1995 5090; x_wconf 80' lang='lat' dir='ltr'><strong>Nolite</strong></span> 
     </span>
    </p>
   </div>
   <div class='ocr_carea' id='block_1_68' title="bbox 413 5107 1993 5178">
    <p class='ocr_par' dir='ltr' id='par_1_68' title="bbox 413 5107 1993 5178">
     <span class='ocr_line' id='line_1_68' title="bbox 413 5107 1993 5178; baseline -0.001 -16"><span class='ocrx_word' id='word_1_508' title='bbox 413 5127 520 5164; x_wconf 72' lang='lat' dir='ltr'><strong>esse</strong></span> <span class='ocrx_word' id='word_1_509' title='bbox 575 5111 842 5177; x_wconf 80' lang='lat' dir='ltr'><strong>prudentes</strong></span> <span class='ocrx_word' id='word_1_510' title='bbox 881 5110 1023 5178; x_wconf 78' lang='lat' dir='ltr'><strong>apud</strong></span> <span class='ocrx_word' id='word_1_511' title='bbox 1063 5109 1384 5178; x_wconf 78' lang='lat' dir='ltr'><strong>vosmetipsos</strong></span> <span class='ocrx_word' id='word_1_512' title='bbox 1403 5151 1417 5172; x_wconf 90' lang='lat'><strong>,</strong></span> <span class='ocrx_word' id='word_1_513' title='bbox 1461 5124 1615 5176; x_wconf 85' lang='lat' dir='ltr'><strong>neque</strong></span> <span class='ocrx_word' id='word_1_514' title='bbox 1660 5107 1850 5160; x_wconf 79' lang='lat' dir='ltr'><strong>malum</strong></span> <span class='ocrx_word' id='word_1_515' title='bbox 1901 5125 1993 5176; x_wconf 88' lang='lat' dir='ltr'><strong>pro</strong></span> 
     </span>
    </p>
   </div>
   <div class='ocr_carea' id='block_1_69' title="bbox 412 5179 1992 5252">
    <p class='ocr_par' dir='ltr' id='par_1_69' title="bbox 412 5179 1992 5252">
     <span class='ocr_line' id='line_1_69' title="bbox 412 5179 1992 5252; baseline -0.001 -19"><span class='ocrx_word' id='word_1_516' title='bbox 412 5184 546 5233; x_wconf 76' lang='lat' dir='ltr'><strong>malo</strong></span> <span class='ocrx_word' id='word_1_517' title='bbox 569 5182 830 5234; x_wconf 85' lang='lat' dir='ltr'><strong>reddentes</strong></span> <span class='ocrx_word' id='word_1_518' title='bbox 851 5180 1030 5252; x_wconf 86' lang='lat' dir='ltr'><strong>(Rom.</strong></span> <span class='ocrx_word' id='word_1_519' title='bbox 1064 5181 1147 5252; x_wconf 69' lang='grc'><strong>12.</strong></span> <span class='ocrx_word' id='word_1_520' title='bbox 1181 5180 1266 5234; x_wconf 75' lang='grc'><strong>16.</strong></span> <span class='ocrx_word' id='word_1_521' title='bbox 1299 5181 1411 5252; x_wconf 68' lang='lat' dir='ltr'><strong>i7).</strong></span> <span class='ocrx_word' id='word_1_522' title='bbox 1444 5179 1556 5233; x_wconf 83' lang='lat' dir='ltr'><strong>Non</strong></span> <span class='ocrx_word' id='word_1_523' title='bbox 1585 5179 1885 5240; x_wconf 90' lang='lat' dir='ltr'><strong>honestum,</strong></span> <span class='ocrx_word' id='word_1_524' title='bbox 1913 5179 1992 5232; x_wconf 87' lang='lat' dir='ltr'><strong>ul-</strong></span> 
     </span>
    </p>
   </div>
   <div class='ocr_carea' id='block_1_70' title="bbox 411 5250 1989 5320">
    <p class='ocr_par' dir='ltr' id='par_1_70' title="bbox 411 5250 1989 5320">
     <span class='ocr_line' id='line_1_70' title="bbox 411 5250 1989 5320; baseline -0.001 -18"><span class='ocrx_word' id='word_1_525' title='bbox 411 5261 585 5306; x_wconf 80' lang='lat' dir='ltr'><strong>torem</strong></span> <span class='ocrx_word' id='word_1_526' title='bbox 606 5267 744 5318; x_wconf 84' lang='lat' dir='ltr'><strong>esse,</strong></span> <span class='ocrx_word' id='word_1_527' title='bbox 769 5250 867 5306; x_wconf 83' lang='lat' dir='ltr'><strong>aut</strong></span> <span class='ocrx_word' id='word_1_528' title='bbox 890 5253 968 5304; x_wconf 85' lang='lat' dir='ltr'><strong>sui</strong></span> <span class='ocrx_word' id='word_1_529' title='bbox 1000 5251 1164 5320; x_wconf 78' lang='lat' dir='ltr'><strong>ipsius</strong></span> <span class='ocrx_word' id='word_1_530' title='bbox 1193 5250 1480 5305; x_wconf 88' lang='lat' dir='ltr'><strong>vindictam</strong></span> <span class='ocrx_word' id='word_1_531' title='bbox 1507 5265 1747 5318; x_wconf 68' lang='lat' dir='ltr'><strong>quaerere</strong></span> <span class='ocrx_word' id='word_1_532' title='bbox 1767 5267 1788 5320; x_wconf 15' lang='lat'><strong>:7</strong></span> <span class='ocrx_word' id='word_1_533' title='bbox 1807 5265 1989 5320; x_wconf 89' lang='lat' dir='ltr'><strong>verum</strong></span> 
     </span>
    </p>
   </div>
   <div class='ocr_carea' id='block_1_71' title="bbox 409 5319 1992 5391">
    <p class='ocr_par' dir='ltr' id='par_1_71' title="bbox 409 5319 1992 5391">
     <span class='ocr_line' id='line_1_71' title="bbox 409 5319 1992 5391; baseline -0.002 -14"><span class='ocrx_word' id='word_1_534' title='bbox 409 5323 615 5391; x_wconf 77' lang='lat' dir='ltr'><strong>projicc</strong></span> <span class='ocrx_word' id='word_1_535' title='bbox 665 5323 840 5387; x_wconf 78' lang='lat' dir='ltr'><strong>potius</strong></span> <span class='ocrx_word' id='word_1_536' title='bbox 881 5319 1031 5375; x_wconf 86' lang='lat' dir='ltr'><strong>tuam</strong></span> <span class='ocrx_word' id='word_1_537' title='bbox 1058 5321 1342 5376; x_wconf 83' lang='lat' dir='ltr'><strong>vindictam</strong></span> <span class='ocrx_word' id='word_1_538' title='bbox 1385 5321 1441 5374; x_wconf 88' lang='lat' dir='ltr'><strong>in</strong></span> <span class='ocrx_word' id='word_1_539' title='bbox 1485 5321 1671 5391; x_wconf 86' lang='lat' dir='ltr'><strong>Deum,</strong></span> <span class='ocrx_word' id='word_1_540' title='bbox 1703 5319 1793 5390; x_wconf 91' lang='lat' dir='ltr'><strong>qui</strong></span> <span class='ocrx_word' id='word_1_541' title='bbox 1835 5319 1992 5391; x_wconf 82' lang='lat' dir='ltr'><strong>ultio-</strong></span> 
     </span>
    </p>
   </div>
   <div class='ocr_carea' id='block_1_72' title="bbox 409 5389 1988 5460">
    <p class='ocr_par' dir='ltr' id='par_1_72' title="bbox 409 5389 1988 5460">
     <span class='ocr_line' id='line_1_72' title="bbox 409 5389 1988 5460; baseline -0.002 -14"><span class='ocrx_word' id='word_1_542' title='bbox 409 5389 534 5446; x_wconf 82' lang='lat' dir='ltr'><strong>nem</strong></span> <span class='ocrx_word' id='word_1_543' title='bbox 570 5394 688 5446; x_wconf 75' lang='lat' dir='ltr'><strong>sine</strong></span> <span class='ocrx_word' id='word_1_544' title='bbox 713 5392 982 5446; x_wconf 87' lang='lat' dir='ltr'><strong>iracundia</strong></span> <span class='ocrx_word' id='word_1_545' title='bbox 1007 5393 1060 5446; x_wconf 90' lang='lat' dir='ltr'><strong>in</strong></span> <span class='ocrx_word' id='word_1_546' title='bbox 1087 5407 1201 5456; x_wconf 80' lang='lat' dir='ltr'><strong>eos,</strong></span> <span class='ocrx_word' id='word_1_547' title='bbox 1233 5406 1262 5444; x_wconf 93' lang='lat' dir='ltr'><strong>a</strong></span> <span class='ocrx_word' id='word_1_548' title='bbox 1290 5392 1480 5460; x_wconf 83' lang='lat' dir='ltr'><strong>quibus</strong></span> <span class='ocrx_word' id='word_1_549' title='bbox 1511 5390 1655 5444; x_wconf 83' lang='lat' dir='ltr'><strong>fuisti</strong></span> <span class='ocrx_word' id='word_1_550' title='bbox 1680 5389 1863 5460; x_wconf 82' lang='lat' dir='ltr'><strong>laesus,</strong></span> <span class='ocrx_word' id='word_1_551' title='bbox 1889 5389 1988 5444; x_wconf 91' lang='lat' dir='ltr'><strong>de-</strong></span> 
     </span>
    </p>
   </div>
   <div class='ocr_carea' id='block_1_73' title="bbox 403 5459 1992 5532">
    <p class='ocr_par' dir='ltr' id='par_1_73' title="bbox 403 5459 1992 5532">
     <span class='ocr_line' id='line_1_73' title="bbox 403 5459 1992 5532; baseline -0.002 -14"><span class='ocrx_word' id='word_1_552' title='bbox 403 5463 584 5518; x_wconf 73' lang='lat' dir='ltr'><strong>mittet</strong></span> <span class='ocrx_word' id='word_1_553' title='bbox 640 5461 755 5518; x_wconf 80' lang='lat' dir='ltr'><strong>Non</strong></span> <span class='ocrx_word' id='word_1_554' title='bbox 782 5463 1109 5532; x_wconf 78' lang='lat' dir='ltr'><strong>vosmetipsos</strong></span> <span class='ocrx_word' id='word_1_555' title='bbox 1150 5459 1464 5526; x_wconf 80' lang='lat' dir='ltr'><strong>ulciscentes,</strong></span> <span class='ocrx_word' id='word_1_556' title='bbox 1515 5461 1702 5531; x_wconf 89' lang='lat' dir='ltr'><strong>inquit,</strong></span> <span class='ocrx_word' id='word_1_557' title='bbox 1748 5459 1837 5516; x_wconf 81' lang='lat' dir='ltr'><strong>sed</strong></span> <span class='ocrx_word' id='word_1_558' title='bbox 1877 5462 1992 5515; x_wconf 89' lang='lat' dir='ltr'><strong>date</strong></span> 
     </span>
    </p>
   </div>
   <div class='ocr_carea' id='block_1_74' title="bbox 410 5532 1990 5602">
    <p class='ocr_par' dir='ltr' id='par_1_74' title="bbox 410 5532 1990 5602">
     <span class='ocr_line' id='line_1_74' title="bbox 410 5532 1990 5602; baseline -0.001 -16"><span class='ocrx_word' id='word_1_559' title='bbox 410 5535 575 5586; x_wconf 75' lang='lat' dir='ltr'><strong>locum</strong></span> <span class='ocrx_word' id='word_1_560' title='bbox 601 5535 710 5587; x_wconf 79' lang='lat' dir='ltr'><strong>ine.</strong></span> <span class='ocrx_word' id='word_1_561' title='bbox 743 5534 1006 5602; x_wconf 84' lang='lat' dir='ltr'><strong>Scriptum</strong></span> <span class='ocrx_word' id='word_1_562' title='bbox 1048 5543 1121 5587; x_wconf 83' lang='lat' dir='ltr'><strong>est</strong></span> <span class='ocrx_word' id='word_1_563' title='bbox 1162 5534 1315 5598; x_wconf 78' lang='lat' dir='ltr'><strong>enim,</strong></span> <span class='ocrx_word' id='word_1_564' title='bbox 1345 5532 1478 5586; x_wconf 75' lang='lat' dir='ltr'><strong>Mihi</strong></span> <span class='ocrx_word' id='word_1_565' title='bbox 1506 5533 1725 5585; x_wconf 79' lang='lat' dir='ltr'><strong>vindicta</strong></span> <span class='ocrx_word' id='word_1_566' title='bbox 1749 5549 1767 5596; x_wconf 90' lang='lat'><strong><em>;</em></strong></span> <span class='ocrx_word' id='word_1_567' title='bbox 1796 5549 1885 5602; x_wconf 81' lang='lat' dir='ltr'><strong>ego</strong></span> <span class='ocrx_word' id='word_1_568' title='bbox 1913 5548 1990 5585; x_wconf 88' lang='lat' dir='ltr'><strong>re-</strong></span> 
     </span>
    </p>
   </div>
   <div class='ocr_carea' id='block_1_75' title="bbox 409 5602 1988 5674">
    <p class='ocr_par' dir='ltr' id='par_1_75' title="bbox 409 5602 1988 5674">
     <span class='ocr_line' id='line_1_75' title="bbox 409 5602 1988 5674; baseline 0 -18"><span class='ocrx_word' id='word_1_569' title='bbox 409 5605 622 5656; x_wconf 68' lang='lat' dir='ltr'><strong>tribuam</strong></span> <span class='ocrx_word' id='word_1_570' title='bbox 674 5605 796 5656; x_wconf 81' lang='lat' dir='ltr'><strong>dicit</strong></span> <span class='ocrx_word' id='word_1_571' title='bbox 827 5603 1072 5658; x_wconf 80' lang='lat' dir='ltr'><strong>Dominus</strong></span> <span class='ocrx_word' id='word_1_572' title='bbox 1101 5603 1206 5674; x_wconf 87' lang='lat' dir='ltr'><strong>(Ib.</strong></span> <span class='ocrx_word' id='word_1_573' title='bbox 1231 5620 1278 5656; x_wconf 87' lang='grc' dir='ltr'><strong>υ.</strong></span> <span class='ocrx_word' id='word_1_574' title='bbox 1313 5602 1517 5673; x_wconf 79' lang='lat' dir='ltr'><strong>i9).Ne</strong></span> <span class='ocrx_word' id='word_1_575' title='bbox 1540 5603 1708 5663; x_wconf 74' lang='lat' dir='ltr'><strong>dictis,</strong></span> <span class='ocrx_word' id='word_1_576' title='bbox 1740 5604 1988 5674; x_wconf 78' lang='lat' dir='ltr'><strong>Deusrc-</strong></span> 
     </span>
    </p>
   </div>
   <div class='ocr_carea' id='block_1_76' title="bbox 415 5672 1986 5744">
    <p class='ocr_par' dir='ltr' id='par_1_76' title="bbox 415 5672 1986 5744">
     <span class='ocr_line' id='line_1_76' title="bbox 415 5672 1986 5744; baseline -0.001 -18"><span class='ocrx_word' id='word_1_577' title='bbox 415 5675 599 5728; x_wconf 80' lang='lat' dir='ltr'><strong>tribuit</strong></span> <span class='ocrx_word' id='word_1_578' title='bbox 627 5713 640 5737; x_wconf 87' lang='lat'><strong>,</strong></span> <span class='ocrx_word' id='word_1_579' title='bbox 684 5674 972 5729; x_wconf 84' lang='lat' dir='ltr'><strong>retribuam</strong></span> <span class='ocrx_word' id='word_1_580' title='bbox 1001 5683 1057 5728; x_wconf 85' lang='lat' dir='ltr'><strong>et</strong></span> <span class='ocrx_word' id='word_1_581' title='bbox 1078 5672 1192 5744; x_wconf 75' lang='lat' dir='ltr'><strong>ego.</strong></span> <span class='ocrx_word' id='word_1_582' title='bbox 1227 5672 1514 5730; x_wconf 73' lang='lat' dir='ltr'><strong>Considera</strong></span> <span class='ocrx_word' id='word_1_583' title='bbox 1551 5673 1674 5742; x_wconf 89' lang='lat' dir='ltr'><strong>quid</strong></span> <span class='ocrx_word' id='word_1_584' title='bbox 1715 5674 1806 5727; x_wconf 87' lang='lat' dir='ltr'><strong>tibi</strong></span> <span class='ocrx_word' id='word_1_585' title='bbox 1837 5672 1986 5726; x_wconf 69' lang='lat' dir='ltr'><strong>lihri—</strong></span> 
     </span>
    </p>
   </div>
   <div class='ocr_carea' id='block_1_77' title="bbox 1899 325 2161 385">
    <p class='ocr_par' dir='ltr' id='par_1_77' title="bbox 1899 325 2161 385">
     <span class='ocr_line' id='line_1_77' title="bbox 1899 325 2161 385; baseline -0.011 0"><span class='ocrx_word' id='word_1_586' title='bbox 1899 325 2161 385; x_wconf 78' lang='lat' dir='ltr'><strong>SPURIA.</strong></span> 
     </span>
    </p>
   </div>
   <div class='ocr_carea' id='block_1_78' title="bbox 3554 319 3679 378">
    <p class='ocr_par' dir='ltr' id='par_1_78' title="bbox 3554 319 3679 378">
     <span class='ocr_line' id='line_1_78' title="bbox 3554 319 3679 378; baseline 0.04 -5"><span class='ocrx_word' id='word_1_587' title='bbox 3554 319 3679 378; x_wconf 73' lang='lat'><strong>107?.</strong></span> 
     </span>
    </p>
   </div>
   <div class='ocr_carea' id='block_1_79' title="bbox 2109 438 3671 505">
    <p class='ocr_par' dir='ltr' id='par_1_79' title="bbox 2109 438 3671 505">
     <span class='ocr_line' id='line_1_79' title="bbox 2109 438 3671 505; baseline -0.003 -9"><span class='ocrx_word' id='word_1_588' title='bbox 2109 451 2221 496; x_wconf 87' lang='lat' dir='ltr'><strong>stus</strong></span> <span class='ocrx_word' id='word_1_589' title='bbox 2249 440 2565 505; x_wconf 85' lang='lat' dir='ltr'><strong>ostenderit,</strong></span> <span class='ocrx_word' id='word_1_590' title='bbox 2595 455 2718 495; x_wconf 87' lang='lat' dir='ltr'><strong>cum</strong></span> <span class='ocrx_word' id='word_1_591' title='bbox 2749 440 2799 492; x_wconf 91' lang='lat' dir='ltr'><strong>in</strong></span> <span class='ocrx_word' id='word_1_592' title='bbox 2832 439 3086 494; x_wconf 89' lang='lat' dir='ltr'><strong>mundum</strong></span> <span class='ocrx_word' id='word_1_593' title='bbox 3119 438 3370 504; x_wconf 73' lang='lat' dir='ltr'><strong>venisset,</strong></span> <span class='ocrx_word' id='word_1_594' title='bbox 3395 448 3456 494; x_wconf 87' lang='lat' dir='ltr'><strong>ut</strong></span> <span class='ocrx_word' id='word_1_595' title='bbox 3485 439 3671 494; x_wconf 83' lang='lat' dir='ltr'><strong>saluta-</strong></span> 
     </span>
    </p>
   </div>
   <div class='ocr_carea' id='block_1_80' title="bbox 2105 510 3675 578">
    <p class='ocr_par' dir='ltr' id='par_1_80' title="bbox 2105 510 3675 578">
     <span class='ocr_line' id='line_1_80' title="bbox 2105 510 3675 578; baseline -0.001 -13"><span class='ocrx_word' id='word_1_596' title='bbox 2105 528 2216 566; x_wconf 84' lang='lat' dir='ltr'><strong>retn</strong></span> <span class='ocrx_word' id='word_1_597' title='bbox 2244 513 2364 566; x_wconf 66' lang='lat' dir='ltr'><strong>vitae</strong></span> <span class='ocrx_word' id='word_1_598' title='bbox 2406 511 2632 565; x_wconf 88' lang='lat' dir='ltr'><strong>formam</strong></span> <span class='ocrx_word' id='word_1_599' title='bbox 2669 518 2992 566; x_wconf 87' lang='lat' dir='ltr'><strong>monstraret</strong></span> <span class='ocrx_word' id='word_1_600' title='bbox 3023 527 3036 564; x_wconf 91' lang='lat'><strong>:</strong></span> <span class='ocrx_word' id='word_1_601' title='bbox 3065 519 3224 578; x_wconf 91' lang='lat' dir='ltr'><strong>atque</strong></span> <span class='ocrx_word' id='word_1_602' title='bbox 3271 511 3413 566; x_wconf 77' lang='lat' dir='ltr'><strong>hunc</strong></span> <span class='ocrx_word' id='word_1_603' title='bbox 3451 510 3675 570; x_wconf 79' lang='lat' dir='ltr'><strong>imitare.</strong></span> 
     </span>
    </p>
   </div>
   <div class='ocr_carea' id='block_1_81' title="bbox 2104 579 3677 647">
    <p class='ocr_par' dir='ltr' id='par_1_81' title="bbox 2104 579 3677 647">
     <span class='ocr_line' id='line_1_81' title="bbox 2104 579 3677 647; baseline -0.003 -11"><span class='ocrx_word' id='word_1_604' title='bbox 2104 593 2160 636; x_wconf 91' lang='grc' dir='ltr'><strong>ιιι</strong></span> <span class='ocrx_word' id='word_1_605' title='bbox 2189 583 2370 637; x_wconf 88' lang='lat' dir='ltr'><strong>salvus</strong></span> <span class='ocrx_word' id='word_1_606' title='bbox 2398 581 2514 636; x_wconf 85' lang='lat' dir='ltr'><strong>fias.</strong></span> <span class='ocrx_word' id='word_1_607' title='bbox 2543 581 2657 635; x_wconf 87' lang='lat' dir='ltr'><strong>Non</strong></span> <span class='ocrx_word' id='word_1_608' title='bbox 2683 580 2824 634; x_wconf 88' lang='lat' dir='ltr'><strong>enim</strong></span> <span class='ocrx_word' id='word_1_609' title='bbox 2858 581 3023 643; x_wconf 86' lang='lat' dir='ltr'><strong>venit,</strong></span> <span class='ocrx_word' id='word_1_610' title='bbox 3057 591 3115 634; x_wconf 94' lang='lat' dir='ltr'><strong>ut</strong></span> <span class='ocrx_word' id='word_1_611' title='bbox 3128 579 3291 647; x_wconf 79' lang='lat' dir='ltr'><strong>judex</strong></span> <span class='ocrx_word' id='word_1_612' title='bbox 3313 589 3480 646; x_wconf 89' lang='lat' dir='ltr'><strong>esset,</strong></span> <span class='ocrx_word' id='word_1_613' title='bbox 3509 591 3601 635; x_wconf 86' lang='lat' dir='ltr'><strong>aut</strong></span> <span class='ocrx_word' id='word_1_614' title='bbox 3629 592 3677 633; x_wconf 90' lang='lat' dir='ltr'><strong>ut</strong></span> 
     </span>
    </p>
   </div>
   <div class='ocr_carea' id='block_1_82' title="bbox 2103 650 3678 722">
    <p class='ocr_par' dir='ltr' id='par_1_82' title="bbox 2103 650 3678 722">
     <span class='ocr_line' id='line_1_82' title="bbox 2103 650 3678 722; baseline -0.001 -15"><span class='ocrx_word' id='word_1_615' title='bbox 2103 668 2216 718; x_wconf 90' lang='lat' dir='ltr'><strong>eos,</strong></span> <span class='ocrx_word' id='word_1_616' title='bbox 2239 654 2328 722; x_wconf 92' lang='lat' dir='ltr'><strong>qui</strong></span> <span class='ocrx_word' id='word_1_617' title='bbox 2351 652 2451 707; x_wconf 89' lang='lat' dir='ltr'><strong>sibi</strong></span> <span class='ocrx_word' id='word_1_618' title='bbox 2479 650 2916 722; x_wconf 83' lang='lat' dir='ltr'><strong>adversabantur.</strong></span> <span class='ocrx_word' id='word_1_619' title='bbox 2947 651 3330 722; x_wconf 74' lang='lat' dir='ltr'><strong>ulcisceretur:</strong></span> <span class='ocrx_word' id='word_1_620' title='bbox 3357 666 3678 721; x_wconf 74' lang='lat' dir='ltr'><strong>quamquam</strong></span> 
     </span>
    </p>
   </div>
   <div class='ocr_carea' id='block_1_83' title="bbox 2105 719 3679 792">
    <p class='ocr_par' dir='ltr' id='par_1_83' title="bbox 2105 719 3679 792">
     <span class='ocr_line' id='line_1_83' title="bbox 2105 719 3679 792; baseline 0 -16"><span class='ocrx_word' id='word_1_621' title='bbox 2105 724 2220 792; x_wconf 87' lang='lat' dir='ltr'><strong>ipse</strong></span> <span class='ocrx_word' id='word_1_622' title='bbox 2247 719 2460 792; x_wconf 82' lang='lat' dir='ltr'><strong>quidem</strong></span> <span class='ocrx_word' id='word_1_623' title='bbox 2492 737 2613 792; x_wconf 87' lang='lat' dir='ltr'><strong>non</strong></span> <span class='ocrx_word' id='word_1_624' title='bbox 2660 721 2712 775; x_wconf 91' lang='lat' dir='ltr'><strong>id</strong></span> <span class='ocrx_word' id='word_1_625' title='bbox 2744 721 2979 792; x_wconf 78' lang='lat' dir='ltr'><strong>agebat,</strong></span> <span class='ocrx_word' id='word_1_626' title='bbox 3008 729 3067 776; x_wconf 93' lang='grc' dir='ltr'><strong>ιιι</strong></span> <span class='ocrx_word' id='word_1_627' title='bbox 3094 719 3310 792; x_wconf 88' lang='lat' dir='ltr'><strong>aliquod</strong></span> <span class='ocrx_word' id='word_1_628' title='bbox 3335 719 3400 775; x_wconf 81' lang='lat' dir='ltr'><strong>ex</strong></span> <span class='ocrx_word' id='word_1_629' title='bbox 3433 719 3679 791; x_wconf 80' lang='lat' dir='ltr'><strong>patientia</strong></span> 
     </span>
    </p>
   </div>
   <div class='ocr_carea' id='block_1_84' title="bbox 2105 790 3677 858">
    <p class='ocr_par' dir='ltr' id='par_1_84' title="bbox 2105 790 3677 858">
     <span class='ocr_line' id='line_1_84' title="bbox 2105 790 3677 858; baseline -0.001 -10"><span class='ocrx_word' id='word_1_630' title='bbox 2105 790 2309 848; x_wconf 84' lang='lat' dir='ltr'><strong>lucrum</strong></span> <span class='ocrx_word' id='word_1_631' title='bbox 2359 791 2610 858; x_wconf 88' lang='lat' dir='ltr'><strong>ambiret,</strong></span> <span class='ocrx_word' id='word_1_632' title='bbox 2665 790 2761 846; x_wconf 90' lang='lat' dir='ltr'><strong>sed</strong></span> <span class='ocrx_word' id='word_1_633' title='bbox 2799 790 2868 846; x_wconf 24' lang='lat' dir='ltr'><strong>‘ut</strong></span> <span class='ocrx_word' id='word_1_634' title='bbox 2913 792 3137 846; x_wconf 88' lang='lat' dir='ltr'><strong>salutem</strong></span> <span class='ocrx_word' id='word_1_635' title='bbox 3185 790 3390 847; x_wconf 81' lang='lat' dir='ltr'><strong>mundo</strong></span> <span class='ocrx_word' id='word_1_636' title='bbox 3436 790 3677 848; x_wconf 79' lang='lat' dir='ltr'><strong>afferret.</strong></span> 
     </span>
    </p>
   </div>
   <div class='ocr_carea' id='block_1_85' title="bbox 2103 861 3682 934">
    <p class='ocr_par' dir='ltr' id='par_1_85' title="bbox 2103 861 3682 934">
     <span class='ocr_line' id='line_1_85' title="bbox 2103 861 3682 934; baseline 0 -16"><span class='ocrx_word' id='word_1_637' title='bbox 2103 864 2298 919; x_wconf 88' lang='lat' dir='ltr'><strong>Christi</strong></span> <span class='ocrx_word' id='word_1_638' title='bbox 2331 879 2562 934; x_wconf 91' lang='lat' dir='ltr'><strong>namque</strong></span> <span class='ocrx_word' id='word_1_639' title='bbox 2604 862 2855 934; x_wconf 79' lang='lat' dir='ltr'><strong>patientia</strong></span> <span class='ocrx_word' id='word_1_640' title='bbox 2886 861 3097 934; x_wconf 81' lang='lat' dir='ltr'><strong>diaboli</strong></span> <span class='ocrx_word' id='word_1_641' title='bbox 3114 862 3272 932; x_wconf 78' lang='lat' dir='ltr'><strong>fregit</strong></span> <span class='ocrx_word' id='word_1_642' title='bbox 3298 862 3605 927; x_wconf 84' lang='lat' dir='ltr'><strong>audaciam,</strong></span> <span class='ocrx_word' id='word_1_643' title='bbox 3633 874 3682 918; x_wconf 92' lang='lat' dir='ltr'><strong>et</strong></span> 
     </span>
    </p>
   </div>
   <div class='ocr_carea' id='block_1_86' title="bbox 2105 931 3681 1005">
    <p class='ocr_par' dir='ltr' id='par_1_86' title="bbox 2105 931 3681 1005">
     <span class='ocr_line' id='line_1_86' title="bbox 2105 931 3681 1005; baseline -0.002 -15"><span class='ocrx_word' id='word_1_644' title='bbox 2105 935 2402 1005; x_wconf 83' lang='lat' dir='ltr'><strong>benignitas</strong></span> <span class='ocrx_word' id='word_1_645' title='bbox 2428 931 2636 989; x_wconf 81' lang='lat' dir='ltr'><strong>Domini</strong></span> <span class='ocrx_word' id='word_1_646' title='bbox 2658 931 3046 1005; x_wconf 80' lang='lat' dir='ltr'><strong>ferocemmali</strong></span> <span class='ocrx_word' id='word_1_647' title='bbox 3074 931 3307 1005; x_wconf 81' lang='lat' dir='ltr'><strong>furorem</strong></span> <span class='ocrx_word' id='word_1_648' title='bbox 3338 936 3681 1002; x_wconf 74' lang='lat' dir='ltr'><strong>expugnavit:</strong></span> 
     </span>
    </p>
   </div>
   <div class='ocr_carea' id='block_1_87' title="bbox 2104 1002 3680 1076">
    <p class='ocr_par' dir='ltr' id='par_1_87' title="bbox 2104 1002 3680 1076">
     <span class='ocr_line' id='line_1_87' title="bbox 2104 1002 3680 1076; baseline -0.002 -14"><span class='ocrx_word' id='word_1_649' title='bbox 2104 1016 2159 1062; x_wconf 88' lang='lat' dir='ltr'><strong>et</strong></span> <span class='ocrx_word' id='word_1_650' title='bbox 2201 1002 2256 1061; x_wconf 83' lang='lat' dir='ltr'><strong>tu</strong></span> <span class='ocrx_word' id='word_1_651' title='bbox 2285 1020 2413 1076; x_wconf 91' lang='lat' dir='ltr'><strong>ergo</strong></span> <span class='ocrx_word' id='word_1_652' title='bbox 2441 1005 2665 1076; x_wconf 87' lang='lat' dir='ltr'><strong>formam</strong></span> <span class='ocrx_word' id='word_1_653' title='bbox 2697 1002 2835 1076; x_wconf 86' lang='lat' dir='ltr'><strong>bane</strong></span> <span class='ocrx_word' id='word_1_654' title='bbox 2860 1003 2955 1058; x_wconf 90' lang='lat' dir='ltr'><strong>tibi</strong></span> <span class='ocrx_word' id='word_1_655' title='bbox 2983 1003 3050 1058; x_wconf 88' lang='lat' dir='ltr'><strong>ad</strong></span> <span class='ocrx_word' id='word_1_656' title='bbox 3079 1003 3392 1076; x_wconf 81' lang='lat' dir='ltr'><strong>imitandum</strong></span> <span class='ocrx_word' id='word_1_657' title='bbox 3423 1019 3680 1076; x_wconf 84' lang='lat' dir='ltr'><strong>propone.</strong></span> 
     </span>
    </p>
   </div>
   <div class='ocr_carea' id='block_1_88' title="bbox 2103 1074 3680 1144">
    <p class='ocr_par' dir='ltr' id='par_1_88' title="bbox 2103 1074 3680 1144">
     <span class='ocr_line' id='line_1_88' title="bbox 2103 1074 3680 1144; baseline 0.001 -11"><span class='ocrx_word' id='word_1_658' title='bbox 2103 1077 2220 1133; x_wconf 88' lang='lat' dir='ltr'><strong>Non</strong></span> <span class='ocrx_word' id='word_1_659' title='bbox 2245 1074 2554 1133; x_wconf 82' lang='lat' dir='ltr'><strong>succensuit</strong></span> <span class='ocrx_word' id='word_1_660' title='bbox 2578 1075 2644 1131; x_wconf 90' lang='lat' dir='ltr'><strong>iis</strong></span> <span class='ocrx_word' id='word_1_661' title='bbox 2663 1091 2695 1128; x_wconf 86' lang='lat' dir='ltr'><strong>a</strong></span> <span class='ocrx_word' id='word_1_662' title='bbox 2723 1074 2917 1144; x_wconf 91' lang='lat' dir='ltr'><strong>quibus</strong></span> <span class='ocrx_word' id='word_1_663' title='bbox 2941 1074 3278 1128; x_wconf 86' lang='lat' dir='ltr'><strong>contumeliis</strong></span> <span class='ocrx_word' id='word_1_664' title='bbox 3305 1075 3680 1144; x_wconf 61' lang='lat' dir='ltr'><strong>proscindem-</strong></span> 
     </span>
    </p>
   </div>
   <div class='ocr_carea' id='block_1_89' title="bbox 2105 1144 3679 1214">
    <p class='ocr_par' dir='ltr' id='par_1_89' title="bbox 2105 1144 3679 1214">
     <span class='ocr_line' id='line_1_89' title="bbox 2105 1144 3679 1214; baseline -0.003 -11"><span class='ocrx_word' id='word_1_665' title='bbox 2105 1158 2190 1203; x_wconf 91' lang='lat' dir='ltr'><strong>tur</strong></span> <span class='ocrx_word' id='word_1_666' title='bbox 2218 1165 2234 1204; x_wconf 88' lang='lat'><strong>:</strong></span> <span class='ocrx_word' id='word_1_667' title='bbox 2262 1147 2357 1203; x_wconf 82' lang='lat' dir='ltr'><strong>sed</strong></span> <span class='ocrx_word' id='word_1_668' title='bbox 2408 1146 2773 1203; x_wconf 84' lang='lat' dir='ltr'><strong>Samaritanus</strong></span> <span class='ocrx_word' id='word_1_669' title='bbox 2819 1155 2875 1200; x_wconf 89' lang='lat' dir='ltr'><strong>et</strong></span> <span class='ocrx_word' id='word_1_670' title='bbox 2915 1144 3181 1200; x_wconf 72' lang='lat' dir='ltr'><strong>daemonio</strong></span> <span class='ocrx_word' id='word_1_671' title='bbox 3227 1155 3512 1214; x_wconf 88' lang='lat' dir='ltr'><strong>corruptus</strong></span> <span class='ocrx_word' id='word_1_672' title='bbox 3565 1162 3679 1199; x_wconf 83' lang='lat' dir='ltr'><strong>cum</strong></span> 
     </span>
    </p>
   </div>
   <div class='ocr_carea' id='block_1_90' title="bbox 2104 1214 3676 1290">
    <p class='ocr_par' dir='ltr' id='par_1_90' title="bbox 2104 1214 3676 1290">
     <span class='ocr_line' id='line_1_90' title="bbox 2104 1214 3676 1290; baseline -0.005 -16"><span class='ocrx_word' id='word_1_673' title='bbox 2104 1219 2485 1290; x_wconf 86' lang='lat' dir='ltr'><strong>appellaretur,</strong></span> <span class='ocrx_word' id='word_1_674' title='bbox 2513 1216 2741 1290; x_wconf 68' lang='lat' dir='ltr'><strong>benigne</strong></span> <span class='ocrx_word' id='word_1_675' title='bbox 2759 1229 2823 1270; x_wconf 90' lang='lat' dir='ltr'><strong>ac</strong></span> <span class='ocrx_word' id='word_1_676' title='bbox 2845 1214 3054 1290; x_wconf 89' lang='lat' dir='ltr'><strong>placide</strong></span> <span class='ocrx_word' id='word_1_677' title='bbox 3078 1215 3260 1290; x_wconf 78' lang='lat' dir='ltr'><strong>iisqui</strong></span> <span class='ocrx_word' id='word_1_678' title='bbox 3282 1215 3385 1270; x_wconf 91' lang='lat' dir='ltr'><strong>hoc</strong></span> <span class='ocrx_word' id='word_1_679' title='bbox 3409 1215 3676 1290; x_wconf 81' lang='lat' dir='ltr'><strong>dicebant,</strong></span> 
     </span>
    </p>
   </div>
   <div class='ocr_carea' id='block_1_91' title="bbox 2105 1286 3682 1358">
    <p class='ocr_par' dir='ltr' id='par_1_91' title="bbox 2105 1286 3682 1358">
     <span class='ocr_line' id='line_1_91' title="bbox 2105 1286 3682 1358; baseline -0.004 -13"><span class='ocrx_word' id='word_1_680' title='bbox 2105 1286 2463 1358; x_wconf 79' lang='lat' dir='ltr'><strong>respondebat</strong></span> <span class='ocrx_word' id='word_1_681' title='bbox 2489 1305 2504 1342; x_wconf 89' lang='lat'><strong>:</strong></span> <span class='ocrx_word' id='word_1_682' title='bbox 2555 1287 2662 1358; x_wconf 82' lang='lat' dir='ltr'><strong>Ego</strong></span> <span class='ocrx_word' id='word_1_683' title='bbox 2685 1287 2999 1358; x_wconf 72' lang='lat' dir='ltr'><strong>dremonium</strong></span> <span class='ocrx_word' id='word_1_684' title='bbox 3019 1303 3118 1358; x_wconf 83' lang='lat' dir='ltr'><strong>non</strong></span> <span class='ocrx_word' id='word_1_685' title='bbox 3145 1286 3301 1340; x_wconf 79' lang='lat' dir='ltr'><strong>habeo</strong></span> <span class='ocrx_word' id='word_1_686' title='bbox 3328 1327 3344 1352; x_wconf 91' lang='lat'><strong>,</strong></span> <span class='ocrx_word' id='word_1_687' title='bbox 3367 1287 3458 1341; x_wconf 88' lang='lat' dir='ltr'><strong>sed</strong></span> <span class='ocrx_word' id='word_1_688' title='bbox 3464 1287 3682 1358; x_wconf 81' lang='lat' dir='ltr'><strong>_honori-</strong></span> 
     </span>
    </p>
   </div>
   <div class='ocr_carea' id='block_1_92' title="bbox 2104 1355 3683 1430">
    <p class='ocr_par' dir='ltr' id='par_1_92' title="bbox 2104 1355 3683 1430">
     <span class='ocr_line' id='line_1_92' title="bbox 2104 1355 3683 1430; baseline -0.004 -16"><span class='ocrx_word' id='word_1_689' title='bbox 2104 1355 2207 1430; x_wconf 37' lang='lat' dir='ltr'><strong>ﬁco&#39;</strong></span> <span class='ocrx_word' id='word_1_690' title='bbox 2233 1360 2436 1414; x_wconf 85' lang='lat' dir='ltr'><strong>Patrem</strong></span> <span class='ocrx_word' id='word_1_691' title='bbox 2465 1355 2631 1430; x_wconf 76' lang='lat' dir='ltr'><strong>meum</strong></span> <span class='ocrx_word' id='word_1_692' title='bbox 2659 1372 2678 1422; x_wconf 87' lang='lat'><strong>,&#39;</strong></span> <span class='ocrx_word' id='word_1_693' title='bbox 2722 1373 2808 1412; x_wconf 78' lang='lat' dir='ltr'><strong>vos</strong></span> <span class='ocrx_word' id='word_1_694' title='bbox 2845 1373 2960 1411; x_wconf 73' lang='lat' dir='ltr'><strong>vero</strong></span> <span class='ocrx_word' id='word_1_695' title='bbox 2984 1356 3297 1430; x_wconf 83' lang='lat' dir='ltr'><strong>inhonoratis</strong></span> <span class='ocrx_word' id='word_1_696' title='bbox 3325 1373 3422 1410; x_wconf 88' lang='lat' dir='ltr'><strong>me.</strong></span> <span class='ocrx_word' id='word_1_697' title='bbox 3457 1355 3573 1426; x_wconf 83' lang='lat' dir='ltr'><strong>Ego</strong></span> <span class='ocrx_word' id='word_1_698' title='bbox 3597 1375 3683 1430; x_wconf 75' lang='grc' dir='ltr'>(ιιι-</span> 
     </span>
    </p>
   </div>
   <div class='ocr_carea' id='block_1_93' title="bbox 2104 1428 3679 1499">
    <p class='ocr_par' dir='ltr' id='par_1_93' title="bbox 2104 1428 3679 1499">
     <span class='ocr_line' id='line_1_93' title="bbox 2104 1428 3679 1499; baseline -0.003 -14"><span class='ocrx_word' id='word_1_699' title='bbox 2104 1428 2200 1485; x_wconf 81' lang='lat' dir='ltr'><strong>tem</strong></span> <span class='ocrx_word' id='word_1_700' title='bbox 2228 1448 2327 1485; x_wconf 87' lang='lat' dir='ltr'><strong>non</strong></span> <span class='ocrx_word' id='word_1_701' title='bbox 2351 1446 2522 1499; x_wconf 73' lang='grc' dir='ltr'><strong><em>(μίωο</em></strong></span> <span class='ocrx_word' id='word_1_702' title='bbox 2544 1429 2964 1499; x_wconf 31' lang='grc' dir='ltr'>ριονίιιηιᾼηιθαιιι,</span> <span class='ocrx_word' id='word_1_703' title='bbox 2991 1437 3061 1480; x_wconf 83' lang='lat' dir='ltr'><strong>est</strong></span> <span class='ocrx_word' id='word_1_704' title='bbox 3084 1429 3172 1497; x_wconf 85' lang='lat' dir='ltr'><strong>qui</strong></span> <span class='ocrx_word' id='word_1_705' title='bbox 3197 1436 3390 1495; x_wconf 61' lang='lat' dir='ltr'><strong>quierat</strong></span> <span class='ocrx_word' id='word_1_706' title='bbox 3419 1468 3436 1492; x_wconf 89' lang='lat'><strong>,</strong></span> <span class='ocrx_word' id='word_1_707' title='bbox 3462 1439 3507 1480; x_wconf 81' lang='lat' dir='ltr'><strong>et</strong></span> <span class='ocrx_word' id='word_1_708' title='bbox 3533 1428 3679 1499; x_wconf 79' lang='lat' dir='ltr'><strong>judi-</strong></span> 
     </span>
    </p>
   </div>
   <div class='ocr_carea' id='block_1_94' title="bbox 2104 1497 3679 1570">
    <p class='ocr_par' dir='ltr' id='par_1_94' title="bbox 2104 1497 3679 1570">
     <span class='ocr_line' id='line_1_94' title="bbox 2104 1497 3679 1570; baseline -0.003 -14"><span class='ocrx_word' id='word_1_709' title='bbox 2104 1514 2180 1556; x_wconf 88' lang='lat' dir='ltr'><strong>cet</strong></span> <span class='ocrx_word' id='word_1_710' title='bbox 2209 1497 2388 1569; x_wconf 40' lang='lat' dir='ltr'><strong>(Joan&#39;.</strong></span> <span class='ocrx_word' id='word_1_711' title='bbox 2419 1501 2470 1556; x_wconf 92' lang='grc'><strong>8.</strong></span> <span class='ocrx_word' id='word_1_712' title='bbox 2505 1502 2594 1555; x_wconf 67' lang='grc'><strong>49.</strong></span> <span class='ocrx_word' id='word_1_713' title='bbox 2625 1499 2738 1570; x_wconf 78' lang='lat'><strong>50).</strong></span> <span class='ocrx_word' id='word_1_714' title='bbox 2769 1497 2948 1568; x_wconf 89' lang='lat' dir='ltr'><strong>Itaque</strong></span> <span class='ocrx_word' id='word_1_715' title='bbox 2976 1507 3033 1570; x_wconf 84' lang='lat' dir='ltr'><strong>et</strong></span> <span class='ocrx_word' id='word_1_716' title='bbox 3059 1506 3112 1552; x_wconf 90' lang='lat' dir='ltr'><strong>tu</strong></span> <span class='ocrx_word' id='word_1_717' title='bbox 3132 1500 3250 1570; x_wconf 10' lang='lat' dir='ltr'><strong>rnoli</strong></span> <span class='ocrx_word' id='word_1_718' title='bbox 3288 1509 3341 1553; x_wconf 91' lang='lat' dir='ltr'><strong>te</strong></span> <span class='ocrx_word' id='word_1_719' title='bbox 3383 1499 3561 1567; x_wconf 88' lang='lat' dir='ltr'><strong>ipsum</strong></span> <span class='ocrx_word' id='word_1_720' title='bbox 3608 1497 3679 1552; x_wconf 85' lang='lat' dir='ltr'><strong>ul-</strong></span> 
     </span>
    </p>
   </div>
   <div class='ocr_carea' id='block_1_95' title="bbox 2104 1569 3678 1640">
    <p class='ocr_par' dir='ltr' id='par_1_95' title="bbox 2104 1569 3678 1640">
     <span class='ocr_line' id='line_1_95' title="bbox 2104 1569 3678 1640; baseline -0.004 -12"><span class='ocrx_word' id='word_1_721' title='bbox 2104 1575 2231 1628; x_wconf 90' lang='lat' dir='ltr'><strong>cisci</strong></span> <span class='ocrx_word' id='word_1_722' title='bbox 2256 1614 2270 1639; x_wconf 92' lang='lat'><strong>,</strong></span> <span class='ocrx_word' id='word_1_723' title='bbox 2299 1581 2554 1640; x_wconf 75' lang='lat' dir='ltr'><strong>exspecta</strong></span> <span class='ocrx_word' id='word_1_724' title='bbox 2572 1569 2828 1640; x_wconf 80' lang='lat' dir='ltr'><strong>judiCem.</strong></span> <span class='ocrx_word' id='word_1_725' title='bbox 2864 1570 2918 1624; x_wconf 84' lang='lat' dir='ltr'><strong>Si</strong></span> <span class='ocrx_word' id='word_1_726' title='bbox 2949 1569 3090 1622; x_wconf 87' lang='lat' dir='ltr'><strong>enim</strong></span> <span class='ocrx_word' id='word_1_727' title='bbox 3116 1569 3284 1637; x_wconf 81' lang='lat' dir='ltr'><strong>judex</strong></span> <span class='ocrx_word' id='word_1_728' title='bbox 3311 1570 3461 1639; x_wconf 89' lang='lat' dir='ltr'><strong>ipse,</strong></span> <span class='ocrx_word' id='word_1_729' title='bbox 3487 1585 3608 1624; x_wconf 91' lang='lat' dir='ltr'><strong>cum</strong></span> <span class='ocrx_word' id='word_1_730' title='bbox 3631 1570 3678 1623; x_wconf 92' lang='lat' dir='ltr'><strong>in</strong></span> 
     </span>
    </p>
   </div>
   <div class='ocr_carea' id='block_1_96' title="bbox 2107 1639 3680 1710">
    <p class='ocr_par' dir='ltr' id='par_1_96' title="bbox 2107 1639 3680 1710">
     <span class='ocr_line' id='line_1_96' title="bbox 2107 1639 3680 1710; baseline -0.004 -12"><span class='ocrx_word' id='word_1_731' title='bbox 2107 1645 2335 1699; x_wconf 89' lang='lat' dir='ltr'><strong>humana</strong></span> <span class='ocrx_word' id='word_1_732' title='bbox 2376 1639 2545 1696; x_wconf 82' lang='lat' dir='ltr'><strong>forma</strong></span> <span class='ocrx_word' id='word_1_733' title='bbox 2570 1639 2925 1710; x_wconf 87' lang='lat' dir='ltr'><strong>apparuisset.</strong></span> <span class='ocrx_word' id='word_1_734' title='bbox 2959 1654 3065 1694; x_wconf 83' lang='lat' dir='ltr'><strong>non</strong></span> <span class='ocrx_word' id='word_1_735' title='bbox 3092 1641 3357 1705; x_wconf 89' lang='lat' dir='ltr'><strong>retribuit,</strong></span> <span class='ocrx_word' id='word_1_736' title='bbox 3395 1655 3522 1695; x_wconf 89' lang='lat' dir='ltr'><strong>cum</strong></span> <span class='ocrx_word' id='word_1_737' title='bbox 3563 1655 3680 1708; x_wconf 82' lang='lat' dir='ltr'><strong>pos-</strong></span> 
     </span>
    </p>
   </div>
   <div class='ocr_carea' id='block_1_97' title="bbox 2106 1710 3681 1784">
    <p class='ocr_par' dir='ltr' id='par_1_97' title="bbox 2106 1710 3681 1784">
     <span class='ocr_line' id='line_1_97' title="bbox 2106 1710 3681 1784; baseline -0.004 -14"><span class='ocrx_word' id='word_1_738' title='bbox 2106 1725 2208 1780; x_wconf 89' lang='lat' dir='ltr'><strong>set,</strong></span> <span class='ocrx_word' id='word_1_739' title='bbox 2234 1714 2326 1770; x_wconf 89' lang='lat' dir='ltr'><strong>sed</strong></span> <span class='ocrx_word' id='word_1_740' title='bbox 2360 1714 2455 1768; x_wconf 92' lang='lat' dir='ltr'><strong>Dei</strong></span> <span class='ocrx_word' id='word_1_741' title='bbox 2481 1712 2740 1784; x_wconf 89' lang='lat' dir='ltr'><strong>judicium</strong></span> <span class='ocrx_word' id='word_1_742' title='bbox 2768 1710 3101 1784; x_wconf 52' lang='lat' dir='ltr'><strong>exspectavit</strong></span> <span class='ocrx_word' id='word_1_743' title='bbox 3129 1727 3144 1765; x_wconf 91' lang='lat'><strong>:</strong></span> <span class='ocrx_word' id='word_1_744' title='bbox 3172 1710 3299 1764; x_wconf 80' lang='lat' dir='ltr'><strong>Cum</strong></span> <span class='ocrx_word' id='word_1_745' title='bbox 3339 1711 3486 1766; x_wconf 90' lang='lat' dir='ltr'><strong>enim</strong></span> <span class='ocrx_word' id='word_1_746' title='bbox 3528 1713 3681 1764; x_wconf 78' lang='lat' dir='ltr'><strong>nude-</strong></span> 
     </span>
    </p>
   </div>
   <div class='ocr_carea' id='block_1_98' title="bbox 2105 1781 3681 1852">
    <p class='ocr_par' dir='ltr' id='par_1_98' title="bbox 2105 1781 3681 1852">
     <span class='ocr_line' id='line_1_98' title="bbox 2105 1781 3681 1852; baseline -0.005 -12"><span class='ocrx_word' id='word_1_747' title='bbox 2105 1788 2354 1840; x_wconf 80' lang='lat' dir='ltr'><strong>diceretnr</strong></span> <span class='ocrx_word' id='word_1_748' title='bbox 2377 1827 2391 1850; x_wconf 94' lang='lat'><strong>,</strong></span> <span class='ocrx_word' id='word_1_749' title='bbox 2433 1781 2535 1839; x_wconf 85' lang='lat' dir='ltr'><strong>non</strong></span> <span class='ocrx_word' id='word_1_750' title='bbox 2563 1781 2888 1836; x_wconf 84' lang='lat' dir='ltr'><strong>maledicebat</strong></span> <span class='ocrx_word' id='word_1_751' title='bbox 2915 1797 2934 1836; x_wconf 89' lang='lat'><strong><em>:</em></strong></span> <span class='ocrx_word' id='word_1_752' title='bbox 2959 1797 3072 1834; x_wconf 86' lang='lat' dir='ltr'><strong>cum</strong></span> <span class='ocrx_word' id='word_1_753' title='bbox 3099 1791 3353 1852; x_wconf 82' lang='lat' dir='ltr'><strong>pateretur</strong></span> <span class='ocrx_word' id='word_1_754' title='bbox 3375 1823 3392 1848; x_wconf 83' lang='lat'><strong>,</strong></span> <span class='ocrx_word' id='word_1_755' title='bbox 3421 1797 3525 1834; x_wconf 82' lang='lat' dir='ltr'><strong>non</strong></span> <span class='ocrx_word' id='word_1_756' title='bbox 3551 1797 3681 1852; x_wconf 69' lang='lat' dir='ltr'><strong>com-</strong></span> 
     </span>
    </p>
   </div>
   <div class='ocr_carea' id='block_1_99' title="bbox 2104 1851 3678 1923">
    <p class='ocr_par' dir='ltr' id='par_1_99' title="bbox 2104 1851 3678 1923">
     <span class='ocr_line' id='line_1_99' title="bbox 2104 1851 3678 1923; baseline -0.004 -12"><span class='ocrx_word' id='word_1_757' title='bbox 2104 1857 2434 1921; x_wconf 81' lang='lat' dir='ltr'><strong>minabatur;</strong></span> <span class='ocrx_word' id='word_1_758' title='bbox 2465 1853 2692 1908; x_wconf 85' lang='lat' dir='ltr'><strong>tradebat</strong></span> <span class='ocrx_word' id='word_1_759' title='bbox 2739 1865 2905 1923; x_wconf 84' lang='lat' dir='ltr'><strong>autem</strong></span> <span class='ocrx_word' id='word_1_760' title='bbox 2926 1852 3180 1923; x_wconf 85' lang='lat' dir='ltr'><strong>judicanti</strong></span> <span class='ocrx_word' id='word_1_761' title='bbox 3243 1856 3376 1922; x_wconf 79' lang='lat' dir='ltr'><strong>iuste</strong></span> <span class='ocrx_word' id='word_1_762' title='bbox 3446 1853 3499 1919; x_wconf 76' lang='grc' dir='ltr'><strong>(Ι</strong></span> <span class='ocrx_word' id='word_1_763' title='bbox 3540 1851 3678 1906; x_wconf 71' lang='lat' dir='ltr'><strong>Patr.</strong></span> 
     </span>
    </p>
   </div>
   <div class='ocr_carea' id='block_1_100' title="bbox 2106 1921 3680 1996">
    <p class='ocr_par' dir='ltr' id='par_1_100' title="bbox 2106 1921 3680 1996">
     <span class='ocr_line' id='line_1_100' title="bbox 2106 1921 3680 1996; baseline -0.005 -14"><span class='ocrx_word' id='word_1_764' title='bbox 2106 1930 2161 1983; x_wconf 75' lang='lat'><strong>2.</strong></span> <span class='ocrx_word' id='word_1_765' title='bbox 2191 1927 2307 1993; x_wconf 75' lang='lat'><strong>2&#39;5).</strong></span> <span class='ocrx_word' id='word_1_766' title='bbox 2349 1926 2417 1981; x_wconf 87' lang='lat' dir='ltr'><strong>Et</strong></span> <span class='ocrx_word' id='word_1_767' title='bbox 2456 1933 2512 1980; x_wconf 90' lang='grc' dir='ltr'><strong>ιιι</strong></span> <span class='ocrx_word' id='word_1_768' title='bbox 2537 1940 2666 1996; x_wconf 87' lang='lat' dir='ltr'><strong>ergo</strong></span> <span class='ocrx_word' id='word_1_769' title='bbox 2713 1924 2785 1996; x_wconf 86' lang='lat' dir='ltr'><strong>ita</strong></span> <span class='ocrx_word' id='word_1_770' title='bbox 2801 1921 2995 1996; x_wconf 77' lang='lat' dir='ltr'><strong>facito,</strong></span> <span class='ocrx_word' id='word_1_771' title='bbox 3025 1937 3089 1976; x_wconf 89' lang='lat' dir='ltr'><strong>ac</strong></span> <span class='ocrx_word' id='word_1_772' title='bbox 3139 1921 3418 1996; x_wconf 82' lang='lat' dir='ltr'><strong>Dominum</strong></span> <span class='ocrx_word' id='word_1_773' title='bbox 3451 1923 3680 1986; x_wconf 85' lang='lat' dir='ltr'><strong>imitare,</strong></span> 
     </span>
    </p>
   </div>
   <div class='ocr_carea' id='block_1_101' title="bbox 2105 1992 3684 2070">
    <p class='ocr_par' dir='ltr' id='par_1_101' title="bbox 2105 1992 3684 2070">
     <span class='ocr_line' id='line_1_101' title="bbox 2105 1992 3684 2070; baseline -0.003 -17"><span class='ocrx_word' id='word_1_774' title='bbox 2105 2001 2193 2070; x_wconf 92' lang='lat' dir='ltr'><strong>qui</strong></span> <span class='ocrx_word' id='word_1_775' title='bbox 2225 1992 2289 2053; x_wconf 86' lang='lat' dir='ltr'><strong>ad</strong></span> <span class='ocrx_word' id='word_1_776' title='bbox 2313 2012 2526 2070; x_wconf 84' lang='lat' dir='ltr'><strong>crucem</strong></span> <span class='ocrx_word' id='word_1_777' title='bbox 2548 1992 2722 2070; x_wconf 74' lang='lat' dir='ltr'><strong>usque</strong></span> <span class='ocrx_word' id='word_1_778' title='bbox 2743 1994 2986 2070; x_wconf 86' lang='lat' dir='ltr'><strong>injuriam</strong></span> <span class='ocrx_word' id='word_1_779' title='bbox 3014 1992 3231 2070; x_wconf 66' lang='lat' dir='ltr'><strong>pertulit</strong></span> <span class='ocrx_word' id='word_1_780' title='bbox 3249 1993 3508 2070; x_wconf 67' lang='lat' dir='ltr'><strong>impiam_,</strong></span> <span class='ocrx_word' id='word_1_781' title='bbox 3527 2005 3684 2062; x_wconf 88' lang='lat' dir='ltr'><strong>atque</strong></span> 
     </span>
    </p>
   </div>
   <div class='ocr_carea' id='block_1_102' title="bbox 2105 2062 3682 2138">
    <p class='ocr_par' dir='ltr' id='par_1_102' title="bbox 2105 2062 3682 2138">
     <span class='ocr_line' id='line_1_102' title="bbox 2105 2062 3682 2138; baseline -0.006 -13"><span class='ocrx_word' id='word_1_782' title='bbox 2105 2062 2267 2126; x_wconf 74' lang='lat' dir='ltr'><strong>exitio</strong></span> <span class='ocrx_word' id='word_1_783' title='bbox 2293 2069 2468 2138; x_wconf 81' lang='lat' dir='ltr'><strong>dignis</strong></span> <span class='ocrx_word' id='word_1_784' title='bbox 2487 2062 2713 2138; x_wconf 76' lang='lat' dir='ltr'><strong>salutem</strong></span> <span class='ocrx_word' id='word_1_785' title='bbox 2741 2062 3074 2138; x_wconf 81' lang='lat' dir='ltr'><strong>procumbat.</strong></span> <span class='ocrx_word' id='word_1_786' title='bbox 3101 2063 3191 2119; x_wconf 91' lang='lat' dir='ltr'><strong>Sic</strong></span> <span class='ocrx_word' id='word_1_787' title='bbox 3215 2064 3357 2118; x_wconf 90' lang='lat' dir='ltr'><strong>enim</strong></span> <span class='ocrx_word' id='word_1_788' title='bbox 3383 2065 3453 2138; x_wconf 85' lang='lat' dir='ltr'><strong>ad</strong></span> <span class='ocrx_word' id='word_1_789' title='bbox 3471 2062 3682 2138; x_wconf 77' lang='lat' dir='ltr'><strong>Patrem</strong></span> 
     </span>
    </p>
   </div>
   <div class='ocr_carea' id='block_1_103' title="bbox 2106 2135 3682 2206">
    <p class='ocr_par' dir='ltr' id='par_1_103' title="bbox 2106 2135 3682 2206">
     <span class='ocr_line' id='line_1_103' title="bbox 2106 2135 3682 2206; baseline -0.006 -11"><span class='ocrx_word' id='word_1_790' title='bbox 2106 2141 2302 2204; x_wconf 85' lang='lat' dir='ltr'><strong>aiebat,</strong></span> <span class='ocrx_word' id='word_1_791' title='bbox 2352 2135 2561 2192; x_wconf 83' lang='lat' dir='ltr'><strong>Dimitte</strong></span> <span class='ocrx_word' id='word_1_792' title='bbox 2586 2137 2690 2192; x_wconf 81' lang='lat' dir='ltr'><strong>illis</strong></span> <span class='ocrx_word' id='word_1_793' title='bbox 2732 2137 2826 2190; x_wconf 85' lang='lat' dir='ltr'><strong>hoc</strong></span> <span class='ocrx_word' id='word_1_794' title='bbox 2866 2145 3146 2206; x_wconf 84' lang='lat' dir='ltr'><strong>peccatum,</strong></span> <span class='ocrx_word' id='word_1_795' title='bbox 3183 2135 3462 2206; x_wconf 10' lang='lat' dir='ltr'><strong>nonpenim</strong></span> <span class='ocrx_word' id='word_1_796' title='bbox 3499 2135 3682 2206; x_wconf 79' lang='lat' dir='ltr'><strong>sciunt,</strong></span> 
     </span>
    </p>
   </div>
   <div class='ocr_carea' id='block_1_104' title="bbox 2105 2204 3681 2283">
    <p class='ocr_par' dir='ltr' id='par_1_104' title="bbox 2105 2204 3681 2283">
     <span class='ocr_line' id='line_1_104' title="bbox 2105 2204 3681 2283; baseline -0.005 -18"><span class='ocrx_word' id='word_1_797' title='bbox 2105 2213 2228 2283; x_wconf 84' lang='lat' dir='ltr'><strong>quid</strong></span> <span class='ocrx_word' id='word_1_798' title='bbox 2255 2213 2446 2283; x_wconf 78' lang='lat' dir='ltr'><strong>faciunt</strong></span> <span class='ocrx_word' id='word_1_799' title='bbox 2473 2209 2624 2283; x_wconf 64' lang='lat' dir='ltr'><strong>(Luc.</strong></span> <span class='ocrx_word' id='word_1_800' title='bbox 2674 2207 2764 2283; x_wconf 58' lang='grc' dir='ltr'><strong>εξ.</strong></span> <span class='ocrx_word' id='word_1_801' title='bbox 2813 2204 2931 2283; x_wconf 60' lang='grc' dir='ltr'><strong>δι),</strong></span> <span class='ocrx_word' id='word_1_802' title='bbox 2957 2205 3152 2275; x_wconf 89' lang='lat' dir='ltr'><strong>lnjuria</strong></span> <span class='ocrx_word' id='word_1_803' title='bbox 3191 2213 3243 2261; x_wconf 93' lang='lat' dir='ltr'><strong>le</strong></span> <span class='ocrx_word' id='word_1_804' title='bbox 3281 2204 3450 2283; x_wconf 55' lang='lat' dir='ltr'><strong>frater</strong></span> <span class='ocrx_word' id='word_1_805' title='bbox 3486 2205 3681 2283; x_wconf 76' lang='lat' dir='ltr'><strong>affecit,</strong></span> 
     </span>
    </p>
   </div>
   <div class='ocr_carea' id='block_1_105' title="bbox 2107 2275 3685 2351">
    <p class='ocr_par' dir='ltr' id='par_1_105' title="bbox 2107 2275 3685 2351">
     <span class='ocr_line' id='line_1_105' title="bbox 2107 2275 3685 2351; baseline -0.005 -15"><span class='ocrx_word' id='word_1_806' title='bbox 2107 2275 2266 2337; x_wconf 63' lang='lat' dir='ltr'><strong>visus&#39;</strong></span> <span class='ocrx_word' id='word_1_807' title='bbox 2292 2290 2374 2337; x_wconf 84' lang='lat' dir='ltr'><strong>est</strong></span> <span class='ocrx_word' id='word_1_808' title='bbox 2420 2275 2666 2351; x_wconf 80' lang='lat' dir='ltr'><strong>indignus</strong></span> <span class='ocrx_word' id='word_1_809' title='bbox 2702 2275 3031 2351; x_wconf 75' lang='lat' dir='ltr'><strong>fraternitate</strong></span> <span class='ocrx_word' id='word_1_810' title='bbox 3056 2284 3183 2351; x_wconf 35' lang='grc' dir='ltr'><strong>Δε-ιιι</strong></span> <span class='ocrx_word' id='word_1_811' title='bbox 3211 2284 3264 2331; x_wconf 90' lang='grc' dir='ltr'><strong>ιιι</strong></span> <span class='ocrx_word' id='word_1_812' title='bbox 3293 2275 3685 2351; x_wconf 77' lang='lat' dir='ltr'><strong>fraternitatem</strong></span> 
     </span>
    </p>
   </div>
   <div class='ocr_carea' id='block_1_106' title="bbox 2108 2347 3684 2418">
    <p class='ocr_par' dir='ltr' id='par_1_106' title="bbox 2108 2347 3684 2418">
     <span class='ocr_line' id='line_1_106' title="bbox 2108 2347 3684 2418; baseline -0.004 -11"><span class='ocrx_word' id='word_1_813' title='bbox 2108 2369 2213 2408; x_wconf 91' lang='lat' dir='ltr'><strong>non</strong></span> <span class='ocrx_word' id='word_1_814' title='bbox 2238 2352 2475 2408; x_wconf 82' lang='lat' dir='ltr'><strong>tlestrue.</strong></span> <span class='ocrx_word' id='word_1_815' title='bbox 2499 2347 2686 2406; x_wconf 76' lang='lat' dir='ltr'><strong>Frater</strong></span> <span class='ocrx_word' id='word_1_816' title='bbox 2713 2359 2833 2405; x_wconf 88' lang='lat' dir='ltr'><strong>ttttts</strong></span> <span class='ocrx_word' id='word_1_817' title='bbox 2852 2348 3069 2418; x_wconf 83' lang='lat' dir='ltr'><strong>Josephi</strong></span> <span class='ocrx_word' id='word_1_818' title='bbox 3099 2347 3287 2402; x_wconf 80' lang='lat' dir='ltr'><strong>fratres</strong></span> <span class='ocrx_word' id='word_1_819' title='bbox 3317 2347 3562 2418; x_wconf 81' lang='lat' dir='ltr'><strong>imitatus</strong></span> <span class='ocrx_word' id='word_1_820' title='bbox 3584 2357 3684 2411; x_wconf 83' lang='lat' dir='ltr'><strong>est,</strong></span> 
     </span>
    </p>
   </div>
   <div class='ocr_carea' id='block_1_107' title="bbox 2107 2417 3688 2485">
    <p class='ocr_par' dir='ltr' id='par_1_107' title="bbox 2107 2417 3688 2485">
     <span class='ocr_line' id='line_1_107' title="bbox 2107 2417 3688 2485; baseline -0.004 -6"><span class='ocrx_word' id='word_1_821' title='bbox 2107 2425 2281 2479; x_wconf 88' lang='lat' dir='ltr'><strong>fratris</strong></span> <span class='ocrx_word' id='word_1_822' title='bbox 2305 2422 2505 2478; x_wconf 66' lang='lat' dir='ltr'><strong>cuidem</strong></span> <span class='ocrx_word' id='word_1_823' title='bbox 2537 2422 2866 2476; x_wconf 83' lang='lat' dir='ltr'><strong>machinatus</strong></span> <span class='ocrx_word' id='word_1_824' title='bbox 2884 2429 2964 2474; x_wconf 88' lang='lat' dir='ltr'><strong>est</strong></span> <span class='ocrx_word' id='word_1_825' title='bbox 2983 2461 2998 2483; x_wconf 89' lang='lat'><strong>,</strong></span> <span class='ocrx_word' id='word_1_826' title='bbox 3024 2419 3293 2475; x_wconf 90' lang='lat' dir='ltr'><strong>inimicum</strong></span> <span class='ocrx_word' id='word_1_827' title='bbox 3315 2434 3376 2473; x_wconf 89' lang='lat' dir='ltr'><strong>se</strong></span> <span class='ocrx_word' id='word_1_828' title='bbox 3398 2432 3496 2485; x_wconf 85' lang='lat' dir='ltr'><strong>pro</strong></span> <span class='ocrx_word' id='word_1_829' title='bbox 3527 2417 3688 2473; x_wconf 89' lang='lat' dir='ltr'><strong>fratre</strong></span> 
     </span>
    </p>
   </div>
   <div class='ocr_carea' id='block_1_108' title="bbox 2107 2489 3685 2564">
    <p class='ocr_par' dir='ltr' id='par_1_108' title="bbox 2107 2489 3685 2564">
     <span class='ocr_line' id='line_1_108' title="bbox 2107 2489 3685 2564; baseline -0.006 -13"><span class='ocrx_word' id='word_1_830' title='bbox 2107 2495 2377 2560; x_wconf 89' lang='lat' dir='ltr'><strong>ostendit,</strong></span> <span class='ocrx_word' id='word_1_831' title='bbox 2430 2503 2588 2564; x_wconf 90' lang='lat' dir='ltr'><strong>teque</strong></span> <span class='ocrx_word' id='word_1_832' title='bbox 2617 2508 2709 2564; x_wconf 87' lang='lat' dir='ltr'><strong>per</strong></span> <span class='ocrx_word' id='word_1_833' title='bbox 2735 2507 3001 2564; x_wconf 84' lang='lat' dir='ltr'><strong>summum</strong></span> <span class='ocrx_word' id='word_1_834' title='bbox 3029 2491 3206 2564; x_wconf 80' lang='lat' dir='ltr'><strong>scelus</strong></span> <span class='ocrx_word' id='word_1_835' title='bbox 3236 2489 3513 2564; x_wconf 82' lang='lat' dir='ltr'><strong>impetiit_.</strong></span> <span class='ocrx_word' id='word_1_836' title='bbox 3545 2490 3685 2544; x_wconf 90' lang='lat' dir='ltr'><strong>nulla</strong></span> 
     </span>
    </p>
   </div>
   <div class='ocr_carea' id='block_1_109' title="bbox 2107 2560 3685 2638">
    <p class='ocr_par' dir='ltr' id='par_1_109' title="bbox 2107 2560 3685 2638">
     <span class='ocr_line' id='line_1_109' title="bbox 2107 2560 3685 2638; baseline -0.003 -19"><span class='ocrx_word' id='word_1_837' title='bbox 2107 2575 2427 2638; x_wconf 88' lang='lat' dir='ltr'><strong>provocatus</strong></span> <span class='ocrx_word' id='word_1_838' title='bbox 2468 2560 2742 2638; x_wconf 83' lang='lat' dir='ltr'><strong>injuria_te</strong></span> <span class='ocrx_word' id='word_1_839' title='bbox 2771 2562 2954 2638; x_wconf 23' lang='grc' dir='ltr'><strong>ΙμίιςιιίιεΔ</strong></span> <span class='ocrx_word' id='word_1_840' title='bbox 2973 2569 3028 2616; x_wconf 91' lang='lat' dir='ltr'><strong>at</strong></span> <span class='ocrx_word' id='word_1_841' title='bbox 3056 2560 3224 2638; x_wconf 75' lang='lat' dir='ltr'><strong>tu_fac</strong></span> <span class='ocrx_word' id='word_1_842' title='bbox 3246 2561 3603 2638; x_wconf 79' lang='lat' dir='ltr'><strong>contrarium,</strong></span> <span class='ocrx_word' id='word_1_843' title='bbox 3630 2571 3685 2614; x_wconf 93' lang='lat' dir='ltr'><strong>ut</strong></span> 
     </span>
    </p>
   </div>
   <div class='ocr_carea' id='block_1_110' title="bbox 2107 2631 3684 2700">
    <p class='ocr_par' dir='ltr' id='par_1_110' title="bbox 2107 2631 3684 2700">
     <span class='ocr_line' id='line_1_110' title="bbox 2107 2631 3684 2700; baseline -0.006 -7"><span class='ocrx_word' id='word_1_844' title='bbox 2107 2631 2162 2693; x_wconf 79' lang='lat' dir='ltr'><strong>et</strong></span> <span class='ocrx_word' id='word_1_845' title='bbox 2192 2647 2245 2690; x_wconf 92' lang='lat' dir='ltr'><strong>tu</strong></span> <span class='ocrx_word' id='word_1_846' title='bbox 2275 2652 2396 2691; x_wconf 90' lang='lat' dir='ltr'><strong>cum</strong></span> <span class='ocrx_word' id='word_1_847' title='bbox 2425 2631 2639 2690; x_wconf 79' lang='lat' dir='ltr'><strong>cantare</strong></span> <span class='ocrx_word' id='word_1_848' title='bbox 2667 2633 2868 2688; x_wconf 88' lang='lat' dir='ltr'><strong>Davide</strong></span> <span class='ocrx_word' id='word_1_849' title='bbox 2903 2633 3070 2694; x_wconf 88' lang='lat' dir='ltr'><strong>dicas,</strong></span> <span class='ocrx_word' id='word_1_850' title='bbox 3100 2631 3227 2688; x_wconf 86' lang='lat' dir='ltr'><strong>Cum</strong></span> <span class='ocrx_word' id='word_1_851' title='bbox 3251 2632 3332 2686; x_wconf 81' lang='lat' dir='ltr'><strong>his</strong></span> <span class='ocrx_word' id='word_1_852' title='bbox 3359 2633 3450 2700; x_wconf 77' lang='lat' dir='ltr'><strong>qui</strong></span> <span class='ocrx_word' id='word_1_853' title='bbox 3475 2632 3684 2686; x_wconf 75' lang='lat' dir='ltr'><strong>oderunt</strong></span> 
     </span>
    </p>
   </div>
   <div class='ocr_carea' id='block_1_111' title="bbox 2108 2703 3684 2778">
    <p class='ocr_par' dir='ltr' id='par_1_111' title="bbox 2108 2703 3684 2778">
     <span class='ocr_line' id='line_1_111' title="bbox 2108 2703 3684 2778; baseline -0.002 -18"><span class='ocrx_word' id='word_1_854' title='bbox 2108 2725 2282 2778; x_wconf 85' lang='lat' dir='ltr'><strong>pacem</strong></span> <span class='ocrx_word' id='word_1_855' title='bbox 2314 2749 2329 2769; x_wconf 90' lang='lat'><strong>,</strong></span> <span class='ocrx_word' id='word_1_856' title='bbox 2357 2723 2492 2760; x_wconf 87' lang='lat' dir='ltr'><strong>eram</strong></span> <span class='ocrx_word' id='word_1_857' title='bbox 2516 2705 2757 2778; x_wconf 77' lang='lat' dir='ltr'><strong>paciﬁcus</strong></span> <span class='ocrx_word' id='word_1_858' title='bbox 2787 2703 2954 2778; x_wconf 74' lang='lat' dir='ltr'><strong>(Psaf.</strong></span> <span class='ocrx_word' id='word_1_859' title='bbox 2989 2703 3112 2778; x_wconf 55' lang='grc'><strong>119.</strong></span> <span class='ocrx_word' id='word_1_860' title='bbox 3144 2703 3419 2778; x_wconf 70' lang='lat' dir='ltr'><strong>Vince</strong></span> <span class='ocrx_word' id='word_1_861' title='bbox 3464 2703 3516 2778; x_wconf 87' lang='lat' dir='ltr'><strong>i_n</strong></span> <span class='ocrx_word' id='word_1_862' title='bbox 3547 2703 3684 2758; x_wconf 89' lang='lat' dir='ltr'><strong>bono</strong></span> 
     </span>
    </p>
   </div>
   <div class='ocr_carea' id='block_1_112' title="bbox 2107 2773 3681 2846">
    <p class='ocr_par' dir='ltr' id='par_1_112' title="bbox 2107 2773 3681 2846">
     <span class='ocr_line' id='line_1_112' title="bbox 2107 2773 3681 2846; baseline -0.003 -14"><span class='ocrx_word' id='word_1_863' title='bbox 2107 2773 2304 2832; x_wconf 77' lang='lat' dir='ltr'><strong>malum</strong></span> <span class='ocrx_word' id='word_1_864' title='bbox 2337 2798 2350 2833; x_wconf 90' lang='lat'>:</span> <span class='ocrx_word' id='word_1_865' title='bbox 2383 2773 2604 2846; x_wconf 80' lang='lat' dir='ltr'><strong>provOea</strong></span> <span class='ocrx_word' id='word_1_866' title='bbox 2624 2773 2817 2844; x_wconf 82' lang='lat' dir='ltr'><strong>ipsum,</strong></span> <span class='ocrx_word' id='word_1_867' title='bbox 2843 2785 2904 2846; x_wconf 83' lang='lat' dir='ltr'><strong>et.</strong></span> <span class='ocrx_word' id='word_1_868' title='bbox 2929 2775 3087 2829; x_wconf 84' lang='lat' dir='ltr'><strong>incita</strong></span> <span class='ocrx_word' id='word_1_869' title='bbox 3112 2774 3179 2846; x_wconf 85' lang='lat' dir='ltr'><strong>ad</strong></span> <span class='ocrx_word' id='word_1_870' title='bbox 3223 2773 3445 2840; x_wconf 87' lang='lat' dir='ltr'><strong>bonum,</strong></span> <span class='ocrx_word' id='word_1_871' title='bbox 3476 2775 3681 2829; x_wconf 65' lang='lat' dir='ltr'><strong>iracuno</strong></span> 
     </span>
    </p>
   </div>
   <div class='ocr_carea' id='block_1_113' title="bbox 2108 2844 3680 2917">
    <p class='ocr_par' dir='ltr' id='par_1_113' title="bbox 2108 2844 3680 2917">
     <span class='ocr_line' id='line_1_113' title="bbox 2108 2844 3680 2917; baseline -0.003 -15"><span class='ocrx_word' id='word_1_872' title='bbox 2108 2850 2249 2902; x_wconf 83' lang='lat' dir='ltr'><strong>diam</strong></span> <span class='ocrx_word' id='word_1_873' title='bbox 2280 2844 2460 2916; x_wconf 84' lang='lat' dir='ltr'><strong>frange</strong></span> <span class='ocrx_word' id='word_1_874' title='bbox 2477 2847 2802 2917; x_wconf 78' lang='lat' dir='ltr'><strong>benignitate</strong></span> <span class='ocrx_word' id='word_1_875' title='bbox 2829 2844 2956 2917; x_wconf 78' lang='lat' dir='ltr'><strong>:fac</strong></span> <span class='ocrx_word' id='word_1_876' title='bbox 2982 2845 3240 2914; x_wconf 88' lang='lat' dir='ltr'><strong>intelligat</strong></span> <span class='ocrx_word' id='word_1_877' title='bbox 3259 2861 3319 2900; x_wconf 89' lang='lat' dir='ltr'><strong>se</strong></span> <span class='ocrx_word' id='word_1_878' title='bbox 3350 2846 3545 2917; x_wconf 85' lang='lat' dir='ltr'><strong>injuria</strong></span> <span class='ocrx_word' id='word_1_879' title='bbox 3574 2861 3680 2914; x_wconf 89' lang='lat' dir='ltr'><strong>per-</strong></span> 
     </span>
    </p>
   </div>
   <div class='ocr_carea' id='block_1_114' title="bbox 2108 2916 3681 2990">
    <p class='ocr_par' dir='ltr' id='par_1_114' title="bbox 2108 2916 3681 2990">
     <span class='ocr_line' id='line_1_114' title="bbox 2108 2916 3681 2990; baseline -0.004 -16"><span class='ocrx_word' id='word_1_880' title='bbox 2108 2922 2257 2990; x_wconf 86' lang='lat' dir='ltr'><strong>sequi</strong></span> <span class='ocrx_word' id='word_1_881' title='bbox 2283 2920 2554 2974; x_wconf 88' lang='lat' dir='ltr'><strong>Christum</strong></span> <span class='ocrx_word' id='word_1_882' title='bbox 2576 2916 2628 2972; x_wconf 85' lang='lat' dir='ltr'><strong>in</strong></span> <span class='ocrx_word' id='word_1_883' title='bbox 2659 2927 2729 2990; x_wconf 83' lang='lat' dir='ltr'><strong>te,</strong></span> <span class='ocrx_word' id='word_1_884' title='bbox 2760 2927 2814 2990; x_wconf 82' lang='lat' dir='ltr'><strong>et</strong></span> <span class='ocrx_word' id='word_1_885' title='bbox 2839 2916 3055 2990; x_wconf 85' lang='lat' dir='ltr'><strong>dignum</strong></span> <span class='ocrx_word' id='word_1_886' title='bbox 3077 2930 3183 2990; x_wconf 86' lang='lat' dir='ltr'><strong>non</strong></span> <span class='ocrx_word' id='word_1_887' title='bbox 3204 2930 3323 2990; x_wconf 83' lang='lat' dir='ltr'><strong>esse</strong></span> <span class='ocrx_word' id='word_1_888' title='bbox 3351 2925 3426 2981; x_wconf 89' lang='lat' dir='ltr'><strong>te,</strong></span> <span class='ocrx_word' id='word_1_889' title='bbox 3445 2916 3547 2990; x_wconf 81' lang='lat' dir='ltr'><strong>qui</strong></span> <span class='ocrx_word' id='word_1_890' title='bbox 3571 2930 3681 2984; x_wconf 83' lang='lat' dir='ltr'><strong>per-</strong></span> 
     </span>
    </p>
   </div>
   <div class='ocr_carea' id='block_1_115' title="bbox 2108 2987 3680 3060">
    <p class='ocr_par' dir='ltr' id='par_1_115' title="bbox 2108 2987 3680 3060">
     <span class='ocr_line' id='line_1_115' title="bbox 2108 2987 3680 3060; baseline -0.004 -14"><span class='ocrx_word' id='word_1_891' title='bbox 2108 2987 2477 3060; x_wconf 80' lang='lat' dir='ltr'><strong>sequutionem</strong></span> <span class='ocrx_word' id='word_1_892' title='bbox 2511 2988 2745 3059; x_wconf 83' lang='lat' dir='ltr'><strong>patiaris,</strong></span> <span class='ocrx_word' id='word_1_893' title='bbox 2775 2988 3035 3060; x_wconf 79' lang='lat' dir='ltr'><strong>declares.</strong></span> <span class='ocrx_word' id='word_1_894' title='bbox 3067 2989 3137 3042; x_wconf 80' lang='lat' dir='ltr'><strong>At</strong></span> <span class='ocrx_word' id='word_1_895' title='bbox 3154 2987 3295 3060; x_wconf 83' lang='lat' dir='ltr'><strong>enim</strong></span> <span class='ocrx_word' id='word_1_896' title='bbox 3319 2987 3564 3060; x_wconf 78' lang='lat' dir='ltr'><strong>pertinax</strong></span> <span class='ocrx_word' id='word_1_897' title='bbox 3579 2995 3680 3050; x_wconf 79' lang='lat' dir='ltr'><strong>est,</strong></span> 
     </span>
    </p>
   </div>
   <div class='ocr_carea' id='block_1_116' title="bbox 2109 3056 3676 3130">
    <p class='ocr_par' dir='ltr' id='par_1_116' title="bbox 2109 3056 3676 3130">
     <span class='ocr_line' id='line_1_116' title="bbox 2109 3056 3676 3130; baseline -0.005 -14"><span class='ocrx_word' id='word_1_898' title='bbox 2109 3056 2282 3130; x_wconf 81' lang='lat' dir='ltr'><strong>neque</strong></span> <span class='ocrx_word' id='word_1_899' title='bbox 2300 3056 2570 3116; x_wconf 75' lang='lat' dir='ltr'><strong>emendari</strong></span> <span class='ocrx_word' id='word_1_900' title='bbox 2599 3068 2791 3129; x_wconf 87' lang='lat' dir='ltr'><strong>potest,</strong></span> <span class='ocrx_word' id='word_1_901' title='bbox 2823 3068 2924 3130; x_wconf 80' lang='lat' dir='ltr'><strong>aut</strong></span> <span class='ocrx_word' id='word_1_902' title='bbox 2949 3058 3153 3130; x_wconf 79' lang='lat' dir='ltr'><strong>illatua</strong></span> <span class='ocrx_word' id='word_1_903' title='bbox 3176 3056 3510 3130; x_wconf 76' lang='lat' dir='ltr'><strong>benignitate</strong></span> <span class='ocrx_word' id='word_1_904' title='bbox 3531 3071 3676 3130; x_wconf 82' lang='lat' dir='ltr'><strong>com-</strong></span> 
     </span>
    </p>
   </div>
   <div class='ocr_carea' id='block_1_117' title="bbox 2108 3126 3677 3200">
    <p class='ocr_par' dir='ltr' id='par_1_117' title="bbox 2108 3126 3677 3200">
     <span class='ocr_line' id='line_1_117' title="bbox 2108 3126 3677 3200; baseline -0.004 -14"><span class='ocrx_word' id='word_1_905' title='bbox 2108 3126 2312 3188; x_wconf 69' lang='lat' dir='ltr'><strong>moveri</strong></span> <span class='ocrx_word' id='word_1_906' title='bbox 2359 3147 2374 3185; x_wconf 88' lang='lat'>:</span> <span class='ocrx_word' id='word_1_907' title='bbox 2404 3148 2466 3186; x_wconf 92' lang='lat' dir='ltr'><strong>ac</strong></span> <span class='ocrx_word' id='word_1_908' title='bbox 2492 3126 2684 3186; x_wconf 68' lang='lat' dir='ltr'><strong>belluas</strong></span> <span class='ocrx_word' id='word_1_909' title='bbox 2712 3129 2928 3200; x_wconf 86' lang='lat' dir='ltr'><strong>quidem</strong></span> <span class='ocrx_word' id='word_1_910' title='bbox 2951 3128 3016 3184; x_wconf 91' lang='lat' dir='ltr'><strong>ad</strong></span> <span class='ocrx_word' id='word_1_911' title='bbox 3046 3128 3318 3200; x_wconf 89' lang='lat' dir='ltr'><strong>hominum</strong></span> <span class='ocrx_word' id='word_1_912' title='bbox 3347 3126 3677 3200; x_wconf 83' lang='lat' dir='ltr'><strong>familiarita-</strong></span> 
     </span>
    </p>
   </div>
   <div class='ocr_carea' id='block_1_118' title="bbox 2108 3198 3677 3262">
    <p class='ocr_par' dir='ltr' id='par_1_118' title="bbox 2108 3198 3677 3262">
     <span class='ocr_line' id='line_1_118' title="bbox 2108 3198 3677 3262; baseline -0.005 -4"><span class='ocrx_word' id='word_1_913' title='bbox 2108 3212 2215 3258; x_wconf 88' lang='lat' dir='ltr'><strong>tem</strong></span> <span class='ocrx_word' id='word_1_914' title='bbox 2257 3203 2465 3258; x_wconf 89' lang='lat' dir='ltr'><strong>cienres</strong></span> <span class='ocrx_word' id='word_1_915' title='bbox 2517 3201 2673 3257; x_wconf 70' lang='lat' dir='ltr'><strong>facta:</strong></span> <span class='ocrx_word' id='word_1_916' title='bbox 2711 3198 3075 3262; x_wconf 80' lang='lat' dir='ltr'><strong>traducuntur,</strong></span> <span class='ocrx_word' id='word_1_917' title='bbox 3106 3199 3196 3254; x_wconf 90' lang='lat' dir='ltr'><strong>ille</strong></span> <span class='ocrx_word' id='word_1_918' title='bbox 3234 3213 3361 3254; x_wconf 91' lang='lat' dir='ltr'><strong>vero</strong></span> <span class='ocrx_word' id='word_1_919' title='bbox 3400 3198 3677 3252; x_wconf 89' lang='lat' dir='ltr'><strong>immanior</strong></span> 
     </span>
    </p>
   </div>
   <div class='ocr_carea' id='block_1_119' title="bbox 2107 3267 3677 3339">
    <p class='ocr_par' dir='ltr' id='par_1_119' title="bbox 2107 3267 3677 3339">
     <span class='ocr_line' id='line_1_119' title="bbox 2107 3267 3677 3339; baseline -0.005 -10"><span class='ocrx_word' id='word_1_920' title='bbox 2107 3275 2298 3329; x_wconf 90' lang='lat' dir='ltr'><strong>belluis</strong></span> <span class='ocrx_word' id='word_1_921' title='bbox 2324 3284 2404 3328; x_wconf 88' lang='lat' dir='ltr'><strong>est</strong></span> <span class='ocrx_word' id='word_1_922' title='bbox 2431 3272 2599 3328; x_wconf 88' lang='lat' dir='ltr'><strong>factus</strong></span> <span class='ocrx_word' id='word_1_923' title='bbox 2628 3289 2644 3326; x_wconf 72' lang='grc' dir='ltr'>ε</span> <span class='ocrx_word' id='word_1_924' title='bbox 2673 3286 2741 3327; x_wconf 90' lang='lat' dir='ltr'><strong>ne</strong></span> <span class='ocrx_word' id='word_1_925' title='bbox 2766 3271 2966 3328; x_wconf 90' lang='lat' dir='ltr'><strong>idcirco</strong></span> <span class='ocrx_word' id='word_1_926' title='bbox 2993 3272 3125 3326; x_wconf 90' lang='lat' dir='ltr'><strong>velis</strong></span> <span class='ocrx_word' id='word_1_927' title='bbox 3149 3285 3269 3324; x_wconf 89' lang='lat' dir='ltr'><strong>cum</strong></span> <span class='ocrx_word' id='word_1_928' title='bbox 3291 3268 3556 3339; x_wconf 88' lang='lat' dir='ltr'><strong>ejusmodi</strong></span> <span class='ocrx_word' id='word_1_929' title='bbox 3585 3267 3677 3321; x_wconf 82' lang='lat' dir='ltr'><strong>ho-</strong></span> 
     </span>
    </p>
   </div>
   <div class='ocr_carea' id='block_1_120' title="bbox 2107 3339 3674 3410">
    <p class='ocr_par' dir='ltr' id='par_1_120' title="bbox 2107 3339 3674 3410">
     <span class='ocr_line' id='line_1_120' title="bbox 2107 3339 3674 3410; baseline -0.003 -11"><span class='ocrx_word' id='word_1_930' title='bbox 2107 3347 2252 3400; x_wconf 87' lang='lat' dir='ltr'><strong>mine</strong></span> <span class='ocrx_word' id='word_1_931' title='bbox 2294 3344 2474 3410; x_wconf 83' lang='lat' dir='ltr'><strong>rixari,</strong></span> <span class='ocrx_word' id='word_1_932' title='bbox 2524 3359 2664 3399; x_wconf 88' lang='lat' dir='ltr'><strong>neve</strong></span> <span class='ocrx_word' id='word_1_933' title='bbox 2709 3343 3035 3398; x_wconf 88' lang='lat' dir='ltr'><strong>iracundiam</strong></span> <span class='ocrx_word' id='word_1_934' title='bbox 3079 3356 3200 3396; x_wconf 89' lang='lat' dir='ltr'><strong>eum</strong></span> <span class='ocrx_word' id='word_1_935' title='bbox 3231 3339 3500 3395; x_wconf 86' lang='lat' dir='ltr'><strong>iracundia</strong></span> <span class='ocrx_word' id='word_1_936' title='bbox 3530 3353 3674 3394; x_wconf 87' lang='lat' dir='ltr'><strong>com-</strong></span> 
     </span>
    </p>
   </div>
   <div class='ocr_carea' id='block_1_121' title="bbox 2105 3410 3675 3484">
    <p class='ocr_par' dir='ltr' id='par_1_121' title="bbox 2105 3410 3675 3484">
     <span class='ocr_line' id='line_1_121' title="bbox 2105 3410 3675 3484; baseline -0.004 -14"><span class='ocrx_word' id='word_1_937' title='bbox 2105 3415 2305 3470; x_wconf 84' lang='lat' dir='ltr'><strong>mittas.</strong></span> <span class='ocrx_word' id='word_1_938' title='bbox 2339 3415 2479 3484; x_wconf 88' lang='lat' dir='ltr'><strong>Fuge</strong></span> <span class='ocrx_word' id='word_1_939' title='bbox 2499 3415 2697 3484; x_wconf 91' lang='lat' dir='ltr'><strong>potius,</strong></span> <span class='ocrx_word' id='word_1_940' title='bbox 2730 3423 2787 3467; x_wconf 92' lang='lat' dir='ltr'><strong>ut</strong></span> <span class='ocrx_word' id='word_1_941' title='bbox 2813 3413 3138 3483; x_wconf 91' lang='lat' dir='ltr'><strong>periculosas</strong></span> <span class='ocrx_word' id='word_1_942' title='bbox 3156 3410 3570 3484; x_wconf 76' lang='lat' dir='ltr'><strong>cautessapiens</strong></span> <span class='ocrx_word' id='word_1_943' title='bbox 3581 3425 3675 3480; x_wconf 83' lang='lat' dir='ltr'><strong>gu-</strong></span> 
     </span>
    </p>
   </div>
   <div class='ocr_carea' id='block_1_122' title="bbox 2108 3481 3674 3552">
    <p class='ocr_par' dir='ltr' id='par_1_122' title="bbox 2108 3481 3674 3552">
     <span class='ocr_line' id='line_1_122' title="bbox 2108 3481 3674 3552; baseline -0.004 -11"><span class='ocrx_word' id='word_1_944' title='bbox 2108 3486 2360 3542; x_wconf 82' lang='lat' dir='ltr'><strong>bernator</strong></span> <span class='ocrx_word' id='word_1_945' title='bbox 2389 3481 2657 3544; x_wconf 51' lang='lat' dir='ltr'><strong>{observa</strong></span> <span class='ocrx_word' id='word_1_946' title='bbox 2694 3481 2870 3540; x_wconf 81' lang='lat' dir='ltr'><strong>autem</strong></span> <span class='ocrx_word' id='word_1_947' title='bbox 2901 3486 3038 3538; x_wconf 91' lang='lat' dir='ltr'><strong>sicut</strong></span> <span class='ocrx_word' id='word_1_948' title='bbox 3064 3481 3208 3552; x_wconf 88' lang='lat' dir='ltr'><strong>aspis</strong></span> <span class='ocrx_word' id='word_1_949' title='bbox 3231 3481 3411 3545; x_wconf 89' lang='lat' dir='ltr'><strong>surda,</strong></span> <span class='ocrx_word' id='word_1_950' title='bbox 3441 3491 3498 3536; x_wconf 91' lang='lat' dir='ltr'><strong>et</strong></span> <span class='ocrx_word' id='word_1_951' title='bbox 3520 3482 3674 3535; x_wconf 78' lang='lat' dir='ltr'><strong>obtu-</strong></span> 
     </span>
    </p>
   </div>
   <div class='ocr_carea' id='block_1_123' title="bbox 2107 3553 3673 3623">
    <p class='ocr_par' dir='ltr' id='par_1_123' title="bbox 2107 3553 3673 3623">
     <span class='ocr_line' id='line_1_123' title="bbox 2107 3553 3673 3623; baseline -0.005 -11"><span class='ocrx_word' id='word_1_952' title='bbox 2107 3573 2232 3612; x_wconf 90' lang='lat' dir='ltr'><strong>rans</strong></span> <span class='ocrx_word' id='word_1_953' title='bbox 2260 3573 2416 3612; x_wconf 88' lang='lat' dir='ltr'><strong>aures</strong></span> <span class='ocrx_word' id='word_1_954' title='bbox 2445 3571 2589 3620; x_wconf 89' lang='lat' dir='ltr'><strong>suas,</strong></span> <span class='ocrx_word' id='word_1_955' title='bbox 2615 3571 2733 3623; x_wconf 78' lang='lat' dir='ltr'><strong>quze</strong></span> <span class='ocrx_word' id='word_1_956' title='bbox 2761 3570 2864 3609; x_wconf 91' lang='lat' dir='ltr'><strong>non</strong></span> <span class='ocrx_word' id='word_1_957' title='bbox 2893 3555 3138 3609; x_wconf 81' lang='lat' dir='ltr'><strong>exaudiet</strong></span> <span class='ocrx_word' id='word_1_958' title='bbox 3167 3568 3348 3606; x_wconf 80' lang='lat' dir='ltr'><strong>vocem</strong></span> <span class='ocrx_word' id='word_1_959' title='bbox 3398 3553 3673 3606; x_wconf 81' lang='lat' dir='ltr'><strong>incantan-</strong></span> 
     </span>
    </p>
   </div>
   <div class='ocr_carea' id='block_1_124' title="bbox 2109 3623 3676 3695">
    <p class='ocr_par' dir='ltr' id='par_1_124' title="bbox 2109 3623 3676 3695">
     <span class='ocr_line' id='line_1_124' title="bbox 2109 3623 3676 3695; baseline -0.003 -13"><span class='ocrx_word' id='word_1_960' title='bbox 2109 3629 2176 3682; x_wconf 89' lang='lat' dir='ltr'><strong>tis</strong></span> <span class='ocrx_word' id='word_1_961' title='bbox 2203 3627 2374 3695; x_wconf 83' lang='lat' dir='ltr'><strong>(Psal.</strong></span> <span class='ocrx_word' id='word_1_962' title='bbox 2422 3627 2511 3681; x_wconf 83' lang='lat'><strong>57.</strong></span> <span class='ocrx_word' id='word_1_963' title='bbox 2540 3627 2593 3681; x_wconf 85' lang='lat'><strong>5.</strong></span> <span class='ocrx_word' id='word_1_964' title='bbox 2619 3627 2701 3684; x_wconf 77' lang='lat'><strong>6).</strong></span> <span class='ocrx_word' id='word_1_965' title='bbox 2745 3626 2967 3680; x_wconf 82' lang='lat' dir='ltr'><strong>Redime</strong></span> <span class='ocrx_word' id='word_1_966' title='bbox 3018 3634 3263 3694; x_wconf 86' lang='lat' dir='ltr'><strong>tempus,</strong></span> <span class='ocrx_word' id='word_1_967' title='bbox 3294 3623 3551 3695; x_wconf 74' lang='lat' dir='ltr'><strong>Quoniam</strong></span> <span class='ocrx_word' id='word_1_968' title='bbox 3569 3623 3676 3695; x_wconf 72' lang='lat' dir='ltr'><strong>dies</strong></span> 
     </span>
    </p>
   </div>
   <div class='ocr_carea' id='block_1_125' title="bbox 2107 3693 3672 3771">
    <p class='ocr_par' dir='ltr' id='par_1_125' title="bbox 2107 3693 3672 3771">
     <span class='ocr_line' id='line_1_125' title="bbox 2107 3693 3672 3771; baseline -0.003 -19"><span class='ocrx_word' id='word_1_969' title='bbox 2107 3693 2230 3753; x_wconf 82' lang='lat' dir='ltr'><strong>mali</strong></span> <span class='ocrx_word' id='word_1_970' title='bbox 2265 3707 2380 3771; x_wconf 84' lang='lat' dir='ltr'><strong>sunt</strong></span> <span class='ocrx_word' id='word_1_971' title='bbox 2428 3697 2590 3771; x_wconf 72' lang='grc' dir='ltr'><strong>(ΕρΙι.</strong></span> <span class='ocrx_word' id='word_1_972' title='bbox 2631 3697 2829 3771; x_wconf 33' lang='grc'><strong>5.-16).</strong></span> <span class='ocrx_word' id='word_1_973' title='bbox 2857 3696 2911 3750; x_wconf 92' lang='lat' dir='ltr'><strong>In</strong></span> <span class='ocrx_word' id='word_1_974' title='bbox 2955 3693 3214 3771; x_wconf 79' lang='lat' dir='ltr'><strong>sapientia</strong></span> <span class='ocrx_word' id='word_1_975' title='bbox 3238 3693 3473 3758; x_wconf 87' lang='lat' dir='ltr'><strong>ambula,</strong></span> <span class='ocrx_word' id='word_1_976' title='bbox 3500 3694 3672 3771; x_wconf 77' lang='lat' dir='ltr'><strong>sciens</strong></span> 
     </span>
    </p>
   </div>
   <div class='ocr_carea' id='block_1_126' title="bbox 2110 3763 3672 3840">
    <p class='ocr_par' dir='ltr' id='par_1_126' title="bbox 2110 3763 3672 3840">
     <span class='ocr_line' id='line_1_126' title="bbox 2110 3763 3672 3840; baseline -0.004 -16"><span class='ocrx_word' id='word_1_977' title='bbox 2110 3763 2447 3840; x_wconf 80' lang='lat' dir='ltr'><strong>peregrinum</strong></span> <span class='ocrx_word' id='word_1_978' title='bbox 2471 3763 2525 3825; x_wconf 82' lang='lat' dir='ltr'><strong>et</strong></span> <span class='ocrx_word' id='word_1_979' title='bbox 2555 3763 2817 3840; x_wconf 80' lang='lat' dir='ltr'><strong>hospitem</strong></span> <span class='ocrx_word' id='word_1_980' title='bbox 2843 3782 2962 3840; x_wconf 74' lang='lat' dir='ltr'><strong>esse</strong></span> <span class='ocrx_word' id='word_1_981' title='bbox 2988 3763 3038 3840; x_wconf 77' lang='lat' dir='ltr'><strong>te</strong></span> <span class='ocrx_word' id='word_1_982' title='bbox 3063 3766 3298 3840; x_wconf 65' lang='lat' dir='ltr'><strong>interra,</strong></span> <span class='ocrx_word' id='word_1_983' title='bbox 3325 3763 3672 3840; x_wconf 80' lang='lat' dir='ltr'><strong>quemadmo-</strong></span> 
     </span>
    </p>
   </div>
   <div class='ocr_carea' id='block_1_127' title="bbox 2106 3834 3674 3910">
    <p class='ocr_par' dir='ltr' id='par_1_127' title="bbox 2106 3834 3674 3910">
     <span class='ocr_line' id='line_1_127' title="bbox 2106 3834 3674 3910; baseline -0.004 -16"><span class='ocrx_word' id='word_1_984' title='bbox 2106 3834 2261 3910; x_wconf 56' lang='lat' dir='ltr'><strong>dum&#39;</strong></span> <span class='ocrx_word' id='word_1_985' title='bbox 2279 3849 2336 3895; x_wconf 90' lang='lat' dir='ltr'><strong>et</strong></span> <span class='ocrx_word' id='word_1_986' title='bbox 2361 3849 2538 3910; x_wconf 90' lang='lat' dir='ltr'><strong>patres</strong></span> <span class='ocrx_word' id='word_1_987' title='bbox 2560 3840 2634 3894; x_wconf 89' lang='lat' dir='ltr'><strong>tui</strong></span> <span class='ocrx_word' id='word_1_988' title='bbox 2654 3834 2826 3894; x_wconf 58' lang='lat' dir='ltr'><strong>&#39;fuere</strong></span> <span class='ocrx_word' id='word_1_989' title='bbox 2856 3835 3036 3910; x_wconf 83' lang='lat' dir='ltr'><strong>(Levit.</strong></span> <span class='ocrx_word' id='word_1_990' title='bbox 3066 3835 3155 3891; x_wconf 80' lang='grc'><strong>19.</strong></span> <span class='ocrx_word' id='word_1_991' title='bbox 3185 3834 3294 3910; x_wconf 23' lang='grc'><strong>54)..</strong></span> <span class='ocrx_word' id='word_1_992' title='bbox 3327 3835 3455 3889; x_wconf 84' lang='lat' dir='ltr'><strong>Ovis</strong></span> <span class='ocrx_word' id='word_1_993' title='bbox 3483 3835 3536 3888; x_wconf 91' lang='lat' dir='ltr'><strong>in</strong></span> <span class='ocrx_word' id='word_1_994' title='bbox 3568 3849 3674 3910; x_wconf 65' lang='lat' dir='ltr'><strong>me</strong></span> 
     </span>
    </p>
   </div>
   <div class='ocr_carea' id='block_1_128' title="bbox 2105 3905 3670 3980">
    <p class='ocr_par' dir='ltr' id='par_1_128' title="bbox 2105 3905 3670 3980">
     <span class='ocr_line' id='line_1_128' title="bbox 2105 3905 3670 3980; baseline -0.002 -15"><span class='ocrx_word' id='word_1_995' title='bbox 2105 3909 2250 3965; x_wconf 88' lang='lat' dir='ltr'><strong>dium</strong></span> <span class='ocrx_word' id='word_1_996' title='bbox 2278 3905 2522 3980; x_wconf 78' lang='lat' dir='ltr'><strong>luporum</strong></span> <span class='ocrx_word' id='word_1_997' title='bbox 2573 3911 2768 3965; x_wconf 91' lang='lat' dir='ltr'><strong>missus</strong></span> <span class='ocrx_word' id='word_1_998' title='bbox 2797 3905 2937 3964; x_wconf 62' lang='lat' dir='ltr'><strong>es&#39;tu</strong></span> <span class='ocrx_word' id='word_1_999' title='bbox 2963 3922 3175 3980; x_wconf 90' lang='lat' dir='ltr'><strong>quoque</strong></span> <span class='ocrx_word' id='word_1_1000' title='bbox 3197 3948 3213 3972; x_wconf 94' lang='lat'><strong>,</strong></span> <span class='ocrx_word' id='word_1_1001' title='bbox 3241 3905 3383 3980; x_wconf 75' lang='lat' dir='ltr'><strong>sicut</strong></span> <span class='ocrx_word' id='word_1_1002' title='bbox 3396 3905 3624 3980; x_wconf 73' lang='lat' dir='ltr'><strong>apostoli</strong></span> <span class='ocrx_word' id='word_1_1003' title='bbox 3654 3921 3670 3962; x_wconf 87' lang='lat'><strong>:</strong></span> 
     </span>
    </p>
   </div>
   <div class='ocr_carea' id='block_1_129' title="bbox 2107 3975 3675 4051">
    <p class='ocr_par' dir='ltr' id='par_1_129' title="bbox 2107 3975 3675 4051">
     <span class='ocr_line' id='line_1_129' title="bbox 2107 3975 3675 4051; baseline -0.003 -16"><span class='ocrx_word' id='word_1_1004' title='bbox 2107 3983 2214 4035; x_wconf 89' lang='lat' dir='ltr'><strong>noli</strong></span> <span class='ocrx_word' id='word_1_1005' title='bbox 2246 3975 2359 4037; x_wconf 84' lang='lat' dir='ltr'><strong>ﬁeri</strong></span> <span class='ocrx_word' id='word_1_1006' title='bbox 2388 3995 2484 4051; x_wconf 90' lang='lat' dir='ltr'><strong>pro</strong></span> <span class='ocrx_word' id='word_1_1007' title='bbox 2512 3995 2612 4035; x_wconf 89' lang='lat' dir='ltr'><strong>ove</strong></span> <span class='ocrx_word' id='word_1_1008' title='bbox 2639 3982 2814 4050; x_wconf 91' lang='lat' dir='ltr'><strong>lupus,</strong></span> <span class='ocrx_word' id='word_1_1009' title='bbox 2841 3995 2961 4034; x_wconf 91' lang='lat' dir='ltr'><strong>cum</strong></span> <span class='ocrx_word' id='word_1_1010' title='bbox 2983 3975 3130 4051; x_wconf 87' lang='lat' dir='ltr'><strong>lupis</strong></span> <span class='ocrx_word' id='word_1_1011' title='bbox 3153 3975 3506 4051; x_wconf 81' lang='lat' dir='ltr'><strong>contendens.</strong></span> <span class='ocrx_word' id='word_1_1012' title='bbox 3537 3975 3675 4031; x_wconf 74' lang='lat' dir='ltr'><strong>Care</strong></span> 
     </span>
    </p>
   </div>
   <div class='ocr_carea' id='block_1_130' title="bbox 2106 4047 3676 4122">
    <p class='ocr_par' dir='ltr' id='par_1_130' title="bbox 2106 4047 3676 4122">
     <span class='ocr_line' id='line_1_130' title="bbox 2106 4047 3676 4122; baseline -0.005 -16"><span class='ocrx_word' id='word_1_1013' title='bbox 2106 4061 2358 4120; x_wconf 86' lang='lat' dir='ltr'><strong>quantum</strong></span> <span class='ocrx_word' id='word_1_1014' title='bbox 2390 4047 2572 4122; x_wconf 73' lang='lat' dir='ltr'><strong>potes.</strong></span> <span class='ocrx_word' id='word_1_1015' title='bbox 2618 4047 3014 4122; x_wconf 53' lang='lat' dir='ltr'><strong>ne&#39;thcsaurum</strong></span> <span class='ocrx_word' id='word_1_1016' title='bbox 3039 4048 3255 4117; x_wconf 79' lang='lat' dir='ltr'><strong>jnstitia:</strong></span> <span class='ocrx_word' id='word_1_1017' title='bbox 3285 4047 3477 4116; x_wconf 89' lang='lat' dir='ltr'><strong>perdas</strong></span> <span class='ocrx_word' id='word_1_1018' title='bbox 3498 4061 3676 4122; x_wconf 51' lang='grc' dir='ltr'>,ραις</span> 
     </span>
    </p>
   </div>
   <div class='ocr_carea' id='block_1_131' title="bbox 2107 4117 3676 4192">
    <p class='ocr_par' dir='ltr' id='par_1_131' title="bbox 2107 4117 3676 4192">
     <span class='ocr_line' id='line_1_131' title="bbox 2107 4117 3676 4192; baseline -0.004 -16"><span class='ocrx_word' id='word_1_1019' title='bbox 2107 4117 2200 4176; x_wconf 83' lang='lat' dir='ltr'><strong>tibi</strong></span> <span class='ocrx_word' id='word_1_1020' title='bbox 2246 4139 2274 4177; x_wconf 92' lang='lat' dir='ltr'><strong>a</strong></span> <span class='ocrx_word' id='word_1_1021' title='bbox 2313 4117 2672 4192; x_wconf 78' lang='lat' dir='ltr'><strong>direptoribus</strong></span> <span class='ocrx_word' id='word_1_1022' title='bbox 2699 4141 2715 4186; x_wconf 86' lang='lat'><strong>;</strong></span> <span class='ocrx_word' id='word_1_1023' title='bbox 2744 4121 2974 4192; x_wconf 87' lang='lat' dir='ltr'><strong>prudens</strong></span> <span class='ocrx_word' id='word_1_1024' title='bbox 3003 4129 3063 4192; x_wconf 88' lang='lat' dir='ltr'><strong>ut</strong></span> <span class='ocrx_word' id='word_1_1025' title='bbox 3083 4132 3305 4192; x_wconf 86' lang='lat' dir='ltr'><strong>serpens</strong></span> <span class='ocrx_word' id='word_1_1026' title='bbox 3333 4131 3465 4192; x_wconf 81' lang='lat' dir='ltr'><strong>cave</strong></span> <span class='ocrx_word' id='word_1_1027' title='bbox 3491 4117 3676 4192; x_wconf 77' lang='lat' dir='ltr'><strong>tibi_ab</strong></span> 
     </span>
    </p>
   </div>
   <div class='ocr_carea' id='block_1_132' title="bbox 2110 4187 3675 4258">
    <p class='ocr_par' dir='ltr' id='par_1_132' title="bbox 2110 4187 3675 4258">
     <span class='ocr_line' id='line_1_132' title="bbox 2110 4187 3675 4258; baseline -0.006 -10"><span class='ocrx_word' id='word_1_1028' title='bbox 2110 4193 2337 4249; x_wconf 91' lang='lat' dir='ltr'><strong>insidiis.</strong></span> <span class='ocrx_word' id='word_1_1029' title='bbox 2367 4187 2572 4249; x_wconf 56' lang='lat' dir='ltr'><strong>Si&#39;vero</strong></span> <span class='ocrx_word' id='word_1_1030' title='bbox 2600 4187 2757 4247; x_wconf 69' lang='lat' dir='ltr'><strong>laedat</strong></span> <span class='ocrx_word' id='word_1_1031' title='bbox 2778 4191 2938 4247; x_wconf 88' lang='lat' dir='ltr'><strong>etiam</strong></span> <span class='ocrx_word' id='word_1_1032' title='bbox 2960 4201 3012 4245; x_wconf 89' lang='lat' dir='ltr'><strong>te</strong></span> <span class='ocrx_word' id='word_1_1033' title='bbox 3036 4191 3209 4258; x_wconf 90' lang='lat' dir='ltr'><strong>lupus,</strong></span> <span class='ocrx_word' id='word_1_1034' title='bbox 3233 4189 3276 4243; x_wconf 91' lang='lat' dir='ltr'><strong>si</strong></span> <span class='ocrx_word' id='word_1_1035' title='bbox 3305 4188 3545 4242; x_wconf 88' lang='lat' dir='ltr'><strong>membra</strong></span> <span class='ocrx_word' id='word_1_1036' title='bbox 3572 4187 3675 4242; x_wconf 87' lang='lat' dir='ltr'><strong>dis-</strong></span> 
     </span>
    </p>
   </div>
   <div class='ocr_carea' id='block_1_133' title="bbox 2111 4259 3672 4336">
    <p class='ocr_par' dir='ltr' id='par_1_133' title="bbox 2111 4259 3672 4336">
     <span class='ocr_line' id='line_1_133' title="bbox 2111 4259 3672 4336; baseline -0.007 -16"><span class='ocrx_word' id='word_1_1037' title='bbox 2111 4276 2390 4336; x_wconf 66' lang='lat' dir='ltr'><strong>cerptuyis</strong></span> <span class='ocrx_word' id='word_1_1038' title='bbox 2411 4265 2496 4328; x_wconf 89' lang='lat' dir='ltr'><strong>sit,</strong></span> <span class='ocrx_word' id='word_1_1039' title='bbox 2530 4277 2764 4336; x_wconf 85' lang='lat' dir='ltr'><strong>praepara</strong></span> <span class='ocrx_word' id='word_1_1040' title='bbox 2793 4270 2864 4328; x_wconf 87' lang='lat' dir='ltr'><strong>te,</strong></span> <span class='ocrx_word' id='word_1_1041' title='bbox 2893 4271 2952 4316; x_wconf 89' lang='lat' dir='ltr'><strong>ut</strong></span> <span class='ocrx_word' id='word_1_1042' title='bbox 2978 4261 3148 4336; x_wconf 76' lang='lat' dir='ltr'><strong>feras,</strong></span> <span class='ocrx_word' id='word_1_1043' title='bbox 3175 4272 3384 4336; x_wconf 69' lang='lat' dir='ltr'><strong>memor</strong></span> <span class='ocrx_word' id='word_1_1044' title='bbox 3402 4259 3672 4336; x_wconf 30' lang='lat' dir='ltr'><strong>illipanui</strong></span> 
     </span>
    </p>
   </div>
   <div class='ocr_carea' id='block_1_134' title="bbox 2103 4327 3669 4410">
    <p class='ocr_par' dir='ltr' id='par_1_134' title="bbox 2103 4327 3669 4410">
     <span class='ocr_line' id='line_1_134' title="bbox 2103 4327 3669 4410; baseline -0.006 -21"><span class='ocrx_word' id='word_1_1045' title='bbox 2103 4327 2246 4410; x_wconf 61' lang='lat' dir='ltr'><strong>dicit,</strong></span> <span class='ocrx_word' id='word_1_1046' title='bbox 2283 4334 2455 4410; x_wconf 47' lang='lat' dir='ltr'><strong>Eucti</strong></span> <span class='ocrx_word' id='word_1_1047' title='bbox 2473 4327 2654 4388; x_wconf 30' lang='lat' dir='ltr'><strong>sumus.</strong></span> <span class='ocrx_word' id='word_1_1048' title='bbox 2681 4335 2808 4410; x_wconf 70' lang='lat' dir='ltr'><strong>sient</strong></span> <span class='ocrx_word' id='word_1_1049' title='bbox 2849 4327 2980 4410; x_wconf 36' lang='grc' dir='ltr'><strong>ορεσ-</strong></span> <span class='ocrx_word' id='word_1_1050' title='bbox 2994 4331 3256 4410; x_wconf 71' lang='lat' dir='ltr'><strong>occisionis</strong></span> <span class='ocrx_word' id='word_1_1051' title='bbox 3285 4327 3405 4410; x_wconf 55' lang='lat' dir='ltr'><strong>(Ps.</strong></span> <span class='ocrx_word' id='word_1_1052' title='bbox 3437 4329 3529 4384; x_wconf 67' lang='grc'><strong>45.</strong></span> 
     </span>
    </p>
   </div>
   <div class='ocr_carea' id='block_1_135' title="bbox 2103 4396 3673 4475">
    <p class='ocr_par' dir='ltr' id='par_1_135' title="bbox 2103 4396 3673 4475">
     <span class='ocr_line' id='line_1_135' title="bbox 2103 4396 3673 4475; baseline -0.006 -15"><span class='ocrx_word' id='word_1_1053' title='bbox 2103 4396 2255 4462; x_wconf 76' lang='lat' dir='ltr'><strong>Rom.</strong></span> <span class='ocrx_word' id='word_1_1054' title='bbox 2304 4407 2358 4464; x_wconf 91' lang='lat'><strong>8.</strong></span> <span class='ocrx_word' id='word_1_1055' title='bbox 2391 4406 2480 4475; x_wconf 80' lang='lat'><strong>56)</strong></span> <span class='ocrx_word' id='word_1_1056' title='bbox 2519 4404 2847 4474; x_wconf 86' lang='lat' dir='ltr'><strong>:respiciens</strong></span> <span class='ocrx_word' id='word_1_1057' title='bbox 2885 4404 2937 4457; x_wconf 90' lang='lat' dir='ltr'><strong>in</strong></span> <span class='ocrx_word' id='word_1_1058' title='bbox 2966 4403 3136 4473; x_wconf 88' lang='lat' dir='ltr'><strong>ipsum</strong></span> <span class='ocrx_word' id='word_1_1059' title='bbox 3165 4396 3468 4475; x_wconf 88' lang='lat' dir='ltr'><strong>Dominum,</strong></span> <span class='ocrx_word' id='word_1_1060' title='bbox 3491 4404 3580 4468; x_wconf 89' lang='lat' dir='ltr'><strong>qui</strong></span> <span class='ocrx_word' id='word_1_1061' title='bbox 3609 4396 3673 4452; x_wconf 85' lang='lat' dir='ltr'><strong>Ut</strong></span> 
     </span>
    </p>
   </div>
   <div class='ocr_carea' id='block_1_136' title="bbox 2101 4472 3669 4536">
    <p class='ocr_par' dir='ltr' id='par_1_136' title="bbox 2101 4472 3669 4536">
     <span class='ocr_line' id='line_1_136' title="bbox 2101 4472 3669 4536; baseline -0.005 -6"><span class='ocrx_word' id='word_1_1062' title='bbox 2101 4478 2206 4531; x_wconf 85' lang='lat' dir='ltr'><strong>ovis</strong></span> <span class='ocrx_word' id='word_1_1063' title='bbox 2239 4478 2307 4530; x_wconf 84' lang='lat' dir='ltr'><strong>ad</strong></span> <span class='ocrx_word' id='word_1_1064' title='bbox 2339 4472 2704 4531; x_wconf 77' lang='lat' dir='ltr'><strong>immolandum</strong></span> <span class='ocrx_word' id='word_1_1065' title='bbox 2730 4475 2909 4527; x_wconf 87' lang='lat' dir='ltr'><strong>ductus</strong></span> <span class='ocrx_word' id='word_1_1066' title='bbox 2931 4472 3004 4526; x_wconf 88' lang='lat' dir='ltr'><strong>est</strong></span> <span class='ocrx_word' id='word_1_1067' title='bbox 3026 4515 3041 4533; x_wconf 86' lang='lat'><strong>,</strong></span> <span class='ocrx_word' id='word_1_1068' title='bbox 3094 4481 3139 4525; x_wconf 87' lang='lat' dir='ltr'><strong>et</strong></span> <span class='ocrx_word' id='word_1_1069' title='bbox 3163 4472 3290 4525; x_wconf 86' lang='lat' dir='ltr'><strong>sicut</strong></span> <span class='ocrx_word' id='word_1_1070' title='bbox 3315 4486 3478 4536; x_wconf 82' lang='lat' dir='ltr'><strong>agnus</strong></span> <span class='ocrx_word' id='word_1_1071' title='bbox 3501 4485 3669 4522; x_wconf 74' lang='lat' dir='ltr'><strong>coram</strong></span> 
     </span>
    </p>
   </div>
   <div class='ocr_carea' id='block_1_137' title="bbox 2098 4537 3677 4616">
    <p class='ocr_par' dir='ltr' id='par_1_137' title="bbox 2098 4537 3677 4616">
     <span class='ocr_line' id='line_1_137' title="bbox 2098 4537 3677 4616; baseline -0.012 -9"><span class='ocrx_word' id='word_1_1072' title='bbox 2098 4550 2342 4606; x_wconf 87' lang='lat' dir='ltr'><strong>tondente</strong></span> <span class='ocrx_word' id='word_1_1073' title='bbox 2371 4565 2449 4611; x_wconf 82' lang='lat' dir='ltr'><strong>se,</strong></span> <span class='ocrx_word' id='word_1_1074' title='bbox 2482 4557 2661 4602; x_wconf 81' lang='lat' dir='ltr'><strong>mutus</strong></span> <span class='ocrx_word' id='word_1_1075' title='bbox 2692 4542 2832 4616; x_wconf 87' lang='lat' dir='ltr'><strong>(Isa.</strong></span> <span class='ocrx_word' id='word_1_1076' title='bbox 2882 4544 2973 4604; x_wconf 79' lang='lat'><strong>55.</strong></span> <span class='ocrx_word' id='word_1_1077' title='bbox 3002 4543 3220 4616; x_wconf 57' lang='lat' dir='ltr'><strong>7;.4et.</strong></span> <span class='ocrx_word' id='word_1_1078' title='bbox 3255 4538 3455 4616; x_wconf 59' lang='grc' dir='ltr'><strong>δί).</strong></span> <span class='ocrx_word' id='word_1_1079' title='bbox 3490 4537 3677 4616; x_wconf 66' lang='lat' dir='ltr'><strong>Veniet</strong></span> 
     </span>
    </p>
   </div>
   <div class='ocr_carea' id='block_1_138' title="bbox 2095 4608 3676 4687">
    <p class='ocr_par' dir='ltr' id='par_1_138' title="bbox 2095 4608 3676 4687">
     <span class='ocr_line' id='line_1_138' title="bbox 2095 4608 3676 4687; baseline -0.01 -11"><span class='ocrx_word' id='word_1_1080' title='bbox 2095 4629 2151 4677; x_wconf 89' lang='lat' dir='ltr'><strong>et</strong></span> <span class='ocrx_word' id='word_1_1081' title='bbox 2176 4631 2280 4675; x_wconf 72' lang='lat' dir='ltr'><strong>tute</strong></span> <span class='ocrx_word' id='word_1_1082' title='bbox 2299 4608 2512 4687; x_wconf 80' lang='lat' dir='ltr'><strong>tempus</strong></span> <span class='ocrx_word' id='word_1_1083' title='bbox 2529 4608 2790 4687; x_wconf 59' lang='lat' dir='ltr'><strong>victoria),</strong></span> <span class='ocrx_word' id='word_1_1084' title='bbox 2821 4631 2969 4687; x_wconf 73' lang='lat' dir='ltr'><strong>cum,</strong></span> <span class='ocrx_word' id='word_1_1085' title='bbox 2989 4608 3174 4687; x_wconf 71' lang='lat' dir='ltr'><strong>multis</strong></span> <span class='ocrx_word' id='word_1_1086' title='bbox 3190 4611 3354 4687; x_wconf 77' lang='lat' dir='ltr'><strong>malis</strong></span> <span class='ocrx_word' id='word_1_1087' title='bbox 3375 4608 3676 4687; x_wconf 84' lang='lat' dir='ltr'><strong>cum_Chri-</strong></span> 
     </span>
    </p>
   </div>
   <div class='ocr_carea' id='block_1_139' title="bbox 2099 4679 3677 4752">
    <p class='ocr_par' dir='ltr' id='par_1_139' title="bbox 2099 4679 3677 4752">
     <span class='ocr_line' id='line_1_139' title="bbox 2099 4679 3677 4752; baseline -0.012 -4"><span class='ocrx_word' id='word_1_1088' title='bbox 2099 4701 2184 4748; x_wconf 87' lang='lat' dir='ltr'><strong>sto</strong></span> <span class='ocrx_word' id='word_1_1089' title='bbox 2207 4679 2796 4752; x_wconf 49' lang='lat' dir='ltr'><strong>tolerati&#39;s,&#39;deviceris.</strong></span> <span class='ocrx_word' id='word_1_1090' title='bbox 2821 4684 2954 4739; x_wconf 87' lang='lat' dir='ltr'><strong>Nam</strong></span> <span class='ocrx_word' id='word_1_1091' title='bbox 2975 4694 3030 4739; x_wconf 89' lang='lat' dir='ltr'><strong>et</strong></span> <span class='ocrx_word' id='word_1_1092' title='bbox 3053 4683 3313 4752; x_wconf 86' lang='lat' dir='ltr'><strong>Dominus</strong></span> <span class='ocrx_word' id='word_1_1093' title='bbox 3337 4695 3448 4752; x_wconf 85' lang='lat' dir='ltr'><strong>non</strong></span> <span class='ocrx_word' id='word_1_1094' title='bbox 3474 4679 3677 4752; x_wconf 78' lang='lat' dir='ltr'><strong>rixatus</strong></span> 
     </span>
    </p>
   </div>
   <div class='ocr_carea' id='block_1_140' title="bbox 2101 4750 3673 4823">
    <p class='ocr_par' dir='ltr' id='par_1_140' title="bbox 2101 4750 3673 4823">
     <span class='ocr_line' id='line_1_140' title="bbox 2101 4750 3673 4823; baseline -0.008 -10"><span class='ocrx_word' id='word_1_1095' title='bbox 2101 4769 2200 4823; x_wconf 87' lang='lat' dir='ltr'><strong>est,</strong></span> <span class='ocrx_word' id='word_1_1096' title='bbox 2255 4774 2358 4812; x_wconf 92' lang='lat' dir='ltr'><strong>non</strong></span> <span class='ocrx_word' id='word_1_1097' title='bbox 2413 4750 2730 4812; x_wconf 79' lang='lat' dir='ltr'><strong>veciferatus</strong></span> <span class='ocrx_word' id='word_1_1098' title='bbox 2779 4763 2880 4818; x_wconf 90' lang='lat' dir='ltr'><strong>est,</strong></span> <span class='ocrx_word' id='word_1_1099' title='bbox 2924 4751 3336 4823; x_wconf 83' lang='lat' dir='ltr'><strong>nequeandivit</strong></span> <span class='ocrx_word' id='word_1_1100' title='bbox 3380 4751 3433 4801; x_wconf 93' lang='lat' dir='ltr'><strong>in</strong></span> <span class='ocrx_word' id='word_1_1101' title='bbox 3486 4750 3673 4823; x_wconf 78' lang='lat' dir='ltr'><strong>plateis</strong></span> 
     </span>
    </p>
   </div>
   <div class='ocr_carea' id='block_1_141' title="bbox 2099 4816 3673 4898">
    <p class='ocr_par' dir='ltr' id='par_1_141' title="bbox 2099 4816 3673 4898">
     <span class='ocr_line' id='line_1_141' title="bbox 2099 4816 3673 4898; baseline -0.009 -14"><span class='ocrx_word' id='word_1_1102' title='bbox 2099 4816 2377 4898; x_wconf 79' lang='lat' dir='ltr'><strong>quisquam</strong></span> <span class='ocrx_word' id='word_1_1103' title='bbox 2417 4841 2601 4883; x_wconf 88' lang='lat' dir='ltr'><strong>vocem</strong></span> <span class='ocrx_word' id='word_1_1104' title='bbox 2639 4828 2756 4895; x_wconf 91' lang='lat' dir='ltr'><strong>ejus</strong></span> <span class='ocrx_word' id='word_1_1105' title='bbox 2787 4816 3276 4898; x_wconf 12' lang='lat' dir='ltr'><strong>:rutApostolusjn</strong></span> <span class='ocrx_word' id='word_1_1106' title='bbox 3309 4816 3673 4898; x_wconf 65' lang='lat' dir='ltr'><strong>promptum-</strong></span> 
     </span>
    </p>
   </div>
   <div class='ocr_carea' id='block_1_142' title="bbox 2101 4889 3672 4966">
    <p class='ocr_par' dir='ltr' id='par_1_142' title="bbox 2101 4889 3672 4966">
     <span class='ocr_line' id='line_1_142' title="bbox 2101 4889 3672 4966; baseline -0.009 -13"><span class='ocrx_word' id='word_1_1107' title='bbox 2101 4889 2318 4956; x_wconf 51' lang='lat' dir='ltr'><strong>liere&#39;se</strong></span> <span class='ocrx_word' id='word_1_1108' title='bbox 2346 4899 2460 4965; x_wconf 89' lang='lat' dir='ltr'><strong>ait,</strong></span> <span class='ocrx_word' id='word_1_1109' title='bbox 2488 4889 2704 4954; x_wconf 77' lang='lat' dir='ltr'><strong>omnem</strong></span> <span class='ocrx_word' id='word_1_1110' title='bbox 2731 4889 3144 4966; x_wconf 73' lang='lat' dir='ltr'><strong>inobedientiam</strong></span> <span class='ocrx_word' id='word_1_1111' title='bbox 3166 4889 3542 4966; x_wconf 36' lang='lat' dir='ltr'><strong>ulcisci_,ncu‘u_t</strong></span> <span class='ocrx_word' id='word_1_1112' title='bbox 3568 4889 3672 4966; x_wconf 47' lang='lat' dir='ltr'><strong>im:</strong></span> 
     </span>
    </p>
   </div>
   <div class='ocr_carea' id='block_1_143' title="bbox 2105 4956 3674 5037">
    <p class='ocr_par' dir='ltr' id='par_1_143' title="bbox 2105 4956 3674 5037">
     <span class='ocr_line' id='line_1_143' title="bbox 2105 4956 3674 5037; baseline -0.009 -15"><span class='ocrx_word' id='word_1_1113' title='bbox 2105 4970 2242 5037; x_wconf 85' lang='lat' dir='ltr'><strong>pleta</strong></span> <span class='ocrx_word' id='word_1_1114' title='bbox 2274 4956 2655 5024; x_wconf 48' lang='lat' dir='ltr'><strong>fuerit&#39;eorum</strong></span> <span class='ocrx_word' id='word_1_1115' title='bbox 2703 4965 3001 5020; x_wconf 90' lang='lat' dir='ltr'><strong>obedientia</strong></span> <span class='ocrx_word' id='word_1_1116' title='bbox 3032 4961 3156 5037; x_wconf 74' lang='lat'><strong>(_2._</strong></span> <span class='ocrx_word' id='word_1_1117' title='bbox 3187 4960 3304 5013; x_wconf 81' lang='lat' dir='ltr'><strong>Cor.</strong></span> <span class='ocrx_word' id='word_1_1118' title='bbox 3348 4958 3434 5012; x_wconf 82' lang='lat' dir='ltr'><strong>to.</strong></span> <span class='ocrx_word' id='word_1_1119' title='bbox 3467 4956 3566 5037; x_wconf 76' lang='grc' dir='ltr'><strong>δ),</strong></span> <span class='ocrx_word' id='word_1_1120' title='bbox 3589 4956 3674 5025; x_wconf 87' lang='lat' dir='ltr'><strong>qui</strong></span> 
     </span>
    </p>
   </div>
   <div class='ocr_carea' id='block_1_144' title="bbox 2097 5030 3670 5101">
    <p class='ocr_par' dir='ltr' id='par_1_144' title="bbox 2097 5030 3670 5101">
     <span class='ocr_line' id='line_1_144' title="bbox 2097 5030 3670 5101; baseline -0.009 -9"><span class='ocrx_word' id='word_1_1121' title='bbox 2097 5030 2374 5096; x_wconf 84' lang='lat' dir='ltr'><strong>obediunt.</strong></span> <span class='ocrx_word' id='word_1_1122' title='bbox 2406 5042 2537 5094; x_wconf 90' lang='lat' dir='ltr'><strong>Dum</strong></span> <span class='ocrx_word' id='word_1_1123' title='bbox 2567 5053 2693 5092; x_wconf 88' lang='lat' dir='ltr'><strong>vero</strong></span> <span class='ocrx_word' id='word_1_1124' title='bbox 2721 5030 3189 5101; x_wconf 87' lang='lat' dir='ltr'><strong>Deuslonganitnis</strong></span> <span class='ocrx_word' id='word_1_1125' title='bbox 3208 5038 3310 5092; x_wconf 88' lang='lat' dir='ltr'><strong>est,</strong></span> <span class='ocrx_word' id='word_1_1126' title='bbox 3345 5040 3405 5101; x_wconf 75' lang='lat' dir='ltr'><strong>et</strong></span> <span class='ocrx_word' id='word_1_1127' title='bbox 3444 5038 3499 5101; x_wconf 81' lang='lat' dir='ltr'><strong>tu</strong></span> <span class='ocrx_word' id='word_1_1128' title='bbox 3529 5030 3670 5093; x_wconf 74' lang='lat' dir='ltr'><strong>long-</strong></span> 
     </span>
    </p>
   </div>
   <div class='ocr_carea' id='block_1_145' title="bbox 2099 5097 3677 5173">
    <p class='ocr_par' dir='ltr' id='par_1_145' title="bbox 2099 5097 3677 5173">
     <span class='ocr_line' id='line_1_145' title="bbox 2099 5097 3677 5173; baseline -0.008 -9"><span class='ocrx_word' id='word_1_1129' title='bbox 2099 5112 2294 5166; x_wconf 87' lang='lat' dir='ltr'><strong>animis</strong></span> <span class='ocrx_word' id='word_1_1130' title='bbox 2321 5121 2438 5166; x_wconf 88' lang='lat' dir='ltr'><strong>esto</strong></span> <span class='ocrx_word' id='word_1_1131' title='bbox 2467 5128 2478 5164; x_wconf 93' lang='lat'><strong>:</strong></span> <span class='ocrx_word' id='word_1_1132' title='bbox 2509 5110 2636 5164; x_wconf 88' lang='lat' dir='ltr'><strong>dum</strong></span> <span class='ocrx_word' id='word_1_1133' title='bbox 2669 5107 2828 5162; x_wconf 86' lang='lat' dir='ltr'><strong>hodie</strong></span> <span class='ocrx_word' id='word_1_1134' title='bbox 2859 5097 3070 5173; x_wconf 61' lang='lat' dir='ltr'><strong>quoﬁue</strong></span> <span class='ocrx_word' id='word_1_1135' title='bbox 3098 5097 3597 5173; x_wconf 67' lang='lat' dir='ltr'><strong>palilur_C|t_risltts,</strong></span> <span class='ocrx_word' id='word_1_1136' title='bbox 3628 5107 3677 5173; x_wconf 82' lang='lat' dir='ltr'><strong>te</strong></span> 
     </span>
    </p>
   </div>
   <div class='ocr_carea' id='block_1_146' title="bbox 2099 5168 3676 5250">
    <p class='ocr_par' dir='ltr' id='par_1_146' title="bbox 2099 5168 3676 5250">
     <span class='ocr_line' id='line_1_146' title="bbox 2099 5168 3676 5250; baseline -0.011 -14"><span class='ocrx_word' id='word_1_1137' title='bbox 2099 5183 2355 5250; x_wconf 86' lang='lat' dir='ltr'><strong>patiente,</strong></span> <span class='ocrx_word' id='word_1_1138' title='bbox 2385 5189 2603 5250; x_wconf 90' lang='lat' dir='ltr'><strong>propter</strong></span> <span class='ocrx_word' id='word_1_1139' title='bbox 2646 5168 2929 5250; x_wconf 65' lang='lat' dir='ltr'><strong>Christum</strong></span> <span class='ocrx_word' id='word_1_1140' title='bbox 2959 5168 3187 5229; x_wconf 82' lang='lat' dir='ltr'><strong>tolerare</strong></span> <span class='ocrx_word' id='word_1_1141' title='bbox 3209 5168 3676 5250; x_wconf 42' lang='lat' dir='ltr'><strong>etflbristi&#39;mini-</strong></span> 
     </span>
    </p>
   </div>
   <div class='ocr_carea' id='block_1_147' title="bbox 2096 5239 3675 5322">
    <p class='ocr_par' dir='ltr' id='par_1_147' title="bbox 2096 5239 3675 5322">
     <span class='ocr_line' id='line_1_147' title="bbox 2096 5239 3675 5322; baseline -0.009 -17"><span class='ocrx_word' id='word_1_1142' title='bbox 2096 5239 2264 5307; x_wconf 63' lang='lat' dir='ltr'><strong>atrum</strong></span> <span class='ocrx_word' id='word_1_1143' title='bbox 2292 5239 2522 5322; x_wconf 71' lang='lat' dir='ltr'><strong>oportei.</strong></span> <span class='ocrx_word' id='word_1_1144' title='bbox 2553 5251 2733 5322; x_wconf 87' lang='lat' dir='ltr'><strong>Clama</strong></span> <span class='ocrx_word' id='word_1_1145' title='bbox 2759 5247 2826 5322; x_wconf 83' lang='lat' dir='ltr'><strong>ad</strong></span> <span class='ocrx_word' id='word_1_1146' title='bbox 2880 5247 3048 5308; x_wconf 87' lang='lat' dir='ltr'><strong>illtttn,</strong></span> <span class='ocrx_word' id='word_1_1147' title='bbox 3078 5253 3134 5297; x_wconf 93' lang='lat' dir='ltr'><strong>et</strong></span> <span class='ocrx_word' id='word_1_1148' title='bbox 3174 5240 3459 5322; x_wconf 80' lang='lat' dir='ltr'><strong>vindictam</strong></span> 
     </span>
    </p>
   </div>
   <div class='ocr_carea' id='block_1_148' title="bbox 2094 5308 3675 5388">
    <p class='ocr_par' dir='ltr' id='par_1_148' title="bbox 2094 5308 3675 5388">
     <span class='ocr_line' id='line_1_148' title="bbox 2094 5308 3675 5388; baseline -0.012 -10"><span class='ocrx_word' id='word_1_1149' title='bbox 2094 5323 2202 5378; x_wconf 88' lang='lat' dir='ltr'><strong>cito</strong></span> <span class='ocrx_word' id='word_1_1150' title='bbox 2229 5308 2617 5379; x_wconf 75' lang='lat' dir='ltr'><strong>consunnnabit</strong></span> <span class='ocrx_word' id='word_1_1151' title='bbox 2644 5319 2974 5388; x_wconf 89' lang='lat' dir='ltr'><strong>iniquitatem</strong></span> <span class='ocrx_word' id='word_1_1152' title='bbox 3016 5321 3376 5388; x_wconf 71' lang='lat' dir='ltr'><strong>peccatorum,</strong></span> <span class='ocrx_word' id='word_1_1153' title='bbox 3404 5321 3460 5364; x_wconf 88' lang='lat' dir='ltr'><strong>et</strong></span> <span class='ocrx_word' id='word_1_1154' title='bbox 3488 5308 3675 5386; x_wconf 78' lang='lat' dir='ltr'><strong>diriget</strong></span> 
     </span>
    </p>
   </div>
   <div class='ocr_carea' id='block_1_149' title="bbox 2091 5380 3672 5463">
    <p class='ocr_par' dir='ltr' id='par_1_149' title="bbox 2091 5380 3672 5463">
     <span class='ocr_line' id='line_1_149' title="bbox 2091 5380 3672 5463; baseline -0.014 -13"><span class='ocrx_word' id='word_1_1155' title='bbox 2091 5393 2294 5463; x_wconf 85' lang='lat' dir='ltr'><strong>justum</strong></span> <span class='ocrx_word' id='word_1_1156' title='bbox 2325 5395 2464 5448; x_wconf 90' lang='lat' dir='ltr'><strong>Deus</strong></span> <span class='ocrx_word' id='word_1_1157' title='bbox 2503 5391 2666 5460; x_wconf 78' lang='lat' dir='ltr'><strong>judex</strong></span> <span class='ocrx_word' id='word_1_1158' title='bbox 2705 5380 2885 5463; x_wconf 70' lang='lat' dir='ltr'><strong>justus</strong></span> <span class='ocrx_word' id='word_1_1159' title='bbox 2927 5396 3000 5463; x_wconf 35' lang='lat' dir='ltr'><strong>et.</strong></span> <span class='ocrx_word' id='word_1_1160' title='bbox 3018 5380 3216 5463; x_wconf 80' lang='lat' dir='ltr'><strong>potens</strong></span> <span class='ocrx_word' id='word_1_1161' title='bbox 3249 5390 3316 5463; x_wconf 85' lang='lat' dir='ltr'><strong>et</strong></span> <span class='ocrx_word' id='word_1_1162' title='bbox 3358 5380 3672 5463; x_wconf 62' lang='lat' dir='ltr'><strong>longanimie</strong></span> 
     </span>
    </p>
   </div>
   <div class='ocr_carea' id='block_1_150' title="bbox 2097 5455 3672 5534">
    <p class='ocr_par' dir='ltr' id='par_1_150' title="bbox 2097 5455 3672 5534">
     <span class='ocr_line' id='line_1_150' title="bbox 2097 5455 3672 5534; baseline -0.011 -16"><span class='ocrx_word' id='word_1_1163' title='bbox 2097 5455 2318 5534; x_wconf 59' lang='lat' dir='ltr'><strong>(Psalm.</strong></span> <span class='ocrx_word' id='word_1_1164' title='bbox 2348 5465 2398 5518; x_wconf 89' lang='lat'><strong>7.</strong></span> <span class='ocrx_word' id='word_1_1165' title='bbox 2435 5455 2544 5528; x_wconf 62' lang='lat' dir='ltr'><strong>l2);</strong></span> <span class='ocrx_word' id='word_1_1166' title='bbox 2575 5455 2894 5531; x_wconf 82' lang='lat' dir='ltr'><strong>longanimis</strong></span> <span class='ocrx_word' id='word_1_1167' title='bbox 2917 5455 3058 5512; x_wconf 87' lang='lat' dir='ltr'><strong>enim</strong></span> <span class='ocrx_word' id='word_1_1168' title='bbox 3089 5455 3672 5534; x_wconf 36' lang='lat' dir='ltr'><strong>est_ct.eunctautr,lut</strong></span> 
     </span>
    </p>
   </div>
   <div class='ocr_carea' id='block_1_151' title="bbox 2095 5518 3672 5660">
    <p class='ocr_par' dir='ltr' id='par_1_151' title="bbox 2095 5518 3672 5660">
     <span class='ocr_line' id='line_1_151' title="bbox 2095 5518 3672 5660; baseline -0.014 -71"><span class='ocrx_word' id='word_1_1169' title='bbox 2095 5518 2194 5660; x_wconf 49' lang='lat' dir='ltr'><strong>R05</strong></span> <span class='ocrx_word' id='word_1_1170' title='bbox 2235 5518 2305 5589; x_wconf 87' lang='lat' dir='ltr'><strong>ad</strong></span> <span class='ocrx_word' id='word_1_1171' title='bbox 2351 5518 2981 5604; x_wconf 48' lang='lat' dir='ltr'><strong>ipsuni&#39;conicrtamur:</strong></span> <span class='ocrx_word' id='word_1_1172' title='bbox 3031 5525 3116 5581; x_wconf 91' lang='lat' dir='ltr'><strong>cui</strong></span> <span class='ocrx_word' id='word_1_1173' title='bbox 3151 5522 3318 5594; x_wconf 86' lang='lat' dir='ltr'><strong>gloria</strong></span> <span class='ocrx_word' id='word_1_1174' title='bbox 3349 5520 3402 5574; x_wconf 87' lang='lat' dir='ltr'><strong>in</strong></span> <span class='ocrx_word' id='word_1_1175' title='bbox 3453 5518 3672 5574; x_wconf 60' lang='lat' dir='ltr'><strong>sucula.</strong></span> 
     </span>
     <span class='ocr_line' id='line_1_152' title="bbox 2144 5622 2285 5660; baseline -0.007 0"><span class='ocrx_word' id='word_1_1176' title='bbox 2144 5622 2285 5660; x_wconf 88' lang='lat' dir='ltr'><strong>men.</strong></span> 
     </span>
    </p>
   </div>
  </div>
