3784 6236
1107 378 1217 453 .DE
1258 374 1604 433 FUGIENDA
1646 372 1996 431 ειΜωΑτΑ
2037 370 2299 429 SPECIE.

1850 565 3269 601 HW”.
3272 581 3297 586 _
3306 580 3344 587 -..

141 602 271 608 _____
296 602 303 603 κ
376 602 451 604 .-ἡκ
681 602 689 604 -

1514 747 1919 811 MONITUM.

116 964 165 1008 ιιι
204 961 324 1008 sunt
354 945 766 1020 ἑπιμορφάζειν,
801 940 1122 1007 ἀτονιάζειν,
1163 954 1219 998 et
1258 943 1364 998 alia
1409 958 1531 1012 qua:
1578 957 1610 995 ς

1904 936 2082 1007 quivis
2106 934 2479 1005 Chrysostomi
2534 935 2702 989 lector
2731 933 3141 995 animadvertet,
3188 938 3351 1000 atque

117 1047 248 1100 inter
294 1042 473 1114 spuria
521 1040 661 1093 hanc
712 1033 993 1090 homiliam
1048 1034 1245 1088 merito
1282 1034 1465 1103 jacere
1505 1048 1616 1087 non
1650 1031 1861 1087 inﬁcias
1905 1027 2023 1083 ibit.

176 1133 539 1205 lnterpretatio
578 1132 767 1187 Latina
791 1141 875 1187 est
903 1131 1195 1187 Frontonis
1232 1129 1433 1185 Ducaei.

137 1317 3330 1356 ___________________________________________.._.

506 1567 602 1621 DE
633 1563 1015 1621 FUGIENDA
1058 1562 1435 1620 SIMULATA
1479 1559 1777 1627 SPECIE,
1823 1555 1911 1613 AC
1955 1557 2000 1614 ll

1425 1566 1435 1614 t
1479 1559 1777 1627 SPECIE,
1823 1555 1911 1613 AC
1955 1556 2256 1614 HINIME
2306 1556 2527 1623 VERA,
2571 1555 2919 1613 ΗοιιιιιΑ.

166 1960 362 2015 Rursus
412 1960 719 2032 evangeliea
775 1962 929 2019 nobis
971 1962 1028 2019 in
1079 1977 1270 2018 manus
1298 1962 1557 2019 sumenda
1585 1973 1668 2018 est

91 2033 233 2096 tuba,
263 2042 312 2086 et
341 2033 549 2087 Domini
576 2032 728 2087 vobis
752 2033 1047 2089 admonitio
1073 2033 1391 2088 enarranda.
1414 2034 1669 2087 Attendite

89 2104 248 2176 enim,
276 2102 462 2176 inquit,
490 2120 523 2157 a
551 2104 698 2176 falsis
742 2105 1022 2175 prophetis,
1052 2106 1139 2176 qui
1180 2107 1381 2158 veniunt
1408 2105 1475 2157 ad
1502 2121 1587 2159 vos
1613 2106 1666 2158 in

88 2174 383 2228 vestimentis
405 2176 597 2241 ovium,
620 2175 920 2231 intrinsecus
943 2174 1113 2231 autem
1132 2177 1391 2247 Sttttlilupt'
1416 2192 1627 2246 rapaces
1648 2190 1667 2229 :

86 2261 124 2316 a_
165 2247 404 2314 fructibus
452 2262 626 2299 eorum
676 2248 984 2316 cognoscetis
1032 2263 1115 2301 eos
1166 2246 1184 2316 (
1220 2246 1408 2300 Matth.
1441 2247 1663 2311 7.15).

86 2314 215 2387 Nam
246 2331 309 2370 ex
340 2317 425 2383 iis,
461 2332 581 2385 qua:
612 2317 667 2371 in
692 2314 807 2371 dies
831 2325 1113 2387 geruntur,
1142 2314 1338 2386 ubique
1363 2318 1572 2387 species
1591 2318 1666 2372 si-

86 2386 277 2440 mulata
304 2387 739 2456 deprehenditur.
792 2386 1053 2457 siquidem
1089 2402 1119 2441 a
1171 2386 1446 2443 voluntate
1486 2389 1664 2442 dima-

86 2466 213 2510 naut
240 2458 474 2513 actiones
499 2475 513 2519 ;
542 2458 869 2528 voluntatem
896 2473 1059 2528 porro
1086 2459 1423 2513 venerandus
1453 2458 1665 2515 habitus

86 2544 187 2579 non
220 2529 479 2582 immutat.
514 2528 732 2583 Frustra
762 2527 919 2599 igitur
944 2529 1154 2583 labores
1198 2530 1417 2599 suscipit
1464 2530 1545 2583 vir
1570 2530 1665 2584 do-

83 2600 225 2653 losus
249 2600 384 2669 apud
414 2600 700 2669 sapientes,
730 2603 818 2670 qui
846 2616 967 2655 eum
998 2616 1063 2655 ex
1111 2600 1367 2654 fructibus
1411 2600 1664 2670 indagare

85 2680 338 2737 possunt,
385 2681 439 2724 et
465 2671 707 2740 quisnam
739 2672 808 2725 sit
840 2686 1165 2741 cognoscere
1192 2671 1470 2740 qualisque
1494 2672 1666 2726 videa-

84 2750 191 2794 tur.
246 2742 379 2807 Quid
414 2742 572 2811 igitur
605 2742 830 2810 teipsum
862 2743 912 2795 in
941 2743 1117 2796 alieno
1156 2742 1340 2796 habitu
1371 2743 1611 2797 occultas
1639 2744 1661 2796 ?

79 2811 215 2877 Quid
243 2814 394 2867 ovina
430 2814 566 2879 pelle
595 2815 773 2881 lupum
803 2812 1132 2867 abscondis?
1164 2813 1327 2867 Paulo
1357 2824 1473 2882 post
1505 2829 1661 2867 nam-

78 2898 183 2955 que
219 2893 268 2937 te
313 2884 511 2955 veritas
552 2882 851 2955 patefaciet,
881 2892 935 2937 et
971 2883 1095 2937 dum
1144 2884 1607 2955 veritatemfugis,
1632 2899 1663 2938 a

77 2954 299 3007 veritate
328 2954 762 3023 deprehenderis.
785 2954 895 3009 Cur
919 2970 1195 3009 sermones
1225 2970 1332 3020 pne
1358 2966 1407 3009 te
1426 2954 1533 3010 fers
1565 2956 1663 3010 ltu-

77 3025 371 3090 manitatis,
402 3040 622 3094 asperos
644 3040 823 3079 mores
858 3026 1135 3080 occultans
1159 3026 1182 3079 ?
1209 3024 1326 3079 Non
1356 3026 1539 3080 latebit
1571 3041 1661 3080 as-

77 3096 277 3161 peritas
302 3106 411 3160 tua,
443 3095 566 3151 licet
592 3096 880 3150 admodum
919 3096 1099 3151 suavis
1124 3111 1248 3153 esse
1286 3096 1526 3152 simules.
1556 3096 1664 3152 Cur

75 3163 313 3220 habitum
339 3166 513 3221 induis
528 3167 795 3231 amicitim,
813 3182 934 3221 cum
958 3167 1031 3221 sis
1054 3166 1264 3221 hostis?
1294 3166 1408 3221 Non
1436 3169 1662 3224 vivimus

73 3237 126 3289 in
162 3237 428 3291 tenebris:
453 3238 706 3307 pateﬁunt
727 3238 1012 3301 occulta,et
1043 3238 1184 3308 quod
1210 3238 1575 3295 abscondebas
1598 3255 1660 3294 o-

74 3308 225 3361 dium
257 3310 605 3375 comperitur.
639 3309 747 3364 Cur
784 3308 1073 3363 amicitiam
1102 3309 1364 3363 simulas?
1395 3309 1502 3364 Cur
1526 3310 1662 3365 adu-

78 3379 208 3431 luris
231 3395 352 3433 cum
383 3395 488 3433 non
520 3379 718 3434 ames?
746 3380 937 3433 Odium
982 3379 1168 3434 istltrec
1208 3380 1299 3433 tibi
1330 3381 1499 3449 pariet
1526 3381 1661 3436 adu-

72 3449 221 3513 latio,
251 3459 519 3519 tamquam
547 3452 613 3505 ab
640 3450 855 3505 inimico
885 3466 1076 3504 noxam
1101 3450 1354 3516 inferens,
1387 3467 1492 3507 non
1513 3467 1662 3507 eom-

72 3519 296 3574 modum
338 3531 396 3574 ιιι
436 3521 505 3575 ab
533 3522 728 3576 amico.
777 3520 989 3575 Laudas
1031 3522 1228 3576 etenim
1254 3521 1414 3577 etiam
1444 3538 1509 3579 ea
1542 3538 1661 3591 qua:

71 3607 233 3657 prava
262 3602 385 3645 sunt
411 3591 790 3647 assentationis
814 3607 973 3647 causa
1008 3609 1022 3645 :
1054 3608 1161 3647 non
1188 3602 1272 3647 est
1310 3606 1491 3648 autem
1522 3593 1659 3647 adeo

68 3662 318 3729 stupidus
350 3663 421 3725 is,
469 3664 554 3718 cui
605 3662 879 3727 adularis;
927 3663 1054 3733 quin
1087 3664 1263 3732 potius
1282 3663 1469 3719 odisse
1501 3664 1663 3719 debet

66 3749 218 3817 eum,
238 3748 269 3787 a
291 3748 397 3817 quo
428 3742 646 3817 propter
675 3742 889 3803 peccata
902 3736 1186 3817 “laudetur.
1213 3734 1324 3817 cur
1341 3734 1471 3817 justi
1498 3743 1660 3817 atque

69 3806 425 3871 temperantis
453 3803 543 3858 tibi
596 3803 815 3874 ﬁguram
864 3804 1094 3874 aflingis,
1130 3820 1251 3859 cum
1281 3803 1659 3861 iu'sceleribus

65 3889 134 3927 ac
183 3876 419 3929 lasciviis
450 3874 804 3944 perseveres?
851 3874 961 3930 Cur
1004 3876 1363 3946 arrogantiam
1411 3877 1554 3931 cultu
1596 3891 1660 3931 ac

66 3959 327 4000 sermone
363 3946 675 4000 humilitatis
708 3947 945 4013 obvelas,
971 3955 1025 4001 et
1045 3946 1383 4002 observantia
1410 3947 1659 4003 invidiam

62 4016 424 4071 dissimulas?
454 4015 605 4070 Nihil
643 4017 776 4070 enim
804 4028 876 4072 est
913 4027 1140 4086 apertam
1165 4058 1179 4079 ,
1202 4018 1338 4088 quod
1381 4035 1482 4073 non
1520 4034 1659 4088 reve-

64 4088 261 4161 labitur
281 4104 301 4141 :
324 4096 368 4141 et
397 4088 687 4161 occultum,
708 4089 843 4158 quod
870 4106 971 4143 non
994 4090 1180 4161 scietur
1197 4087 1419 4161 (Matth.
1436 4090 1521 4144 10.
1541 4087 1657 4161 26).

140 4158 346 4243 Malunt
363 4168 445 4238 est
466 4158 697 4243 hominis
718 4161 969 4242 probrum
992 4158 1367 4242 tuendaeium:
1396 4158 1659 4243 fugiamus

61 4229 138 4281 ob
183 4229 524 4299 mendacium
558 4229 821 4298 objectam
852 4231 1305 4294 criminationem,
1337 4245 1404 4285 ne
1436 4229 1526 4286 tibi
1559 4231 1659 4299 ipsi

60 4298 211 4365 apud
247 4301 477 4355 anticum
506 4300 662 4354 ﬁdem
691 4301 936 4370 deroges,
969 4310 1025 4355 ut
1061 4316 1128 4355 ne
1160 4310 1268 4354 tum
1297 4317 1509 4372 quoque
1536 4298 1658 4357 cum

64 4386 196 4423 vera
242 4387 452 4443 narras,
486 4389 588 4425 non
626 4372 857 4443 amplius
908 4372 1039 4427 ﬁdes
1084 4373 1384 4427 habeatur:
1424 4389 1544 4427 nam
1571 4373 1660 4443 qui

60 4443 116 4494 in
141 4456 257 4513 uno
284 4442 512 4513 mendax
542 4442 910 4511 deprehensus
940 4454 1041 4507 est,
1077 4458 1181 4497 non
1210 4445 1440 4513 amplius
1467 4444 1658 4513 dignus

56 4512 285 4585 estcui,
324 4512 447 4567 licet
474 4530 599 4567 vera
625 4514 859 4580 dicenti,
890 4516 1157 4569 credatur.
1182 4512 1359 4585 Loqui
1372 4512 1551 4585 justo,
1582 4516 1662 4568 in-

55 4583 204 4655 quit,
235 4593 285 4636 et
335 4600 558 4639 verticem
603 4600 728 4649 esse,
763 4586 950 4653 placita
998 4595 1114 4639 sunt
1165 4584 1272 4639 Deo
1320 4583 1482 4655 magis
1507 4602 1661 4655 quant

55 4654 629 4725 hostiarumsangnis(
665 4655 817 4709 Prov.
849 4658 940 4711 ’21.
978 4658 1014 4711 3
1040 4658 1080 4725 ).
1131 4657 1335 4710 Donum
1378 4654 1659 4725 acceptum

53 4722 268 4778 oﬂ'eres
294 4725 402 4779 Deo
430 4767 445 4791 ,
472 4722 632 4780 ﬁdem
664 4742 726 4781 ac
756 4722 1054 4782 veritatem.
1079 4728 1256 4783 Facile
1288 4727 1380 4780 tibi
1408 4738 1491 4782 est
1510 4722 1660 4781 alio.

51 4796 193 4861 quin
220 4804 278 4848 ut
311 4810 420 4863 res,
452 4796 527 4851 uti
548 4807 693 4869 sunt,
720 4799 1008 4867 eloquaris,
1032 4815 1136 4853 non
1164 4807 1222 4853 ut
1249 4813 1362 4864 cas,
1387 4814 1507 4869 qua:
1532 4814 1661 4853 nus-

50 4882 228 4935 quam
262 4876 411 4933 sunt,
434 4868 860 4923 comminiscnris
885 4888 898 4923 :
935 4886 1040 4924 non
1072 4870 1216 4925 enim
1246 4868 1513 4924 laborabis
1531 4884 1662 4923 con-

50 4937 293 5010 uitendo
325 4948 508 5010 utpro
534 4939 756 4995 veritate
778 4941 1110 4995 mendacium
1138 4940 1467 5005 admittatur,
1488 4955 1660 5010 neque

50 5009 171 5061 ulla
202 5010 258 5063 in
295 5025 353 5063 re
385 5008 599 5065 fatisces
622 5013 890 5066 contraria
923 5011 1015 5066 tibi
1046 5012 1144 5081 ipsi
1176 5010 1444 5081 loquendo
1488 5027 1503 5065 :
1549 5008 1658 5066 non

49 5081 205 5152 enim
237 5080 342 5135 sibi
370 5081 469 5149 ipsi
495 5096 766 5136 consonus
793 5094 874 5136 est
900 5097 1082 5137 sermo
1103 5080 1352 5137 mendax.
1371 5081 1486 5136 Non
1515 5083 1657 5152 quod

49 5150 535 5224 aliisimposueris
555 5153 839 5208 crubesces
866 5163 942 5219 tu,
971 5154 1058 5224 qui
1087 5154 1364 5209 veritatem
1388 5150 1655 5209 custodis:

49 5221 420 5290 jurejurando
467 5222 570 5278 ﬁde
620 5224 919 5293 digniorem
967 5221 1123 5279 amici
1177 5234 1321 5279 tuam
1360 5225 1658 5279 orationem

49 5292 389 5366 censebunt,
417 5308 486 5366 ac
536 5292 840 5366 testimonio
868 5296 1055 5365 quovis
1076 5295 1423 5366 jurejurando
1450 5296 1660 5350 ﬁrmato

49 5364 268 5437 certius
299 5364 427 5418 illud
450 5365 600 5437 quod
644 5366 859 5430 dixeris,
888 5364 1162 5437 tamquam
1187 5364 1389 5434 justum
1417 5375 1471 5419 et
1498 5366 1657 5420 indu-

49 5436 300 5488 bitatum
343 5436 705 5491 testimonium
753 5447 902 5491 tuum
932 5436 1251 5492 admittent:
1285 5436 1653 5506 quandocum-

49 5506 262 5578 quead
299 5508 664 5561 testimonium
699 5508 984 5563 dicendum
1014 5508 1276 5578 prodieris
1297 5548 1311 5573 ,
1344 5508 1655 5576 przeclaram

50 5576 285 5646 quidem
318 5578 408 5631 tibi
435 5578 658 5647 gloriam
686 5578 755 5633 ob
784 5576 1083 5642 veritatem,
1114 5578 1451 5634 versantibus
1479 5590 1658 5634 autem

49 5652 99 5701 in
145 5649 399 5715 periculo
424 5650 533 5703 reis
558 5650 785 5704 salutem
812 5691 828 5717 ,
856 5660 909 5705 et
939 5651 1131 5719 injuria
1173 5650 1444 5720 oppressis
1472 5651 1659 5720 utilita-

49 5731 163 5773 tem
198 5720 256 5773 in
282 5720 487 5789 judicio
514 5720 847 5776 conciliabis.
870 5721 1031 5775 Labia
1052 5719 1270 5787 veracia,
1298 5722 1489 5791 inquit,
1523 5719 1658 5774 diri-

49 5800 182 5861 gunt
207 5792 557 5864 t_estimon_iunt
582 5808 753 5864 veram
782 5808 801 5846 :
827 5794 964 5847 testis
991 5803 1158 5846 autem
1180 5793 1483 5864 injttstorunt
1505 5792 1655 5846 dolo-

49 5859 143 5920 Sus
167 5859 370 5934 (Prov.
404 5862 495 5921 l2.
516 5862 609 5935 l9)
640 5881 651 5918 :
685 5863 914 5935 benigno
942 5866 1082 5920 vultu
1130 5875 1181 5920 te
1208 5859 1545 5922 contuebilur
1567 5864 1654 5935 ju-

1772 1962 1874 2037 dex
1903 2004 1919 2030 ,
1953 1974 2110 2035 teque
2161 1964 2306 2020 omni
2345 1964 2626 2035 judiciaria
2681 1960 3051 2037 disquisitione
3097 1968 3363 2028 liberabit.

1773 2034 2251 2108 Yerumeuimvero
2282 2034 2436 2091 laude
2461 2037 2620 2105 digna
2659 2034 2800 2092 sunt'
2825 2039 2965 2108 apud
2998 2041 3165 2095 Deum
3190 2040 3367 2093 humi-

1774 2106 1938 2179 litatis
1979 2116 2125 2179 recte
2166 2108 2326 2179 facta,
2372 2108 2637 2179 siquidem
2689 2106 2906 2179 exsequi
2954 2125 3014 2163 ea
3071 2111 3357 2179 possimus.

1775 2177 1986 2250 Etenim
2025 2178 2175 2231 multi
2217 2192 2340 2231 cum
2389 2178 2589 2248 aliquid
2642 2179 2765 2233 boni
2794 2177 3020 2249 egerint,
3053 2177 3358 2250 deprimere

1771 2248 2091 2320 semetipsos
2120 2256 2380 2303 conantur
2405 2258 2598 2320 praeter
2613 2250 2780 2320 ipsam
2810 2248 3106 2315 veritatem,
3128 2248 3180 2305 et
3204 2267 3355 2304 men-

1773 2319 2074 2390 tiricontra
2101 2319 2309 2388 seipsos
2340 2318 2558 2373 malum.
2586 2318 2654 2374 At
2675 2336 2774 2390 ego
2804 2321 2896 2375 tibi
2923 2320 3060 2380 dico.
3082 2322 3152 2375 mi
3176 2321 3363 2385 homo,

1778 2400 1831 2443 tu
1863 2389 2140 2461 humiliter
2162 2404 2259 2461 pro
2287 2390 2363 2444 rei
2391 2390 2613 2445 veritate
2656 2389 2724 2445 de
2760 2400 2814 2446 te
2863 2396 2998 2445 senti
3044 2409 3057 2446 :
3096 2392 3239 2461 apud
3267 2392 3358 2447 Dei

1769 2475 1927 2515 aures
1951 2460 2168 2513 humilia
2196 2459 2263 2514 de
2289 2461 2459 2526 teipso
2491 2462 2731 2530 loquere,
2755 2463 2891 2516 sicut
2919 2459 3185 2516 Abraham
3213 2460 3360 2517 dice-

1770 2530 1876 2593 bat,
1911 2531 2022 2600 Ego
2047 2538 2214 2583 autem
2240 2548 2352 2601 sunt
2392 2542 2524 2584 terra
2565 2543 2611 2585 et
2634 2533 2761 2584 cinis
2788 2534 2804 2601 (
2829 2531 2955 2585 Gen.
2992 2533 3077 2586 18.
3107 2532 3176 2585 27
3206 2534 3224 2599 )
3251 2550 3263 2585 :
3301 2544 3361 2585 ιιι

1772 2599 2219 2667 Ριιιιιιιςάίεριιτιι,
2251 2599 2363 2671 Ego
2401 2617 2514 2654 sunt
2564 2599 2802 2654 minimus
2851 2604 3241 2671 apostolorum,
3266 2603 3355 2671 qni

1769 2689 1873 2726 non
1898 2689 2009 2726 sam
2035 2672 2219 2743 dignus
2247 2673 2418 2743 vocari
2446 2674 2728 2743 apostolus,
2748 2674 2868 2739 quia
2897 2683 3225 2743 persequutus
3245 2689 3360 2726 sunt

1774 2743 2053 2798 Ecclesium
2086 2730 2180 2796 Dei
2211 2742 2303 2813 (l.
2329 2742 2448 2797 Cor.
2481 2730 2571 2797 15.
2601 2742 2656 2799 9.
2682 2730 2777 2813 l0.)
2805 2762 2817 2797 :
2848 2730 3035 2799 rursus
3053 2730 3234 2797 autem
3264 2759 3361 2797 ve-

1770 2816 1980 2869 ritatem
2016 2812 2366 2883 proloquutus
2386 2813 2614 2881 adjecit,
2649 2812 2832 2867 Gratia
2857 2824 3025 2868 autem
3059 2813 3152 2867 Dei
3171 2830 3285 2868 sum
3306 2814 3361 2867 id

1766 2885 1901 2956 quod
1945 2901 2078 2939 sum.
2110 2884 2202 2956 llis
2233 2886 2410 2954 itaque
2439 2885 2517 2939 sic
2545 2884 2613 2939 ad
2641 2884 2937 2939 doctrinam
2961 2894 3195 2956 nostram
3228 2899 3356 2953 pro-

1769 2954 1976 3026 positis,
2008 2955 2308 3009 simulatam
2339 2958 2572 3024 speciem
2617 2956 2762 3008 omni
2799 2970 2863 3011 ex
2894 2965 3046 3025 parte
3072 2954 3355 3024 fugiamus.

1768 3030 1875 3081 Cur
1914 3026 2310 3096 nobismetipsis
2344 3026 2517 3080 larvas
2570 3027 3054 3096 circumponimus,
3078 3026 3359 3096 cumtales

1769 3113 1872 3152 non
1904 3099 2069 3152 simus
2094 3094 2278 3166 quales
2304 3113 2400 3150 nos
2424 3094 2915 3163 ostentamus,'dum
2936 3105 3113 3151 vestes
3139 3094 3353 3165 quidem

1767 3169 1832 3223 ad
1858 3179 2053 3223 terram
2096 3166 2355 3222 trahimus
2408 3167 2460 3221 in
2504 3166 2687 3222 habitu
2730 3177 3033 3222 sanctorum
3062 3208 3079 3233 ,
3121 3166 3360 3221 moribus

1766 3238 2170 3295 antemeﬁ‘erati
2201 3280 2215 3301 ,
2262 3253 2511 3293 sermone
2558 3240 2770 3308 quidem
2810 3249 2866 3293 et
2914 3239 3111 3292 amictu
3149 3237 3353 3308 sancti,

1765 3312 1946 3365 animo
1975 3325 2101 3363 vero
2140 3318 2194 3363 et
2241 3309 2494 3379 operibus
2543 3307 2866 3363 inlutmani?
2908 3309 3022 3363 Non
3051 3307 3283 3379 vestitus
3301 3308 3356 3363 in

1768 3397 1990 3451 regnum
2019 3376 2594 3451 caelorttm'iutrodueit
2616 3422 2631 3444 ,
2660 3381 2751 3435 sed
2795 3396 2957 3451 opera
2974 3379 3217 3451 justitiaa.
3239 3376 3354 3451 Non

1768 3448 1850 3505 ita'
1868 3451 2089 3518 aspiciet
2135 3450 2296 3505 homo
2318 3492 2334 3516 ,
2368 3458 2428 3504 ut
2468 3451 2691 3518 aSpiciet
2722 3448 2864 3506 Deus
2895 3467 2907 3503 :
2942 3448 3105 3504 homo
3135 3450 3351 3519 quidem

1768 3524 1820 3576 in
1852 3521 2039 3576 faciem
2064 3522 2317 3590 aspiciet:
2348 3522 2488 3576 Deus
2512 3530 2690 3576 autem
2714 3521 2937 3590 aspiciet
2956 3520 3021 3574 ad
3044 3518 3161 3590 cor.
3189 3518 3356 3590 Scra-

1768 3539 1820 3576 ιιι
1852 3536 2039 3576 lactem
2064 3536 2317 3590 asptctet:
2348 3536 2488 3576 Deus
2512 3536 2690 3576 autem
2714 3536 2773 3574 as
2815 3536 2937 3575 tctet
2956 3536 3021 3574 au
3044 3536 3158 3575 cor.
3189 3536 3350 3573 acra-

1768 3603 1884 3647 tans
1912 3593 2079 3654 enim,
2111 3592 2298 3661 iuqttit,
2330 3592 2486 3645 corda
2513 3602 2560 3645 et
2598 3608 2743 3646 renes
2771 3536 2912 3645 gens
2935 3589 3110 3659 (Psal.
3140 3590 3192 3643 7.
3220 3589 3311 3661 10)
3335 3605 3350 3643 :

1766 3672 1824 3718 et
1852 3672 2069 3733 propter
2094 3678 2215 3733 eum
2244 3662 2334 3731 qui
2363 3663 2527 3727 venit,
2564 3671 2620 3716 ut
2642 3663 2857 3731 colligat
2892 3663 3173 3733 hominum
3200 3661 3352 3733 cogi-

1768 3730 1997 3789 tationes
2024 3752 2037 3787 :
2064 3730 2424 3787 Omnia’enitn
2456 3734 2594 3786 nuda
2618 3743 2735 3787 sunt
2764 3730 2811 3786 et
2833 3744 3010 3802 aperta
3038 3730 3201 3802 oculis
3220 3731 3354 3802 eius.

1766 3804 1889 3859 Non
1920 3816 1990 3859 est
2038 3806 2122 3873 qui
2175 3820 2227 3857 se
2255 3803 2533 3857 abscondat
2555 3820 2588 3856 a
2615 3805 2785 3858 calore
2811 3801 2919 3874 ejus
2948 3801 3131 3871 (Hebr.
3158 3802 3212 3855 4.
3240 3801 3309 3856 15
3337 3816 3354 3865 ;

1768 3874 1913 3930 Psal.
1950 3874 2037 3930 18.
2057 3876 2135 3945 7).
2162 3874 2351 3929 Veniet
2382 3884 2591 3942 tempus
2614 3891 2734 3930 cum
2772 3874 2869 3929 hac
2893 3874 3101 3942 abjecta
3128 3886 3354 3943 persona

1767 3948 1941 4001 nudus
1972 3946 2292 4015 reperieris,
2319 3956 2539 4015 tumque
2570 3955 2629 4000 ut
2671 3945 2844 3999 Adam
2892 3956 3014 4014 post
3066 3946 3270 4013 lapsum
3300 3945 3354 3997 in

1766 4027 2059 4142 consBectu
2091 4017 2183 4071 Dei
2212 4031 2471 4086 apparere
2513 4025 2565 4070 te
2618 4016 2836 4086 pudebit
2877 4034 2892 4078 ;
2942 4016 3052 4069 illic
3075 4016 3222 4096 enim
3246 4030 3353 4069 non

1767 4087 1873 4142 iam
1942 4089 2116 4142 abitus
2140 4090 2398 4142 auarritur
2423 4128 2437 4142 .
2478 4087 2573 4141 sed
2614 4102 2797 4142 onera.
2838 4086 2970 4140 Nam
3023 4085 3108 4140 hic
3136 4086 3353 4142 quidem

1761 4087 1873 4158 jam
1902 4085 2116 4143 habitus
2140 4085 2398 4154 quaeritur
2423 4128 2437 4151 ,
2478 4087 2573 4141 sed
2614 4085 2797 4155 opera.
2838 4086 2970 4140 Nam
3001 4085 3108 4158 hic
3136 4086 3353 4154 quidem

1765 4157 2136 4229 st-penumero
2162 4158 2417 4223 fallimus,
2440 4168 2490 4211 et
2524 4158 2774 4212 iudicium
2801 4157 3043 4211 criminis
3065 4158 3350 4221 evitamus,

1765 4242 1820 4286 et
1846 4228 2131 4285 venerandi
2165 4229 2374 4299 habitus
2390 4244 2548 4283 causa
2569 4239 2835 4299 tamquam
2859 4228 2987 4298 justi
3010 4242 3351 4297 apparentus,

1766 4316 1830 4357 ac
1854 4314 2226 4369 saepenumero
2252 4298 2434 4353 felices
2460 4300 2819 4371 praadicamttr
2848 4317 2860 4351 :
2897 4300 3003 4353 illic
3031 4310 3209 4353 autem
3241 4313 3347 4351 non

1763 4373 1871 4442 jam
1902 4372 2132 4440 amplius
2164 4371 2287 4425 licet
2312 4371 2589 4442 imponere
2619 4389 2632 4425 :
2667 4372 2777 4425 illic
2802 4385 2965 4439 opera
2985 4378 3299 4442 qumruntur
3327 4406 3343 4434 ,

1767 4440 1871 4497 non
1896 4443 2005 4512 jam
2050 4442 2263 4496 habitus
2302 4440 2656 4506 venerabilis;
2689 4443 2794 4495 imo
2831 4456 2959 4495 vero
2988 4440 3176 4512 majori
3222 4452 3352 4505 sup-

1767 4511 1925 4584 plicio
1950 4528 2013 4567 ac
2037 4513 2377 4584 damnatione
2405 4513 2721 4580 plectemur,
2767 4513 2812 4566 si
2846 4511 3203 4565 venerabilem
3230 4512 3350 4579 qui-

1765 4583 1886 4640 dem
1909 4584 2300 4653 honestumque
2330 4583 2566 4637 habitum
2597 4585 3007 4653 gestaverimus,
3041 4596 3139 4635 nec
3168 4590 3348 4634 tamen

1766 4655 1977 4709 habitus
2004 4670 2164 4723 opera
2200 4654 2601 4723 perfecerimus.
2630 4654 2767 4708 Audi
2792 4654 2859 4707 de
2888 4654 3090 4707 Judzeis
3120 4653 3347 4720 loquen-

1770 4737 1874 4782 tem
1898 4728 2248 4787 Salvatorem,
2277 4725 2369 4778 sed
2399 4725 2697 4779 doctrinam
2728 4739 2848 4795 quae
2874 4738 2970 4777 nos
2992 4732 3197 4795 spectat
3229 4739 3352 4795 pro.

1765 4797 2026 4851 ferentem
2060 4814 2075 4851 :
2119 4796 2349 4850 Dilatant
2369 4796 2510 4850 enim
2540 4797 2707 4865 inquit
2735 4794 2759 4861 ,ί
2781 4795 3006 4865 ﬁmbrias
3035 4833 3051 4857 ,
3078 4804 3126 4865 et
3154 4794 3352 4865 inpla-

1768 4869 1860 4923 teis
1880 4878 2029 4923 orant
2059 4877 2115 4921 ut
2145 4867 2430 4933 hominibus
2448 4868 2577 4937 justi
2601 4862 2905 4936 videantar(
2938 4863 3125 4917 Matth.
3158 4862 3260 4937 ‘25.
3292 4863 3350 4918 5.

1764 4950 1809 5011 et
1838 4957 1883 4993 c.
1913 4940 1968 4994 6.
1998 4938 2066 5011 5)
2100 4932 2345 5011 :hivero
2364 4932 2629 5011 accipient
2648 4932 3042 5011 damnationem
3067 4932 3348 5011 majorem.

1766 5004 2056 5065 Desideras
2076 5009 2311 5063 habitum
2337 5004 2723 5075 venerandum,
2751 5016 2805 5061 et
2830 5004 3223 5060 Christianismi
3256 5021 3353 5058 no-

1765 5098 1887 5136 men
1915 5080 2186 5150 expctisti.
2217 5081 2293 5134 Ne
2323 5080 2410 5134 hic
2453 5088 2658 5133 tantum
2685 5078 2969 5150 consistas,
2999 5077 3091 5130 sed
3124 5089 3348 5150 operum

1765 5147 2092 5208 exhibitione
2114 5151 2195 5205 fac
2221 5163 2513 5221 appareant
2536 5149 2819 5218 promissa,
2834 5148 3023 5218 quibus
3045 5147 3351 5221 teobstriu-

1765 5224 1912 5278 xisti.
1944 5224 2050 5278 Cur
2074 5222 2137 5275 ad
2174 5216 2491 5291 protiiissutn
2522 5216 2581 5274 es
2612 5216 2871 5291 praaceps,
2896 5233 3019 5272 cum
3058 5216 3190 5273 illud
3219 5232 3349 5286 ope-

1770 5294 1919 5350 ribus
1967 5312 2069 5347 non
2109 5290 2443 5347 conﬁrmes?
2481 5292 2705 5359 Oportet
2726 5290 2885 5360 igitur
2928 5298 2982 5343 et
3030 5299 3186 5360 caute
3224 5297 3346 5342 vota

1765 5380 2075 5433 nuncupare
2106 5405 2122 5429 ,
2153 5373 2209 5417 et
2262 5364 2544 5433 diligenter
2593 5359 2825 5433 debitum
2873 5360 2979 5413 voti
3016 5359 3344 5433 persolvere.

1773 5429 1958 5490 Vovete
1976 5450 2200 5503 namque
2220 5444 2264 5487 et
2285 5429 2478 5487 reddite
2494 5432 2715 5487 Domino
2744 5431 2851 5484 Deo
2875 5440 3035 5503 vestro
3060 5429 3344 5503 (Psal.j75.

1766 5507 1832 5561 12
1861 5510 1878 5578 )
1916 5525 1929 5561 :
1960 5501 2141 5560 sancta
2167 5505 2573 5578 conversatione
2599 5518 2720 5578 cum
2753 5502 2843 5557 illo
2866 5501 3211 5578 conjungere,
3241 5501 3343 5578 hoc

1762 5573 2097 5646 est'corpore
2153 5588 2206 5631 et
2233 5576 2442 5645 Spiritu,
2476 5586 2530 5630 et
2580 5576 2755 5629 anima
2805 5591 2838 5646 :7
2869 5574 3001 5627 nihil
3056 5573 3341 5646 subtrahas

1762 5651 1829 5706 de
1862 5645 2245 5719 promissione,
2281 5662 2357 5719 ne
2376 5647 2562 5719 eadem
2602 5646 2693 5700 tibi
2732 5645 3004 5719 ac_cidant,_
3036 5645 3339 5719 qnteAna-

1764 5714 1876 5776 nize'
1898 5729 1953 5774 et
2000 5718 2298 5790 Sappbiraa.
2348 5718 2427 5774 llli
2453 5719 2596 5774 enim
2626 5732 2747 5773 cum
2772 5716 2842 5772 de
2872 5714 3185 5785 pretioagri
3211 5728 3335 5783 pro-

1764 5792 1911 5847 missi
1952 5790 2285 5847 fraudassent
2309 5832 2324 5856 ,
2358 5799 2529 5845 morte
2558 5790 2726 5859 puniti
2756 5796 2901 5851 sunt,
2930 5794 3106 5859 etrnos
3131 5793 3341 5859 oportet

1763 5864 1861 5919 ista
1882 5860 2248 5920 reformidare.
2266 5854 2722 5919 Sciendum'enitn
2750 5868 2833 5915 est
2857 5873 2954 5913 nec
2992 5854 3340 5928 ignorantium
