3884 6270
397 333 534 386 1075

396 456 458 494 ea
484 455 604 509 quae
644 439 754 494 Deo
799 439 1179 507 promisinms,
1225 452 1331 492 non
1367 435 1476 506 jam
1527 435 1760 509 amplius
1799 443 1982 509 nostra

394 507 538 575 esse,
561 510 655 565 sed
683 511 749 564 ad
780 511 944 564 Deum
973 511 1261 578 pertinere.
1283 509 1372 562 Dei
1393 507 1666 576 suppellex
1687 515 1844 578 estet
1863 508 1982 558 the-

402 596 593 635 saurus
621 582 904 650 promissio
929 577 1133 641 nostra,
1150 589 1204 632 et
1229 580 1270 632 si
1290 578 1417 650 quid
1436 578 1558 650 inde
1585 577 1982 650 subtrahantus,

404 666 505 705 non
529 647 638 720 jam
677 661 856 704 nostra
883 651 1168 717 accipimus
1193 691 1207 712 ,
1236 649 1330 703 sed
1362 649 1619 718 sacrilege
1650 648 1741 720 Dei
1772 647 1988 720 thesau-

406 736 492 775 ros
529 716 888 791 compilamus
915 763 932 785 ,
986 716 1219 788 vereque
1249 729 1516 787 tamquam
1557 716 1798 791 sacrilegi
1837 716 1990 791 judi-

408 789 672 846 cabimur.
698 793 866 847 Porro
894 807 999 845 non
1024 792 1370 859 pecuniarum
1401 799 1602 842 tantum
1626 789 1738 851 ,sed
1769 789 1850 841 vel
1875 802 1988 859 ser-

402 863 578 917 monis
621 873 674 917 et
698 863 988 916 voluntatis
1015 858 1096 915 est
1124 861 1426 929 promissio.
1484 859 1558 911 De
1582 859 1741 921 omni,
1768 858 1938 928 inquit
1967 896 1983 918 .

403 933 550 986 uerbo
571 938 730 988 otioso
756 932 937 986 reddes
976 933 1224 986 rationm
1245 932 1297 984 in
1323 929 1406 983 die
1420 931 1607 998 judicit'
1636 930 1654 999 (
1685 929 1870 982 Matth.
1898 930 1986 984 12.

405 1002 514 1071 56)
547 1021 558 1056 :
593 1005 828 1067 divinum
871 1005 1016 1058 enim
1062 1016 1416 1071 magnumque
1456 1001 1766 1070 mysterium
1799 1015 1904 1054 non
1936 1000 1990 1054 in

410 1076 650 1142 pecuniis
679 1077 905 1146 positum
947 1081 1050 1136 est,
1079 1073 1194 1146 sed
1254 1073 1308 1126 in
1361 1071 1596 1146 perlecta
1622 1072 1894 1146 voluntate
1928 1085 1993 1125 ac

404 1142 700 1213 proposito,
719 1156 774 1199 et
803 1146 852 1198 in
882 1145 1048 1198 Deum
1070 1142 1203 1205 fide;
1233 1157 1422 1196 omnes
1449 1144 1591 1196 enim
1628 1143 1987 1213 promisimus,

407 1224 462 1268 et
491 1212 1083 1284 emnespromissionis
1107 1214 1378 1284 debitores
1405 1228 1610 1267 sumus.
1661 1212 1842 1280 Itaque
1891 1227 1987 1266 ne-

406 1301 560 1340 cesse
591 1296 675 1340 est
713 1283 771 1340 ut
797 1285 984 1341 reddat
1008 1285 1158 1354 virgo
1185 1283 1400 1354 quidem
1432 1285 1812 1351 virginitatem,
1835 1297 1993 1352 quam

407 1367 461 1408 ct
493 1357 738 1425 promisit
765 1374 781 1412 :
812 1357 1096 1411 continens
1116 1371 1266 1420 vero,
1303 1356 1684 1410 continentiam
1718 1369 1732 1407 :
1779 1356 1867 1425 qui
1893 1369 1992 1406 au-

412 1424 515 1479 tem
536 1429 873 1482 matrimonio
890 1427 1108 1497 junctus
1129 1437 1231 1488 est,
1253 1426 1682 1495 temperantiam,
1700 1432 1757 1480 et
1776 1424 1841 1477 ad
1863 1425 1998 1478 invi-

408 1513 524 1552 cem
543 1500 842 1555 caritatem.
873 1499 1004 1553 Nam
1030 1515 1148 1567 quze
1179 1498 1532 1566 virginitatem
1561 1513 1621 1550 se
1637 1506 1994 1567 servaturum,

415 1579 505 1620 aut
534 1569 865 1624 in'vidnitate
896 1566 1278 1623 continentiam
1319 1567 1578 1636 promittit
1609 1609 1624 1631 ,
1671 1567 1716 1620 si
1748 1566 1995 1635 promissi

415 1638 570 1692 tidem
605 1639 868 1700 fefellerit.
886 1649 1042 1707 atque
1066 1641 1130 1691 ad
1156 1639 1369 1709 nuptias
1392 1653 1451 1709 se
1472 1637 1820 1701 transtulerit,
1844 1637 1996 1709 dam-

413 1709 680 1763 nationem
730 1711 907 1774 habet,
937 1711 1057 1778 quia
1106 1708 1334 1777 primam
1381 1708 1538 1763 fidem
1598 1710 1798 1762 irritam
1852 1708 1998 1761 fecit.

417 1779 602 1832 Merito
622 1792 796 1833 autem
827 1791 879 1832 et
903 1781 1178 1849 presbyter
1207 1782 1433 1833 reddere
1454 1779 1613 1832 debet
1643 1779 1999 1832 sacerdotium

415 1862 688 1918 acreptuni
719 1891 733 1913 ,
771 1862 822 1903 et
854 1851 1111 1905 diaconus
1134 1853 1261 1920 (seu
1310 1851 1552 1902 minister
1583 1849 1602 1920 )
1639 1850 1996 1903 ministerium

1935 323 2178 377 SPURlA
2189 361 2203 376 .

3548 321 3680 378 10ῗῦ

2094 435 2584 505 irreprehensibile,
2609 452 2715 491 non
2737 452 2822 502 ea,
2849 451 2968 506 qua:
2995 436 3060 490 ad
3081 437 3292 492 diaconi
3324 438 3678 494 ministerium

2097 508 2380 574 pertinent,
2409 507 2587 562 furtim
2615 508 2932 573 auferendo,
2972 524 3041 562 ne
3071 509 3466 563 condemnetur
3491 521 3547 563 ut
3585 509 3678 564 Ju-

2095 577 2212 641 das,
2235 578 2362 632 dum
2409 579 2612 633 vendit.
2643 579 2801 634 Multa
2834 579 2993 647 igitur
3021 579 3108 634 hic
3136 595 3273 648 opus
3298 589 3383 634 est
3409 580 3678 649 diligentia

2096 657 2151 700 et
2177 649 2447 710 cautione,
2479 650 2690 719 nequis
2736 649 2873 703 forte
2927 650 3094 704 Deum
3132 649 3311 714 fallat,
3341 666 3519 718 neque
3548 652 3678 703 inte-

2095 732 2250 787 grum
2282 720 2470 774 reddat
2498 721 2844 787 promissum,
2876 720 2958 774 vel
3002 721 3176 784 potius
3201 721 3507 788 depositum
3544 720 3679 790 quod

2102 800 2367 860 nostrum,
2397 791 2626 859 quisque
2668 791 2930 859 promisit.
2989 791 3105 845 Non
3157 792 3388 860 amplius
3447 801 3681 850 nostrum

2098 869 2203 925 est,
2234 861 2328 914 sed
2359 859 2427 914 ita
2460 862 2735 915 nobiscmu
2767 870 3014 929 reputare
3055 861 3345 926 debemus,
3378 877 3408 915 a
3441 861 3556 915 Deo
3592 877 3682 916 nos

2097 930 2397 998 depositum
2451 932 2722 1000 accepisse
2753 948 2768 986 :
2793 943 2954 1000 atque
2983 942 3042 986 ut
3073 947 3194 987 cum
3227 933 3446 987 minime
3471 931 3680 986 defrau-

2097 1000 2276 1054 datnm
2325 1003 2644 1070 promissum
2686 1002 2891 1056 orando
2937 1004 3362 1069 servaverimus,
3409 1002 3683 1058 tremendo

2098 1070 2296 1126 Christi
2339 1072 2586 1126 tribunali
2637 1073 2929 1136 sistamus,
2964 1088 3030 1127 ne
3072 1082 3342 1142 tamquam
3369 1072 3537 1128 debiti
3568 1073 3682 1126 inti-

2099 1143 2331 1198 ciatores
2359 1145 2626 1197 sententia
2653 1144 2719 1197 ad
2765 1145 2986 1198 Anauia:
3033 1144 3337 1212 exemplum
3385 1158 3485 1197 nos
3508 1146 3682 1210 oppri-

2101 1221 2231 1267 mat.
2287 1214 2469 1283 Itaque
2515 1217 2679 1268 multa
2711 1215 2864 1268 nobis
2894 1214 2980 1269 hic
3007 1213 3316 1268 adhibenda
3346 1223 3432 1268 est
3454 1215 3639 1268 cautio
3666 1254 3681 1276 ,

2103 1299 2202 1340 nec
2231 1286 2280 1339 in
2312 1285 2493 1354 aliquo
2523 1286 2668 1348 labi,
2708 1295 2801 1338 aut
2843 1284 2910 1339 de
2943 1286 3208 1353 promisso
3237 1285 3533 1353 quidquam
3565 1285 3684 1338 sub-

2105 1355 2336 1417 trahere,
2364 1355 2461 1410 sed
2493 1369 2682 1411 exacte
2711 1357 3032 1422 promissum
3075 1355 3303 1410 reddere
3338 1354 3649 1409 Studeamus
3669 1395 3682 1416 .

2105 1441 2174 1479 ne
2207 1427 2386 1480 habitu
2443 1438 2598 1481 tenus
2653 1425 3122 1481 Christianismum
3169 1426 3529 1494 proﬁtendum
3570 1440 3684 1478 esse

2105 1511 2445 1559 censeamus,
2478 1513 2652 1566 neque
2677 1499 2778 1550 hoc
2800 1497 3036 1550 contenti
3075 1511 3388 1550 maneamus
3407 1537 3422 1560 ,
3449 1495 3546 1550 sed
3571 1510 3684 1549 cum

2107 1582 2202 1636 per
2229 1583 2452 1638 operum
2482 1567 2946 1622 conﬁrmationem
2988 1569 3230 1621 veritatis
3255 1583 3318 1620 ac
3357 1566 3579 1638 iustitia:
3604 1581 3679 1620 sed

2107 1637 2338 1693 ctatores
2363 1655 2426 1692 ac
2454 1639 2736 1693 domestici
2761 1639 3301 1707 perseveraverimus,
3320 1651 3414 1691 eos
3440 1637 3684 1696 honores,

2108 1711 2194 1778 qui
2219 1711 2476 1776 justitiam
2496 1706 2812 1780 sequuntur.
2831 1706 3029 1763 Christi
3048 1722 3267 1762 munere
3279 1722 3684 1776 consequamur:

2110 1781 2196 1834 cui
2225 1781 2394 1851 gloria
2420 1782 2471 1835 in
2503 1781 2716 1835 saecula.
2749 1785 2943 1835 Amen.
2995 1779 2997 1781 ’

1791 2039 3661 2076 mw

448 2048 805 2064 ﬁmum

1535 2201 1617 2263 ΙΝ
1653 2199 2066 2261 HOMILIAM
2109 2201 2584 2274 SEQUENTEM

504 2401 620 2457 Hoc
667 2397 832 2469 inepti
895 2391 1132 2450 hominis
1176 2388 1571 2460 Chrysostomo
1608 2383 1946 2454 adscriptum
1989 2396 2130 2452 opus
2179 2381 2474 2451 praeferunt
2537 2393 2769 2455 utraque
2827 2384 3018 2452 editio,
3061 2386 3338 2445 Saviliana
3394 2404 3589 2462 nempe
3618 2404 3672 2447 et

427 2493 774 2550 Morelliana:
807 2485 990 2542 omnia
1029 2483 1116 2539 hic
1145 2478 1547 2552 ἀπροσδιόνυσα
1581 2495 1594 2530 :
1633 2476 1807 2548 stylus
1843 2473 2027 2544 sagaci
2063 2473 2180 2527 viro
2225 2473 2504 2544 indignus,
2539 2486 2864 2546 argumenta
2902 2488 2960 2533 ut
3005 2481 3301 2549 plurimum
3337 2482 3473 2538 levia
3499 2494 3553 2540 et
3587 2483 3673 2541 {uo

425 2589 540 2645 tilia
566 2605 580 2654 ;
609 2585 655 2639 si
683 2597 790 2656 qua
825 2593 955 2635 vero
981 2574 1218 2645 alicujus
1241 2572 1402 2646 pretii
1426 2570 1557 2633 sint,
1583 2584 1645 2623 ea
1674 2584 1737 2624 ex
1766 2566 1926 2623 modo
1952 2565 2212 2620 narrandi
2244 2565 2661 2624 labefactantur.
2698 2567 2836 2623 Cum
2866 2579 3049 2624 autem
3087 2572 3174 2628 hic
3207 2573 3444 2644 scriptor
3461 2574 3674 2633 Iudam.

430 2697 552 2738 rum
593 2680 662 2735 de
685 2671 1001 2734 monarchia
1031 2669 1087 2726 in
1122 2669 1231 2726 Deo
1268 2665 1593 2724 sententiam
1620 2660 1888 2727 confutet,
1923 2674 2057 2716 cave
2097 2667 2256 2731 putes
2281 2675 2406 2716 eum
2439 2661 2706 2716 unitatem
2743 2662 2827 2717 vel
2863 2662 3112 2734 principii
3143 2664 3225 2720 vel
3251 2666 3592 2738 principatus
3618 2671 3670 2726 ia

1084 2882 3584 2912 Μ

1527 3036 2002 3122 CONTRA
2040 3031 2550 3134 JUDfEOS,

491 3263 571 3306 ετ
611 3264 918 3311 σκητιιεε
966 3269 1045 3311 ετ
1087 3270 1495 3327 HERBTICOS;
1531 3271 1609 3313 er
1653 3271 1715 3313 IN
1761 3270 1974 3326 num,
2009 3266 2291 3313 vocs'rvs
2323 3267 2438 3310 es'r
2470 3262 2650 3308 nasus
2692 3261 2778 3306 an
2821 3257 3086 3304 sonus
3120 3241 3362 3322 (Joan.
3390 3237 3452 3299 2.
3500 3240 3541 3300 2
3566 3240 3607 3323 ).

1862 3391 2232 3447 W9

483 3518 834 3596 llirundinum
866 3523 988 3596 pulli
1031 3524 1082 3578 in
1137 3526 1264 3580 nido
1292 3525 1480 3580 sedent
1509 3567 1524 3591 ,
1577 3535 1993 3596 eXSpectantqne

408 3599 696 3667 parentes,
739 3594 832 3667 qui
878 3593 988 3667 sibi
1027 3597 1276 3667 alimenta
1327 3597 1550 3652 all'erant
1581 3593 1844 3667 ten—mque
1871 3593 1990 3654 illos

405 3663 721 3739 accedentes
749 3663 948 3739 vident.
978 3666 1184 3739 levi_(a)
1225 3666 1326 3739 [ala
1360 3677 1572 3721 movent
1593 3663 1770 3722 aerem
1796 3670 1991 3723 cantil-

409 3730 604 3798 lantes,
631 3742 684 3788 et
711 3733 776 3787 ad
805 3735 1014 3790 illorum
1035 3730 1325 3792 adventum
1348 3739 1732 3808 applaudentes
1758 3757 1772 3792 :
1801 3741 1994 3794 simili-

409 3810 493 3855 ter
516 3811 584 3884 et
611 3818 1094 3884 eorum-parentes
1129 3825 1250 3863 cum
1289 3810 1472 3862 nidulo
1515 3811 1942 3884 appropinquant
1973 3851 1989 3876 ,

404 3873 699 3952 cantillant,
734 3873 895 3944 pullis
941 3878 1228 3952 adventum
1273 3895 1426 3952 suum
1475 3873 1806 3952 nuntiantes.
1832 3873 1994 3936 Sinti-'-

405 3941 529 4020 lit_er
554 3941 745 4000 autem
763 3957 820 4002 et
848 3962 942 4002 vos
965 3949 1016 4002 in
1042 3949 1168 4002 nido
1193 3949 1372 4020 templi
1402 3949 1556 4019 hujus
1591 3951 1788 4006 sedetis
1810 3968 1987 4009 meum

405 4011 694 4096 adventum
731 4027 1148 4096 exspectantes:
1172 4030 1233 4096 et
1251 4011 1372 4096 quia
1410 4011 1712 4096 venientem
1754 4023 1946 4078 videtis
1971 4063 1987 4096 ,

411 4081 552 4162 levi]
581 4088 775 4162 mentis
820 4081 910 4162 ala
956 4090 1167 4162 velatis.
1202 4081 1319 4145 Pari
1357 4091 1517 4144 modo
1542 4107 1644 4162 ego
1670 4109 1883 4161 quoque
1919 4081 1988 4150 ad

407 4153 923 4232 huncnspiritualem
973 4161 1153 4214 nidum
1199 4176 1511 4232 accessurus
1541 4153 1744 4232 ,ἰν-ὠς
1791 4153 1988 4220 emissa

405 4240 538 4306 voce
571 4225 1044 4306 lleo'gratiasago,
1082 4231 1223 4306 quod
1279 4243 1385 4286 tam
1429 4233 1532 4306 mei
1579 4225 1819 4306 amantes
1851 4236 1989 4290 ﬁlios

405 4296 632 4350 dederit.
664 4297 858 4353 Verum
911 4296 1222 4355 hirundines
1258 4317 1433 4357 escam
1461 4303 1529 4357 ab
1562 4319 1656 4359 ore
1684 4305 1736 4357 in
1767 4320 1829 4360 os
1875 4315 1987 4360 tra-

405 4366 577 4443 dunt;
607 4382 704 4422 nos
725 4383 859 4443 vero
883 4385 1070 4443 secus;
1103 4371 1172 4426 ab
1194 4387 1289 4428 ore
1342 4389 1571 4443 namque
1602 4375 1652 4428 in
1679 4390 1860 4429 aurem
1908 4377 1988 4431 in-

405 4434 706 4513 funndimus.
725 4439 812 4513 Illa
839 4442 980 4496 enim
1010 4434 1062 4496 in
1106 4434 1498 4512 corruptionem
1527 4446 1838 4513 procedunt.
1887 4463 1983 4500 uo-

404 4516 516 4584 slra
543 4524 670 4563 vero
695 4511 748 4565 in
765 4511 1337 4584 incorruptibilitatem.
1360 4514 1450 4569 llla
1469 4511 1690 4584 corpora
1710 4519 1947 4570 nutriunt
1967 4535 1982 4582 ;

406 4579 520 4634 haec
545 4579 1150 4654 animamimpinguant.
1174 4585 1300 4640 [hec
1342 4601 1501 4654 porro
1526 4579 1702 4641 omnia
1725 4603 1752 4638 a
1776 4604 1861 4642 me
1879 4579 1984 4644 non

408 4659 729 4732 lem_ere_nee
756 4651 872 4732 sine
897 4651 1056 4732 causa
1085 4656 1226 4732 dicta
1257 4651 1380 4710 sunt
1407 4674 1421 4732 ;_
1454 4658 1559 4732 sed
1579 4659 1699 4728 quia
1754 4660 1983 4732 lﬂvange-

405 4721 460 4773 lii
508 4721 667 4803 lectio
713 4721 966 4803 hodierna
991 4725 1066 4803 ad
1094 4724 1232 4803 hanc
1269 4742 1367 4782 nos
1389 4721 1690 4803 doctrinam
1733 4721 1980 4803 deducit,

403 4796 761 4867 necessarium
803 4801 889 4867 est
915 4810 1008 4867 vos
1051 4796 1347 4852 instituere.
1389 4797 1606 4853 Vocatus
1631 4810 1702 4853 est
1724 4839 1740 4862 ,
1772 4801 1938 4867 inquit
1969 4844 1982 4867 ,

400 4859 554 4916 Jews
577 4863 645 4916 ad
667 4864 870 4938 nuptias
917 4865 1097 4938 (Joan.
1129 4867 1186 4922 2.
1213 4867 1294 4938 2).
1333 4871 1403 4924 At
1430 4869 1664 4924 animum
1685 4859 1935 4926 adhibete
1968 4859 1982 4932 ξ

403 4947 585 5000 qureso
604 4974 620 4996 ,
650 4945 703 4988 et
731 4935 898 5012 dictis
909 4935 1193 5012 attendite.
1225 4935 1487 5009 Quoniam
1518 4941 1735 5012 quidam
1772 4944 1985 5010 nuptias

404 5013 726 5088 t‘trmtexttnt,
749 5007 838 5088 alii
869 5007 1026 5088 ﬁlios,
1057 5010 1170 5088 alii
1199 5007 1438 5088 militiam
1463 5053 1485 5088 ,ν
1520 5007 1612 5088 alii
1651 5007 1982 5088 _t_i_egotiatiu-

402 5088 545 5140 uem,
579 5077 664 5130 alii
696 5087 886 5152 artem,
916 5080 1002 5133 alii
1035 5083 1364 5148 servitutem,
1384 5083 1598 5137 divitias
1617 5077 1982 5152 aliifpauper.

402 5153 563 5200 tatem
619 5149 858 5224 nonnulli
887 5167 902 5216 ;
931 5160 986 5205 et
1013 5152 1205 5207 similia
1235 5169 1481 5223 quaeque.
1516 5153 1651 5209 Volo
1678 5149 1981 5224 itaque—de-

398 5226 700 5273 tnonstrare
731 5219 880 5273 Vobis
909 5262 926 5284 ,
973 5237 1145 5291 neque
1173 5219 1386 5278 divitias
1410 5219 1792 5295 impedimento
1818 5239 1938 5278 esse
1963 5265 1981 5290 ,

401 5300 575 5366 neque
594 5299 958 5366 paupertatem
985 5333 1001 5356 ,
1055 5309 1224 5366 neque
1251 5296 1514 5360 militiam,
1547 5311 1720 5364 neque
1746 5297 1986 5365 negotia-

407 5363 626 5422 tionem,
660 5375 763 5434 non
793 5363 1022 5434 nuptias,
1053 5378 1159 5417 non
1193 5365 1352 5429 ﬁlios,
1381 5381 1486 5419 non
1512 5363 1844 5427 servitutem,
1875 5382 1979 5419 non

399 5436 607 5501 artem,
638 5433 940 5501 nullamque
980 5448 1161 5488 rerum
1204 5435 1475 5489 similium.
1525 5436 1742 5491 Vocatus
1770 5447 1840 5490 est
1891 5435 1983 5490 Je-

401 5513 485 5550 sns
503 5497 570 5550 ad
594 5503 814 5581 nuptias.
841 5497 1083 5581 Venitne,
1107 5521 1174 5557 an
1198 5520 1301 5581 non
1324 5508 1502 5581 venit?
1528 5507 1688 5581 venit
1704 5509 1904 5581 utique.
1927 5508 1981 5563 Si

402 5581 532 5636 ergo
562 5575 706 5623 venit
736 5612 752 5636 ,
803 5575 1072 5642 quomodo
1124 5576 1323 5643 nuptitn
1359 5578 1512 5632 mala:
1563 5575 1809 5633 fuerint?
1842 5579 1980 5634 Num

457 5723 536 5786 ta)
567 5730 680 5780 otia:
706 5728 891 5776 uncinis
915 5729 1201 5781 clauduntur
1225 5735 1398 5784 absunt
1422 5747 1446 5783 a
1471 5741 1649 5783 Graeco.

2111 3528 2236 3599 quid
2267 3527 2434 3582 habes
2460 3525 2526 3581 ad
2552 3524 2915 3599 defensionem
2936 3523 2961 3575 ?
2988 3523 3102 3592 Ego
3128 3536 3254 3577 vero
3272 3521 3416 3599 dico,
3446 3537 3550 3577 non
3575 3535 3681 3576 tanv

2097 3594 2212 3654 tum
2263 3600 2475 3652 venisse
2503 3637 2520 3662 ,
2571 3596 2663 3650 sed
2693 3597 2853 3650 etiam
2903 3609 3121 3648 munera
3178 3594 3422 3648 attulisse
3452 3610 3467 3646 :
3495 3609 3679 3664 aquam

2097 3671 2240 3724 enim
2271 3671 2322 3724 in
2347 3670 2529 3724 vinum
2551 3667 2833 3721 convertit.
2859 3665 2937 3720 Ne
2962 3667 3118 3734 igitur
3142 3663 3210 3719 de
3237 3664 3438 3733 nuptiis
3457 3663 3674 3718 causiﬁ-

2097 3741 2258 3797 ceris.
2292 3740 2546 3794 Dominus
2569 3749 2688 3793 tuus
2704 3737 2770 3791 ad
2795 3737 3006 3806 nuptias
3029 3735 3193 3800 venit,
3223 3737 3436 3806 nuptias
3451 3737 3681 3790 cohone-

2096 3812 2276 3875 stavit,
2298 3821 2353 3865 et
2377 3820 2431 3865 tu
2459 3810 2671 3880 nuptias
2696 3805 2892 3878 probro
2907 3808 3094 3880 at'ticis.
3123 3816 3177 3860 et
3201 3805 3332 3860 dicis
3348 3808 3563 3880 nuptias
3583 3807 3679 3859 im-

2165 3883 2403 3937 dimento
2427 3877 2579 3936 esse?
2602 3878 3146 3948 Nulloimpedimento
3166 3887 3290 3948 sunt
3313 3877 3378 3930 ad
3408 3879 3679 3948 pietatem.

2165 3897 2403 3937 atmento
2427 3897 2579 3936 esse!
2602 3897 2756 3936 I‘UIIO
2770 3897 3146 3948 IIHPBUIHICIIIO
3166 3897 3290 3929 MIHI.
3313 3897 3378 3930 30
3408 3897 3679 3946 pietatem.

2096 3897 2192 4006 Vis
2220 3953 2429 4008 discere
2477 3950 2607 4006 nihil
2656 3965 2850 4004 nocere
2878 3963 3096 4002 uxorem
3123 3955 3178 4001 et
3204 3947 3446 4018 liberos?
3473 3947 3682 4018 Moyszs

2096 4038 2274 4078 annon
2295 4038 2516 4077 uxorem
2540 4031 2594 4076 et
2634 4020 2831 4076 liberos
2872 4018 3096 4073 habuit?
3125 4017 3299 4088 llelias
3326 4031 3508 4071 nonne
3538 4017 3682 4088 virga

2093 4093 2193 4147 fuit
2211 4095 2236 4147 ?
2256 4093 2444 4148 Nonne
2472 4093 2682 4164 Moyses
2711 4105 2923 4164 manna
2945 4087 3166 4164 deduxit
3214 4087 3283 4164 de
3307 4089 3475 4142 εωιοῖ
3501 4087 3682 4164 Nonne

2096 4164 2274 4220 Helias
2289 4165 2462 4235 ignem
2490 4158 2719 4235 (μίαβῴ
2731 4161 2948 4235 ἀθόιιξξι
2963 4162 2998 4235 fl
3020 4160 3205 4235 Nonne
3223 4158 3430 4235 Moyses
3441 4163 3680 4235 «nurui:

2094 4250 2211 4290 cem
2232 4229 2483 4290 advolare
2498 4232 2658 4289 fecit?
2676 4233 2864 4287 Nonne
2884 4231 3060 4285 Helias
3079 4230 3242 4285 verbo
3261 4229 3451 4283 caelum
3468 4232 3680 4284 clausit?

2096 4306 2284 4361 Nonne
2307 4306 2540 4376 Moyscm
2575 4305 2713 4359 Deus
2734 4302 3147 4376 alloquebatur?
3175 4301 3363 4355 Nonne
3381 4317 3502 4376 cum
3524 4301 3677 4376 Helia

2095 4377 2238 4432 Dens
2279 4373 2719 4446 colloquebatnr?
2743 4373 2931 4446 Nonne
2967 4373 3178 4446 hloyses
3209 4388 3356 4426 mare
3379 4373 3563 4446 divisit
3583 4414 3599 4433 .
3626 4384 3678 4427 et

2096 4449 2348 4516 populum
2377 4443 2644 4502 traduxit?
2672 4445 2860 4499 Nonne
2886 4443 3061 4499 lli-Iias
3089 4445 3240 4513 igneo
3261 4459 3346 4516 cui
3359 4459 3420 4495 ru
3443 4445 3678 4516 sublatus

2092 4512 2180 4572 est
2198 4519 2328 4573 ?An
2394 4518 2573 4573 nocuit
2629 4517 2752 4570 huic
2798 4512 3124 4582 virginitas?
3158 4530 3224 4567 an
3293 4512 3676 4582 impedimento

2093 4587 2308 4645 fuerunt
2337 4589 2408 4644 illi
2455 4603 2590 4642 uxor
2624 4598 2678 4643 et
2715 4585 2909 4641 liberi?
2955 4585 3139 4639 Vidisti
3188 4583 3391 4637 Heliam
3438 4583 3674 4653 aurigam

2097 4660 2146 4713 in
2175 4675 2341 4728 aere;
2379 4659 2559 4714 Vidisti
2603 4659 2838 4722 Moysem
2871 4659 2922 4710 in
2971 4657 3101 4709 mari
3130 4655 3383 4728 viatorem
3435 4671 3449 4706 :
3477 4654 3598 4708 vide
3623 4664 3676 4709 et

2094 4724 2610 4786 Petrum’Ecclesiae
2658 4729 2961 4782 columnam
2997 4766 3012 4788 ,
3067 4725 3156 4794 qui
3207 4732 3262 4777 et
3301 4724 3416 4794 ipse
3458 4739 3674 4780 uxorem

2092 4801 2296 4857 habuit.
2343 4801 2458 4856 Non
2501 4800 2758 4869 scriptum
2782 4808 2866 4852 est
2895 4793 3376 4869 Peli-ntulisorem
3404 4793 3671 4869 habuisse,

2091 4873 2356 4926 nndcnam
2410 4887 2540 4941 ergo
2568 4864 2731 4940 liquet
2767 4866 2911 4941 quod
2939 4865 3220 4941 habuerit?
3251 4864 3326 4941 lil_
3350 4880 3454 4941 ego
3475 4865 3671 4920 dicam.

2091 4941 2358 5014 Ingressus
2382 4935 2498 5009 est:
2527 4935 2717 5014 inquit,
2751 4935 2902 4992 Jews
2945 4937 3014 4992 ad
3053 4953 3254 5014 socrum
3284 4935 3428 5014 Petri
3455 4947 3543 5014 get
3573 4946 3674 4990 erat

2089 5007 2182 5068 sua
2224 5007 2471 5082 inﬁrma,
2499 5021 2546 5066 et
2571 5007 2729 5082 tetigit
2758 5025 2900 5082 eam;
2928 5017 2994 5082 et__
3015 5009 3216 5082 reliquit
3241 5023 3354 5082 eant
3399 5007 3574 5082 Icaria,
3627 5017 3673 5060 et

2089 5078 2404 5139 ministrabat
2433 5083 2451 5153 (
2483 5078 2682 5153 Matth:
2701 5082 2756 5153 8.
2809 5081 2896 5135 14.
2931 5080 2998 5135 15
3025 5078 3671 5153 ).Viden‘etiam__[fetrum

2088 5170 2312 5212 uxorem
2339 5148 2630 5210 habuisse?
2670 5152 2769 5208 Ubi
2785 5167 3038 5242 ‘iiainque
3065 5156 3392 5242 socrlls‘est,
3427 5148 3497 5202 ibi
3541 5165 3673 5201 uxo-

2089 5242 2206 5281 rem
2247 5242 2369 5282 esse
2400 5239 2618 5280 necesse
2647 5235 2750 5278 est.
2785 5219 3130 5276 Viden‘etiam
3180 5219 3393 5274 Petrum
3453 5234 3670 5273 uxorein

2090 5297 2374 5352 habuisse?
2401 5296 2480 5351 Ne
2535 5297 2712 5365 itaque
2754 5294 2965 5362 nuptias
2993 5291 3350 5365 calumnieris.
3386 5288 3526 5365 llaec
3555 5305 3674 5365 μους

2087 5383 2150 5423 ro
2177 5368 2298 5423 dico
2328 5379 2385 5422 ut
2417 5382 2486 5422 ne
2509 5359 2640 5436 quis'
2677 5359 2935 5434 prmtéxat
2963 5377 3182 5436 uxorem
3210 5403 3226 5428 ,
3267 5361 3350 5414 vel
3379 5359 3540 5436 lilios,
3573 5359 3670 5436 ‘vel

2087 5440 2354 5505 militiam,
2388 5437 2470 5493 vel
2515 5431 2950 5507 negotiationem,
2982 5433 3064 5486 vel
3092 5431 3396 5507 artem,_vel
3446 5431 3672 5507 servitu.

2089 5519 2216 5577 tem,
2249 5501 2351 5564 vel
2385 5501 2629 5571 divitias'.
2677 5508 2759 5562 vel
2812 5514 3199 5577 paupertatem.
3262 5501 3672 5577 llzaeobtenlns

2085 5573 2237 5646 sunt,
2282 5581 2398 5636 hare
2445 5573 2871 5634 causiﬁcationcs
2913 5573 2966 5630 et
3033 5575 3238 5629 insidiae
3302 5573 3517 5627 diaboli.
3579 5573 3674 5625 Mi-

2087 5651 2252 5706 litiam
2305 5649 2593 5722 praetendis
2641 5661 2696 5706 et
2737 5648 2913 5722 dicis;
2947 5646 3102 5722 miles
3145 5661 3283 5710 sum,
3315 5659 3413 5700 nec
3452 5658 3668 5713 possum

2087 5721 2205 5795 pius
2257 5719 2397 5780 esse.
2452 5723 2642 5779 Annon
2709 5719 2951 5776 centurio
2999 5719 3152 5774 miles
3209 5725 3346 5784 erat,
3385 5724 3442 5771 et
3483 5723 3670 5771 tamen
