3784 6240
51 373 140 426 077

51 487 276 541 ixitJesu
322 503 336 538 :
383 484 503 538 Non
544 500 654 539 sum
700 484 882 553 dignus
935 494 987 535 ut
1044 483 1203 535 intres
1248 483 1338 533 sub
1389 490 1571 553 tectum

51 574 200 620 tcum;
228 558 309 610 sed
333 557 415 608 dic
444 558 729 615 verbunt,et
749 549 1009 608 satiabitur
1041 570 1165 621 puer
1191 567 1330 605 meus
1356 549 1570 620 (Matth.

51 672 60 683 .
88 629 180 695 8)?
209 627 272 681 Et
300 626 593 680 admiratus
629 626 787 680 Jesns
825 624 953 677 dicit
984 642 1005 695 τί
1027 620 1183 695 Amen
1204 661 1239 695 ,_
1267 637 1411 695 amen
1462 620 1575 695 dico

52 691 156 762 ibis,
183 714 281 751 non
307 698 468 751 inveni
491 707 681 749 tantam
709 696 860 764 ﬁdem
898 696 949 746 in
984 694 1150 764 Israel
1187 691 1352 764 (Ibid.
1371 710 1432 764 _v.
1462 691 1572 764 lli).

59 790 85 819 ιι
115 769 291 821 nocuit
315 768 389 821 illi
420 768 647 821 militia?
676 762 779 820 Sed
809 767 927 834 quis
956 782 1015 819 es
1045 763 1137 816 tu?
1159 762 1225 817 an
1267 762 1481 830 opifex?
1512 762 1576 816 Et

54 839 196 891 :utlus
224 850 351 900 erat,
404 838 493 905 qui
528 846 803 905 postquam
842 836 1111 890 Ecclesias
1162 834 1571 905 devastaverat,

52 914 94 961 tit
122 902 435 977 pnedicator
460 919 513 961 et
530 902 828 976 apostolus.
881 906 984 977 Sed
1017 906 1134 973 quis
1158 904 1255 959 es?
1284 918 1350 957 an
1376 903 1528 977 dives
1551 902 1576 956 ?

58 973 269 1032 tiraham
314 994 525 1047 qunque
562 973 712 1031 dives
737 1019 750 1041 ,
779 977 866 1047 qtti
900 976 1082 1047 habuit
1109 989 1327 1028 uxorem
1360 984 1413 1026 ct
1444 973 1577 1026 lihe-

52 1065 109 1101 )S.
146 1048 216 1101 Et
246 1049 476 1113 credidit,
519 1048 713 1117 inquit,
746 1046 1001 1101 Abraham
1030 1046 1167 1109 Deo,
1205 1056 1251 1117 et
1290 1052 1577 1117 reparatum

52 1131 73 1172 t
108 1121 186 1173 illi
231 1122 293 1171 ad
322 1120 579 1189 justitiam
599 1115 627 1188 “(
650 1118 778 1174 Gen.
812 1120 901 1175 15.
929 1119 1008 1185 6),
1051 1126 1105 1171 et
1126 1115 1329 1169 amicus
1355 1115 1445 1189 Dei
1484 1129 1579 1189 vo:

51 1200 147 1243 itus
173 1198 276 1244 est.
306 1183 385 1244 Ᾱυ
434 1183 720 1243 obfuerunt
747 1190 821 1243 illi
857 1183 1074 1248 diviti:e,
1104 1202 1239 1241 uxor
1262 1196 1351 1238 aut
1383 1183 1577 1238 liberi?

51 1276 133 1314 um
186 1261 473 1314 excusandi
526 1262 698 1315 locum
748 1259 957 1313 habes?
988 1258 1124 1313 Ecce
1172 1257 1268 1310 tria
1324 1256 1410 1308 illa
1456 1269 1578 1321 qua:

49 1331 288 1385 rastendis
317 1331 404 1385 ille
429 1330 612 1384 habuit
640 1348 654 1397 ;
684 1346 902 1385 uxorem
936 1343 1125 1397 nempe
1153 1368 1169 1393 ,
1201 1327 1337 1380 filios
1362 1333 1417 1379 et
1444 1324 1580 1379 divi-

50 1416 117 1453 :tS.
150 1404 221 1455 At
259 1402 374 1470 quis
403 1418 461 1456 es
490 1404 582 1455 tu?
610 1418 674 1453 an
714 1400 941 1455 servus?
969 1399 1034 1453 Et
1081 1399 1365 1470 Onesimus
1392 1408 1580 1470 servus

49 1482 119 1524 rat
161 1490 175 1524 :
209 1464 556 1541 scribensque
600 1471 797 1525 Paulus
836 1468 1134 1526 Philemoni
1173 1468 1304 1522 dicit
1328 1484 1359 1541 _:
1385 1464 1574 1541 _0nesi_-l

54 1560 156 1599 unt.
186 1546 275 1607 qui
305 1544 426 1596 olim
452 1534 644 1595 inutilis
674 1552 811 1607 erat,
842 1558 974 1595 nunc
995 1550 1164 1593 autem
1197 1549 1243 1591 et
1271 1536 1394 1590 mihi
1421 1546 1466 1590 et
1492 1534 1580 1607 tibi

50 1614 137 1664 filis
158 1606 407 1673 (Philem.
439 1614 553 1681 Η).
585 1615 715 1678 Quis
741 1606 952 1682 inquam
980 1610 1074 1682 es?
1100 1625 1239 1682 nutt_t_
1256 1607 1388 1682 rex?
1417 1606 1581 1661 David

56 1684 156 1736 iam
190 1699 284 1737 rex
332 1692 449 1738 erat
478 1678 581 1737 :'et
624 1678 894 1751 ingressus
935 1681 1000 1734 ad
1039 1678 1581 1751 cumANathanupro-

53 1763 178 1815 tcta,
226 1754 397 1821 arguit
441 1770 560 1807 eum
612 1746 928 1821 de'peccato
966 1750 1106 1820 quod
1159 1748 1379 1821 fecerat.
1415 1746 1583 1821 Num:

55 1824 121 1875 tid
179 1816 516 1894 tyrannidem
563 1825 612 1877 in
647 1816 793 1876 illum
844 1838 935 1876 rex
984 1816 1271 1894 exercuit?
1317 1816 1581 1894 Numquid

50 1905 180 1945 uttra
204 1889 527 1963 'pruphetam
561 1897 875 1948 sententiam
906 1893 1160 1963 protulit?
1192 1893 1380 1963 Annon
1413 1890 1495 1963 vel
1528 1889 1580 1963 in

50 1980 163 2032 guto
205 1960 417 2018 servum
448 1980 506 2016 se
537 1964 800 2018 fatebatur
825 1960 1029 2026 dict-ns,
1085 1962 1293 2015 Peccavi
1318 1960 1583 2032 Domino?

49 2029 352 2103 {propheta
386 2036 571 2089 videns
602 2035 964 2102 pwttitcotiam
1009 2033 1140 2101 ejus,
1172 2032 1306 2085 dixit
1329 2032 1441 2103 illi:
1468 2029 1579 2103 Qa-

48 2100 159 2157 inus
190 2100 446 2159 transtulit
472 2100 728 2174 peccatum
770 2115 912 2158 tuum
939 2105 1009 2173 (2.
1043 2103 1167 2170 Reg.
1212 2103 1298 2156 η.
1338 2102 1447 2174 i5).
1484 2100 1586 2154 Ve-

49 2191 80 2227 x
129 2171 479 2244 ptenitcutia,
507 2176 737 2230 velocior
751 2171 1089 2229 continuatio.
1120 2171 1381 2241 Numquid
1401 2171 1582 2225 Secum

48 2247 266 2313 putavit
288 2261 346 2299 se
376 2262 554 2314 regem
577 2261 718 2312 esse,
750 2262 812 2299 ac
840 2246 972 2299 dixit
1005 2262 1019 2299 :
1053 2245 1165 2299 Rex
1187 2259 1325 2307 sum,
1353 2255 1581 2312 purpura

50 2316 222 2370 duttts
251 2358 266 2383 ,
310 2332 373 2371 ac
420 2317 722 2371 diademate
778 2317 1056 2370 redimitus
1086 2333 1099 2368 :
1131 2329 1294 2384 penes
1332 2329 1418 2367 me
1459 2322 1585 2365 sunt

48 2402 175 2449 cus,
240 2387 461 2456 sagittw,
504 2398 675 2450 senui,
726 2388 912 2456 galem,
940 2388 1153 2449 milites,
1205 2384 1501 2456 satellites;
1530 2392 1585 2436 et

47 2474 132 2510 me
164 2454 455 2526 pauperem
488 2458 701 2519 timebo,
728 2454 825 2511 nec
846 2457 1082 2510 occidam
1100 2471 1246 2521 eum,
1277 2456 1383 2508 imo
1410 2454 1581 2521 ipsum

47 2528 208 2579 rant?
250 2527 385 2581 Nihil
432 2527 621 2581 horum
654 2528 787 2581 dixit
815 2546 827 2579 :
859 2527 952 2580 sed
1006 2527 1213 2581 etiamsi
1268 2541 1359 2579 rex
1402 2531 1577 2584 esset,

50 2598 204 2651 iebat
257 2613 314 2651 se
341 2613 610 2666 peccasse,
639 2598 865 2667 ideoque
894 2597 1258 2667 paenitentiam
1285 2592 1582 2667 cgit,_quod

49 2683 153 2721 ave
181 2663 460 2737 peccatum
478 2670 623 2722 novit
647 2684 704 2721 se
727 2663 935 2722 fecisse.
964 2666 1227 2735 Numquid
1250 2666 1303 2737 ei
1329 2663 1471 2732 regia
1499 2663 1583 2737 dif

47 2733 583 2807 titas'impedimento
625 2738 759 2791 luit?
806 2738 911 2793 Sed
940 2740 1057 2807 quis
1080 2733 1132 2789 tti
1168 2736 1266 2791 es?
1308 2752 1373 2807 an
1413 2733 1583 2807 puer?

48 2819 116 2861 ἰη
140 2805 362 2877 quoque
392 2825 523 2877 puer
553 2810 755 2874 Daniel,
787 2810 877 2878 qui
903 2805 1119 2862 leonum
1149 2822 1243 2861 ora
1272 2805 1540 2878 obturavit
1564 2842 1579 2866 ,

47 2875 290 2933 acoitem
343 2875 570 2948 dis-rupit
598 2921 612 2942 ,
660 2888 714 2933 et
765 2875 854 2933 Bel
904 2878 1183 2940 subvertit,
1216 2878 1303 2945 qui
1343 2875 1584 2929 seniores

49 2950 404 3011 ndemnavit,
433 2962 486 3003 et
518 2950 817 3004 Susannam
858 2950 1137 3003 liberavit:
1172 2957 1437 3015 tantaeque
1472 2948 1579 2998 vir-

45 3021 78 3072 ti
107 3020 433 3089 imperfecta
464 3035 593 3074 tetas
638 3037 743 3073 non
789 3020 976 3075 obfuit.
1007 3023 1073 3072 At
1104 3018 1226 3087 quid
1257 3018 1357 3071 es?
1385 3032 1451 3068 an
1474 3016 1580 3089 fra-

47 3107 125 3143 tm
156 3084 417 3144 ainator?
443 3092 589 3145 Talis
618 3100 670 3145 et
697 3089 897 3160 Joseph
923 3089 1037 3150 fuit,
1067 3084 1156 3158 qui
1187 3095 1439 3160 quantam
1468 3084 1586 3160 phif

45 3162 298 3228 sophiam
330 3160 600 3223 exhibuit,
636 3172 689 3215 et
736 3155 984 3228 quantam
1014 3155 1395 3213 continentiam
1442 3155 1583 3224 apud

45 3227 301 3301 gyptiam
325 3231 591 3301 ?\'estetn
642 3227 791 3285 suam
819 3230 998 3293 scidit,
1027 3230 1121 3284 sed
1151 3228 1312 3301 fidem
1337 3242 1441 3282 non
1470 3227 1582 3301 vio-

46 3298 139 3363 Fit,
189 3300 577 3369 impudentiam
614 3302 856 3356 mulieris
891 3301 1036 3364 vicit,
1091 3298 1580 3367 concupiscentiam

47 3389 81 3425 η
113 3372 362 3425 satiavit.
392 3374 474 3425 An
501 3373 654 3426 vidua
677 3371 768 3427 es?
798 3372 918 3425 Erat
942 3380 996 3425 et
1025 3370 1240 3424 Sidonia
1261 3370 1438 3433 vidua,
1462 3383 1582 3438 qua:

54 3445 193 3496 liam
227 3442 539 3510 prophetam
564 3444 817 3508 suscepit,
846 3452 900 3496 et
922 3443 1064 3510 pavit
1094 3456 1229 3510 pane
1268 3449 1322 3494 et
1342 3455 1500 3509 aqua,
1528 3448 1584 3510 et

45 3508 270 3567 ctorem
300 3508 457 3566 famis
486 3528 591 3567 non
622 3512 871 3567 labefecit
891 3508 1078 3566 fames.
1096 3508 1188 3565 'An
1212 3508 1461 3565 meretrix
1489 3508 1581 3564 es?

45 3597 102 3637 at
137 3593 200 3637 et
232 3583 440 3649 Rahab,
478 3599 597 3653 qua:
635 3584 999 3651 exploratores
1028 3580 1333 3653 occultavit,
1362 3589 1418 3635 et
1458 3595 1579 3635 cum

48 3656 65 3709 i
114 3653 297 3707 Israel
330 3652 525 3708 terram
570 3654 940 3724 promissionis
984 3652 1341 3724 accepissent,
1370 3660 1580 3724 servata

45 3765 51 3777 .
97 3724 235 3794 ipsa
282 3740 402 3778 cum
433 3722 593 3777 domo
635 3732 689 3777 et
716 3739 911 3794 genere
940 3738 1056 3778 suo.
1088 3722 1193 3794 S_ed
1219 3722 1347 3792 quid
1376 3722 1474 3776 es?
1495 3736 1579 3794 an

51 3792 253 3865 iper?
288 3795 492 3865 Pauper
533 3792 743 3862 quoque
796 3793 1053 3865 Lazarus.
1107 3792 1173 3847 Et
1211 3802 1462 3861 quantam
1491 3792 1582 3848 ille

46 3864 387 3933 dosophiam
430 3874 483 3918 et
512 3865 816 3933 patientiam
846 3864 1106 3927 exhibuit,
1140 3878 1237 3918 nec
1262 3872 1459 3917 tantam
1488 3877 1581 3917 ne-

45 3932 308 4004 .sitat’cm
356 3932 568 4004 indigne
632 3935 789 3989 tulit?
833 3934 938 3989 Sed
967 3934 1129 4004 quid?
1169 3935 1249 3987 An
1298 3932 1578 3987 mulierum

46 4021 163 4061 aus
210 4003 318 4059 es?
356 4003 499 4059 'l‘alis
525 4014 639 4059 erat
672 4016 726 4061 ct
780 4003 1065 4073 SampsOn.
1118 4003 1218 4072 Qui
1249 4003 1374 4058 licet
1395 4018 1424 4056 a
1456 4018 1577 4057 mu-

46 4076 400 4156 -e_pro_ditus
443 4076 655 4156 sit,.sed
687 4077 787 4131 hoc
818 4076 892 4156 i|l_i
925 4076 1067 4156 Deus
1088 4074 1377 4156 cpncessit,
1408 4082 1467 4128 ut
1511 4089 1573 4129 se

71 4144 417 4213 alienigenis
442 4146 806 4201 ulcisceretur.
862 4145 967 4215 Sed
1011 4144 1137 4215 quid
1165 4146 1258 4200 es‘!
1279 4159 1347 4197 an
1391 4158 1579 4199 amans

46 4234 218 4272 )rum
242 4216 265 4268 ?
296 4216 441 4287 Talis
458 4227 574 4271 erat
598 4228 652 4270 et
680 4216 879 4287 Jacoh.
898 4214 1295 4287 [Sedtentaris,
1323 4217 1569 4287 tentaha-s

66 4298 134 4343 et
163 4287 292 4358 Job
319 4284 444 4358 (a).]
477 4287 630 4340 Vides
656 4295 786 4358 quot
812 4284 1035 4341 salutem
1064 4286 1377 4358 consequuti
1416 4286 1579 4339 sunt?

45 4360 158 4415 bes
222 4355 441 4411 fidem?
478 4358 655 4410 omnia
708 4357 871 4410 habes
904 4375 917 4410 :
947 4372 1053 4410 non
1098 4357 1262 4410 habes
1311 4355 1469 4409 (idem
1522 4366 1578 4410 et

46 4444 204 4483 num
257 4429 503 4482 obtines?
560 4428 697 4481 Nihil
770 4437 821 4481 te
876 4426 1028 4496 juvat
1074 4441 1317 4496 regnum.
1383 4426 1575 4481 Verum

45 4520 59 4554 I
126 4514 269 4553 sum
333 4498 579 4567 promissi
658 4500 960 4551 immemor.
1026 4496 1242 4551 Vocatus
1294 4504 1365 4550 est
1418 4497 1577 4566 igitur

45 4588 112 4624 us
153 4570 240 4621 ad
270 4568 493 4631 nuptias.
524 4570 654 4621 Cum
695 4569 996 4623 advenisset
1019 4577 1195 4623 autem
1217 4609 1232 4631 ,
1260 4568 1439 4621 vinum
1470 4583 1575 4621 non

46 4642 285 4696 rebant.
345 4637 481 4693 Dicit
531 4640 579 4692 ei
611 4639 776 4692 Mater
818 4640 936 4703 ejus
960 4679 976 4703 ,
1036 4637 1219 4691 Vinum
1246 4654 1345 4690 non
1371 4638 1571 4690 habent.

46 4714 91 4765 it
153 4712 215 4763 ei
259 4708 414 4763 Iesus
444 4725 462 4761 :
501 4708 678 4774 Vade,
733 4709 931 4772 mulier,
984 4709 1207 4762 nondum
1263 4708 1393 4761 venit
1449 4708 1575 4761 liora

45 4802 78 4836 τ.
160 4781 247 4835 Et
304 4796 426 4833 cum
471 4778 571 4833 hoc
607 4780 830 4833 dixisset
856 4778 1012 4833 .lesus
1040 4780 1115 4832 ait
1161 4796 1173 4830 :
1210 4776 1425 4845 Implete
1480 4779 1576 4847 Ity-

45 4872 92 4907 ts
118 4868 280 4921 aqua
309 4849 511 4921 (Joan.
544 4850 600 4903 2.
633 4852 686 4904 5.
712 4866 818 4918 sqq.
852 4847 911 4920 );
950 4858 1006 4903 et
1071 4847 1426 4921 impleverunt
1474 4847 1575 4921 hy-

45 4941 99 4979 IS
166 4918 355 4990 aqua,
406 4930 461 4974 et
489 4920 608 4973 fecit
658 4918 857 4989 aquam
877 4920 1078 4973 vinum.
1124 4918 1229 4973 Cur
1253 4918 1385 4972 dixit
1418 4936 1432 4990 ς
1464 4918 1573 4971 Int-

45 5012 73 5048 ε
144 4988 378 5062 hydrias
408 4992 583 5062 aqua?
626 4988 719 5043 Ani
750 4991 812 5062 is;
855 4990 945 5057 qui
984 4990 1364 5062 verbo‘crelum
1411 4988 1569 5062 fecit,

45 5060 261 5119 errata
294 5061 530 5115 fundavit
550 5103 563 5121 ,
592 5072 646 5114 et
675 5060 849 5112 omnia
881 5075 1001 5129 qua:
1038 5062 1088 5113 in
1119 5060 1197 5113 eis
1234 5069 1389 5117 sunt;
1423 5060 1573 5128 cujus

46 5145 231 5191 actus
256 5132 480 5185 arefacit
503 5132 725 5202 abyssos
744 5172 759 5195 ,
790 5146 949 5200 quem
971 5132 1128 5202 timet
1153 5146 1215 5184 ac
1245 5130 1424 5202 tremit
1452 5146 1572 5183 om-

45 5213 340 5262 creatura
379 5203 711 5267 caelestium,
746 5201 1074 5255 terrestrium
1119 5211 1171 5253 et
1210 5201 1568 5265 infernorum,

77 5282 337 5346 poterat
373 5273 781 5346 hydriasvcrbo
808 5272 1071 5346 implere?
1096 5270 1205 5346 Sed
1225 5271 1353 5325 dicit
1389 5288 1401 5323 :
1433 5271 1573 5324 Hau-

74 5341 337 5416 aquam.
378 5341 751 5416 Quare?_Ego
789 5342 961 5395 dicam
1008 5359 1030 5416 :_
1067 5350 1122 5394 ut
1165 5341 1221 5416 si
1258 5352 1569 5416 negaSsent,

50 5412 210 5473 ruin
243 5429 452 5479 manus,
474 5430 592 5483 qua:
614 5413 921 5473 hauserant,
945 5421 999 5466 et
1018 5412 1245 5483 humeri,
1269 5412 1359 5480 qui
1379 5428 1570 5480 aquam

45 5492 320 5543 averant
344 5526 359 5549 ,
403 5481 547 5553 ipsos
586 5484 986 5553 redarguerem.
1016 5481 1148 5535 Nam
1188 5482 1415 5549 idipsum
1449 5483 1572 5536 fecit

46 5570 268 5613 iazaro
297 5573 310 5605 :
335 5564 617 5623 antequam
661 5557 711 5607 in
755 5560 925 5607 locum
966 5553 1299 5623 advenisset,
1330 5553 1461 5605 dixit
1488 5554 1571 5607 di-

45 5632 180 5685 ttlis
217 5644 235 5678 :
263 5622 491 5679 Lazarus
513 5627 706 5677 anticus
735 5636 900 5678 noster
926 5624 1109 5676 dormit
1134 5622 1307 5693 (Joan.
1343 5624 1427 5676 ll.
1456 5624 1563 5694 il).

54 5711 267 5771 quam
292 5705 473 5750 autem
500 5704 769 5771 vcnerunt
784 5710 997 5771 sorores
1022 5694 1225 5771 [:asari,
1249 5703 1301 5771 et
1322 5694 1571 5771 dixerunt

45 5764 313 5826 Limatus
340 5777 566 5820 mortuus
595 5776 666 5821 est
695 5764 800 5836 (Ib.
832 5782 879 5819 v.
910 5766 999 5818 2|.
1029 5766 1141 5833 '52),
1171 5764 1302 5819 dixit
1326 5766 1439 5819 cis:
1472 5766 1567 5820 Ubi

45 5870 62 5929 δ
108 5870 265 5921 Quae
290 5861 477 5911 uncinis
499 5858 785 5910 clauduntur
808 5859 986 5909 desunt
1011 5860 1056 5906 in
1076 5866 1252 5906 erazco.

844 367 1121 424 CONTRA
1160 365 1468 430 JUDIEOS,
1510 365 1851 421 GENTILES
1891 365 1979 420 ET
2021 363 2456 421 IIJERETICOS.

3141 362 3277 418 1078

1684 482 1923 550 posuistis
1943 482 2096 534 eum?
2114 481 2301 534 Dicunt
2316 480 2364 535 ei
2386 497 2399 532 :
2436 476 2558 533 Veni
2578 488 2624 533 et
2642 479 2751 534 vide
2782 478 2962 549 (Joan.
2984 478 3074 550 Η.
3097 477 3211 549 54).
3234 477 3280 534 0

1683 549 1822 606 nova
1852 562 1906 605 et
1936 551 2204 619 inopinata
2236 550 2433 618 opera!
2464 550 2629 604 Paulo
2653 560 2776 605 ante
2803 551 3015 604 dixeras
3041 549 3277 617 discipu-

1681 623 1746 675 lis
1775 640 1787 674 ε
1820 622 2048 675 Lazarus
2080 632 2319 675 mortuus
2346 633 2448 685 est,
2481 631 2534 675 et
2560 637 2700 677 nunc
2726 621 2879 685 dicis,
2916 620 2958 673 [Γ
2963 619 3012 673 bi
3043 620 3279 690 posuistis

1680 696 1830 746 eum?
1857 694 2077 746 Mortem
2103 694 2425 760 pra-nuntias
2448 692 2719 760 discipulis
2742 694 2863 756 tuis,
2891 702 2944 746 et
2968 692 3142 746 locum
3172 706 3274 745 non

1682 764 1860 817 nosti?
1884 764 2096 817 Sciebat
2126 764 2327 832 utique,
2358 763 2449 817 sed
2480 773 2695 832 propter
2717 764 2953 828 Iudaeos,
2985 772 3169 831 utpote
3196 761 3277 832 in-

1684 835 1825 888 scios
1846 843 1900 888 et
1928 835 2182 901 ingratos,
2210 831 2286 887 sic
2309 831 2645 901 loquebatur.
2673 832 3113 901 Quandoquidem
3142 842 3195 886 et
3222 831 3275 885 in

1682 904 1930 974 paradiso
1959 904 2167 959 dicebat
2187 945 2200 966 ,
2233 904 2396 957 Adam
2419 945 2433 966 ,
2466 904 2670 974 Adam,
2699 904 2782 957 ubi
2818 921 2870 957 es
2901 902 3055 971 (Gen.
3087 904 3141 957 5.
3172 901 3275 974 9)?

1683 973 1763 1028 Au
1809 975 2085 1044 ignorabat
2128 975 2215 1028 ubi
2261 975 2442 1029 esset?
2476 973 2669 1028 Verum
2706 976 2825 1043 quia
2869 975 2996 1042 ip~is
3030 973 3275 1028 diabolus

1680 1046 1920 1113 dixerat,
1958 1045 2027 1098 In
2054 1062 2367 1115 quacumque
2405 1046 2487 1099 die
2529 1045 2843 1099 comederitis
2872 1045 2934 1097 de
2972 1046 3109 1113 ligno
3148 1045 3273 1109 hoc,

1680 1117 1819 1170 eritis
1843 1118 1972 1170 sicut
1999 1116 2070 1169 dii
2101 1117 2209 1181 (Ib.
2240 1132 2287 1170 υ.
2321 1116 2398 1184 5),
2441 1116 2849 1183 suspicabantur
2879 1116 2954 1168 illi
2983 1131 3042 1169 se
3071 1117 3276 1169 futuros

1681 1200 1803 1242 esse
1832 1187 1963 1242 deos
1988 1205 1999 1239 :
2032 1187 2152 1242 ideo
2182 1186 2391 1243 diccbat
2429 1187 2502 1240 illi
2537 1188 2703 1251 Deus,
2734 1186 2929 1250 Adam,
2959 1186 3042 1239 ubi
3080 1185 3176 1239 es?
3203 1200 3271 1238 ex

1681 1271 1789 1327 quo
1834 1258 2151 1321 comedisti,
2195 1258 2435 1311 mansisti
2483 1269 2656 1312 tamen
2705 1258 2908 1310 homo:
2939 1271 3000 1327 ea
3046 1270 3175 1327 vero
3208 1255 3276 1309 de

1682 1342 1840 1383 causa
1864 1328 1995 1382 dixit
2027 1329 2101 1382 illi
2132 1329 2288 1391 Deus,
2319 1329 2504 1391 Adam,
2534 1328 2736 1381 abies?
2756 1329 2843 1382 Sic
2867 1337 2921 1381 et
2945 1326 3085 1380 circa
3115 1326 3276 1379 Lam-

1684 1413 1799 1452 rum
1830 1397 1973 1453 fecit.
2002 1398 2313 1453 Utaccessit
2339 1399 2404 1453 ad
2434 1408 2857 1459 monumentum,
2888 1399 3019 1451 dixit
3038 1396 3275 1451 Judzeis:

1684 1466 1870 1539 Tollite
1894 1470 2117 1539 lapidem
2146 1471 2207 1522 de
2234 1480 2555 1523 monumento
2584 1468 2796 1539 (Joann.
2833 1470 2919 1523 Η.
2948 1470 3037 1531 39)
3063 1485 3077 1532 ;
3107 1477 3161 1521 et
3190 1476 3275 1521 tu-

1686 1538 1879 1593 lerunt.
1914 1540 2047 1594 Dicit
2076 1541 2125 1593 ei
2155 1556 2310 1595 soror
2339 1540 2542 1599 [.azari,
2573 1538 2807 1602 Domine,
2830 1541 2945 1608 jam
2975 1543 3131 1609 faetet,
3162 1548 3277 1609 erat

1684 1612 1826 1665 enim
1849 1611 2251 1679 quatridttanus.
2284 1610 2348 1663 Et
2378 1612 2605 1664 clmnans
2628 1628 2743 1664 voce
2772 1628 2955 1677 magna
2978 1608 3105 1662 dixit
3135 1624 3153 1661 :
3176 1608 3277 1661 La-

1685 1697 1822 1752 sare,
1850 1682 1962 1735 veni
1988 1684 2127 1752 foros
2155 1681 2257 1752 (Ib.
2288 1698 2335 1735 v.
2362 1680 2475 1752 45).
2504 1683 2569 1735 lit
2588 1683 2715 1735 exiit
2741 1682 2931 1751 ligatus
2954 1680 3169 1734 institis.
3194 1684 3274 1733 Att

1688 1750 1763 1815 is,
1795 1753 1883 1820 qui
1923 1750 2178 1805 transfert
2216 1750 2515 1806 montes'in
2558 1766 2653 1805 cor
2691 1750 2852 1805 maris
2876 1792 2891 1814 ,
2930 1767 3034 1804 non
3072 1758 3277 1819 poterat

1686 1835 1935 1878 amovere
1965 1822 2236 1892 lapidem?
2263 1824 2361 1889 Qui
2392 1822 2635 1877 stimulos
2663 1824 2850 1877 mortis
2876 1821 3157 1889 confregit,
3185 1824 3275 1889 qui

1725 1902 1868 1947 ortas
1894 1892 2082 1948 inferni
2108 1894 2378 1957 contrivit,
2403 1907 2507 1947 non
2534 1902 2737 1961 poterat
2766 1893 2974 1947 institas
2994 1892 3277 1956 rumpere?

1737 1963 1831 2017 ixit
1860 1963 1966 2018 illis
1989 2004 2005 2030 ,
2050 1963 2242 2018 Solvite
2284 1964 2429 2017 illum
2468 1960 2584 2034 (Ib.
2630 1979 2679 2017 v.
2719 1962 2849 2034 44).
2878 1964 3094 2034 Quare?
3127 1960 3195 2022 Ut
3232 1964 3277 2017 si

1687 2042 1975 2102 negarent,
2003 2044 2056 2088 et
2085 2049 2275 2089 manus
2312 2043 2365 2089 et
2403 2032 2543 2088 oculi
2584 2032 2820 2102 ipsorum
2856 2048 2950 2090 eos
2988 2032 3278 2102 redargue~

1686 2114 1827 2158 rent.
1857 2104 1981 2160 Ideo
2008 2104 2159 2169 dixit,
2193 2105 2385 2159 Solvite
2412 2104 2574 2158 illum.
2607 2104 2685 2173 (In
2711 2104 2896 2173 primis
2920 2113 3096 2157 autem
3121 2118 3278 2173 soror

1689 2173 1873 2255 μεμειτὶ
1919 2175 2298 2255 testimonium.
2327 2175 2514 2255 dedit,
2556 2171 2741 2255 dicens
2771 2193 2785 2230 :
2816 2175 3117 2255 {am-faetet
3153 2171 3277 2255 (aM

1691 2244 1920 2326 Idipsurn
1952 2246 2002 2326 in
2037 2246 2232 2326 nuptiis
2274 2244 2399 2326 fecit
2434 2245 2617 2326 dicens
2648 2245 2752 2326 illis
2783 2243 3042 2326 tglmplete
3069 2243 3279 2326 agdn-ias

1687 2331 1843 2397 aqua.
1872 2315 1938 2371 Et
1966 2317 2320 2397 impleverunt
2350 2316 2589 2397 hydrias,
2613 2324 2670 2397 et
2698 2316 2825 2371 fecit
2848 2332 3039 2397 aquam
3070 2315 3275 2397 vinum.

1688 2385 1976 2454 Propterea
2009 2384 2141 2441 nihil
2184 2402 2287 2440 non
2323 2384 2511 2454 agebat
2541 2396 2597 2441 ut
2626 2387 2770 2454 ipsos
2793 2388 3052 2441 certiores
3083 2384 3276 2440 redde-

1689 2466 1787 2510 ret.
1818 2457 2041 2526 Semper
2079 2460 2221 2513 enim
2265 2456 2436 2512 Judaei
2476 2457 2731 2512 increduli
2778 2457 2992 2511 fuerunt
3018 2466 3071 2510 et
3100 2456 3278 2524 impu-

1687 2526 1895 2581 dentes.
1933 2527 2107 2609 Yultis
2139 2527 2347 2609 discere
2384 2535 2594 2609 quanta‘
2619 2528 2725 2609 illis
2756 2527 3067 2609 praestiterit
3097 2527 3236 2581 Deus
3260 2564 3276 2589 ,

1686 2613 1913 2664 quorum
1958 2597 2171 2653 luerunt
2210 2597 2594 2653 immemores?
2631 2597 2855 2663 Discite,
2895 2597 2989 2652 sed
3012 2638 3027 2662 ,
3058 2610 3274 2666 quieso,

1686 2668 1922 2722 animum
1967 2668 2247 2733 adhibete,
2288 2677 2343 2723 et
2386 2669 2481 2735 iis,
2513 2684 2633 2736 quae
2675 2668 2955 2730 dicuntur,
2995 2666 3275 2721 attendite.

1690 2736 1823 2792 Volo
1846 2738 2042 2808 quippe
2066 2740 2436 2794 demonstrare
2465 2740 2634 2803 vobis,
2663 2738 2878 2794 Judmos
2906 2738 2979 2792 ab
3015 2738 3166 2791 initio
3193 2738 3275 2808 in-

1686 2807 1876 2876 gratos
1898 2809 2082 2864 fuisse.
2119 2809 2462 2879 Septuaginta
2493 2808 2728 2878 quinque
2765 2810 2957 2863 anima:
2982 2807 3277 2861 descende-

1687 2890 1810 2961 runt
1839 2879 2231 2961 it_t_/Egyptum,
2260 2891 2315 2961 et
2342 2880 2688 2961 ad_sexcenta
2716 2879 3073 2961 usqtte_rnilli:t
3104 2887 3274 2957 aucta;

1687 2958 1832 3009 sunt.
1863 2948 2102 3006 Mortuus
2131 2961 2212 3007 est
2251 2949 2449 3019 Joseph
2473 2990 2490 3016 ,
2521 2960 2577 3005 et
2603 2948 2835 3005 surrexit
2862 2949 2997 3004 alius
3022 2964 3115 3003 rex
3140 2990 3156 3014 ,
3183 2948 3274 3018 qui

1688 3034 1895 3075 memor
1922 3022 2039 3087 ejus
2068 3038 2171 3076 non
2200 3020 2317 3076 fuit.
2348 3020 2397 3075 Is
2435 3020 2574 3075 ﬁlios
2614 3022 2773 3075 Israel
2807 3021 3150 3075 vehementer
3174 3032 3273 3087 op-

1687 3092 1900 3215 Bgmsit.
1921 3091 2242 3176 Clamarunt
2258 3094 2415 3172 igitur
2441 3092 2513 3146 illi
2540 3092 2605 3145 ad
2638 3091 2916 3174 Dominum
2939 3130 2955 3157 ,
2985 3091 3227 3172 dicentes
3254 3105 3269 3143 :

1771 3177 1933 3215 mine.
1962 3170 2019 3215 tu
2058 3172 2245 3215 lllt‘aSll
2276 3162 2511 3215 patribus
2536 3172 2757 3215 nostris.
2792 3163 2937 3215 Dabo
2959 3176 3147 3215 semini
3178 3174 3269 3215 ve-

1771 3163 1933 3226 mine,
1962 3170 2019 3215 tu
2053 3163 2245 3231 jnrasti
2276 3160 2511 3232 patribus
2536 3163 2757 3226 nostris,
2792 3163 2937 3216 Dabo
2959 3160 3158 3232 semini
3178 3174 3273 3216 ve-

1686 3241 1799 3286 stro
1825 3243 2022 3288 terram
2050 3231 2304 3287 liuentem
2346 3232 2428 3287 lac
2456 3242 2510 3287 et
2546 3234 2671 3287 mel.
2705 3233 2772 3287 Et
2803 3247 2978 3295 nunc,
3013 3231 3272 3293 Domine,

1686 3311 1956 3358 memento
1983 3304 2287 3359 testamenti
2317 3303 2422 3363 tui,
2454 3303 2595 3371 quod
2633 3304 2851 3371 posuisti
2896 3303 3133 3371 patribus
3172 3315 3274 3355 no-

1684 3374 1811 3427 stris
1840 3391 1853 3428 :
1884 3382 1939 3429 et
1963 3390 2090 3428 erue
2129 3390 2225 3429 nos
2254 3374 2324 3428 de
2351 3388 2511 3427 manu
2543 3374 2837 3427 Pharaonis
2864 3373 3005 3442 regis
3033 3371 3271 3442 Egypti,

1684 3387 1811 3427 sms
1840 3391 1853 3428 :
1884 3387 1939 3429 et
1963 3390 2090 3428 erue
2129 3390 2225 3429 nos
2254 3387 2324 3428 de
2351 3388 2511 3427 manu
2543 3387 2837 3427 t'ttaraotus
2864 3387 3005 3442 regis
3033 3387 3271 3497 (sum,

1684 3455 1739 3497 et
1782 3444 1852 3500 de
1889 3446 2144 3500 servitute
2182 3444 2618 3515 lEgyptiorqm...
2666 3444 2881 3515 Audivit
2928 3444 3088 3515 igitur
3168 3513 3194 3515 π
3226 3457 3272 3515 κε

1685 3529 1869 3569 vocem
1912 3530 2131 3579 eorum,
2164 3526 2220 3571 et
2256 3513 2398 3569 misit
2431 3514 2497 3567 ad
2534 3528 2632 3569 eos
2670 3514 2930 3584 Moysem.
2972 3513 3070 3568 Hic
3106 3513 3272 3577 mihi,

1684 3599 1867 3653 quaso
1891 3628 1905 3650 ,
1939 3594 2174 3639 mentem
2200 3584 2468 3639 adhibete.
2502 3585 2637 3639 Dicit
2674 3584 2839 3655 Moysi
2881 3584 3059 3637 Deus:
3088 3584 3275 3655 Accipe

1683 3672 1871 3726 agnum
1896 3658 2294 3721 immaculatum,
2325 3655 2638 3719 anniculam,
2668 3654 3071 3726 primogenitum,
3098 3663 3145 3707 et
3170 3654 3271 3707 int-

1684 3725 1840 3792 mola,
1854 3736 1901 3780 et
1919 3728 2166 3797 sanguine
2187 3728 2297 3795 ejus
2316 3726 2654 3797 unusquisque
2676 3725 2817 3778 liniet
2832 3726 3071 3794 januam,
3089 3734 3144 3797 ut
3158 3739 3275 3797 cum

1684 3799 1870 3850 venerit
1897 3793 2105 3867 angelus
2144 3793 2329 3867 habens
2372 3796 2597 3866 gladium
2636 3793 2951 3867 euaginatum
2975 3836 2989 3858 ,
3010 3804 3067 3867 et
3096 3793 3273 3867 viderit

1683 3869 1818 3939 quod
1838 3864 2085 3939 sanguine
2112 3868 2259 3921 linito
2285 3866 2349 3921 sit
2376 3864 2574 3930 domus,
2601 3867 2844 3929 recedat;
2866 3866 2943 3918 sin
2968 3864 3271 3939 viderit_non

1682 3933 1859 4009 adesse
1883 3933 2200 4009 sanguinem,
2229 3939 2475 4009 introeat,
2495 3952 2763 4009 omnesque
2787 3937 3096 4009 extet-minet.
3127 3933 3272 4009 Fecit

1682 4008 1835 4090 igitur
1865 4005 2068 4090 Moyses
2095 4009 2197 4090 sic,
2216 4019 2263 4061 et
2293 4007 2499 4059 tradidit
2531 4005 2739 4090 populo,
2767 4016 2826 4090 ei
2834 4006 3141 4090 accipientes
3163 4005 3269 4090 illi,

1683 4076 1918 4149 linierunt
1954 4076 2140 4149 singuli
2168 4079 2361 4149 januas
2390 4094 2506 4132 suas
2535 4076 2726 4149 (Exod.
2761 4077 2870 4149 l2).
2904 4076 2970 4130 Et
3001 4076 3269 4149 ingredie-

1682 4148 1838 4203 hatur
1863 4144 2081 4218 angelus
2100 4188 2117 4213 ,
2148 4144 2391 4202 strictum
2434 4144 2634 4201 habens
2660 4144 2891 4218 gladium
2910 4188 2925 4210 ,
2972 4155 3027 4201 et
3056 4144 3267 4200 videbat

1682 4217 1995 4289 sanguinein
2035 4221 2087 4273 in
2130 4219 2306 4288 januis
2330 4259 2344 4282 ,
2390 4227 2445 4272 et
2485 4219 2806 4281 recedebat;
2836 4217 2921 4289 ubi
2956 4226 3131 4289 autem
3162 4231 3267 4270 non

1682 4286 1915 4353 videbat,
1949 4286 2438 4360 iugrediebatur,et
2462 4303 2651 4343 omnes
2675 4288 2967 4342 occidebat.
2989 4286 3262 4360 ihecpor-

1680 4375 1744 4415 ro
1773 4363 1949 4415 omnia
1987 4354 2091 4415 non
2122 4368 2324 4414 temere
2365 4359 2497 4414 facta
2528 4369 2690 4413 sunt:
2718 4360 2811 4413 sed
2840 4358 3091 4426 quoniam
3120 4354 3268 4410 futu-

1682 4446 1799 4485 rum
1823 4439 1940 4486 erat
1964 4440 2022 4485 ut
2050 4446 2145 4499 per
2174 4429 2485 4499 sanguinem
2512 4439 2566 4484 et
2596 4429 2791 4499 lignum
2820 4429 3043 4481 salutem
3072 4440 3267 4499 conse-

1680 4518 1999 4571 queremur,
2042 4498 2161 4555 i’deo
2201 4498 2336 4554 dixit
2380 4500 2516 4571 Deus
2547 4498 2970 4571 :AUnusquisqoe
3010 4498 3265 4571 sanguine

1681 4568 1830 4625 liniet
1851 4572 2062 4640 januas.
2094 4572 2203 4624 Cur
2232 4585 2334 4623 non
2364 4568 2519 4633 dixit,
2554 4569 2645 4623 lini
2679 4569 2936 4636 sanguine
2970 4568 3266 4640 parietem?

1678 4642 1811 4708 Quia
1842 4638 2049 4695 nonnisi
2078 4656 2172 4710 per
2198 4641 2394 4709 lignum
2426 4640 2664 4710 salutcnr
2679 4638 3058 4710 consequuturi
3085 4648 3262 4710 erant.

1680 4707 1877 4766 Eduxit
1920 4707 2207 4782 igitur—eos
2243 4707 2461 4782 Moyses
2498 4725 2575 4782 ex
2609 4709 2869 4782 Egypto,
2900 4717 2955 4762 et
2996 4707 3171 4782 intulit
3210 4708 3261 4762 in

1678 4778 1991 4836 desertum':
2023 4778 2373 4849 dixeruntque
2418 4781 2490 4834 illi
2530 4778 2697 4850 Moysi
2722 4778 2743 4834 7:
2778 4778 2854 4831 Eo
2879 4779 3014 4850 quod
3054 4794 3153 4831 non
3180 4794 3262 4831 es-

1676 4863 1785 4905 sent
1821 4853 2054 4922 sepulcra
2092 4854 2144 4904 in
2187 4850 2418 4922 Egypto
2442 4892 2456 4917 ,
2494 4849 2662 4922 intulit
2703 4867 2793 4903 nos
2817 4850 2881 4922 in
2925 4849 3170 4922 desertum
3209 4858 3263 4922 ut

1677 4919 1920 4993 occideret
1965 4923 2173 4993 (Exod.
2337 4919 2410 4975 ⁷11
2438 4924 2477 4991 ).
2519 4920 2706 4973 Nonne
2743 4919 2883 4972 nobis
2921 4920 3041 4971 bene
3077 4928 3181 4970 erat

1678 4992 1931 5063 zEgypto,
1962 4990 2075 5047 cum
2105 4990 2473 5063 contederemus
2499 5006 2803 5063 cucumercs,
2838 5004 3075 5063 pepones,
3104 4999 3149 5041 ct
3177 4990 3257 5063 al-_

1677 5060 1772 5126 lin,
1790 5060 1837 5117 et
1863 5080 1998 5134 cwpe
2026 5062 2302 5134 (ll/um,“
2320 5104 2332 5115 .
2363 5064 2417 5128 5)
2439 5062 2463 5113 ?
2485 5061 2672 5134 )iideu‘
2699 5062 2956 5134 ingratum
2988 5060 3264 5134 anitn_ut_u?

1678 5135 1755 5187 Illi
1802 5128 1964 5189 Deum
2008 5132 2439 5203 alloquebantttr,
2484 5131 2648 5203 Deum
2693 5128 3084 5203 precabantur,
3115 5128 3267 5182 Edne

1678 5220 1776 5258 nos
1796 5205 1861 5259 de
1882 5214 2021 5259 terra
2045 5199 2494 5275 Egypti,t-tctttn
2524 5203 2574 5254 in
2600 5202 2870 5255 desertum
2899 5199 3257 5275 advenissent,

1678 5276 1882 5343 ingrate
1918 5269 2437 5344 ageb:tnt."\lidistin’
2475 5273 2734 5344 ingratum
2775 5285 2958 5344 eorum
2987 5269 3262 5344 animum?

1676 5340 1782 5399 Sed
1804 5340 1994 5399 discite
2016 5361 2127 5399 rem
2153 5344 2406 5411 majorem
2435 5340 2881 5411 Singularemque.
2907 5340 3260 5407 Quadraginta

1675 5416 1829 5470 annis
1859 5416 2073 5470 fuerunt
2101 5416 2150 5468 itt
2182 5414 2395 5468 deserto
2425 5432 2435 5466 :
2467 5413 2687 5482 capillus
2717 5426 2900 5482 eorum
2934 5425 3041 5463 non
3067 5412 3257 5475 crevit,

1676 5504 1781 5540 non
1822 5488 2011 5555 unguis
2051 5487 2207 5551 item,
2250 5484 2412 5538 veStis
2449 5481 2552 5537 non
2590 5481 2863 5555 sordidata
2899 5492 3015 5547 est,
3058 5482 3258 5555 calcem

1674 5551 1917 5612 mentum
1954 5572 2059 5609 non
2103 5555 2354 5609 detritum
2389 5570 2402 5606 :
2437 5570 2543 5607 non
2588 5553 2922 5615 laborarunt,
2963 5566 3065 5605 non
3111 5551 3258 5605 fode-

1674 5638 1826 5688 runt,
1857 5627 2020 5681 boves
2056 5641 2160 5679 non
2194 5627 2518 5693 junxerunt,
2550 5634 2780 5677 aratrum
2814 5637 2917 5675 non
2951 5631 3257 5686 traxerunt,

1674 5700 1850 5753 sulcos
1872 5713 1976 5751 non
2003 5706 2346 5767 aperuerunt,
2378 5697 2559 5765 spinas
2585 5708 2690 5749 non
2718 5695 3043 5759 avulsemnt,
3073 5707 3257 5747 semen

1748 5856 1823 5920 (a)
1845 5864 1951 5905 Ilaec
1974 5855 2152 5904 desunt
2178 5855 2224 5902 in
2246 5860 2422 5904 Grceco.
