3884 6282
394 379 535 438 1083

396 505 588 546 nomen
618 489 790 560 fugis?
818 488 912 545 Dic
941 489 1174 560 perjuro,
1193 487 1406 560 per-jure
1426 503 1438 540 :
1457 493 1514 542 et
1537 498 1636 560 pro
1661 482 1980 560 contumelia

400 561 613 615 habebit
636 557 856 614 suorum
870 557 1089 628 operum
1104 557 1534 628 appellationem.
1553 558 1642 628 Sic
1665 565 1851 628 natura
1870 557 1982 628 ipsa

395 633 590 686 clamat
608 631 746 699 quod
775 627 968 684 malum
995 627 1309 683 sitalie’nnm
1339 627 1406 681 ab
1427 643 1588 699 opere
1614 627 1727 680 Dei.
1757 627 1822 680 Et
1844 627 1983 699 quod

398 701 520 756 fecit
549 697 706 760 Dens,
738 701 933 754 bonum
961 708 1061 760 est,
1090 710 1144 753 et
1173 700 1366 753 bonum
1395 697 1569 759 valde,
1599 706 1760 766 atque
1787 698 1854 750 ita
1889 697 1984 749 bo-

399 787 547 832 nttnt,
569 779 626 823 ttt
651 780 704 823 et
721 771 871 823 malis
893 769 1274 834 immisceatur,
1301 778 1354 822 et
1379 767 1446 821 de
1468 768 1663 820 malitia
1681 769 1982 821 erubescat.

404 843 496 894 Dic
516 849 682 900 casto,
710 850 888 895 easte:
914 849 966 892 ct
987 839 1168 910 quiide
1197 854 1358 910 opere
1379 837 1693 910 delectatur,
1716 837 1782 891 de
1806 839 1990 906 appei—

401 911 600 965 latione
625 924 729 963 non
758 910 1046 963 erubescit.
1077 908 1221 963 Voca
1234 908 1463 978 justum,
1490 908 1688 976 justum
1715 915 1799 978 :ct
1824 922 1986 975 opere

399 988 704 1043 coronatur,
727 989 780 1034 et
804 979 1159 1049 appellatione
1177 979 1491 1033 honestatur
1515 995 1528 1031 :
1553 978 1674 1032 licet
1699 977 1841 1049 enim
1867 992 1987 1031 mo-

400 1050 585 1104 destiae
625 1049 790 1118 gratia
824 1047 1014 1104 nomen
1045 1050 1238 1117 fugiat,
1270 1049 1482 1103 laudem
1512 1057 1686 1102 tamen
1728 1047 1780 1101 in
1811 1049 1985 1100 anima

401 1135 496 1173 sua
544 1117 754 1186 accipit.
796 1120 980 1187 Cogita
1035 1128 1288 1186 qtnntnm
1332 1119 1593 1172 malorum
1642 1127 1884 1172 versetur
1933 1117 1986 1171 in

404 1190 602 1245 mundo
628 1207 643 1250 ;
674 1199 728 1244 et
756 1204 1035 1258 persOnatn
1067 1205 1172 1242 non
1199 1189 1357 1243 habet
1381 1188 1579 1242 malum
1608 1205 1622 1239 ε
1647 1198 1701 1241 et
1722 1188 1990 1257 quomodo

402 1275 685 1332 personant
715 1259 1124 1332 nmthabet?Si
1152 1259 1448 1312 minutatim
1466 1259 1765 1322 examines,
1791 1258 1987 1310 nullam

406 1330 644 1384 invenies
674 1330 928 1383 malitiam
981 1331 1033 1382 in
1077 1345 1169 1384 sna
1213 1337 1557 1397 apparentem
1590 1342 1848 1398 persona;
1883 1341 1988 1381 non

406 1399 710 1464 enim,nisi
759 1414 1038 1468 personam
1084 1409 1320 1454 assumat
1366 1398 1573 1453 virtutis
1597 1441 1612 1462 ,
1644 1408 1900 1468 apparet.
1925 1398 1993 1451 Et

408 1471 698 1539 quomodo,
727 1467 850 1523 audi
870 1487 882 1522 :
902 1469 990 1536 qui
1018 1471 1289 1534 mentitur,
1312 1485 1413 1522 non
1445 1468 1636 1522 fatetur
1663 1482 1721 1523 se
1745 1467 1952 1521 tuen-tiri
1972 1509 1987 1531 ,

407 1538 504 1594 sed
528 1540 802 1594 veritatem
831 1539 1086 1593 simulans
1113 1539 1327 1607 decipit.
1358 1539 1458 1607 Qui
1484 1538 1678 1606 injuste
1705 1539 1814 1607 agit
1839 1577 1856 1602 ,
1885 1552 1989 1591 non

411 1610 664 1678 praedicat
689 1608 825 1677 quod
855 1618 956 1674 est,
989 1609 1080 1662 sed
1107 1607 1250 1678 quod
1278 1625 1383 1662 non
1411 1619 1494 1664 est
1516 1607 1762 1672 simulat,
1790 1617 1843 1662 et
1869 1617 1992 1661 tunc

411 1680 1035 1749 injustltiamoperatur.
1068 1679 1322 1734 Similiter
1355 1679 1570 1734 dolostts
1611 1693 1716 1732 non
1757 1678 1993 1732 ostendit

410 1751 585 1802 dolum
612 1790 626 1812 ,
659 1748 754 1804 sed
802 1748 1026 1802 assumit
1059 1750 1305 1803 amicitia:
1349 1764 1626 1817 personam
1649 1789 1663 1812 ,
1697 1757 1748 1802 et
1775 1749 1851 1802 sic
1875 1763 1990 1801 rem

411 1820 538 1874 facit
564 1819 778 1874 malam.
799 1819 1020 1873 Adulter
1039 1834 1142 1873 non
1171 1820 1502 1889 illegitimum
1524 1819 1840 1873 adulterium
1863 1831 1993 1871 con-

411 1892 600 1954 fessus,
631 1890 682 1942 in
711 1889 855 1943 mdes
885 1890 1138 1957 impetum
1173 1891 1295 1943 facit
1321 1907 1335 1942 :
1361 1889 1454 1944 sed
1481 1890 1786 1958 figmentum
1818 1889 1994 1958 conti:

413 1960 605 2013 nentize
631 1974 724 2013 ore
747 1968 1066 2029 prmtexens,
1095 1959 1271 2014 divina
1297 1959 1413 2027 jura
1446 1957 1628 2012 violat.
1664 1958 1823 2012 Vides
1850 1957 1992 2027 quod

413 2031 677 2096 propriam
714 2043 996 2098 personam
1045 2044 1149 2084 non
1177 2031 1368 2084 habeat
1395 2029 1634 2083 malitia?
1661 2029 1914 2082 Similiter
1940 2036 1995 2082 et

414 2099 786 2161 calumniator,
813 2099 1026 2169 quando
1051 2099 1346 2164 ingreditur
1368 2101 1420 2153 in
1443 2099 1721 2169 judicium,
1753 2115 1858 2152 non
1891 2099 1992 2151 hoc

411 2169 697 2222 confitetur
745 2167 886 2238 quad
929 2177 1040 2231 est,
1075 2169 1168 2222 sed
1215 2169 1412 2226 larvam
1446 2167 1681 2224 assumit
1710 2169 1990 2238 veritatis,

386 2302 388 2305 _
415 2239 563 2307 quasi
598 2239 645 2292 ei
690 2234 1008 2308 patrocinari
1036 2240 1194 2305 velit,
1219 2254 1445 2308 eamque
1473 2255 1537 2295 ex
1571 2234 1846 2294 mendacio
1871 2237 1997 2292 facit

413 2309 630 2361 malitias
652 2307 860 2362 testem.
885 2307 974 2378 Sic
994 2309 1190 2362 malitia
1219 2307 1446 2378 persona
1472 2310 1679 2378 propria
1701 2319 1866 2370 caret,
1893 2308 1994 2363 nisi

453 2392 697 2431 ersonatn
723 2377 932 2432 virtutis
959 2377 1447 2434 assumanldcirco
1474 2377 1717 2435 Salvator
1745 2378 1954 2433 dicebat
1978 2395 1990 2430 :

468 2448 630 2500 enicat
655 2447 724 2500 ad
751 2464 835 2501 vos
860 2449 914 2501 in
936 2449 1236 2502 vestimentis
1264 2450 1428 2504 ovium
1455 2491 1470 2512 ,
1501 2451 1802 2504 intrinsecus
1827 2458 1992 2502 autem

415 2527 534 2591 sunt
575 2517 683 2586 lupi
721 2534 930 2588 rapaces
967 2518 1180 2591 (Matth.
1213 2520 1266 2574 7.
1297 2521 1407 2590 15).
1434 2519 1538 2575 Sed
1584 2520 1653 2575 ad
1700 2519 1996 2575 institutum

415 2587 716 2644 redeamus.

488 2657 544 2729 2.
586 2657 678 2712 Vis
708 2657 890 2713 videre
914 2699 930 2724 ,
959 2659 1144 2725 frater,
1167 2667 1422 2729 quantum
1451 2659 1624 2714 valeat
1662 2660 1840 2714 innata
1869 2660 1950 2716 lex
1974 2661 1996 2715 i

419 2727 604 2798 Anima
648 2743 858 2798 quoque
896 2739 1074 2783 nostra
1101 2769 1116 2794 ,
1147 2727 1386 2798 quamvis
1428 2738 1538 2784 tota
1582 2731 1733 2784 malis
1759 2730 1994 2785 fermen-

421 2807 526 2852 tata
553 2797 622 2852 sit
647 2840 660 2859 ,
685 2797 878 2853 nomen
910 2807 1087 2853 tamen
1120 2797 1316 2855 bunum
1359 2801 1709 2869 amplexatur.
1737 2801 1994 2869 Saepenu-

420 2883 569 2924 mero
600 2877 841 2948 potentes
867 2869 1254 2948 quiavaritiam
1279 2871 1505 2948 spirant,
1535 2882 1588 2925 et
1617 2870 1995 2948 nihil-praeter-

417 2953 580 3009 quam
631 2939 974 3009 rapinamdet
1024 2939 1335 3008 iniustitiam
1389 2941 1660 3009 cogitant,
1712 2941 1999 2996 vincuntur

417 3007 1015 3080 aliquoruniprecibus,
1041 3007 1101 3080 ut
1125 3007 1489 3064 imminentem
1518 3012 1728 3080 pauperi
1762 3012 1997 3065 necessi-

421 3088 582 3150 tatem
625 3078 939 3150 sublevent,
970 3079 1055 3132 vel
1081 3093 1147 3133 ex
1174 3081 1356 3134 debito
1381 3078 1649 3150 quidpiam
1697 3081 1994 3144 dimittant,

418 3148 505 3203 vel
534 3163 638 3202 non
666 3147 990 3204 ulciscantur
1017 3163 1111 3202 eos
1129 3190 1144 3213 ,
1171 3150 1260 3217 qtti
1293 3164 1351 3204 se
1380 3147 1649 3217 lieserunt,
1684 3151 1770 3206 vel
1800 3151 1998 3206 laesisse

419 3217 816 3300 censentpraEt
853 3219 944 3300 qui
979 3217 1446 3300 probe‘legatione
1482 3220 1714 3300 fungitur
1749 3222 1889 3300 apud
1916 3223 1999 3274 vi-

422 3303 538 3341 rum
563 3295 831 3356 potentem
855 3328 871 3349 ,
896 3296 951 3342 et
981 3288 1278 3356 improbum
1304 3331 1319 3354 ,
1353 3304 1456 3343 non
1500 3288 1679 3346 statim
1705 3307 1734 3345 a
1775 3288 1999 3346 veritate

421 3357 694 3428 exorditur
718 3373 731 3410 :
756 3371 865 3428 non
887 3357 1036 3428 dicit
1073 3359 1123 3412 ei
1174 3357 1223 3412 id
1270 3361 1411 3428 quod
1447 3371 1561 3424 est,
1594 3362 1686 3416 sed
1727 3376 1920 3416 nomen
1949 3363 1997 3415 ei

423 3427 634 3500 virtutis
681 3427 942 3500 attribuit.
987 3429 1068 3481 An
1116 3427 1576 3500 nescis’hqualibus
1619 3447 1830 3500 semper
1865 3433 2000 3486 insi-

421 3512 550 3571 gues
565 3496 719 3566 legati
740 3497 1006 3571 coioribns
1025 3500 1268 3552 utantur?
1294 3496 1384 3553 Vir
1403 3515 1483 3566 es,
1507 3496 1767 3571 inquiunt,
1795 3503 1996 3557 bonus:

420 3567 717 3621 celebratur
770 3567 961 3636 ubique
1010 3582 1205 3622 nomen
1246 3579 1393 3624 tuum
1433 3587 1446 3623 :
1485 3567 1674 3628 omnes
1727 3581 1812 3626 tua
1861 3573 1998 3630 bona

421 3652 580 3704 opera
626 3637 910 3707 decantant
944 3638 1251 3707 :multaque
1295 3640 1417 3694 talia
1466 3641 1814 3696 exhortationi
1861 3644 2001 3698 inse-

424 3721 567 3782 runt,
591 3715 647 3759 ιιι
666 3705 906 3782 flectatur
929 3705 1192 3782 laudibus,
1218 3710 1407 3782 etipse
1434 3726 1462 3782 a
1493 3713 1723 3779 nequitia
1753 3713 1995 3782 refugiat.

427 3775 559 3830 Vide
589 3775 857 3845 quomodo
877 3779 1076 3832 ntalitia
1100 3775 1326 3833 virtutis
1339 3780 1494 3835 laude
1519 3775 1774 3836 vincatur.
1814 3775 2000 3838 Nullus

425 3847 630 3921 malus,
673 3845 1154 3921 malusdicivuli;
1187 3858 1373 3921 natura
1403 3851 1544 3904 enim
1574 3851 1713 3921 quod
1741 3867 1891 3906 suum
1920 3863 2003 3908 est

423 3914 774 3990 amplexatur,
804 3917 1021 3990 etiamsi
1039 3917 1282 3990 voluntas
1311 3914 1604 3978 adversum'
1618 3922 1796 3990 eligat.
1822 3923 2002 3978 Simus

425 4001 573 4058 ergo,
600 3985 801 4058 dilecti,
828 3987 964 4058 oliva
1000 3987 1287 4051 fructifera,
1307 4001 1357 4042 et
1373 3993 1644 4058 Operibus.
1667 3985 1922 4048 fructibus
1947 4003 2001 4048 et

431 4056 568 4109 foliis
592 4056 762 4109 ornati
788 4072 804 4119 ;
851 4055 971 4110 folia
1001 4058 1140 4112 enim
1154 4067 1352 4128 Anostra
1380 4055 1504 4114 sunt
1531 4076 1836 4128 sermones,
1890 4064 2002 4118 fru-

425 4135 540 4178 ctus
565 4135 740 4179 autem
770 4128 1122 4198 conversatio.
1147 4125 1226 4182 Sit
1255 4129 1413 4196 igitur
1440 4139 1491 4184 et
1518 4130 1770 4187 honestus
1799 4125 1994 4198 sermo,

424 4203 478 4272 et
503 4194 838 4272 conversatio
846 4194 1154 4272 _i‘ru_ctttosa_.
1195 4194 1348 4272 Apud
1382 4200 1532 4272 pittm
1563 4202 1703 4272 enim
1731 4218 1900 4272 neque
1926 4194 2003 4258 fo-

423 4263 552 4338 lium
573 4263 802 4338 decidit;
836 4263 1039 4318 Folium
1064 4267 1203 4319 enim
1230 4263 1359 4337 ejus,
1379 4263 1546 4338 inquit
1571 4271 1730 4326 David
1750 4313 1765 4336 ,
1789 4263 1887 4326 ηόη
1910 4275 2001 4326 de-

421 4335 563 4402 ﬂuet,
595 4341 642 4386 et
667 4335 836 4386 omnia
862 4351 1186 4407 quacumque
1187 4335 1356 4461 ({dciet
1383 4335 1807 4407 prosperabuntur
1831 4342 1998 4413 (Psal.

424 4407 476 4456 1.
509 4404 586 4461 5).
609 4402 712 4457 Sed
737 4419 769 4457 ο
799 4404 1147 4460 miraculum!
1233 4408 1371 4461 oaita
1400 4409 1667 4461 quomodo
1697 4412 1864 4461 Adam
1906 4420 1998 4461 nn.

424 4407 476 4483 t_.
509 4404 586 4464 '5).
609 4402 1147 4483 'Sedo_mi_i-acul‘t.ttn!
1187 4402 1667 4483 Cogita'quo'tnodo
1691 4402 1864 4483 Adam
1906 4420 2004 4468 nu-

423 4473 520 4546 dus
545 4473 733 4546 exierit
756 4473 828 4546 de
856 4474 1130 4546 Paradiso,
1164 4487 1217 4531 et
1245 4473 1512 4546 quomodo
1541 4481 1704 4535 David
1736 4481 1923 4538 floreat
1946 4485 1998 4538 in

425 4542 587 4621 domo
614 4543 722 4596 Dei.
756 4543 846 4621 ille
870 4545 1083 4621 quidem
1109 4542 1276 4621 exivit
1296 4549 1476 4621 nudus
1501 4562 1718 4620 propter
1748 4556 1999 4621 praevari-

423 4615 685 4696 cationem
711 4629 726 4666 :
756 4613 1039 4696 lticnautem
1067 4613 1827 4696 itifllllulsIil'iuiil‘;tlSA,-_Qlalil_€il
1845 4642 1871 4696 λεί
1887 4622 2000 4696 Ego

421 4693 586 4760 autem
611 4699 753 4760 quasi
796 4684 926 4760 oliuo
957 4688 1215 4754 fructifera
1231 4688 1260 4760 Δ(
1283 4686 1422 4760 Psal.
1451 4689 1540 4743 51.
1575 4692 1697 4760 l0).
1738 4692 1876 4748 Nihil
1903 4684 2004 4751 nos

423 4751 492 4829 ita
529 4751 745 4820 spoliat,
775 4762 834 4807 ut
871 4751 1132 4829 fructuum
1165 4751 1388 4829 privatio
1423 4775 1436 4810 :
1473 4761 1602 4814 nihil
1632 4751 1700 4814 ita
1729 4765 1906 4829 vestit,
1940 4776 1998 4820 ttt

421 4821 681 4903 bonorum
711 4821 1216 4903 Oper'umnfertilita's.
1246 4826 1523 4882 Formatus
1543 4840 1624 4885 est
1644 4833 1810 4887 Adam
1835 4849 1849 4888 :
1873 4821 2002 4903 ope-

419 4907 492 4974 _rte
519 4891 742 4961 pretium
770 4893 912 4974 enim
942 4895 1100 4974 fuerit
1127 4907 1369 4974 repetei'e
1397 4915 1514 4974 quae
1538 4911 1661 4974 ante
1690 4914 1815 4974 sunt
1833 4891 1994 4970 dic-ta;

419 4962 854 5033 liOttOl'llm_eﬂlm
878 4965 1142 5033 repetitio,
1164 4962 1456 5022 doctrinam
1485 4969 1534 5022 in
1562 4972 1838 5027 animabus
1864 4962 1998 5030 con;

421 5032 616 5086 firmat.
646 5031 794 5087 Sicut
817 5031 957 5088 enim
997 5035 1132 5091 laute
1153 5037 1379 5092 subinde
1410 5039 1460 5092 in
1493 5040 1748 5095 tincturas
1777 5042 1999 5100 immer-

414 5112 632 5184 guntur,
644 5113 708 5184 Aut
720 5103 963 5184 tincturae
979 5105 1059 5160 vis
1075 5108 1383 5184 profundius
1399 5108 1753 5184 imprimatur;
1779 5114 1846 5167 ita
1865 5129 1999 5184 opus

414 5181 515 5260 est,
535 5181 590 5227 ut
605 5174 1090 5260 et‘anitnte‘n‘ostrte
1100 5175 1402 5260 frequenter
1421 5174 1699 5259 indivinos
1725 5174 1999 5260 sermones

414 5243 820 5321 intingunturmt
835 5244 1112 5321 abluamur
1124 5243 1337 5321 quidem
1359 5263 1386 5302 a
1403 5251 1566 5304 veteri
1587 5253 1892 5321 opprobrio,
1914 5255 1996 5309 in-

416 5315 643 5367 duamur
658 5324 832 5368 autem
851 5329 982 5368 nova
1001 5315 1407 5386 pulchritudine.
1431 5315 1716 5376 Enimvero
1744 5315 1999 5381 lanmillre

413 5397 533 5436 cum
552 5385 841 5453 tinguntur,
856 5385 1056 5439 naturai
1073 5402 1181 5442 suae
1198 5403 1389 5443 nomen
1403 5393 1667 5456 amittttnt,
1684 5405 1736 5447 et
1759 5395 1999 5450 tinctum

416 5467 611 5507 nomen
623 5456 888 5532 accipiunt
906 5472 918 5507 :
935 5466 988 5508 et
1005 5473 1106 5510 non
1124 5458 1267 5532 ultra
1278 5474 1434 5532 vocas
1449 5460 1645 5526 lanam,
1666 5464 1758 5518 sed
1780 5466 1859 5518 vel
1878 5480 2002 5532 pur-

419 5536 626 5605 puram,
643 5523 725 5576 vel
746 5525 1042 5605 coccinum,
1056 5529 1137 5605 vei
1156 5529 1422 5605 prasinum
1434 5533 1547 5605 Lvel
1575 5523 1695 5602 quid
1715 5523 1889 5605 simile
1901 5551 1998 5605 pro

416 5596 660 5671 tincturze
688 5596 892 5648 ratione
917 5610 978 5671 ac
1001 5596 1407 5671 pulchritudine.
1430 5601 1481 5655 Si
1507 5596 1662 5671 igitur
1693 5604 1875 5658 tinctio
1902 5596 1998 5660 na-

413 5670 546 5715 torte
563 5677 753 5715 nomen
776 5663 1254 5723 transformatzcur
1277 5669 1368 5726 Dei
1400 5663 1580 5727 natura
1613 5689 1717 5728 non
1747 5677 2000 5730 transfor-

419 5741 528 5810 met
555 5731 954 5814 hominempita
993 5744 1050 5814 ut
1087 5738 1130 5791 is
1173 5740 1261 5814 qui
1299 5751 1423 5814 ante
1466 5752 1729 5798 terrenam
1782 5747 1999 5814 gerebat

425 5806 728 5871 imaginem,
764 5811 885 5871 post
907 5806 1496 5880 tincturam'imagincm
1522 5824 1670 5884 gerat
1699 5806 1947 5886 fulgidam
1977 5857 1994 5884 ,

1895 370 2168 428 Sl’URlA.

3521 374 3670 432 ωσι

2091 495 2248 554 atque
2269 485 2575 561 caelestem?
2596 482 2878 561 Formatus
2897 495 2984 561 est
3003 484 3163 557 igitur
3183 488 3351 561 Adam
3373 505 3577 561 pauper
3599 489 3671 561 do

2091 566 2229 612 terra
2259 573 2272 608 :
2303 557 2517 625 pulvere
2541 557 2683 610 enim
2709 569 2945 625 accepto,
2969 559 3104 612 licus
3123 574 3245 613 eum
3265 557 3532 616 formavit.
3557 560 3671 615 Sed

2090 628 2310 681 nescivit
2343 627 2508 680 Adam
2537 627 2802 695 quomodo
2847 627 3102 681 formatus
3130 629 3231 693 sit,
3275 640 3330 684 ut
3356 643 3478 684 ante
3513 631 3669 691 dixi;

2090 711 2193 750 non
2232 698 2374 752 enim
2417 697 2696 765 oportebat
2740 713 2858 751 eum
2893 707 3081 751 testem
3115 699 3302 754 adesse
3331 716 3514 754 eorum
3546 716 3673 767 qua:

2089 767 2303 830 fiebant,
2329 775 2384 821 ut
2407 783 2472 822 ne
2490 776 2674 820 contra
2705 767 2871 823 Deum
2891 768 3258 823 extolleretur.
3279 769 3334 825 Si
3355 771 3492 825 enim
3517 780 3673 823 tan'a

2088 837 2444 892 circumdatus
2472 838 2670 891 vilitate
2693 838 2900 906 ignorat
2919 853 3038 892 eum
3065 840 3153 907 qui
3180 854 3238 893 se
3262 842 3461 894 creavit
3489 882 3505 905 ,
3539 842 3669 906 opi-

2089 907 2348 977 fieemque
2373 907 2667 961 contemnit
2700 917 2714 960 :
2744 908 2786 960 si
2815 907 2938 976 quid
2965 923 3124 976 supra
3159 918 3396 963 naturam
3424 910 3673 977 accepis-

2089 987 2190 1041 set,
2221 979 2339 1048 quis
2367 979 2630 1048 ingentem
2647 977 2764 1046 ejns
2789 978 3094 1047 superbiam
3121 978 3358 1033 tulisset?
3378 981 3676 1048 Propterea

2093 1047 2372 1102 Deus'cum
2405 1047 2556 1118 ﬁnxit
2585 1048 2850 1101 hominem
2871 1090 2884 1112 ,
2919 1049 3169 1118 figmento
3192 1065 3405 1118 magnas
3441 1047 3676 1104 virtutes

2091 1127 2146 1171 et
2171 1133 2272 1172 una
2301 1119 2492 1172 multas
2519 1117 2894 1172 humiliationis
2913 1132 3102 1171 causas
3123 1117 3329 1184 indidit,
3357 1131 3413 1174 ut
3441 1135 3536 1187 per
3558 1121 3679 1172 vir-

2094 1197 2256 1242 tutem
2289 1189 2496 1241 insitam
2545 1189 2709 1256 gratia
2752 1188 2957 1255 opificis
3003 1188 3054 1240 in
3095 1188 3441 1244 admiratione
3474 1199 3632 1245 esset
3661 1203 3678 1238 :

2095 1269 2308 1327 propter
2337 1258 2752 1329 ltumiliationem
2787 1269 2963 1312 autem
2994 1258 3254 1313 humanus
3289 1260 3450 1313 fastus
3481 1260 3682 1329 depri-

2094 1337 2344 1382 uteretur.
2392 1329 2544 1381 Dedit
2584 1331 2630 1380 ei
2674 1328 2940 1396 linguam,
2980 1344 3098 1397 qttze
3128 1330 3445 1397 loqueretur,
3495 1328 3676 1384 Deum

2094 1399 2369 1460 laudaret,
2402 1399 2576 1451 divina
2606 1407 2853 1468 caueret,
2883 1398 3320 1468 pulchritudinem
3349 1411 3552 1454 natura:
3587 1401 3676 1452 in-

2094 1479 2491 1538 terpretaretur.
2528 1469 2750 1522 Disserit
2797 1467 2862 1538 de
2889 1467 3045 1521 ’cmlo
3088 1478 3143 1522 et
3185 1469 3253 1524 de
3287 1479 3419 1523 terra
3444 1511 3459 1534 ,
3489 1472 3682 1524 carnis

2097 1537 2350 1606 particula
2375 1538 2570 1608 lingua,
2597 1553 2770 1606 neque
2794 1537 3017 1592 duorum
3048 1538 3327 1608 digitorum
3357 1540 3561 1593 habens
3589 1539 3676 1592 la-

2097 1609 2392 1666 titudinem.
2421 1621 2474 1662 et
2497 1609 2620 1676 quid
2649 1609 2860 1676 inquam
2882 1609 3200 1677 digitorum?
3222 1625 3390 1678 neque
3409 1612 3680 1664 extremi-

2099 1680 2221 1732 tatis
2250 1679 2457 1746 ungttis.
2489 1678 2592 1732 Sed
2626 1678 2752 1731 illud
2777 1677 2847 1732 ita
2879 1693 3117 1748 parvum,
3149 1688 3203 1732 et
3224 1677 3347 1745 vile,
3371 1680 3436 1732 de
3459 1678 3600 1733 caelo
3625 1687 3686 1734 et

2096 1759 2238 1802 terra
2276 1749 2528 1818 loquitur.
2575 1749 2644 1802 Et
2674 1756 2840 1819 utne
2880 1756 3025 1816 putet
3069 1764 3126 1803 se
3155 1764 3394 1819 magnam
3437 1751 3680 1817 aliquam

2094 1835 2208 1874 rem
2239 1833 2390 1884 esse.
2433 1833 2566 1872 neve
2598 1818 2816 1872 extollat
2841 1833 2898 1871 se
2923 1831 3083 1886 super
3107 1818 3343 1873 naturam
3365 1861 3380 1882 ,
3411 1835 3557 1887 saepe
3591 1829 3652 1872 tu

2095 1903 2273 1942 mores
2299 1897 2353 1943 et
2378 1889 2551 1942 ulcera
2593 1889 2646 1941 in
2671 1902 2733 1941 ea
2766 1887 2925 1952 fiunt,
2960 1897 3018 1941 ttt
3045 1888 3215 1942 discat
3250 1890 3390 1958 quod
3428 1890 3682 1943 mortalis

2095 1961 2394 2021 exsistens,
2439 1959 2504 2012 de
2532 1959 2746 2012 aiternis
2790 1970 2840 2010 et
2885 1959 3269 2029 immortalibus
3315 1959 3586 2029 loquatur,
3625 1970 3680 2013 et

2097 2030 2230 2084 sciat
2263 2045 2380 2099 qum
2406 2030 2571 2082 virtus
2596 2029 2744 2096 ejus,
2773 2028 2912 2099 quod
2944 2028 3279 2096 praedicatur,
3311 2039 3364 2083 et
3389 2028 3685 2083 infirmitas

2097 2101 2213 2165 ejus
2249 2098 2338 2166 qui
2369 2099 2640 2166 praedicat.
2677 2098 2827 2151 Dedit
2854 2099 2902 2152 ei
2931 2099 3140 2151 oculum
3167 2115 3392 2167 parvum
3422 2099 3550 2153 illud
3576 2099 3688 2153 nti-

2098 2171 2248 2224 lium.
2274 2170 2403 2223 Nam
2437 2169 2485 2222 id
2513 2168 2653 2237 quod
2684 2169 2826 2222 videt
2857 2170 2907 2221 in
2936 2168 3142 2236 pupillae
3169 2170 3343 2224 medio
3365 2170 3518 2223 situm
3556 2178 3684 2224 est:

2095 2252 2152 2296 et
2203 2250 2378 2294 tamen
2426 2254 2522 2309 per
2570 2254 2786 2307 parvum
2836 2238 2960 2292 illud
3011 2238 3232 2304 utilium,
3258 2240 3401 2294 videt
3442 2254 3670 2295 omnem

2097 2319 2417 2364 creaturam.
2449 2310 2525 2364 Ne
2554 2325 2681 2364 vero
2704 2311 2820 2362 ideo
2841 2309 3143 2372 extollatur,
3175 2311 3315 2378 quod
3348 2311 3520 2363 videat
3554 2326 3684 2363 ont-

2101 2396 2220 2434 nem
2237 2388 2556 2446 creaturam;
2578 2394 2718 2449 Srrpe
2736 2379 3094 2448 l'ppitudines,
3114 2379 3379 2443 humores,
3403 2381 3686 2448 Iacrvm,

2099 2463 2150 2506 et
2178 2451 2370 2504 similia
2399 2452 2570 2504 visum
2599 2451 2913 2510 obscurant,
2942 2459 2998 2502 ut
3019 2449 3090 2503 ab
3111 2449 3408 2504 infirmitate
3434 2452 3681 2517 seipsntn

2101 2531 2380 2591 agnoscat;
2414 2535 2443 2574 a
2475 2520 2788 2574 formatione
2817 2529 2990 2591 autem
3019 2519 3281 2591 opificem.
3322 2521 3473 2575 Dedit
3500 2521 3552 2574 ei
3587 2536 3690 2574 cor

2101 2589 2443 2655 ratiocinans,
2471 2591 2703 2644 radicem
2732 2590 3146 2654 ratiociniorum,
3175 2589 3371 2644 fontem
3393 2592 3686 2659 cogitatio-

2100 2678 2225 2716 num
2255 2677 2270 2716 :
2302 2661 2394 2715 sed
2423 2662 2474 2715 in
2505 2661 2690 2715 iisdem
2719 2660 2852 2715 locis
2882 2661 3003 2714 fecit
3030 2661 3256 2726 viscera,
3277 2675 3394 2730 quae
3419 2662 3684 2716 stercori-

2103 2733 2200 2785 bus
2244 2732 2465 2801 aliisque
2501 2729 2748 2801 sordibus
2790 2731 3091 2799 opplentur,
3138 2745 3232 2799 per
3273 2729 3390 2800 quye
3437 2731 3606 2785 homo
3631 2743 3688 2785 et

2102 2802 2352 2865 comedit,
2383 2800 2440 2854 ut
2464 2801 2508 2854 si
2536 2800 2746 2870 quando
2772 2816 2865 2855 cor
2893 2801 3201 2860 extollatur,
3237 2802 3472 2856 bnmiliet
3498 2801 3684 2868 ipsum

2100 2883 2303 2926 vtnter.
2344 2873 2516 2940 Atque
2544 2875 2614 2924 ita
2644 2880 2828 2925 venter
2856 2881 2909 2925 et
2934 2881 3140 2924 stercus
3167 2880 3360 2925 nostrae
3383 2871 3683 2926 eruditioni

2100 2947 2357 2996 serviunt.
2387 2941 2516 2995 Nam
2550 2941 2709 2994 homo
2735 2950 2938 2995 stercus
2956 2941 3349 3005 circumferens,
3373 2944 3568 2995 audeat
3601 2951 3686 2994 te-

2101 3013 2395 3065 meritatem
2427 3020 2715 3074 ostentare,
2743 3020 2797 3064 et
2826 3027 2929 3064 non
2955 3012 3128 3065 solum
3158 3020 3425 3066 ostentare
3456 3014 3686 3066 temeri-

2102 3092 2285 3143 tatem,
2333 3081 2424 3134 sed
2473 3089 2528 3135 et
2555 3091 2738 3135 contra
2769 3082 2952 3146 Deum,
2982 3081 3118 3135 sicut
3166 3081 3414 3135 barbarus
3461 3082 3686 3150 quidni

2102 3167 2194 3207 rex
2223 3167 2384 3206 ausus
2411 3151 2502 3222 fuit
2533 3152 2767 3222 dicere;
2807 3151 2996 3222 Supra
3019 3150 3189 3205 stellas
3218 3167 3399 3222 ponant
3438 3153 3690 3204 thronum

2103 3239 2284 3282 meum,
2309 3230 2354 3274 et
2375 3221 2552 3274 similis
2569 3237 2654 3274 ero
2668 3219 2922 3274 Altissimo
2948 3219 3102 3290 (Isai.
3123 3219 3343 3343 H.142.
3367 3221 3419 3276 Si
3448 3231 3684 3283 tantum,

2103 3293 2339 3343 inouam.
2373 3293 2621 3343 stercoris
2649 3301 2703 3343 et
2731 3291 3061 3343 insuavitatis
3087 3292 3287 3343 circum
3309 3307 3467 3343 erens
3489 3293 3571 3343 sic
3605 3294 3684 3343 lo-

2103 3293 2339 3362 inquam,
2373 3293 2621 3362 stercoris
2649 3301 2703 3362 et
2731 3291 3061 3346 insuavitatis
3087 3291 3467 3346 circumferens
3489 3293 3571 3347 sic
3605 3294 3688 3346 lo-

2102 3361 2315 3431 quatur,
2341 3363 2383 3414 si
2417 3361 2571 3431 bujus
2594 3361 2968 3416 imbecillitatis
2997 3377 3188 3431 expers
3211 3372 3369 3426 esset,
3400 3364 3522 3430 quis
3547 3379 3684 3416 eum

2104 3432 2267 3486 ferret
2293 3432 2620 3487 exaltatum?
2649 3431 2755 3485 Hac
2805 3432 2871 3484 de
2917 3447 3075 3486 causa
3121 3447 3342 3501 magnus
3385 3431 3548 3501 Isaias
3595 3449 3688 3485 stt-

2103 3504 2284 3572 perbis
2307 3502 2436 3556 dicit
2466 3519 2481 3555 :
2516 3501 2649 3566 Quid
2689 3502 2908 3572 superbit
2955 3512 3085 3554 terra
3125 3512 3170 3556 et
3213 3500 3336 3572 cinis
3367 3500 3556 3572 (Eccli.
3593 3503 3682 3558 l0.

2104 3571 2205 3641 9)?
2255 3573 2452 3626 Verum
2504 3572 2696 3641 iterum
2744 3571 2808 3624 ad
2861 3573 3152 3626 institutum
3206 3571 3506 3626 redeamus.
3542 3574 3686 3629 Delta

2103 3644 2304 3697 creavit
2330 3641 2599 3696 hominem
2626 3640 2693 3696 de
2710 3642 2941 3710 pulvere,
2960 3643 3054 3696 sed
3082 3657 3186 3696 non
3213 3643 3340 3694 vidit
3364 3643 3523 3694 homo
3541 3659 3684 3711 quo-

2107 3713 2266 3767 modo
2293 3713 2464 3776 fieret,
2503 3720 2560 3766 et
2598 3711 2719 3765 ideo
2751 3713 3012 3779 ignoravit
3049 3727 3198 3765 suam
3224 3712 3499 3766 vilitatem.
3534 3712 3686 3766 Dens

2104 3784 2272 3844 enim,
2307 3791 2364 3835 ttt
2391 3781 2628 3835 dicebam
2654 3822 2668 3843 ,
2695 3783 2924 3834 animam
2959 3782 3128 3836 noluit
3151 3796 3268 3836 esse
3294 3783 3524 3850 priorem
3551 3797 3677 3836 ear-

2106 3868 2254 3920 pore,
2279 3861 2336 3906 ut
2363 3867 2430 3906 ne
2460 3852 2662 3906 videret
2689 3853 3090 3917 formationem;
3123 3861 3516 3914 verumtamen,
3544 3869 3684 3921 quo-

2107 3923 2248 3975 niam
2288 3922 2506 3976 ontnino
2532 3923 2751 3975 nescivit
2771 3963 2784 3982 .
2813 3937 2876 3975 ex
2905 3937 3002 3990 qua
3036 3922 3324 3975 humilitate
3352 3924 3643 3975 surrexerit
3663 3964 3680 3982 .

2104 4001 2160 4048 et
2195 3993 2333 4062 quod
2361 4007 2482 4046 eum
2509 3991 2684 4060 opifex
2716 3992 2783 4046 de
2819 4000 2958 4045 terra
2991 3993 3218 4053 tinxerit,
3250 3992 3452 4045 reducit
3474 4008 3602 4047 eu
3629 3994 3681 4045 in

2107 4073 2326 4126 terram,
2358 4077 2387 4113 a
2419 4077 2519 4131 qua
2549 4071 2789 4129 sumptus
2817 4072 2917 4121 est.
2949 4073 3006 4115 ut
3034 4065 3222 4116 iterum
3251 4077 3398 4115 suam
3425 4072 3682 4130 expertus

2108 4133 2490 4194 infirmitatem,
2513 4141 2764 4200 agnoscat
2789 4142 2838 4184 ct
2858 4132 3167 4201 primmvam
3194 4132 3596 4186 beneficentiam
3623 4144 3678 4185 et

2106 4202 2334 4258 futuram
2378 4203 2791 4256 misericordiam
2817 4218 2830 4262 ;
2861 4202 3070 4269 quando
3097 4203 3235 4256 enim
3266 4201 3520 4255 formatus
3558 4212 3677 4267 est,

2106 4275 2329 4328 nescivit
2366 4273 2504 4341 quod
2531 4272 2598 4325 de
2637 4281 2774 4325 terra
2806 4273 2971 4325 factus
2998 4280 3159 4327 esset.
3201 4273 3428 4325 Attende
3453 4274 3681 4340 diligen-

2108 4354 2206 4407 ter,
2241 4359 2308 4397 ne
2328 4352 2379 4396 te
2405 4344 2565 4412 fugiat
2591 4343 2759 4396 latens
2775 4356 2981 4396 sensus.
3005 4343 3170 4396 Adam
3191 4342 3313 4395 dttm
3337 4341 3675 4412 ftirntaretur,

2107 4415 2382 4483 ignorabat
2407 4411 2546 4483 quod
2588 4412 2655 4467 de
2679 4413 2896 4482 pulvere
2933 4422 3207 4482 surgeret:
3239 4411 3449 4482 quando
3493 4413 3543 4466 in
3591 4429 3680 4465 rr-

2106 4485 2439 4538 surrectione
2458 4492 2654 4552 surget,
2687 4483 2818 4536 sciet
2850 4483 2989 4550 quod
3019 4483 3344 4552 resurgendo
3368 4491 3528 4536 exuat
3559 4484 3678 4550 pul-

2106 4570 2304 4609 verem.
2328 4553 2459 4607 Nam
2481 4554 2580 4607 etsi
2607 4563 2844 4605 mortuus
2873 4555 3223 4622 semetipsum
3251 4568 3354 4607 non
3379 4552 3580 4616 videat,
3606 4553 3681 4606 vi-

2104 4625 2195 4678 det
2214 4636 2389 4677 tamen
2414 4625 2642 4691 eumqui
2669 4631 2793 4676 ante
2819 4637 2875 4676 se
2899 4632 2998 4676 est.
3027 4623 3274 4677 Videmus
3294 4637 3393 4676 nos
3411 4632 3674 4685 mortuos,

2104 4698 2234 4749 etin
2267 4695 2540 4762 pulverem
2579 4693 2877 4749 resolutos:
2909 4703 2961 4745 et
2990 4708 3082 4761 per
3105 4708 3222 4762 qua:
3262 4693 3524 4756 videmus,
3554 4707 3678 4746 eru-

2103 4765 2298 4819 dimur.
2328 4763 2442 4817 Non
2478 4762 2654 4816 vidisti
2691 4778 2832 4830 saepe
2858 4763 3084 4817 audaces
3123 4763 3268 4817 viros
3307 4775 3361 4817 et
3385 4763 3678 4827 superbos,

2105 4833 2371 4901 quomodo
2414 4832 2736 4888 consternati
2776 4841 2830 4886 et
2859 4832 3115 4887 hnmiliati
3147 4843 3271 4886 sunt
3296 4834 3346 4886 in
3379 4832 3678 4885 mortibus?

2105 4904 2385 4959 Nuntiatur
2411 4919 2554 4957 mors
2573 4945 2588 4968 ,
2616 4912 2670 4956 et
2693 4903 2854 4956 corde
2896 4914 3127 4956 tremunt
3150 4917 3338 4957 omnes
3370 4903 3679 4968 animosque

2104 4975 2376 5044 dejiciunt.
2411 4975 2484 5029 Ita
2515 4982 2568 5027 et
2590 4973 2728 5044 circa
2752 4974 2989 5041 sepulcra
3015 4973 3469 5042 philosophantur,
3494 4972 3678 5024 viden-

2106 5042 2184 5099 tes
2214 5060 2334 5098 ossa
2375 5044 2512 5098 nuda
2538 5083 2553 5105 ,
2595 5053 2648 5096 et
2694 5042 2976 5096 humanam
3009 5053 3247 5098 naturam
3290 5056 3583 5098 corrosam.
3626 5051 3681 5094 et

2104 5115 2436 5178 dissolutam,
2458 5114 2636 5168 statim
2663 5113 2799 5166 inter
2821 5129 2918 5166 nos
2937 5113 3392 5182 pbilosopbamur,
3411 5112 3676 5182 dicentes:

2103 5186 2262 5248 Ecce,
2285 5185 2408 5254 quid
2439 5183 2647 5254 tandem
2673 5199 2740 5238 ex
2767 5183 2919 5254 nobis
2948 5185 3038 5236 tit?
3066 5193 3120 5237 et
3137 5181 3241 5252 Quo
3265 5181 3675 5254 διιίᾳιιιεῖμθη-

2107 5251 2423 5312 fabulamur.
2468 5253 2769 5324 egredimur
2817 5252 2894 5324 de
2927 5255 3185 5322 sepulcris
3219 5265 3234 5306 :
3273 5262 3326 5306 et
3369 5251 3679 5324 humilitatis

2105 5335 2300 5381 nostrae
2340 5321 2718 5378 obliviscimur.
2748 5323 2898 5392 Apud
2929 5321 3170 5392 sepulcra
3208 5324 3277 5376 ita
3318 5321 3678 5390 unusquisque

2105 5398 2352 5466 proximo
2392 5396 2624 5466 loquitur
2654 5411 2666 5444 :
2700 5410 2732 5442 o
2757 5396 3064 5466 iniseriam,
3089 5409 3122 5445 o
3166 5395 3411 5466 miseram
3441 5401 3676 5466 nostram

2104 5464 2265 5520 vitam
2291 5467 2305 5519 l
2340 5466 2466 5520 vide
2494 5464 2616 5534 quid
2649 5464 2856 5517 tandem
2888 5480 2949 5516 ex
2985 5465 3134 5517 nobis
3165 5464 3274 5517 fiat.
3303 5464 3556 5529 Quamvis
3585 5477 3679 5514 au—

2105 5547 2209 5592 tem
2239 5538 2314 5590 sic
2352 5533 2650 5604 loquantur,
2689 5535 2920 5601 rapimus
2949 5543 3120 5586 tamen
3153 5533 3248 5601 ipsi
3276 5545 3326 5584 et
3356 5535 3676 5593 clamamus,

2103 5619 2158 5662 et
2180 5603 2487 5675 injuriarttm
2509 5604 2870 5659 recordamur.
2898 5604 3132 5672 Quisque
3154 5609 3220 5656 ita
3248 5603 3676 5675 philoSOpbatur,

2103 5671 2252 5748 quasi
2289 5678 2502 5730 malitiae
2531 5676 2928 5728 renuntiaturus
2961 5692 2972 5726 :
3005 5671 3057 5728 et
3080 5676 3224 5748 intus
3256 5671 3464 5748 quidem
3507 5671 3680 5748 philo-

2105 5742 2377 5818 sophatur,
2400 5748 2731 5818 extrinsecus
2748 5757 2920 5818 autem
2945 5746 3194 5818 operibus
3216 5742 3341 5818 ipsis
3369 5742 3680 5818 Deo_at_lver-

2108 5813 2270 5873 satur.
2300 5817 2593 5886 Ettpl'oplel'
2621 5815 2761 5872 Deus
2784 5813 3244 5886 ubiqttc’sepulcra
3272 5813 3384 5870 fieri
3406 5813 3592 5879 voluit,
3624 5821 3680 5867 ut
