3784 6246
77 392 240 450 1085
1240 385 1327 440 DE
1355 383 1512 440 FIDE
1553 383 1641 437 ET
1679 380 1862 439 LEGE
1899 383 2224 441 NATURIE.

76 504 200 562 illis
238 513 443 561 nostra:
481 503 716 573 ipsorum
750 498 1687 573 inflrmitatlsmemores_fieremus.

79 577 223 631 (deo
266 577 447 629 omnis
487 570 705 639 civitas,
742 588 899 626 omne
924 570 1201 626 castellum
1228 579 1351 633 ante
1395 570 1691 639 ingressum

74 648 345 715 sepulcra
377 646 569 709 habet,
602 638 805 715 utquis
833 641 1163 715 contendens
1194 640 1392 715 intrare
1419 640 1476 715 it_t_
1501 638 1689 715 civita-

76 708 205 771 tein
236 708 615 782 imperantem,
640 708 859 776 divitiis,
888 711 1143 781 potentia,
1176 710 1400 778 aliisque
1426 708 1696 782 dignitati-

74 786 195 841 bus
226 779 534 846 florentem.
560 786 867 854 priusquam
893 779 967 854 id,
998 782 1138 851 quod
1162 782 1213 854 in
1237 788 1412 854 mente
1438 779 1691 854 concipit,

78 867 292 914 cernat
313 898 324 915 .
355 855 535 909 videat
561 850 695 923 iqnis
727 850 852 923 ipse
883 853 1089 907 futurus
1135 853 1220 904 sit.
1252 851 1389 923 Ante
1417 850 1690 914 civitates,

75 936 222 981 ante
253 941 414 995 agros
437 935 559 978 sunt
586 921 826 993 sepulcra
853 941 866 985 ;
900 924 1093 995 ubique
1119 931 1239 995 ante
1263 921 1447 995 oculos
1474 931 1557 995 est
1581 935 1687 995 _no-

80 1006 231 1051 atra:
262 989 574 1050 humilitatis
604 989 786 1047 schola
819 1012 830 1044 :
862 1004 915 1047 et
940 989 1195 1047 docemur
1223 991 1273 1044 in
1317 989 1441 1058 quid
1481 990 1693 1043 desina-

78 1082 218 1121 mus
252 1067 494 1128 tandem,
529 1074 583 1119 et
612 1074 735 1118 tunc
761 1064 1005 1117 videmnus
1030 1079 1147 1131 quae
1173 1064 1313 1114 intus
1338 1069 1461 1113 sunt
1488 1071 1695 1125 specta-

77 1140 217 1191 Cttla
251 1156 267 1193 :
302 1152 473 1205 neque
502 1136 585 1188 hic
612 1135 808 1201 solum,
840 1134 930 1186 sed
970 1141 1025 1185 et
1052 1134 1336 1201 ingressuri
1362 1130 1427 1183 ad
1456 1145 1694 1184 conmitt-

82 1210 325 1262 nionem
376 1208 519 1271 vitae,
551 1206 806 1259 docentur
849 1205 1108 1257 vilitatem
1157 1216 1420 1255 summam
1469 1211 1691 1271 naturae.

78 1278 259 1347 Saepe
288 1278 370 1330 vir
393 1270 847 1347 quandouxorem
871 1274 1067 1347 ducere
1093 1273 1224 1332 vult,
1249 1271 1437 1325 scriba:
1459 1270 1695 1347 suggerit

77 1341 304 1401 dotalia
332 1341 572 1400 munera.
604 1344 849 1399 Nondum
878 1345 1065 1411 copula
1084 1382 1102 1410 ,
1129 1350 1184 1397 et
1212 1355 1359 1395 mors
1387 1342 1565 1396 statim
1596 1341 1692 1393 de-

79 1420 359 1472 scribitur
398 1434 411 1469 :
458 1416 692 1470 nondum
723 1416 999 1469 consortio
1023 1424 1076 1467 et
1119 1413 1319 1481 nuptiis
1348 1425 1474 1465 usus
1500 1420 1576 1465 est
1597 1451 1612 1475 ,
1641 1418 1696 1465 et

81 1497 334 1542 mortem
357 1487 533 1541 statim
554 1486 757 1541 definit.
782 1484 1024 1539 Nondum
1049 1494 1264 1551 nuptam
1290 1482 1440 1546 vidit,
1466 1491 1520 1535 et
1550 1496 1694 1533 mor-

82 1563 166 1613 tis
189 1560 452 1637 adversus
478 1559 734 1637 seipstnn,
760 1566 814 1610 et
843 1556 1099 1637 adversus
1127 1554 1269 1634 illam
1299 1552 1690 1637 calculos’pro:

87 1630 257 1696 ponit
278 1671 295 1695 ,
327 1643 390 1682 ac
416 1620 601 1682 scribit
629 1628 679 1679 itt
711 1627 849 1678 hunc
895 1625 1106 1678 modum
1142 1641 1155 1677 :
1184 1624 1229 1696 _si
1271 1632 1512 1696 mortuus
1540 1620 1698 1696 fuerit

81 1692 183 1753 vir
209 1692 337 1753 ante
362 1700 663 1760 mulierem;
693 1696 736 1749 si
781 1696 970 1750 mulier
994 1704 1118 1749 ante
1150 1694 1344 1757 virum,
1379 1693 1483 1747 hoc
1511 1700 1565 1746 et
1594 1692 1696 1745 hoc

85 1771 445 1838 diSponatur.
491 1769 579 1823 Sic
607 1767 844 1821 formatae
882 1777 1005 1819 sunt
1036 1765 1221 1833 patriae
1264 1763 1409 1833 leges
1446 1779 1472 1838 :_
1504 1763 1697 1831 ubique

82 1833 355 1895 omnibus
392 1848 592 1891 natura:
628 1845 749 1890 sunt
773 1844 1113 1890 monumenta
1146 1851 1158 1886 :
1194 1845 1249 1888 ct
1271 1848 1374 1886 non
1397 1833 1569 1887 Solum
1600 1849 1694 1887 eo-

86 1926 223 1964 rum
257 1911 348 1978 qui
376 1918 500 1962 sunt
526 1917 579 1961 et
616 1906 831 1978 vivunt,
871 1907 1059 1978 mortis
1099 1905 1339 1978 feruntur
1362 1903 1646 1978 sententia;
1678 1919 1691 1978 ς

86 1981 199 2035 sed
223 1973 490 2034 eteorum
519 1979 607 2046 qui
629 1977 862 2029 nondum
892 1977 1023 2030 nati.
1052 1974 1188 2041 Quid
1215 1975 1355 2046 enim
1386 1974 1521 2046 ultra
1546 1973 1696 2028 dicit?

87 2052 260 2116 Quod
293 2051 336 2103 si
367 2060 521 2101 natus
538 2042 709 2100 _t'nerit
740 2048 877 2099 filius
898 2087 911 2110 ,
939 2058 994 2100 et
1038 2056 1289 2116 mortuus
1306 2042 1465 2116 fuerit
1500 2060 1516 2116 _:
1562 2060 1695 2095 non-

86 2113 233 2174 ilum
284 2120 521 2182 fruetus,
563 2126 617 2171 et
643 2117 905 2171 sententia
941 2117 1042 2169 lata
1080 2124 1181 2170 est.
1221 2114 1384 2183 Igitur
1414 2114 1465 2167 in
1498 2113 1687 2183 instrue

89 2191 307 2244 mentis
333 2189 547 2258 quidem
576 2188 814 2256 agnoscit
840 2186 1216 2258 naturam,_sic
1241 2182 1437 2258 cavens
1466 2200 1477 2235 :
1510 2182 1565 2258 Si
1595 2199 1686 2237 aus

3246 388 3386 445 1086

1807 499 1892 554 nis
1912 498 2185 623 Scriptura
2219 499 2525 570 pignoribus
2549 499 2745 556 divinat
2765 499 3143 556 misericordia:
3174 519 3187 556 :
3218 503 3387 572 inquit

1807 570 1945 623 enim
1975 585 1990 621 :
2074 571 2154 623 ivo
2173 586 2287 623 eoo.
2315 573 2436 623 dicit
2465 570 2715 623 Dominus
2739 587 2758 623 :
2777 574 2893 623 nolo
2922 582 3129 623 mortem
3158 586 3358 623 peccato

1802 570 1945 641 enim
1975 585 2003 641 :7
2035 570 2154 623 Vivo
2173 586 2287 639 ego,
2315 573 2436 624 dicit
2465 570 2715 626 Dominus
2739 587 2758 625 :
2777 574 2893 625 nolo
2922 582 3129 624 mortem
3156 570 3358 641 peccata

1801 640 1893 712 ris,
1916 640 2010 712 sed,
2025 649 2078 692 ut
2096 642 2256 710 nwgis
2276 652 2593 695 convertatur
2616 652 2662 695 et
2683 644 2810 696 vivat
2832 640 3041 712 (Ezccli.
3074 642 3157 697 l8.
3186 644 3239 696 3.
3267 646 3388 705 ‘23).

1802 708 1958 763 Jurat
1986 710 2146 781 Deus,
2173 708 2277 763 non
2303 713 2451 781 quasi
2477 711 2575 765 sibi
2614 713 2709 780 ipsi
2742 708 2849 766 non
2873 712 3098 767 credens
3121 754 3135 778 ,
3166 713 3258 767 sed
3290 729 3362 767 no

1802 788 1967 854 stram
1987 780 2362 854 infidelitatem
2384 781 2450 836 ad
2474 782 2627 854 fidem
2658 796 2868 854 urgens.
2897 784 3045 836 Dicat
3064 784 3221 852 igitur
3244 786 3390 854 quisa

1802 850 1920 918 quis
1947 849 2323 905 afflictionibus
2366 849 2925 915 examinatum—Justus
2952 869 3022 915 es,
3066 849 3298 919 Domine,
3342 864 3390 909 et

1800 921 2167 1006 recta-judicia
2210 932 2297 975 tua
2328 939 2348 976 :
2377 930 2431 1006 e_t
2455 922 2612 1006 simpl
2659 921 2848 1006 fortem
2869 923 3085 1006 exhibet
3112 928 3388 1006 aninmm2

1802 990 2161 1065 pietatemque
2200 1007 2307 1046 non
2338 992 2513 1065 solvit.
2551 991 2742 1065 Qualis
2771 1002 2885 1065 erat
2911 994 3094 1048 beatus
3119 994 3221 1049 Job
3241 1036 3254 1057 .
3294 990 3386 1065 qui

1802 1060 2059 1134 adversus
2080 1060 2279 1134 omnes
2317 1064 2634 1116 afllictiones
2668 1063 2832 1116 aciem
2862 1064 3127 1128 instruxit,
3158 1068 3244 1134 qui
3268 1060 3387 1119 dia-

1801 1129 1907 1183 boli
1939 1131 2362 1187 terriculamenta
2392 1134 2539 1198 vicit,
2566 1134 2653 1201 qui
2688 1142 2848 1185 totam
2875 1136 2990 1201 ejus
3028 1129 3226 1189 rabiem
3254 1137 3381 1190 irri-

1808 1210 1914 1253 tam
1943 1201 2088 1265 fecit,
2117 1203 2207 1271 qui
2232 1205 2525 1257 constantia
2564 1204 2756 1257 mentis
2783 1202 2971 1257 fluctus
3001 1204 3193 1259 diaboli
3223 1206 3385 1260 dissi-

1804 1271 1966 1338 pavit,
1994 1273 2083 1340 qui
2116 1275 2362 1328 omnibus
2400 1274 2557 1327 simul
2596 1275 2847 1340 privatus,
2880 1285 3111 1327 attamen
3151 1277 3386 1331 omnium

1802 1340 2076 1414 dominum
2107 1359 2211 1396 non
2238 1344 2472 1414 negavit.
2494 1344 2686 1397 Verum
2720 1344 2856 1397 illius
2881 1355 3253 1413 stratagemata
3292 1363 3387 1414 pe-

1800 1411 1989 1483 culiari
2017 1428 2265 1467 sermoue
2287 1413 2654 1468 dcscribentur
2678 1429 2693 1467 :
2726 1429 2846 1467 nam
2870 1430 2992 1468 vere
3025 1411 3156 1483 opus
3187 1411 3382 1471 habent

1802 1482 2065 1553 destinato
2100 1494 2337 1551 tempore
2373 1494 2429 1537 ut
2462 1485 2810 1553 exquiruntur
2857 1500 2873 1537 :
2922 1501 2989 1537 ne
3030 1482 3385 1552 perfunctorie

1804 1552 2068 1621 loquendo
2097 1554 2211 1622 ejus
2247 1552 2889 1609 certaminacontumelia
2928 1555 3240 1608 aﬂiciamus.
3271 1556 3388 1611 Prae

1802 1624 1971 1677 oculis
2000 1634 2174 1678 tamen
2206 1625 2492 1679 habeamus
2531 1641 2648 1694 qua:
2684 1625 2815 1677 dixit
2856 1623 3008 1677 fortis
3055 1626 3141 1678 ille
3183 1634 3238 1679 et
3277 1642 3388 1680 nta-

1802 1708 1936 1761 gnus
1961 1697 2117 1763 pugil.
2148 1697 2407 1759 Quoniam
2448 1696 2591 1749 enint
2623 1695 2851 1764 sigillum
2888 1695 3043 1749 dictis
3071 1696 3251 1759 infert,
3284 1713 3387 1750 nu-

1803 1766 1955 1817 datus
1998 1766 2270 1829 omnibus,
2320 1767 2554 1833 scipsum
2610 1766 2801 1833 pietate
2850 1782 2952 1818 non
3004 1767 3240 1829 nudavit,
3292 1768 3387 1820 sed

1802 1834 1935 1886 dixit
1967 1852 1978 1887 :
2012 1834 2265 1888 Dominus
2292 1836 2459 1899 dedit,
2492 1836 2737 1888 Dominus
2764 1835 2990 1898 abstulit;
3015 1842 3139 1888 sicut
3170 1835 3387 1890 Domino

1801 1906 1959 1956 visum
1987 1915 2091 1970 est,
2135 1908 2206 1958 ita
2241 1915 2287 1958 et
2323 1910 2513 1972 factum
2542 1914 2613 1959 est
2649 1905 2769 1972 (Job
2818 1907 2868 1959 1.
2899 1905 3014 1971 21).
3047 1907 3188 1960 Bene
3233 1908 3385 1970 dicit,

1802 1976 1961 2027 visum
1984 1985 2055 2028 est
2082 1993 2100 2029 :
2130 1976 2717 2041 conceditauctoritati,
2750 1991 2853 2029 non
2875 1978 3084 2029 curiose
3108 1977 3390 2045 dispensa-

1803 2045 1998 2098 tionem
2020 2046 2267 2113 explorat
2298 2062 2440 2099 :non
2470 2046 2603 2099 dixit
2627 2045 2763 2099 sicut
2788 2060 2883 2099 nos
2917 2063 2929 2099 :
2959 2046 3135 2111 Quare
3160 2047 3387 2115 juvenes

1738 2140 1758 2191 χ
1803 2116 2135 2191 moriuntur,
2161 2126 2216 2191 _et
2251 2131 2407 2169 senes
2439 2116 2687 2169 manent?
2715 2116 2896 2183 Qualis
2922 2126 3005 2191 est
3034 2117 3130 2170 ista
3162 2119 3381 2191 dispen-

1802 2185 1978 2238 satio?
2019 2185 2292 2240 Desiderat
2341 2202 2503 2240 senex
2552 2195 2815 2251 mortem,
2866 2187 3071 2240 solutus
3116 2185 3387 2254 carnibus,

93 2272 217 2315 tem
258 2254 384 2329 quid
437 2254 724 2312 humanum
758 2258 1005 2329 patiatur,
1054 2256 1135 2311 vel
1182 2256 1374 2329 mulier
1419 2254 1695 2329 moriatur,

90 2325 440 2386 obliviscitur
468 2343 653 2384 eorum
683 2325 802 2398 quae
832 2328 1142 2398 scripsitLet
1170 2326 1389 2380 alterius
1426 2325 1697 2398 tragmdiae

94 2402 276 2455 verba
324 2402 555 2463 profert,
600 2408 655 2451 et
701 2395 817 2452 haec
844 2395 1012 2451 dicit:
1042 2397 1194 2451 Mene
1249 2395 1532 2463 oportebat
1584 2395 1699 2448 haec

97 2472 259 2544 pati?
292 2465 439 2544 Hunc
466 2478 673 2544 tantum
701 2470 846 2544 potui
878 2483 1096 2544 sperare
1123 2466 1388 2544 dolorem,
1420 2472 1477 2518 ut
1502 2465 1691 2533 conju-

97 2536 201 2614 ista
251 2540 529 2614 privarer?
575 2539 714 2605 Quid
763 2537 952 2607 igitur?
980 2536 1321 2614 Oblivisceris
1362 2550 1547 2589 eorum
1578 2552 1698 2614 qua:

96 2607 407 2682 scripsisti?
451 2622 505 2663 et
543 2625 663 2664 cum
695 2620 850 2682 extra
884 2610 1153 2682 negotium
1184 2621 1337 2669 cras,
1372 2607 1698 2682 agnoscebas

103 2675 323 2738 natura:
364 2681 601 2735 limites:
644 2679 858 2749 quando
898 2675 1075 2733 autem
1118 2678 1169 2749 i_n
1202 2692 1398 2749 casum
1427 2675 1695 2749 incidisti,

105 2753 453 2807 nblivisecris
484 2746 925 2819 legum'natnrze?
956 2749 1081 2803 H330
1110 2747 1359 2819 dicuntur
1380 2746 1439 2819 in
1469 2747 1698 2819 castiga-

103 2827 315 2878 tionem
340 2816 598 2887 omnium,
626 2829 684 2873 ut
705 2835 892 2875 omnes
916 2820 1115 2885 omnia,
1146 2833 1265 2887 qua:
1293 2817 1391 2871 sibi
1419 2816 1694 2881 eveniunt,

104 2894 325 2948 fortiter
350 2894 539 2956 ferant,
570 2902 623 2945 et
651 2907 717 2945 ne
749 2892 864 2955 «tuis
888 2890 1147 2944 damnosa
1175 2896 1322 2957 putet
1354 2887 1447 2941 Dei
1473 2887 1692 2955 judicia.

108 2966 280 3019 Extra
308 2976 573 3017 :erumnas
598 2976 665 3014 ne
690 2960 1115 3030 philosopheris;
1147 2958 1241 3013 sed
1269 2973 1389 3011 cum
1421 2958 1525 3011 illa:
1553 2958 1703 3011 inva-

107 3038 273 3102 tlunt,
300 3033 785 3102 magnanimitatem
825 3032 1067 3086 ostende.
1101 3030 1323 3098 Quando
1359 3042 1702 3102 tumres,_re-

107 3097 345 3159 eoi-dare
373 3097 679 3167 verborum,
707 3102 900 3170 quibus
940 3097 1191 3155 mlestum
1228 3097 1552 3170 consolaris.
1576 3098 1706 3164 Qui-

110 3179 220 3229 |)US
240 3184 417 3227 autem
448 3167 787 3228 sermonibus
814 3172 1012 3225 utimur
1039 3171 1176 3239 apud
1203 3169 1481 3239 lugentes?
1508 3167 1696 3221 Nonne

110 3248 189 3299 ita
222 3244 360 3313 apud
386 3258 481 3298 eos
512 3243 989 3313 philosophamur?
1019 3242 1273 3295 Humana:
1298 3246 1424 3293 sunt
1450 3239 1531 3293 ha:
1557 3239 1701 3313 cala-

110 3310 333 3368 mitates
365 3332 378 3368 :
409 3310 523 3367 non‘
557 3311 664 3367 fers
698 3314 843 3366 solus
872 3312 1007 3366 hanc
1036 3325 1330 3365 mrumnam
1362 3330 1374 3360 ;
1408 3324 1513 3362 non
1557 3310 1703 3362 solus
1754 3310 1760 3317 ’

108 3386 305 3440 mortis
332 3385 438 3437 vim
466 3384 758 3438 sustinuisti
791 3401 802 3435 :
833 3393 886 3438 et
926 3396 1078 3451 reges
1103 3381 1295 3435 similia
1328 3379 1504 3434 ferunt
1608 3378 1704 3431 da-

113 3470 309 3511 mnum
338 3455 439 3509 hoc
462 3467 605 3523 szepe
625 3464 678 3508 et
709 3454 974 3523 principes
993 3449 1295 3523 patiuntur,
1318 3460 1476 3519 atque
1499 3449 1586 3501 alii
1612 3464 1704 3515 po-

110 3535 297 3581 tentes
322 3542 335 3578 :
364 3522 594 3594 agnoseo
617 3533 757 3577 tuam
783 3522 947 3592 ipsius
974 3534 1216 3576 naturam
1243 3539 1254 3574 :
1285 3522 1446 3575 homo
1474 3534 1552 3585 es,
1584 3533 1705 3574 cum

112 3595 368 3651 omnibus
392 3609 703 3665 communes
734 3596 874 3665 leges
907 3594 1090 3647 habes.

193 3668 247 3722 5.
278 3665 403 3719 llazc
431 3674 482 3719 et
522 3665 602 3719 his
644 3659 809 3733 plura'
832 3665 1099 3734 loqueris,
1130 3676 1251 3717 cum
1275 3660 1455 3734 alium
1494 3659 1705 3713 solaris.

114 3737 259 3793 Num
286 3737 508 3790 aliorum
537 3735 849 3804 magniﬁcus
873 3733 931 3788 es
957 3734 1165 3799 doctor,
1196 3733 1285 3785 tibi
1314 3742 1490 3804 autem
1535 3745 1709 3804 neque

118 3808 287 3862 tniser
314 3822 372 3860 es
406 3801 736 3873 discipulus?
763 3805 964 3873 Magna:
994 3814 1047 3857 et
1071 3803 1564 3873 generoszeanimre
1593 3801 1707 3873 fue-

122 3880 218 3943 rit,
250 3878 301 3930 in
327 3870 713 3931 calamitatibus
740 3870 1111 3944 pltiloSOphum
1132 3888 1309 3942 agere.
1336 3871 1392 3944 Si
1422 3871 1589 3939 possit
1615 3870 1711 3944 ali-

116 3941 245 4017 quis
274 3948 324 4000 in
346 3946 534 4017 quavis
561 3941 863 4017 calamitate
881 3985 896 4011 ,
926 3941 1011 3997 vel
1039 3941 1373 4017 tristitiavel
1400 3951 1596 4017 damno
1619 3941 1704 4017 di-

121 4011 254 4072 cere
283 4034 295 4069 :
325 4016 357 4069 J
366 4011 507 4069 ustus
531 4015 854 4079 es,Domine,
900 4024 944 4067 et
989 4024 1124 4068 recta
1158 4013 1358 4082 judicia
1399 4021 1486 4064 tua
1508 4026 1527 4064 :
1552 4013 1597 4065 is
1620 4011 1714 4063 da-

123 4102 309 4142 mnum
363 4089 466 4141 fert
514 4096 572 4138 ut
627 4085 827 4150 homo,
877 4094 1162 4138 coronatur
1191 4093 1366 4136 autem
1420 4082 1496 4135 uti
1546 4082 1711 4135 Deum

123 4171 333 4211 amans.
366 4156 481 4210 Vita
501 4195 516 4220 ,
549 4154 741 4209 fratres
765 4197 779 4219 ,
809 4156 971 4207 multa
999 4152 1306 4207 difficultate
1335 4151 1486 4221 plena
1528 4161 1629 4216 est,
1660 4161 1715 4205 et

123 4228 586 4298 opertaruman
613 4225 819 4298 justum
861 4235 914 4279 ct
953 4224 1226 4298 injustum,
1259 4223 1485 4298 e_t__pit_tm
1516 4231 1569 4298 et
1610 4223 1711 4274 im-

130 4292 274 4368 pium
305 4296 489 4368 affligi.
521 4292 634 4350 Sed
658 4310 846 4365 magna
885 4304 967 4368 est
992 4292 1237 4368 varietas.
1267 4292 1422 4368 Aliud
1451 4295 1593 4368 enim
1634 4298 1718 4345 est

127 4362 325 4437 'eorripi
366 4362 441 4421 ut'
460 4362 810 4421 domesticum
843 4384 856 4419 :
884 4365 1026 4418 aliud
1057 4362 1321 4437 flagellari
1355 4372 1412 4417 ut
1449 4362 1711 4437 alienum.

141 4432 457 4493 Verberetur
502 4437 670 4501 filius,
722 4437 1030 4489 verberatur
1072 4432 1389 4489 et'famulus
1431 4450 1443 4485 :
1485 4433 1579 4487 sed
1633 4432 1719 4486 hic

131 4508 345 4579 quidem
368 4518 426 4562 ut
450 4521 636 4579 servus
655 4511 743 4579 qui
772 4507 1028 4579 peccavit,
1061 4505 1150 4579 ille
1169 4519 1299 4560 vero
1321 4513 1377 4579 ut
1403 4502 1558 4579 liber,
1584 4512 1639 4558 et
1661 4512 1718 4557 ut

136 4575 279 4633 filius
292 4578 565 4647 disciplina
589 4577 848 4646 indigens.
878 4576 1049 4646 Plaga:
1069 4576 1172 4629 illae
1190 4590 1294 4629 non
1318 4575 1514 4647 faciunt
1537 4588 1718 4647 aequa-

137 4652 244 4704 lem
274 4645 550 4703 honorem.
596 4648 651 4703 Si
705 4645 932 4715 patiatur
963 4645 1078 4714 pius
1117 4661 1234 4714 qua:
1263 4645 1680 4715 patituriimpius
1700 4684 1715 4708 ,

138 4734 248 4774 non
277 4719 512 4787 ejusdem
543 4714 861 4787 conditionis
886 4718 987 4771 erit
1009 4732 1128 4771 cum
1152 4717 1316 4787 impio
1341 4732 1353 4767 :
1384 4714 1478 4787 sed
1510 4724 1721 4787 reputa-

142 4800 233 4844 tur
255 4784 516 4856 correptio
539 4789 661 4841 huic
684 4789 735 4841 iu
765 4786 1102 4841 alﬂictionem
1126 4794 1181 4840 et
1206 4785 1593 4856 probationem.
1618 4784 1721 4856 im-_

137 4860 230 4932 pio
271 4854 443 4932 autem
475 4858 561 4932 “in
596 4857 803 4932 flagella
856 4865 913 4932 et
937 4854 1514 4932 _ptenas."_Prop_t_er_-ea
1555 4854 1721 4932 _Dav.d

138 4924 311 4985 'sciens
332 4928 427 4982 has
455 4924 814 4994 difﬁcultates,
837 4928 906 4983 de
930 4924 1088 4998 jnstis
1109 4926 1323 4998 quidem
1348 4924 1519 4998 dicit:
1546 4925 1723 4998 illatae

142 4999 489 5069 tribulationes
523 5000 800 5069 justorum.
846 4994 951 5053 Sed
973 4997 1100 5069 _vide
1125 4994 1258 5069 quid
1281 4996 1485 5069 s_ubd_it_
1493 5012 1522 5069 Ξ
1558 4994 1724 5069 ea:

142 5070 369 5125 omnibus
416 5063 539 5122 illis'
562 5063 787 5139 liberabit
831 5084 916 5122 eos
960 5063 1211 5121 Dominus
1240 5067 1258 5139 (
1283 5065 1428 5122 Psal.
1456 5066 1545 5139 557.
1582 5066 1649 5120 10
1680 5068 1720 5135 ).

144 5139 384 5196 Nondum
414 5139 547 5193 dixit
570 5137 931 5199 afﬂictionem.
950 5148 1005 5193 et
1032 5137 1346 5192 monstravit
1368 5138 1719 5191 curationem.

148 5213 225 5264 lte
255 5210 569 5263 adversariis
610 5220 785 5263 autem
815 5208 944 5263 dicit
972 5225 986 5261 :
1020 5208 1186 5263 Multa
1216 5208 1421 5278 ﬂagella
1449 5208 1724 5278 peccatoris

146 5280 318 5351 (Psal.
342 5281 432 5335 51.
466 5279 554 5350 10)
594 5296 607 5333 :
637 5290 689 5333 et
710 5279 850 5351 nihil
884 5280 986 5334 tale
1026 5276 1238 5342 subditi,
1288 5276 1429 5351 quod
1466 5276 1543 5351 de
1567 5277 1725 5345 justis

147 5350 355 5405 dicebat
384 5368 399 5405 :
427 5350 606 5404 multa:
645 5350 960 5404 alllictiones
988 5351 1281 5419 justorum;
1311 5350 1376 5419 de
1425 5350 1507 5401 his
1546 5357 1723 5401 autem

146 5422 393 5476 omnibus
422 5420 668 5475 liberabit
693 5435 788 5474 eos
811 5417 1085 5475 Dominus.
1120 5420 1243 5472 ΙΙωο
1286 5417 1330 5472 si
1355 5419 1475 5487 quis
1511 5420 1722 5480 audiat,

148 5506 218 5547 ne
240 5492 302 5546 de
328 5493 505 5558 seipse
529 5491 776 5559 desperet
795 5533 808 5553 ,
842 5506 1012 5559 neque
1037 5490 1177 5543 dicat
1207 5504 1221 5542 :
1249 5488 1304 5543 Si
1333 5490 1491 5558 igitur
1514 5497 1571 5543 ut
1601 5503 1726 5557 pec-

147 5571 295 5617 cator
316 5561 528 5629 vapulo,
558 5570 607 5615 et
634 5574 781 5628 spem
806 5575 910 5614 non
940 5561 1129 5625 habeo,
1160 5559 1482 5613 infructuosa
1508 5570 1727 5613 estcor-

150 5631 338 5701 rcptio.
369 5633 709 5687 Peccatorem
738 5634 879 5685 enim
910 5645 1057 5701 nunc
1078 5630 1597 5701 Scriptttravocavit,
1621 5644 1726 5683 non

149 5698 362 5758 oritnino
389 5718 417 5754 a
451 5703 645 5771 pietate
673 5702 903 5755 aliemnn
924 5740 939 5764 ,
971 5700 1064 5755 sed
1091 5698 1211 5755 eum
1237 5741 1251 5766 ,
1278 5700 1366 5770 qui
1391 5698 1645 5771 affligitur
1664 5708 1728 5771 et

152 5770 483 5842 aliquatenus
507 5776 624 5841 pius
651 5780 753 5836 est,
782 5772 972 5828 labitttr
994 5780 1170 5826 tamen
1194 5772 1243 5824 in
1272 5772 1429 5825 rebus
1459 5770 1725 5824 humanis.

152 5844 301 5910 Quod
331 5845 469 5899 enim
510 5843 875 5914 peccatoribus
906 5842 1043 5897 Deus
1070 5843 1402 5908 misereatur,
1433 5842 1586 5911 plena
1610 5855 1725 5896 om-

1803 2270 1963 2322 opnm
2018 2254 2261 2325 indigus,
2315 2265 2370 2312 et
2421 2257 2541 2311 aliis
2578 2257 3029 2311 consolationibus
3074 2257 3385 2324 destitutus,

1805 2325 2190 2399 frustraturque
2239 2336 2398 2399 voto;
2444 2337 2499 2381 et
2546 2342 2677 2395 puer
2718 2326 2962 2399 amabilis
3005 2326 3225 2399 formae,
3264 2344 3390 2399 gra-

1808 2403 1893 2450 tus
1943 2398 2286 2465 parentibus,
2332 2397 2648 2451 immaturus
2691 2396 2912 2466 rapitur.
2961 2398 3113 2452 Disce
3156 2396 3288 2452 non'
3314 2409 3388 2454 ta-

1806 2467 1870 2519 lia
1907 2482 2201 2538 quaerere;
2254 2467 2350 2521 sed
2396 2468 2556 2521 dicito
2588 2483 2602 2520 :
2629 2466 2838 2521 Iudicia
2883 2477 2971 2521 tua
3011 2468 3220 2538 abyssus
3249 2472 3385 2523 ntul-

1804 2545 1854 2588 tu
1894 2536 2090 2601 (Psal.
2141 2538 2230 2592 55.
2262 2538 2341 2603 7).
2396 2538 2549 2591 Disce
2604 2548 2658 2591 ut
2707 2538 2854 2592 dicas
2893 2536 3116 2592 :Justus
3165 2556 3236 2597 es.
3283 2540 3393 2593 Do-

1804 2609 1963 2678 mine,
2006 2618 2055 2662 et
2104 2620 2247 2663 recta
2276 2607 2485 2678 judicia
2512 2620 2601 2659 tua
2636 2605 2809 2677 (Psal.
2856 2606 2977 2678 1748.
3024 2605 3166 2678 1'97).
3203 2604 3382 2671 Disce,

1806 2684 1864 2731 ut
1886 2676 2076 2734 dicas:
2118 2674 2524 2733 Sicut'Domino
2552 2674 2718 2731 visum
2741 2691 2837 2735 est.
2872 2677 2949 2728 ita
2975 2682 3024 2726 et
3055 2674 3252 2728 factum
3283 2682 3382 2727 est.

1803 2747 2046 2816 Agnosce
2072 2746 2457 2811 auctoritatem,
2485 2754 2545 2800 ut
2569 2759 2824 2816 agnoscas
2848 2756 2894 2798 et
2916 2744 3391 2815 pietatem.Verttm

1804 2818 2049 2886 quoniam
2092 2817 2271 2871 incidit
2312 2831 2489 2872 sermo
2528 2817 2595 2871 de
2632 2817 2795 2886 gloria
2834 2816 3061 2886 Spiritus
3093 2819 3281 2883 sancti,
3305 2818 3391 2871 di-

1804 2902 1987 2941 camus
2028 2887 2223 2956 aliquid
2270 2902 2337 2941 ex
2376 2887 2709 2955 dogmatibus
2756 2888 2806 2941 in
2851 2897 3085 2941 nostram
3112 2888 3392 2942 utilitatem

1806 2969 1858 3010 et
1888 2958 2245 3012 securitatem.
2278 2958 2408 3011 Nam
2436 2962 2573 3011 sicut
2610 2957 2731 3020 Job,
2762 2972 2883 3011 cum
2915 2958 3064 3021 dixit,
3098 2959 3246 3011 Sicut
3276 2958 3386 3011 llo-

1806 3029 1941 3080 ntino
1968 3030 2125 3082 visum
2169 3036 2262 3092 est,
2291 3032 2659 3081 auctoritatem
2689 3030 3006 3081 monstravit
3050 3037 3104 3081 et
3140 3028 3393 3082 domina-

1808 3100 2027 3161 tionem,
2060 3100 2137 3151 sic
2178 3108 2231 3151 et
2272 3098 2495 3166 apostoli
2540 3098 2763 3152 herilem
2807 3099 3173 3152 auctoritatem
3220 3100 3393 3154 sancti

1809 3170 2039 3238 Spiritus
2077 3168 2441 3233 ostendentes,
2489 3169 2705 3239 dicunt:
2746 3168 2919 3221 Visum
2965 3179 3036 3223 est
3070 3180 3241 3223 sancto
3271 3170 3397 3239 Spi-

1808 3241 1929 3292 ritui
1982 3240 2107 3292 nihil
2154 3240 2411 3306 imponere
2452 3238 2589 3292 vobis
2638 3240 2733 3292 nisi
2780 3255 2893 3308 qua:
2934 3242 3211 3293 necessaria
3258 3238 3392 3295 sunt.

1821 3308 1996 3362 Visum
2044 3318 2112 3362 est
2154 3320 2329 3381 sancto
2378 3310 2597 3381 Spiritui
2624 3311 2762 3379 (Act.
2798 3312 2883 3364 15.
2914 3308 3027 3381 28).
3070 3312 3124 3364 Si
3156 3312 3397 3365 subditus

1809 3390 1912 3442 est,
1954 3396 2116 3449 quare
2141 3380 2187 3433 ei
2222 3382 2389 3433 visum
2434 3380 2551 3433 est?
2578 3382 2623 3433 si
2666 3384 2766 3433 sub
2794 3382 2908 3448 lege
2948 3380 3029 3433 est
3055 3382 3307 3449 Spiritus,
3339 3391 3396 3435 et

1811 3451 1994 3515 servit,
2027 3451 2292 3518 quomodo
2323 3451 2491 3502 visum
2520 3450 2615 3503 fuit
2643 3450 2893 3505 subdito?
2924 3452 3108 3504 Nonne
3133 3468 3251 3520 qua:
3284 3452 3393 3520 regi

1814 3521 2079 3591 videntur,
2104 3536 2165 3572 ea
2188 3520 2513 3585 efficiuntur,
2539 3531 2591 3573 et
2616 3538 2718 3573 non
2751 3537 2866 3589 qua:
2897 3523 3123 3575 subditis
3151 3523 3397 3591 placent?

1814 3591 1957 3644 Sicut
1980 3590 2199 3643 Domino
2237 3592 2395 3644 visum
2422 3599 2511 3653 est,
2541 3591 2667 3644 dicit
2695 3592 2832 3655 Job;
2866 3592 3085 3658 Spiritui
3114 3590 3286 3645 sancto
3324 3595 3399 3645 vi-

1812 3677 1926 3714 sum
1954 3670 2045 3721 cst,
2069 3661 2250 3714 dicunt
2276 3662 2524 3730 aposmli.
2548 3662 2794 3730 Ejusdem
2824 3662 3155 3715 auctoritatis
3199 3673 3250 3716 et
3296 3664 3396 3714 lto-

1814 3732 1961 3802 noris
2004 3730 2184 3802 dictio,
2211 3731 2513 3801 utrobique,
2555 3734 2802 3801 quoniam
2854 3734 3077 3786 indivisa
3113 3742 3195 3785 est
3229 3734 3396 3802 gloria

1816 3801 1987 3871 regni.
2003 3803 2070 3854 At
2088 3801 2283 3855 malitia
2303 3802 2669 3856 haereticorum
2695 3804 2884 3857 iterum
2910 3804 3103 3857 invenit
3126 3801 3396 3871 effugium.

1814 3871 1950 3925 Num
2008 3872 2129 3940 quia
2172 3871 2419 3926 dixerunt
2463 3873 2726 3940 apostoli,
2784 3874 3055 3942 inquiunt:
3108 3873 3276 3926 Visum
3325 3882 3399 3926 est

1819 3943 2035 4012 Spiritui
2085 3952 2281 4007 sancto,
2313 3943 2663 3996 subdiderunt
2700 3952 2900 4009 autem,
2950 3943 3015 3996 Et
3044 3944 3224 3997 nobis:
3277 3944 3401 3997 ideo

1821 4013 2092 4066 habebunt
2141 4020 2195 4067 et
2232 4013 2458 4081 apostoli
2484 4013 2776 4069 divinitatis
2826 4015 3233 4068 auctoritatem?
3278 4014 3402 4068 lla-c

1821 4084 1984 4152 probe
2028 4084 2418 4148 examinentur,
2451 4098 2518 4137 ne
2546 4085 2903 4139 inexercitatis
2939 4100 3049 4138 sua:
3078 4084 3402 4139 infidelitatis

1818 4168 2084 4208 venenum
2106 4154 2361 4222 injiciant,
2389 4169 2520 4207 neve
2542 4154 2860 4224 simplicium
2882 4156 3096 4209 auribus
3116 4156 3403 4224 impietatis

1820 4224 2067 4278 hzeresim
2112 4224 2411 4278 infundant.
2463 4224 2608 4279 Talia
2652 4227 2793 4279 enim
2840 4241 2981 4294 szepe
3011 4225 3288 4295 magnifice
3319 4227 3402 4280 lo-

1820 4303 2057 4383 quuntur
2082 4311 2108 4383 ε.
2128 4295 2324 4383 Nihi|_,_
2346 4295 2545 4383 aiunt.“
2566 4295 2755 4383 frater,
2803 4306 2853 4351 te
2873 4298 3033 4383 dicta
3051 4297 3401 4383 conturbent.

1822 4366 2063 4420 Fratrem
2095 4375 2145 4419 te
2175 4374 2349 4429 vocat,
2378 4375 2427 4418 et
2456 4367 2602 4433 quasi
2636 4368 2841 4421 hostem
2872 4376 2923 4421 te
2952 4367 3161 4421 occidit.
3195 4366 3273 4421 Ne
3300 4368 3403 4420 nti-

1823 4435 1979 4506 reris,
2012 4436 2201 4503 inquit,
2236 4438 2277 4489 si
2305 4436 2373 4490 de
2402 4435 2600 4505 Spiritu
2631 4447 2817 4490 sancto
2846 4436 2897 4491 id
2943 4436 3125 4491 dicunt
3153 4438 3401 4506 apostoli,

1838 4505 2007 4587 [fixum
2057 4506 2397 4587 estnSpiritui
2425 4516 2597 4560 sancto
2623 4521 2659 4587 :7
2685 4507 2942 4587 sedhvide
2990 4508 3115 4576 quid
3160 4505 3405 4562 addatur.

1837 4574 2011 4647 Visum
2039 4574 2365 4647 εδιᾉὸρίνὶιαὶ
2389 4590 2583 4647 sancto,
2615 4586 2673 4647 et,
2705 4576 2846 4631 nobis
2883 4574 3052 4631 visum
3082 4587 3162 4632 est
3190 4587 3406 4647 aposto-

1826 4646 1910 4700 lis.
1939 4645 2074 4699 Num
2102 4645 2173 4699 dii
2200 4647 2466 4713 apostoli?
2490 4646 2623 4700 Num
2646 4646 2877 4701 divinam
2900 4648 3094 4702 habent
3119 4645 3405 4703 auctorita-

1830 4716 1979 4770 tem?
2046 4717 2269 4781 Quando
2324 4718 2436 4771 ιιι-ο
2489 4718 2615 4770 dicit
2673 4718 2974 4780 haereticus,
3004 4734 3101 4772 nos
3143 4734 3172 4773 a
3219 4729 3401 4774 sancta

1828 4786 2099 4859 Scriptura
2164 4787 2285 4859 tela,
2314 4789 2673 4859 proferamus.
2731 4789 2956 4859 Sagittae
3004 4790 3135 4841 enim
3190 4790 3405 4857 potentis

1828 4865 1987 4929 acuta:
2017 4855 2450 4929 (Psal.gll9.4)
2492 4859 2544 4912 in
2593 4872 2687 4912 cor
2729 4855 3074 4929 inimicorum
3101 4855 3240 4929 regis
3282 4862 3409 4913 tuit-

1831 4927 2033 4983 tendat.
2048 4929 2182 4993 Quid
2206 4927 2364 4996 igitur
2394 4927 2459 4983 ad
2493 4929 2605 4982 ha'c
2633 4930 2954 4983 dicendum?
2978 4931 3031 4984 Si
3062 4927 3411 4999 hoc'Spiritus

1829 5000 1996 5070 sancti
2026 4999 2334 5070 dignitatem
2385 4999 2668 5070 imminuit,
2699 5000 2837 5069 quod
2866 5000 2915 5054 ei
2940 5000 3105 5069 juncti
3137 5000 3242 5054 sint
3281 5016 3411 5070 apo-

1829 5068 1977 5135 stoli,
2025 5069 2203 5138 itaque
2238 5078 2291 5139 ct
2319 5069 2458 5137 quod
2502 5069 2677 5123 Moses
2715 5068 3031 5139 Coniunctus
3056 5071 3125 5123 sit
3156 5070 3285 5134 Deo,
3319 5068 3411 5125 Dei

1831 5140 2096 5193 imminuit
2129 5138 2459 5209 dignitatem.
2497 5140 2744 5210 _hjxempli
2791 5138 2958 5210 gratia
3000 5141 3119 5195 dico
3162 5141 3257 5195 :Si
3305 5158 3410 5195 non

1830 5225 2078 5278 magnum
2123 5208 2274 5281 putas
2313 5210 2459 5276 illud,
2496 5208 2672 5263 Visum
2718 5208 2815 5281 fuit
2859 5210 3076 5279 Spiritui
3118 5223 3311 5278 sancto,
3346 5228 3414 5266 eo

1832 5280 1974 5349 quod
2002 5288 2057 5352 et
2075 5280 2326 5348 apostolis
2346 5281 2418 5333 sit
2434 5280 2796 5350 conjunctu’m,
2820 5282 3001 5352 utique
3028 5298 3199 5351 neque
3224 5297 3412 5352 magna

1834 5352 1926 5422 tibi
1959 5351 2126 5404 videri
2160 5359 2333 5422 potest
2362 5352 2492 5405 fides
2518 5368 2643 5421 erga
2672 5352 2859 5419 Deum,
2891 5351 3011 5422 quia
3041 5362 3095 5407 et
3117 5353 3255 5406 Deus
3282 5351 3412 5407 Mosi

1829 5421 2044 5494 iunctus
2063 5430 2164 5494 est.
2193 5421 2333 5494 _D_icit
2360 5422 2503 5494 enim
2534 5423 2803 5494 scriptura
2827 5442 2848 5494 7:
2878 5421 3098 5476 Credidit
3124 5425 3338 5494 populus
3362 5424 3414 5477 in

1833 5490 1997 5544 Deum
2027 5500 2071 5543 et
2100 5492 2153 5562 in
2183 5491 2359 5544 Mosen
2389 5490 2600 5562 (Exod.
2635 5494 2720 5547 M.
2752 5493 2867 5562 5|).
2900 5490 3161 5548 Ctetcrum
3192 5490 3247 5547 et
3270 5494 3413 5548 aliud

1836 5561 1997 5633 telum
2027 5560 2359 5633 proferamus
2383 5560 2406 5613 :‘
2426 5563 2469 5616 si
2518 5563 2745 5631 Spiritus
2787 5560 2953 5619 sancti
2985 5564 3292 5633 dignitatent
3324 5566 3416 5618 de-

1837 5632 1995 5702 struit
2019 5631 2265 5700 adjuncta
2306 5635 2566 5687 sententia
2602 5636 2985 5702 apostolorum,
3017 5631 3332 5690 euntumelia
3360 5645 3416 5689 et

1837 5701 2107 5770 dignitatis
2144 5702 2441 5755 imminutio
2466 5720 2531 5757 ex
2569 5701 2818 5760 Samuele
2855 5708 2955 5759 erit
2986 5706 3094 5759 Deo
3119 5720 3131 5757 :
3160 5706 3415 5771 scriptum

1838 5780 1922 5844 est
1946 5773 2148 5844 opimi
2162 5771 2416 5844 Et‘tiinuit
2443 5776 2604 5827 omnis
2629 5776 2846 5844 populus
2867 5774 3028 5829 Deum
3056 5786 3100 5828 et
3128 5775 3416 5828 Samuetem

1842 5840 1922 5912 (l.
1942 5836 2061 5908 Reg.
2085 5836 2171 5899 12.
2194 5839 2299 5913 l9).
2317 5842 2499 5900 Denuo
2524 5856 2579 5902 et
2614 5836 2826 5901 tertium
2856 5859 3162 5916 premamus
3184 5845 3415 5914 iaculum
