3784 6274
54 325 209 383 1089

52 451 202 492 trem
233 449 613 509 prmposuerat,
644 441 750 510 alio
791 440 911 510 loco
939 439 1201 510 pra‘ponit
1247 437 1500 510 Spiritum
1527 455 1653 494 san-

52 518 240 572 ctum,
272 511 354 562 his
393 511 606 564 verbis:
647 509 794 565 Unus
820 509 1230 580 DeusiPaterhcx
1261 509 1362 580 quo
1387 511 1575 575 omnia,
1609 520 1656 564 et

53 596 158 630 nos
185 597 250 633 ea:
274 581 362 633 illo
383 597 402 633 :
427 593 474 633 et
511 598 641 634 unus
673 581 918 634 Dominus
950 579 982 632 J
990 596 1106 633 esus
1131 578 1365 634 Christus
1396 597 1482 650 per
1507 597 1656 650 quem

47 653 258 709 onmia,
308 660 352 704 et
391 668 480 704 nos
528 669 617 720 per
669 652 856 705 illum:
904 664 954 705 et
1001 666 1130 704 unus
1163 650 1404 720 _Spiritns
1450 660 1656 706 sanctus

49 723 68 785 (
104 723 156 772 t.
187 720 309 774 Cor.
341 722 394 775 8.
421 722 506 791 ti).
529 718 728 776 lterum
759 730 934 776 autem
960 721 1087 774 dicit
1112 737 1125 770 :
1151 718 1434 774 Dioisiones
1459 722 1653 791 gratia-

50 805 180 842 rum
206 800 345 858 sunt,
361 792 492 844 idem
517 807 632 845 vero
653 791 878 860 Spiritus
896 807 914 844 :
943 801 987 845 et
1021 791 1288 843 divisiones
1325 792 1650 844 ministratio-

46 875 208 924 num,
259 862 390 914 idem
432 874 599 915 autem
640 861 884 916 Dominus
904 877 923 916 :
949 870 996 914 el
1023 861 1288 914 divisiones
1308 861 1654 931 Operationum

50 942 205 1002 sunt,
237 933 370 985 idem
397 943 563 985 autem
592 931 725 985 Deus
755 933 838 1001 qui
863 944 1098 1002 aperatur
1125 931 1293 1002 omnia
1321 933 1371 1002 in
1400 931 1648 985 erunibus.

58 994 202 1072 licet:
223 1013 389 1055 atttcm
411 1005 579 1054 omnia
603 994 840 1072 operaiur
864 994 992 1072 unus
1018 1011 1064 1072 et
1092 1001 1226 1055 idem
1246 1001 1490 1071 Spiritus,
1521 1002 1652 1055 divi-

51 1068 193 1124 dnis
239 1073 458 1143 singulis
500 1068 645 1140 prout
692 1073 795 1124 vult
847 1071 948 1143 (Ib.
993 1070 1080 1125 12.
1119 1072 1262 1143 bili.
1291 1068 1414 1142 ⁷11),
1445 1081 1499 1124 et
1545 1085 1650 1143 non

45 1154 201 1193 sicut
227 1142 460 1209 jubetur.
492 1143 607 1196 Jam
636 1157 754 1196 cum
787 1141 1140 1210 baptizaretur
1171 1141 1352 1202 Filius,
1373 1141 1548 1196 Pater
1575 1141 1644 1196 de

43 1216 198 1263 (-a-to
232 1214 539 1265 testiticatu~
570 1224 672 1278 est,
701 1212 927 1282 Spiritus
950 1222 1367 1282 autemsanctus
1398 1213 1448 1265 iu
1471 1211 1651 1282 specie

42 1283 636 1354 Culumbtedescendit
663 1281 825 1354 super
871 1284 1015 1354 illum
1048 1281 1274 1354 (blatta.
1310 1283 1364 1338 5.
1396 1283 1484 1354 16.
1525 1281 1648 1354 t7),

47 1355 157 1418 qui
190 1354 302 1421 pari
344 1353 546 1407 honore
579 1352 827 1422 przeditns
853 1364 952 1406 est.
985 1353 1086 1406 Pcr
1108 1351 1222 1405 inec
1261 1353 1439 1405 omnia
1488 1351 1647 1406 uuuin

43 1437 290 1490 regnum
344 1423 675 1477 iudivisihilis
717 1422 990 1476 Trinitatis
1032 1422 1327 1492 intelligere
1372 1423 1646 1476 docemur.

45 1493 184 1560 Ipse
216 1505 393 1548 autctn
420 1493 556 1547 Deus
584 1493 835 1559 Verbum,
859 1496 946 1561 qui
977 1503 1190 1562 propter
1211 1509 1308 1547 nos
1330 1509 1454 1546 vere
1482 1493 1652 1546 incar-

43 1571 251 1628 natus,
286 1563 551 1616 rediturus
580 1578 645 1617 eo
684 1563 822 1618 unde
852 1574 1126 1632 separatus
1149 1579 1254 1617 non
1281 1562 1482 1627 fuerat,
1522 1564 1652 1618 dicit

41 1635 266 1716 sanctis
309 1634 714 1716 apostplissuis
742 1651 756 1686 :
787 1633 871 1715 te
902 1644 958 1716 ¹ςι
1006 1635 1176 1715 docete
1196 1650 1396 1716 "attines
1431 1643 1644 1716 gentes,

41 1702 378 1770 buptizantes
414 1703 530 1756 illos
577 1704 628 1755 in
665 1705 861 1756 nomine
896 1704 1064 1756 Patris
1105 1713 1150 1755 et
1188 1702 1310 1756 Filii
1347 1713 1394 1758 et
1425 1702 1650 1772 Spiritus

40 1775 229 1825 sancti
271 1773 494 1845 (Matth.
527 1776 617 1828 98.
653 1775 773 1840 i9).
803 1775 1070 1841 illisi-gnati
1099 1789 1310 1833 sumus,
1347 1774 1438 1827 sed
1487 1791 1646 1828 unum

40 1846 395 1913 signaCulum
436 1855 517 1898 est
567 1855 764 1898 sanetze
811 1845 1100 1906 Trinitatis,
1150 1859 1312 1896 unum
1365 1845 1647 1912 baptisma.

41 1915 350 1980 Quomodo
381 1915 540 1983 igitur
576 1917 738 1969 audes
769 1930 796 1966 a
831 1927 1048 1983 p'tiet‘na
1087 1915 1378 1967 substantia
1417 1916 1650 1970 alienare

43 1986 264 2037 Filium
296 1987 374 2039 vel
407 1987 657 2053 Spiritum
702 1986 979 2037 Sanctum?
1023 1985 1201 2052 Neque
1226 1986 1367 2038 enim
1410 1985 1452 2037 si
1491 1986 1649 2039 alieni

42 2065 215 2117 sunt,
245 2073 366 2110 cum
398 2057 558 2110 Patre
588 2058 636 2110 in
669 2056 929 2124 baptismo
964 2055 1227 2108 debebant
1252 2057 1647 2108 connunierari.

39 2127 314 2190 Quanam
344 2128 486 2180 enim
529 2129 734 2180 ratione
765 2127 1053 2179 secundum
1084 2135 1228 2178 tuum
1264 2140 1586 2189 sermonem,
1618 2141 1652 2179 ο

39 2197 398 2261 adversarie,
426 2196 470 2249 si
498 2207 708 2250 creatus
735 2209 816 2249 eSt
845 2196 1011 2250 Filius
1037 2195 1119 2248 vel
1145 2197 1374 2264 Spiritus
1413 2205 1646 2258 sant-tus,

38 2282 188 2318 cum
224 2266 379 2321 Patre
405 2268 559 2320 simul
591 2268 1031 2321 eoassumuutur?
1060 2265 1344 2320 Enimvero
1370 2267 1412 2319 si
1455 2281 1648 2320 nomen

47 2337 133 2388 i‘a
146 2338 249 2390 tris
273 2339 444 2390 Solum
468 2351 591 2391 eum
613 2341 701 2406 qui
727 2338 1020 2404 baptizatur
1041 2346 1216 2405 potest
1241 2338 1468 2399 salvare,
1487 2351 1652 2405 quare

37 2422 295 2461 cuassun
322 2415 479 2460 untur
522 2421 575 2461 et
616 2415 895 2470 creaturae,
944 2410 1094 2476 quasi
1139 2406 1296 2460 Pater
1341 2423 1444 2459 non
1485 2407 1653 2476 possit

37 2477 216 2532 solus
283 2478 526 2531 salvarc?
593 2479 764 2531 Absit.
821 2477 987 2546 igitur
1035 2478 1076 2530 si
1136 2476 1304 2529 Patris
1368 2477 1650 2532 inﬁrmita-

42 2558 170 2601 tem
225 2548 518 2616 proiiteris,
571 2549 695 2603 licet
731 2547 1200 2602 consubstantialia
1231 2562 1336 2602 non
1379 2547 1650 2610 admittas,

38 2636 73 2670 a
149 2621 380 2672 veritate
432 2622 635 2688 cogeris
683 2621 957 2672 nobiscum
1009 2618 1514 2688 fateriTt-initatem
1549 2619 1652 2688 Ain-

38 2701 304 2742 creatam
331 2699 384 2744 et
418 2686 1013 2744 consubstantialcmct
1049 2687 1482 2754 omnipotentem.
1533 2686 1649 2741 Jam

40 2763 94 2810 si
136 2760 349 2813 dixeris
375 2760 526 2822 mihi,
556 2761 621 2812 de
653 2762 808 2813 Patre
837 2759 1092 2826 scriptum
1123 2767 1242 2812 est:
1276 2755 1348 2810 Te
1373 2760 1536 2810 solum
1567 2773 1650 2812 ve-

40 2848 178 2882 rum
215 2830 374 2882 Deum
402 2831 578 2893 (Joan.
610 2832 690 2884 i7.
727 2831 812 2895 5);
843 2830 934 2882 sed
965 2837 1047 2882 est
1071 2837 1123 2881 et
1152 2827 1251 2881 hoc
1277 2829 1552 2893 scriptum,
1587 2827 1650 2879 Et

41 2901 211 2952 Deus
257 2909 360 2953 erat
402 2898 613 2953 Verbum
639 2901 655 2969 (
681 2900 815 2952 .loan
871 2901 921 2953 1.
958 2901 980 2952 1
1086 2899 1149 2951 Et
1183 2898 1447 2969 quo_nn.tlo
1497 2899 1654 2967 igitur

37 2971 295 3036 arqualis
319 2970 494 3023 Patri?
527 2966 761 3024 Diceudo
790 2971 928 3022 enim
960 2966 1026 3022 de
1052 2969 1228 3028 Patre,
1263 2966 1331 3020 Te
1366 2966 1532 3020 solum
1573 2983 1653 3018 vc-

39 3057 182 3092 rum
223 3040 404 3104 (lenm,
457 3041 768 3094 monstravit
817 3039 1006 3093 Filium
1050 3055 1154 3092 non
1212 3040 1524 3104 naturalem,
1560 3037 1650 3090 sed

37 3115 385 3179 adoptatum
419 3111 603 3163 tilium.
636 3115 702 3163 At
736 3110 882 3179 quid,
917 3111 1143 3179 propriae
1171 3109 1358 3161 salutis
1398 3107 1652 3179 inimice?

39 3178 206 3234 Non.
237 3181 360 3249 quia
391 3184 645 3250 scriptum
669 3178 770 3244 est,
798 3182 935 3232 sicut
960 3178 1342 3250 dicitioannes
1378 3178 1444 3231 de
1467 3179 1650 3240 Patre,

44 3252 210 3304 imus
257 3247 347 3304 lux-
389 3263 461 3305 est
492 3247 602 3306 fde
635 3252 770 3304 lt‘ilio
806 3259 1023 3314 autem,
1053 3247 1181 3302 Erat
1216 3248 1303 3302 lux
1351 3264 1464 3301 vera
1486 3264 1504 3301 :
1536 3250 1654 3302 ideo

39 3323 242 3374 audes
261 3333 475 3390 propter
507 3321 608 3374 hoc
649 3323 830 3375 dit-ere
868 3320 1126 3390 minorem
1157 3319 1398 3390 (Patrem,
1425 3335 1488 3390 eo
1514 3319 1652 3386 quod

41 3406 178 3446 non
209 3387 428 3460 adjecit,
455 3393 594 3460 quod
626 3394 694 3445 sit
719 3391 806 3444 lux
836 3405 957 3444 vera
983 3406 996 3442 ;
1025 3388 1118 3443 sed
1136 3389 1200 3442 de
1227 3387 1360 3460 Filio
1374 3389 1651 3460 solodicit,

43 3463 201 3515 Erat
227 3462 318 3514 lux
338 3459 492 3516 vera?
517 3464 663 3516 Sicut
684 3462 842 3530 igitur
863 3475 968 3514 non
1005 3461 1171 3514 audes
1198 3459 1656 3530 niinoremfacere

44 3535 318 3596 Patrem,
359 3547 424 3586 eo
461 3534 600 3602 quod
635 3529 736 3585 non
765 3532 1061 3602 appositum
1113 3542 1214 3594 est,
1261 3531 1398 3599 quod
1433 3529 1501 3602 sit
1529 3542 1655 3582 vera

45 3605 155 3657 lux
202 3620 216 3656 :
251 3603 320 3656 ita
349 3599 648 3656 cum'audis
672 3603 737 3655 de
760 3599 936 3668 Patre,
968 3600 1040 3654 Te
1063 3602 1226 3654 solum
1256 3617 1425 3653 verum
1449 3599 1612 3652 Deum
1635 3613 1656 3652 .'

40 3676 128 3728 de
164 3673 307 3726 Filio
331 3684 525 3732 autem.
550 3676 722 3727 solum
754 3674 892 3742 quod
920 3673 987 3725 sit
1017 3674 1183 3735 Deus;
1223 3686 1290 3724 ne
1325 3672 1524 3724 audeas
1561 3671 1658 3742 mi-

44 3759 270 3797 norem
305 3744 476 3798 facere
504 3743 691 3798 Filium
725 3760 737 3795 :
772 3741 1022 3811 quoniam
1053 3741 1261 3795 nomina
1292 3742 1510 3794 alternis
1527 3741 1661 3811 vici-

41 3817 172 3869 bus
200 3815 406 3882 jaccnt,
436 3825 491 3868 ut
513 3813 582 3869 de
614 3815 767 3868 Patre
792 3810 1015 3874 dicatur,
1046 3811 1181 3865 Deus
1208 3825 1351 3864 verus
1373 3851 1396 3882 ,Α
1430 3810 1657 3882 defilio

40 3879 284 3947 autein,
312 3885 482 3938 Deus:
511 3894 563 3938 et
588 3893 792 3948 contra,
825 3882 949 3936 Erat
977 3884 1070 3935 lux
1094 3897 1227 3945 vera,
1245 3879 1487 3934 tribuitur
1504 3880 1661 3950 Filio,

42 3957 226 4010 Patri
260 3963 435 4007 autem
468 3957 556 4010 lux
589 3964 812 4008 tantum.
839 3954 1006 4007 Porro
1035 3955 1168 4005 sicut
1200 3968 1304 4005 non
1336 3954 1460 4006 ltCet
1482 3953 1660 4007 dicere

42 4028 130 4081 dc
164 4025 331 4078 Patre
357 4027 493 4092 quod
519 4043 620 4078 non
651 4026 716 4080 sit
748 4025 833 4078 lux
857 4038 980 4077 vera
1010 4040 1022 4075 :
1046 4031 1098 4076 et
1119 4023 1184 4076 de
1212 4022 1364 4086 Filio,
1387 4024 1534 4092 quod
1555 4037 1658 4076 non

42 4102 132 4150 sit
179 4099 325 4150 Deus
342 4090 524 4156 verus;
556 4096 668 4164 ipse
692 4099 830 4149 enim
849 4095 999 4158 dixit,
1026 4092 1134 4162 Ego
1150 4109 1260 4145 sum
1280 4090 1459 4164 veritas
1482 4090 1659 4163 (Joan.

45 4169 160 4222 1-1.
204 4168 264 4234 6)
299 4185 312 4219 :
344 4167 411 4218 ita
439 4177 492 4219 et
517 4161 588 4219 de
607 4167 803 4234 Spiritu
822 4174 1027 4228 sancto,
1058 4161 1306 4233 quoniam
1336 4161 1560 4231 Spiritus
1582 4172 1662 4215 est

43 4237 330 4292 veritatis
381 4237 552 4304 Atque
575 4238 641 4288 ita
669 4251 761 4304 per
791 4235 903 4290 lucc
929 4235 1229 4288 teStimonia
1256 4234 1399 4287 disce
1419 4236 1660 4304 venerari

47 4302 496 4375 inseparabiletii
547 4302 882 4359 Trinitatem.
919 4305 1102 4358 Omnia
1149 4320 1473 4375 quacumque
1503 4302 1662 4375 _Iiabet

47 4373 269 4439 Pater,
295 4392 403 4428 mea
419 4387 540 4447 sunt
562 4375 740 4444 (Joan.
770 4376 856 4430 16.
882 4375 993 4447 15),
1024 4373 1660 4447 dicituuigenitusDeus,

46 4450 166 4519 qui
195 4455 286 4519 est
312 4447 362 4519 in
385 4448 503 4519 sinu
527 4446 713 4519 Patris.
743 4447 916 4519 Moses
950 4444 1086 4500 dicit
1115 4463 1130 4499 :
1162 4446 1260 4511 Qui
1293 4452 1387 4508 est,
1429 4444 1569 4519 misit
1587 4459 1665 4496 me

49 4513 286 4589 (Exod.
315 4518 366 4570 '5.
390 4518 498 4589 14).
522 4517 620 4583 Qui
645 4526 745 4583 est,
776 4527 858 4572 est
889 4517 1044 4571 Pater
1075 4521 1201 4585 :qui
1220 4525 1320 4589 est,
1362 4523 1444 4569 est
1480 4513 1661 4589 Filius,

49 4587 166 4661 qui
201 4598 292 4642 est
310 4588 446 4656 apud
470 4604 590 4661 eum
620 4590 706 4656 qui
736 4599 838 4653 est,
861 4589 1060 4661 absque
1084 4587 1366 4661 principio,
1395 4594 1447 4638 ct
1479 4601 1582 4661 non
1610 4588 1662 4637 in

49 4657 338 4728 {cmpore
374 4660 604 4726 genitus.
645 4661 830 4713 Omnia
872 4674 988 4726 quae
1025 4658 1180 4710 habet
1215 4657 1392 4728 Pater,
1425 4658 1509 4723 qui
1543 4670 1665 4728 v_ere

49 4725 286 4784 vita'et
309 4725 672 4782 immortalitas
703 4738 755 4782 ct
782 4729 868 4781 lux
891 4725 1226 4797 Omnipotens
1242 4736 1294 4780 et
1316 4727 1454 4779 Deus
1477 4732 1530 4797 et
1555 4725 1664 4797 Do-

52 4804 298 4860 minus,
327 4814 388 4854 ea
418 4800 594 4863 utique
623 4799 779 4854 habet
811 4809 865 4852 et
891 4795 1073 4851 Filius.
1125 4795 1237 4866 Ego
1279 4800 1440 4859 enim,
1474 4795 1662 4861 inquit,

33 4878 299 4925 acritas,
331 4882 376 4917 et
412 4882 547 4919 vita;
577 4885 649 4929 et,
675 4877 805 4920 [παι
829 4884 918 4920 tux
950 4884 1095 4930 vero;
1127 4881 1200 4931 et,
1237 4868 1372 4921 Dens
1401 4882 1514 4922 erat
1551 4867 1667 4922 Ver-

35 4944 195 4993 lmm
229 4934 413 5005 (Joan.
436 4938 519 5009 AM
573 4938 638 4997 6;
675 4937 758 4990 Ib.
784 4940 834 4992 1.
863 4938 918 4992 9.
941 4949 1002 5009 _el
1035 4939 1113 5009 1).
1139 4937 1204 4990 ΕΙ,
1231 4937 1468 5009 Thomas
1495 4938 1668 5009 inquit

34 5030 71 5064 ιι
85 5009 369 5078 postules
392 5005 690 5078 :Dominus
701 5023 844 5078 meus
861 5005 1225 5078 etDeus'meus
1241 5008 1291 5076 (J
1300 5026 1424 5062 oan.
1444 5009 1532 5078 20.
1550 5005 1664 5072 28),

54 5073 544 5147 quemadmodum
571 5085 623 5129 ct
663 5075 863 5130 Psaltes
892 5075 1015 5131 dicit
1040 5089 1065 5147 ε
1097 5073 1335 5147 Manibus
1361 5076 1478 5147 meis
1511 5075 1669 5147 Deum

57 5142 361 5216 exquisivi,
393 5153 440 5196 et
471 5160 700 5216 nonsum
728 5148 961 5216 deceptus
991 5144 1172 5216 (Psal.
1205 5147 1290 5198 76.
1311 5145 1344 5196 2
1364 5147 1406 5214 ).
1434 5144 1670 5212 Palluit/it

55 5212 242 5273 enim
278 5212 510 5266 Thomas
543 5214 766 5269 Verbum
799 5212 857 5269 in
901 5212 1268 5270 incredulitate
1293 5257 1306 5278 ,
1353 5212 1405 5268 et
1441 5229 1543 5266 non
1586 5224 1668 5268 est

56 5291 378 5351 deceptus,
402 5285 678 5338 Dominum
709 5294 765 5340 et
789 5287 956 5340 Deutn
983 5287 1128 5340 illum
1159 5292 1432 5340 conl‘essus
1461 5286 1512 5338 in
1544 5284 1665 5338 ﬁde.

58 5356 373 5420 Profecto,
401 5355 590 5421 inquit,
638 5355 758 5409 dico
778 5358 964 5412 Filium
991 5357 1082 5411 Dei
1123 5358 1311 5410 Deum.
1351 5355 1454 5408 Sed
1494 5355 1666 5408 dicis:

55 5445 200 5485 uim
228 5425 352 5478 sine
397 5424 652 5493 principio
681 5434 880 5489 autem,
919 5427 1013 5480 sed
1061 5437 1320 5490 creatum,
1367 5425 1588 5493 proinde
1615 5434 1668 5478 et

53 5511 338 5565 servum.
376 5496 438 5548 Et
462 5496 728 5564 quomodo
758 5495 891 5549 hoc?
924 5496 1021 5561 Qui
1045 5498 1095 5550 in
1113 5497 1276 5565 forma
1295 5495 1389 5549 Dei
1406 5497 1663 5557 exsistens,

52 5585 193 5626 non
219 5564 462 5638 rapinam
499 5567 769 5620 arbitratus
797 5576 867 5619 est
903 5583 1009 5621 esse
1043 5564 1285 5638 aequalem
1331 5583 1382 5620 se
1416 5565 1546 5638 Deo,
1579 5567 1668 5618 sed

47 5638 420 5706 metipsum
443 5637 650 5690 inanivit
678 5641 841 5706 {arma
859 5640 987 5690 serui
1005 5635 1205 5706 accepta
1228 5637 1480 5706 (Philipp.
1512 5635 1566 5688 2.
1587 5638 1664 5704 t5).

47 5715 120 5769 Si
153 5709 332 5777 igitur
353 5723 539 5762 servus
555 5718 655 5770 est,
686 5709 859 5761 omnis
891 5711 1032 5763 enim
1058 5719 1298 5764 creatura
1345 5723 1496 5762 serva
1545 5719 1661 5774 est,

47 5799 166 5854 qu:
179 5777 370 5834 nuodo
389 5791 570 5836 servus
590 5779 850 5834 cxsistens
871 5778 1092 5836 fortnam
1109 5783 1245 5835 servi
1268 5777 1501 5850 accepit?
1519 5778 1662 5846 Quo-

1305 327 1392 382 DE
1432 324 1699 382 SANCTA
1726 325 2045 383 TRINITAT
2061 327 2126 386 Ε.

3203 341 3341 401 1090

1763 439 1927 494 modo
1970 450 2146 494 autem
2179 439 2410 509 seipSum
2450 441 2774 507 exinanivit,
2817 446 2862 500 si
2904 447 3171 512 perfectus
3201 456 3339 512 Deus

1767 461 1927 494 moue
1970 461 2146 494 autem
2179 461 2410 509 seipsum
2450 461 2774 507 exuiamvrt,
2817 461 2860 500 ει
2973 461 3171 507 ﬂectus
3201 461 3339 512 Deus

1767 512 2060 583 nouerat?
2087 512 2307 583 Accepit
2331 513 2473 564 enim
2509 516 2650 582 quod
2694 530 2796 567 non
2832 461 3034 583 halitctit,
3065 531 3119 576 ct
3149 530 3342 581 mansit

1763 580 1904 654 quod
1931 588 2066 654 erat.
2101 579 2214 634 Non
2236 579 2424 634 lactus
2453 579 2541 654 est
2562 583 2612 636 id
2643 586 2782 654 quod
2813 599 2930 642 erat
2949 631 2962 651 ,
3004 579 3097 644 sed
3134 610 3255 648 cum
3287 579 3338 650 in

1765 649 1935 727 forma
1971 651 2060 705 Dei
2085 660 2248 727 esset.
2276 666 2369 719 per
2397 649 2813 727 misericordiam
2838 698 2852 720 ,
2885 649 3087 727 absque
3114 665 3194 716 sui
3222 649 3343 721 ver;

1765 721 1916 774 sione
1933 721 2138 788 accepit
2169 720 2390 791 formam
2426 723 2584 776 servi.
2613 724 2666 777 Si
2712 734 2888 780 autem
2930 720 3034 782 non
3073 735 3150 786 vis
3191 720 3339 791 illaut

1763 791 2008 875 confiteri
2035 791 2235 875 absque
2256 790 2515 875 principio
2534 832 2550 856 ,
2579 795 3172 875 seqttitur_qt_todjticrit
3202 790 3339 859 tem;

1762 871 1884 941 pus,
1911 875 2017 928 quo
2047 877 2150 912 non
2177 861 2334 942 fuerit
2361 860 2547 916 Filius.
2584 860 2776 923 Etiam.
2808 860 2954 923 dicit.
2989 870 3128 927 Ecce
3160 875 3336 942 igitur,

1762 931 1997 1015 inquam,
2020 931 2325 1015 secundum
2344 942 2488 1012 tuum
2521 947 2824 1015 sermonem
2845 949 2964 1015 lerat
2992 931 3204 1009 tempus
3233 931 3339 1015 quo

1765 1016 1870 1053 non
1895 999 1991 1054 fuit
2016 1000 2196 1078 Pater.
2228 1001 2326 1078 Qui
2355 1002 2495 1078 enim
2527 1002 2688 1078 lilium
2709 1021 2812 1078 non
2843 1007 3020 1071 habet,
3056 999 3203 1078 pater
3231 999 3336 1071 rion

1759 1080 2001 1150 vocatur:
2031 1070 2474 1150 Elti’ateritabuit
2511 1072 2848 1150 principium,
2886 1070 3188 1150 quoc'tepit
3216 1070 3338 1142 esse

1760 1150 1931 1211 pater.
1963 1141 2037 1194 Ex
2063 1141 2170 1193 lilio
2216 1142 2359 1220 enim
2409 1149 2556 1220 pater
2582 1141 2943 1220 cognoscitur.
2979 1141 3243 1220 Numquid
3285 1141 3339 1210 et

1762 1224 1914 1280 pater
1941 1221 2184 1278 tempore
2205 1212 2384 1280 aliquo
2405 1212 2622 1268 alterius
2651 1212 2816 1282 patris
2860 1228 2973 1270 erat
2996 1212 3167 1275 illius?
3197 1225 3335 1280 Proh

1757 1291 1954 1349 quanta
1999 1281 2366 1360 litastihemia!
2403 1282 2535 1360 Dum
2583 1281 3054 1360 fiderisvenerari
3103 1292 3334 1360 Patrem,

1759 1366 1968 1432 summa
1999 1351 2144 1432 illum
2185 1353 2506 1432 contumelia
2546 1351 2736 1408 aflicis.
2765 1355 2896 1432 Δ,ἰίιιιι
2924 1359 2978 1432 Δ(ςὶ
3022 1359 3183 1416 Filius
3227 1351 3340 1432 ipse

1758 1429 1993 1500 tempora
2020 1421 2142 1500 fecit
2183 1429 2236 1476 et
2282 1432 2586 1500 morticina;
2635 1425 2990 1500 multiscium
3041 1446 3134 1498 per
3161 1421 3331 1500 ipsum

1757 1490 2044 1572 iactasunt
2066 1494 2244 1560 (Joan.
2275 1494 2325 1546 1.
2355 1491 2447 1572 5)“;
2475 1506 2778 1572 quonpacto
2797 1490 3336 1572 dicereaudes'quod

1755 1560 1916 1615 fuerit
1938 1573 2140 1630 tempus
2159 1577 2265 1631 quo
2282 1560 2560 1616 non—fuerit
2578 1560 2780 1618 Filius?
2803 1566 3027 1623 Proinde
3044 1560 3337 1630 secundum

1758 1647 2061 1706 sermonem
2092 1642 2258 1706 tuum,
2289 1634 2461 1706 majus
2490 1634 2592 1706 erit
2619 1643 2848 1703 tempus,
2875 1653 3032 1706 quam
3054 1643 3191 1696 Deus
3213 1639 3338 1700 Ver-

1755 1701 2059 1777 Μία-ψη]
2089 1703 2230 1770 quod
2255 1701 2419 1777 prius.
2449 1703 2499 1756 id
2523 1701 2908 1777 necessarioct
2930 1711 3119 1777 majus.

1765 1780 1768 1784 '
1826 1773 1879 1825 2.
1915 1772 2006 1825 Vis
2033 1783 2210 1826 autem
2233 1773 2370 1826 scire
2395 1773 2533 1842 quod
2567 1773 2732 1829 Filius
2758 1772 3052 1832 cineterntis
3070 1784 3137 1835 sit
3161 1783 3340 1838 Patri?

1757 1843 1892 1897 Dicit
1942 1842 2137 1905 Isaias,
2182 1842 2310 1918 ligo
2342 1843 2478 1918 Dens
2526 1845 2738 1909 primus,
2783 1854 2828 1898 et
2873 1864 2964 1916 ego
2993 1865 3103 1918 post
3148 1855 3260 1918 hac,
3290 1866 3338 1909 et

1755 1924 2100 1990 (intentenon
2118 1914 2212 1990 fuit
2240 1914 2372 1990 alius
2398 1913 2554 1990 Deus,
2586 1925 2630 1965 et
2660 1925 2772 1990 post
2809 1933 2887 1969 me
2900 1913 3010 1990 non
3045 1922 3175 1990 erit(
3205 1913 3333 1978 Isai.

1754 1985 1840 2036 45.
1876 1983 1943 2037 10
1969 1993 2014 2035 et
2038 1983 2126 2037 4-1.
2150 1984 2226 2052 ti).
2254 1984 2430 2052 Itaque
2456 1984 2499 2037 si
2533 1988 2874 2051 posteriorem
2909 1988 3064 2044 Patre
3087 1983 3218 2047 dicis
3246 1995 3337 2049 Fi-

1758 2054 1910 2115 lium,
1943 2056 2208 2120 quomodo
2235 2053 2362 2106 dicit
2392 2054 2580 2114 Pater,
2635 2056 2759 2109 Post
2788 2073 2874 2111 tne
2917 2075 3020 2113 non
3074 2064 3171 2115 erit
3201 2065 3337 2119 alius

1761 2123 1938 2177 Deus?
1966 2123 2056 2197 Sin
2084 2125 2307 2197 exponis
2339 2123 2436 2176 hoc
2465 2126 2532 2197 de
2553 2124 2710 2190 Filio,
2739 2130 3004 2195 quomodo
3033 2132 3178 2197 dicit,
3206 2137 3335 2186 Ante

1756 2210 1834 2271 ine
1852 2196 2066 2264 nonfuit
2098 2196 2230 2247 alius
2259 2194 2393 2246 Deus
2406 2194 2784 2271 {Quapropter
2811 2214 2875 2250 ex
2918 2201 2998 2252 ItlS
3023 2194 3216 2271 collige
3241 2205 3335 2258 Fi-

1758 2263 1883 2317 lium
1910 2263 2233 2317 COtL'leI‘ntlm
2260 2277 2378 2317 esse
2408 2265 2568 2318 Patri.
2600 2265 2732 2318 Audi
2756 2277 2931 2322 autem
2954 2280 3007 2323 et
3033 2263 3333 2328 tcstiinonia

1755 2335 1821 2387 de
1853 2333 2007 2398 Filio,
2034 2346 2086 2388 et
2115 2335 2234 2401 iuge
2261 2334 2640 2402 blasphemiam
2667 2352 2680 2387 :
2707 2334 2848 2390 Pluit
2889 2339 3135 2396 Dominus
3169 2361 3201 2396 a
3237 2344 3340 2398 Do-

1755 2405 2079 2483 minoignmn
2119 2416 2163 2456 et
2186 2403 2402 2483 sulphur
2439 2421 2591 2483 super
2618 2405 2858 2483 Sodoma
2879 2406 3170 2483 Gen.19.
3193 2414 3264 2468 24
3292 2415 3337 2483 ).

1759 2475 2038 2528 Dominum
2069 2481 2221 2528 vomit
2251 2474 2480 2538 Patrem,
2514 2475 2790 2528 Dominum
2819 2474 3033 2545 Filium,
3057 2474 3334 2537 Dominum

1756 2545 2010 2621 Spiritum
2041 2545 2479 2621 s_atietutn_._§it-ut
2508 2545 2654 2607 dicit,
2690 2545 2939 2621 Dominus
2974 2561 3139 2603 autem
3165 2555 3340 2621 Spiri-

1755 2612 1834 2667 tus
1861 2627 1931 2686 est
1955 2614 2026 2686 (‘2.
2054 2614 2169 2667 Cor.
2200 2612 2373 2686 5217)
2401 2633 2413 2668 :
2447 2623 2500 2668 et
2527 2631 2630 2686 non
2674 2616 2832 2686 dicit,
2881 2617 3132 2675 Dominus
3167 2612 3340 2679 niinor

1759 2684 1979 2738 Domino
2009 2699 2215 2751 magno.
2248 2684 2312 2736 Et
2332 2685 2503 2737 Moses
2529 2685 2654 2738 dicit
2685 2702 2700 2738 :
2732 2684 2798 2739 Et
2822 2688 3030 2742 adorent
3049 2692 3191 2744 illum
3219 2709 3329 2747 om-

1757 2772 1842 2808 nes
1873 2756 2037 2825 angeli
2065 2753 2160 2807 Dei
2189 2754 2414 2825 (Denter.
2447 2754 2534 2808 52.
2563 2755 2678 2824 15).
2719 2758 2953 2826 Angelus
2979 2772 3156 2815 autem
3183 2779 3334 2818 crea-

1759 2837 1927 2879 turam
1952 2842 2055 2879 non
2102 2827 2304 2878 adorat.
2330 2826 2392 2878 Et
2435 2837 2486 2878 ut
2513 2826 2686 2878 discas
2727 2826 2794 2879 de
2839 2828 2970 2881 Filio
3010 2832 3109 2886 hoc
3138 2833 3336 2888 dictuut

1757 2911 1909 2958 esse,
1945 2897 2065 2949 audi
2101 2897 2317 2950 Paulum
2347 2895 2653 2950 dicentem:
2688 2895 2904 2963 Quando
2948 2910 3112 2956 autem
3149 2904 3338 2958 inducit

1760 2969 2142 3036 primogenitum
2186 2968 2237 3019 in
2277 2966 2443 3036 orbem
2490 2976 2769 3036 terrarum,
2817 2969 2986 3022 dicit:
3011 2969 3074 3022 Et
3125 2974 3337 3028 adorent

1756 3034 2096 3114 i_llunt,omncs
2125 3036 2288 3114 angeli
2321 3034 2417 3089 Dei
2444 3036 2460 3104 (
2763 3042 2816 3114 (έ;
2855 3037 2995 3114 Psal.
3027 3041 3114 3096 96-
3147 3043 3238 3114 7).
3272 3044 3340 3100 Et

1760 3106 1920 3184 Daem
1962 3122 2171 3184 quoilue
2195 3105 2408 3184 clamat
2440 3123 2454 3157 :
2483 3106 2619 3157 Dixit
2659 3105 2906 3184 Dominus
2947 3111 3163 3165 Domino
3197 3105 3338 3184 'mco,

1756 3177 1874 3232 sede
1900 3193 1932 3228 a
1959 3179 2146 3230 neutris
2168 3177 2310 3240 miris,
2342 3178 2499 3229 donec
2527 3192 2711 3244 ponam
2744 3179 2972 3232 inimicos
3001 3191 3110 3234 tuos
3143 3177 3338 3238 scabel;

1757 3247 1862 3301 lion
1893 3247 2073 3314 pedum
2101 3259 2298 3299 tuorum
2331 3245 2501 3316 (l’sal.
2531 3246 2754 3316 109.71).
2793 3250 2852 3302 Et
2877 3266 2979 3303 non
3005 3251 3134 3304 dixit
3166 3269 3179 3306 :
3209 3257 3342 3310 dixit

1760 3317 2015 3370 Dmntntts
2062 3317 2264 3370 Domini
2316 3315 2416 3370 titei
2445 3335 2458 3368 :
2488 3317 2612 3379 sed,
2661 3315 2903 3371 Dominus
2943 3319 3162 3378 Domino
3209 3341 3339 3382 meo.

1759 3385 1913 3452 Ecce,
1938 3387 2062 3462 dicit
2085 3387 2262 3449 lsaias,
2294 3386 2433 3462 virgo
2459 3397 2653 3462 nierum
2679 3399 2833 3462 geret,
2870 3401 2916 3462 et
2957 3393 3115 3462 pariet
3152 3396 3338 3462 lilium,

1758 3467 1805 3509 et
1835 3458 2078 3534 vocabant
2107 3472 2282 3510 nomen
2313 3458 2422 3525 ejus
2447 3456 2754 3534 Emmanuel
2775 3456 3010 3534 (Isai._7.
3032 3462 3117 3532 M)
3152 3456 3168 3517 Ξ
3197 3456 3337 3534 quod

1760 3536 1845 3600 est
1899 3530 2340 3600 interpretatum,
2393 3529 2665 3600 uobiscum
2725 3529 2883 3600 Deus.
2937 3529 3159 3600 Utique,
3213 3529 3341 3589 ilico

1763 3599 1933 3662 ipsum
1962 3598 2153 3651 Filium
2180 3597 2474 3666 subjectum
2521 3597 2674 3665 planc
2719 3609 2772 3650 et
2812 3597 3112 3655 inferiorein
3155 3604 3331 3660 Patre.

1761 3669 1950 3742 Arguit
1980 3677 2040 3742 le_
2065 3667 2241 3720 denuo
2273 3667 2451 3742 Isaias,
2473 3668 2860 3742 dicetis_:_l’ner
2883 3681 3030 3724 natus
3068 3683 3138 3727 est
3175 3675 3338 3742 nobis,

1769 3741 1980 3815 ﬁliusct
2005 3738 2152 3815 datus
2178 3746 2248 3792 est
2277 3739 2439 3815 nobis,
2465 3738 2790 3815 eluctabitur
2814 3756 2991 3815 nomen
3003 3743 3148 3815 _ejus,
3173 3738 3340 3815 magni

1763 3809 1960 3862 consilii
1999 3811 2229 3883 angelus,
2271 3808 2584 3883 admirabilis
2618 3811 2954 3883 consiliarius,
2991 3808 3142 3867 Deus
3170 3808 3338 3883 [oi-lis,

1765 3889 2056 3951 potestatem
2085 3879 2290 3951 Imb_ens,
2313 3881 2561 3951 princeps
2601 3881 2758 3948 pacis,
2784 3890 2928 3949 pater
2971 3884 3128 3951 futuri
3169 3879 3341 3940 surculi

1765 3948 1784 4020 (
1816 3949 1938 4002 (sui.
1973 3951 2024 4002 9.
2053 3951 2084 4002 6
2109 3950 2147 4019 ).
2168 3948 2432 4016 PrOpheta
2463 3957 2723 4018 potestate
2752 3948 3052 4020 p’rzeditu'm,
3081 3963 3135 4006 et
3175 3955 3338 4010 Deum

1764 4022 1956 4075 fortem
1990 4021 2256 4088 praedicat,
2288 4029 2341 4072 et
2370 4026 2423 4071 tu
2446 4021 2575 4072 dicis
2598 4020 2744 4074 illum
2771 4021 3077 4076 subditum?
3106 4023 3198 4078 ille
3223 4042 3337 4079 ma-

1765 4094 1849 4160 gni
1874 4092 2076 4143 consilii
2109 4091 2348 4156 angelum
2381 4099 2529 4160 vocat
2549 4130 2562 4150 ,
2592 4099 2644 4143 et
2671 4099 2722 4142 tu
2752 4091 2886 4145 dicis
2914 4107 3132 4160 parvum
3157 4095 3180 4148 ?
3210 4095 3340 4151 Vide

1765 4159 1970 4222 auem,
2014 4161 2270 4225 obsecro,
2317 4159 2440 4228 qttid
2480 4160 2734 4214 Jeretnias
2781 4161 2847 4214 de
2887 4179 2951 4215 eo
2979 4163 3205 4218 clamet:
3241 4163 3341 4220 llic

1767 4231 1905 4284 Dens
1931 4243 2118 4295 noster,
2143 4238 2242 4284 nou
2268 4229 2748 4300 tt'stimabiturralius
2774 4234 2840 4284 ad
2855 4232 2996 4285 illum
3019 4233 3243 4300 (Bat'uclt
3285 4237 3338 4292 5.

1767 4301 1878 4371 56).
1912 4301 1986 4354 De
2015 4301 2241 4355 Patrone
2279 4301 2445 4362 dicit,
2475 4317 2540 4354 an
2575 4299 2640 4371 tle
2678 4301 2850 4354 Filio?
2893 4304 2965 4358 De
3010 4299 3164 4358 Patre
3192 4307 3340 4360 dicit.

1770 4370 1994 4445 Paterne
2017 4375 2316 4426 incarnatus
2339 4380 2440 4432 est,
2469 4387 2550 4445 an_
2571 4370 2772 4424 Filius?
2807 4371 2994 4445 Filius.
3044 4375 3221 4445 Itaque
3250 4393 3339 4431 Sc-

1765 4443 1996 4498 cimdum
2028 4458 2322 4496 sermonem
2350 4452 2492 4494 tuum
2520 4441 2676 4494 Pater
2701 4452 2777 4494 est
2804 4441 3339 4501 inearttatnstcrum

1766 4527 1912 4587 nunc
1936 4514 2090 4567 video
2113 4513 2259 4581 juxta
2310 4525 2611 4587 sermonem
2641 4511 2907 4587 prophetae
2930 4516 3106 4587 ,‘quod
3138 4514 3300 4587 Filius
3319 4555 3342 4587 ,

1768 4583 1857 4653 qui
1890 4593 1943 4637 et
1963 4593 2304 4653 Conversattts
2331 4590 2550 4636 estcum
2590 4582 2910 4636 hominibus.
2955 4583 3129 4638 Etiam
3177 4582 3342 4642 Filius

1771 4651 2074 4707 incarnatus
2103 4665 2213 4722 est,
2237 4651 2393 4705 Pater
2439 4661 2616 4706 autem
2669 4653 2784 4707 siuc
2823 4668 2982 4708 carne
3032 4659 3339 4722 permansit.

1770 4724 1873 4778 Per
1903 4724 2174 4793 sequentia
2200 4721 2360 4792 igitur
2385 4723 2656 4793 convictus
2676 4765 2688 4785 ,
2717 4743 2749 4774 o
2779 4721 3051 4793 insipiens,
3086 4728 3249 4781 latere
3275 4730 3344 4782 de

1771 4795 1907 4849 Filio
1937 4793 2036 4846 hoc
2069 4791 2171 4848 dici
2207 4791 2353 4845 :Vllic
2381 4792 2516 4846 Deus
2555 4805 2748 4856 noster,
2781 4791 2897 4848 unn'
2918 4797 3242 4850 wstititabitur
3273 4800 3343 4851 ad

1769 4866 1915 4919 illum
1938 4864 2090 4931 alius,
2120 4864 2301 4917 invenit
2328 4880 2524 4916 omnem
2550 4867 2679 4917 viam
2714 4866 2953 4932 scientia',
2983 4876 3026 4918 et
3061 4867 3199 4920 dedit
3230 4884 3341 4922 eam

1769 4935 1928 4989 Jacob
1972 4951 2126 5007 puero
2172 4951 2282 4997 suo,
2314 4943 2361 4986 et
2402 4933 2782 5007 lsraeldilect‘o
2824 4953 2915 4988 suo
2943 4975 2956 4988 .
2991 4945 3161 5004 postea
3193 4954 3344 5007 super

1771 5016 1955 5060 terram
1981 5005 2116 5058 visus
2169 5015 2260 5064 est,
2316 5013 2362 5056 et
2407 5020 2521 5055 cum
2565 5003 2846 5057 hominibus
2901 5003 3217 5060 comm-satus
3255 5003 3342 5063 ’ρει

1775 5075 1998 5146 (Daruclt
2045 5073 2096 5126 5.
2127 5073 2213 5128 57.
2241 5071 2351 5143 58).
2380 5073 2538 5128 Vides
2562 5075 3184 5146 illUIItCI.ltfglblalttl'ml'l?
3209 5078 3338 5132 Nam

1771 5144 1816 5200 si
1846 5148 1955 5214 ipse
1983 5145 2181 5198 invenit
2222 5158 2432 5214 omnem
2460 5147 2596 5196 viam
2639 5145 2910 5209 scientiae,
2947 5158 2997 5200 et
3036 5146 3182 5200 dedit
3223 5166 3340 5202 eam

1771 5211 1933 5288 .lacoh
1960 5228 2259 5288 puerosuo,
2281 5224 2334 5288 et
2365 5211 2748 5288 israeldilecto
2764 5229 2861 5268 suo
2891 5233 2904 5288 :_
2927 5215 3041 5284 ipse
3070 5232 3144 5272 (δι
3176 5235 3260 5288 qui
3288 5229 3342 5274 et

1773 5285 1902 5339 Mosi
1922 5285 2184 5354 apparuit,
2215 5294 2269 5338 et
2296 5284 2466 5354 legem
2505 5285 2667 5337 dedit.
2709 5285 2775 5338 Et
2803 5285 2942 5339 unde
2987 5290 3084 5340 hoc
3115 5284 3337 5342 mande-

1771 5353 2127 5410 ειυιιιῖίΑιιόὶ
2168 5353 2478 5423 prOphetam
2521 5354 2783 5408 dicentem
2827 5372 2839 5407 :
2890 5356 3166 5424 Disponam
3209 5361 3342 5415 rubis

1773 5437 2139 5488 testantenrum,
2163 5441 2262 5479 non
2285 5427 2413 5495 sicut
2434 5433 2776 5478 testamentum
2795 5427 2930 5495 quod
2967 5429 3189 5494 disposui
3228 5446 3343 5482 cum

1773 5497 1996 5553 patribus
2016 5497 2207 5562 vestris,
2233 5493 2438 5566 quando
2471 5497 2779 5566 apprehendi
2807 5493 3024 5548 ’manum
3049 5493 3254 5562 eorum,
3290 5511 3342 5553 ut

1770 5570 2028 5623 educerem
2052 5585 2134 5621 eos
2160 5583 2224 5620 ea:
2247 5565 2327 5620 71E
2331 5574 2508 5637 gypto.
2536 5567 2676 5619 Dans
2701 5567 2830 5636 leges
2852 5585 2984 5622 meas
3003 5569 3055 5621 in
3081 5570 3233 5622 corda
3254 5587 3340 5624 eo-

1771 5655 1906 5700 rum,
1929 5647 1973 5690 ct
1992 5640 2044 5691 in
2071 5649 2256 5690 mentes
2279 5651 2447 5690 eorum
2468 5637 2733 5689 inscribam
2751 5638 2885 5703 illas,
2909 5649 2955 5692 et
2983 5652 3126 5692 erant
3149 5640 3272 5692 mihi
3291 5655 3341 5694 tn

1777 5709 2040 5779 populant,
2065 5717 2110 5760 et
2149 5709 2241 5776 ego
2265 5706 2519 5779 ero_eis_in
2547 5705 2706 5760 Deum
2733 5706 2945 5776 (Jerem.
2985 5711 3072 5764 51.
3100 5710 3280 5763 51-55
3300 5712 3339 5778 ).

1788 5779 1944 5836 Vides
1972 5779 2108 5850 quod
2135 5780 2245 5849 ipse
2265 5779 2332 5833 sit
2357 5777 2622 5848 lcgisiator
2647 5786 2751 5831 tant
2783 5779 2981 5835 Veteris
3027 5793 3182 5850 quam
3209 5777 3336 5836 Novi
