3884 6262
457 301 590 360 1091

402 409 405 420 ’
451 411 816 467 Testamenti?
856 409 988 464 Nam
1033 409 1174 479 quod
1227 424 1418 464 novam
1463 409 1633 478 legem
1680 407 2028 479 ipse_tulerit,

459 497 630 551 neque
649 491 701 534 tu
719 481 919 534 inticias
943 476 1086 533 ieris.
1111 477 1176 532 Et
1198 489 1274 542 tu,
1294 476 1564 551 Bethleem,
1585 479 1762 530 domus
1780 476 2030 551 Ephrata,

456 547 560 604 non
584 552 789 603 minima
811 567 881 613 es,
898 561 952 602 ut
980 551 1047 602 sis
1071 551 1124 602 in
1149 550 1367 602 millibus
1391 547 1532 602 Iuda
1555 563 1574 601 :
1601 564 1663 600 ea;
1687 557 1734 599 te
1751 549 1882 600 enim
1911 548 2034 600 mihi

455 621 738 689 egredietur
763 620 884 680 dum,
912 628 956 671 et
981 620 1284 689 egressiones
1324 618 1533 689 ejus_ob
1577 619 1720 689 initio
1747 617 1962 689 dierum,
1980 626 2034 689 et

456 685 712 760 ipseireget
734 689 977 757 populum
1007 685 1172 760 meum
1192 685 1362 760 Israel
1383 685 1652 760 (Μίξᾲἶ
1679 685 2028 760 g;___bIatt_l_t._2.

564 755 912 842 Vides-unum
946 759 1195 842 populum
1224 757 1396 842 Patris
1413 767 1466 810 et
1495 756 1656 842 Filii'?
1684 755 2029 842 Fili'us‘dici—ti

459 824 562 880 Ero
579 830 647 880 eis
673 829 723 880 in
754 824 1026 888 Deum,ret
1061 828 1158 894 ipsi
1211 827 1335 878 mihi
1378 829 1430 878 in
1485 825 1747 893 papulum.
1781 824 1936 878 Pater
1963 825 2030 878 de

459 898 669 951 Christo
695 898 820 950 dicit
849 913 864 951 :
894 896 958 948 Et
1003 907 1135 966 reget
1161 897 1402 966 populum
1442 912 1605 948 meum
1653 894 1833 947 Israel.
1883 895 2034 948 Disce

461 982 620 1020 unum
644 981 862 1036 regnum
892 965 1068 1020 Patris
1087 976 1140 1019 et
1167 965 1306 1020 Filii.
1334 967 1690 1036 Quacumque
1718 973 1892 1036 autem
1917 972 2035 1032 post

465 1038 577 1091 haec
603 1034 724 1104 ipso
750 1039 998 1104 loquente
1018 1036 1167 1090 audis
1202 1035 1440 1096 humilia,
1475 1044 1752 1104 postquam
1774 1049 1835 1086 ex
1865 1034 2030 1087 bene-

463 1103 656 1170 plaeito
683 1123 778 1159 suo
803 1103 1102 1159 incarnatus
1123 1115 1224 1169 est,
1255 1117 1307 1158 et
1329 1120 1447 1158 sese
1487 1103 1778 1158 bumiliavit
1818 1112 2034 1172 propter

463 1175 735 1229 hominum
759 1175 1003 1237 salutem,
1031 1175 1140 1227 haec
1162 1185 1219 1228 ut
1242 1174 1457 1244 dignum
1503 1184 1586 1226 est
1603 1243 1608 1244 ν
1625 1173 1748 1244 Deo
1764 1173 2032 1244 intelligo.

461 1246 592 1298 Nam
623 1246 771 1298 litera
803 1247 1017 1307 occidit,
1044 1247 1258 1312 spiritus
1278 1241 1452 1298 autem
1483 1243 1710 1297 viviﬁcat
1733 1242 1806 1312 (2.
1829 1241 1946 1296 Cor.
1977 1244 2031 1296 5.

461 1319 540 1384 ti).
571 1315 776 1368 Etenim
799 1316 844 1370 si
875 1318 1124 1384 apostolis
1144 1318 1237 1383 qui
1271 1315 1514 1368 viderant
1561 1328 1654 1367 sua
1703 1314 1951 1384 miracula
1981 1322 2035 1366 et

464 1383 513 1438 in
539 1386 753 1438 nomine
783 1383 945 1452 ipsius
972 1400 1156 1437 omnes
1183 1384 1393 1438 morbos
1420 1391 1753 1446 curaverant,
1784 1383 1991 1435 dicebat
2017 1399 2030 1434 :

462 1454 630 1506 Multa
649 1454 784 1507 vobis
815 1455 970 1507 habeo
993 1455 1176 1518 dicere,
1205 1455 1291 1507 sed
1313 1471 1411 1505 non
1436 1455 1639 1521 potestis
1663 1462 1866 1520 portare
1886 1454 2034 1521 modo

463 1525 638 1594 (Joan.
677 1525 760 1577 16.
795 1523 880 1594 12)
911 1525 1243 1594 ςιιυὶάίιιτςο
1286 1524 1349 1594 ad
1381 1520 1547 1594 multo
1595 1525 1908 1594 crassiorem
1937 1520 2034 1594 Ju-

458 1590 671 1648 dzenm?
697 1595 824 1648 Nam
853 1590 895 1647 Si
923 1590 1042 1647 cum
1072 1590 1293 1651 diceret.
1328 1592 1629 1662 Priusquam
1657 1590 1913 1662 Abraham
1937 1591 2032 1662 ﬁe-

459 1674 553 1727 ret,
581 1680 672 1735 ego
700 1681 810 1716 sum
853 1663 1012 1733 (Ibid.
1045 1668 1096 1717 8.
1127 1664 1235 1735 58),
1272 1660 1500 1735 tulerunt
1531 1661 1762 1735 lapides,
1803 1670 1884 1735 ut.
1905 1660 2038 1728 lapi-

465 1730 655 1788 darent
677 1730 892 1802 ipsum:
918 1734 1186 1803 quomodo
1211 1733 1333 1799 quid
1355 1732 1632 1803 sublimius
1658 1732 1756 1803 sibi
1785 1730 2033 1803 dicisus-

468 1800 786 1857 tinuissent?
840 1800 1003 1857 Sic-et
1051 1805 1099 1855 in
1148 1801 1321 1855 Vrteri
1368 1802 1532 1854 multa
1566 1801 1795 1854 itiviriiiet
1823 1800 1942 1857 quis
1969 1801 2034 1854 de

467 1874 623 1928 Patre
650 1874 750 1927 dici
801 1891 893 1938 pro
945 1873 1292 1928 crassitudine
1341 1871 1678 1924 auditorum:
1708 1879 1785 1931 ut,
1830 1871 2034 1938 Septem

459 1944 593 2013 oculi
621 1943 824 1996 Domini
850 1945 1161 2013 respicientes
1188 1943 1353 1995 orbem
1368 1951 1610 1993 terrarum
1628 1939 1806 2010 (Zach.
1827 1941 1884 2013 Ii.
1899 1939 2032 2013 id):

461 2022 536 2079 et,
570 2011 634 2066 In
659 2009 939 2067 velamento
971 2012 1168 2065 alarum
1218 2023 1418 2063 tuarum
1461 2009 1685 2081 prati-ges
1729 2028 1807 2063 me
1836 2009 1854 2081 (
1888 2009 2030 2081 I_"sal.

460 2077 550 2170 1
580 2082 787 2170 §)n:oet,‘
808 2082 1059 2170 Efpitare,
1091 2093 1142 2133 ut
1172 2081 1294 2170 quid
1316 2077 2029 2170 obdoruiis',VDomiuelPsal.

460 2155 552 2208 45.
580 2151 708 2224 25)?
738 2161 814 2214 et,
847 2151 961 2204 Nisi
1001 2152 1488 2224 conversihfueritis,
1528 2151 1754 2224 gladium
1791 2166 1935 2224 suum
1961 2151 2035 2202 ui-

464 2223 622 2276 brauit
655 2220 868 2275 .‘arcum
896 2239 1040 2275 suum
1067 2221 1298 2278 intendit.
1326 2230 1370 2272 et
1400 2221 1591 2285 paravit
1614 2221 1756 2272 illum
1785 2235 1802 2272 :
1827 2220 2033 2287 sagittas

461 2309 578 2346 suas
599 2292 883 2345 ardentibus
907 2289 1066 2356 effecit
1091 2289 1259 2360 (Psal.
1291 2290 1343 2343 7.
1370 2291 1456 2344 15.
1479 2291 1589 2356 14).
1621 2291 1682 2343 Ει
1719 2289 1985 2357 quomodo
2011 2290 2034 2340 ?

460 2360 646 2430 Neque
674 2365 812 2416 enim
843 2360 1072 2414 volatilis
1115 2370 1196 2413 est
1249 2360 1407 2430 Deus,
1434 2374 1606 2427 neque
1634 2374 1818 2414 somno
1841 2373 2033 2428 grava-

461 2429 572 2497 tur,
594 2447 764 2499 neque
794 2431 875 2485 vel
896 2431 1098 2499 gladius
1126 2429 1264 2498 apud
1298 2429 1482 2490 Deum,
1509 2432 1595 2499 vel
1626 2445 1802 2494 arcus,
1830 2432 1910 2481 vel
1937 2445 2028 2483 sa-

459 2501 606 2570 gitta:
638 2519 652 2554 :
683 2498 1027 2570 incorporeus
1047 2501 1187 2554 enim
1221 2500 1482 2570 Deuscst.
1507 2498 1700 2553 Verum
1728 2499 2035 2570 haecintcr-

459 2569 694 2626 minatur
711 2569 988 2641 propheta,
1007 2581 1059 2623 ul
1073 2570 1265 2624 excitet
1281 2569 1576 2623 auditorum
1606 2569 2029 2641 crassitudinem:

460 2641 533 2695 ita
559 2651 614 2695 et
645 2638 782 2694 [le—us
809 2640 1046 2696 Verbum
1079 2650 1293 2708 propter
1335 2654 1432 2692 nos
1473 2641 1774 2693 incarnatus
1822 2638 2034 2693 imitans

463 2711 675 2765 Patrem
701 2727 852 2764 suum
893 2709 1106 2762 humilia
1151 2712 1402 2777 loquitur,
1447 2709 1512 2764 ad
1544 2719 1777 2762 nostrain
1809 2709 2032 2762 salutem

459 2782 772 2850 respiciens.
808 2781 1077 2850 Quoniam
1108 2781 1262 2850 enim
1309 2781 1478 2849 ipsum
1504 2779 1888 2850 adversarium
1914 2781 2032 2850 lteo

463 2847 719 2919 putabant
744 2891 758 2915 ,
788 2849 1025 2903 dicentes
1050 2867 1062 2902 :
1097 2849 1212 2902 Non
1239 2860 1309 2902 est
1328 2847 1418 2901 hic
1439 2867 1469 2900 a
1492 2848 1594 2902 Deo
1617 2848 1788 2912 (Joan.
1821 2849 1872 2901 9.
1907 2847 2028 2917 lii):

460 2932 532 2980 et,
571 2921 642 2974 De
665 2923 794 2973 bono
820 2937 967 2988 opere
993 2937 1090 2971 non
1122 2919 1410 2988 lapidamus
1440 2929 1520 2986 te,
1550 2919 1636 2970 sed
1682 2926 1896 2988 prOpteri
1920 2919 2030 2970 bla-

457 2993 740 3060 sphemiam
761 3032 774 3050 ,
811 2987 927 3060 quia
955 2999 1006 3044 tu
1035 3005 1148 3041 cum
1174 2987 1322 3060 homo
1361 2991 1450 3049 sis,
1479 2989 1603 3057 facis
1629 2991 1841 3056 teipsum
1868 2987 2030 3060 Deum

464 3057 628 3130 (Ibid.
665 3062 750 3114 10.
779 3057 868 3128 55)
905 3077 917 3111 :
950 3069 1004 3112 et
1045 3068 1257 3127 propter
1281 3059 1380 3111 hoc
1409 3061 1714 3130 quaerebant
1751 3074 1868 3130 eum
1897 3057 2034 3125 lapi.

457 3128 604 3193 dare,
633 3133 768 3197 quod
797 3146 899 3182 non
927 3130 1095 3182 solum
1120 3131 1349 3183 solveret
1374 3129 1667 3193 sabbatum,
1696 3128 1790 3180 sed
1813 3132 1948 3196 quod
1979 3138 2034 3182 et

461 3201 670 3256 Patrem
709 3215 860 3252 suum
889 3199 1086 3252 diceret
1135 3200 1334 3262 Deum,
1375 3199 1629 3262 aequalem
1669 3198 1900 3264 seipsum
1954 3198 2032 3251 fa-

458 3271 607 3324 ciens
634 3271 742 3322 Deo
775 3287 787 3321 :
816 3278 869 3321 ct
908 3269 1026 3320 ideo
1051 3270 1168 3336 quia
1202 3284 1304 3320 non
1345 3267 1619 3334 capiebant
1665 3268 1947 3330 sublimia,
1980 3277 2033 3322 et

458 3355 553 3394 sua
581 3339 774 3392 deitate
803 3339 978 3406 digna,
1029 3338 1209 3405 incipit
1251 3337 1466 3390 humilia
1491 3338 1685 3400 dicere,
1739 3352 1830 3406 per
1856 3338 2032 3392 omnia

458 3409 739 3463 declarans
762 3424 822 3462 se
853 3405 955 3459 non
987 3422 1105 3461 es~e
1138 3409 1244 3460 Ileo
1271 3408 1612 3462 contrarium.
1663 3407 1724 3462 Si
1755 3405 2032 3476 diligeretis

461 3495 558 3534 me.
588 3478 870 3548 gauderetis
900 3479 1240 3548 utiquepqula
1282 3494 1371 3547 ego
1402 3477 1528 3530 vado
1561 3478 1627 3530 ad
1651 3493 1760 3530 eum
1790 3479 1872 3548 qui
1901 3479 2033 3548 misit

461 3566 541 3601 me
571 3545 796 3610 Patrem,
821 3545 1056 3616 quoniam
1088 3545 1240 3600 Pater
1278 3545 1414 3600 meus
1442 3549 1601 3615 major
1629 3563 1712 3618 me
1731 3558 1802 3600 est
1825 3617 1828 3618 ν
1851 3546 1868 3618 (
1894 3545 2029 3600 Ibid.

463 3621 548 3674 14.
577 3619 669 3688 28)
698 3638 710 3668 :
741 3619 950 3687 quando
977 3619 1115 3670 enim
1146 3620 1376 3685 seipsuin
1413 3618 1665 3686 aequalem
1696 3617 1834 3670 Patri
1867 3619 2032 3670 iacie-

463 3690 570 3751 bat,
605 3689 835 3756 lapidare
857 3689 1025 3756 ipsiim
1055 3689 1400 3741 canebantur.
1423 3689 1572 3751 Quod
1603 3689 1647 3740 si
1683 3688 1795 3740 haec
1821 3703 1926 3740 non
1952 3691 2032 3742 sic

463 3774 522 3818 se
576 3760 850 3822 haberent,
881 3760 1146 3826 eogei'cris
1189 3757 1404 3811 laudare
1442 3758 1673 3820 Judwos,
1706 3758 1846 3826 quod
1891 3758 2033 3826 juste

459 3830 840 3883 crucilixisscnt
869 3830 1156 3891 Christum,
1191 3829 1618 3881 utadversarium
1651 3829 1760 3880 Dei.
1792 3828 1920 3880 Nam
1944 3828 2030 3896 qui

460 3901 803 3968 semetipsum
832 3902 1088 3965 aequalem
1121 3898 1231 3950 Deo
1259 3907 1312 3952 et
1340 3899 1479 3968 l’atri
1511 3899 1650 3959 lat-it,
1688 3913 1807 3950 cum
1839 3913 1940 3949 non
1965 3898 2034 3951 sit

459 3969 602 4031 talis,
633 3967 678 4022 is
707 3971 811 4022 lico
834 3968 1174 4022 adversarius
1196 3977 1297 4021 est.
1329 3967 1587 4021 Cancrum
1613 3969 1834 4021 mendax
1863 3977 1960 4021 erit
1979 3979 2032 4021 et

460 4039 678 4102 Paulus,
728 4040 948 4091 dicens:
979 4037 1098 4090 Non
1141 4039 1370 4104 rapinam
1417 4039 1684 4090 arbitratus
1721 4048 1789 4089 est
1831 4055 1883 4089 se
1929 4055 2034 4091 esse

459 4110 703 4180 aqualem
723 4107 830 4161 Deo
853 4107 1109 4180 (Philipp.
1135 4107 1189 4159 2.
1219 4109 1296 4179 6).
1327 4107 1460 4174 Quid
1484 4109 1636 4180 igitur
1663 4106 2030 4180 est__Salva-tor,

461 4176 754 4232 secundum
777 4178 916 4245 quod
948 4176 1380 4230 incarnatus'non
1409 4182 1526 4229 est?
1554 4179 1640 4232 Sic
1661 4178 1710 4228 in
1740 4178 1828 4229 illo
1854 4195 1864 4227 :
1892 4176 2033 4229 Vado

459 4249 527 4300 ad
558 4246 760 4302 Patrem
785 4264 968 4310 meum,
993 4257 1036 4299 et
1070 4246 1270 4298 Patrem
1297 4256 1530 4311 vestrum,
1557 4258 1601 4298 et
1628 4246 1790 4298 Deum
1839 4263 2026 4311 meum,

458 4330 507 4374 et
529 4317 689 4373 Deum
715 4331 929 4373 vestrum
970 4325 985 4386 (
1020 4316 1172 4373 Joan.
1207 4318 1294 4370 20.
1330 4318 1393 4369 17
1421 4320 1438 4385 )
1472 4335 1482 4368 :
1513 4317 1666 4369 aliter
1689 4326 1840 4369 vocat
1879 4332 2030 4369 suum

459 4391 748 4445 secundum
776 4401 1036 4454 naturam,
1068 4401 1122 4444 et
1152 4392 1309 4443 aliter
1331 4395 1569 4441 imstrum
1591 4387 1883 4439 secundum
1914 4403 2034 4454 gra-

459 4463 585 4514 tiam
617 4471 670 4515 et
689 4462 1027 4530 adeptionem
1054 4477 1066 4514 :
1094 4462 1247 4514 aliter
1273 4475 1426 4512 suum
1464 4469 1681 4530 propter
1725 4456 2034 4530 bonam_vo-

457 4532 738 4598 lnntatem,
766 4526 819 4584 et
850 4544 1062 4598 iropter
1081 4543 1310 4584 eri-alam
1332 4528 1786 4598 assumptionem:
1810 4536 1864 4579 et
1883 4526 2036 4580 aliter

461 4596 786 4654 nostrum’ut
826 4596 1210 4654 creaturarmn.
1251 4601 1400 4667 Quod
1439 4603 1481 4652 si
1529 4600 1579 4653 in
1626 4597 1705 4649 bis
1735 4596 2031 4667 disceptas,

457 4673 628 4739 potuit
649 4672 826 4724 dicere
858 4672 1063 4724 Patrem
1091 4666 1325 4724 nostrum
1348 4681 1400 4723 et
1421 4681 1668 4730 vesnum,
1692 4682 1796 4721 non
1827 4666 2031 4739 Patrem

457 4736 634 4795 ineum
665 4750 719 4794 et
743 4751 974 4794 vestrum
1011 4759 1023 4793 :
1051 4743 1202 4809 cujus
1228 4757 1354 4810 ergo
1379 4742 1544 4809 gratia
1575 4741 1750 4792 divisit
1798 4752 1891 4810 se,
1918 4736 2032 4810 _nisi

458 4822 516 4864 ut
545 4813 678 4864 hanc
706 4828 801 4862 nos
831 4813 936 4864 Deo
963 4806 1171 4880 dignam
1200 4806 1515 4864 seuieniiam
1545 4810 1757 4880 doceret
1781 4806 1992 4880 ?_\"ides
2013 4847 2028 4872 ,

461 4883 651 4950 inquit,
680 4882 945 4949 quomodo
976 4877 1258 4949 indiguerit
1300 4891 1518 4948 paterno
1552 4879 1773 4943 auxilio,
1805 4877 1986 4950 dicens
2015 4894 2029 4934 :

460 4950 515 5004 Ν
520 4946 614 5004 unc
644 4946 814 5004 auium
859 4968 969 5003 mea
997 4946 1194 5004 turbata
1224 4946 1315 5002 est;
1361 4950 1420 5001 Et
1462 4950 1584 5020 quid
1619 4949 1824 5001 dicam?
1855 4946 2030 5020 Pater,

457 5023 597 5075 salua
620 5038 696 5074 me
727 5037 789 5074 ea:
813 5022 937 5076 hora
983 5024 1076 5074 hac
1108 5020 1154 5089 (l
1165 5022 1264 5073 bid.
1287 5020 1373 5072 12.
1396 5021 1510 5090 27).
1537 5020 1820 5087 l’erperam
1855 5019 1983 5090 legis
2017 5034 2030 5071 :

458 5092 592 5145 dixit
617 5108 631 5144 :
660 5091 814 5143 Nunc
839 5093 1009 5144 anima
1036 5088 1145 5143 mea
1165 5094 1358 5142 turbata
1379 5100 1450 5142 est
1468 5088 1495 5142 ἐ
1515 5101 1569 5142 et
1604 5105 1722 5141 cum
1743 5088 2036 5140 distinctio-

459 5177 580 5215 nem
611 5161 679 5215 ibi
714 5161 946 5224 fecisset,
975 5163 1152 5214 subdit
1177 5177 1188 5213 :
1214 5159 1279 5214 Et
1317 5161 1436 5228 quid
1473 5159 1676 5211 dicam?
1703 5157 1875 5219 Pater,
1895 5159 2034 5209 salva

454 5249 534 5285 me
554 5248 615 5285 ea:
629 5233 756 5285 hora
777 5232 889 5292 hac,
905 5231 990 5301 sed
1007 5243 1266 5301 propterea
1289 5231 1396 5282 veni
1416 5231 1466 5281 in
1487 5229 1662 5301 horam
1684 5230 1833 5301 hanc.
1853 5228 2034 5301 Enim-

454 5317 580 5356 vero
611 5316 703 5370 per
730 5301 831 5354 hoc
847 5299 987 5370 quod
1003 5299 1152 5364 dixit,
1179 5299 1451 5369 I’rOpterea
1474 5300 1581 5350 veni
1605 5300 1656 5352 in
1674 5299 1850 5370 horam
1880 5300 2030 5370 hanc,

453 5365 687 5425 ostendit
713 5386 772 5424 se
798 5365 1083 5425 salutarem
1118 5365 1339 5424 mortem
1374 5385 1476 5421 non
1508 5370 1727 5437 fugere;
1772 5365 2031 5437 Desiderio

453 5443 584 5493 enim
621 5441 899 5494 desideravi
919 5441 1011 5492 hoc
1039 5441 1227 5509 pascha
1255 5439 1554 5491 manducare
1571 5436 1831 5490 uobiscum
1861 5446 1879 5507 (
1904 5436 2030 5509 Luc.

452 5510 540 5562 22.
581 5509 688 5576 15),
733 5511 920 5578 inquit.
969 5508 1046 5564 Si
1075 5510 1305 5579 possibile
1335 5520 1424 5570 est,
1466 5519 1682 5579 transeat
1723 5525 1752 5558 a
1797 5508 2033 5579 maeotia:

453 5581 547 5632 iste
566 5595 584 5632 :
604 5577 938 5632 uerumtamen
965 5577 1321 5633 non’voluutas
1352 5595 1479 5639 mea,
1495 5578 1582 5631 sed
1605 5590 1690 5630 tua
1711 5577 2028 5647 ﬁat(tlIuttti.

451 5649 542 5704 26.
575 5650 686 5714 59).
719 5649 978 5718 Numquid
1008 5661 1230 5704 mortem
1280 5647 1560 5712 formidat,
1610 5647 1711 5718 vel
1742 5646 1932 5700 invitus
1963 5646 2029 5699 ad

454 5713 759 5789 passionem
806 5713 1030 5786 accedit,
1057 5723 1144 5790 qui
1169 5720 1302 5773 dixit
1334 5737 1344 5771 :
1379 5718 1586 5787 Oportet
1605 5713 1798 5769 Filium
1811 5718 2026 5770 hominis

1943 298 2214 356 SPUHIA.

3580 309 3716 365 1092

2145 408 2303 485 iiuilta
2337 409 2462 485 pati,
2483 417 2538 485 _et_
2558 409 2746 485 occidi,
2771 419 2824 485 et
2846 411 3070 485 sepeliri,
3092 422 3150 485 _et
3174 422 3318 466 tertia
3353 413 3436 469 die
3463 433 3717 485 resurgere

2141 476 2346 550 (Marc.
2377 479 2448 550 (8.7
2481 478 2612 545 3i)?
2632 481 2720 547 qui
2751 480 2885 533 dixit
2907 476 2926 533 ’;
2957 481 3150 535 Solvite
3176 485 3416 550 templum
3443 487 3553 550 hoc,
3587 476 3634 540 ἆ
3664 492 3713 542 in

2145 547 2304 620 tribus
2349 548 2795 620 diebusggexcitabo
2849 550 2979 603 illud
3010 566 3029 603 .'
3053 552 3141 620 qui
3195 547 3326 606 dixit
3359 573 3373 608 :
3407 547 3714 611 Potestatem

2142 617 2300 688 habeo
2345 618 2562 684 ponendi
2618 619 2837 670 animam
2885 617 3083 685 meam,
3130 630 3176 672 et
3221 633 3509 688 potestatem
3551 628 3713 680 habeo

2141 686 2322 740 iterum
2373 688 2644 754 recipiendi
2696 689 2835 740 illam
2867 705 2886 740 :
2915 697 2969 742 et
2999 730 3013 752 ,
3069 686 3257 743 Nullus
3309 694 3439 744 tollit
3490 697 3636 747 illam
3683 716 3714 748 α

2142 772 2238 830 me,
2266 771 2355 830 ego
2377 773 2408 830 ᾳ
2429 759 2718 830 metuetipso
2742 775 2874 827 pono
2903 759 3042 830 illam
3065 775 3084 812 :
3110 771 3154 810 et
3182 778 3270 830 ego
3299 764 3477 814 iterum
3517 769 3715 824 accipio

2141 825 2281 903 illam
2331 825 2528 897 (Joau.
2575 825 2633 878 2.
2664 825 2750 903 li).
2790 839 2835 881 et
2867 829 3070 903 10._l7.
3107 832 3170 883 l8
3293 832 3381 903 qui
3424 834 3714 903 increpavit

2142 893 2377 958 Petrum,
2408 911 2562 963 quem
2594 898 2751 964 paulo
2779 909 2932 951 antea
2961 898 3169 951 beatum
3201 893 3613 964 pr;i»dicaver:ii'.
3649 922 3714 958 eo

2141 965 2282 1038 quod
2305 963 2641 1038 d_ixisset,_T_u
2658 983 2708 1038 es
2728 967 2955 1038 Christus
2979 967 3141 1022 Filius
3165 963 3256 1020 Dei
3273 971 3472 1025 viventis
3493 973 3709 1038 (Matth.

2143 1034 2232 1088 16.
2263 1034 2351 1103 16)
2381 1051 2393 1086 :
2423 1035 2512 1087 Sed
2536 1034 2725 1088 deinde
2746 1052 2865 1105 cum
2893 1037 3158 1105 indignum
3185 1040 3256 1090 illi
3276 1034 3533 1094 videretur
3558 1044 3706 1100 quod

2143 1114 2429 1176 pateretur,
2461 1105 2592 1158 dixit
2621 1107 2711 1168 illi,
2758 1104 2894 1158 Vade
2935 1104 3045 1174 post
3076 1125 3171 1173 me,
3188 1111 3397 1173 Salano,
3425 1112 3712 1176 o/Ieudicu-

2141 1173 2242 1249 lum
2271 1173 2394 1225 mihi
2419 1190 2489 1249 es,
2517 1176 2753 1249 quianon
2779 1177 2914 1249 sapis
2936 1173 3048 1245 gate
3073 1176 3166 1228 Dei
3192 1190 3326 1242 sunt,
3355 1183 3440 1231 sed
3457 1173 3578 1249 qua?
3610 1185 3707 1234 ho-

2142 1244 2332 1294 minum
2352 1259 2371 1294 :
2392 1245 2478 1312 qui
2497 1245 2826 1298 confirmavit
2855 1244 3040 1299 faciem
3070 1260 3216 1298 suam
3241 1264 3358 1300 cum
3393 1244 3711 1306 ascenderet

2140 1311 2192 1384 in
2217 1311 2532 1378 Jerusalem,
2563 1324 2620 1366 ut
2661 1315 2882 1368 salutem
2910 1333 3000 1384 per
3028 1319 3318 1383 passionem
3351 1333 3496 1371 suam
3526 1325 3709 1374 omni-

2141 1381 2238 1436 bus
2262 1383 2616 1451 suppeditaret
2649 1384 2780 1456 :hqui
2809 1381 3212 1456 per‘propbetas
3243 1387 3405 1455 ipsam
3436 1391 3704 1456 passionis

2138 1466 2248 1504 siia-
2269 1456 2498 1520 Speciem
2532 1453 2790 1522 praedixit.
2817 1453 2916 1508 Per
2935 1453 3215 1508 Jeremiam
3244 1453 3383 1509 enim
3405 1453 3527 1511 dicit
3556 1476 3574 1512 :
3605 1461 3711 1513 Su-

2141 1538 2246 1593 per,
2275 1539 2352 1574 me
2390 1522 2732 1591 cogitaverunt
2771 1525 3121 1593 cogitationem
3165 1527 3351 1578 malam
3373 1567 3389 1592 ,
3435 1529 3663 1583 dicentes
3690 1548 3708 1583 :

2139 1591 2320 1654 uenite,
2351 1604 2395 1644 et
2423 1593 2749 1662 immittamus
2775 1591 2965 1662 lignum
2985 1594 3034 1645 in
3058 1610 3236 1662 panem
3260 1596 3415 1659 illius,
3445 1609 3491 1650 et
3513 1600 3708 1652 erada-

2139 1676 2250 1713 mus
2268 1662 2424 1735 illum
2449 1661 2511 1716 de
2537 1671 2668 1714 terra
2691 1661 2823 1735 (ζεῖ.
2848 1663 2934 1716 11.
2965 1661 3066 1735 19)
3086 1678 3338 1735 :Hcrucem
3367 1668 3704 1735 significans;

2142 1746 2235 1805 per
2265 1731 2425 1785 David
2451 1741 2624 1785 autem
2657 1747 2673 1787 :
2705 1731 2965 1785 Dederunt
2990 1731 3041 1805 in
3072 1733 3236 1805 cibum
3265 1731 3434 1805 meum
3456 1739 3541 1805 fel,
3573 1749 3624 1790 et
3653 1741 3706 1792 in

2137 1801 2222 1852 siti
2250 1817 2357 1853 mea
2384 1811 2674 1870 potuverunt
2698 1811 2784 1854 me
2802 1811 2937 1855 aceto
2959 1801 3130 1867 (Psal.
3155 1805 3240 1857 68.
3268 1803 3394 1868 2‘2);
3423 1801 3493 1868 et,
3528 1806 3706 1862 Fode-

2137 1880 2258 1946 runt
2285 1888 2464 1924 manus
2490 1888 2626 1924 meas
2651 1881 2697 1924 et
2727 1871 2874 1939 pedes
2901 1888 3053 1925 meos.
3096 1871 3280 1926 Partiti
3301 1886 3417 1946 sunt
3450 1878 3540 1928 sibi
3577 1879 3707 1946 ipsis

2137 1942 2425 2010 uestimenta
2457 1957 2564 1993 mea
2602 1951 2647 1993 et
2672 1957 2820 2010 super
2846 1951 3023 1994 vestem
3053 1959 3214 1995 meam
3244 1945 3484 1997 miserunt
3512 1942 3704 2000 seriem

2139 2008 2309 2084 (Psal.
2460 2013 2545 2084 l7.
2576 2011 2702 2078 19);
2733 2008 2789 2065 et
2839 2027 2932 2078 per
2977 2012 3157 2084 Isaiam
3210 2029 3225 2065 :
3281 2013 3492 2084 Ter-gum
3531 2033 3705 2070 meum

2138 2079 2254 2132 dedi
2282 2082 2349 2132 ad
2374 2082 2578 2149 ﬂagella
2596 2121 2611 2145 ,
2642 2097 2794 2152 genas
2819 2098 2953 2133 meas
2987 2083 3054 2133 ad
3092 2083 3295 2152 alapas,
3322 2079 3501 2151 [aciem
3537 2105 3706 2140 nicum

2137 2165 2235 2202 non
2261 2154 2415 2222 auerti
2446 2167 2476 2202 a
2505 2151 2796 2222 confusione
2820 2161 3077 2218 sputorum
3108 2150 3257 2222 (Isai.
3288 2150 3374 2208 50.
3397 2155 3476 2218 6).
3512 2153 3706 2211 Vidisti

2137 2231 2266 2273 Sane
2291 2221 2405 2273 hinc
2431 2220 2608 2274 omnia
2635 2221 2862 2289 perfecta
2896 2221 2947 2273 in
2975 2220 3132 2274 cruce
3162 2237 3176 2275 :
3206 2237 3324 2275 nam
3354 2239 3382 2276 a
3410 2223 3579 2277 Pilato
3604 2225 3706 2278 fla-

2135 2290 2360 2358 gellalus
2381 2299 2460 2344 est
2481 2331 2495 2352 ,
2539 2299 2591 2342 et
2628 2306 2655 2341 a
2682 2306 2835 2344 servo
2863 2291 3011 2360 alapa
3035 2307 3202 2346 cmsus
3225 2333 3240 2355 ,
3271 2291 3338 2346 ab
3367 2293 3538 2360 impiis
3568 2313 3706 2350 eon-

2137 2372 2323 2432 sputus
2347 2402 2359 2420 ,
2384 2376 2418 2432 7a
2445 2359 2697 2432 militibus
2724 2361 2886 2432 clavis
2911 2359 2962 2413 in
3003 2376 3158 2416 cruce
3199 2363 3352 2425 lixns,
3384 2359 3472 2432 qui
3497 2366 3705 2422 divise-

2138 2441 2261 2483 runt
2296 2430 2459 2504 ipsius
2491 2430 2826 2504 vestimenta,
2857 2441 3130 2504 ct__sortc_in
3157 2430 3432 2504 miserunt.
3477 2433 3578 2500 Qui
3609 2454 3708 2504 per

2137 2508 2240 2552 tam
2271 2501 2432 2552 multa
2460 2501 2760 2570 passionem
2788 2499 3119 2570 significavit.
3143 2503 3404 2570 quomodo
3432 2499 3575 2558 nunc
3607 2499 3705 2560 de-

2138 2571 2358 2622 trectat?
2383 2569 2555 2636 Quare
2580 2570 2736 2638 igitur
2755 2569 2903 2634 dicit,
2928 2569 3099 2628 Pater.
3119 2569 3172 2624 si
3185 2571 3415 2638 possibile
3435 2583 3527 2636 est,
3551 2584 3706 2628 tran-

2134 2649 2239 2710 seat
2264 2656 2295 2691 a
2325 2657 2400 2692 me
2428 2641 2563 2693 calix
2588 2641 2678 2693 iste
2696 2639 2916 2710 (Matth.
2943 2640 3031 2695 26.
3065 2641 3192 2705 59)?
3219 2641 3494 2710 lgnorabat
3513 2644 3704 2697 diabo-

2137 2707 2215 2760 lus
2249 2713 2366 2778 quis
2406 2720 2548 2778 esset
2577 2727 2589 2764 :
2624 2707 2806 2764 videns
2835 2713 2974 2764 enim
3014 2726 3133 2765 eum
3175 2707 3342 2779 ipsum
3383 2713 3659 2768 sitientem
3687 2756 3703 2778 ,

2137 2782 2483 2843 esurientem,
2515 2781 2706 2833 lassum
2727 2821 2740 2843 ,
2767 2791 2819 2834 et
2844 2781 2974 2834 alias
2998 2781 3112 2850 ejus
3133 2781 3568 2850 dispensationes,
3615 2801 3705 2838 re-

2135 2850 2334 2916 putavit
2379 2866 2498 2903 eum
2549 2851 2815 2905 hominem
2859 2865 2977 2904 esse
3025 2865 3242 2918 purum;
3291 2851 3473 2905 videns
3515 2863 3706 2908 autent

2135 2918 2251 2984 ejus
2280 2919 2453 2973 divina
2484 2921 2754 2983 miracula,
2801 2921 2963 2973 Deum
2995 2921 3356 2988 suspicabatur
3383 2939 3395 2975 :
3423 2921 3709 2977 dubitabat

2137 2989 2384 3060 igiturde
2409 3005 2492 3054 eo,
2526 2991 2771 3060 ignorans
2800 2989 3119 3060 illumsNani
3151 2992 3193 3042 si
3220 2992 3488 3044 evidenter
3507 2994 3706 3048 scisset

2135 3060 2273 3126 quod
2305 3059 2441 3112 Deus
2467 3071 2625 3122 esset,
2645 3075 2748 3112 non
2774 3075 2935 3113 ausus
2962 3059 3146 3114 fuisset
3166 3060 3232 3114 ad
3257 3077 3374 3113 eum
3397 3062 3702 3118 accedere;

2135 3129 2270 3200 sicut
2312 3138 2366 3182 et
2407 3131 2596 3200 Paulus
2631 3130 2798 3183 dicit:
2839 3129 2900 3183 Si
2937 3131 3068 3182 enim
3109 3132 3501 3200 cognovissent,_
3525 3134 3709 3200 utique

2137 3197 2407 3270 Dominum
2438 3199 2612 3270 gloria:
2635 3217 2734 3252 non
2760 3200 3123 3266 cruci/iaisseut
3153 3197 3200 3265 (⁷1
3234 3199 3350 3254 Cor.
3372 3201 3422 3254 2.
3456 3198 3530 3270 8).
3558 3197 3709 3255 Prie-

2139 3269 2302 3320 tendit
2332 3269 2487 3337 igitur
2510 3269 2760 3322 Dominus
2783 3270 3136 3332 formidinem,
3157 3285 3262 3338 quo
3288 3270 3372 3323 ille
3392 3269 3703 3337 illiceretur,

2138 3348 2192 3389 ιιι
2218 3355 2338 3390 eum
2365 3339 2737 3411 accederet__nt
2774 3339 2838 3392 ad
2867 3339 3135 3393 hominem
3157 3382 3170 3402 ,
3200 3341 3268 3391 ab
3296 3343 3410 3407 ipso
3440 3343 3491 3393 in
3522 3341 3706 3411 fugam

2137 3417 2452 3474 verteretur,
2485 3419 2536 3462 et
2567 3409 2949 3462 redimerentur
2976 3425 3158 3462 omnes
3181 3411 3368 3477 captivi
3392 3411 3458 3462 ab
3486 3411 3577 3463 illo
3592 3409 3705 3464 ide-

2139 3479 2291 3530 lenti.
2339 3477 2792 3543 anmadmodum
2833 3493 2924 3530 rex
2971 3477 3162 3548 aliquis
3199 3481 3477 3532 invasurus
3520 3489 3706 3548 tyran-

2138 3563 2260 3600 umn
2288 3549 2671 3614 invalidiorem,
2700 3563 2817 3601 cum
2846 3548 2991 3601 illum
3027 3551 3304 3618 Iugiturum
3333 3565 3389 3602 se
3417 3551 3570 3609 sciat.
3608 3552 3705 3603 lin-

2136 3619 2208 3682 git
2243 3631 2455 3681 metum,
2489 3619 2669 3671 dicens
2697 3619 3012 3672 exercitibus
3042 3619 3150 3671 suis
3185 3635 3198 3671 :
3231 3620 3487 3688 fugiamus
3517 3621 3645 3673 hinc
3673 3639 3698 3672 a

2137 3688 2268 3740 fuci:
2292 3689 2449 3750 illius,
2479 3698 2536 3740 ut
2563 3703 2626 3741 ne
2651 3703 2679 3739 a
2712 3688 2862 3758 nobis
2886 3688 3074 3756 fugiat,
3103 3689 3192 3741 sed
3217 3699 3560 3758 persequatur
3582 3707 3700 3750 nos,

2136 3769 2188 3810 et
2213 3760 2288 3812 sic
2314 3759 2552 3812 Conversi
2581 3757 3090 3825 comprehendamus
3119 3760 3259 3812 illum
3293 3775 3307 3810 :
3341 3762 3410 3811 ita
3440 3769 3493 3812 et
3520 3759 3702 3812 Domi-

2139 3844 2236 3881 nus
2269 3829 2586 3896 prastexebat
2612 3825 2948 3880 formidinem
2972 3868 2985 3890 ,
3020 3837 3073 3879 ut
3098 3843 3214 3880 cum
3257 3829 3498 3883 diabolus
3530 3831 3700 3897 ipsum

2137 3901 2286 3965 quasi
2321 3899 2584 3949 hominem
2609 3898 3001 3967 aggrederetur.
3035 3899 3299 3951 inveniret
3328 3898 3494 3951 Deum
3519 3899 3611 3967 qui
3643 3900 3704 3952 il-

2137 3969 2243 4019 lum
2276 3969 2621 4031 interimeret,
2647 3975 2700 4020 et
2720 3966 2968 4037 liberaret
2987 3983 3170 4020 omnes
3189 3969 3276 4037 qui
3297 3970 3363 4021 ab
3387 3969 3476 4021 illo
3500 3966 3702 4022 detine-

2137 4038 2328 4091 lialtllll‘
2359 4039 2408 4089 in
2441 4038 2665 4106 inferno.
2712 4036 2974 4106 Stcicnim
3015 4037 3139 4089 dicit
3167 4054 3178 4087 :
3211 4036 3458 4104 Apparuit
3493 4041 3702 4106 angelus

2138 4109 2424 4175 confortans
2453 4123 2562 4158 eum
2589 4105 2736 4175 (Luc.
2769 4105 2855 4159 22.
2893 4107 2981 4175 45)
3012 4122 3027 4158 :
3059 4107 3144 4174 qui
3188 4106 3253 4158 ab
3285 4107 3486 4174 angelis
3515 4105 3703 4160 adora-

2140 4187 2224 4230 tur
2246 4219 2259 4235 .
2291 4186 2344 4231 et
2382 4178 2464 4230 cui
2505 4177 2736 4229 ﬂectitur
2769 4191 2925 4228 omne
2956 4192 3088 4243 genu
3119 4177 3406 4228 ςίιιὶιιδιιιιιιι
3444 4186 3497 4229 et
3526 4186 3698 4229 terre-

2137 4251 2324 4299 strium
2353 4257 2405 4300 et
2447 4247 2769 4300 infernarum
2804 4244 3058 4313 (Philipp.
3081 4245 3133 4298 2.
3166 4245 3254 4313 10)
3276 4286 3290 4306 ,
3319 4261 3421 4313 quo
3447 4257 3602 4312 pacto
3636 4249 3702 4299 ab

2136 4318 2322 4385 angelo
2349 4317 2509 4371 robur
2530 4317 2815 4384 accipiebat
2836 4316 2857 4353 ν
2886 4315 3187 4385 Nun__robur
3213 4318 3432 4382 accepit,
3467 4318 3561 4367 sed
3583 4317 3701 4384 glo-

2136 4383 2482 4440 rilicationem
2511 4386 2681 4454 angeli
2705 4385 2968 4438 dicentis:
3004 4383 3164 4454 Tuum
3189 4393 3257 4436 est
3288 4401 3492 4451 regnum
3520 4397 3567 4436 et
3597 4383 3695 4437 im-

2139 4460 2350 4524 perium,
2382 4453 2615 4508 Domine.
2649 4453 2838 4508 Nullus
2862 4456 2952 4508 scit
2982 4453 3111 4524 diem
3136 4454 3274 4524 illam
3301 4457 3372 4505 vel
3399 4455 3599 4524 horam,
3623 4472 3706 4507 ne-

2136 4523 2229 4596 que
2252 4527 2438 4596 angeli,
2472 4541 2625 4596 neque
2653 4524 2838 4587 Filius,
2872 4525 2966 4596 nisi
2995 4523 3153 4596 Pater
3176 4523 3385 4596 (Matth.
3414 4523 3503 4575 21.
3539 4524 3632 4596 56.
3660 4536 3707 4575 et

2139 4594 2303 4649 Marc.
2323 4594 2416 4649 15.
2442 4595 2552 4662 52).
2577 4595 2640 4648 Et
2668 4595 2933 4662 qumnodo
2955 4609 3078 4662 ergo
3096 4634 3109 4654 ,
3145 4594 3345 4662 inquit,
3382 4594 3605 4662 a'qualis
3627 4604 3710 4646 cst

2140 4667 2301 4730 Patri,
2336 4667 2423 4735 qui
2452 4666 2621 4718 nescit
2645 4665 2784 4717 diem
2817 4665 2959 4717 illam
2979 4665 3122 4735 ?Qui
3153 4665 3275 4717 fecit
3297 4663 3459 4735 illam,
3494 4671 3709 4735 ignora-

2137 4737 2294 4790 batne
2327 4733 2506 4788 illam?
2528 4735 2594 4788 Et
2616 4748 2778 4803 quare
2808 4735 2966 4803 igitur
2986 4734 3130 4796 dicit,
3156 4749 3323 4802 neque
3345 4733 3547 4786 Filius?
3576 4733 3711 4786 \i‘nle

2136 4806 2398 4859 theon-iam
2428 4806 2843 4874 exquisitiorem.
2891 4804 3033 4857 Duas
3063 4804 3182 4872 quis
3212 4804 3459 4874 scientias
3485 4813 3538 4856 et
3567 4805 3707 4855 noti-

2139 4877 2236 4931 tias
2280 4875 2331 4928 in
2371 4873 2640 4942 Scriptura
2684 4874 2915 4927 inveniet
2944 4891 2958 4927 :
2990 4890 3146 4926 unam
3185 4873 3431 4941 quidem,
3480 4889 3602 4938 qua:
3644 4888 3708 4926 ex

2136 4961 2300 5015 opere
2327 4947 2551 4998 sumitur
2570 4987 2584 5009 ,
2613 4945 2831 5015 altera_m
2863 4960 2986 4997 vero
3015 4959 3077 4996 ex
3110 4943 3426 5015 cognitiooe.
3463 4942 3710 5015 Cognaril

2139 5009 2300 5080 enim,
2333 5017 2520 5084 inquit,
2553 5015 2712 5067 Adam
2742 5013 2902 5066 anm
2933 5029 3138 5066 uxorem
3172 5009 3315 5084 suam
3341 5009 3492 5080 (Gen.
3522 5009 3575 5064 4.
3623 5014 3708 5084 1’);

2139 5103 2244 5140 non
2266 5083 2415 5154 quod
2438 5099 2582 5153 pr.us
2607 5084 2923 5153 ignoraverit
2950 5083 3252 5154 :ﬂquomodo
3279 5083 3597 5150 ignorasset,
3623 5083 3712 5151 qui

2136 5153 2340 5210 dixerat
2369 5172 2382 5210 :
2415 5153 2526 5207 Iloc
2550 5170 2678 5206 nunc
2707 5169 2762 5205 os
2786 5169 2848 5206 ea:
2868 5153 3057 5206 ossibus
3087 5154 3226 5215 meis,
3251 5163 3294 5203 et
3324 5167 3441 5203 caro
3467 5168 3529 5204 ea:
3556 5168 3717 5204 carne

2138 5243 2245 5278 mea
2276 5225 2433 5296 (Ibid.
2459 5225 2512 5277 2.
2545 5223 2673 5293 25)?
2702 5222 3537 5296 Etcognovit‘Abi-aliain_Suram
3575 5237 3716 5296 uxo—

2137 5313 2249 5349 rem
2278 5289 2452 5358 suam,
2482 5305 2534 5347 et
2563 5289 2728 5348 Ja'eob
2755 5289 2899 5346 Liaiu
2934 5301 2987 5345 et
3014 5291 3210 5362 Rachel
3233 5289 3395 5359 (Ibid.
3419 5290 3540 5362 ‘29).
3575 5291 3713 5343 Num

2137 5367 2412 5434 ignorabat
2441 5365 2578 5425 illas,
2610 5366 2697 5432 qui
2730 5370 2952 5434 propter
2962 5361 3089 5434 illas
3114 5375 3280 5434 annos
3307 5362 3715 5429 quatuor-decuit

2137 5430 2431 5490 servierat?
2455 5430 2666 5489 Sciebat
2686 5433 2896 5501 quidem
2922 5430 3386 5501 illascognitionc,
3421 5447 3591 5498 opere
3616 5447 3714 5483 au-

2137 5517 2242 5558 tem
2284 5516 2464 5574 postea
2508 5499 2771 5573 cognovit.
2819 5501 2998 5574 itaque
3043 5499 3209 5574 Pater
3235 5500 3716 5574 quintioirjudimt

2137 5569 2475 5644 quemquam,
2509 5569 2602 5628 sed
2633 5588 2791 5626 oume
2812 5569 3066 5644 judicium
3093 5569 3235 5621 dedit
3268 5569 3401 5622 Filio
3420 5570 3628 5644 (Ionii.
3661 5577 3716 5623 5.

2137 5639 2247 5715 22),
2282 5639 2380 5697 scit
2402 5646 2540 5697 diem
2573 5653 2675 5695 tam
2703 5642 3005 5715 cognitione
3027 5655 3181 5709 quam
3208 5654 3368 5707 Opere
3419 5639 3596 5715 Filius
3623 5657 3712 5690 att-

2144 5711 2246 5770 tem
2279 5718 2364 5786 qui
2395 5717 2538 5768 venit
2567 5723 2621 5766 ut
2648 5715 2813 5766 salvet
2848 5711 3133 5775 mundum,
3165 5721 3217 5764 et
3258 5726 3359 5762 non
3391 5720 3445 5761 ιιι
3470 5711 3686 5782 judicet
