4056 6208
2489 217 2513 222 -
2546 215 2752 222 __.___--
2775 215 2814 221 --
2851 215 2886 218 __
3053 210 3282 218 _.___-.-_-
3309 210 3394 215 --μ
3419 210 3439 216 ,.

3358 262 3367 273 l

613 415 741 505 ΙΝ
845 416 1305 508 LIBRUM
1406 417 1556 506 DE
1660 414 2464 508 VIRGINITATE
2575 410 3194 505 MONITUM.

321 820 472 879 nunc
501 818 761 876 eximium
800 815 867 871 de
896 814 1215 887 \‘irgiititate
1249 814 1445 871 libntm
1487 816 1782 873 Antiochiae
1807 831 1840 874 ι

253 914 638 986 Chrysostomo
665 907 867 963 editum
912 903 1108 971 fuisse,
1147 907 1262 976 ipse
1306 907 1620 963 testiﬁcatur
1649 908 1703 962 in
1735 907 1841 962 tiae

253 1003 496 1061 Humilia:
521 1001 589 1057 I9
613 1001 665 1053 in
698 998 988 1067 Epistulam
1019 998 1043 1052 1
1080 996 1145 1051 ad
1174 996 1479 1053 Corinthios
1513 998 1837 1053 his‘verhis:

255 1096 316 1149 Si
340 1103 509 1147 autem
536 1090 871 1162 preteriimus
899 1104 958 1141 ea
993 1102 1106 1157 qua
1134 1087 1348 1142 dicenda
1383 1099 1545 1143 essent
1573 1089 1636 1143 de
1671 1087 1840 1159 Virgi-

256 1187 435 1250 nitate,
468 1198 615 1236 nemo
642 1196 730 1234 nos
756 1179 1073 1249 negligentiae
1097 1178 1335 1244 damnet;
1362 1180 1550 1250 integer
1567 1180 1699 1234 enim
1719 1179 1842 1233 liber

258 1276 311 1330 in
350 1276 483 1327 hunc
513 1272 683 1326 locum
709 1288 741 1323 a
774 1270 915 1324 nobis
943 1280 1014 1323 est
1044 1270 1205 1324 editus
1227 1285 1246 1325 :
1265 1281 1313 1324 et
1340 1287 1456 1324 cum
1493 1288 1643 1340 quam
1671 1271 1839 1341 potni-

258 1382 366 1419 mus
386 1362 762 1417 accuratissime
783 1369 829 1413 et
850 1350 1230 1429 diligentissime
1245 1352 1414 1413 omnia
1433 1359 1539 1414 illic
1560 1361 1842 1431 persequuti

258 1459 432 1521 simus,
458 1468 884 1524 supervacaneum
913 1466 1019 1505 esse
1042 1450 1281 1505 duximus
1306 1467 1366 1505 ea
1388 1466 1562 1506 rursus
1582 1453 1663 1506 hic
1682 1469 1840 1519 expo-

261 1564 394 1602 nere.
424 1547 621 1601 Locum
654 1558 815 1614 porro
845 1544 1011 1609 illum,
1042 1558 1199 1613 quem
1234 1542 1459 1597 Humilia
1490 1544 1558 1599 19
1589 1545 1639 1597 in
1671 1545 1836 1614 Epist.

265 1642 289 1693 Ι
321 1639 387 1693 ad
407 1636 713 1693 Corinthios
732 1636 784 1688 in
807 1643 1176 1703 argumentum
1196 1635 1298 1689 sibi
1323 1636 1585 1704 proponit,
1603 1636 1837 1690 scilicet:

262 1730 459 1785 Bonum
487 1737 559 1781 est
587 1726 779 1780 homini
810 1725 1068 1778 mulierem
1094 1740 1195 1777 non
1225 1734 1462 1796 tangere,
1493 1735 1620 1786 etc.,
1659 1726 1710 1779 in
1743 1726 1865 1799 hoc

216 1822 227 1827 “
262 1824 329 1878 de
354 1819 669 1890 Virginitate
716 1817 851 1871 libro
887 1824 1143 1885 perpetuo
1174 1825 1351 1870 versat
1390 1827 1446 1869 et
1484 1817 1725 1881 discutit;
1770 1816 1841 1869 ita

262 1922 320 1967 ut
348 1908 569 1981 perinde
598 1915 807 1962 certum
844 1906 914 1959 sit
945 1907 1085 1959 hunc
1111 1903 1181 1959 de
1204 1904 1523 1975 Virglnitate
1558 1906 1748 1963 librum
1786 1904 1840 1958 in

266 2000 495 2057 Humilia
533 1998 622 2051 illa
667 1995 1113 2060 commemorari,
1143 2003 1200 2049 ut
1225 1998 1426 2049 certum
1457 2004 1538 2049 est
1566 1995 1681 2065 ipso
1709 2005 1842 2050 teste

266 2093 650 2163 Chrysostomo
675 2088 930 2142 iiomilias
964 2088 1019 2140 in
1062 2086 1349 2156 Epistulam
1383 2087 1405 2140 l
1442 2086 1507 2140 ad
1534 2086 1841 2143 Corinthios

275 2181 567 2239 Antiochia:
592 2181 793 2234 habitas
820 2178 1005 2233 fuisse.
1027 2177 1323 2233 Antiochia:
1348 2180 1523 2248 igitur,
1551 2179 1634 2233 vel
1654 2178 1845 2233 tortas-

271 2275 347 2327 sis
373 2273 425 2326 in
449 2252 732 2326 solitudine
756 2269 842 2323 isti
870 2269 987 2335 urbi
1015 2269 1186 2323 vicina
1217 2268 1408 2325 librum
1445 2268 1512 2324 de
1533 2267 1843 2340 Virginitate

268 2363 445 2417 emisit
468 2361 877 2432 Chrysostomus
905 2375 918 2412 :
943 2367 1121 2413 utrum
1150 2360 1290 2415 enim
1319 2374 1439 2413 eum
1465 2360 1741 2430 presbyter
1757 2371 1842 2414 es-

269 2462 381 2517 set,
409 2467 474 2505 an
504 2466 627 2504 cum
656 2450 915 2504 diaconus
936 2490 952 2514 ,
981 2463 1047 2501 an
1078 2462 1205 2503 vero
1234 2457 1389 2503 antea
1429 2464 1549 2503 cum
1579 2448 1630 2502 in
1658 2449 1845 2503 solitu-

266 2545 389 2599 dine
417 2544 637 2613 degeret
660 2582 676 2607 ,
707 2556 813 2595 non
844 2541 914 2595 ita
942 2539 1287 2610 conspicuum
1312 2579 1328 2606 ,
1358 2549 1417 2595 ut
1444 2541 1573 2595 infra
1615 2540 1841 2596 dicetttr.

333 2644 528 2704 Verum
556 2644 932 2701 Tillemontius
961 2651 1162 2700 tantam
1197 2644 1323 2701 huic
1355 2646 1676 2704 .enervandae
1716 2660 1841 2702 sen-

264 2739 444 2792 tentiae
469 2736 832 2791 difﬁcultatem
870 2736 1097 2805 quodam
1128 2736 1179 2789 in
1211 2737 1329 2791 loco
1365 2736 1584 2807 hujusce
1620 2740 1687 2795 de
1721 2739 1841 2796 Vir-

263 2832 487 2900 ginitate
516 2830 634 2883 libri
664 2843 726 2884 se
747 2830 1011 2899 reperisse
1034 2838 1200 2897 putat,
1229 2838 1286 2882 ut
1311 2829 1400 2883 illa
1422 2829 1677 2884 adductus
1701 2830 1841 2886 hunc

268 2922 460 2973 librum
489 2919 542 2972 in
569 2918 925 2989 episc0patuin
947 2918 1062 2987 ejus
1087 2919 1343 2977 conferat.
1367 2920 1671 2991 editumque
1700 2922 1841 2976 Con-

266 3010 607 3081 stantinopoli
635 3019 794 3080 putet.
820 3011 868 3064 is
895 3011 1043 3064 locus
1064 3020 1144 3065 est
1161 3025 1309 3065 num.
1336 3011 1391 3073 9,
1412 3011 1498 3065 ubi
1516 3013 1592 3066 sic
1609 3014 1841 3082 loquitur

265 3100 678 3172 Cbrysostomus
708 3118 720 3153 :
757 3100 1022 3167 Quomodo
1062 3102 1217 3171 igitur
1258 3102 1548 3172 confugium
1585 3113 1723 3168 t'eto,
1751 3105 1841 3176 qui

263 3195 503 3261 conjsges
527 3207 631 3245 non
654 3193 921 3246 accusem?
945 3192 1138 3258 Stupro
1177 3200 1284 3246 octo
1321 3201 1372 3246 et
1409 3193 1659 3249 adulteria
1678 3243 1693 3261 ,
1722 3216 1834 3252 ma-

259 3282 551 3335 trimonium
587 3298 688 3335 non
717 3283 836 3335 item
859 3297 878 3335 .'
896 3291 944 3334 et
970 3282 1064 3335 illa
1087 3281 1330 3334 audentes
1355 3280 1575 3346 castigo,
1606 3289 1755 3350 atque
1776 3282 1841 3335 ab

262 3370 508 3425 Ecclesia:
545 3382 675 3425 metu
714 3371 993 3441 proscribo.
1032 3369 1186 3432 Haec.
1228 3368 1399 3439 inquit
1434 3367 1836 3430 Tillcmontins,

258 3460 472 3515 nonnisi
516 3461 799 3530 episcopus
828 3458 1077 3531 proferre
1104 3474 1264 3530 posse
1294 3458 1520 3522 videtur,
1547 3457 1667 3527 quia
1696 3458 1842 3513 solus

254 3551 539 3621 episcopus
565 3551 633 3605 ab
658 3550 914 3606 Ecclesia:
950 3560 1091 3606 metu
1130 3548 1345 3603 arcendi
1389 3549 1699 3603 facultatem
1743 3548 1839 3602 ha-

255 3644 389 3698 bet:
420 3653 582 3715 atque
628 3645 715 3697 illa
762 3644 958 3699 ductus
1000 3643 1208 3697 ratione
1249 3641 1687 3713 Chrysostomum
1732 3640 1840 3711 jam

256 3736 562 3804 episcopum
594 3735 736 3791 hunc
763 3736 1004 3791 emisisse
1032 3736 1225 3790 librum
1272 3734 1538 3804 opinatur.
1564 3734 1652 3789 Sic
1678 3734 1841 3789 levis-

255 3825 387 3878 sima
407 3823 494 3880 ille
520 3825 824 3896 conjectura
850 3834 1053 3880 certum
1083 3824 1545 3895 indubitatumquc
1574 3825 1840 3897 Cbrysos-

254 3915 384 3969 tomi
425 3916 788 3971 testimonium
839 3915 1161 3972 labefactare
1203 3916 1407 3971 nititur.
1437 3914 1658 3970 Etiamsi
1699 3916 1840 3971 enim

254 4003 669 4077 Chrysostomns
680 4006 784 4060 hoc
795 4005 913 4061 loco
929 4021 992 4061 ex
1007 4020 1235 4077 persona
1252 4019 1344 4059 sua
1362 4005 1686 4076 loqueretur,
1699 4007 1840 4076 quod

258 4103 433 4150 tamen
462 4111 567 4150 non
606 4097 888 4163 existimo,
918 4113 1022 4151 non
1067 4097 1260 4151 desunt
1298 4097 1539 4165 exempla
1571 4098 1655 4151 ubi
1688 4097 1839 4152 illum

258 4184 429 4239 adhuc
443 4186 810 4257 presbyterum
835 4187 1156 4255 imperiosius
1186 4186 1460 4257 luqttntum
1483 4186 1842 4255 deprehendi-

261 4288 400 4328 ιω.
424 4277 514 4330 Sic
539 4276 675 4330 infra
696 4277 929 4331 Humilia
956 4275 1029 4330 23
1055 4277 1123 4330 ad
1162 4278 1413 4346 populum
1450 4278 1840 4332 Antiochenutn

253 4379 414 4434 quam
426 4363 694 4420 bomiliam
708 4367 826 4422 sine
837 4366 1020 4433 dubio,
1038 4366 1258 4438 ipsoque
1271 4366 1469 4422 fatente
1478 4365 1522 4421 Τ
1526 4366 1740 4420 iliemon
1747 4370 1838 4433 tio,

248 4456 549 4511 Antiochia:
576 4457 854 4528 presbyter
880 4457 1082 4523 habuit,
1106 4473 1172 4513 ex
1198 4472 1426 4527 persona
1448 4472 1541 4511 sua
1563 4456 1643 4512 sic
1664 4457 1840 4527 loqui-

253 4554 341 4600 tur
376 4564 390 4599 :
424 4546 777 4617 Quadraginta
819 4547 925 4601 dies
962 4548 1075 4618 jam
1114 4549 1461 4618 praterierunt
1491 4564 1514 4600 .·
1552 4547 1597 4601 si
1640 4546 1842 4601 Pascha

252 4653 451 4706 Quoque
489 4654 692 4692 sacrum
740 4639 1065 4708 praeterierit,
1116 4640 1241 4692 nulli
1276 4640 1391 4710 jam
1430 4637 1611 4692 deinde
1648 4642 1842 4693 reniam

261 4725 406 4789 dabo.
429 4744 527 4783 non
565 4729 980 4795 admonitionem,
1007 4730 1095 4783 sed
1122 4731 1217 4783 vim
1239 4731 1436 4800 imperii
1460 4740 1507 4785 et
1533 4742 1840 4784 severitatem

262 4832 364 4869 non
410 4819 818 4874 contemnendam
869 4820 1132 4874 adhibebo.
1163 4820 1283 4874 Jam
1325 4821 1477 4891 igitur
1517 4820 1755 4875 denuntio
1794 4831 1840 4875 et

257 4916 525 4975 protestor,
554 4913 596 4965 si
623 4912 917 4967 conveniam
951 4912 1209 4984 singulos,
1253 4921 1297 4966 et
1325 4912 1718 4979 experimentum
1742 4930 1831 4965 su-

520 5675 863 5903 ζῆλοι.
894 5678 1012 5745 Gn.
1046 5679 1308 5743 XLVIII.

351 5854 545 6126 φὶ

1859 676 1932 690 ﬂ

1953 829 2088 867 mam
2116 828 2134 867 :
2163 826 2280 867 nam
2311 814 2449 868 haud
2474 814 2623 871 dubie
2649 830 2882 883 sumam;
2905 814 3043 889 quod
3078 819 3123 872 si
3163 819 3531 888 deprehendam

1952 906 2147 975 aliquos
2178 906 2283 959 [nec
2308 908 2427 959 vitia
2457 924 2556 961 non
2586 909 2883 974 correxisse,
2907 925 3105 978 plenam
3127 909 3394 981 irrogabo,
3424 913 3532 967 edi,

1952 1013 2063 1050 cam
2090 1006 2143 1049 ut
2172 999 2296 1068 foris
2334 1009 2476 1052 extra
2510 1015 2654 1053 sacra
2683 1001 2920 1069 mysteria
2959 1002 3255 1055 consistant.
3305 1003 3432 1068 ilic,
3477 1016 3534 1059 ut

1948 1095 2117 1158 patet,
2143 1102 2208 1143 es
2238 1103 2464 1157 persona
2490 1104 2585 1144 sua
2613 1090 2844 1160 loquitur
2865 1091 3276 1163 Chrysostomus
3308 1107 3399 1162 pre
3412 1097 3530 1167 iby-

1948 1187 2052 1243 ter,
2093 1179 2344 1255 episcopo
2378 1180 2421 1233 si
2457 1196 2562 1235 non
2608 1192 2904 1251 praesente,
2936 1184 3125 1240 saltem
3170 1186 3221 1239 in
3261 1187 3391 1241 urbe
3420 1198 3528 1241 tum

1950 1270 2192 1341 degente.
2225 1272 2581 1339 Quamobrem
2621 1274 2939 1330 Tillemuntii
2986 1288 3297 1346 argumento
3342 1294 3409 1335 ne
3446 1278 3526 1335 vel

1951 1362 2226 1416 minimum
2275 1362 2485 1432 quidem
2531 1365 2800 1434 impetitur
2836 1379 3037 1422 asserta
3087 1371 3250 1438 ipsius
3272 1369 3529 1441 Chrysos—

1952 1456 2079 1508 tomi
2110 1457 2415 1510 testimonio
2443 1464 2725 1513 sententia.

2012 1534 2148 1602 Quid
2180 1536 2318 1604 quod
2348 1538 2397 1589 in
2427 1547 2724 1590 memorato
2748 1536 2817 1593 de
2844 1535 3155 1607 Virginitate
3180 1538 3299 1593 loco
3328 1555 3433 1593 non
3461 1550 3526 1594 ex

1940 1640 2057 1687 sua,
2081 1626 2175 1681 sed
2200 1640 2264 1681 ex
2291 1627 2436 1682 Pauli
2460 1642 2687 1697 persona
2714 1629 2855 1699 loqui
2886 1644 3107 1699 prorsus
3128 1629 3337 1685 videtur
3355 1631 3529 1702 Chry-

1943 1716 2408 1781 sostomus?Nam
2442 1726 2551 1772 toto
2581 1719 2737 1787 huius
2775 1719 2842 1775 de
2876 1719 3189 1790 Virginitate
3217 1720 3339 1775 libri
3379 1722 3527 1790 prin.

1939 1806 2081 1877 eipio
2137 1817 2321 1862 contra
2378 1809 2662 1864 haereticos
2709 1810 3052 1866 Marcionitas
3102 1819 3156 1865 et
3211 1812 3531 1866 Manichmos

1940 1898 2069 1969 agit,
2100 1900 2189 1969 qui
2219 1900 2616 1956 matrimonium
2638 1901 2962 1957 damnabaut
2983 1919 2995 1956 :
3016 1902 3363 1974 adductisque
3380 1903 3527 1959 Pauli

1937 1986 2103 2052 locis,
2131 1989 2325 2058 quibus
2353 1990 2442 2044 ille
2468 1990 2533 2044 ad
2562 1990 2919 2062 virginitatem
2958 1992 3223 2055 hortatur,
3267 2003 3389 2063 post
3428 1994 3530 2048 ali-

1936 2090 2068 2151 quot
2090 2092 2402 2152 argumenta
2430 2083 2645 2138 demum
2688 2100 2835 2141 num.
2873 2087 2907 2142 9
2935 2087 3217 2143 haereticos
3245 2087 3361 2145 have
3388 2089 3528 2160 obji-

1936 2171 2142 2227 cientes
2190 2172 2391 2228 inducit
2428 2192 2442 2230 :
2484 2174 2565 2229 Tu
2612 2191 2731 2230 vero
2775 2194 2878 2231 non
2934 2187 3077 2233 uetas
3127 2180 3526 2234 matrimonium.

1936 2263 2112 2335 Apage
2136 2264 2458 2335 (respondet
2481 2267 2713 2340 Paulus)
2736 2280 2791 2323 ut
2815 2280 2976 2325 tecum
2997 2287 3137 2343 teque
3158 2266 3434 2328 insaniam.
3460 2274 3528 2328 Et

1937 2371 2029 2410 cur
2054 2356 2247 2428 (inquit
2273 2358 2576 2432 hiereticas)
2606 2361 2822 2418 hortaris
2864 2363 3240 2418 matrimonium
3276 2382 3377 2420 non
3406 2382 3529 2420 com

1939 2447 2137 2502 trahere
2151 2449 2177 2503 ?
2196 2449 2344 2516 Quod
2367 2452 2702 2522 virginitatem
2719 2453 2951 2523 (reponit
2979 2454 3193 2528 Paulus)
3207 2456 3527 2511 matrimonio

1938 2538 2087 2609 longe
2112 2542 2511 2610 pnestantiorem
2550 2544 2777 2597 sentiant.
2805 2543 2903 2599 Hic
2941 2554 3090 2600 certe
3117 2546 3338 2601 Paulum
3378 2547 3525 2618 loqui

1940 2630 2281 2687 manifestum
2320 2633 2565 2688 videtur:
2598 2649 2720 2691 nam
2771 2635 2862 2691 ille
2906 2646 2989 2692 est
3029 2638 3117 2707 qui
3165 2639 3411 2709 superius
3458 2637 3527 2693 ad

1936 2723 2292 2793 virginitatem
2334 2724 2624 2780 cohortans
2675 2726 2942 2783 inducitur
2987 2728 3072 2783 his
3121 2731 3349 2786 verbis:
3398 2728 3526 2787 Volo

1934 2831 2104 2869 omnes
2148 2815 2373 2870 homines
2400 2832 2505 2871 esse
2524 2857 2540 2882 ,
2571 2827 2627 2870 ut
2656 2833 2745 2888 ego
2773 2835 2888 2873 sum
2908 2859 2923 2885 ,
2954 2821 3262 2875 continentes
3284 2837 3305 2887 ,°
3330 2830 3419 2889 et,
3447 2821 3529 2877 De

1935 2906 2208 2975 virginibus
2232 2916 2540 2976 praeceptum
2570 2905 2777 2962 Domini
2806 2926 2906 2964 non
2934 2911 3112 2976 habeo,
3139 2912 3408 2967 consilium
3430 2930 3529 2967 au-

1935 3007 2032 3051 tem
2072 2998 2158 3051 do.
2192 2998 2396 3054 Deinde
2438 3013 2567 3054 vero
2611 3008 2891 3071 postquam
2944 3002 3215 3059 haereticis
3262 3015 3319 3058 ut
3364 3018 3526 3074 supra

1937 3089 2314 3159 responderat,
2348 3090 2530 3159 paucis
2559 3090 2888 3161 interpositis
2929 3108 3032 3148 una
3072 3095 3213 3149 serie
3255 3095 3481 3150 resumit
3510 3112 3524 3148 :

1936 3180 2015 3233 Ad
2058 3181 2164 3234 hcec
2200 3181 2287 3250 qui
2321 3185 2577 3246 cohortor,
2606 3198 2710 3235 rem
2745 3181 2826 3253 (i.
2859 3198 2911 3238 e.
2945 3186 3385 3257 matrimonium)
3419 3200 3523 3239 non

1934 3266 2198 3335 improbo;
2225 3280 2315 3317 nec
2355 3263 2443 3336 qui
2480 3280 2535 3318 se
2558 3264 2728 3318 induci
2764 3281 2865 3317 non
2902 3264 3185 3333 patiantur,
3224 3280 3526 3323 accuso.....

1935 3356 2203 3421 Quomodo
2227 3356 2382 3427 igitur
2410 3356 2703 3425 conjugium
2725 3364 2851 3420 veto,
2878 3355 2965 3425 qui
2984 3356 3221 3427 conjugcs
3248 3371 3347 3409 non
3374 3369 3526 3409 accu-
3616 3408 3619 3409 ν

1931 3448 2079 3505 sem?
2101 3447 2295 3516 Stupro
2324 3457 2431 3502 veto
2459 3456 2506 3502 et
2530 3447 2803 3511 adulteria,
2827 3448 3207 3501 matrimonium
3229 3463 3331 3511 non
3362 3449 3480 3502 item
3509 3467 3527 3503 :

1931 3548 1979 3593 et
2007 3538 2100 3592 illa
2137 3540 2381 3593 audentes
2410 3540 2636 3609 castigo,
2668 3550 2817 3610 atque
2857 3540 2919 3594 ab
2959 3538 3204 3595 Ecclesia:
3239 3549 3367 3594 artu
3407 3557 3530 3611 pro-

1931 3632 2114 3686 scribo.
2139 3630 2271 3686 ﬂare”
2290 3646 2419 3687 sane
2445 3630 2586 3686 dicta
2618 3630 2764 3686 Pauli
2794 3639 2936 3696 sunt,
2966 3647 3060 3687 seu
3091 3633 3267 3702 potius
3290 3632 3530 3704 Chryso-

1935 3723 2094 3778 stomi
2141 3722 2365 3777 Paulum
2409 3724 2713 3793 loquentem
2746 3723 3044 3778 inducentis
3071 3740 3083 3776 :
3112 3723 3203 3794 qui
3236 3708 3422 3793 tropus
3454 3723 3525 3777 ita

1932 3814 2317 3888 Chrysostomo
2348 3815 2622 3871 familiaris
2647 3825 2730 3871 est
2750 3858 2764 3880 ,
2788 3815 2927 3885 quod
2952 3814 3060 3885 jam
3090 3830 3233 3886 sa-pe
3259 3813 3521 3879 vidimus,

1932 3910 2104 3982 utqui
2152 3910 2279 3966 velit
2307 3905 2485 3966 Omnia
2516 3926 2635 3980 qua:
2680 3926 2745 3965 ex
2792 3908 3018 3964 aliorum
3067 3924 3294 3979 persona
3325 3904 3533 3980 profert

1929 4002 2379 4075 Clirysostumus,
2398 4001 2551 4073 quasi
2580 4002 2745 4072 ipsius
2769 4000 2906 4056 dicta
2934 4000 2999 4054 ad
3029 4000 3236 4055 literam
3258 4001 3523 4071 accipere,

1932 4109 2180 4165 magnam
2225 4095 2385 4150 rebus
2429 4093 2495 4148 ad
2540 4102 2783 4148 sanctum
2832 4092 3107 4147 doctorem
3158 4090 3525 4161 spectantibus

1930 4183 2211 4257 caliginem
2240 4185 2455 4240 inducat
2486 4199 2704 4239 necesse
2729 4185 2819 4238 sit.

2005 4278 2188 4346 Itaque
2220 4276 2361 4330 hunc
2389 4275 2457 4329 de
2484 4274 2801 4344 Virginitate
2830 4274 3025 4329 librum
3071 4273 3315 4330 emisisse
3342 4271 3521 4345 Chry-

1931 4375 2227 4421 sostomum
2255 4372 2380 4421 ante
2405 4378 2562 4433 quam
2587 4363 2871 4435 episcopus
2896 4372 3035 4420 esset
3065 4378 3131 4420 ex
3174 4364 3337 4434 ipsius
3364 4379 3525 4435 supra

1932 4457 2098 4512 allato
2124 4453 2433 4511 testimonio
2456 4454 2588 4510 satis
2616 4469 2887 4525 superque
2922 4455 3198 4526 probatur.
3222 4454 3358 4511 Num
3397 4471 3526 4511 vero

1933 4549 2211 4623 presbyter
2239 4560 2349 4603 tum
2377 4555 2555 4612 esset,
2597 4561 2663 4602 an
2705 4546 2980 4616 diaconus,
3025 4563 3091 4603 an
3141 4548 3193 4603 in
3241 4547 3527 4604 solitudine

1931 4641 2170 4711 degeret,
2195 4640 2397 4710 pariter
2417 4640 2676 4694 incertum
2701 4657 2715 4691 :
2738 4655 2803 4694 ex
2829 4639 3043 4710 scriptis
3070 4638 3215 4696 enim
3246 4640 3360 4709 ejus
3390 4637 3525 4695 nihil

1934 4731 2242 4802 huiusmodi
2273 4730 2536 4801 espiscari
2567 4745 2872 4801 possumus.
2906 4729 3129 4785 Joannis
3154 4730 3358 4786 Livinei
3381 4730 3526 4786 Gan-

1935 4823 2184 4879 davensis
2208 4821 2729 4892 interpretalionem,
2744 4822 2925 4878 multis
2947 4822 2998 4878 in
3018 4822 3148 4878 locis
3163 4822 3523 4890 emendatam,

1937 4912 2271 4970 retinendam
2300 4912 2624 4968 censuimus.
