4056 6208
403 197 496 253 ως
1713 182 1800 237 οε
1839 161 2307 238 κτιηεικιτλτε.
3531 187 3631 244 sat

456 388 3614 438 HM

1251 797 1666 900 SANCTI
1780 798 2205 896 PATRIS
2312 796 2750 897 NOSTRI

414 1243 1502 1466 JOANNIS
1693 1240 3628 1459 CHRYSOSTOMI

1175 1805 1414 1868 ARCHI
1427 1796 1773 1869 EPISCOPI
1821 1865 1824 1868 ,
1847 1801 2817 1876 CONSTANTINOPOLITANI;

1312 2253 1496 2378 DE
1597 2253 2547 2383 VIRGINITATE
2608 2251 2684 2374 ¹.

454 3325 489 3378 1.
524 3323 874 3378 Ηωνειὶεοηιιη
897 3322 1232 3393 virginitatem
1257 3322 1520 3390 prwmium
1548 3336 1646 3373 non
1670 3319 1948 3373 habere.—

390 3414 692 3486 Virgimlatis
722 3415 930 3469 laudem
955 3413 1123 3469 Judzci
1153 3422 1468 3467 aversantur
1493 3430 1506 3465 :
1531 3427 1702 3480 neque
1729 3412 1948 3476 mirum,

389 3510 468 3577 qui
492 3508 652 3577 ipsum
679 3523 886 3576 quoque
914 3517 1097 3560 nulum
1141 3519 1207 3559 ex
1249 3504 1456 3572 virgine
1497 3502 1765 3557 Christum
1799 3503 1950 3570 igno-

390 3598 550 3652 miniis
591 3598 858 3653 aﬂ'eceriut
889 3616 902 3650 :
934 3596 1265 3651 admirantur
1307 3609 1370 3650 ac
1409 3593 1706 3664 suspiciunt
1747 3593 1947 3658 exteri,

389 3690 488 3744 sola
514 3699 680 3744 autem
710 3691 835 3744 colit
863 3689 1099 3743 Ecclesia
1132 3688 1246 3742 Dei.
1270 3686 1404 3742 Nam
1437 3687 1807 3741 haereticorum
1836 3686 1948 3739 vir-

386 3782 526 3851 gines
567 3798 663 3853 ego
703 3783 931 3852 virgines
972 3796 1093 3836 esse
1139 3781 1358 3835 minime
1405 3779 1631 3833 dixerim
1673 3797 1684 3827 τ
1721 3779 1948 3848 primum

386 3874 515 3944 Quod
543 3884 698 3930 casta:
726 3891 831 3928 non
859 3874 1000 3928 sint:
1032 3888 1203 3942 neque
1231 3873 1374 3928 enim
1405 3873 1495 3925 uni
1533 3872 1646 3925 viro
1667 3871 1950 3942 desponsa}

386 3973 519 4028 sunt,
547 3973 602 4017 ut
629 3964 738 4017 vult
765 3965 952 4018 beatus
979 3964 1067 4017 ille
1098 3961 1292 4018 Christi
1328 3961 1600 4030 pronubus
1623 3978 1636 4012 :
1670 3960 1948 4030 Despondi,

361 4089 364 4092 ~
386 4053 560 4121 inquit,
588 4070 670 4107 vos
697 4056 782 4106 uni
813 4055 918 4107 viro
940 4054 1182 4123 virginem
1205 4063 1398 4106 castam
1425 4051 1624 4106 Christo
1648 4049 1949 4104 tradendum

390 4142 475 4211 (2.
505 4143 616 4200 Cor.
651 4147 734 4199 11.
762 4145 855 4214 2).
900 4145 1031 4200 Nam
1070 4145 1118 4198 id
1149 4145 1248 4200 etsi
1276 4144 1341 4198 de
1383 4153 1494 4197 toto
1531 4143 1782 4197 Ecclesia:
1808 4153 1950 4196 ccetu

388 4235 572 4290 dictum
613 4246 725 4303 est,
777 4247 954 4292 tamen
999 4237 1116 4291 illas
1158 4251 1369 4307 quoque
1421 4235 1534 4289 haec
1582 4236 1953 4304 enmplectitur

385 4326 563 4382 oratio.
590 4328 869 4396 Quomodo
897 4329 1054 4396 igitur
1079 4345 1196 4398 qua:
1237 4329 1350 4382 viro
1382 4343 1487 4381 uno
1515 4342 1619 4380 non
1650 4335 1948 4391 (ιοηιοιιιω,

382 4415 594 4473 alterum
621 4421 706 4488 qui
735 4434 841 4474 non
869 4428 951 4475 eSt
975 4419 1107 4474 deus
1145 4420 1596 4489 superinducunt,
1624 4427 1786 4472 casta:
1827 4431 1952 4472 esse

382 4509 634 4576 possunt?
684 4509 865 4580 Itaque
918 4512 1143 4578 primum
1192 4510 1502 4566 eamobrem
1559 4509 1792 4580 virgines
1847 4521 1954 4560 non

379 4608 529 4652 sunt:
557 4600 748 4655 deinde
775 4599 917 4670 quod
951 4601 1345 4656 matrimonium
1369 4600 1670 4655 damnando
1696 4599 1762 4654 ad
1783 4597 1954 4655 decli-

380 4692 570 4746 nandas
601 4694 809 4762 nuptias
833 4702 954 4748 sunt
974 4708 1267 4762 progressa:
1291 4711 1304 4747 :
1331 4708 1452 4746 nam
1475 4709 1595 4747 cum
1619 4707 1710 4747 eas
1734 4692 1953 4746 vitiosas

378 4798 489 4838 esse
511 4785 808 4850 sanxerint,
838 4786 1050 4853 pnemia
1079 4785 1178 4840 sibi
1203 4786 1518 4856 virginitatis
1542 4785 1948 4855 prmripueruut.

378 4869 483 4927 Non
509 4877 649 4928 enim
691 4876 782 4945 qui
825 4877 950 4931 vitia
991 4887 1183 4931 cavent
1221 4891 1419 4932 corona
1469 4877 1693 4939 donari,
1721 4876 1814 4931 sed
1847 4891 1953 4932 non

377 4966 528 5034 plecti
549 4967 823 5022 dumtaxat
850 4981 944 5037 par
970 4980 1072 5023 est.
1106 4971 1278 5037 Atque
1311 4968 1362 5024 id
1389 4969 1602 5040 quidem
1640 4969 1824 5024 videre
1871 4979 1953 5024 est

379 5073 477 5110 non
526 5059 694 5114 solum
745 5059 976 5122 nostris,
1021 5059 1116 5115 sed
1164 5061 1403 5117 externis
1444 5062 1604 5116 etiam
1649 5059 1857 5131 legibus
1882 5059 1952 5114 ita

375 5151 714 5206 constitutum
743 5170 756 5205 :
786 5153 884 5221 Qui
917 5153 1117 5208 caedem
1153 5154 1360 5219 fecerit,
1394 5155 1583 5224 inquit,
1614 5164 1870 5218 necator;
1901 5163 1954 5208 at

379 5252 476 5296 non
520 5244 681 5298 etiam
724 5245 958 5310 additur,
999 5245 1099 5314 Qui
1142 5245 1343 5301 eadem
1371 5261 1477 5301 nou
1507 5244 1715 5311 fecerit,
1751 5243 1954 5300 honore

378 5332 761 5390 alficitor:Fur
812 5339 1088 5408 plectitor;
1137 5348 1191 5394 at
1243 5354 1348 5393 non
1386 5355 1518 5393 eum
1571 5353 1820 5408 quoque,
1863 5337 1954 5408 qui

379 5423 540 5481 aliena
568 5442 674 5480 non
705 5430 958 5498 rapuerit,
991 5429 1194 5486 donum
1219 5445 1413 5500 capere
1437 5429 1713 5499 jusserunt
1741 5447 1753 5482 :
1782 5443 1957 5500 neque

437 5557 452 5587 ⁸
485 5558 714 5609 rellatum
745 5575 854 5611 cum
877 5564 996 5616 lv‘dit.
1021 5563 1316 5617 Plantiniana
1339 5563 1641 5618 anno-1575,
1674 5575 1783 5612 cum
1811 5562 1953 5612 savil.

375 5629 425 5672 et
449 5633 556 5670 cum
585 5624 694 5672 Oud.
722 5631 834 5688 Reg.
863 5626 998 5692 1974,
1033 5631 1116 5694 qui
1156 5626 1323 5680 multis
1345 5624 1535 5676 mendis
1566 5637 1823 5687 respersus
1859 5633 1954 5674 est.

2059 3317 2360 3371 adulterum
2393 3315 2729 3380 occidentes,
2761 3318 2811 3372 ei
2837 3319 2926 3388 qui
2968 3319 3189 3376 alterius
3217 3323 3394 3381 cubile
3432 3341 3536 3380 non
3569 3327 3642 3384 ef-

2056 3410 2283 3479 fringat,
2335 3408 2594 3462 honorem
2633 3410 2924 3466 sciverunt.
2971 3413 3038 3467 Et
3083 3415 3275 3470 merito
3321 3433 3451 3474 sane
3481 3438 3492 3472 :
3525 3437 3646 3476 nam

2056 3500 2266 3554 laudem
2295 3508 2348 3554 ct
2375 3499 2779 3558 admirationem
2811 3502 3006 3558 habere
3035 3519 3218 3560 eorum
3251 3518 3364 3572 est,
3399 3509 3487 3578 qui
3529 3511 3643 3563 vir-

2058 3601 2169 3646 tute
2211 3589 2614 3662 perfungantur,
2660 3609 2766 3648 non
2807 3595 2896 3664 qui
2943 3595 3066 3650 vitia
3108 3595 3420 3652 declinent:
3451 3615 3573 3654 nam
3604 3601 3651 3656 is

2057 3681 2137 3736 eis
2166 3681 2337 3737 honor
2363 3683 2492 3737 satis
2517 3693 2620 3748 est,
2649 3684 2694 3737 si
2723 3700 2932 3753 poenam
2966 3685 3163 3740 nullam
3194 3689 3446 3743 sentiant.
3472 3688 3652 3760 Itaque
3727 3713 3736 3718 -

2059 3774 2314 3828 Dominus
2339 3784 2521 3828 noster
2547 3774 2766 3846 (Matth.
2795 3777 2848 3831 5.
2876 3775 3004 3843 2%),
3035 3778 3127 3847 qui
3155 3787 3354 3834 temere
3383 3789 3438 3834 et
3459 3780 3651 3835 imme-

2056 3867 2160 3920 rito
2175 3864 2322 3920 fratri
2351 3883 2448 3921 suo
2476 3868 2734 3922 irascatur
2759 3884 2822 3924 ac
2849 3867 3048 3924 fatuum
3076 3881 3246 3937 vocet,
3273 3873 3321 3927 ei
3346 3872 3648 3944 gehennam

2055 3970 2138 4015 est
2166 3961 2522 4016 comminatus
2549 3979 2561 4015 :
2596 3977 2700 4017 non
2727 3963 2887 4018 etiam
2911 3965 2996 4030 iis,
3017 3965 3106 4035 qui
3133 3981 3230 4021 nec
3251 3966 3518 4024 immerito
3539 3967 3648 4022 ira-

2055 4060 2294 4117 scantur,
2333 4060 2387 4106 ct
2425 4067 2454 4106 a
2493 4053 2750 4108 conviciis
2793 4054 3128 4117 abstineant,
3170 4055 3385 4111 creleste
3427 4073 3650 4128 regnum

2059 4142 2303 4212 promisit
2327 4158 2340 4196 :
2369 4143 2462 4198 sed
2497 4143 2614 4212 plus
2640 4159 2706 4199 eo
2732 4145 2983 4214 quiddam
3028 4145 3303 4214 majusque
3334 4148 3646 4216 requisivit,

2057 4233 2284 4304 Diligite,
2305 4235 2568 4304 inquiens,
2596 4237 2828 4290 inimicos
2844 4247 3028 4290 vestros
3051 4236 3263 4304 (Manli.
3283 4238 3336 4291 5.
3490 4239 3652 4294 Cum-

2055 4339 2161 4393 que
2188 4325 2346 4379 vellet
2373 4324 2688 4388 ostendere,
2723 4324 3067 4395 perexiguum
3096 4335 3152 4380 et
3180 4325 3285 4380 vile
3310 4336 3473 4398 atque
3513 4331 3651 4385 indi-

2055 4431 2217 4488 gnum
2249 4418 2470 4486 prremio
2499 4431 2640 4482 esse,
2670 4415 2862 4471 fratres
2889 4433 2993 4471 non
3039 4417 3217 4474 odisse
3237 4461 3252 4484 ,
3284 4422 3557 4490 proposito
3585 4439 3652 4480 eo

2056 4506 2197 4577 quod
2229 4507 2394 4561 multo
2421 4507 2594 4576 majus
2619 4517 2732 4573 est,
2764 4524 2885 4563 eum
2913 4509 3136 4582 diligere
3165 4520 3220 4566 et
3251 4527 3434 4568 amare
3457 4555 3472 4579 ,
3499 4531 3568 4571 ne
3598 4516 3650 4570 id

2058 4605 2274 4676 quidem
2302 4605 2454 4660 nobis
2481 4605 2727 4660 sufficere
2757 4605 2852 4672 ait,
2887 4615 2944 4662 ut
2971 4605 3228 4662 honorem
3261 4607 3428 4663 ullum
3455 4624 3650 4664 conse-

2056 4712 2286 4768 quamur
2309 4715 2322 4751 :
2345 4696 2467 4766 quid
2496 4697 2664 4761 enim,
2690 4696 2732 4752 si
2755 4712 2815 4752 ea
2842 4712 2900 4752 re
2927 4696 3055 4751 nihil
3078 4697 3274 4751 exteris
3299 4699 3651 4766 prmstamus?

2059 4787 2239 4857 Itaque
2268 4788 2370 4842 alia
2404 4787 2556 4842 nobis
2584 4803 2718 4858 npus
2745 4796 2828 4843 est
2856 4789 3092 4843 accessio
3122 4789 3291 4843 multo
3331 4789 3430 4844 hac
3457 4790 3648 4859 major,

2057 4880 2101 4934 si
2133 4879 2346 4950 quidem
2377 4879 2677 4935 mercedem
2705 4879 3027 4949 ﬂagitamus.
3051 4879 3230 4949 Neque
3257 4881 3398 4935 enim
3429 4882 3550 4952 quia
3575 4893 3648 4949 te,

2061 4972 2249 5042 inquit,
2278 4970 2538 5042 gehennae
2568 4987 2671 5026 non
2698 4971 2913 5034 damno,
2945 4972 3032 5042 qui
3063 4972 3358 5028 maledictis
3378 4982 3537 5043 atque
3569 4975 3648 5030 ira

2061 5063 2112 5118 in
2147 5063 2366 5117 fratrem
2393 5063 2698 5127 abstineas,
2739 5076 3020 5133 propterea
3058 5073 3110 5119 te
3137 5079 3333 5118 corona
3377 5064 3538 5120 etiam
3568 5064 3652 5120 di-

2059 5173 2218 5228 gnum
2249 5157 2515 5213 existima.
2542 5155 2656 5212 Non
2697 5155 2839 5211 enim
2885 5156 3148 5211 tantillum
3191 5155 3532 5212 humanitatis
3562 5171 3650 5212 so-

2059 5248 2166 5302 lum
2197 5246 2478 5311 desidero;
2516 5246 2611 5303 sed
2654 5246 2864 5302 etiamsi
2907 5261 3006 5302 nec
3047 5244 3346 5300 convicium
3374 5243 3570 5310 facias,
3593 5254 3651 5299 et

2061 5355 2183 5396 eum
2231 5355 2414 5395 amare
2459 5341 2619 5396 etiam
2668 5340 2851 5406 dicas,
2899 5339 3075 5396 adhuc
3119 5337 3256 5392 infra
3297 5337 3490 5404 meres.
3518 5347 3650 5394 ette

2060 5431 2199 5502 apud
2230 5432 2539 5503 publicanos
2567 5433 2822 5489 collocas.
2852 5431 3003 5499 Quod
3046 5431 3090 5486 si
3135 5430 3404 5500 perfectus
3433 5447 3495 5487 ac
3519 5430 3651 5482 cazlo

2059 5521 2252 5594 dignus
2279 5539 2399 5578 esse
2424 5525 2539 5592 vis,
2568 5525 2688 5584 istic
2730 5523 2890 5578 modo
2933 5539 3002 5578 ne
3047 5522 3316 5587 consiste,
3358 5523 3451 5580 sed
3495 5519 3652 5573 altius

2059 5616 2379 5686 conscende,
2412 5625 2466 5672 et
2495 5627 2681 5672 natura
2712 5613 2823 5685 ipsa
2877 5614 3240 5671 sublimiorem
3273 5613 3656 5690 cogitationem
3695 5661 3698 5666 .
