4056 6208
335 251 441 310 555

341 374 553 442 suscipe
582 388 599 425 :
628 369 678 425 id
708 377 884 424 autem
914 375 997 424 est
1037 367 1285 421 inimicos
1331 366 1572 433 diligere.
1602 362 1733 418 Cum
1774 362 1932 431 igitur

344 465 577 533 undique
605 463 707 517 hoc
731 460 887 517 nobis
915 467 1125 513 constet
1142 499 1157 522 ,
1183 458 1446 513 desistant
1474 455 1705 509 haeretici
1739 454 1934 507 frustra

346 571 403 613 se
428 555 700 625 amigcre;
727 552 923 608 nullam
964 565 1106 605 emm
1154 545 1457 603 mercedem
1498 546 1757 613 accipient
1787 560 1800 595 :
1827 556 1932 595 non

343 648 463 717 quia
492 647 558 700 sit
589 645 818 715 injustus
846 643 1121 697 Dominus.
1150 637 1426 708 apagesis;
1456 634 1549 691 sed
1578 634 1720 705 quod
1761 633 1933 701 impe-

342 741 425 795 riti
471 738 571 808 ipsi
607 746 661 792 et
716 734 960 806 improbi.
1007 729 1145 798 Quid
1187 728 1336 784 ita‘?
1380 728 1811 783 Demonstratum
1851 731 1934 778 est

342 832 478 903 fugat:
524 839 728 885 tantum
771 844 801 883 a
846 826 989 881 vitiis
1031 825 1232 879 nullum
1280 822 1609 894 propositum
1647 835 1767 875 esse
1797 835 1933 890 pne-

339 927 504 980 ntium
537 942 550 979 :
582 925 680 994 ipsi
708 930 884 975 autem
925 917 1069 990 quod
1112 916 1510 971 matrimonium
1551 909 1801 969 vitiosum
1830 912 1931 968 du-

338 1026 543 1082 cerent,
566 1031 631 1070 eo
651 1015 1047 1070 abstinuerunt.
1072 1009 1188 1078 Quo
1212 1018 1367 1080 pacto
1394 1008 1553 1076 igitur
1579 1007 1647 1061 ob
1679 1006 1928 1060 vitiorum

336 1109 511 1179 fugam
544 1104 845 1161 mercedem
876 1102 1136 1174 poscent?
1164 1100 1299 1157 Nam
1326 1109 1385 1154 ut
1416 1113 1514 1154 nos
1535 1099 1623 1169 qui
1648 1112 1753 1153 non
1782 1096 1933 1151 adul-

338 1213 574 1256 tercmus
603 1199 747 1269 digni
779 1215 884 1252 non
917 1196 1239 1265 erimus-qui
1272 1209 1615 1260 coronemur,
1648 1194 1725 1247 sic
1757 1206 1931 1262 neque

334 1293 411 1347 illi
437 1294 527 1362 qui
558 1306 776 1347 uxorem
806 1305 916 1345 non
947 1289 1169 1344 ducant.
1205 1286 1279 1343 Ita
1321 1286 1463 1343 enim
1493 1301 1588 1340 eos
1614 1286 1700 1339 illa
1730 1284 1818 1339 die
1846 1283 1929 1339 al-

335 1388 611 1458 loquetur,
632 1386 720 1456 qui
752 1385 804 1439 in
847 1399 944 1439 nos
985 1382 1307 1438 sententiam
1352 1379 1595 1436 dicturus
1642 1387 1726 1433 est
1760 1394 1773 1431 :
1807 1376 1926 1432 Non

334 1479 581 1549 equidem
614 1477 677 1531 iis
706 1476 943 1531 honores
982 1473 1269 1538 constitui,
1310 1472 1398 1541 qui
1437 1487 1467 1525 a
1498 1470 1640 1525 vitiis
1665 1470 1838 1526 solum
1867 1482 1929 1525 se

333 1573 679 1626 contineant:
708 1585 827 1624 nam
873 1568 926 1623 id
969 1566 1109 1638 apud
1157 1580 1244 1620 me
1281 1565 1530 1636 exiguum
1562 1574 1674 1630 est;
1705 1562 1800 1619 sed
1837 1563 1929 1634 qui

334 1666 584 1717 virtutem
632 1677 845 1717 onmem
889 1659 1197 1732 persequuti
1240 1658 1381 1722 sint,
1423 1672 1517 1711 eos
1554 1672 1607 1710 tn
1640 1670 1928 1726 perennem

336 1754 587 1808 ca-lorum
616 1752 983 1807 lncreditatem
1016 1748 1317 1804 introduco.
1342 1746 1622 1817 Quomodo
1654 1747 1811 1817 igitur
1838 1744 1927 1815 qui

337 1844 734 1899 tnatrimonium
765 1842 966 1899 foedum
994 1855 1057 1896 ac
1086 1839 1403 1911 flagitiosum
1426 1837 1694 1903 credatis,
1735 1835 1805 1891 ob
1835 1837 1930 1890 fla-

336 1939 588 2009 gitiorum
618 1937 814 2007 fugam,
842 1935 1061 2006 prmmia
1088 1934 1152 1986 iis
1184 1932 1452 2003 proposita
1477 1972 1493 1998 ,
1523 1931 1612 2001 qui
1643 1928 1927 2000 prteclaras

335 2044 420 2084 res
449 2028 731 2098 gesserint,
756 2023 1072 2095 postulatis?
1093 2023 1173 2077 Ob
1197 2021 1248 2076 id
1276 2022 1417 2076 enim
1445 2028 1500 2075 et
1525 2034 1690 2091 agnos
1709 2018 1929 2073 dextros

332 2119 560 2174 enllocat
586 2118 605 2189 (
630 2117 815 2171 Matth.
837 2116 929 2171 25.
956 2116 1025 2170 53
1044 2112 1087 2184 ),
1131 2121 1186 2169 et
1212 2110 1518 2177 collaudat,
1547 2119 1603 2165 et
1628 2110 1679 2164 in
1707 2122 1927 2178 regnum

332 2212 598 2278 admittit,
631 2225 735 2265 non
782 2208 925 2280 quod
969 2208 1143 2262 aliena
1186 2220 1292 2259 non
1333 2203 1627 2275 rapuerint,
1660 2201 1753 2258 sed
1786 2199 1927 2271 quod

333 2304 493 2359 etiam
524 2317 617 2357 sua
657 2301 775 2355 aliis
818 2298 1070 2368 impertiti
1117 2297 1224 2351 sint
1256 2313 1271 2350 :
1299 2304 1354 2350 et
1395 2310 1519 2351 eum
1560 2292 1645 2350 cui
1695 2292 1931 2364 quinque

334 2398 532 2451 talenta
562 2394 877 2450 credidisset
902 2390 1262 2457 commendat,
1293 2404 1400 2445 non
1430 2385 1575 2459 quod
1604 2400 1712 2442 non
1742 2385 1923 2440 immi-

337 2489 578 2551 nuisset,
611 2486 703 2540 sed
744 2483 884 2555 quod
914 2482 1176 2539 creditum
1206 2480 1480 2545 auxisset,
1510 2493 1572 2533 ac
1602 2477 1929 2547 duplicatum

333 2579 631 2648 depositum
673 2575 942 2631 redderet.
982 2573 1271 2642 Quousque
1301 2571 1461 2637 igitur
1507 2583 1613 2623 non
1659 2567 1929 2623 desistetis

334 2671 529 2726 frustra
559 2683 777 2723 currere
796 2708 811 2734 ,
842 2666 1195 2737 nequicquam
1226 2664 1469 2718 laborare
1490 2701 1506 2729 ,
1548 2671 1752 2716 temere
1778 2660 1929 2729 pugi-

335 2762 447 2816 latu
471 2767 701 2822 certare,
728 2772 907 2814 aerem
936 2756 1225 2812 verberare
1253 2753 1513 2824 (Philipp.
1535 2751 1591 2805 2.
1620 2752 1715 2817 lli;
1746 2752 1771 2805 1
1809 2750 1926 2805 Cor.

334 2853 387 2908 9.
411 2851 542 2923 26)?
563 2852 737 2921 Atque
765 2849 966 2904 utinam
995 2847 1195 2903 frustra
1223 2845 1383 2901 modo
1407 2864 1421 2899 :
1445 2845 1544 2900 etsi
1574 2861 1680 2901 non
1713 2844 1916 2900 medio-

335 2944 440 2998 cris
482 2942 663 3013 utique
702 2955 859 3011 ptena
902 2949 1019 3007 est,
1065 2938 1154 3010 qui
1184 2938 1421 3009 graviter
1464 2936 1847 3001 laboraverint,
1874 2946 1930 2993 et

336 3033 615 3103 prmmium
656 3040 874 3103 sperent
920 3030 1191 3086 laboribus
1237 3029 1438 3099 majus,
1476 3042 1634 3099 quem
1661 3027 1801 3084 diem
1829 3027 1929 3083 sibi

337 3127 626 3197 gloriosum
659 3124 774 3180 fore
797 3124 1013 3193 ducant,
1042 3138 1109 3178 eo
1139 3123 1279 3177 inter
1306 3122 1563 3193 inglorios
1591 3122 1797 3177 haberi.

411 3219 476 3275 ll.
528 3217 805 3274 [hereticos
847 3216 1146 3288 virginitatis
1187 3216 1338 3269 etiam
1372 3231 1547 3285 plenas
1591 3215 1828 3284 pendere.
1860 3245 1931 3255 -—

342 3310 494 3367 Nunc
517 3326 624 3365 non
651 3309 702 3364 id
729 3309 900 3365 solum
927 3308 1122 3362 malum
1152 3315 1261 3369 est.
1290 3321 1463 3377 neque
1499 3306 1544 3361 is
1570 3306 1686 3375 ejus
1707 3305 1931 3376 jacturte

330 3402 572 3469 'modus,
621 3409 680 3455 ut
720 3399 950 3455 fructum
989 3397 1194 3453 nullum
1239 3396 1470 3461 faciant,
1514 3395 1609 3451 sed
1664 3396 1933 3466 excipient

340 3496 441 3548 alia
468 3494 636 3548 multo
658 3492 723 3546 iis
741 3490 1009 3563 graviora,
1038 3489 1175 3560 ignis
1203 3488 1571 3552 inexstinctus,
1597 3487 1796 3541 vermis
1827 3487 1930 3541 im-

342 3585 603 3650 mortalis,
659 3582 896 3639 tenebraa
944 3579 1278 3647 exteriores,
1318 3594 1589 3645 aerumnae,
1635 3579 1928 3634 afﬂictatio.

342 3678 522 3748 Itaque
572 3683 783 3731 centum
830 3671 987 3728 nobis
1032 3671 1225 3743 linguis
1265 3678 1321 3727 et
1362 3671 1597 3741 angelica
1623 3671 1850 3742 quadam
1878 3671 1931 3726 vi

339 3782 476 3839 opus
502 3768 609 3833 sit,
641 3774 702 3821 ut
743 3765 855 3820 Deo
883 3779 982 3835 pro
1021 3762 1138 3834 ejus
1177 3764 1227 3817 in
1267 3776 1367 3819 nos
1395 3776 1522 3817 cura
1554 3762 1744 3833 dignas
1773 3776 1932 3832 agere

340 3859 537 3932 gratias
565 3860 857 3930 possimus;
888 3872 963 3911 ac
991 3871 1061 3912 ne
1103 3857 1182 3911 sic
1224 3870 1436 3926 quoque
1478 3857 1746 3925 possimus
1780 3871 1793 3908 :
1824 3870 1932 3925 quo

341 3962 498 4025 pacto
524 3950 709 4007 enim?
750 3948 1084 4020 Virginitatis
1113 3947 1267 4003 labor
1304 3957 1358 4003 et
1388 3947 1542 4002 nobis
1570 3956 1627 4003 et
1665 3946 1931 4003 haereticis

344 4061 440 4117 par
465 4053 580 4110 est;
605 4053 765 4114 atque
790 4041 895 4097 illis
922 4042 1146 4096 fortasse
1169 4039 1336 4111 multo
1357 4040 1519 4095 etiam
1543 4038 1715 4109 major
1743 4055 1757 4093 :
1784 4038 1932 4093 labo-

342 4154 461 4194 rum
488 4137 690 4193 fructus
717 4136 889 4205 impar
915 4133 1007 4189 sed
1032 4133 1156 4188 illos
1184 4140 1240 4187 et
1263 4132 1493 4200 vincula,
1528 4142 1581 4187 et
1610 4133 1858 4205 lacryma:
1879 4138 1935 4186 et

344 4230 581 4301 ploratus
612 4237 669 4283 et
696 4225 1024 4281 immortales
1040 4232 1269 4288 manent
1296 4224 1599 4291 cruciatus;
1641 4238 1739 4279 nos
1767 4238 1932 4295 ange-

343 4332 516 4379 lorum
548 4330 743 4385 sortes,
779 4316 1071 4388 splendidae
1102 4315 1366 4379 lucernae,
1399 4322 1457 4370 et
1496 4314 1638 4386 quod
1669 4314 1933 4371 bonorum

342 4414 581 4469 omnium
620 4421 778 4481 caput
807 4419 923 4475 est,
962 4408 1144 4479 sponsi
1169 4405 1519 4463 consuetudo.
1546 4406 1934 4478 Sed‘quamob-

343 4520 459 4560 rem
504 4502 815 4559 eommdcm
865 4500 1106 4555 laborum
1171 4500 1435 4555 contraria
1487 4502 1710 4572 prtemia
1775 4500 1936 4555 sunt?

345 4594 498 4664 Quod
528 4595 601 4648 illi
627 4591 918 4647 sanciendo
954 4592 1124 4662 legem
1151 4590 1343 4646 divinat
1377 4591 1737 4647 adversariam
1766 4592 1932 4661 virgi-

347 4690 567 4744 nitatem
591 4699 717 4741 sunt
743 4684 972 4755 amplexi
1008 4701 1021 4737 :
1062 4698 1164 4740 nos
1198 4692 1255 4738 ut
1284 4683 1403 4753 ejus
1427 4684 1749 4739 voluntatem
1779 4696 1936 4737 exse-

345 4795 591 4853 quamur,
621 4779 673 4834 id
705 4778 947 4834 facimus.
978 4778 1142 4832 Deum
1178 4791 1405 4846 namque
1442 4774 1580 4830 velle
1618 4788 1804 4830 omnes
1832 4773 1934 4828 lto-

346 4875 518 4930 mines
538 4889 567 4927 a
589 4871 837 4942 oonjngio
861 4869 1150 4935 abstinere,
1172 4868 1216 4921 is
1239 4866 1390 4922 testis
1416 4875 1517 4930 est,
1545 4867 1633 4937 qui
1662 4865 1931 4920 Christum

349 4968 402 5023 in
434 4982 491 5021 se
521 4965 824 5035 loquentem
854 4962 1013 5017 habet
1040 4976 1055 5014 :
1093 4960 1220 5016 Volo
1237 4960 1401 5023 enim,
1434 4959 1621 5029 inquit,
1645 4975 1815 5011 omnes
1836 4960 1931 5012 lto-

346 5060 505 5114 ntines
527 5058 600 5115 sic
624 5072 732 5111 esse
749 5095 766 5122 ,
796 5063 852 5108 ut
878 5069 970 5125 ego
992 5068 1137 5119 sum,
1158 5052 1492 5107 continentes
1520 5050 1599 5118 (Ι.
1625 5048 1743 5105 Cor.
1767 5049 1822 5104 7.
1851 5050 1931 5122 7).

347 5150 456 5202 Sed
484 5148 730 5203 Salvator
759 5148 918 5203 nobis
944 5162 1195 5218 parcens,
1228 5155 1284 5203 et
1315 5146 1565 5218 spiritum
1593 5146 1930 5217 promptum,

347 5251 565 5293 carnem
597 5238 869 5294 inﬁmam
903 5254 1026 5295 esse
1053 5239 1235 5295 sciens
1254 5237 1584 5323 .(Matthjﬁ.
1608 5237 1722 5323 4t),
1752 5236 1806 5291 id
1830 5236 1936 5292 sub

348 5323 599 5392 pra-cepti
636 5324 1007 5378 necessitatem
1032 5336 1136 5376 non
1166 5321 1460 5385 conclusit,
1488 5322 1581 5376 sed
1607 5322 1725 5392 ejus
1753 5324 1931 5393 optio-

346 5430 469 5470 nem
492 5412 683 5468 animis
712 5413 908 5468 nostris
931 5411 1191 5495 permisit.
1213 5410 1345 5467 Nam
1373 5412 1418 5466 si
1447 5414 1816 5483 prtescriptum
1841 5429 1936 5471 es.

346 5514 429 5561 set
454 5514 613 5575 atque
635 5504 718 5560 lex
737 5545 754 5572 ,
777 5506 867 5575 qui
898 5504 952 5560 id
982 5501 1351 5574 perfecissent,
1382 5502 1637 5561 honorem
1664 5521 1770 5562 non
1800 5521 1935 5563 cou-

345 5606 717 5669 sequerentur,
742 5597 839 5653 sed
877 5597 1011 5653 illud
1037 5597 1313 5665 audirent,
1341 5596 1567 5656 Fecistis
1590 5600 1731 5672 quod
1759 5600 1936 5659 facere

408 5712 435 5748 ³
465 5718 637 5775 voces,
655 5709 785 5777 Quid
804 5711 874 5765 ita
893 5710 919 5763 7
937 5715 989 5764 ἱιι
1009 5720 1123 5779 Reg.
1143 5713 1343 5765 desunt.

1047 247 1106 305 S.
1147 244 1428 303 JOANNIS
1455 242 1932 301 CllRYSOSTOMl
1974 243 2302 306 ARCﬂlEP.
2343 249 2887 315 CONSTANTINOP.

3527 271 3629 329 536

2049 365 2307 425 debuistis
2347 371 2365 431 l
2386 370 2512 427 Luc.
2547 375 2635 443 t7,
2688 374 2792 451 10)
2835 392 2848 428 :
2902 393 3075 449 neque
3107 380 3173 436 iis
3196 383 3283 453 qui
3326 399 3428 438 nou
3454 399 3632 444 essent

2043 464 2312 532 assequuti
2350 464 2738 535 ignosceretur,
2770 467 2863 523 sed
2903 472 3151 541 exlegqu
3191 488 3379 544 paruas
3405 477 3627 532 luerent.

2042 553 2194 610 Nunc
2241 571 2361 610 cum
2392 558 2603 624 dixerit.
2638 561 2739 629 Qui
2786 573 2946 633 potest
2974 582 3169 637 capere,
3203 572 3373 640 capiat
3420 572 3629 643 (Matth.

2044 647 2130 702 19.
2166 648 2232 703 12
2248 658 2266 720 )
2287 690 2302 716 ,
2341 650 2429 720 qui
2489 668 2594 707 non
2624 665 2842 723 possent
2869 656 3007 711 haud
3043 657 3313 716 danmavit
3345 680 3356 714 :
3389 670 3478 732 qui
3511 680 3627 735 pos-

2041 748 2181 802 sent.
2208 740 2271 795 iis
2297 756 2456 811 grave
2484 754 2644 814 atque
2673 745 2859 815 ingens
2883 757 3157 804 certamen
3204 756 3497 819 proposuit.
3530 756 3623 809 Ita.

2039 847 2143 899 que
2164 842 2217 888 et
2238 832 2453 899 Paulus,
2494 834 2726 906 Magistri
2753 838 2987 907 vestigiis
3017 840 3288 906 insistens,
3323 842 3395 898 De
3418 845 3631 914 virgini.

2040 921 2131 976 bus
2156 922 2172 954 ¹
2199 962 2214 986 ,
2250 922 2449 993 inquit,
2490 936 2791 996 praereptura
2810 928 3015 984 Domini
3034 949 3134 987 non
3163 933 3341 1003 habeo,
3363 937 3631 992 consilium

2039 1024 2209 1067 autem
2228 1015 2295 1069 do
2325 1015 2401 1086 (l.
2426 1017 2542 1072 Cor.
2575 1019 2627 1074 7.
2655 1019 2769 1091 25).

2109 1103 2196 1159 Ill.
2238 1105 2553 1163 Matrimonii
2591 1110 2968 1166 detestationem
3008 1115 3252 1170 satanica:
3301 1116 3630 1172 immanitatis

2037 1213 2165 1253 esse.
2196 1228 2266 1239 —
2295 1199 2364 1254 At
2390 1215 2521 1254 vero
2549 1217 2721 1272 neque
2759 1202 2993 1259 Marcion
3014 1245 3030 1270 ,
3063 1222 3234 1277 neque
3256 1196 3588 1264 ‘V'alcntinus
3607 1251 3625 1276 ,

2040 1304 2213 1359 neque
2246 1289 2428 1346 Manes
2456 1307 2576 1347 eam
2624 1293 3044 1351 moderationem
3086 1307 3371 1355 tenuerunt
3410 1317 3423 1354 :
3458 1315 3629 1370 neque

2036 1376 2179 1436 enim
2223 1380 2495 1439 Christum
2528 1385 2579 1439 in
2623 1399 2683 1441 se
2720 1386 3023 1456 loquentem
3064 1387 3329 1444 habebant
3351 1430 3365 1453 ,
3402 1392 3488 1462 qui
3515 1392 3630 1445 evi-

2036 1473 2137 1530 bus
2168 1475 2281 1530 suis
2321 1476 2523 1545 parcit,
2562 1485 2616 1531 ct
2646 1493 2742 1547 pro
2768 1478 2833 1532 iis
2871 1479 3033 1533 vitam
3064 1480 3359 1548 impendit.
3390 1481 3482 1535 scd
3526 1478 3627 1534 hd-

2041 1561 2297 1615 micidam
2328 1561 2785 1627 illum,mendacii
2813 1574 3091 1633 parentem
3118 1563 3302 1635 (Joan.
3334 1564 3423 1619 10.
3455 1567 3543 1633 H;
3567 1568 3622 1620 8.

2041 1652 2155 1723 44).
2176 1654 2357 1723 Itaque
2384 1656 2476 1724 qui
2507 1671 2567 1710 se
2598 1656 2871 1721 audirent,
2904 1671 3095 1711 omnes
3123 1656 3499 1725 perdiderunt,
3526 1672 3622 1711 eos

2044 1747 2131 1802 hic
2161 1747 2444 1802 inutilibus
2470 1757 2632 1817 atque
2662 1750 3019 1805 intolerandis
3053 1750 3337 1805 laboribus
3368 1765 3623 1819 premen-

2043 1845 2143 1899 tes,
2175 1837 2285 1892 illic
2306 1837 2359 1892 in
2378 1847 2625 1908 paratum
2646 1839 2748 1893 sibi
2772 1839 2949 1909 ignem
2980 1855 3087 1893 una
3108 1855 3293 1895 secum
3321 1839 3617 1892 trahentes.

2105 1929 2194 1985 IV.
2251 1928 2526 1985 Han-elices
2578 1931 2796 2003 virgines
2854 1933 3004 1986 etiam
3050 1933 3275 2003 gentibus
3344 1932 3626 1986 miseriores

2033 2038 2158 2077 esse.
2183 2051 2257 2063 —
2274 2020 2321 2078 Ο
2348 2036 2444 2077 vos
2472 2023 2630 2076 etiam
2659 2022 2908 2093 gentibus
2930 2024 3265 2079 miseriores!
3292 2039 3410 2077 nam
3436 2033 3625 2093 gentes

2032 2110 2247 2181 quidem
2277 2111 2376 2166 etsi
2399 2111 2939 2183 gehennte'supplicia
2967 2122 3303 2182 exspectant,
3330 2122 3383 2167 at
3405 2115 3490 2168 hic
3512 2114 3621 2167 sal-

2034 2211 2141 2258 tem
2172 2202 2490 2273 voluptatem
2519 2204 2715 2272 nuptiis
2744 2203 3142 2273 frequentandis
3163 2245 3177 2267 ,
3212 2205 3431 2274 pecunia
3460 2214 3622 2260 caete—

2034 2293 2213 2363 risque
2237 2294 2356 2349 vita:
2385 2294 2733 2352 suavitatibus
2759 2296 3069 2360 tractandis,
3095 2296 3312 2366 capiunt
3343 2314 3356 2351 :
3390 2312 3483 2352 vos
3512 2307 3625 2351 tor-

2034 2396 2214 2441 menta
2255 2395 2311 2440 et
2356 2401 2622 2441 aerumnas
2667 2388 2966 2458 utrobique,
2997 2397 3050 2442 et
3080 2387 3167 2442 hic
3193 2396 3402 2457 sponte.
3435 2398 3485 2442 et
3520 2388 3627 2442 illic

2034 2477 2184 2534 inviti
2230 2478 2523 2534 sustinetis.
2555 2478 2662 2533 Illis
2713 2494 2811 2551 pro
2833 2479 3039 2550 jejunio
3085 2488 3139 2533 et
3182 2479 3481 2548 virginitate
3525 2493 3626 2534 nec

2034 2568 2337 2624 mercedem
2360 2570 2554 2624 tribuat
2574 2567 2877 2641 quisquam,
2908 2585 3008 2625 nec
3034 2570 3352 2640 supplicium
3381 2571 3616 2640 irrogct:

2036 2676 2130 2717 vos
2151 2676 2377 2733 quorum
2416 2663 2630 2718 nomine
2659 2664 2946 2718 immensas
2971 2662 3153 2718 laudes
3185 2663 3431 2733 speratis,
3458 2664 3529 2719 ob
3556 2677 3621 2717 ca

2034 2763 2301 2809 extremas
2333 2769 2517 2824 poenas
2546 2755 2726 2819 luetis,
2771 2763 2827 2810 et
2854 2770 2974 2808 cum
3002 2754 3121 2809 aliis
3150 2753 3409 2822 audietis,
3442 2754 3592 2809 Disce

2034 2844 2139 2897 dite
2166 2860 2197 2897 a
2220 2861 2300 2898 me
2318 2846 2370 2898 in
2390 2846 2554 2916 ignem
2582 2855 2839 2908 (sternam,
2874 2855 3109 2915 paratum
3130 2846 3331 2899 diabolo
3353 2856 3399 2899 et
3427 2845 3622 2916 angelis

2035 2936 2145 3006 ejus
2174 2934 2385 3007 (Matth.
2411 2936 2502 2992 25.
2534 2935 2647 3008 Η),
2678 2952 2798 2992 eum
2827 2936 2928 2992 hoc
2956 2947 3134 2992 vestro
3160 2937 3361 3007 jejunio
3391 2947 3440 2992 et
3462 2937 3594 3004 virgi

2035 3028 2221 3084 nitate.
2243 3027 2375 3083 Nam
2406 3044 2504 3084 nec
2521 3028 2778 3100 jejunium
2800 3070 2816 3096 ,
2854 3045 2953 3085 nec
2978 3030 3253 3099 virginitas
3282 3045 3378 3100 per
3405 3045 3463 3085 se
3483 3029 3625 3084 bona

2034 3122 2118 3177 vel
2150 3122 2287 3177 mala
2320 3131 2464 3185 sunt,
2494 3123 2586 3179 scd
2614 3138 2679 3178 ex
2707 3138 2891 3178 eorum
2920 3124 3007 3190 qui
3042 3139 3104 3179 ea
3135 3132 3386 3179 exercent
3427 3138 3624 3191 propo-

2036 3217 2141 3272 silo
2170 3216 2485 3272 alterutrum
2518 3215 2674 3271 fiunt.
2702 3217 2767 3271 Et
2793 3217 3040 3287 gentibus
3074 3217 3395 3270 infructuosa
3423 3230 3485 3270 ea
3510 3217 3623 3268 vir—

2036 3319 2120 3365 tus
2148 3319 2231 3365 est
2255 3326 2267 3362 :
2302 3326 2408 3364 non
2439 3310 2640 3365 habent
2667 3310 2807 3365 enim
2831 3325 2979 3364 suam
3003 3310 3324 3373 mercedem,
3347 3308 3486 3378 quod
3516 3323 3620 3362 non

2039 3402 2130 3457 Dei
2173 3410 2316 3456 metu
2355 3417 2473 3457 eam
2504 3401 2733 3457 obierint
2762 3419 2776 3454 :
2806 3414 2912 3454 vns
2940 3401 3025 3471 qui
3065 3399 3203 3454 bello
3243 3414 3363 3453 cum
3398 3399 3505 3453 Deo
3532 3413 3625 3467 ge-

2036 3495 2224 3561 rendo,
2254 3504 2412 3564 atque
2431 3496 2547 3565 ejus
2574 3494 2826 3565 operibus
2851 3493 3196 3549 criminandis
3220 3509 3335 3548 eam
3361 3492 3622 3558 ohieritis,

2038 3601 2142 3641 non
2173 3585 2335 3640 modo
2377 3584 2679 3641 mercedem
2719 3592 2949 3640 vestram
2996 3599 3101 3637 non
3154 3583 3357 3637 habetis
3381 3626 3395 3646 ,
3444 3582 3536 3637 sed
3567 3591 3625 3637 et

2037 3678 2339 3747 plectemini
2375 3694 2389 3730 :
2421 3692 2484 3733 ac
2523 3676 2663 3749 quod
2710 3677 2900 3731 attinet
2940 3674 3005 3730 ad
3047 3675 3330 3745 dogmata,
3361 3690 3480 3728 cum
3521 3675 3626 3729 illis

2036 3767 2409 3835 censebimini,
2435 3769 2523 3838 qui
2556 3769 2777 3843 perinde
2801 3777 2958 3838 atque
2983 3767 3225 3837 gentiles,
3249 3781 3376 3821 vero
3404 3765 3513 3820 Deo
3534 3780 3623 3820 re-

2031 3864 2195 3934 jceto,
2224 3863 2445 3918 deorum
2478 3860 2865 3917 multitudinem
2897 3860 3203 3915 invexeritis
3233 3876 3246 3914 :
3283 3859 3423 3929 quod
3448 3859 3514 3915 ad
3541 3859 3624 3913 vi-

2038 3961 2146 4009 tam
2173 3962 2375 4019 autem,
2406 3953 2596 4008 melius
2616 3969 2737 4008 cum
2766 3953 2873 4008 illis
2902 3967 3060 4022 quam
3090 3951 3361 4007 vobiscum
3388 3960 3576 4020 agetur
3604 3966 3620 4005 :

2037 4060 2161 4101 nam
2189 4045 2293 4100 illis
2321 4044 2423 4100 hoc
2452 4045 2622 4099 solum
2649 4043 2829 4099 damni
2856 4053 2968 4110 est,
3009 4042 3139 4098 nihil
3172 4043 3296 4099 boui
3335 4044 3622 4112 consequi,

2036 4135 2189 4191 vobis
2215 4136 2373 4191 etiam
2398 4135 2651 4206 supplicia
2686 4140 2829 4205 pati:
2858 4143 3017 4205 atque
3045 4135 3148 4190 illis
3172 4135 3225 4191 in
3255 4135 3354 4191 hac
3379 4136 3481 4189 vita
3508 4149 3628 4187 om-

2040 4228 2195 4283 nibus
2222 4229 2321 4284 frui
2364 4228 2531 4290 licuit,
2560 4243 2657 4282 vos
2683 4226 2922 4298 utrisque
2959 4229 3174 4283 caretis.
3211 4229 3292 4282 An
3339 4242 3492 4298 pmna
3523 4227 3625 4281 ulla

2038 4321 2251 4392 gravior
2277 4336 2396 4377 esse
2425 4330 2618 4391 potest,
2640 4334 2798 4390 quam
2828 4318 3081 4389 supplicia
3107 4318 3347 4374 laborum
3378 4333 3442 4373 ac
3463 4317 3629 4373 sudo-

2039 4430 2158 4469 rum
2186 4415 2460 4481 prmmium
2488 4413 2716 4481 capere?
2742 4408 2983 4475 Adulzer,
3006 4410 3368 4466 defraudator.
3390 4424 3478 4479 qm
3500 4410 3631 4462 alie-

2040 4522 2106 4562 na
2147 4508 2382 4563 suaviter
2404 4505 2717 4573 abliguriat,
2753 4512 2809 4558 ct
2850 4502 3077 4572 proximi
3103 4501 3239 4555 bona
3266 4502 3453 4568 rapiat,
3482 4498 3626 4552 sola-

2042 4598 2170 4650 tium
2192 4594 2407 4666 aliquod
2438 4594 2655 4659 habent,
2684 4594 2844 4648 brcve
2874 4591 2924 4645 id
2951 4591 3184 4660 quidem,
3208 4589 3301 4643 sed
3329 4588 3521 4640 habent
3546 4597 3626 4639 ta-

2041 4706 2204 4755 men,
2251 4687 2391 4760 quod
2420 4702 2604 4741 eorum
2637 4685 2851 4739 nomine
2897 4685 3219 4755 plectantur,
3268 4695 3490 4749 quorum
3543 4680 3629 4735 hic

2041 4783 2268 4838 fructum
2312 4779 2631 4835 habuerunt.
2663 4777 2846 4847 Atqui
2877 4783 3237 4845 paupertatem
3283 4782 3472 4842 sponte
3510 4774 3623 4838 init,

2040 4886 2100 4931 ut
2129 4875 2235 4930 illic
2274 4871 2774 4943 locupletctur,_qni
2816 4867 3134 4939 virginitatis
3163 4865 3371 4921 labores
3390 4907 3405 4930 ,
3435 4874 3492 4920 ut
3521 4865 3631 4921 illic

1988 5027 1992 5032 ,
2041 4983 2162 5023 cum
2193 4966 2395 5038 angelis
2437 4965 2663 5020 choreas
2690 4963 2884 5018 ducat:
2924 4962 2969 5016 is
3005 4962 3048 5014 si
3094 4968 3312 5029 repente
3338 4973 3398 5012 ac
3440 4968 3633 5029 praeter

2042 5074 2256 5115 omnem
2286 5057 2738 5127 exspectationem
2761 5056 2830 5109 ob
2857 5069 2915 5106 ca
2949 5050 3271 5122 plenas-det,
3303 5049 3372 5104 ob
3394 5066 3511 5120 qum
3546 5050 3629 5103 in-

2041 5167 2173 5222 gens
2196 5151 2472 5221 praemium
2504 5157 2808 5217 speraverat
2828 5189 2843 5209 ,
2873 5145 3143 5200 infamiam
3176 5152 3430 5214 quantum
3458 5158 3521 5198 ex
3552 5142 3632 5199 in-

2043 5253 2257 5316 sperato
2288 5251 2478 5299 eventu
2518 5241 2760 5297 dolorem
2790 5240 2986 5310 capiat.
3030 5239 3140 5308 Ego
3167 5236 3310 5292 enim
3348 5251 3468 5291 cum
3496 5249 3630 5290 con-

2042 5334 2264 5393 scientia
2288 5349 2441 5405 :equc
2474 5343 2634 5403 atque
2673 5332 2883 5387 flamma
2912 5324 3203 5386 cruciatum
3245 5328 3309 5383 iri
3345 5326 3627 5390 existimo,

2043 5445 2163 5485 cum
2195 5430 2248 5483 in
2277 5437 2509 5482 mentem
2532 5426 2727 5490 veniet,
2751 5424 2840 5495 qui
2868 5438 3047 5494 parem
3070 5436 3251 5476 secum
3278 5419 3512 5472 laborem
3543 5430 3634 5469 cc-

2042 5522 2242 5593 perint,
2268 5535 2388 5575 cum
2430 5518 2645 5575 Christo
2685 5518 2879 5589 degere
2909 5534 2923 5570 :
2956 5530 3014 5571 se
3061 5524 3239 5569 autem
3262 5552 3277 5578 ,
3305 5508 3374 5565 ob
3401 5524 3519 5578 qua:
3559 5506 3632 5561 illi

2108 5657 2125 5688 ¹
2162 5662 2290 5710 κως,
2316 5651 2378 5703 de
2402 5647 2683 5710 rirainibus,
2720 5647 2901 5700 desunt
2945 5649 2991 5697 in
3016 5644 3180 5698 Morel.
3215 5650 3267 5695 et
3296 5638 3517 5701 Plautia,
3543 5637 3631 5690 sed

2045 5719 2289 5769 habentur
2310 5717 2360 5764 in
2381 5714 2520 5763 savii.
2547 5720 2599 5763 ct
2622 5713 2668 5762 tu
2693 5718 2809 5773 tteg.
