4056 6208
359 325 458 382 537

353 439 554 497 areanis
592 435 748 494 bonis
776 437 1034 505 fruantur,
1064 436 1135 493 ob
1159 451 1224 493 ea
1251 444 1518 494 extremas
1546 416 1931 506 penas‘luere,

352 542 407 588 et
428 532 513 602 qui
545 531 711 586 vitam
745 529 914 602 egerit
944 544 1188 586 severam
1207 571 1222 595 ,
1245 530 1462 602 gravius
1488 527 1733 584 mulctari
1776 543 1936 599 quam

357 623 629 680 dissolutos
658 637 724 676 ac
749 622 876 675 luxu
905 621 1167 693 perditos.

431 714 491 769 Υ.
518 712 891 769 Hernicorum
919 713 1258 784 virginitatem
1284 712 1361 767 uel
1395 711 1644 766 adulterio
1678 710 1937 783 [radiarent

372 825 474 863 me.
499 838 564 847 —
581 807 791 861 Etenim
814 807 1188 862 haereticorum
1209 804 1697 862 continentia’omni
1718 814 1801 861 est
1817 805 1936 861 libi-

362 901 467 955 dine
497 899 664 969 pejor.
712 897 840 953 ilth
882 913 1112 969 namque
1154 898 1400 969 injuriam
1429 897 1734 953 hominibus
1759 898 1934 952 solum

353 993 521 1054 infert,
548 992 637 1046 illa
658 1007 779 1045 cum
813 991 923 1045 Deo
948 999 1166 1061 pugnat,
1195 998 1355 1060 atque
1388 990 1646 1045 inﬁnitam
1677 990 1820 1045 illam
1843 1005 1934 1044 sa—

351 1086 602 1154 pientiam
631 1083 812 1137 laedit:
840 1082 1103 1153 ejusmodi
1131 1083 1347 1153 laqueos
1373 1083 1484 1137 suis
1503 1083 1795 1138 cultoribus
1821 1083 1937 1138 dia-

347 1177 500 1231 bolus
533 1176 719 1231 tendit.
762 1174 893 1229 Nam
922 1174 1295 1229 hmreticorum
1324 1174 1677 1245 virginitatem
1707 1174 1949 1228 vafritiei

346 1267 456 1335 ejus
494 1266 681 1337 procul
702 1265 864 1320 dubio
887 1264 1160 1345 inventum
1191 1279 1332 1331 esse,
1365 1280 1468 1319 non
1495 1279 1613 1336 ego,
1646 1265 1738 1319 sed
1762 1266 1805 1320 is
1831 1281 1933 1320 au-

344 1368 457 1412 ctor
483 1365 590 1423 est,
618 1356 707 1427 qui
728 1356 845 1426 ejus
879 1355 1100 1410 consilia
1130 1370 1235 1410 non
1268 1356 1491 1426 ignorat.
1516 1356 1653 1423 Quid
1698 1357 1856 1427 igitur
1886 1358 1930 1411 is

346 1452 456 1504 ait?
477 1450 707 1519 Spiritus
732 1450 997 1520 manifeste
1028 1449 1171 1514 dicit,
1201 1449 1318 1519 quia
1344 1449 1396 1502 in
1425 1449 1709 1503 novissimis
1733 1458 1929 1519 tempo-

344 1539 477 1594 ribus
504 1540 761 1594 discedent
788 1540 994 1610 quidam
1023 1555 1055 1592 a
1077 1538 1198 1608 ﬁde,
1224 1539 1532 1593 attendentes
1558 1538 1817 1608 spiritibus
1846 1556 1930 1592 ινι-

343 1633 493 1697 roris,
518 1642 565 1685 et
593 1631 837 1686 doctrinis
856 1631 1240 1697 dwmoniorum,
1262 1633 1315 1684 in
1335 1614 1590 1703 hypocrisi
1623 1632 1929 1703 loquentium

342 1723 661 1778 mendacium
685 1765 701 1789 ,
733 1732 780 1777 et
819 1722 1148 1778 canteriatam
1187 1722 1476 1776 habentium
1501 1739 1644 1777 suam
1671 1724 1931 1777 conscien-

338 1817 480 1881 tiam,
514 1814 884 1884 prohibentium
912 1814 1115 1881 nubere,
1147 1814 1394 1869 abstinere
1419 1832 1450 1868 a
1473 1815 1597 1870 ciuis
1637 1831 1760 1886 quos
1788 1814 1928 1869 Deus

337 1907 529 1960 creavit
553 1905 632 1975 (l.
664 1904 796 1959 Tim.
826 1905 879 1959 4.
911 1905 1051 1976 1-5).
1082 1905 1182 1973 Qui
1210 1904 1367 1976 igitur
1392 1905 1540 1976 virgo
1566 1904 1726 1961 fuerit
1752 1922 1869 1976 quae
1894 1919 1927 1962 a
1983 1969 1997 1981 ,

338 1994 442 2049 ﬁde
459 1994 663 2062 deﬁcit,
686 2010 805 2065 qua:
826 1995 1011 2065 planos
1030 1995 1198 2062 audit,
1230 2011 1346 2066 quae
1366 1996 1698 2052 dmmonibus
1721 1998 1929 2053 obtem-

340 2097 517 2155 perat,
545 2103 663 2157 qua:
696 2086 1031 2143 mendacium
1057 2088 1226 2142 colit?
1259 2087 1470 2158 ecquid,
1512 2089 1747 2159 inquam,
1777 2090 1927 2160 virgo

346 2187 451 2245 est,
472 2194 592 2249 qum
620 2180 850 2234 cauterio
888 2179 1119 2234 inustam
1147 2179 1306 2235 habet
1338 2181 1759 2236 conscientiam?
1791 2181 1926 2237 Nam

348 2271 499 2341 virgo
540 2284 642 2325 non
671 2271 844 2327 solum
873 2284 1135 2341 corpore,
1164 2270 1257 2325 sed
1281 2271 1441 2326 etiam
1472 2272 1652 2326 animo
1689 2286 1818 2341 pura
1856 2272 1931 2327 sit

342 2372 573 2434 oportet,
602 2380 724 2435 quae
751 2373 994 2419 sanctum
1034 2364 1181 2419 illum
1208 2379 1461 2435 sponsum
1494 2374 1777 2435 exceptura
1799 2374 1881 2420 est
1908 2382 1922 2419 :

337 2456 452 2512 haec
471 2465 553 2511 tot
578 2458 771 2511 inustis
799 2457 939 2511 notis
966 2456 1055 2527 qui
1076 2456 1289 2511 tandem
1308 2472 1437 2527 pura
1462 2455 1568 2510 sit?
1588 2455 1718 2510 Nam
1744 2456 1791 2510 si
1820 2465 1930 2512 ter-

333 2563 494 2604 renas
520 2549 682 2603 etiam
707 2563 864 2604 curas
887 2549 954 2604 ab
978 2548 1080 2604 hoc
1106 2548 1340 2603 thalamo
1363 2557 1541 2603 arceat
1570 2562 1795 2604 necesse
1819 2555 1923 2614 est,

331 2651 387 2695 ut
410 2656 538 2713 quae
557 2655 679 2696 cum
709 2641 779 2695 iis
808 2650 993 2695 ornata
1020 2655 1140 2696 esse
1167 2648 1414 2711 nequeat,
1436 2639 1705 2713 quomodo
1724 2639 1924 2710 cogita-

331 2735 476 2789 tione
512 2734 774 2804 sacrilega
806 2735 948 2789 intus
971 2734 1291 2789 observante
1330 2732 1646 2803 virginitatis
1673 2730 1931 2803 splendo-

327 2840 440 2881 rem
463 2824 723 2881 tueatur?

400 2916 498 2972 VI.
537 2915 816 2971 [hereticos
841 2916 1058 2988 virgines
1086 2932 1187 2970 non
1215 2916 1411 2969 animas
1437 2915 1630 2981 solum,
1664 2914 1752 2969 sed
1772 2914 1925 2969 etiam

326 3027 556 3083 corpora
585 3010 830 3082 polluere.
860 3037 933 3052 —-
968 3008 1101 3065 Nam
1128 3009 1225 3064 etsi
1252 3009 1300 3065 ei
1326 3022 1534 3077 corpus
1570 3008 1774 3063 salvum
1804 3016 1886 3062 est
1905 3047 1922 3075 ,

326 3103 495 3158 animi
529 3110 728 3165 tamen,
756 3116 877 3171 qua).
904 3116 1025 3169 pars
1051 3109 1133 3156 est
1157 3102 1352 3171 potior,
1380 3108 1506 3155 sunt
1523 3107 1771 3169 corrupta
1797 3113 1925 3181 eon-

323 3193 462 3250 silia.
492 3192 635 3261 Quid
661 3201 840 3248 autem
868 3192 1025 3248 refert
1047 3191 1273 3262 disjecto
1295 3190 1493 3261 templo
1519 3197 1668 3260 septa
1696 3189 1924 3245 restare?

323 3292 416 3338 aut
440 3283 640 3353 quanti
669 3284 892 3337 interest
917 3297 1107 3352 purum
1133 3296 1253 3337 esse
1273 3282 1390 3335 solii
1416 3282 1612 3349 locum,
1645 3280 1779 3335 solio
1808 3294 1929 3335 sor-

323 3374 493 3430 dibus
540 3371 858 3444 inquinato?
905 3372 1237 3443 Quamquam
1276 3386 1376 3427 nec
1421 3374 1573 3426 abest
1600 3385 1629 3425 a
1668 3372 1922 3442 piaculo:

323 3465 665 3537 blasphemia
710 3465 852 3520 enim
882 3473 1039 3534 atque
1084 3464 1262 3534 impiae
1290 3478 1449 3519 voces
1487 3479 1607 3518 cum
1637 3467 1779 3518 intus
1808 3464 1919 3518 for-

324 3567 584 3624 tuentur,
626 3556 773 3611 intus
796 3556 849 3609 in
878 3555 1059 3610 animo
1085 3570 1189 3609 non
1223 3564 1458 3618 manent,
1491 3553 1585 3610 sed
1612 3563 1666 3610 et
1688 3555 1921 3624 linguam

323 3664 420 3705 ore
449 3648 683 3719 prolata:
710 3654 767 3703 et
793 3661 950 3702 aures
968 3661 1087 3717 quae
1108 3645 1399 3715 suscipiant
1422 3645 1682 3715 polluunt,
1708 3653 1763 3700 et
1781 3645 1925 3699 velut

323 3738 611 3795 mortifera
640 3753 841 3793 venena
876 3737 930 3792 in
959 3737 1194 3792 animum
1236 3736 1443 3807 illapsa,
1471 3735 1703 3791 radicem
1733 3750 1920 3791 corro-

323 3833 460 3890 dunt
491 3833 682 3903 quavis
710 3833 850 3885 tinea
879 3831 1109 3900 gravius,
1136 3843 1255 3885 cum
1281 3843 1449 3899 eaque
1473 3828 1733 3897 reliquum
1764 3840 1925 3881 omne

320 3937 535 3995 corpus
567 3921 812 3991 perdunt.
845 3921 1021 3989 Quare
1061 3921 1104 3975 si
1132 3918 1446 3990 virginitatis
1471 3916 1709 3974 deﬁnitio
1738 3926 1840 3983 est,
1870 3925 1925 3971 et

323 4015 517 4069 animo
541 4022 597 4068 et
628 4027 855 4082 corpore
898 4018 1136 4066 sanctam
1165 4024 1285 4065 esse
1310 4025 1323 4062 :
1355 4010 1471 4065 lucc
1496 4024 1614 4079 quae
1644 4018 1924 4078 utramque

326 4104 382 4159 in
414 4111 629 4174 partem
660 4101 877 4173 profana
907 4110 961 4157 et
993 4101 1253 4158 scelerata
1276 4100 1372 4164 sit,
1400 4100 1491 4170 qui
1533 4099 1743 4155 tandem
1776 4099 1933 4170 virgo

328 4194 530 4250 fuerit?
565 4196 630 4247 At
660 4195 803 4248 enim
834 4192 962 4247 mihi
992 4200 1047 4247 et
1074 4207 1137 4246 os
1170 4191 1455 4261 pallidum,
1493 4197 1548 4244 et
1578 4190 1806 4261 graciles
1832 4205 1922 4245 ar-

332 4295 445 4350 tus,
468 4294 523 4339 et
564 4286 721 4339 vilem
752 4284 1006 4340 amictum
1037 4291 1092 4338 et
1122 4294 1391 4353 aspectum
1423 4282 1641 4351 prmfcrt
1669 4296 1923 4337 mansue-

331 4385 473 4430 tum.
499 4374 566 4429 Et
584 4375 706 4446 quid
728 4384 839 4430 tum
862 4384 1066 4445 postea,
1090 4374 1135 4429 si
1157 4372 1436 4444 impudens
1457 4380 1538 4427 est
1560 4371 1781 4426 interior
1798 4386 1929 4427 ocu-

326 4467 449 4522 lus?
477 4466 617 4534 Quid
648 4467 791 4522 enim
821 4482 888 4521 co
916 4474 1136 4535 aspectu
1178 4463 1537 4534 impudentius
1579 4471 1681 4529 est,
1711 4463 1801 4533 qui
1830 4478 1926 4517 ex-

326 4560 561 4614 teriores
611 4557 794 4613 oculos
846 4557 1094 4622 inducat,
1148 4570 1236 4610 res
1287 4570 1315 4608 a
1371 4554 1482 4609 Deo
1531 4564 1738 4608 creatas
1781 4553 1924 4609 velut

323 4654 552 4707 vitiosas
579 4651 877 4722 usurpare?
910 4651 1089 4704 Omnis
1115 4649 1278 4721 gloria
1302 4650 1424 4719 ﬁlia:
1449 4649 1579 4720 regis
1605 4658 1678 4704 est
1716 4649 1925 4704 interior

324 4745 455 4813 (Ps.
484 4746 577 4800 u.
605 4745 712 4819 ll)
740 4761 754 4798 :
787 4743 903 4799 btec
929 4743 1185 4799 orationis
1218 4742 1411 4797 seriem
1452 4742 1686 4808 invertit,
1715 4751 1767 4797 et
1793 4741 1924 4797 foris

323 4836 502 4906 gloria
526 4839 722 4889 amicta
747 4834 891 4888 omni
918 4833 1063 4888 intus
1088 4832 1325 4888 foeditate
1354 4832 1580 4887 laborat.
1606 4832 1737 4888 Illud
1767 4849 1922 4888 nam-

324 4944 434 4998 que
462 4928 738 4997 indignum
761 4926 967 4982 facinus
992 4936 1094 4989 est,
1117 4939 1236 4996 quae
1262 4925 1574 4980 modesﬁam
1597 4940 1721 4995 erga
1744 4924 1922 4979 homi-

325 5034 427 5074 nes
458 5033 726 5073 summam
751 5025 990 5088 prtestet,
1022 5031 1141 5072 eam
1173 5016 1223 5070 in
1257 5016 1419 5071 Deum
1449 5024 1740 5071 creatorem
1766 5029 1922 5070 suum

324 5124 577 5165 extrema
592 5108 796 5163 insania
818 5109 895 5164 uti
917 5125 932 5176 ;
954 5118 1010 5164 et
1026 5123 1146 5180 qua:
1162 5108 1331 5162 virum
1355 5108 1436 5163 vel
1460 5107 1652 5163 intueri
1676 5123 1780 5163 non
1803 5122 1924 5162 sus-

327 5203 524 5265 tineat,
556 5201 600 5254 si
621 5216 742 5271 quae
765 5210 942 5256 tamen
966 5201 1019 5254 in
1048 5201 1113 5254 iis
1148 5199 1281 5254 tales
1309 5208 1453 5265 sunt,
1478 5199 1778 5254 mortalium
1814 5201 1922 5254 Do-

326 5292 538 5346 minum
566 5289 1157 5361 impudentibus'oculis
1183 5300 1458 5360 spectare,
1498 5299 1791 5362 contraque
1825 5306 1925 5345 ex-

326 5385 539 5440 celsum
576 5384 777 5440 nefaria
801 5384 947 5456 loqui
981 5400 996 5441 :
1023 5384 1194 5440 buxea
1218 5384 1282 5439 iis
1306 5383 1468 5440 facies
1497 5392 1600 5451 est,
1624 5384 1924 5454 mortuique

326 5474 548 5529 similis.
569 5474 650 5529 0b
672 5474 725 5530 id
749 5475 892 5532 enim
914 5476 1095 5532 multis
1120 5475 1374 5548 lacrymis
1393 5490 1455 5531 ac
1481 5476 1728 5532 lamentis
1749 5475 1925 5546 dignm

327 5573 489 5630 sunt,
518 5565 658 5638 quod
686 5583 793 5623 non
820 5568 992 5623 solum
1022 5568 1238 5637 frustra,
1271 5567 1364 5624 sed
1390 5567 1549 5623 etiam
1582 5568 1635 5622 in
1665 5565 1747 5622 sui
1778 5568 1926 5639 capi-

329 5658 401 5713 tis
428 5659 717 5726 perniciem
741 5668 942 5717 tantum
965 5678 1323 5720 aerumnarum
1354 5659 1707 5731 susceperint.

409 5738 527 5805 Vll.
575 5747 825 5823 Virginem
869 5770 966 5811 non
1008 5756 1181 5813 restim
1202 5796 1217 5827 ,
1246 5750 1337 5811 sed
1384 5749 1552 5806 animo
1595 5749 1922 5819 spectandam

1696 321 1785 378 DE
1822 319 2282 405 Vlltt'iiNl'l‘ATE.

3523 327 3627 384 538

2051 452 2174 491 esse.
2203 467 2275 479 —-
2302 436 2435 492 Vilis
2462 444 2543 494 est
2563 439 2788 495 amictus
2820 456 2833 494 :
2865 448 2919 496 at
2949 454 3053 497 non
3085 441 3139 497 in
3165 443 3398 500 vestibus
3425 455 3515 501 aut
3537 461 3630 501 co-

2046 526 2181 596 lore,
2206 528 2299 583 sed
2332 528 2383 582 in
2409 530 2588 585 animo
2623 540 2784 602 atque
2806 547 3030 604 corpore
3059 533 3332 604 virginitas
3362 544 3460 591 est.
3494 536 3627 592 Nam

2045 633 2165 674 cum
2196 634 2296 675 nec
2320 619 2691 691 philosophum
2717 636 2870 677 coma
2890 665 2903 689 ,
2931 632 3024 679 aut
3046 624 3268 689 baculo,
3302 636 3392 680 aut
3422 626 3624 693 abolla,

2043 710 2138 766 sed
2165 711 2403 767 moribus
2422 720 2476 765 et
2499 712 2679 766 animo
2700 713 3011 780 metiamur;
3042 732 3138 771 nec
3159 717 3380 795 militem
3411 718 3628 787 paluda-

2042 814 2246 871 mento,
2276 813 2368 860 aut
2394 805 2594 873 balteo,
2626 804 2721 860 sed
2747 806 2940 862 robore
2961 817 3015 863 et
3050 810 3482 880 magnanimitate
3514 827 3527 862 :
3558 825 3626 864 an

2041 912 2146 953 non
2172 898 2457 953 absurdum
2486 899 2556 954 sit
2591 898 2818 969 virgini,
2845 900 2924 955 rei
2949 909 3051 954 tam
3093 902 3394 971 praeclarae,
3429 912 3481 957 ct
3509 919 3627 973 qua:

2042 989 2277 1042 humana
2304 990 2483 1043 omnia
2509 999 2751 1060 superet,
2779 989 2955 1060 capilli
2977 992 3297 1062 squalorem,
3330 994 3508 1047 vultus
3532 994 3631 1048 de-

2039 1081 2368 1148 missionem,
2398 1097 2461 1137 ac
2483 1081 2679 1152 pullam
2707 1091 2931 1149 vestem,
2963 1092 3164 1139 temere
3192 1099 3320 1138 sane
3344 1098 3405 1139 ac
3434 1087 3624 1156 supine

2038 1174 2217 1227 virtuti
2244 1173 2461 1241 ducere,
2490 1190 2590 1230 nec
2616 1174 2734 1244 ejus
2764 1174 2943 1229 animo
2970 1174 3235 1229 dcnudato
3255 1217 3269 1242 ,
3300 1174 3425 1230 inde
3451 1176 3623 1231 studia

2037 1265 2153 1334 ejus
2177 1276 2424 1321 accurate
2463 1268 2782 1339 esplorare?
2812 1269 2880 1321 At
2906 1283 3009 1322 non
3044 1268 3093 1323 id
3123 1270 3399 1338 permittit,
3426 1270 3513 1339 qui
3535 1269 3623 1324 lu-

2036 1365 2136 1410 cta:
2165 1357 2322 1426 hujus
2342 1358 2484 1428 leges
2526 1360 2701 1413 sanxit
2733 1377 2747 1408 :
2781 1375 2952 1429 neque
2991 1359 3131 1414 enim
3164 1375 3277 1427 eos,
3318 1361 3408 1432 qui
3440 1362 3490 1416 in
3523 1360 3625 1416 hoc

2037 1454 2307 1503 certamen
2352 1463 2410 1503 se
2454 1450 2764 1520 conjiciunt,
2814 1452 3029 1519 vestitu,
3080 1450 3174 1507 sed
3214 1450 3545 1523 dogmatibus
3569 1462 3625 1508 et

2035 1537 2214 1592 animo
2242 1541 2469 1608 spectari
2490 1541 2660 1609 jubet.
2697 1541 2799 1609 Qui
2822 1543 2953 1596 enim
2979 1554 3170 1608 certat,
3206 1545 3393 1615 inquit,
3425 1545 3486 1599 ab
3512 1562 3625 1601 om-

2034 1629 2179 1683 nibus
2195 1646 2249 1684 se
2285 1632 2500 1684 continet
2524 1632 2568 1703 (l
2584 1672 2598 1688 .
2622 1631 2738 1687 Cor.
2763 1633 2816 1689 9.
2838 1634 2954 1706 25),
2990 1635 3194 1690 scilicet
3218 1652 3335 1706 quae
3360 1638 3522 1694 animi
3539 1654 3624 1693 sa-

2033 1720 2252 1775 nitatem
2298 1721 2583 1778 inlestcnt:
2611 1733 2685 1787 et,
2737 1722 2902 1778 Nemo
2929 1734 3216 1793 coronatur,
3266 1727 3364 1780 nisi
3406 1728 3627 1798 legitime

2034 1811 2291 1864 certaverit
2320 1809 2396 1883 (2.
2425 1810 2559 1865 Tim.
2583 1811 2638 1865 2.
2669 1813 2743 1884 5).
2789 1813 2918 1880 Qua:
2946 1823 3070 1868 sunt
3096 1814 3256 1885 igitur
3284 1815 3436 1871 lucta:
3467 1818 3626 1887 hujus

2032 1899 2214 1969 leges?
2236 1902 2372 1956 Audi
2400 1902 2649 1958 eumdem
2673 1904 2959 1970 dicentem,
2988 1906 3068 1960 vel
3097 1908 3274 1977 potius
3301 1906 3352 1961 in
3380 1923 3445 1962 eo
3467 1908 3623 1963 Chri-

2032 1994 2530 2048 stum‘certaminis
2571 2005 2842 2050 auctorem
2877 2013 2891 2049 :
2924 1994 3237 2051 Honorabile
3265 2006 3338 2051 est
3364 2000 3624 2054 matrimo-

2032 2084 2173 2134 nium
2201 2092 2247 2136 et
2272 2092 2411 2137 torus
2438 2084 2790 2139 immaculatus
2821 2085 2978 2159 (Heb.
3012 2088 3097 2142 i3.
3126 2085 3203 2159 4).

2107 2173 2237 2228 Vill.
2284 2173 2474 2246 Virgini
2510 2192 2628 2247 erga
2672 2179 2910 2249 conjuges
2941 2183 3130 2247 fastum
3168 2180 3466 2236 detrimento
3492 2199 3617 2238 esse.

2030 2295 2101 2306 -—
2129 2266 2264 2333 Quid
2295 2282 2423 2323 vero
2465 2267 2568 2324 hoc
2593 2269 2659 2324 ad
2690 2285 2806 2335 me,
2840 2271 3043 2341 inquit,
3091 2288 3211 2343 quae
3239 2276 3482 2329 nuntium
3508 2291 3627 2331 ma-

2033 2359 2283 2414 trimonio
2308 2360 2528 2414 remisi?
2549 2360 2605 2415 ld
2630 2362 2794 2427 enim,
2820 2363 3034 2429 misera,
3060 2363 3110 2418 id
3138 2373 3187 2419 te
3208 2364 3452 2434 perdidit,
3478 2367 3618 2436 quod

2029 2450 2160 2505 nihil
2186 2451 2281 2506 tibi
2300 2465 2419 2505 cum
2448 2452 2514 2507 eo
2538 2450 2789 2527 dogmate
2814 2468 3099 2510 commune
3120 2455 3414 2511 existimas.
3439 2456 3624 2528 itaque

2032 2561 2144 2601 rem
2159 2560 2275 2601 eam
2291 2537 2856 2616 extremo'contcmptu
2876 2557 3218 2618 prosequuta,
3233 2559 3289 2603 et
3302 2548 3391 2603 Dei
3409 2563 3465 2604 sa
3472 2550 3620 2620 pien-

2029 2636 2117 2692 tia:
2158 2631 2534 2693 contumeliam
2584 2636 2773 2704 fecisti,
2803 2647 2860 2693 et
2903 2648 3146 2694 naturam
3173 2656 3351 2696 rerum
3399 2656 3614 2697 omnem

2028 2726 2307 2783 criminata
2327 2742 2406 2783 es.
2430 2727 2562 2783 Nam
2584 2728 2629 2783 si
2657 2728 2923 2799 impurum
2947 2730 3347 2785 matrimonium
3375 2741 3476 2799 est,
3499 2733 3617 2786 ani-

2028 2828 2239 2874 mantes
2276 2820 2436 2874 etiam
2476 2835 2546 2876 ex
2577 2833 2643 2874 eo
2682 2828 2943 2890 susceptas
2983 2820 3205 2891 impura:
3234 2837 3423 2878 omnes
3451 2835 3575 2878 sunt
3597 2865 3614 2892 ,

2027 2919 2189 2981 atque
2216 2909 2350 2966 adeo
2373 2919 2425 2985 et
2451 2925 2550 2965 vos
2574 2927 2588 2965 :
2612 2926 2784 2980 neque
2811 2912 2952 2989 enim
2975 2910 3199 2967 dixerim
3227 2912 3497 2968 hominum
3523 2930 3617 2968 na-

2028 3008 2224 3056 turam.
2251 3000 2532 3068 Quomodo
2562 3001 2720 3073 igitur
2739 3002 2890 3073 virgo
2917 3011 3031 3068 est;
3063 3020 3180 3074 quae
3209 3003 3459 3074 impura?
3482 3005 3616 3061 Nam

2028 3095 2193 3149 altera
2226 3093 2340 3148 luce
2361 3135 2376 3160 ,
2416 3092 2526 3148 imo
2553 3103 2607 3149 et
2634 3093 2789 3149 tertia
2820 3097 3114 3165 excogitata
3152 3098 3298 3152 vobis
3323 3098 3534 3154 foeditas
3561 3110 3618 3154 et

2029 3184 2306 3254 impuritas
2332 3192 2444 3249 est;
2467 3199 2529 3238 ac
2558 3200 2676 3255 qum
2703 3185 3097 3240 matrimonium
3131 3186 3275 3242 velut
3294 3187 3621 3259 ﬂagitiosum

2028 3276 2321 3345 refugistis,
2353 3291 2418 3332 eo
2446 3276 2563 3346 ipso
2591 3275 2731 3347 quod
2762 3276 3051 3349 refugistis,
3097 3280 3335 3335 omnium
3357 3282 3485 3337 estis
3517 3284 3615 3338 lla-

2027 3366 2412 3437 gitiosissimae,
2437 3366 2740 3438 virginitate
2759 3376 2945 3438 stupro
2964 3352 3185 3426 foediore
3211 3370 3442 3428 inventa.
3466 3373 3616 3443 Quo-

2028 3472 2151 3511 nam
2182 3456 2342 3527 igitur
2371 3456 2489 3512 loco
2519 3472 2617 3512 vos
2654 3458 2958 3529 ponemus?
2982 3475 3101 3514 cum
3132 3460 3367 3517 Judteis?
3400 3464 3468 3518 At
3508 3481 3619 3522 non

2028 3548 2365 3603 sustinebunt
2399 3565 2413 3600 :
2455 3563 2575 3602 nam
2624 3557 2678 3603 et
2723 3549 3120 3605 matrimonium
3161 3552 3380 3620 colunt,
3432 3564 3486 3610 et
3519 3557 3618 3613 Dei

2027 3640 2352 3695 creationem
2383 3641 2700 3710 suspiciunt.
2749 3644 2830 3695 An
2863 3641 3177 3697 nobiscum?
3225 3646 3295 3699 At
3340 3645 3611 3704 Christum

2029 3746 2126 3802 per
2148 3731 2367 3787 Paulum
2398 3732 2664 3788 dicentem
2691 3732 2876 3790 audire
2904 3733 3169 3806 noluistis,
3196 3735 3511 3794 [fauorabile
3540 3750 3623 3796 cst

2027 3823 2402 3877 matrimonium
2426 3832 2474 3878 et
2512 3831 2651 3879 torus
2688 3825 3038 3882 immaculatus
3060 3826 3213 3899 (Heb.
3248 3829 3335 3884 l3.
3364 3830 3441 3901 4).
3470 3831 3617 3887 Reli-

2026 3930 2188 3985 quum
2220 3924 2303 3971 est
2323 3916 2481 3987 igitur
2502 3926 2558 3973 ut
2590 3932 2710 3973 cum
2743 3920 2989 3989 gentibus
3009 3936 3169 3990 porro
3198 3923 3522 3981 consistatis.
3546 3925 3617 3980 At

2029 4006 2133 4061 illa:
2154 4007 2313 4062 etiam
2340 4023 2437 4063 vos
2464 4016 2519 4063 ut
2544 4024 2604 4065 se
2630 4010 2798 4078 magis
2824 4011 3013 4081 impios
3040 4012 3318 4082 repellent.
3341 4013 3471 4069 Nam
3493 4015 3615 4072 Pla-

2029 4097 2167 4154 tonis
2198 4099 2459 4154 sententia
2486 4107 2568 4155 est
2598 4098 2686 4168 (In
2710 4099 2945 4172 Timaeo),
2974 4101 3177 4157 Bonum
3209 4102 3369 4159 fuisse
3386 4107 3475 4177 qui
3505 4105 3609 4163 hoc

2028 4204 2187 4246 omne
2216 4190 2432 4244 molitus
2460 4199 2561 4255 est,
2600 4198 2686 4255 et,
2716 4191 2922 4247 Bonum
2949 4193 3145 4249 nullius
3175 4195 3250 4250 rei
3279 4212 3402 4267 erga
3429 4214 3621 4269 quem-

2028 4296 2186 4349 quam
2212 4280 2406 4335 invidia
2435 4280 2594 4350 tangi.
2617 4280 2696 4335 Tu
2721 4283 2919 4337 malum
2947 4284 3117 4353 ipsum
3145 4285 3400 4354 appellas,
3422 4298 3474 4342 et
3500 4304 3615 4342 Ina-

2030 4370 2199 4424 larum
2231 4386 2408 4425 rerum
2428 4380 2747 4426 creatorem.
2775 4369 2973 4427 Verum
2998 4388 3064 4428 ne
3090 4376 3378 4433 extimesce
3404 4396 3417 4433 ε
3448 4377 3614 4436 habes

2028 4461 2284 4516 doctrina:
2325 4471 2603 4516 consortes
2646 4460 2915 4517 diabolum
2943 4464 3164 4535 ejusque
3206 4469 3460 4539 angelus;
3505 4470 3626 4527 imo.

2027 4570 2129 4610 nec
2155 4571 2248 4612 eos
2272 4555 2484 4626 quidem
2517 4571 2531 4608 :
2563 4570 2736 4626 neque
2769 4558 2910 4611 enim
2939 4558 3028 4629 qui
3061 4568 3112 4614 te
3142 4559 3194 4615 in
3230 4576 3351 4616 eum
3380 4563 3612 4620 furorem

2030 4647 2354 4712 induxerint,
2380 4646 2519 4701 idem
2545 4647 2705 4701 etiam
2726 4648 2923 4703 sentire
2951 4650 3287 4706 existimandi
3314 4662 3456 4709 sunt.
3480 4654 3610 4710 Nam

2029 4738 2167 4794 scire
2193 4753 2287 4794 eos
2314 4738 2479 4793 Deum
2506 4737 2706 4793 bonum
2749 4753 2890 4805 esse,
2940 4739 3062 4795 audi
3105 4741 3417 4812 clamantes,
3448 4762 3618 4816 nunc,

2033 4827 2235 4883 Scimus
2272 4839 2318 4882 te
2344 4828 2430 4898 qui
2462 4828 2531 4882 sis
2551 4871 2565 4890 .
2604 4827 2822 4884 Sanctus
2852 4828 2947 4884 Dei
2971 4830 3163 4900 (Marc.
3194 4833 3245 4887 1.
3277 4833 3403 4906 24);
3436 4852 3617 4906 nunc,

2035 4918 2104 4973 Ili
2128 4919 2351 4972 homines
2375 4920 2504 4972 servi
2525 4918 2621 4973 Dei
2645 4919 2827 4987 excelsi
2845 4930 2980 4986 sunt,
3009 4923 3092 4992 qui
3121 4923 3256 4978 vobis
3276 4925 3409 4980 viam
3434 4924 3613 4982 salutis

2031 5010 2265 5065 nuntiant
2300 5010 2433 5083 (Act.
2463 5010 2548 5066 16.
2587 5011 2694 5082 l7).
2727 5012 2793 5067 Et
2816 5012 2989 5069 adhuc
3011 5013 3365 5085 virginitatem
3387 5019 3607 5088 jactabi.

2032 5104 2121 5167 tis,
2151 5102 2218 5157 de
2247 5117 2415 5173 caque
2441 5102 2816 5173 gloriabimini,
2868 5119 2931 5160 ac
2969 5121 3075 5162 non
3130 5109 3307 5179 potius
3354 5110 3607 5168 abeuntes

2031 5202 2260 5251 vestram
2302 5193 2649 5265 deplorabitis
2673 5209 2736 5250 ac
2765 5194 3011 5267 lugebitis
3051 5199 3358 5267 amentiam,
3385 5216 3488 5271 qna
3517 5218 3608 5260 vos

2031 5287 2273 5344 diabolus
2324 5287 2471 5342 velut
2512 5301 2672 5342 manu
2719 5297 2904 5359 captos
2957 5291 3231 5362 colligatos
3259 5291 3311 5347 in
3351 5293 3608 5364 gehennae

2032 5382 2207 5451 ignem
2253 5377 2451 5433 trahit?
2493 5375 2887 5434 Matrimonium
2939 5396 3042 5436 non
3092 5380 3296 5439 iniisti?
3324 5394 3379 5439 at
3426 5387 3609 5444 nonid

2032 5472 2308 5544 virginitas
2339 5478 2423 5526 est
2451 5486 2464 5524 :
2495 5485 2617 5524 nam
2647 5486 2765 5540 quae
2790 5485 2911 5527 cum
2940 5474 3202 5545 integrum
3242 5485 3384 5533 esset
3412 5479 3606 5536 nubere

2031 5562 2424 5630 detrectaverit,
2453 5578 2570 5618 eam
2609 5577 2708 5635 ego
2730 5563 2988 5634 virginem
3021 5565 3247 5624 dixerim
3276 5587 3291 5625 :
3316 5579 3371 5625 at
3396 5586 3517 5627 cum
3551 5589 3614 5627 en

2031 5655 2373 5712 interdictum
2401 5654 2568 5722 dicas,
2591 5670 2696 5711 non
2723 5655 2834 5724 jam
2869 5656 2920 5711 id
2947 5668 3094 5715 recte
3122 5658 3319 5717 factum
3352 5664 3459 5721 tuis
3484 5680 3616 5722 eon-

2029 5746 2186 5817 siliis,
2233 5746 2330 5803 sed
2376 5746 2508 5819 legis
2559 5746 2860 5805 necessitati
2906 5750 3246 5810 tribuendum
3289 5762 3393 5811 est.
3442 5756 3622 5825 Quane
