4056 6208
350 357 452 411 558

351 465 539 523 Persas
581 463 670 534 qui
719 469 919 518 matres
964 476 1169 516 uxores
1207 477 1314 515 non
1344 459 1544 513 ducunt
1587 458 1935 523 admiramur,

353 561 620 618 ﬁnitumus
649 573 754 611 non
788 557 914 618 item
945 573 958 608 :
993 554 1084 609 hic
1105 568 1335 622 namque
1369 551 1436 604 ad
1474 567 1640 606 unum
1683 549 1933 604 omnibus

350 651 400 704 id
431 648 818 704 exsecrandum
847 647 1074 710 videtur,
1107 645 1215 698 illic
1243 643 1530 714 impunitas
1559 657 1621 696 ea
1651 642 1936 711 designati—-

351 744 402 799 di
429 741 630 803 el‘l‘ecit.
661 750 718 796 ut
745 741 838 810 qui
871 739 939 793 ab
976 753 1042 791 eo
1064 735 1350 790 concubitu
1393 735 1724 788 abstinerent
1751 731 1936 787 lauda-

352 847 556 891 rentur.
591 833 672 887 Ad
717 832 963 887 eumdem
1008 827 1225 882 modum
1263 835 1318 882 et
1357 827 1424 880 de
1462 824 1802 880 matrimonio
1842 823 1936 878 ba-

355 927 524 981 henda
553 925 776 995 qumstio
804 931 904 977 est.
945 919 1054 974 Nos
1087 919 1256 982 enim,
1282 916 1421 986 apud
1449 931 1584 986 quos
1615 914 1668 969 id
1688 913 1936 968 omnibus

357 1019 668 1088 pertitissum
697 1014 785 1079 sit,
813 1012 1004 1066 merito
1033 1025 1126 1066 eos
1147 1010 1234 1078 qui
1260 1008 1656 1062 matrimonium
1683 1021 1788 1060 non
1809 1019 1938 1059 cou-

356 1113 564 1165 trahant
595 1105 851 1160 miramur
907 1121 919 1156 :
973 1116 1068 1155 vos
1097 1101 1188 1170 qui
1223 1100 1276 1153 id
1324 1099 1377 1153 in
1407 1099 1673 1152 malorqu
1711 1097 1936 1152 classem

357 1197 668 1268 rejeceritis,
695 1193 827 1250 nihil
854 1201 936 1247 est
970 1191 1113 1261 quod
1144 1188 1353 1244 laudem
1385 1205 1450 1242 ex
1477 1188 1578 1244 hac
1610 1204 1669 1242 re
1688 1187 1935 1257 captetis.

355 1291 484 1344 Nam
517 1287 698 1342 vetitis
736 1286 1010 1340 abstinere
1030 1324 1046 1350 ,
1083 1283 1135 1338 id
1163 1297 1289 1336 vero
1312 1297 1418 1335 non
1446 1290 1528 1336 est
1548 1279 1709 1334 animi
1739 1277 1938 1334 excelsi

354 1393 510 1453 atque
532 1379 736 1434 strenui
761 1396 774 1431 :
807 1375 1058 1446 perfecta:
1082 1375 1223 1430 enim
1245 1373 1452 1429 virtutis
1480 1381 1584 1439 est,
1613 1387 1718 1426 non
1747 1385 1809 1425 ea
1831 1386 1938 1424 non

355 1475 708 1534 committere,
739 1467 919 1539 qua-si
950 1466 1346 1522 conunittamus
1367 1463 1505 1533 apud
1531 1475 1719 1518 omnes
1743 1461 1940 1530 impro-

356 1564 406 1618 bi
441 1563 753 1625 haheamur,
807 1557 902 1613 sed
934 1558 998 1610 iis
1037 1555 1320 1620 excellere,
1363 1569 1482 1624 quae
1512 1567 1684 1623 neque
1715 1567 1808 1606 eos
1849 1551 1940 1621 qtti

355 1656 674 1719 detrectent,
699 1667 766 1707 eo
798 1650 1016 1706 nomine
1041 1647 1241 1717 culpari
1273 1647 1559 1716 patiantur,
1584 1653 1638 1698 et
1664 1643 1753 1714 qui
1774 1643 1941 1698 susci-

360 1753 502 1816 piant
528 1764 592 1802 ae
619 1745 1020 1817 perfungantur,
1052 1757 1157 1796 non
1187 1739 1440 1810 opinione
1471 1736 1826 1806 improbitatis
1852 1750 1942 1790 so-

359 1846 467 1899 lum
496 1840 743 1902 libet'cnt,
775 1835 868 1891 sed
896 1835 1055 1888 etiam
1079 1832 1232 1886 bonis
1257 1837 1590 1886 accenseant.
1615 1828 1745 1883 Nam
1769 1837 1826 1882 ut
1849 1843 1943 1882 eu-

358 1933 563 1990 nuchos
589 1931 656 1986 de
681 1927 992 1999 virginitate
1023 1923 1202 1980 laudet
1223 1937 1402 1987 nemo,
1425 1921 1516 1992 qui
1539 1919 1937 1976 matrimonium

366 2045 465 2084 tum
505 2023 846 2087 contrahant,
888 2020 966 2074 sic
993 2033 1090 2072 nec
1117 2031 1215 2071 vos
1240 2032 1252 2069 :
1292 2030 1413 2071 cum
1440 2013 1581 2085 quod
1611 2012 1718 2067 illis
1741 2021 1944 2066 natura:

357 2115 678 2180 necessitas,
708 2111 760 2166 id
789 2110 938 2166 vobis
963 2109 1033 2162 sit
1067 2113 1333 2175 corruptae
1373 2103 1720 2160 conscientia:
1759 2101 1946 2158 antici-

358 2207 502 2278 patio
539 2223 552 2258 :
595 2219 658 2260 ac
703 2198 1150 2272 quemadmodmu
1181 2195 1458 2252 eunuchos
1487 2192 1732 2264 corporis
1760 2192 1946 2246 vitium

358 2301 538 2370 ejusce
564 2298 641 2353 rei
670 2294 836 2367 gloria
862 2293 1088 2361 deiecit,
1117 2291 1188 2344 ita
1210 2305 1304 2343 vos
1327 2287 1571 2342 diabolus
1593 2327 1609 2351 ,
1637 2295 1825 2338 natura
1851 2298 1947 2336 vo-

361 2393 442 2447 his
464 2392 610 2446 salva
656 2393 1023 2458 permanente,
1048 2383 1192 2438 sanis
1218 2381 1459 2436 consiliis
1498 2379 1726 2434 resectis
1746 2419 1760 2444 ,
1788 2385 1952 2446 atque

360 2485 416 2539 in
445 2479 817 2536 necessitatem
865 2473 1138 2544 coniectos
1183 2472 1475 2534 etclibatus,
1509 2485 1629 2524 cum
1675 2467 1950 2523 laboribus

362 2581 537 2642 urget,
589 2581 699 2626 tum
749 2566 951 2622 laudari
993 2581 1099 2619 nott
1147 2563 1293 2618 sinit.
1327 2561 1724 2616 Matrimonium
1766 2559 1951 2614 vetas?

362 2662 664 2718 ctutiobrem
693 2667 747 2712 et
771 2657 1045 2712 caelibatus
1071 2652 1373 2707 mercedem
1405 2665 1510 2704 non
1541 2650 1791 2720 accipies,
1826 2650 1934 2703 imo

365 2766 549 2824 punias
572 2751 731 2805 etiam
760 2763 823 2803 ac
853 2745 1172 2815 supplicium
1200 2744 1335 2798 lues.

437 2843 524 2898 IX.
549 2841 628 2894 Ad
655 2838 986 2910 virginitatem
1012 2835 1226 2902 hortari,
1250 2850 1567 2905 nequaquam
1595 2835 1704 2904 ejus
1735 2847 1840 2886 esse
1866 2832 1953 2902 qui

364 2932 737 2990 matrimonium
778 2938 921 2983 vctct.
959 2955 1029 2967 —-
1069 2927 1148 2981 Tu
1178 2941 1304 2980 vero
1325 2967 1340 2991 ,
1375 2926 1576 2994 inquit,
1623 2940 1726 2976 non
1758 2924 1953 2977 vetas?

367 3027 546 3096 Apage
570 3033 627 3078 ut
656 3033 827 3078 tecum
855 3034 1004 3090 mque
1030 3018 1312 3073 insaniam.
1346 3017 1414 3073 Et.
1444 3018 1534 3087 qui
1559 3057 1573 3081 ,
1604 3016 1800 3086 inquit,
1832 3015 1954 3069 hor-

371 3118 496 3174 taris
527 3113 919 3170 matrimonium
951 3126 1059 3166 non
1096 3108 1452 3165 contrahere?
1493 3107 1643 3175 Quod
1674 3107 1953 3177 virginita-

369 3224 476 3266 tem
515 3205 858 3264 matrimonio
900 3205 1055 3274 longe
1090 3202 1516 3274 praestantiorem
1545 3201 1773 3256 sentiam
1808 3219 1820 3256 :
1851 3215 1952 3256 nec

368 3319 496 3357 vero
526 3309 805 3370 propterea
833 3295 1228 3350 matrimonium
1259 3293 1312 3347 itt
1339 3292 1494 3348 malis
1522 3307 1682 3362 pono,
1711 3292 1837 3362 quin
1865 3307 1954 3345 ve-

372 3396 646 3448 hementer
673 3390 832 3445 etiam
865 3386 1053 3451 laudo;
1097 3396 1180 3442 est
1208 3386 1349 3440 enim
1383 3385 1446 3439 iis
1471 3385 1560 3453 qui
1605 3392 1748 3439 recte
1775 3398 1842 3439 eo
1881 3383 1956 3438 uti

369 3485 534 3538 velint
561 3480 902 3538 continentiae
933 3486 1118 3546 portus
1137 3517 1151 3537 ,
1183 3484 1425 3530 naturam
1455 3474 1663 3530 ctierari
1693 3490 1797 3527 non
1823 3489 1946 3542 per-

373 3577 609 3630 mittens.
653 3569 783 3624 Nam
812 3567 1049 3637 legitimo
1076 3565 1216 3620 coitu
1235 3607 1250 3631 ,
1282 3564 1430 3633 quasi
1467 3564 1700 3635 scopulis
1729 3564 1954 3634 quibus-

372 3667 492 3720 dam
520 3660 744 3731 objectis
781 3657 848 3711 ad
877 3655 1217 3726 excipiendos
1246 3653 1478 3708 libidinis
1507 3654 1696 3710 [luctus
1715 3695 1728 3717 ,
1778 3667 1876 3707 nos
1903 3653 1954 3706 in

372 3769 578 3810 summa
617 3748 1002 3820 tranquillitate
1032 3746 1258 3801 collocat
1284 3759 1346 3799 ac
1379 3742 1802 3799 tuetur._Verum
1834 3751 1958 3797 sunt

372 3845 567 3914 quibus
598 3841 730 3896 nihil
756 3853 890 3907 opus
921 3838 988 3892 sit
1017 3851 1082 3892 co
1113 3835 1378 3905 prtesidio,
1411 3833 1508 3888 sed
1536 3833 1650 3903 ejus
1677 3833 1795 3888 loco
1817 3832 1956 3901 jeju-

380 3936 503 3998 niis,
527 3931 738 4001 vigiliis,
762 3925 1109 3988 chameuniis,
1139 3933 1192 3979 ct
1217 3924 1415 3992 reliqua
1441 3923 1491 3978 id
1515 3937 1682 3993 genus
1703 3921 1954 3987 duritate,

380 4035 578 4082 naturm
606 4022 838 4076 furorem
863 4017 1102 4072 cicurent
1130 4033 1144 4068 :
1169 4014 1267 4068 hos
1288 4015 1540 4070 cohortor
1560 4014 1955 4069 matrimonium

381 4132 484 4170 non
510 4110 828 4172 contrahere
847 4149 862 4174 ,
890 4122 989 4162 nec
1014 4105 1407 4160 matrimonium
1438 4114 1577 4159 veto.
1611 4104 1832 4160 Interest
1857 4120 1951 4157 au-

379 4225 484 4267 tem
515 4209 655 4262 inter
685 4205 787 4258 hoc
822 4211 881 4256 et
921 4198 1051 4254 illud
1098 4197 1378 4267 plurimum
1401 4237 1416 4260 ,
1462 4206 1718 4265 quantum
1755 4195 1959 4250 scilicet

379 4301 663 4358 discrimen
708 4303 791 4352 est
833 4294 970 4346 inter
1014 4289 1385 4345 necessitatem
1430 4296 1481 4341 et
1525 4288 1812 4356 optionem.
1857 4288 1958 4357 Qui

381 4394 523 4449 enim
553 4388 800 4453 consulit,
831 4386 1058 4440 liberum
1092 4381 1341 4450 relinquit
1369 4379 1594 4434 auditori
1620 4395 1735 4448 qua:
1764 4396 1957 4434 consu-

379 4486 453 4537 lat
479 4480 630 4549 sequi
659 4497 672 4530 :
701 4477 788 4546 qui
832 4483 994 4536 vetat,
1027 4473 1070 4528 is
1111 4473 1156 4527 ei
1201 4471 1500 4527 facultatem
1543 4485 1659 4523 eam
1701 4471 1956 4540 prmripit.

378 4571 460 4632 Ad
493 4571 605 4623 haec
633 4567 722 4636 qui
752 4564 1033 4625 cultortor,
1063 4577 1171 4614 rem
1203 4575 1307 4614 non
1347 4559 1627 4629 improbo;
1659 4576 1757 4613 nec
1785 4560 1871 4628 qui
1899 4576 1958 4615 se

380 4660 554 4716 induci
583 4673 687 4713 non
726 4655 954 4724 patiatur
983 4665 1174 4706 accuso
1203 4668 1214 4702 :
1251 4659 1304 4704 tu
1336 4651 1422 4721 qui
1456 4651 1506 4702 id
1536 4649 1756 4706 damnes
1789 4665 1850 4702 ac
1877 4651 1955 4702 vi-

379 4756 570 4807 tiosum
593 4749 776 4810 ducas,
800 4756 853 4799 et
874 4742 1209 4812 legislatoris,
1234 4757 1336 4795 non
1361 4739 1646 4795 consiliarii
1674 4754 1953 4807 personam

373 4843 599 4912 arripias
618 4882 634 4904 ,
660 4838 853 4894 merito
887 4850 982 4891 eos
1005 4835 1094 4904 qui
1123 4849 1226 4889 non
1257 4833 1508 4887 obediaut
1535 4831 1691 4886 odisti
1725 4847 1738 4896 ;
1769 4839 1824 4884 at
1850 4847 1954 4884 non

379 4950 504 5003 ego,
532 4931 624 4986 sed
651 4944 770 4985 cum
801 4942 895 4983 eos
923 4925 1156 4980 admiror
1196 4925 1282 4993 qui
1310 4923 1375 4977 ad
1404 4923 1506 4977 hoc
1535 4932 1804 4976 certamen
1855 4937 1952 4974 no-

335 5082 340 5091 ,
380 5026 520 5081 mina
549 5019 815 5085 dederint,
847 5029 957 5071 tum
986 5015 1072 5085 qui
1113 5026 1262 5070 extra
1289 5021 1542 5068 maneant
1561 5054 1574 5075 ,
1605 5026 1710 5065 non
1740 5025 1954 5066 accuso.

377 5117 508 5172 Nam
538 5111 807 5169 accusatio
843 5107 1056 5163 demum
1083 5107 1224 5176 justa
1264 5105 1367 5169 sit,
1415 5104 1459 5159 si
1504 5103 1624 5171 quis
1649 5101 1787 5170 quod
1819 5101 1955 5154 haud

375 5208 536 5264 dubie
561 5205 809 5259 vitiosum
836 5200 925 5263 sit,
951 5205 1303 5268 prosequatur
1331 5213 1342 5247 :
1375 5204 1430 5247 at
1453 5193 1542 5264 qtti
1570 5191 1829 5245 minorem
1851 5193 1955 5244 vir-

376 5309 545 5357 tutem
578 5305 790 5358 nactus,
828 5292 1085 5364 majorem
1132 5306 1258 5344 non,
1282 5287 1477 5352 adeat,
1521 5287 1566 5341 is
1593 5285 1807 5356 quidem
1849 5299 1952 5336 non

378 5403 500 5445 cum
533 5385 736 5441 fortiori
759 5382 1053 5441 laudandus
1081 5391 1133 5434 et
1158 5379 1499 5436 admirandus
1521 5387 1623 5444 est,
1656 5390 1754 5431 nec
1779 5383 1953 5428 tamen

381 5481 500 5533 ideo
543 5475 856 5544 culpandus.
901 5470 1098 5541 Ecquid
1141 5470 1298 5538 igitur
1335 5469 1634 5539 conjugiqu
1664 5475 1823 5530 veto,
1867 5463 1954 5532 qui

380 5571 636 5639 coniuges
684 5584 788 5622 non
831 5563 1120 5622 accusem?
1167 5562 1359 5630 Stupra
1405 5573 1526 5614 vcto
1571 5568 1624 5612 et
1673 5555 1952 5619 adulteria,

379 5659 774 5719 matrimonium
821 5673 924 5710 non
971 5657 1095 5709 item
1143 5671 1154 5706 :
1199 5662 1251 5705 et
1301 5651 1386 5704 illa
1434 5651 1689 5703 audentes
1728 5647 1949 5714 caStigo,

379 5759 538 5826 atque
583 5750 650 5805 ab
699 5747 946 5808 Ecclesiae
998 5755 1139 5804 coetu
1189 5740 1498 5819 proseriho;
1547 5739 1644 5794 hoc
1695 5753 1816 5793 vero
1862 5735 1953 5813 qui

1047 350 1104 407 S.
1145 348 1422 407 JOANNIS
1462 344 1936 404 CHRYSOSTOII
1977 343 2296 424 ᾼΒΟΒΙΕΡ.
2337 344 2878 404 CONSTANTlNOP.

3514 350 3617 406 5w

2043 460 2256 526 faciant,
2281 461 2409 516 dum
2432 461 2688 528 nmdeste,
2711 461 2924 516 assidue
2943 459 3104 516 etiam
3123 461 3298 516 laudo.
3325 463 3398 517 tta
3423 465 3617 536 duplex

2041 551 2244 606 lucrum
2275 552 2336 604 αι
2368 569 2380 604 :
2412 567 2572 607 unum
2595 592 2611 617 ,
2649 551 2787 622 quod
2820 551 2914 607 Dei
2943 551 3213 619 Opiﬁcium
3252 570 3358 608 non
3400 553 3619 611 damne-

2041 658 2193 705 mus;
2222 642 2445 696 alterunt
2467 682 2482 707 ,
2510 642 2652 710 quod
2702 659 2807 695 non
2849 643 3022 696 solum
3061 644 3336 712 virginitas
3364 645 3622 716 dignitate

2041 748 2137 789 sua
2162 749 2268 787 non
2293 731 2630 802 dispulietur,
2661 733 2756 788 sed
2783 733 2951 788 multo
2972 735 3133 788 etiam
3161 733 3420 791 illustrior
3444 737 3619 792 decla-

2043 833 2208 878 retur.

2112 913 2182 968 Χ.
2209 913 2307 982 Qui
2335 913 2711 967 matrimonium
2733 914 2956 981 damnet,
2980 933 3092 970 eum
3114 917 3444 986 virginitatem
3469 919 3620 972 etiam

2043 1005 2244 1062 (tedae.
2274 1035 2346 1048 --
2380 1007 2587 1062 Etenim
2614 1007 2706 1077 qui
2736 1007 3130 1061 matrimonium
3167 1008 3413 1076 damnat,
3445 1010 3489 1063 is
3514 1009 3620 1063 vir-

2041 1098 2283 1168 ginitatis
2315 1098 2476 1154 etiam
2507 1097 2728 1170 gloriam
2749 1098 2958 1168 carpit;
2988 1100 3077 1169 qui
3103 1099 3301 1166 laudat,
3331 1101 3376 1154 is
3403 1101 3618 1170 virgini-

2045 1199 2206 1245 tatem
2246 1189 2696 1246 admirabiliorem
2739 1191 3208 1260 augustioremque
3251 1191 3446 1246 reddit.
3491 1191 3622 1245 Nam

2043 1281 2182 1351 quod
2205 1280 2486 1336 deterioris
2514 1282 2908 1349 comparatione
2933 1281 3129 1336 bonum
3153 1280 3380 1347 videtur,
3408 1281 3460 1334 id
3482 1281 3621 1335 haud

2045 1389 2175 1428 sane
2200 1373 2485 1427 admodum
2514 1373 2711 1428 bonum
2735 1382 2850 1437 est;
2880 1372 3018 1442 quod
3041 1382 3217 1428 autem
3240 1373 3476 1429 omnium
3502 1389 3624 1428 sen-

2046 1465 2212 1522 tentia
2236 1463 2390 1519 bonis
2418 1465 2640 1528 melius,
2682 1463 2731 1520 id
2760 1464 3030 1520 excelleus
3070 1465 3266 1520 bonum
3299 1473 3383 1521 est
3409 1484 3421 1520 :
3447 1466 3624 1536 cujus-

2047 1557 2188 1611 modi
2233 1571 2330 1610 nos
2354 1555 2710 1626 virginitatem
2753 1570 2872 1612 esse
2911 1555 3186 1610 decernas.
3223 1556 3400 1622 Quare
3433 1566 3489 1610 ut
3530 1558 3622 1626 qui

2047 1646 2442 1701 matrimonium
2498 1646 2781 1712 damnant,
2837 1645 2994 1714 hujus
3043 1647 3304 1702 ensem-iis
3349 1646 3622 1703 fraudandi

2047 1746 2191 1804 sunt,
2222 1738 2294 1793 ita
2319 1737 2408 1807 qui
2439 1736 2490 1792 id
2516 1753 2546 1791 a
2574 1737 2798 1792 crimine
2837 1737 3047 1804 liberat,
3077 1752 3182 1792 non
3211 1746 3316 1792 tam
3349 1738 3401 1799 id
3420 1781 3436 1806 ,
3465 1738 3624 1809 quain

2048 1830 2402 1900 virginitatem
2436 1829 2632 1888 laudat.
2665 1829 2796 1884 Nam
2823 1838 2876 1884 et
2901 1844 3154 1899 corpora,
3186 1845 3291 1886 non
3319 1845 3440 1900 quae
3465 1833 3624 1885 muti-

2049 1921 2117 1975 lis
2139 1962 2153 1987 ,
2185 1921 2279 1976 sed
2307 1937 2424 1990 qua:
2453 1922 2670 1991 integris
2696 1929 2752 1978 et
2777 1921 2902 1974 vitio
2933 1921 3082 1976 nullo
3121 1921 3424 1990 prmpeditis
3447 1921 3626 1977 excel-

2012 2008 2022 2016 ’
2050 2013 2159 2070 lant
2178 2055 2192 2077 ,
2223 2029 2284 2068 ea
2326 2014 2547 2084 pulchra
2573 2013 2820 2068 dicimus.
2853 2013 3055 2068 Bonum
3082 2023 3162 2068 est
3192 2013 3621 2077 matrimonium;

2054 2115 2332 2176 propterea
2360 2105 2666 2160 admiranda
2692 2105 2967 2175 virginitas
2993 2112 3098 2172 est,
3127 2121 3247 2174 qua:
3270 2105 3413 2160 bono
3437 2105 3626 2160 melior

2053 2197 2144 2263 sit,
2171 2211 2343 2265 eoque
2367 2195 2576 2260 melior,
2605 2210 2711 2264 quo
2734 2195 2908 2249 nautis
2926 2196 3271 2265 gubernator,
3293 2204 3347 2250 et
3373 2195 3632 2248 militibus

2053 2285 2179 2350 dux.
2209 2285 2314 2342 Sed
2339 2284 2788 2354 quemadmodum
2815 2285 3090 2340 subductis
3116 2301 3148 2340 e
3185 2285 3306 2340 navi
3341 2286 3632 2355 remigibus

2056 2380 2230 2434 navim
2263 2379 2569 2448 demergas,
2603 2388 2657 2434 et
2681 2378 2934 2434 militibus
2958 2393 3022 2433 ex
3047 2378 3160 2434 acie
3187 2378 3412 2433 semotis
3441 2377 3630 2432 ducem

2057 2469 2302 2525 hostibus
2328 2469 2558 2524 vinctum
2593 2469 2770 2524 tradas
2802 2487 2816 2524 :
2845 2470 2916 2524 ita
2942 2478 2996 2524 et
3022 2468 3137 2534 hic,
3165 2469 3211 2524 si
3236 2469 3628 2524 matrimonium

2055 2559 2122 2615 de
2150 2574 2359 2614 summo
2380 2560 2548 2630 gradu
2574 2560 2812 2628 dejicias,
2837 2561 3152 2632 virginitatis
3169 2560 3375 2615 laudem
3411 2561 3627 2629 prodas,

2055 2661 2213 2721 atque
2240 2650 2307 2705 ad
2333 2660 2628 2706 extremum
2653 2651 2850 2707 malum
2875 2653 3106 2723 redigas.
3134 2653 3336 2708 Bonum
3365 2659 3450 2707 est
3471 2652 3629 2722 virgi.

2057 2746 2228 2811 nitas;
2257 2753 2312 2800 et
2331 2759 2432 2813 ego
2451 2745 2765 2809 consentio;
2796 2761 2858 2801 ac
2883 2745 3220 2800 matrimonio
3240 2744 3399 2800 etiam
3421 2743 3625 2807 melior,

2056 2843 2111 2889 et
2139 2834 2238 2889 hoc
2267 2836 2546 2889 conﬁteor.
2588 2833 2656 2888 Et
2690 2836 2733 2890 si
2772 2835 2943 2905 placet
2966 2877 2978 2898 ,
3020 2843 3216 2905 quanto
3245 2836 3404 2890 etiam
3437 2834 3629 2889 melior

2056 2927 2125 2981 sit
2163 2925 2354 2979 addam
2382 2944 2393 2978 :
2423 2935 2626 2996 quanto
2662 2925 2855 2981 caelum
2897 2935 3038 2981 terra
3059 2968 3074 2993 ,
3105 2936 3304 2995 quanto
3334 2925 3632 2980 hominibus

2059 3020 2250 3090 angeli.
2285 3019 2394 3073 Iino
2421 3028 2476 3073 ut
2519 3019 2706 3074 fortius
2732 3018 2931 3088 aliquid
2959 3019 3132 3072 dicam
3152 3057 3171 3087 ,
3200 3019 3360 3073 etiam
3386 3018 3630 3087 amplius.

2061 3108 2190 3162 Nam
2220 3109 2396 3179 angeli
2433 3109 2532 3163 etsi
2565 3123 2662 3164 nec
2702 3108 2903 3163 ducunt
2941 3122 3170 3174 uxores,
3213 3122 3310 3163 nec
3349 3107 3633 3170 ducuntur,

2060 3209 2114 3252 at
2143 3216 2248 3254 non
2287 3210 2412 3254 sunt
2450 3213 2614 3254 carne
2649 3208 2705 3255 et
2743 3200 2996 3270 sanguine
3032 3199 3383 3268 coagmentati
3405 3240 3418 3260 ,
3450 3213 3553 3251 non
3583 3198 3632 3252 in

2063 3293 2216 3350 terris
2255 3301 2692 3356 commorantur,
2734 3307 2839 3346 non
2867 3291 3148 3346 libidinum
3173 3299 3334 3344 iustus
3375 3289 3631 3352 sentiunt,

2062 3401 2166 3440 non
2191 3385 2292 3441 cibi
2323 3393 2410 3438 aut
2440 3394 2594 3452 potus
2624 3383 2878 3453 indigent.
2909 3399 3014 3437 non
3042 3382 3187 3436 suavi
3215 3390 3371 3436 cantu
3398 3379 3631 3449 deliniri,

2062 3493 2167 3533 non
2208 3476 2409 3531 liberali
2441 3478 2643 3541 forma,
2673 3485 2765 3530 aut
2807 3477 2913 3528 alio
2953 3475 3068 3542 ejus
3097 3474 3307 3540 generis
3347 3473 3457 3527 ulio
3497 3471 3636 3528 ﬂecti

2063 3577 2318 3638 possunt;
2366 3568 2460 3623 sed
2501 3568 2639 3621 sicut
2689 3582 2900 3622 summo
2943 3565 3163 3620 meridie
3207 3564 3396 3618 cadum
3423 3605 3438 3630 ,
3491 3563 3632 3619 nulla

2062 3660 2308 3714 allectum
2337 3659 2476 3714 nube
2506 3675 2693 3730 purum
2739 3667 3028 3726 spectatur,
3060 3658 3129 3710 ita
3159 3665 3213 3711 et
3240 3656 3450 3709 illorum
3480 3665 3635 3709 natu-

2063 3766 2155 3814 ne.
2184 3766 2214 3805 a
2237 3750 2456 3806 libidine
2481 3750 2696 3820 quietze,
2729 3750 2964 3806 illustres
2990 3765 3054 3804 ac
3083 3747 3368 3818 perlucidae
3389 3755 3637 3802 maneant

2003 3899 2016 3905 _
2061 3852 2289 3911 oportet.

2131 3933 2224 3989 Xl.
2261 3932 2606 4002 Virginitatem
2652 3948 2735 3987 eos
2762 3973 2778 3995 .
2803 3929 2890 4000 qui
2917 3929 3061 3984 illam
3088 3945 3199 3983 vere
3225 3937 3589 3998 persequuntur
3618 3971 3633 3994 ,

2061 4025 2267 4097 angelos
2316 4041 2380 4079 ea:
2438 4023 2720 4078 hominibus
2766 4022 2972 4091 e/ﬁtere.
3005 4051 3077 4060 —
3118 4021 3416 4077 Humanum
3459 4031 3634 4074 autem

2061 4134 2229 4188 genus
2273 4126 2459 4172 natura
2512 4116 2678 4170 beatis
2727 4115 2743 4145 ί
2788 4115 2894 4168 illis
2931 4113 3269 4177 concedens,
3321 4113 3464 4166 vires
3515 4125 3638 4165 suas

2065 4217 2248 4279 urget,
2291 4223 2414 4262 cum
2443 4207 2610 4274 iisque
2643 4219 2738 4272 pro
2765 4204 2904 4259 virili
2933 4203 3130 4272 :equari
3153 4217 3358 4258 sununa
3386 4216 3486 4269 ope
3511 4200 3636 4254 niti-

2066 4308 2166 4353 tur.
2191 4298 2307 4370 Qno
2337 4297 2520 4367 pacto?
2547 4295 2655 4351 Nec
2691 4295 2895 4349 ducunt.
2937 4309 3128 4350 uxores
3161 4293 3333 4362 angeli
3366 4333 3381 4356 ,
3409 4306 3506 4346 nec
3535 4290 3636 4348 du-

2063 4400 2272 4446 cuntur.
2298 4391 2366 4444 At
2391 4404 2487 4443 nec
2513 4389 2681 4457 virgo.
2701 4389 2966 4441 Assistnnt
2986 4397 3240 4455 perpetuo
3255 4400 3316 4438 ac
3341 4383 3638 4436 ministrant

2065 4483 2194 4538 Deo.
2224 4481 2408 4535 Itidem
2435 4489 2488 4534 et
2515 4479 2681 4547 virgo.
2707 4479 2880 4544 Quare
2895 4477 3053 4532 etiam
3073 4474 3264 4528 Paulus
3291 4485 3383 4526 eas
3400 4470 3468 4524 ab
3493 4468 3635 4521 omni

2073 4575 2443 4631 sollicitudine
2471 4585 2642 4636 arcet.
2676 4585 2736 4628 ιιι
2770 4576 3005 4631 assidam
3023 4575 3135 4628 sint
3161 4581 3215 4626 et
3245 4570 3527 4624 indivulsa?
3548 4568 3622 4637 (l.

2063 4662 2260 4717 Cor.7.
2291 4664 2402 4732 54).
2433 4662 2590 4728 Quod
2618 4665 2664 4718 si
2689 4671 2748 4717 ut
2769 4664 2850 4716 illi
2877 4665 2930 4717 in
2959 4664 3157 4718 caelum
3185 4661 3311 4713 hinc
3327 4658 3628 4713 ascendere

2076 4771 2184 4809 non
2225 4765 2476 4823 possunt,
2498 4770 2662 4810 carne
2685 4770 2780 4810 eas
2809 4755 3171 4824 deprimente,
3217 4760 3270 4805 at
3293 4751 3383 4804 hic
3411 4767 3630 4819 quoque

2065 4845 2336 4916 insignem
2373 4845 3038 4910 habentconsolationem,
3058 4858 3179 4913 quae
3195 4843 3370 4911 ipsum
3391 4842 3513 4895 ρωιί
3535 4840 3633 4896 Do~

2065 4935 2275 4988 minum
2297 4934 2594 5003 excipiant,
2621 4933 2666 4986 si
2693 4932 2915 5002 quidem
2935 4933 3050 4986 sint
3073 4945 3308 4998 corpore
3331 4939 3496 4998 atque
3521 4929 3632 4998 spi-

2065 5028 2174 5081 ritu
2207 5034 2430 5082 saucue.
2450 5025 2642 5082 Viden’
2662 5027 2993 5096 virginitatis
3025 5025 3232 5080 decus?
3256 5040 3445 5079 eorum
3465 5025 3558 5094 qui
3582 5026 3633 5076 in

2069 5117 2236 5173 terris
2253 5116 2457 5182 degunt
2475 5133 2598 5174 cum
2615 5118 2892 5174 caelitibus
2908 5119 3032 5172 vita:
3045 5114 3461 5171 similitudinem
3472 5116 3635 5168 moli-

2073 5215 2186 5272 tur,
2211 5222 2443 5277 corpore
2460 5209 2690 5264 vestitos
2716 5211 2859 5264 vinci
2876 5209 2946 5263 ab
2962 5207 3303 5277 incorporeis
3326 5205 3636 5259 Virtutibus

2068 5313 2178 5354 non
2205 5299 2490 5369 permittit,
2516 5301 2777 5355 mortales
2807 5301 3127 5372 angelorum
3173 5298 3404 5353 amulos
3435 5297 3632 5350 reddit.

2072 5389 2182 5446 Sed
2201 5391 2339 5444 nihil
2359 5390 2460 5444 hoc
2477 5391 2546 5445 ad
2563 5406 2681 5454 vos,
2695 5393 2864 5460 quiet
2885 5406 2998 5446 rem
3018 5396 3229 5444 tantam
3249 5385 3630 5453 corrumpatis,

2068 5490 2121 5536 ct
2150 5481 2440 5534 Dominum
2457 5483 2716 5552 culpetis,
2747 5483 3060 5552 malumque
3079 5479 3377 5535 uominetis
3397 5495 3411 5531 :
3430 5478 3632 5531 etenim

2070 5589 2168 5628 vos
2193 5572 2427 5642 improbi
2462 5575 2604 5629 servi
2635 5573 2964 5644 supplicium
2985 5582 3187 5628 manet.
3204 5566 3458 5625 Ecclesia:
3475 5563 3632 5634 virgis

2126 5739 2141 5772 ⁸
2181 5745 2316 5802 Reg,
2345 5735 2487 5787 beatis
2511 5731 2705 5800 angelis.
