4056 6208
311 409 407 474 stt
1102 368 1179 474 ’,ξλ
1224 389 1228 393 ’
1646 397 1735 454 us
1778 391 2236 453 \‘lllGlNl‘l’ATE.

1098 458 1188 489 »ἦρι
1198 477 1209 483 .

309 522 468 576 nibus
496 521 670 575 multa
695 537 759 576 ac
784 537 977 594 magna
1001 520 1295 576 obvenieut
1324 518 1489 579 bona,
1516 531 1638 587 quae
1677 522 1732 570 et
1757 528 1891 568 ocu-

310 623 410 675 los.
445 623 500 669 et
536 629 725 678 aures,
761 624 814 668 et
846 615 1142 669 humanam
1181 610 1568 683 cogitationem
1607 613 1890 676 superent.

316 708 503 776 itaque
526 706 593 759 iis
615 705 867 761 dimissis
898 704 1059 777 (satis
1089 712 1168 759 est
1191 704 1335 759 enim
1356 701 1470 771 jam
1508 714 1632 752 eum
1665 697 1734 751 iis
1769 712 1894 751 ver-

328 798 537 863 borum)
571 802 641 850 ad
673 795 935 853 Ecclesia:
971 797 1110 852 ﬁlios
1136 808 1448 852 sermonem
1479 790 1852 845 conferamus.

388 892 497 949 ΧΠ.
530 890 756 946 Paulum
781 889 867 959 qui
892 888 1062 951 dicat,
1092 886 1328 955 Reliquis
1354 899 1453 954 ego
1474 884 1624 949 dico,
1655 897 1763 936 non
1791 880 1900 933 Do-

317 987 511 1052 minus,
554 984 837 1037 humanum
864 979 919 1041 id
948 978 1212 1040 consilium
1242 993 1350 1033 esse
1375 992 1475 1028 non
1502 973 1805 1043 signiﬁcare.
1829 999 1903 1010 —-

314 1077 464 1135 Unde
532 1076 693 1146 igitur
751 1080 970 1150 praestat
1013 1071 1307 1130 orationem
1359 1063 1636 1122 exordiri?
1700 1062 1783 1117 Ab
1837 1061 1903 1115 iis

308 1167 526 1223 Domini
554 1166 732 1222 verbis
763 1207 779 1235 ,
812 1180 932 1235 qua:
972 1179 1066 1232 per
1109 1163 1320 1223 beatum
1360 1158 1579 1213 Paulum
1617 1154 1896 1226 profatur:

304 1275 433 1314 nam
461 1258 624 1330 hujus
648 1255 1068 1323 cohortaliouem
1098 1252 1308 1316 Domini
1341 1250 1761 1311 cohortationem
1783 1262 1903 1302 esse

304 1350 640 1417 credendum
686 1358 788 1406 est.
816 1348 952 1405 Cum
991 1348 1133 1401 enim
1170 1346 1299 1401 dicit
1329 1387 1345 1410 ,
1387 1344 1696 1418 Conjugibus
1734 1350 1902 1395 autem

304 1444 589 1524 praecipio,
632 1457 733 1495 non
754 1457 845 1510 ego
870 1481 885 1507 ,
914 1439 1003 1493 sed
1025 1437 1276 1492 Dominus
1302 1453 1320 1490 :
1338 1445 1390 1490 et
1430 1420 1664 1501 rursum,
1697 1432 1903 1487 Cazteris

309 1546 415 1595 ego
442 1528 584 1592 dico,
618 1544 724 1581 non
755 1526 1019 1580 Dominus
1042 1527 1119 1596 (i,
1143 1526 1263 1582 Cor.
1284 1527 1334 1581 7.
1360 1526 1426 1581 10
1463 1537 1511 1582 et
1541 1528 1657 1593 12);
1688 1544 1797 1593 non
1844 1528 1897 1583 id

312 1618 479 1681 dicit,
505 1617 613 1670 alia
641 1631 742 1671 sua
759 1632 905 1679 esse,
924 1617 1033 1671 alia
1051 1617 1289 1672 Domini.
1312 1616 1446 1671 Nam
1468 1619 1559 1689 qui
1585 1619 1898 1689 loquentem

315 1712 377 1765 iu
411 1724 472 1764 se
497 1707 779 1763 Christum
804 1708 1046 1776 haberet,
1066 1710 1158 1778 qui
1196 1724 1297 1765 nec
1320 1710 1502 1764 vivere
1528 1694 1821 1780 satageret,
1841 1715 1901 1767 ut

314 1801 378 1863 in
412 1815 474 1855 se
497 1798 758 1854 Christus
788 1799 1014 1864 viveret,
1034 1799 1126 1870 qui
1150 1815 1403 1870 regnum,
1430 1788 1620 1867 vitam,
1653 1801 1897 1871 angelos,

313 1893 664 1955 Potestates,
694 1906 1025 1972 omnemque
1041 1899 1351 1946 creaturam
1374 1894 1560 1957 aliam,
1597 1905 1763 1961 atque
1785 1909 1905 1948 om—

313 1982 458 2038 uino
503 1981 689 2034 omnia
722 1981 840 2047 ejus
864 1981 1036 2035 amori
1071 1990 1446 2051 postponeret,
1480 1998 1590 2053 quo
1614 1993 1773 2054 pacto
1806 1992 1900 2037 aut

315 2071 512 2140 eloqui
544 2080 637 2124 aut
670 2071 915 2139 cogitare
937 2071 1144 2141 aliquid
1178 2075 1231 2126 in
1277 2074 1519 2127 animum
1567 2074 1899 2139 induxisset,

320 2163 477 2231 quod
512 2161 731 2217 Christo
762 2152 873 2217 non
903 2164 1482 2235 plaeeret.pr:esertim
1506 2154 1629 2221 cum
1653 2168 1793 2223 hanc
1823 2169 1902 2224 le-

326 2264 455 2321 gem
489 2250 781 2305 conderet?
814 2250 955 2317 Quid
984 2262 1069 2307 est
1098 2268 1231 2323 ergo
1256 2255 1402 2323 quod
1438 2255 1593 2317 dicit,
1632 2254 1762 2325 Ego,
1797 2273 1900 2309 non

321 2335 455 2404 ego?
472 2334 637 2405 Leges
655 2338 817 2392 nobis
837 2353 903 2393 ac
932 2337 1184 2409 dogmata
1204 2341 1402 2409 partim
1428 2357 1523 2410 per
1544 2355 1600 2394 se
1621 2340 1899 2406 Christus,

314 2422 526 2493 partim
553 2438 651 2491 per
670 2424 953 2492 apostolos
982 2424 1242 2495 prodidit.
1264 2424 1398 2481 Nam
1426 2442 1533 2481 non
1562 2428 1743 2482 omnia
1774 2444 1898 2482 eum

313 2520 420 2576 per
437 2520 500 2560 se
517 2507 806 2571 statuisse,
838 2507 967 2562 audi
985 2508 1117 2578 quid
1143 2509 1289 2564 dicat
1313 2529 1326 2565 :
1362 2509 1542 2564 Multa
1567 2512 1732 2566 habeo
1757 2511 1900 2566 vobis

313 2593 524 2655 dicere,
556 2595 648 2647 sed
675 2612 778 2649 non
798 2596 1017 2662 potestis
1044 2600 1258 2664 portare
1278 2597 1431 2651 ntodo
1457 2595 1637 2667 (Joan.
1674 2599 1762 2654 16.
1790 2599 1898 2670 12).

314 2680 520 2750 Itaque
556 2680 689 2736 illud
714 2700 727 2734 :
750 2678 897 2736 Uxor
926 2700 959 2735 a
980 2684 1093 2737 viro
1115 2700 1178 2737 ne
1200 2683 1437 2738 discedat
1461 2685 1537 2755 (1.
1562 2686 1686 2741 Cor.
1715 2686 1764 2742 7.
1788 2686 1899 2759 10),

308 2767 433 2837 jam
467 2776 598 2822 ante
621 2777 903 2836 sanxerat,
938 2784 1063 2824 cum
1095 2770 1150 2824 in
1183 2771 1347 2826 terris
1372 2782 1536 2828 carne
1557 2773 1783 2828 indutus
1805 2773 1903 2829 de-

311 2864 479 2925 geret
514 2874 529 2909 :
565 2855 799 2926 ideoque
844 2857 1000 2922 dicit,
1046 2857 1369 2930 Conjugibus
1412 2870 1587 2914 autent
1626 2862 1899 2931 pra-cipio,

309 2960 427 3000 non
454 2959 572 3013 ego,
596 2943 688 2997 sed
726 2943 1007 2999 Dominus.
1046 2944 1202 3012 Quod
1236 2946 1304 3000 ad
1335 2947 1580 3003 inﬁdeles
1620 2949 1898 3013 attineret,

311 3046 574 3103 prasens
604 3031 739 3085 nihil
763 3030 1032 3091 edixerat.
1058 3033 1152 3088 sed
1177 3033 1245 3087 ad
1276 3034 1328 3089 id
1363 3033 1518 3089 Pauli
1547 3044 1782 3091 mentem
1809 3037 1901 3091 in-

309 3120 508 3173 citans
540 3120 708 3190 legem
748 3118 960 3175 ferebat
995 3120 1013 3150 ⁸
1045 3140 1058 3174 :
1091 3120 1298 3190 itaque,
1340 3119 1467 3176 Non
1500 3121 1782 3187 Dominus,
1813 3124 1900 3177 in-

308 3207 464 3276 quit,
508 3208 601 3261 sed
637 3223 727 3274 ego
758 3224 778 3273 .7
819 3224 926 3263 non
966 3210 1059 3279 qui
1095 3210 1465 3279 signiﬁcatum
1494 3211 1674 3275 vellet,
1712 3211 1902 3264 huma-

308 3313 452 3351 num
477 3311 604 3351 esse
634 3296 781 3364 quod
807 3296 1085 3355 diceretur
1111 3316 1125 3357 :
1163 3297 1301 3350 nihil
1329 3297 1551 3363 minus;
1580 3298 1672 3352 sed
1696 3313 1900 3367 praece-

310 3389 481 3452 ptum
519 3381 573 3435 id
607 3382 675 3439 ah
706 3397 774 3437 eo
821 3390 1094 3452 praesente
1128 3382 1421 3454 discipulis
1466 3383 1746 3454 proditum
1788 3399 1898 3439 non

308 3485 473 3532 esse,
507 3470 601 3524 sed
631 3486 780 3533 nunc
805 3470 1024 3529 demum
1060 3487 1157 3541 per
1188 3486 1266 3526 se.
1301 3470 1483 3543 Quare
1512 3480 1570 3535 ut
1602 3472 1755 3534 illud,
1787 3471 1900 3525 Do-

308 3557 520 3619 minus,
551 3573 652 3610 non
676 3574 791 3626 ego,
826 3557 971 3612 haud
1002 3557 1123 3626 ejus
1154 3568 1238 3612 est
1261 3558 1355 3628 qui
1387 3556 1590 3623 Christi
1611 3558 1769 3627 jusso
1800 3559 1899 3612 ad-.

304 3653 573 3701 versetur
599 3661 613 3696 :
638 3644 712 3697 ita
736 3643 863 3707 hoc,
893 3641 1028 3712 Ego,
1051 3660 1155 3706 non
1177 3643 1460 3709 Dominus,
1493 3660 1602 3699 non
1621 3646 1893 3714 privatum

306 3730 607 3801 quiddam,
637 3739 693 3785 et
722 3741 919 3802 praeter
950 3728 1044 3795 Dei
1083 3739 1318 3785 mentem
1355 3722 1625 3785 edit'entis
1654 3742 1758 3798 est,
1799 3732 1895 3799 sed

308 3820 423 3873 hoc
459 3819 638 3873 solum
681 3817 1001 3883 iudicantis,
1039 3832 1138 3889 per
1169 3833 1228 3873 se
1279 3829 1608 3889 praeceptum
1649 3820 1701 3875 id
1750 3836 1897 3876 nunc

308 3904 497 3973 prodi.
528 3903 664 3959 Nam
699 3905 769 3961 de
798 3904 963 3959 vidua
1006 3896 1259 3975 laqueos,
1297 3904 1518 3959 Beatior
1552 3916 1653 3970 est,
1690 3907 1891 3976 inquit,

302 3995 350 4059 si
365 3993 441 4047 sic
471 3992 836 4062 permanserit,
865 3994 1139 4056 secundum
1165 4010 1328 4047 meum
1352 3994 1620 4048 consilium
1654 3992 1675 4067 (
1696 3994 1747 4048 1.
1775 3992 1895 4048 Cor.

301 4084 362 4149 ἴ.
392 4082 521 4151 ιο);
549 4097 613 4147 ac
642 4097 710 4141 ne
736 4082 962 4138 audiens
987 4124 1001 4149 ,
1059 4083 1353 4139 Secundum
1392 4100 1556 4138 meum
1594 4085 1859 4150 consilium
1880 4124 1896 4149 ,

306 4169 604 4229 humanum
632 4182 995 4239 commentum
1021 4173 1269 4228 crederes
1289 4213 1305 4239 ,
1343 4173 1701 4243 suspicionem
1729 4174 1884 4228 addi-

307 4271 552 4327 tamenta
572 4278 637 4318 eo
665 4264 913 4331 sustulit,
947 4264 1078 4320 Puto
1103 4276 1269 4320 autem
1306 4266 1442 4336 quod
1470 4277 1516 4319 et
1545 4282 1634 4337 ego
1665 4268 1900 4337 spiritum

308 4352 419 4417 Dei
448 4354 668 4409 habeam“.
701 4356 883 4428 Itaque
915 4366 970 4412 ut
994 4374 1114 4428 qua:
1143 4358 1363 4427 spiritus
1394 4366 1576 4412 essent
1601 4340 1856 4426 eloquens
1878 4398 1895 4426 ,

302 4460 466 4499 suam
511 4448 825 4502 sententiam
874 4457 1069 4515 vocat,
1127 4463 1227 4505 nec
1274 4459 1552 4519 prapterea
1606 4448 1895 4503 humanum

301 4535 502 4590 scitum
531 4536 803 4604 dicemus:
832 4538 904 4606 ita
931 4546 986 4592 et
1021 4555 1161 4594 nunc
1186 4555 1305 4594 cum
1339 4539 1544 4610 inquit,
1587 4537 1700 4610 Ego
1740 4539 1853 4592 dico
1880 4582 1894 4606 ,

302 4644 410 4683 non
436 4627 690 4695 Dominus
716 4672 733 4697 ,
761 4646 829 4685 ne
855 4629 986 4697 mihi
1020 4631 1217 4686 idcirco
1254 4631 1401 4699 Pauli
1441 4645 1742 4693 sermonem
1779 4646 1899 4688 esse

300 4722 618 4778 existimes:
646 4722 1084 4807 habebatquippe
1111 4725 1414 4795 loquentem
1438 4725 1490 4793 in
1512 4741 1572 4794 se
1601 4725 1893 4794 Christum;

308 4826 495 4883 neque
535 4828 699 4869 ausus
753 4813 941 4879 {uisset
967 4819 1168 4869 tantum
1207 4817 1397 4886 dogma
1440 4817 1719 4882 sententiae
1748 4831 1898 4874 more

304 4922 546 4978 ponere,
576 4908 675 4963 nisi
702 4907 871 4979 legem
916 4908 1041 4963 inde
1088 4908 1347 4978 petiisset.
1389 4908 1464 4972 ita
1499 4911 1639 4965 enim
1685 4925 1804 4965 cum
1833 4924 1898 4965 eo

302 4998 573 5068 quispiam
621 4999 872 5069 loquutus
916 4999 1139 5055 fuisset:
1179 4999 1295 5064 Non
1334 5001 1573 5056 sustineo
1598 4999 1690 5071 qui
1726 5000 1897 5055 ﬁdelis

298 5091 411 5144 sim
443 5104 566 5142 cum
598 5090 819 5152 inﬁdeli,
844 5092 933 5161 qui
963 5106 1129 5163 purus
1151 5107 1271 5147 cum
1301 5093 1502 5164 impura
1525 5093 1759 5164 degere;
1789 5102 1897 5149 tute

304 5179 414 5232 iam
447 5179 664 5234 dicebas
695 5221 710 5244 ,
749 5181 865 5235 ha:c
893 5190 944 5236 te
989 5181 1173 5237 dicere
1204 5224 1219 5247 ,
1263 5200 1366 5237 non
1410 5185 1714 5238 Dominum.
1744 5183 1897 5241 Unde

302 5268 470 5336 igitur
494 5267 627 5322 mihi
655 5270 848 5340 pignus
861 5281 1022 5341 atque
1042 5271 1246 5327 Iidem?
1272 5274 1572 5329 Atdixisset
1597 5274 1646 5329 ei
1676 5274 1892 5329 Paulus:

299 5360 382 5431 Ne
412 5363 653 5420 verearis
680 5382 695 5431 ;
725 5363 846 5420 ideo
869 5365 1013 5420 enim
1041 5364 1157 5420 dixi
1182 5407 1198 5433 ,
1242 5364 1439 5422 habere
1470 5381 1554 5433 me
1585 5366 1892 5436 loquentem

372 5574 385 5597 τ
427 5573 553 5643 *εει
569 5574 623 5643 et
644 5569 785 5643 Sat“;
808 5570 995 5643 .hahcm
1025 5582 1240 5643 aurem
1261 5570 1444 5643 reret?!
1480 5569 1643 5643 diem
1671 5585 1688 5622 ε
1712 5569 1762 5623 εί
1790 5571 1896 5643 esis

534 5628 961 5703 habetﬂﬁdelwt-
986 5641 1033 5685 ει
1048 5628 1159 5687 me"
1174 5628 1646 5703 ementit’lebimre
1662 5647 1773 5703 εειηι
1787 5628 1893 5703 illo.

419 5692 633 5764 dimittat
648 5692 821 5764 iitum;
840 5701 884 5764 et
905 5694 949 5746 si
969 5709 1064 5760 qua
1084 5697 1259 5764 ntulier
1281 5694 1422 5764 habet
1627 5692 1891 5764 inﬁdelem,

301 5761 357 5829 et
373 5754 955 5829 hicfgnsen‘tjthabitare
982 5754 1095 5829 cum
1114 5760 1220 5820 illa.
1244 5770 1342 5829 non
1365 5755 1572 5829 dim_t'_.’tat
1598 5754 1771 5810 virum.
1814 5754 1896 5811 Id?-

302 5815 442 5886 circa
634 5815 757 5885 diri!
786 5832 804 5872 :
829 5829 925 5873 Non
947 5824 1192 5893 Dominus,
1207 5815 1308 5879 sed
1331 5831 1420 5897 ego
1438 5818 1562 5871 dico.

2812 376 2839 395 ’
3489 379 3596 441 δη

2008 509 2063 564 in
2084 525 2171 564 me
2197 508 2467 565 Christum
2494 524 2508 563 :
2536 515 2628 575 et,
2664 507 2833 563 videri
2859 522 2947 563 me
2979 521 3191 578 quoque
3218 503 3455 559 divinum
3484 497 3582 557 ha-

2009 599 2138 654 bere
2162 600 2404 670 spiritum
2437 640 2454 666 ,
2495 614 2562 654 ne
2583 598 2709 668 quid
2743 613 2929 653 eorum
2968 612 3086 667 qua:
3110 596 3365 651 dixissem
3394 593 3587 649 huma-

2010 706 2135 744 num
2164 688 2515 760 suspicarere.
2548 689 2657 743 Nisi
2679 690 2821 744 enim
2855 690 2924 742 ita
2950 697 3125 753 esset,
3153 701 3442 756 numquam
3467 698 3588 738 eam

2007 782 2375 837 auctoritatem
2429 780 2564 836 meis
2612 780 3020 849 cogitationibus
3067 779 3391 833 tribuissem.
3451 774 3589 830 Sunt

2007 873 2137 926 enim
2187 873 2475 926 mortalium
2519 871 2844 942 cogitationes
2896 870 3106 934 timida,
3142 884 3408 937 eorumque
3449 882 3593 920 cont-
3678 854 3685 865 ’

2008 975 2172 1018 menta
2200 964 2481 1032 periculosa
2521 962 2676 1033 (Sap.
2706 962 2759 1016 9.
2793 962 2904 1031 14).
2932 961 3049 1015 iam
3096 976 3225 1014 vero
3268 960 3397 1029 legis
3425 959 3588 1012 etiam

2006 1058 2111 1110 vim
2134 1057 2281 1113 orbis
2310 1065 2571 1111 terrarum
2602 1054 2840 1109 Ecclesia
2881 1053 3250 1118 demonstrat,
3290 1066 3407 1105 eam
3432 1063 3587 1104 accu-

2010 1156 2126 1203 rate
2153 1161 2392 1213 servans,
2431 1146 2838 1216 haudquaquam
2862 1153 3160 1208 servatura,
3186 1142 3285 1196 nisi
3313 1142 3590 1209 explorate
3618 1148 3629 1151 ‘

2007 1246 2372 1309 cognosceret,
2395 1236 2446 1290 id
2476 1236 2675 1290 dictum
2712 1235 2907 1289 Christi
2943 1249 3063 1289 esse
3088 1231 3416 1286 mandatum.
3445 1229 3586 1296 Quid

2008 1329 2165 1398 igitur
2208 1327 2402 1382 Paulus
2460 1327 2667 1380 Domini
2708 1326 2960 1381 instinctu
3006 1324 3253 1378 incitatus
3299 1321 3469 1376 dicit?
3510 1319 3592 1374 De

2005 1419 2183 1488 quibus
2210 1430 2377 1473 autem
2405 1419 2812 1494 mihiscripsistis
2841 1459 2857 1483 ,
2889 1415 3075 1470 bonum
3103 1424 3228 1469 esset
3250 1414 3440 1467 homini
3470 1429 3586 1465 mu-

2006 1511 2175 1564 lierem
2202 1527 2303 1563 non
2323 1518 2525 1580 tangere
2546 1510 2625 1579 (1.
2651 1507 2769 1563 Cor.
2802 1510 2854 1563 7.
2883 1506 2958 1580 1).
2991 1507 3086 1561 llic
3112 1504 3438 1575 approbandi
3465 1511 3589 1557 sunt

2003 1601 2284 1667 Corinthii,
2309 1603 2397 1672 qui
2429 1602 2572 1656 nullo
2600 1609 2818 1670 accepto
2839 1615 2869 1653 a
2900 1609 3230 1669 praeceptore
3257 1597 3485 1651 consilio
3512 1594 3583 1650 de

2004 1693 2327 1762 virginitate,
2354 1693 2453 1761 ipsi
2484 1707 2725 1761 quaerere
2745 1698 3098 1745 antevertant.
3121 1691 3298 1758 Atque
3329 1689 3452 1741 hinc
3473 1686 3584 1755 jam

2004 1786 2083 1841 eis
2105 1785 2290 1854 gratiae
2317 1799 2478 1854 Opera
2508 1785 2701 1839 iactam
2732 1783 3096 1838 accessionem
3142 1779 3394 1835 ostendit.
3445 1778 3581 1834 Nam

2004 1892 2071 1941 ex
2100 1877 2261 1932 veteri
2292 1875 2633 1931 Testamento
2661 1889 2748 1929 res
2773 1873 2932 1928 dubia
2959 1888 3066 1927 non
3103 1879 3239 1937 erat,
3271 1883 3375 1924 non
3404 1868 3578 1924 solum

2002 1967 2222 2036 reliquis
2249 1967 2499 2027 omnibus
2530 2008 2544 2029 ,
2576 1965 2670 2021 sed
2700 1964 2897 2020 Levitis
2923 1964 3083 2019 etiam
3113 1969 3168 2016 et
3190 1960 3534 2031 pontificibus
3562 1999 3579 2024 ,

2003 2067 2161 2126 atque
2198 2056 2315 2126 ipso
2352 2055 2605 2126 pontifice
2644 2055 2911 2119 maxime,
2942 2051 3283 2107 matrimonio
3310 2050 3364 2104 in
3390 2048 3582 2119 primis

2003 2130 2538 2217 operamdantibus,‘

2071 2237 2212 2309 Xlll.
2252 2237 2355 2292 Cur
2372 2237 2441 2291 ad
2464 2254 2577 2292 eunt
2604 2236 2668 2291 de
2692 2236 2978 2308 virginitate
2992 2232 3240 2289 Corinthii
3264 2233 3575 2301 scripserint,

2003 2346 2095 2384 nec
2138 2330 2247 2401 ipse
2290 2346 2378 2384 eos
2421 2329 2562 2400 prior
2605 2329 2898 2383 cohortatus
2947 2325 3291 2383 sit.—Unde
3333 2325 3492 2395 igitur
3531 2325 3586 2379 in

2002 2421 2351 2491 quaestionem
2374 2421 2677 2476 venerunt?
2696 2422 2864 2474 Acute
2887 2418 2937 2473 id
2959 2433 3020 2471 ac
3043 2417 3297 2487 prarclare
3316 2416 3585 2483 viderunt,

2003 2513 2193 2584 majori
2222 2512 2327 2567 sibi
2353 2513 2548 2568 virtute
2572 2527 2706 2581 opus
2733 2526 2875 2576 esse,
2906 2509 3190 2580 qui'majus
3214 2508 3413 2563 donum
3435 2522 3589 2562 arceo

2004 2606 2227 2676 pissent.
2270 2605 2403 2660 illud
2430 2605 2588 2660 etiam
2619 2602 3080 2658 animadversione
3106 2600 3324 2672 dignum
3347 2609 3456 2665 est,
3490 2615 3588 2654 cur

2005 2697 2056 2753 id
2081 2698 2159 2753 eis
2184 2698 2463 2752 consilium
2494 2713 2597 2751 non
2627 2695 2969 2766 exposuerit;-
3001 2710 3175 2764 neque
3198 2694 3340 2748 enim
3370 2678 3415 2747 si
3458 2693 3586 2763 quid

2003 2789 2266 2860 ejusmodi
2306 2789 2613 2854 audissent,
2664 2789 2853 2842 iterum
2903 2802 2967 2841 ex
3009 2801 3077 2840 eo
3117 2801 3212 2855 per
3237 2785 3416 2838 literas
3446 2783 3585 2839 idem

2002 2880 2388 2951 qutesivissent.
2418 2878 2550 2934 Nam
2591 2888 2645 2934 et
2672 2878 2759 2933 hic
2800 2875 3173 2931 admirabilem
3198 2875 3346 2928 Pauli
3373 2874 3588 2943 sapien-v

2002 2973 2129 3028 tiam
2172 2986 2496 3042 cognoscere
2541 2972 2643 3026 eSt.‘
2691 2968 2876 3039 Neque
2920 2967 3063 3023 enim
3111 2975 3311 3021 temere
3362 2980 3426 3020 ac
3472 2964 3590 3021 sine

2002 3079 2160 3119 causa
2187 3079 2299 3119 rem
2330 3073 2528 3118 tantam
2558 3076 2777 3117 monere
2806 3060 3019 3125 omisit,
3062 3058 3155 3114 sed
3183 3059 3434 3113 sustinuit
3459 3057 3587 3112 dum

2002 3157 2100 3227 ipsi
2126 3157 2274 3226 prius
2301 3156 2529 3225 aliquam
2567 3154 2685 3224 ejus
2720 3153 2958 3206 notitiam
2998 3148 3313 3219 consequuti
3353 3151 3406 3203 in
3431 3150 3587 3218 cupi-

2002 3248 2219 3303 ditatem
2247 3249 2513 3314 venirent,
2545 3254 2601 3300 ut
2629 3259 2813 3299 eorum
2840 3243 3047 3298 animos
3074 3253 3261 3297 nactus
3281 3241 3390 3310 jam
3421 3242 3586 3311 virgi-

2003 3339 2153 3394 nitati
2181 3338 2411 3400 deditos,
2443 3336 2647 3391 utiliter
2673 3334 2823 3389 hisce
2849 3333 2917 3389 de
2947 3333 3108 3387 rebus
3132 3344 3410 3387 sermones
3434 3346 3585 3387 sere-

2001 3442 2104 3497 ret,
2132 3431 2429 3485 auditorum
2460 3429 2511 3483 in
2544 3443 2656 3483 rem
2684 3425 2860 3481 studio
2888 3425 3074 3495 ingens
3126 3422 3489 3493 adjumentum
3517 3422 3586 3477 ad

2001 3520 2384 3577 cohortationis
2426 3518 2809 3575 admissionem
2855 3524 3257 3586 prmstantezet
3280 3513 3478 3584 alioqui
3509 3514 3588 3569 rei

2002 3614 2420 3685 magnitudinem
2473 3622 2632 3682 atque
2678 3612 2941 3680 insignem
2987 3609 3301 3679 gravitatem
3333 3606 3585 3662 ostendit.

2002 3704 2135 3760 Nam
2184 3705 2236 3759 ni
2282 3707 2353 3759 ita
2381 3713 2546 3768 esset,
2578 3717 2684 3756 non
2711 3709 3021 3770 exspectato
3050 3714 3236 3753 eorum
3267 3698 3444 3753 studio
3474 3700 3589 3768 ipse

2004 3799 2057 3856 id
2085 3798 2250 3869 prior,
2276 3799 2322 3852 si
2353 3814 2457 3852 non
2490 3806 2547 3851 ut
2570 3796 2777 3866 jussutn
2802 3810 2865 3849 ac
2888 3801 3236 3864 praceptum,
3270 3801 3324 3846 at
3362 3800 3508 3847 certe
3531 3798 3590 3846 ut

2002 3888 2426 3947 cohortationem
2454 3898 2614 3957 atque
2643 3886 2924 3941 consilium
2951 3884 3289 3955 prodidisset.
3322 3883 3471 3938 Nunc
3495 3883 3587 3953 qui

2004 3994 2177 4048 neque
2221 3978 2274 4032 id
2320 3978 2464 4047 prior
2510 3978 2685 4031 facere
2725 3976 2958 4029 animum
3014 3973 3318 4039 induxerit,
3368 3972 3590 4028 evidens

2004 4071 2159 4126 nobis
2190 4070 2311 4125 fecit
2334 4111 2350 4136 ,
2386 4084 2544 4139 cgere
2569 4067 2920 4137 virginitatem
2948 4065 3100 4120 multi
3125 4064 3336 4121 sudoris
3365 4073 3591 4118 conten-

2005 4161 2270 4230 tionisque
2289 4174 2613 4230 permagnte.
2629 4160 2802 4228 Atque
2817 4157 2867 4211 id
2887 4156 2973 4211 hic
2988 4171 3326 4212 communem
3347 4163 3588 4209 nostrum

2005 4250 2290 4305 Dominum
2336 4249 2575 4307 imitatus
2609 4249 2752 4312 fecit,
2792 4250 2882 4318 qui
2919 4247 2987 4303 de
3014 4248 3312 4315 virginitate
3342 4256 3450 4298 tum
3479 4245 3588 4299 dis-
3650 4266 3655 4269 ι
3698 4286 3707 4297 .

2004 4342 2193 4406 seruit,
2221 4355 2341 4396 cum
2370 4356 2492 4396 eum
2519 4340 2764 4409 discipuli
2810 4347 3086 4408 rogarunt.
3118 4337 3247 4390 Nam
3274 4343 3393 4388 cuin
3420 4335 3590 4388 dixis-

2004 4441 2146 4494 sent,
2175 4432 2237 4486 Si
2262 4448 2322 4485 ea
2347 4441 2419 4486 est
2455 4432 2551 4485 uiri
2574 4447 2688 4484 cum
2728 4446 2885 4483 uxore
2911 4428 3153 4494 conditio,
3184 4426 3385 4495 expedit
3415 4426 3591 4478 matri-

2004 4523 2230 4577 monium
2269 4538 2372 4575 non
2398 4522 2714 4584 contra/tere,
2746 4518 3043 4589 respondit,
3072 4517 3207 4572 Sunt
3234 4515 3472 4578 eunuchi,
3502 4515 3588 4585 qui

2002 4616 2193 4688 seipsos
2205 4623 2413 4686 propter
2425 4614 2621 4668 cccleste
2635 4628 2845 4684 regnum
2863 4618 3147 4664 castrorum
3163 4607 3374 4679 (Matth.
3393 4607 3477 4663 19.
3498 4607 3585 4662 1ο.

2005 4704 2116 4779 12).
2143 4704 2241 4761 Ubi
2268 4706 2408 4760 enim
2434 4705 2620 4775 ingens
2641 4712 2721 4757 est
2752 4710 2894 4756 recte
2915 4701 3130 4764 factum,
3154 4709 3312 4770 atque
3343 4699 3461 4753 ideo
3489 4713 3589 4753 nec

2002 4798 2106 4854 sub
2134 4796 2387 4867 prazcepti
2436 4795 2755 4851 necessitate
2782 4792 3138 4857 concluditur,
3173 4788 3589 4859 essm-claudum

2006 4898 2090 4946 est
2112 4889 2438 4945 desiderium
2469 4902 2654 4943 eorum
2680 4884 2768 4955 qui
2798 4898 2863 4938 eo
2892 4879 3218 4954 perfuncturi
3241 4891 3382 4943 sunt,
3413 4890 3468 4935 et
3487 4881 3591 4933 alia

2006 4980 2232 5052 quadam
2278 4980 2485 5034 ratione
2515 4992 2616 5032 nec
2650 4983 2896 5046 suspecta
2930 4975 3139 5028 animus
3183 4973 3247 5025 iis
3289 4982 3449 5042 atque
3476 4981 3588 5025 stu-

2004 5073 2150 5127 dium
2178 5079 2262 5127 est
2288 5071 2580 5141 parandum
2609 5086 2624 5122 :
2654 5066 2794 5138 quod
2835 5066 3050 5137 quidem
3086 5073 3140 5119 et
3177 5063 3418 5119 Christus
3444 5062 3588 5117 fecit.

2001 5163 2185 5232 Neque
2223 5163 2365 5216 enim
2409 5175 2503 5216 eos
2532 5160 2637 5215 ulla
2686 5159 2754 5214 de
2793 5158 3092 5229 virginitate
3134 5155 3495 5224 disputatione
3523 5156 3579 5208 in

2004 5255 2323 5324 virginitatis
2369 5253 2601 5308 studium
2657 5251 2923 5321 coujecit,
2979 5250 3071 5306 sed
3127 5248 3194 5301 de
3241 5246 3584 5300 matrimonio

2006 5350 2181 5405 solum
2208 5348 2480 5417 loquutus,
2504 5347 2556 5399 in
2581 5346 2801 5415 ejusque
2826 5342 3138 5398 difﬁcultate
3159 5347 3589 5392 commonstran-

2003 5442 2068 5497 da
2108 5441 2318 5495 haereus
2362 5449 2521 5509 atque
2546 5439 2947 5508 couquieseens,
2975 5450 3086 5490 rem
3130 5431 3266 5486 adeo
3304 5431 3590 5502 prudenter

2004 5536 2313 5592 moderatus
2336 5516 2517 5600 est,‘ut
2538 5533 2627 5603 qui
2650 5531 2718 5587 de
2741 5547 2845 5584 non
2867 5525 3230 5585 contrahendo
3251 5523 3591 5580 matrimonio

2004 5629 2137 5685 nihil
2161 5626 2470 5692 audissent,
2504 5639 2599 5680 sua
2629 5631 2819 5694 sponte
2845 5620 3113 5682 dicerent,
3164 5619 3385 5690 Expedit
3409 5626 3586 5670 mam-

2005 5720 2230 5774 monium
2274 5733 2374 5773 non
2422 5716 2717 5771 contrahere
2755 5710 2929 5782 (Ibid.
2974 5727 3023 5765 υ.
3068 5708 3192 5780 10).
3244 5711 3416 5778 Atque
3470 5705 3591 5760 ideo

2012 5812 2171 5876 etiam
2204 5808 2422 5880 Paulus,
2449 5806 2647 5869 Christi
2680 5803 2932 5869 imitator,
2967 5802 3039 5858 De
3063 5800 3242 5873 quibus
3265 5811 3468 5867 autem,
3509 5796 3584 5851 inc
