4056 6208
440 369 565 427 513

433 485 570 555 quit,
602 482 724 537 mihi
748 482 1025 554 scripsisti:
1043 498 1064 538 :
1083 482 1228 539 velut
1264 498 1325 538 se
1353 480 1418 534 iis
1443 477 1620 533 verbis
1645 478 1700 531 in
1726 476 1865 530 banc
1891 489 2018 530 sen-

438 577 658 630 tentiam
687 590 922 646 purgans
946 592 959 628 :
986 573 1249 644 Equidem
1281 584 1378 625 vos
1402 569 1469 623 ad
1496 567 1720 622 sublime
1743 566 1843 620 hoc
1869 564 2019 620 fasti-

435 668 578 736 gium
603 676 818 736 propter
841 666 918 720 rei
939 663 1303 720 difttcultatem
1325 658 1591 715 adducere
1610 672 1712 711 non
1734 655 2017 709 audebam.

435 756 586 812 Nunc
622 771 753 811 vero
802 772 925 811 cum
978 755 1183 825 priores
1236 752 1335 821 ipsi
1399 751 1467 804 ad
1513 765 1600 806 me
1654 746 2018 817 scripseritis,

437 849 607 902 fidens
632 848 847 903 demum
874 845 1118 899 consulo.
1156 842 1263 898 Cur
1294 844 1437 897 enim
1477 857 1600 897 cum
1628 839 1807 893 ntultis
1833 838 1900 892 de
1931 853 2019 891 re-

436 939 535 992 bus
561 938 908 1006 scripserint,
954 949 1217 1003 nusquam
1257 932 1311 987 id
1354 931 1592 1002 adjecit?
1634 929 1787 986 Nulla
1817 929 1921 983 alia
1952 926 2021 981 de

432 1044 614 1092 eausa,
645 1042 801 1097 quam
828 1042 891 1081 ea
910 1066 927 1091 ι
970 1040 1130 1096 quant
1172 1038 1315 1079 nunc
1340 1023 1484 1088 dixi;
1513 1038 1582 1077 ne
1608 1021 1728 1090 quis
1752 1018 1894 1073 enim
1921 1031 2017 1079 co:

436 1119 792 1183 hortationem
820 1117 999 1189 inique
1024 1117 1324 1185 acciperet,
1351 1113 1535 1169 literas
1558 1112 1656 1176 eis,
1689 1122 1820 1180 quas
1845 1108 2020 1162 misis-

443 1212 584 1264 sent,
609 1210 674 1252 ad
704 1203 1022 1253 memetiam
1047 1210 1291 1255 revocat.
1319 1200 1396 1256 Ac
1417 1219 1486 1258 ne
1504 1204 1583 1258 sic
1611 1204 1832 1276 quidem
1850 1215 2013 1256 occa-

443 1294 652 1347 sionem
674 1308 792 1346 eam
816 1302 1013 1348 nactus
1029 1293 1491 1350 vehementiorem
1518 1295 1742 1350 adhibet
1766 1291 2015 1349 admoni-

445 1387 672 1447 tionem,
704 1383 801 1439 sed
830 1384 1123 1439 admodum
1156 1384 1468 1455 benignam,
1492 1387 1548 1441 in
1575 1401 1642 1441 eo
1669 1387 1830 1441 etiam
1857 1384 2016 1440 Chri-

442 1484 590 1530 stum
617 1476 861 1532 imitatus
895 1495 909 1530 :
936 1476 1351 1533 namServator
1383 1479 1636 1534 absoluto
1667 1492 1920 1534 sermone
1945 1477 2015 1532 de

442 1566 1112 1637 virginitateadditlitﬂui
1126 1577 1492 1638 potestcapere
1506 1569 1678 1637 capiat
1700 1567 2012 1639 (Mettium.

442 1662 552 1727 12).
581 1660 724 1726 Quid
743 1661 911 1730 igitur
925 1662 1034 1715 ait?
1053 1661 1128 1716 De
1143 1662 1333 1733 quibus
1352 1672 1533 1716 autem
1549 1660 1676 1715 mihi
1689 1660 2004 1730 scripsistis,

440 1750 632 1804 bonum
655 1750 944 1806 euhomini
961 1752 1230 1807 mulierem
1255 1770 1359 1808 non
1375 1762 1585 1822 tangere
1614 1751 1688 1823 (1.
1714 1750 1842 1807 Cor.
1862 1750 1915 1806 7.
1936 1750 2012 1822 1).

503 1836 642 1891 XIV.
688 1834 913 1901 Objectio
958 1851 1130 1891 eorum
1178 1836 1264 1903 qui
1307 1835 1641 1905 virginitatem
1688 1832 1928 1903 ejiciunt,
1970 1839 2016 1883 et

431 1926 848 1985 tolutim—Sed
898 1924 1128 1982 fortasse
1168 1925 1311 1980 dicat
1350 1925 1540 1993 aliquis
1565 1940 1578 1976 :
1603 1924 1672 1978 At
1713 1921 1760 1976 si
1799 1927 2016 1990 prmstet

431 2017 712 2073 mulierem
751 2032 857 2073 non
888 2027 1123 2087 tangere,
1151 2032 1252 2086 qua
1276 2015 1343 2070 de
1372 2030 1530 2069 causa
1557 2014 1610 2068 in
1635 2014 1793 2068 vitam
1825 2011 2016 2066 invasit

431 2110 859 2165 matrimonium?
883 2110 1147 2182 Quorsum
1172 2119 1347 2163 autem
1374 2108 1598 2162 muliere
1628 2116 1861 2173 utemur,
1892 2121 2013 2177 qua:

431 2216 600 2270 neque
645 2186 1183 2266 adimatrimonium,
1231 2214 1404 2270 neque
1442 2199 1511 2254 ad
1549 2199 1840 2254 liberorum
1881 2214 2012 2271 pro-

431 2293 755 2349 creationem
801 2293 1034 2349 serviat?
1087 2292 1290 2363 Ecquid
1334 2307 1461 2348 vcro
1507 2290 1808 2363 prohibebit
1853 2306 2014 2348 omne

431 2385 705 2447 hominum
731 2401 899 2457 genus
936 2386 1141 2453 deleri,
1173 2400 1295 2440 cum
1323 2394 1377 2438 et
1406 2401 1552 2439 mors
1578 2384 1629 2438 id
1654 2384 1892 2454 quotidie
1915 2383 2012 2436 de-

427 2486 613 2546 poscat
640 2491 703 2531 ac
730 2476 995 2542 concidat,
1025 2486 1078 2531 et
1103 2492 1164 2532 ea
1193 2477 1455 2530 sententia
1484 2476 1615 2541 alios
1644 2475 1697 2530 in
1732 2475 2011 2530 defuncto-

432 2585 547 2622 rum
578 2569 748 2623 locum
776 2569 1056 2625 restituere
1084 2585 1188 2622 non
1217 2568 1519 2636 permittat?
1554 2567 1689 2622 Nam
1727 2568 1773 2621 si
1813 2568 2010 2622 bonum

427 2664 483 2716 id
512 2661 743 2716 universi
768 2670 1140 2716 consectemur
1162 2699 1179 2724 ,
1226 2674 1325 2715 nec
1372 2660 1623 2714 mulieres
1649 2658 1969 2729 attingamus
1991 2699 2008 2725 ,

427 2753 605 2807 omnia
640 2751 983 2815 dilabentur,
1019 2761 1074 2806 et
1127 2752 1321 2818 urbes,
1374 2760 1429 2806 et
1480 2750 1700 2816 donms,
1754 2759 1808 2806 et
1853 2752 2001 2822 agri,

422 2854 478 2898 et
511 2853 676 2909 artes,
732 2852 789 2899 et
836 2844 1168 2907 animantes,
1221 2852 1276 2899 et
1322 2843 1537 2913 stirpes.
1582 2844 1649 2900 Ut
1694 2844 1839 2899 enim
1880 2859 2007 2914 pro-

423 2942 591 2988 strato
630 2934 948 3003 imperatore
993 2934 1134 3004 cogit
1173 2934 1461 2990 necessitas
1488 2950 1702 2990 omnem
1745 2936 2010 2992 exercitus

421 3025 666 3080 ordinem
696 3025 941 3095 dissipari
967 3044 982 3080 :
1004 3026 1083 3080 sic
1111 3026 1356 3089 nomine,
1402 3027 1733 3083 terrestrium
1768 3029 2007 3084 omnium

423 3130 570 3185 rege,
600 3114 920 3172 matrimonii
952 3115 1182 3184 defectu,
1215 3117 1496 3184 exstincto,
1540 3129 1854 3186 cmterorum
1877 3120 2007 3175 nihil

424 3208 843 3264 incolumitatem
868 3224 1017 3263 suam
1047 3210 1397 3280 ordinemque
1418 3211 1677 3277 tuebitur;
1709 3212 1781 3267 ita
1807 3212 2006 3268 bellum

425 3299 526 3354 hoc
580 3298 863 3355 consilium
916 3300 1210 3355 innumeris
1259 3300 1443 3355 orbem
1494 3301 1650 3356 malis
1698 3294 2043 3371 complebit/

422 3389 711 3445 Enimvero
731 3390 775 3446 si
795 3389 910 3444 hcce
932 3390 1162 3444 hostium
1184 3390 1359 3446 solum
1376 3401 1534 3461 atque
1554 3392 1842 3447 inlidelium
1864 3392 2006 3448 dicta

420 3490 630 3545 essent,
661 3494 725 3536 ea
753 3481 903 3551 parvi
941 3481 1247 3540 duxissem:
1277 3482 1370 3536 sed
1399 3498 1520 3539 cum
1552 3497 1616 3541 ea
1642 3484 1797 3539 multi
1821 3488 2006 3554 etiam,

417 3572 508 3641 qui
536 3570 603 3625 ad
631 3571 923 3627 Ecclesium
953 3581 1196 3649 spectare
1216 3575 1526 3645 videantur,
1545 3579 1744 3648 iactent
1764 3620 1779 3646 ,
1812 3580 2006 3650 ingenii

421 3662 627 3740 ignavia
680 3662 997 3740 virginitatis
1050 3669 1275 3727 sudores
1326 3672 1715 3727 detrectantes?
1756 3674 2006 3743 illamque

419 3760 722 3815 damnando
747 3770 802 3816 et
827 3761 981 3815 nauci
1023 3758 1267 3815 faciendo
1308 3762 1609 3817 socordiam
1648 3777 1795 3821 suam
1826 3774 2005 3834 tegere

420 3853 658 3907 “domas
681 3893 697 3917 ,
731 3859 788 3906 ut
816 3867 922 3906 non
953 3852 1273 3922 negligentia
1301 3852 1527 3922 quadam
1554 3893 1570 3917 ,
1610 3853 1703 3907 sed
1739 3866 1886 3908 recto
1918 3870 2002 3908 ra-

421 3945 581 3999 tionis
614 3943 812 4010 judicio
841 3943 909 3998 ab
936 3956 1003 3998 eo
1046 3942 1335 4000 certamine
1387 3942 1644 4012 refugisse
1694 3944 2000 4000 videantur:

417 4049 536 4103 age,
566 4033 807 4089 hostibus
831 4034 1098 4099 dimissis;
1126 4035 1373 4089 Animalia
1394 4036 1526 4088 enim
1548 4036 1697 4089 homo
1742 4054 1843 4091 non
1865 4040 2001 4107 capit

416 4140 529 4185 quae
546 4124 769 4193 Spiritus
785 4133 921 4190 sunt,
941 4125 1127 4194 quippe
1149 4140 1263 4195 qua:
1286 4127 1385 4180 sint
1401 4125 1446 4178 ei
1468 4126 1681 4179 stultitia
1707 4129 1780 4196 (ι.
1803 4126 1919 4182 Cor.
1943 4128 1996 4183 ἓ.

420 4216 532 4285 it),
565 4216 654 4284 qui
682 4230 739 4269 se
771 4226 981 4270 nostros
1010 4215 1214 4285 lingunt
1234 4257 1250 4283 ,
1285 4224 1573 4285 utrumque
1607 4216 1914 4284 doceamus,
1946 4229 2001 4275 et

421 4315 625 4361 tantum
655 4307 844 4362 abesse
874 4316 930 4361 ut
958 4323 1047 4363 res
1072 4307 1227 4367 nauci
1257 4307 1362 4374 sit,
1407 4315 1464 4363 ut
1492 4307 1644 4364 valde
1669 4309 1829 4363 etiam
1860 4310 2001 4366 utilis

412 4399 486 4450 sit
531 4412 594 4451 ac
642 4398 939 4453 necessaria
967 4439 980 4462 ,
1031 4413 1204 4468 neque
1247 4399 1642 4453 accusationem
1689 4414 1808 4454 eam
1856 4401 2002 4471 ipsos

316 4553 335 4559 ρ
412 4488 631 4557 impune
670 4488 904 4552 laturos,
948 4488 1045 4545 sed
1091 4499 1293 4544 tantum
1326 4490 1390 4546 iis
1419 4491 1638 4561 periculi
1679 4492 1995 4561 allaturam,

410 4588 669 4647 quantum
693 4579 1033 4647 pra-miorum
1056 4587 1215 4648 atque
1237 4581 1406 4637 laudis
1429 4582 1514 4646 iis,
1530 4582 1621 4652 qui
1643 4583 1996 4653 virginitatem

410 4670 692 4724 coluerint.
723 4669 856 4724 Nam
890 4670 991 4725 hoc
1016 4680 1325 4726 constructo
1352 4672 1573 4739 mundo,
1604 4683 1658 4729 et
1684 4675 1748 4729 iis
1773 4675 1993 4745 paratis,

412 4777 533 4831 qua:
562 4761 628 4815 ad
658 4761 888 4831 quietem
918 4771 972 4817 et
999 4778 1148 4817 usum
1177 4773 1418 4819 nostrum
1444 4766 1831 4832 eunducebant,
1856 4768 1996 4824 Deus

413 4852 684 4910 hominem
707 4853 877 4918 fmxit,
900 4854 1051 4923 cujus
1070 4855 1229 4909 etiam
1250 4870 1412 4912 causa
1432 4857 1686 4913 mundum
1707 4858 1997 4915 fabricatus

410 4951 512 4999 est.
547 4943 597 4997 is
628 4960 754 4999 vero
784 4943 1040 5001 formatos
1068 4946 1120 5000 in
1148 4947 1394 5016 paradiso
1416 4948 1664 5019 degebat,
1688 4964 1787 5004 nec
1806 4950 1992 5005 matri-

411 5036 574 5090 nt’onii
607 5036 710 5090 ulla
739 5039 972 5103 mentio;
1002 5051 1138 5107 opus
1169 5047 1287 5094 erat
1313 5039 1364 5115 ei
1388 5041 1551 5095 etiam
1579 5041 1869 5111 adjutrice;
1898 5041 1993 5094 ad-

407 5127 573 5184 hibita
600 5139 718 5185 est:
742 5144 810 5184 ne
845 5130 923 5185 sic
948 5130 1165 5200 quidem
1190 5131 1585 5188 matrimonium
1611 5134 1781 5189 visum
1809 5147 1994 5188 neces-

407 5220 605 5272 sarium
630 5228 729 5274 est.
757 5220 837 5275 Ac
881 5235 1054 5289 neque
1087 5220 1214 5275 dum
1243 5222 1515 5288 exstabat,
1547 5230 1602 5278 et
1648 5223 1699 5278 in
1744 5223 1992 5293 paradiso

407 5308 551 5362 velut
573 5309 706 5363 caelo
731 5310 960 5379 quodam
989 5310 1106 5381 ejus
1146 5322 1396 5383 expertes
1418 5312 1714 5384 degebant,
1744 5327 1903 5386 atque
1938 5316 1990 5371 in

411 5401 501 5455 Dei
538 5402 924 5458 consuetudine
966 5403 1283 5459 suavissime
1325 5404 1689 5474 quiescebant.
1735 5405 1991 5462 Miscendi

406 5499 582 5546 autem
626 5492 867 5562 corporis
914 5491 1105 5558 ardor,
1151 5493 1453 5563 conceptio,
1500 5493 1735 5560 dolores,
1767 5506 1985 5565 partus,

406 5595 565 5657 atque
589 5601 748 5641 omne
777 5602 943 5656 genus
971 5586 1289 5657 corruptela:
1313 5602 1381 5643 ex
1406 5602 1591 5642 eorum
1610 5589 1805 5643 animis
1829 5606 1987 5646 exsu-

403 5675 579 5742 labat,
627 5687 681 5732 et
717 5678 859 5733 velut
887 5678 1059 5734 amnis
1083 5678 1392 5747 perspicuus
1416 5692 1446 5732 e
1472 5677 1671 5747 liquido
1700 5679 1846 5736 fonte
1873 5695 1984 5735 ma-

401 5784 558 5840 nans,
585 5770 664 5827 sic
691 5769 820 5826 inibi
841 5771 1068 5841 agebant
1095 5769 1392 5843 virginitate
1416 5770 1611 5827 ornati.
1634 5771 1713 5827 Ac
1737 5780 1845 5827 tum
1867 5783 1982 5830 crat

1149 365 1212 431 S.
1245 361 1521 422 JOANNIS
1556 356 2037 425 CHRYSOSTOMI
2076 354 2393 413 ARCHIEP.
2434 355 2971 414 CUNSTANTINOP.

3610 358 3714 415 544

2131 482 2272 527 terra
2297 473 2365 528 ab
2390 472 2692 529 hominibus
2715 489 2915 539 vacua;
2955 472 3007 529 id
3036 471 3179 545 quod
3211 487 3352 529 nunc
3379 482 3631 528 verentur
3658 473 3711 531 hi

2126 564 2272 635 orbis
2291 574 2586 632 curatores,
2609 567 2697 634 qui
2720 582 2840 620 cum
2863 566 2932 621 de
2952 566 3142 619 alienis
3166 565 3311 621 serio
3336 565 3711 629 sollicitentur,

2126 657 2194 710 de
2220 656 2330 710 suis
2359 671 2425 710 ne
2470 657 2703 726 cogitare
2729 656 2939 726 quidem
2972 636 3269 721 su’stin‘ent;
3318 654 3491 724 deque
3537 654 3711 708 homi-

2127 762 2256 800 num
2280 747 2661 801 communitate
2691 763 2759 801 ne
2785 745 3012 801 intereat
3049 746 3227 813 anxii,
3274 745 3509 800 animum
3557 760 3709 803 suum

2130 844 2398 907 tamquam
2443 838 2671 892 alienum
2719 837 2911 907 singuli
2958 837 3250 907 negligunt,
3298 852 3419 891 cum
3468 836 3534 891 ad
3590 854 3709 893 eum

2126 930 2266 1000 quod
2295 931 2504 993 attinet,
2537 930 2621 984 vel
2648 928 2713 983 de
2742 928 2974 983 minimis
3002 928 3162 983 rebus
3189 942 3377 982 severe
3401 928 3465 980 ad
3496 943 3707 998 pinnat-5

2126 1022 2351 1076 vocandi
2381 1022 2507 1086 sint,
2533 1031 2587 1077 et
2612 1020 2751 1091 quod
2774 1021 2839 1075 ad
2865 1020 3136 1075 hominum
3158 1019 3346 1074 attinet
3369 1022 3709 1089 paucitatem,

2125 1131 2227 1171 nec
2271 1115 2539 1172 levissime
2591 1119 2850 1172 rationem
2899 1117 3181 1173 reddituri.
3230 1116 3346 1171 Non
3397 1129 3550 1172 erant
3600 1127 3709 1172 tum

2124 1207 2348 1276 oppida,
2379 1223 2487 1262 non
2514 1218 2688 1273 artes,
2719 1222 2825 1261 non
2851 1206 3075 1272 domus;
3112 1207 3308 1261 etenim
3351 1206 3466 1262 lucc
3501 1222 3710 1277 quoque

2126 1311 2231 1351 non
2274 1296 2554 1351 minimum
2581 1297 2812 1362 curatis;
2857 1297 2950 1351 sed
2991 1295 3105 1351 [nec
3133 1314 3240 1352 non
3271 1305 3458 1364 erant,
3500 1306 3554 1350 et
3580 1296 3710 1350 nihil

2126 1396 2300 1443 tamen
2329 1389 2535 1443 beatam
2568 1390 2708 1443 illam
2731 1390 2894 1443 vitam
2932 1398 3092 1457 atque
3123 1392 3221 1445 hac
3254 1390 3409 1459 longe
3435 1390 3706 1445 meliorem

2122 1480 2444 1562 impediebat
2458 1492 2552 1537 aut
2570 1483 2835 1537 turbabat.
2854 1486 2921 1537 At
2937 1491 3215 1552 postquam
3241 1483 3349 1538 Deo
3369 1499 3473 1537 non
3496 1483 3676 1538 obtetn
3697 1517 3705 1525 -

2123 1560 2400 1641 perarum,
2430 1560 2485 1628 et
2511 1583 2651 1627 terra
2680 1583 2839 1644 atque
2866 1573 3001 1628 cinis
3031 1572 3200 1628 cﬂccti
3232 1582 3375 1638 sunt,
3404 1588 3524 1628 cum
3553 1574 3709 1629 beata

2122 1678 2184 1718 ea
2231 1665 2335 1720 vita
2378 1665 2696 1737 virginitatis
2737 1666 2898 1723 etiam
2946 1666 3112 1722 decus
3158 1666 3520 1736 perdiderunt,
3546 1678 3710 1737 atque

2120 1771 2225 1811 una
2251 1772 2376 1812 cum
2406 1758 2516 1813 Deo
2541 1758 2700 1813 etiam
2729 1759 2817 1813 illa
2855 1774 2950 1815 eos
2983 1759 3237 1816 deserens
3265 1760 3538 1816 abscessit.
3565 1760 3700 1816 Nam

2119 1847 2371 1915 quamdiu
2400 1863 2432 1902 a
2458 1847 2671 1903 diabolo
2693 1849 2873 1903 invicti
2898 1845 3180 1904 Dominum
3205 1864 3359 1904 suum
3388 1848 3705 1905 revereban-

2123 1950 2228 2005 tur,
2268 1941 2521 1996 manebat
2563 1942 2860 2012 virginitas,
2909 1956 3002 1999 eos
3030 1956 3296 1998 exernans
3337 1943 3503 2012 magis
3539 1958 3703 2013 quam

2117 2046 2274 2102 reges
2298 2031 2545 2087 diadema
2590 2042 2644 2088 ct
2685 2048 2847 2088 aurea
2893 2033 3227 2088 vestimenta.
3258 2034 3326 2087 At
3354 2033 3443 2088 ubi
3467 2032 3687 2103 captivi,

2119 2121 2267 2190 regio
2299 2121 2399 2177 hoc
2426 2122 2624 2176 amictu
2654 2134 2874 2192 erepto,
2901 2122 3216 2193 abjectoquc
3239 2124 3433 2178 caelesti
3465 2132 3654 2178 ornatu
3679 2164 3697 2192 δ

2118 2212 2305 2267 mortis
2329 2212 2713 2282 corruptelam,
2743 2214 2880 2280 iras,
2903 2214 3187 2277 cruciatus,
3220 2228 3282 2267 ac
3312 2228 3576 2268 mrumnas
3601 2226 3694 2266 ac-

2117 2313 2397 2372 ceperunt,
2457 2311 2567 2357 tum
2616 2296 2911 2358 veroowm
2959 2304 3027 2358 iis
3065 2302 3463 2358 matrimonium
3506 2307 3690 2369 subiit,

2116 2392 2344 2447 mortale
2387 2392 2491 2447 hoc
2528 2401 2583 2448 et
2625 2393 2818 2449 servile
2861 2394 3265 2459 vestimentmn;
3313 2409 3433 2447 nam
3465 2394 3560 2460 Qui
3587 2411 3703 2448 cum

2117 2498 2273 2536 uxore
2300 2492 2394 2547 est,
2428 2483 2615 2553 inquit,
2646 2500 2821 2538 eorum
2851 2485 3098 2539 sollicitus
3122 2494 3215 2553 est,
3245 2500 3358 2555 qum
3379 2495 3499 2540 sunt
3526 2491 3702 2544 mundi

2117 2574 2196 2643 (Ι.
2227 2572 2346 2628 Cor.
2382 2577 2434 2628 7.
2467 2575 2580 2647 55).
2620 2575 2804 2631 Viden’
2832 2576 2972 2631 unde
3002 2577 3212 2631 initium
3241 2576 3485 2631 habuerit
3513 2578 3700 2632 matri-

2116 2666 2374 2729 monium,
2404 2667 2545 2721 unde
2571 2669 2931 2723 necessarium
2956 2668 3125 2722 visum
3148 2668 3252 2722 sit?
3280 2668 3363 2723 Ab
3388 2668 3699 2724 iuobcdien~

2119 2755 2209 2816 tia,
2241 2755 2374 2810 diris
2401 2767 2561 2827 atque
2595 2768 2788 2812 morte.
2823 2756 2957 2812 Nam
2989 2757 3075 2812 ubi
3104 2773 3248 2813 mors
3272 2766 3390 2825 est,
3419 2759 3489 2813 ibi
3517 2759 3698 2813 matri-

2114 2848 2348 2900 tnonium
2373 2887 2389 2913 ,
2418 2863 2526 2918 quo
2551 2848 2763 2903 sublato
2801 2863 2976 2919 neque
3000 2848 3090 2904 illa
3114 2850 3475 2921 consequitur.
3500 2852 3569 2905 At
3592 2866 3697 2905 non

2113 2930 2470 3008 virginitatem
2499 2939 2612 2994 haec
2640 2949 2961 3010 sequuntur,
2989 2940 3085 2995 sed
3109 2955 3323 3010 semper
3351 2943 3489 2996 utilis
3507 2984 3522 3008 ,
3556 2958 3696 2997 sem-

2114 3046 2210 3100 per
2234 3030 2402 3084 fausta
2423 3042 2583 3100 atque
2604 3029 2748 3097 felix,
2772 3040 2825 3086 et
2845 3040 2968 3087 ante
2983 3040 3211 3085 mortem
3234 3043 3287 3086 et
3309 3042 3426 3102 post
3447 3042 3692 3098 mortem,

2111 3132 2165 3177 et
2209 3130 2332 3177 ante
2374 3122 2770 3177 matrimonium
2822 3131 2877 3177 et
2926 3132 3045 3192 post
3089 3124 3503 3178 matrimonium.
3552 3123 3695 3179 Cedo

2111 3212 2252 3266 enim
2280 3251 2295 3276 ,
2343 3211 2486 3282 quod
2516 3210 2913 3267 matrimonium
2954 3210 3213 3266 Adamum
3258 3213 3574 3281 procrearit,
3603 3214 3695 3283 qui

2113 3304 2278 3359 Evam
2308 3314 2491 3372 partus
2509 3303 2759 3359 dolores?
2787 3303 3127 3374 Nequaquam
3148 3303 3365 3359 dixeris.
3382 3302 3518 3371 Quid
3536 3304 3695 3375 igitur

2111 3409 2247 3450 vane
2292 3377 2478 3450 tremis
2506 3410 2570 3450 ac
2596 3394 2887 3461 formidas,
2927 3410 2997 3451 ne
3033 3396 3372 3451 matrimonio
3416 3396 3694 3451 desinente

2120 3493 2419 3548 humanum
2444 3491 2605 3544 etiam
2640 3500 2809 3558 genus
2838 3485 3137 3546 desiturum
3164 3490 3235 3546 sit
3291 3486 3450 3563 (Dan.
3479 3487 3534 3546 Ἰ.
3562 3487 3694 3563 10)Ὲ

2114 3581 2300 3636 Decies
2330 3581 2527 3636 millies
2551 3582 2687 3637 dena
2714 3582 2881 3637 millia
2901 3583 3211 3653 angelorum
3236 3583 3345 3638 Deo
3367 3583 3691 3650 ministrant,

2111 3670 2258 3724 mille
2285 3671 2448 3725 millia
2474 3671 2917 3743 arcltangelorum
2944 3672 3082 3742 apud
3105 3688 3223 3728 eum
3247 3674 3495 3739 adstant;
3524 3689 3695 3741 neque

2107 3776 2292 3817 eorum
2323 3763 2601 3833 quisquam
2636 3764 3032 3835 propagatione,
3061 3772 3154 3819 aut
3182 3777 3356 3835 partu,
3399 3780 3462 3820 ac
3500 3766 3695 3821 dolori-

2109 3856 2248 3921 bus,
2297 3866 2352 3911 et
2397 3858 2748 3927 conceptione
2798 3867 3106 3928 procreatus
3151 3865 3252 3912 est.
3303 3858 3483 3927 Itaque
3527 3859 3691 3911 multo

2108 3950 2277 4019 magis
2302 3948 2546 4003 homines
2567 3949 2699 4003 citra
2722 3949 3114 4003 matrimonium
3135 3948 3404 4013 tinxisset;
3437 3947 3689 4017 (pictnado

2113 4041 2329 4096 modmn
2360 4051 2415 4097 et
2451 4042 2650 4111 primos
2677 4040 2855 4104 tinxit,
2903 4040 3044 4094 unde
3082 4040 3324 4094 homines
3349 4055 3535 4094 omnes
3564 4038 3684 4094 orti.

2176 4132 2294 4187 XV.
2340 4132 2714 4187 Matrimonium
2742 4147 2895 4202 genus
2918 4140 3143 4185 nostrum
3168 4147 3267 4184 non
3298 4147 3503 4200 augere.
3528 4130 3688 4183 —Ac

2107 4242 2249 4281 nunc
2268 4241 2438 4297 genus
2475 4234 2717 4279 nostrum
2750 4222 3048 4292 frequentat
3076 4239 3183 4277 non
3229 4221 3555 4276 matrimonii
3588 4221 3686 4284 vis,

2105 4318 2200 4373 sed
2230 4318 2438 4372 Domini
2467 4317 2578 4387 jam
2607 4315 2761 4371 initio
2786 4315 3008 4379 dictum,
3042 4315 3257 4369 Crescite
3294 4323 3338 4369 et
3380 4315 3689 4384 multiplica-

2109 4425 2138 4459 tr
2160 4410 2250 4477 ini,
2279 4420 2327 4464 et
2351 4410 2536 4477 replete
2562 4417 2750 4463 terram
2781 4407 2931 4477 (Gen.
2957 4409 3006 4461 1.
3034 4406 3148 4478 9.8).
3180 4406 3315 4475 Quid
3344 4407 3488 4459 enim
3523 4407 3684 4457 Abra-

2106 4501 2266 4557 hamo
2289 4500 2357 4555 ad
2396 4499 2597 4554 liberos
2627 4498 2920 4570 gignendos
2948 4514 3034 4551 res
3064 4498 3161 4550 ista
3207 4496 3441 4565 profuit?
3470 4510 3537 4548 an
3579 4509 3683 4546 non

2104 4608 2168 4649 ea
2196 4601 2272 4647 tot
2295 4605 2467 4645 annos
2507 4604 2655 4653 usus,
2691 4588 2903 4643 tandem
2951 4587 3088 4641 hanc
3113 4601 3296 4640 vocem
3325 4585 3541 4639 emisit:
3575 4584 3682 4637 Do—

2103 4687 2255 4752 mine,
2282 4683 2524 4755 quidnam
2552 4682 2676 4734 mihi
2703 4681 2916 4734 daturus
2942 4696 3015 4744 es,
3043 4694 3158 4731 cum
3191 4677 3299 4731 sine
3327 4676 3495 4731 liberis
3538 4680 3683 4731 dece-

2102 4775 2220 4829 dam
2252 4771 2402 4845 (Gen.
2428 4772 2513 4826 15.
2534 4767 2632 4842 2)?
2659 4769 2839 4839 Itaque
2861 4776 2918 4823 ut
2947 4777 3058 4822 tum
3085 4782 3152 4822 ex
3174 4765 3350 4823 etl‘etis
3369 4765 3686 4836 corporibus

2102 4866 2242 4921 Deus
2284 4871 2366 4918 tot
2393 4862 2631 4918 millibus
2667 4860 2929 4932 originem
2958 4868 3117 4929 atque
3146 4857 3353 4911 initium
3398 4857 3565 4924 dedit,
3608 4858 3686 4912 sic

2101 4954 2382 5025 principio,
2410 4952 2456 5007 si
2484 4952 2601 5023 ejus
2626 4951 2791 5022 jussis
2819 4949 3079 5006 obediens
3107 4947 3343 5002 Adamus
3364 4947 3573 5003 arboris
3595 4964 3686 5001 vo-

2100 5047 2355 5116 luptatem
2382 5043 2648 5116 fregisset.
2681 5041 2821 5097 haud
2847 5057 2978 5097 sane
3004 5040 3072 5095 de
3097 5039 3180 5092 via
3227 5038 3542 5102 laborasset,
3582 5054 3685 5107 qna

2100 5136 2394 5192 humanum
2410 5152 2596 5208 genus
2626 5142 2866 5205 augeret.
2896 5131 3081 5202 Neque
3108 5130 3252 5184 enim
3284 5138 3375 5182 aut
3407 5130 3686 5182 matrimo-

2099 5230 2269 5294 nium,
2288 5230 2502 5286 nolente
2521 5228 2647 5292 Deo,
2669 5225 2914 5280 homines
2935 5222 3243 5292 frequentes
3265 5218 3479 5276 efﬁcere
3501 5232 3683 5289 queat,

2098 5333 2191 5377 aut.
2220 5321 2513 5393 virginitas,
2541 5318 2753 5372 volente
2779 5331 2843 5370 eo
2873 5314 3173 5383 frequentes
3211 5327 3354 5381 esse,
3391 5310 3684 5364 multitudi-

2099 5429 2223 5469 nem
2263 5414 2488 5467 minuet.
2531 5413 2601 5464 At
2643 5409 2712 5462 ita
2759 5405 2947 5470 voluit,
2990 5402 3183 5472 inquit,
3235 5411 3449 5472 prepter
3479 5415 3576 5453 nos
3620 5415 3684 5454 ac

2098 5516 2338 5562 nostram
2387 5502 2759 5574 pervicaciam.
2790 5497 2923 5553 Nam
2965 5512 3062 5551 cur
3112 5512 3218 5550 non
3247 5505 3371 5551 ante
3414 5494 3685 5562 deceptio-

2096 5613 2217 5652 nem
2259 5592 2656 5649 matrimonium
2690 5586 2927 5660 prodiit?
2954 5602 3050 5642 cur
3078 5603 3184 5641 non
3211 5587 3264 5640 in
3295 5584 3541 5655 paradiso
3572 5583 3686 5639 coi-

2097 5686 2218 5741 tus?
2263 5662 2514 5740 cur'non
2563 5691 2689 5737 ante
2716 5679 3143 5735 maledictioncm
3198 5688 3377 5747 partus
3429 5674 3681 5728 dolores?

2094 5777 2258 5833 Erant
2287 5787 2477 5844 nempe
2506 5771 2621 5828 haec
2658 5785 3083 5843 supervacanea;
3131 5769 3181 5823 in
3232 5777 3502 5838 posterum
3532 5779 3677 5833 rem
