4056 6208
559 247 663 306 5ιῦ

559 365 779 435 γέγονεν
815 363 1089 435 ἀναγκαῖα
1126 365 1214 423 διά
1256 371 1356 441 τὴν
1406 375 1682 447 ἡμετέραν
1719 375 2004 429 ἀσθένειαν
2036 376 2133 430 καὶ

1269 255 1323 310 5.
1366 255 1651 313 JOANNIS
1690 248 2183 313 CHRYSOSTOMI
2233 254 2555 314 ABCIIIEP.
2597 254 3151 315 CONSTANTINOP.

3721 254 3830 311 568

2242 378 2350 430 τῶν
2380 373 2627 447 οὐρανῶν
2654 373 2889 445 ἔχονται,
2924 373 3104 426 πάντα
3138 370 3231 424 ἐπὶ
3279 370 3378 441 τῆς
3420 370 3522 440 γῆς
3574 371 3830 426 καταλεί-

551 452 727 505 ταῦτα
755 450 848 503 καὶ
882 452 950 504 τά
986 451 1120 506 ἄλλα
1153 453 1387 521 ἅπαντα,
1414 459 1470 510 αί
1507 458 1710 522 πόλεις,
1754 460 1810 511 αἱ
1850 459 2058 530 τέχναι,
2100 459 2134 529 ἡ
2222 458 2500 528 ψαντεςο,
2526 457 2621 512 τὸν
2652 459 2849 529 γάμον,
2884 456 2954 509 τά
2993 457 3273 527 χρήματα,
3299 454 3397 517 τάς
3420 454 3726 525 φροντίδας,
3756 456 3828 510 τά

550 530 662 587 τῶν
694 534 924 605 ἱματίων
976 536 1237 610 περιϐολή
1257 579 1271 601 ,
1299 542 1327 592 6
1355 539 1540 606 λοιπὸς
1573 541 1681 596 τῶν
1713 542 1912 615 χρειῶν
1954 544 2131 613 ὄχλος.

549 619 735 672 Ταῦτα
767 619 874 692 γὰρ
903 621 1121 675 ἅπαντα
1150 623 1546 695 ἐπισυρόμενος
1584 627 1874 696 εἰσήλασεν
1913 627 1942 679 6
1973 626 2136 681 θάνα-

545 719 638 762 τος
663 704 781 774 μεθ’
815 705 1031 760 ἐαυτοῦ.
1068 707 1151 778 Μὴ
1189 707 1368 761 τοίνυν
1399 708 1427 762 δ
1456 710 1544 763 διὰ
1570 709 1671 782 τὴν
1701 702 1985 764 ἀσθένειαν
2008 724 2133 764 συνι

534 786 799 857 ,εχωρήθη
854 789 954 859 τὴν
1010 789 1129 859 σὴν,
1194 790 1352 844 τοῦτο
1393 792 1495 863 τῆς
1533 793 1833 865 παρθενίας
1866 794 2131 867 προτίμας

550 869 750 938 μᾶλλον
797 871 853 923 δέ
905 872 1037 941 μηδὲ
1078 875 1138 926 ἐν
1179 873 1280 946 [σῳ
1325 875 1540 930 τίθεσο·
1585 879 1710 932 ἐπεὶ
1755 878 1898 932 κατά
1944 877 2133 932 τοῦτον

453 1026 457 1031 Ι
548 951 754 1023 προῖὼν
797 953 886 1006 τὸν
924 954 1081 1023 λόγον
1111 958 1206 1010 καὶ
1231 959 1293 1011 τὸ
1319 959 1413 1013 δύο
1444 965 1707 1029 γυναῖκας
1737 962 1882 1033 ἔχειν
1913 961 2007 1015 τοῦ
2035 963 2134 1032 μιᾷ

546 1034 836 1104 ἀρκεῖσθαι
890 1038 1051 1107 μόνον
1095 1040 1319 1110 ἄμεινον
1344 1038 1483 1097 εῖναι
1538 1045 1752 1115 φήσεις,
1804 1044 1992 1116 ἐπειδὴ
2038 1046 2134 1098 καὶ

545 1116 703 1170 τοῦτο
725 1120 1112 1194 συγκεχώρητο
1154 1124 1212 1176 ἐν
1240 1124 1318 1195 τῷ
1349 1121 1501 1195 νόμῳ
1548 1128 1862 1192 Μωύσέως·
1898 1129 1996 1182 καὶ
2040 1128 2133 1181 τὸν

545 1200 778 1255 πλοῦτον
802 1203 858 1256 δὲ
878 1203 1051 1268 οὕτως
1074 1207 1175 1277 τῆς
1209 1209 1460 1261 ἐκουσίου
1506 1212 1867 1282 προτιμήσεις
1917 1211 2127 1273 πενίας.

545 1285 642 1337 καί¹
664 1285 762 1355 τὴν
789 1288 1002 1359 τρυφὴν
1030 1291 1136 1361 τῆς
1166 1291 1442 1363 σώφρονος
1461 1293 1694 1366 διαίτης,
1724 1296 1821 1350 καὶ
1849 1295 1909 1348 τὸ
1938 1294 2135 1366 ἀμύνε-

545 1368 668 1422 σθαι
694 1371 788 1451 τοῦ
817 1370 1004 1442 φέρειν
1024 1372 1113 1426 τὸν
1138 1375 1429 1429 ἀδικοῦντα
1455 1378 1737 1445 γενναίως.

614 1453 731 1520 Iq'.
746 1455 818 1508 Σὺ
833 1455 890 1509 δὲ
905 1457 1045 1510 αὐτὰ
1062 1460 1329 1525 κακίζεις,
1345 1461 1731 1533 φησί.Κακίζω
1744 1462 1843 1533 μὲν
1858 1461 2127 1533 οὐδαμῶς.

542 1537 676 1602 Θεὸς
723 1539 833 1612 γάρ
869 1542 1010 1594 αὐτά
1063 1542 1433 1616 συνεχώρησε,
1465 1546 1561 1600 καὶ
1595 1546 1819 1617 γέγονεν
1849 1548 1907 1600 ἐν
1953 1548 2132 1619 καιρῷ

542 1622 819 1693 χρήσιμα·
871 1624 1043 1695 μικρά
1084 1626 1142 1679 δὲ
1188 1626 1329 1680 αὐτά
1376 1623 1515 1681 εἶναί
1548 1647 1720 1701 φημι,
1773 1632 1869 1683 καὶ
1921 1631 2129 1685 παίδων

543 1706 945 1777 κατορθώματα
976 1708 1175 1779 μᾶλλον
1202 1710 1238 1782 ἢ
1273 1711 1500 1783 ἀνδρῶν.
1528 1714 1638 1765 Καὶ
1671 1712 1757 1765 διὰ
1789 1711 1947 1766 τοῦτο
1982 1716 2129 1785 ἡμᾶς

541 1788 781 1852 τελείους
808 1791 836 1842 6
862 1792 1095 1862 Χριστὸς
1129 1792 1532 1865 δημιουργῆσαι
1568 1796 1909 1867 βουλόμενος,
1944 1798 2130 1852 ἐκεῖνα

546 1873 646 1942 μὲν
673 1874 964 1932 ἀποθέσθαι
1000 1876 1305 1943 ἐκέλευσεν,
1337 1879 1526 1949 ὥσπερ
1559 1880 1750 1951 ἱμάτια
1779 1882 2005 1935 παιδικά
2033 1882 2128 1935 καὶ

541 1957 604 2010 οὐ
633 1958 904 2029 δυνάμενα
940 1962 1253 2031 περιϐαλεῖν
1286 1962 1375 2017 τὸν
1417 1963 1586 2036 ἀνδρα
1627 1965 1718 2017 τὸν
1751 1965 1978 2030 τέλειον,
2007 1965 2128 2019 οὐδέ

540 2040 603 2093 τὸ
633 2042 831 2112 μέτρον
874 2044 1150 2113 κοσμῆσαι
1202 2046 1303 2115 τῆς
1344 2045 1564 2117 ήλικίας
1613 2046 1708 2101 τοῦ
1759 2048 2128 2120 πληρώματος

540 2122 637 2177 τοῦ
682 2124 957 2195 Χριστοῦ·
993 2125 1062 2178 τά
1108 2126 1167 2179 δὲ
1213 2128 1436 2182 ἐκείνων
1465 2130 1881 2203 εὐπρεπέστερα
1911 2132 2003 2185 καὶ
2041 2150 2129 2185 τε-

542 2207 788 2283 λειότερα
833 2208 1151 2282 περιθέσθαι
1196 2211 1503 2277 ἐκέλευσεν,
1547 2215 1648 2270 οὐκ
1695 2216 2126 2288 ἀντινομοθετῶν

541 2293 739 2365 ἐαυτῷ.
770 2293 903 2348 ἀλλά
949 2295 1045 2347 καὶ
1079 2294 1284 2367 σφόδρα
1316 2297 1646 2353 ἀκολουθῶν.
1687 2300 1751 2353 Εἰ
1785 2300 1892 2371 γάρ
1934 2303 2028 2354 καὶ
2057 2302 2126 2355 τὰ

543 2377 943 2447 προστάγματα
988 2376 1163 2431 ταῦτα
1210 2380 1435 2433 ἐκείνων
1486 2382 1677 2451 μείζω,
1727 2382 1863 2436 ἀλλά
1900 2383 1993 2437 τοῦ
2036 2401 2126 2437 νο-

543 2460 770 2529 μοθέτου
814 2462 1015 2524 σκοπὸς
1037 2462 1066 2514 6
1094 2462 1277 2525 αὐτός.
1311 2463 1408 2527 Τίς
1433 2460 1527 2519 οὖν
1564 2468 1712 2519 ἐστιν
1741 2461 1929 2531 οὗτοςς
1962 2467 2127 2539 Περι-

538 2542 704 2622 κόιῖιαι
743 2543 841 2613 τὴν
892 2543 1089 2598 κακίαν
1136 2544 1238 2613 τῆς
1284 2546 1561 2617 ἡμετέρας
1599 2547 1779 2619 ψυχῆς
1794 2592 1809 2611 .
1854 2549 1949 2603 καὶ
1988 2550 2126 2622 πρὸς

537 2620 634 2695 τὴν
664 2626 872 2679 τελείαν
906 2627 1077 2697 αὐτὴν
1113 2628 1340 2696 ἀγαγεῖν
1382 2630 1605 2701 ἀρετήν.
1635 2632 1697 2684 El
1738 2632 1918 2687 τοίνυν
1966 2620 2126 2688 τοῦτο

538 2708 885 2771 ἐσπουδάκει,
917 2710 979 2763 ού
1012 2710 1075 2763 τὸ
1112 2711 1333 2782 μείζονα
1366 2714 1618 2787 ἐπιτάξαι
1663 2714 1772 2770 τῶν
1817 2717 2121 2791 προτέρων,

499 2820 507 2826 ρ
537 2790 674 2844 ἀλλά
706 2791 767 2844 τὸ
807 2794 864 2846 ἐν
895 2795 1007 2857 τοῖς
1035 2795 1220 2859 αὐτοῖς
1264 2796 1483 2865 ἀφεῖναι
1520 2798 1835 2865 διαπαντὸς,
1868 2790 1976 2855 καὶ
2013 2820 2122 2874 μηο

535 2874 728 2928 δέποτε
762 2875 863 2947 τῆς
890 2876 1163 2940 εὐτελείας
1186 2877 1494 2945 ἀπαλλάξαι
1519 2882 1758 2953 ἐκείνης,
1785 2883 1943 2938 τοῦτο
1972 2888 2124 2938 ἐναν-

428 2970 433 2975 '
534 2959 818 3041 τιουμένου
882 2960 1086 3032 σφόδρα
1128 2957 1196 3033 ἦν
1245 2963 1443 3034 ἐαυτῷ.
1474 2964 1687 3038 Ὥσπερ
1734 2966 1842 3038 γὰρ
1873 2970 1921 3022 εί
1970 2970 2125 3041 παρά

534 3039 634 3112 τὴν
680 3041 876 3113 ἀρχὴν,
945 3044 1035 3097 ὅτε
1085 3046 1517 3120 νηπιωδέστερον
1590 3050 1655 3103 τὸ
1723 3051 1833 3105 τῶν
1912 3039 2125 3124 ἀνθρώ-

535 3141 654 3178 πων
702 3125 934 3180 διέκειτο
1001 3128 1194 3197 γένος,
1270 3130 1371 3200 τὴν
1448 3133 1851 3205 ἐπιτεταμένην
1914 3135 2122 3209 ταύτην

534 3209 892 3291 ἐνομοθέτησε
944 3211 1243 3278 πολιτείαν,
1271 3214 1377 3267 οὐδ’
1412 3213 1479 3268 ἂν
1514 3216 1613 3287 τὴν
1647 3216 1963 3291 σύμμετρον
2002 3221 2122 3274 ἐδε-

535 3290 749 3361 ξάμεθά
792 3310 944 3357 ποτε,
994 3295 1130 3349 ἀλλά
1178 3294 1329 3369 [281]
1381 3298 1561 3353 πάντα
1602 3299 1672 3353 τά
1705 3302 1803 3372 τῆς
1846 3290 2121 3375 σωτηρίας

532 3378 566 3446 ή
577 3378 666 3445 μίν
705 3376 811 3428 ὐπὸ
838 3376 1041 3448 ταύτης
1074 3378 1142 3433 ἂν
1169 3381 1269 3450 τῆς
1298 3380 1566 3453 ἀμετρίας
1593 3382 1915 3456 διέφθαρτο·
1948 3386 2122 3452 οὔτως

534 3461 585 3512 εἰ
626 3458 764 3529 μετά
791 3459 881 3513 τὸν
920 3460 1089 3514 πολὺν
1131 3463 1322 3534 χρόνον
1362 3464 1570 3519 ἐκεῖνον
1607 3468 1703 3521 καὶ
1740 3468 1839 3539 τὴν
1873 3470 1982 3523 ἀπὸ
2024 3473 2120 3527 τοῦ

535 3543 701 3614 νόμου
752 3543 1151 3614 παιδαγωγίαν,
1192 3545 1287 3600 τοῦ
1342 3547 1538 3620 καιροῦ
1587 3550 1681 3603 ἐπὶ
1729 3553 1827 3624 τὴν
1868 3554 2120 3628 οὐράνιον

535 3628 737 3700 ταύτην
770 3628 1061 3695 καλοῦντος
1110 3631 1447 3701 φιλοσοφίαν,
1480 3632 1630 3687 εἴασε
1675 3634 1856 3706 μένειν
1894 3640 1986 3691 ἐπὶ
2022 3640 2120 3709 τῆς

535 3714 659 3783 γῆς,
686 3713 838 3767 οὐδὲν
869 3714 934 3767 ἂν
976 3714 1119 3786 μέγα
1147 3716 1213 3769 ἐκ
1252 3716 1353 3787 τῆς
1380 3718 1840 3785 συγκαταδάσεως
1873 3722 2121 3794 ἐκαρπω-

538 3795 753 3867 σάμεθα
788 3795 1020 3869 ἐκείνης,
1050 3799 1150 3869 τῆς
1186 3798 1540 3870 τελειότητος,
1572 3800 1639 3855 δι’
1674 3804 1741 3873 ἣν
1770 3804 1803 3875 ή
1847 3808 2118 3875 συγκατά-

537 3879 696 3942 σασις
719 3880 933 3948 γέγονε,
971 3882 1046 3953 μὴ
1082 3883 1532 3953 παραγενομένης
1570 3885 1724 3956 ἡμῖν.

607 3965 707 4018 1Ζ’.
737 3963 853 4017 Νῦν
872 3964 930 4017 δὲ
946 3966 1246 4037 παρόμοιον
1257 3966 1480 4035 γέγονεν
1494 3963 1605 4022 οἷον
1625 3970 1841 4025 ἐπὶτῶν
1863 3974 2115 4032 νεοττῶν.

537 4047 649 4100 Καὶ
694 4045 804 4116 γάρ
831 4047 1073 4112 ἐκείνους
1108 4049 1239 4103 ὅταν
1285 4049 1530 4123 ἐκθρέψῃ
1565 4054 1599 4124 ή
1638 4054 1842 4126 μήτηρ,
1882 4058 2116 4128 προάγει

539 4131 641 4201 μὲν
675 4131 776 4202 τῆς
824 4130 1046 4194 καλιᾶς·
1080 4131 1146 4185 ἂν
1188 4132 1247 4186 δέ
1279 4133 1639 4199 ἀσθενοῦντας
1673 4137 1774 4211 ίδῃ,
1802 4142 1897 4193 καὶ
1942 4159 2111 4195 κατα-

537 4214 833 4279 πίπτοντας
858 4216 951 4268 καὶ
971 4214 1255 4284 δεομένους
1279 4215 1358 4269 ἐτι
1382 4217 1480 4287 τῆς
1506 4216 1652 4272 ἔνδον
1678 4222 1867 4292 μονῆς.
1892 4224 2116 4296 ἀφίησιν

533 4296 616 4351 ιτι
659 4297 873 4362 πλείους
920 4299 1162 4371 ἡμέρας,
1209 4300 1306 4370 οὐχ
1356 4300 1443 4354 ἶνα
1492 4300 1783 4369 διαπαντὸς
1831 4305 1979 4361 ἔνδον
2018 4310 2117 4380 μέ-

532 4397 719 4443 νωσιν,
746 4382 863 4436 ἀλλ’
889 4381 975 4435 ίνα
1005 4383 1289 4450 παγέντων
1318 4384 1500 4449 αὐτοῖς
1530 4385 1713 4450 καλῶς
1740 4390 1848 4445 τῶν
1874 4392 2111 4463 πτερῶν,

532 4467 630 4519 καὶ
660 4466 761 4535 τῆς
798 4465 981 4536 ίσχύος
1016 4466 1459 4537 προσγενομένης
1497 4469 1737 4539 ἀπάσης,
1772 4474 1911 4542 μετὰ
1938 4476 2115 4544 ἀσφα-

532 4548 683 4612 λείας
712 4548 897 4601 λοιπὺν
927 4548 1027 4618 τῆς
1062 4550 1312 4619 πτήσεως
1352 4549 1601 4620 ἔχωνται.
1634 4553 1790 4608 Οῦτω
1819 4557 1911 4611 καὶ
1942 4561 1970 4611 6
2004 4559 2115 4612 Κύ-

535 4650 651 4705 ριος
677 4631 835 4702 ήμῶν
864 4630 924 4696 ἐξ
949 4632 1125 4704 ἀρχῆς
1154 4631 1255 4702 μὲν
1286 4627 1465 4687 εἷλκεν
1494 4636 1588 4689 ἐπὶ
1612 4636 1704 4690 τὸν
1736 4639 1987 4711 οὐρανὸν,
2019 4646 2113 4697 καὶ

531 4715 632 4788 τὴν
678 4716 795 4768 ἐκεῖ
826 4715 1095 4786 φέρουσαν
1137 4715 1258 4769 ὁδὸν
1304 4715 1536 4783 ἐδείκνυ,
1582 4720 1685 4773 οὐκ
1728 4722 1939 4790 ἀγνοῶν
1991 4727 2111 4796 μὲν,

534 4799 672 4855 ἀλλά
701 4800 794 4854 καλ⁵
824 4800 1028 4872 σφόδρα
1058 4800 1235 4865 εἰδὼς,
1261 4802 1343 4855 ὅτι
1372 4802 1474 4855 οὐκ
1501 4803 1808 4875 ἀρκέσομεν
1841 4807 1975 4879 πρὸς
2013 4812 2112 4881 τὴν

534 4884 734 4954 πτῆσιν
786 4883 1022 4955 ἐκείνην,
1064 4884 1234 4948 δεῖξαι
1267 4883 1326 4937 δὲ
1374 4886 1505 4957 ἡμῖν
1537 4886 1881 4958 βουλόμενος,
1921 4892 2005 4945 ὅτι
2050 4894 2109 4947 οὐ

530 4967 685 5038 παρὰ
716 4965 816 5037 τὴν
844 4966 1008 5020 αὐτοῦ
1042 4965 1315 5038 βούλησιν,
1352 4968 1490 5022 ἀλλά
1534 4970 1683 5043 παρά
1710 4970 1807 5043 τὴν
1838 4975 2113 5047 ἡμετέραν

531 5052 818 5105 ἀσθένειαν
865 5049 927 5103 τὸ
976 5048 1178 5121 πτῶμα
1232 5050 1464 5118 γίνεται.
1515 5052 1732 5124 Ἐπειδὴ
1785 5055 1842 5109 δὲ
1889 5057 2108 5125 ἔδειξεν,

529 5133 673 5188 οῦτω
726 5132 911 5189 λοιπὸν
964 5132 1189 5204 ἀφίησιν
1232 5132 1421 5206 ῶσπερ
1470 5136 1530 5188 ἐν
1577 5135 1742 5208 καλιᾷ
1795 5137 1872 5207 τῷ
1922 5140 2112 5211 κόσμῳ

529 5218 705 5289 τούτῳ
734 5219 829 5272 καὶ
855 5216 934 5287 τῷ
961 5217 1124 5288 γάμῳ
1166 5218 1462 5289 τρέφεσθαι
1498 5219 1689 5290 χρόνον
1718 5220 1905 5275 πολύν.
1944 5223 2030 5286 Ὠς
2054 5224 2111 5278 δὲ

535 5304 663 5373 ἡμῖν
689 5303 746 5355 ἐν
786 5301 863 5373 τῷ
890 5300 1070 5372 πολλῷ
1102 5302 1281 5375 χρόνῳ
1311 5302 1380 5355 τὰ
1412 5302 1512 5373 τῆς
1545 5303 1746 5376 ἀρετῆς
1771 5306 1872 5375 ἔφυ
1912 5308 2103 5378 πτερὰ,

528 5383 659 5445 τότε,
693 5384 875 5456 ἠρέμα
904 5384 1000 5438 καὶ
1028 5384 1170 5438 κατά
1202 5385 1398 5456 μικρὸν
1434 5384 1604 5440 ἐλθὼν
1633 5386 1867 5459 ἐξήγαγε
1896 5390 1997 5459 τῆς
2023 5392 2109 5444 ἐν·

527 5465 703 5521 ταῦθα
738 5467 928 5537 μονῆς,
959 5466 1225 5521 διδάσκων
1263 5467 1570 5540 ὑψηλότερα
1600 5469 1887 5527 πέτασθαι.
1917 5474 1979 5525 Οί
2010 5473 2109 5543 μὲν

526 5545 622 5605 οὖν
650 5548 731 5603 ἐτι
758 5549 1094 5624 νωθρότερον
1121 5551 1476 5621 διακείμενοι,
1507 5553 1602 5606 καὶ
1627 5552 1720 5605 τὸν
1748 5553 1915 5624 βαθὺν
1942 5553 2108 5611 ῦπνον

527 5633 897 5698 καθεύδοντες,
928 5634 1394 5708 ἐμφιλοχωροῦσιν
1434 5634 1516 5688 ἔτι
1553 5638 1619 5707 τῇ
1650 5636 1836 5709 καλιᾷ,
1867 5641 1978 5704 τοῖς
2013 5641 2106 5695 τοῦ

529 5719 733 5789 κόσμου
770 5717 1187 5790 προσηλωμένοι
1215 5719 1565 5791 πράγμασιν·
1595 5720 1646 5773 οί
1671 5721 1730 5774 δὲ
1776 5722 1945 5786 ὅντως
1984 5739 2100 5790 γεν-

527 5805 684 5866 ναῖοι,
725 5801 819 5855 καὶ
858 5798 954 5854 τοῦ
996 5802 1173 5870 φωτὸς
1203 5800 1465 5873 ἐρασταὶ,
1512 5803 1651 5874 μετά
1699 5803 1900 5873 πολλῆς
1943 5806 2102 5860 εὐκο-

526 5886 642 5950 λίας
666 5885 894 5955 ἀφέντες
921 5882 1109 5956 αὐτήν,
1136 5885 1271 5961 πρὸς
1300 5885 1368 5940 τὰ
1408 5884 1657 5962 μετέωρα
1691 5888 1971 5954 πέτανται,
2004 5893 2097 5945 καὶ

2236 542 2372 595 ἀλλα
2398 543 2578 595 πάντα
2597 543 2698 595 ὅσα
2727 541 2864 611 πρὸς
2893 540 2993 610 τὴν
3024 539 3127 609 γῆν
3158 539 3307 609 ἡμᾶς
3333 536 3621 591 καθέλκειν
3644 537 3826 596 εἴωθε.

2234 620 2327 697 Μὴ
2358 625 2538 679 τοίνυν
2569 625 2667 694 τὴν
2712 624 2772 689 ἐξ
2814 623 2990 694 ἀρχῆς
3036 621 3336 692 γενομένην
3380 619 3682 691 ἐπιτροπὴν
3729 622 3826 676 τοῦ

2235 709 2438 779 γάμου,
2463 708 2668 779 ταύτην
2696 706 2944 777 ἀνάγκην
2974 707 3054 769 είς
3079 705 3141 758 τὸ
3171 704 3300 774 ἐξῆς
3324 699 3466 758 εἶναι
3490 703 3849 775 νομίζωμενρ

2235 791 2553 845 κωλύουσαν
2603 791 2910 859 ἀναχωρεῖν
2967 787 3062 841 τοῦ
3116 787 3328 858 γάμου·
3380 787 3463 840 ὅτι
3517 787 3629 859 γάρ
3677 789 3829 857 ἡμᾶς

2235 875 2397 927 αὐτὸν
2434 876 2653 943 ἀφεῖναι
2695 872 2977 943 βούλεται,
3018 870 3253 925 ἄκουσον
3296 870 3348 923 τί
3390 887 3583 941 φησιν·
3630 871 3685 923 '0
3723 870 3832 926 δυ-

2233 958 2493 1026 νάμενος
2525 956 2738 1026 χωρεῖν
2772 954 3050 1025 χωρείτω.
3081 955 3145 1007 El
3182 954 3239 1007 δέ
3280 953 3354 1025 μὴ
3402 953 3555 1025 παρά
3584 951 3684 1025 τὴν
3727 958 3830 1026 ἀρδ

2233 1039 2332 1110 χὴν
2372 1040 2529 1094 τοῦτο
2562 1038 2812 1106 ἐπέταξε,
2854 1038 2931 1109 μὴ
2959 1036 3266 1109 θαυμάσῃς.
3315 1037 3451 1091 υύδέ
3498 1035 3608 1108 γὰρ
3644 1038 3826 1110 ἰατρὸς

2235 1123 2412 1175 πάντα
2464 1124 2554 1192 ὐφ’
2596 1121 2655 1175 ιν
2706 1124 2820 1187 τοῖς
2873 1121 3146 1191 κάμνουσι
3184 1121 3280 1174 καὶ
3324 1119 3468 1173 κατά
3516 1120 3610 1173 τὸν
3660 1121 3821 1175 αὐτὸν

2234 1216 2428 1277 καιρόν
2462 1207 2813 1279 προστάττει,
2844 1205 2961 1258 ἀλλ’
2994 1205 3124 1259 ὅταν
3170 1204 3268 1275 μὲν
3298 1203 3404 1257 ὐπὸ
3443 1202 3536 1257 τοῦ
3584 1204 3811 1277 πυρετοῦ

2234 1289 2593 1359 κατέχωνται,
2639 1289 2740 1361 τῆς
2775 1289 3000 1362 στερεᾶς
3038 1288 3239 1350 αὐτοὺς
3292 1287 3549 1357 ἀπείργει
3576 1288 3814 1358 τροφῆς·

2232 1372 2361 1428 ὅταν
2385 1374 2442 1427 δὲ
2476 1373 2789 1428 ἀποθῶνται
2817 1374 2993 1426 ἐκεῖνο
3024 1371 3086 1424 τὸ
3126 1370 3238 1441 πῦρ
3272 1371 3368 1423 καὶ
3401 1371 3500 1442 τὴν
3532 1372 3629 1423 ἀπ’
3655 1370 3821 1425 αὐτοῦ

2231 1455 2310 1527 τῷ
2359 1457 2573 1525 σώματι
2626 1455 3071 1527 προσγενομένην
3109 1454 3416 1519 ἀσθένειαν,
3465 1454 3587 1508 τότε
3634 1454 3823 1507 λοιπὸν

2231 1539 2547 1607 ἀπαλλάξας
2586 1541 2785 1604 αὐτοὺς
2828 1539 2938 1591 τῶν
2976 1536 3327 1608 δυσαρέστων
3365 1536 3551 1590 σιτίων
3600 1537 3695 1590 ἐπὶ
3721 1537 3824 1608 τὴν

2233 1623 2434 1694 συνήθη
2477 1624 2635 1695 φέρει
2668 1623 2899 1685 δίαιταν.
2930 1622 3143 1691 Ὥσπερ
3171 1620 3229 1673 δὲ
3268 1622 3326 1674 ἐν
3358 1624 3471 1685 τοῖς
3500 1620 3717 1693 σώμασι
3752 1621 3824 1675 τά

2233 1710 2473 1777 στοιχεῖα
2524 1707 2662 1779 πρὸς
2708 1706 2915 1778 ἄλληλα
2969 1702 3330 1769 στασιάζοντα
3366 1705 3509 1759 κατὰ
3544 1706 3606 1759 τὸ
3658 1705 3822 1759 πλέον

2230 1789 2262 1860 ἢ
2294 1789 2518 1843 ἔλαττον
2550 1789 2650 1861 τὴν
2684 1790 2839 1843 νόσον
2892 1788 3208 1861 ἐργάζεται,
3239 1788 3383 1842 οὕτω
3429 1790 3525 1844 καὶ
3574 1790 3670 1844 ἐπὶ
3718 1791 3822 1856 τῆς

2228 1873 2409 1944 ψυχῆς
2458 1874 2515 1928 αἱ
2570 1873 2677 1927 τῶν
2736 1872 2925 1927 παθῶν
2979 1873 3241 1944 ἀμετρίαι
3295 1873 3669 1946 διαφθείρουσι
3720 1873 3822 1944 τὴν

2230 1958 2442 2025 ὐγίειαν
2480 1957 2683 2028 αὐτῆς·
2719 1959 2812 2011 καὶ
2857 1956 2941 2010 δεῖ
2975 1957 3212 2027 μάλιστα
3256 1955 3450 2029 καιροῦ
3497 1956 3590 2009 τοῦ
3624 1956 3823 2010 καταλο

2228 2040 2405 2111 λήλως
2426 2043 2538 2104 τοῖς
2555 2040 2941 2111 ὑποκειμένοις
2964 2038 3194 2093 πάθεσιν
3212 2039 3356 2110 ἔχειν
3379 2039 3440 2093 τὸ
3464 2039 3817 2111 πρόσταγμα,

2228 2123 2304 2187 ῶς
2335 2122 2540 2175 τούτων
2573 2122 2703 2176 ἄνευ
2749 2121 3077 2193 ἀμφοτέρων
3114 2123 3215 2176 οὐκ
3254 2121 3321 2175 ἂν
3360 2122 3615 2193 ἀρκέσειε
3653 2124 3818 2194 νόμος

2228 2204 2350 2258 καθ’
2392 2205 2585 2259 ἐαυτὸν
2630 2204 2923 2277 διορθῶσαι
2973 2206 3072 2275 τὴν
3114 2206 3172 2257 ἐν
3204 2207 3273 2276 τῇ
3322 2205 3468 2276 ψυχῇ
3518 2204 3819 2276 γενομένην

2224 2289 2580 2361 διαστροφὴν,
2607 2289 2798 2360 ῶσπερ
2829 2286 2923 2343 οὐν
2959 2289 3083 2344 οὐδέ
3112 2290 3146 2361 ή
3170 2288 3279 2342 τῶν
3309 2289 3614 2361 φαρμάκων
3654 2287 3817 2357 φύσις

2226 2373 2365 2445 αὐτὴ
2410 2373 2532 2427 καθ’
2577 2374 2776 2444 ἐαυτὴν
2812 2372 3016 2428 δύναιτ’
3057 2373 3124 2428 ἂν
3163 2372 3321 2437 ἐλκος
3357 2373 3616 2443 ἀφανίσαι
3651 2374 3811 2427 ποτέ·

2225 2456 2362 2527 ὅπερ
2410 2457 2522 2527 γάρ
2568 2458 2662 2511 ἐπὶ
2709 2457 2819 2512 τῶν
2856 2458 3185 2531 τραυμάτων
3214 2457 3285 2511 τά
3330 2459 3617 2530 φάρμακα,
3658 2457 3818 2511 τοῦτο

2226 2541 2320 2594 ἐπὶ
2361 2541 2471 2595 τῶν
2506 2543 2923 2612 ἁμαρτημάτων
2960 2544 3011 2596 οἱ
3048 2542 3225 2611 νόμοι.
3264 2542 3337 2595 Σὺ
3383 2541 3439 2595 δὲ
3481 2542 3662 2611 ἰατρὸν
3719 2541 3817 2594 νῦν

2229 2626 2328 2696 μὲν
2377 2625 2681 2697 τέμνοντα,
2727 2624 2823 2679 νῦν
2880 2626 2939 2678 δὲ
2986 2626 3231 2691 καίοντα,
3283 2623 3378 2678 νῦν
3427 2625 3487 2678 δὲ
3533 2624 3818 2695 οὐδέτερον

2223 2708 2431 2763 τούτων
2477 2708 2736 2763 ποιοῦντα
2773 2710 2867 2763 ἐπὶ
2906 2709 3014 2763 τῶν
3047 2708 3228 2763 αὐτῶν
3267 2707 3527 2771 πολλάκις
3556 2707 3814 2778 τραυμάο

2222 2811 2352 2857 των,
2378 2793 2440 2848 οὐ
2479 2793 2977 2865 πολυπραγμονεῖς,
3012 2794 3106 2847 καὶ
3151 2793 3324 2848 ταῦτα
3369 2792 3629 2856 πολλάκις
3657 2790 3816 2865 [282]

2224 2877 2606 2947 ἀποσφαλέντα
2632 2879 2726 2932 τοῦ
2770 2879 2986 2943 τέλους·
3021 2879 3113 2932 τὸν
3143 2879 3200 2933 δέ
3226 2878 3359 2932 Θεὸν
3398 2877 3685 2947 ἄνθρωπος
3712 2877 3815 2939 ῶν,

2222 2962 2312 3016 τὸν
2335 2962 2572 3035 οὐδαμοῦ
2605 2964 2704 3036 μὲν
2729 2964 3167 3036 διαμαρτάνοντα
3186 3003 3201 3027 ,
3233 2964 3411 3018 πάντα
3435 2961 3491 3015 δὲ
3523 2960 3687 3028 ἀξίως
3712 2961 3819 3031 τῆς

2222 3046 2428 3111 οἰκείας
2471 3047 2857 3119 οίκονομοῦντα
2906 3048 3132 3117 σοφίας,
3179 3047 3541 3119 περιεργάσῃ,
3574 3045 3669 3098 καὶ
3705 3043 3819 3097 τῶν

2223 3132 2665 3203 προσταγμάτων
2691 3131 2922 3196 εὐθύνας
2957 3132 3301 3204 ἀπαιτήσεις,
3337 3129 3432 3183 καὶ
3458 3129 3519 3181 οὐ
3552 3144 3818 3199 παραχω-

2227 3217 2413 3286 ρήσεις
2442 3215 2520 3286 τῷ
2540 3216 2641 3287 τῆς
2674 3216 2864 3286 σοφίας
2893 3215 3136 3287 ἀπείρως
3170 3214 3282 3267 Καὶ
3313 3212 3432 3276 πῶς
3452 3212 3551 3265 οὐκ
3575 3212 3821 3282 ἐσχάτης

2221 3299 2396 3355 ταῦτα
2430 3299 2854 3373 παραπληξίαςς
2902 3296 3093 3361 Εἶπεν,
3127 3296 3478 3363 Αὐξάνεσθε
3511 3295 3608 3350 καὶ
3654 3298 3819 3363 πλη·-

2222 3386 2498 3440 θιίνεσθε.
2534 3384 2705 3439 Τοῦτο
2750 3384 2861 3457 γάρ
2903 3386 2932 3437 6
2963 3383 3153 3453 καιρὸς
3202 3381 3423 3453 ἀπῄτει.
3454 3382 3555 3451 τῆς
3597 3378 3822 3448 φύσεως

2225 3469 2580 3539 μαινομένης,
2610 3469 2705 3523 καὶ
2731 3469 2823 3522 τὸν
2862 3467 2972 3521 τῶν
3002 3466 3190 3521 παθῶν
3219 3461 3433 3537 οἶστρον
3468 3464 3543 3537 μὴ
3578 3464 3823 3535 δυναμέ-

2220 3569 2318 3621 νης
2352 3552 2617 3619 ἐνεγκεῖν,
2662 3551 2785 3606 οὐδὲ
2830 3549 3063 3622 ἐχούσης
3097 3552 3174 3614 είς
3221 3549 3408 3619 ἐτερόν
3453 3565 3573 3602 τινα
3615 3547 3824 3618 λιμένα

2220 3636 2563 3705 καταφυγεῖν
2612 3636 2671 3687 ἐν
2721 3635 2909 3706 ἐκείνῃ
2960 3638 3028 3706 τῇ
3077 3634 3234 3708 ζάλῃ.
3276 3633 3437 3687 Ἀλλά
3472 3633 3526 3686 τί
3568 3632 3823 3686 κελεύειν

2219 3719 2422 3791 ἐχρῆνς
2465 3721 2525 3772 ἐν
2568 3718 2867 3790 ἐγκρατείᾳ
2913 3720 3006 3771 καὶ
3041 3719 3310 3789 παρθενίᾳ
3357 3716 3599 3786 διάγειν;
3650 3715 3826 3769 Ἀλλὰ

2216 3802 2377 3857 τοῦτο
2410 3800 2594 3873 μεῖζον
2618 3801 2685 3856 ἀν
2707 3802 2770 3855 τὸ
2796 3802 2997 3873 πτῶμα
3023 3802 3342 3874 εἰργάσατο,
3374 3803 3470 3855 καὶ
3497 3800 3595 3873 τὴν
3634 3800 3827 3872 φλόγα

2219 3884 2580 3959 σφοδροτέραν
2617 3885 2864 3955 ἐποίησε.
2892 3886 3003 3938 Καὶ
3038 3886 3149 3957 γάρ
3173 3886 3300 3949 τούς
3333 3884 3607 3953 γάλακτος
3644 3884 3824 3956 μόνου

2216 3969 2504 4040 δεομένους
2532 3968 2727 4034 παῖδας
2752 3972 2803 4023 εἰ
2838 3986 2921 4033 τις
2956 3970 3173 4042 ἐκείνης
3222 3970 3524 4039 ἀπαγαγὼν
3556 3969 3657 4040 τῆς
3683 3985 3828 4042 τρο.

2217 4053 2345 4123 φῆςι
2374 4052 2475 4123 τῆς
2507 4051 2734 4124 ἀνδράσι
2764 4052 3148 4123 προσηκούσης
3187 4052 3489 4122 ἀναγκάζοι
3526 4052 3826 4123 μεταλαμ-

2217 4136 2421 4199 δάνειν,
2450 4136 2601 4190 οὐδὲν
2641 4135 2702 4188 τὸ
2745 4135 2954 4189 κωλύον
3004 4137 3201 4202 αὐτοὺς
3250 4137 3548 4191 ἀπολέσθαι
3579 4136 3819 4200 εὐθέως.

2217 4221 2481 4275 Τοσοῦτον
2515 4222 2548 4292 ἠ
2578 4220 2804 4292 ἀκαιρία
2830 4221 3020 4275 κακόν.
3051 4221 3148 4276 Διά
3197 4221 3374 4276 ταῦτα
3411 4220 3471 4287 ἐξ
3497 4221 3674 4293 ἀρχῆς
3703 4221 3819 4278 οὐκ

2217 4304 2372 4377 ἐδόθη
2408 4307 2441 4376 ή
2477 4303 2773 4377 παρθενία·
2804 4304 3003 4376 μᾶλλον
3031 4304 3088 4360 δέ
3116 4307 3150 4378 ἠ
3186 4306 3454 4379 παρθενία
3486 4306 3583 4377 μὲν
3613 4305 3673 4370 ἐξ
3704 4306 3817 4376 ἀρ-

2215 4388 2321 4460 χῆς
2349 4391 2446 4444 καὶ
2480 4388 2577 4443 τοῦ
2611 4390 2791 4461 γάμου
2823 4390 3064 4462 προτέρα
3102 4392 3238 4462 ἡμῖν
3274 4391 3476 4462 ἐφάνη·
3506 4389 3595 4443 διά
3627 4390 3816 4445 ταῦτα

2213 4472 2270 4525 δὲ
2291 4471 2609 4543 ἐπεισῆλθεν
2627 4472 2854 4543 ὓστερον
2869 4475 2897 4525 ὁ
2916 4474 3114 4542 γάμος,
3140 4473 3232 4526 καὶ
3255 4473 3485 4543 πρᾶγμα
3506 4473 3815 4538 ἀναγκαῖον

2214 4555 2497 4626 ἐνομίζετο
2522 4550 2683 4613 εἶναι,
2707 4555 2784 4617 ώς
2810 4554 2863 4606 εῖ
2892 4571 2956 4621 γε
2984 4555 3198 4625 ἔμεινεν
3228 4553 3515 4606 ὑπακούων
3546 4555 3574 4603 6
3606 4552 3808 4622 Ἀδὰμ,

2212 4637 2315 4691 οὐκ
2336 4637 2403 4691 ἂν
2426 4637 2614 4705 ἐδέησε
2638 4635 2849 4689 τούτου,
2871 4637 2981 4689 Καὶ
3006 4636 3122 4698 πῶς
3145 4634 3232 4700 ἃν,
3256 4634 3441 4705 φησὶν.
3464 4634 3520 4685 αἱ
3541 4632 3836 4715 τοσαῦται)

2218 4720 2475 4792 μυριάδες
2503 4720 2785 4787 ἐγένοντος
2823 4718 2965 4784 Ἐγὼ
3004 4717 3061 4769 δέ
3089 4734 3148 4771 σε
3188 4717 3349 4771 πάλιν
3377 4715 3585 4786 ἐρωτῶ.
3609 4715 3835 4789 ἐπειδή¹

2216 4820 2276 4857 σε
2306 4802 2511 4875 σφόδρα
2546 4802 2847 4875 παρέμεινε
2883 4799 3187 4853 κατασείων
3223 4793 3374 4862 οὗτος
3399 4800 3429 4851 6
3465 4798 3650 4868 φόϐος,
3683 4800 3811 4865 πῶς

2212 4888 2241 4940 6
2276 4885 2481 4957 Ἀδάμ,
2524 4885 2643 4949 πῶς
2679 4885 2735 4938 δὲ
2781 4886 2815 4954 ἡ
2849 4881 2997 4948 Εῦα,
3043 4882 3120 4955 μὴ
3171 4882 3543 4954 μεσιτεύοντος
3580 4881 3803 4953 γάμου;

2214 4968 2281 5020 Τί
2309 4966 2439 5035 ούνς
2491 4968 2686 5031 οὕτως,
2730 4969 2919 5039 φησὶν,
2966 4966 3193 5037 ἔμελλον
3239 4965 3478 5029 ἅπαντες
3521 4965 3806 5037 ἄνθρωποι

2213 5050 2487 5120 γίνεσθαι;
2534 5050 2658 5106 Εἴτε
2699 5051 2895 5116 οὔτως,
2924 5051 3033 5104 εἴτε
3065 5050 3287 5121 ἐτέρως,
3309 5048 3408 5101 οὐκ
3440 5048 3549 5119 ἔχω
3582 5048 3801 5116 λέγειν·

2211 5135 2272 5189 τὸ
2299 5136 2408 5209 γάρ
2448 5134 2777 5207 ζητούμενον
2806 5135 2921 5201 νῦν,
2959 5134 3041 5188 ὅτι
3069 5135 3247 5205 γάμου
3280 5134 3381 5186 οὐκ
3412 5132 3521 5186 ἔδει
3557 5131 3636 5202 τῷ
3675 5131 3805 5203 Θεῷ

2212 5220 2345 5289 πρὸς
2370 5220 2430 5274 τὸ
2454 5219 2681 5285 πολλοὺς
2699 5220 2925 5291 ποιῆσαι
2947 5220 3071 5282 τοὺς
3090 5218 3183 5272 ἐπὶ
3203 5218 3304 5288 τῆς
3326 5217 3431 5287 γῆς
3452 5215 3799 5288 ἀνθρώπους.

2283 5302 2388 5358 lll'.
2426 5304 2544 5358 Ὀτι
2569 5303 2626 5356 δὲ
2640 5305 2737 5374 οὐχ
2758 5305 2791 5374 ή
2820 5302 3091 5374 παρθενία
3114 5306 3258 5356 ποιεῖ
3280 5301 3341 5356 τὸ
3362 5301 3470 5355 τῶν
3490 5300 3805 5373 ἀνθρώπων

2209 5386 2366 5455 γένος
2414 5387 2708 5451 ἐπιλιπεῖν,
2740 5387 2854 5439 ἀλλ’
2883 5389 2917 5455 ή
2967 5387 3214 5458 ἀμαρτία
3246 5387 3341 5440 καὶ
3370 5385 3430 5441 αἱ
3457 5385 3647 5438 ἄτοποι
3699 5386 3804 5455 μί-

2211 5469 2342 5535 ξεις,
2390 5470 2586 5537 ἔδειξεν
2617 5472 2647 5523 6
2681 5472 2823 5525 κατά
2850 5472 2942 5525 τὸν
2980 5470 3105 5523 Νῶε
3153 5470 3445 5539 γενόμενος
3484 5470 3803 5541 ἀφανισμδς

2208 5553 2301 5607 καὶ
2336 5552 2637 5624 ἀνθρώπων
2672 5555 2767 5607 καὶ
2810 5553 3024 5626 κτηνῶν
3057 5553 3153 5609 καὶ
3195 5552 3413 5607 πάντων
3453 5550 3639 5616 ἁπλῶς
3682 5552 3800 5607 τῶν

2207 5637 2553 5706 ἐμπνεόντων
2591 5637 2685 5689 ἐπὶ
2716 5637 2815 5702 τῆς
2851 5638 2974 5708 γῆς.
3003 5637 3068 5690 El
3109 5637 3217 5709 γὰρ
3246 5636 3481 5707 ἔστησαν
3524 5634 3664 5704 πρὸς
3691 5636 3800 5705 τὴν

2210 5719 2409 5773 ἀτοπον
2435 5719 2557 5773 τότε
2592 5721 2887 5790 ἐπιθυμίαν
2913 5721 3132 5792 ἐκείνην
3160 5723 3212 5773 οἱ
3242 5720 3349 5773 υἱοὶ⁵
3374 5717 3471 5773 τοῦ
3500 5717 3657 5778 Θεοῦ,
3697 5722 3798 5773 καὶ

2210 5802 2308 5874 τὴν
2341 5804 2638 5875 παρθενίαν
2666 5804 2953 5875 ἐτίμησαν,
2979 5806 3027 5857 εἰ
3059 5804 3136 5875 μὴ
3174 5800 3313 5857 εἶδον
3341 5803 3545 5866 ἀδίκοις
3581 5801 3794 5874 ὄμμασι

2266 5905 2289 5932 ⁸
2315 5902 2437 5966 Reg.
2465 5900 2616 5951 πάντα
2635 5902 2693 5951 τὰ
2715 5907 2799 5962 τῆς
2818 5907 2904 5969 γῆς
2927 5903 3002 5951 ἰπὶ
3023 5909 3108 5966 γῆς
3132 5901 3299 5951 κοταλ.
