  <div class='ocr_page' id='page_1' title='image "/cluster/home/n/w/nwhite01/storage/ocr_20150623/48/hvd.32044073501892/024.png"; bbox 0 0 4056 6208; ppageno 0'>
   <div class='ocr_carea' id='block_1_1' title="bbox 218 241 337 275">
    <p class='ocr_par' dir='ltr' id='par_1_1' title="bbox 218 241 337 275">
     <span class='ocr_line' id='line_1_1' title="bbox 218 241 337 275; baseline 0.025 -3"><span class='ocrx_word' id='word_1_1' title='bbox 218 241 255 273; x_wconf 71' lang='grc' dir='ltr'><strong>ἒ)</strong></span> <span class='ocrx_word' id='word_1_2' title='bbox 274 242 337 275; x_wconf 67' lang='grc' dir='ltr'><strong>ιε.)</strong></span> 
     </span>
    </p>
   </div>
   <div class='ocr_carea' id='block_1_2' title="bbox 213 332 1819 399">
    <p class='ocr_par' dir='ltr' id='par_1_2' title="bbox 213 332 1819 399">
     <span class='ocr_line' id='line_1_2' title="bbox 213 332 1819 399; baseline 0 -11"><span class='ocrx_word' id='word_1_3' title='bbox 213 332 604 388; x_wconf 76' lang='lat' dir='ltr'><strong>imbecillitate</strong></span> <span class='ocrx_word' id='word_1_4' title='bbox 651 341 830 387; x_wconf 85' lang='lat' dir='ltr'><strong>nostra</strong></span> <span class='ocrx_word' id='word_1_5' title='bbox 877 333 1006 387; x_wconf 87' lang='lat' dir='ltr'><strong>facta</strong></span> <span class='ocrx_word' id='word_1_6' title='bbox 1037 334 1336 390; x_wconf 86' lang='lat' dir='ltr'><strong>necessaria</strong></span> <span class='ocrx_word' id='word_1_7' title='bbox 1367 344 1492 387; x_wconf 89' lang='lat' dir='ltr'><strong>sunt</strong></span> <span class='ocrx_word' id='word_1_8' title='bbox 1533 349 1652 389; x_wconf 91' lang='lat' dir='ltr'><strong>cum</strong></span> <span class='ocrx_word' id='word_1_9' title='bbox 1684 334 1819 399; x_wconf 72' lang='lat' dir='ltr'><strong>hrnc,</strong></span> 
     </span>
    </p>
   </div>
   <div class='ocr_carea' id='block_1_3' title="bbox 216 424 1823 493">
    <p class='ocr_par' dir='ltr' id='par_1_3' title="bbox 216 424 1823 493">
     <span class='ocr_line' id='line_1_3' title="bbox 216 424 1823 493; baseline -0.001 -15"><span class='ocrx_word' id='word_1_10' title='bbox 216 435 336 479; x_wconf 86' lang='lat' dir='ltr'><strong>tum</strong></span> <span class='ocrx_word' id='word_1_11' title='bbox 361 434 563 478; x_wconf 61' lang='lat' dir='ltr'><strong>extera</strong></span> <span class='ocrx_word' id='word_1_12' title='bbox 594 426 792 488; x_wconf 85' lang='lat' dir='ltr'><strong>omnia,</strong></span> <span class='ocrx_word' id='word_1_13' title='bbox 818 424 1031 492; x_wconf 87' lang='lat' dir='ltr'><strong>oppida,</strong></span> <span class='ocrx_word' id='word_1_14' title='bbox 1053 424 1300 491; x_wconf 84' lang='lat' dir='ltr'><strong>artificia,</strong></span> <span class='ocrx_word' id='word_1_15' title='bbox 1322 425 1547 480; x_wconf 88' lang='lat' dir='ltr'><strong>vestium</strong></span> <span class='ocrx_word' id='word_1_16' title='bbox 1579 426 1823 493; x_wconf 82' lang='lat' dir='ltr'><strong>amictus,</strong></span> 
     </span>
    </p>
   </div>
   <div class='ocr_carea' id='block_1_4' title="bbox 217 505 1824 583">
    <p class='ocr_par' dir='ltr' id='par_1_4' title="bbox 217 505 1824 583">
     <span class='ocr_line' id='line_1_4' title="bbox 217 505 1824 583; baseline 0.001 -14"><span class='ocrx_word' id='word_1_17' title='bbox 217 531 282 569; x_wconf 93' lang='lat' dir='ltr'><strong>ac</strong></span> <span class='ocrx_word' id='word_1_18' title='bbox 329 515 546 583; x_wconf 86' lang='lat' dir='ltr'><strong>reliqua</strong></span> <span class='ocrx_word' id='word_1_19' title='bbox 597 505 1018 568; x_wconf 71' lang='lat' dir='ltr'><strong>necessariorum</strong></span> <span class='ocrx_word' id='word_1_20' title='bbox 1065 517 1252 581; x_wconf 91' lang='lat' dir='ltr'><strong>turba;</strong></span> <span class='ocrx_word' id='word_1_21' title='bbox 1299 515 1413 570; x_wconf 69' lang='lat' dir='ltr'><strong>hinc</strong></span> <span class='ocrx_word' id='word_1_22' title='bbox 1457 517 1601 570; x_wconf 89' lang='lat' dir='ltr'><strong>enim</strong></span> <span class='ocrx_word' id='word_1_23' title='bbox 1634 528 1824 570; x_wconf 91' lang='lat' dir='ltr'><strong>cuncta</strong></span> 
     </span>
    </p>
   </div>
   <div class='ocr_carea' id='block_1_5' title="bbox 225 606 1826 678">
    <p class='ocr_par' dir='ltr' id='par_1_5' title="bbox 225 606 1826 678">
     <span class='ocr_line' id='line_1_5' title="bbox 225 606 1826 678; baseline 0.001 -17"><span class='ocrx_word' id='word_1_24' title='bbox 225 623 376 662; x_wconf 85' lang='lat' dir='ltr'><strong>mors</strong></span> <span class='ocrx_word' id='word_1_25' title='bbox 399 622 584 661; x_wconf 84' lang='lat' dir='ltr'><strong>secum</strong></span> <span class='ocrx_word' id='word_1_26' title='bbox 617 606 836 662; x_wconf 87' lang='lat' dir='ltr'><strong>trahens</strong></span> <span class='ocrx_word' id='word_1_27' title='bbox 861 608 1078 662; x_wconf 76' lang='lat' dir='ltr'><strong>invexit.</strong></span> <span class='ocrx_word' id='word_1_28' title='bbox 1102 607 1277 674; x_wconf 85' lang='lat' dir='ltr'><strong>Quare</strong></span> <span class='ocrx_word' id='word_1_29' title='bbox 1303 623 1402 663; x_wconf 88' lang='lat' dir='ltr'><strong>nec</strong></span> <span class='ocrx_word' id='word_1_30' title='bbox 1421 609 1560 678; x_wconf 90' lang='lat' dir='ltr'><strong>quod</strong></span> <span class='ocrx_word' id='word_1_31' title='bbox 1588 610 1826 664; x_wconf 86' lang='lat' dir='ltr'><strong>imbecil-</strong></span> 
     </span>
    </p>
   </div>
   <div class='ocr_carea' id='block_1_6' title="bbox 239 699 1822 772">
    <p class='ocr_par' dir='ltr' id='par_1_6' title="bbox 239 699 1822 772">
     <span class='ocr_line' id='line_1_6' title="bbox 239 699 1822 772; baseline 0.001 -18"><span class='ocrx_word' id='word_1_32' title='bbox 239 701 375 754; x_wconf 81' lang='lat' dir='ltr'><strong>\itati</strong></span> <span class='ocrx_word' id='word_1_33' title='bbox 400 709 491 753; x_wconf 78' lang='lat' dir='ltr'><strong>tua:</strong></span> <span class='ocrx_word' id='word_1_34' title='bbox 516 699 882 753; x_wconf 89' lang='lat' dir='ltr'><strong>condonatum</strong></span> <span class='ocrx_word' id='word_1_35' title='bbox 908 701 977 753; x_wconf 92' lang='lat' dir='ltr'><strong>sit</strong></span> <span class='ocrx_word' id='word_1_36' title='bbox 997 700 1282 770; x_wconf 87' lang='lat' dir='ltr'><strong>virginitati</strong></span> <span class='ocrx_word' id='word_1_37' title='bbox 1314 700 1505 770; x_wconf 65' lang='lat' dir='ltr'><strong>praefer</strong></span> <span class='ocrx_word' id='word_1_38' title='bbox 1531 719 1544 756; x_wconf 94' lang='lat'><strong>:</strong></span> <span class='ocrx_word' id='word_1_39' title='bbox 1574 702 1699 772; x_wconf 91' lang='lat' dir='ltr'><strong>quin</strong></span> <span class='ocrx_word' id='word_1_40' title='bbox 1725 717 1822 756; x_wconf 90' lang='lat' dir='ltr'><strong>nec</strong></span> 
     </span>
    </p>
   </div>
   <div class='ocr_carea' id='block_1_7' title="bbox 257 790 1823 863">
    <p class='ocr_par' dir='ltr' id='par_1_7' title="bbox 257 790 1823 863">
     <span class='ocr_line' id='line_1_7' title="bbox 257 790 1823 863; baseline 0.001 -19"><span class='ocrx_word' id='word_1_41' title='bbox 257 807 468 860; x_wconf 77' lang='lat' dir='ltr'><strong>exchua.</strong></span> <span class='ocrx_word' id='word_1_42' title='bbox 509 790 645 844; x_wconf 85' lang='lat' dir='ltr'><strong>Nam</strong></span> <span class='ocrx_word' id='word_1_43' title='bbox 689 791 788 844; x_wconf 86' lang='lat' dir='ltr'><strong>hac</strong></span> <span class='ocrx_word' id='word_1_44' title='bbox 813 790 1026 845; x_wconf 89' lang='lat' dir='ltr'><strong>demum</strong></span> <span class='ocrx_word' id='word_1_45' title='bbox 1053 793 1260 847; x_wconf 85' lang='lat' dir='ltr'><strong>ratione</strong></span> <span class='ocrx_word' id='word_1_46' title='bbox 1287 793 1418 848; x_wconf 90' lang='lat' dir='ltr'><strong>duas</strong></span> <span class='ocrx_word' id='word_1_47' title='bbox 1445 793 1602 848; x_wconf 91' lang='lat' dir='ltr'><strong>etiam</strong></span> <span class='ocrx_word' id='word_1_48' title='bbox 1633 793 1823 863; x_wconf 89' lang='lat' dir='ltr'><strong>conju-</strong></span> 
     </span>
    </p>
   </div>
   <div class='ocr_carea' id='block_1_8' title="bbox 249 883 1825 954">
    <p class='ocr_par' dir='ltr' id='par_1_8' title="bbox 249 883 1825 954">
     <span class='ocr_line' id='line_1_8' title="bbox 249 883 1825 954; baseline 0.001 -17"><span class='ocrx_word' id='word_1_49' title='bbox 249 900 328 951; x_wconf 74' lang='lat' dir='ltr'><strong>ges</strong></span> <span class='ocrx_word' id='word_1_50' title='bbox 347 883 565 946; x_wconf 84' lang='lat' dir='ltr'><strong>habere,</strong></span> <span class='ocrx_word' id='word_1_51' title='bbox 603 898 762 952; x_wconf 89' lang='lat' dir='ltr'><strong>quam</strong></span> <span class='ocrx_word' id='word_1_52' title='bbox 791 899 891 936; x_wconf 87' lang='lat' dir='ltr'><strong>una</strong></span> <span class='ocrx_word' id='word_1_53' title='bbox 934 893 1243 938; x_wconf 90' lang='lat' dir='ltr'><strong>contentum</strong></span> <span class='ocrx_word' id='word_1_54' title='bbox 1277 900 1417 948; x_wconf 89' lang='lat' dir='ltr'><strong>csse,</strong></span> <span class='ocrx_word' id='word_1_55' title='bbox 1465 894 1720 954; x_wconf 61' lang='lat' dir='ltr'><strong>praestare</strong></span> <span class='ocrx_word' id='word_1_56' title='bbox 1745 884 1825 939; x_wconf 84' lang='lat' dir='ltr'><strong>di-</strong></span> 
     </span>
    </p>
   </div>
   <div class='ocr_carea' id='block_1_9' title="bbox 236 973 1822 1044">
    <p class='ocr_par' dir='ltr' id='par_1_9' title="bbox 236 973 1822 1044">
     <span class='ocr_line' id='line_1_9' title="bbox 236 973 1822 1044; baseline 0.002 -16"><span class='ocrx_word' id='word_1_57' title='bbox 236 990 336 1040; x_wconf 75' lang='lat' dir='ltr'><strong>(es,</strong></span> <span class='ocrx_word' id='word_1_58' title='bbox 366 975 624 1044; x_wconf 89' lang='lat' dir='ltr'><strong>quoniam</strong></span> <span class='ocrx_word' id='word_1_59' title='bbox 653 973 705 1027; x_wconf 94' lang='lat' dir='ltr'><strong>id</strong></span> <span class='ocrx_word' id='word_1_60' title='bbox 731 973 892 1027; x_wconf 85' lang='lat' dir='ltr'><strong>Mosis</strong></span> <span class='ocrx_word' id='word_1_61' title='bbox 934 973 1052 1043; x_wconf 83' lang='lat' dir='ltr'><strong>lege</strong></span> <span class='ocrx_word' id='word_1_62' title='bbox 1096 975 1414 1044; x_wconf 87' lang='lat' dir='ltr'><strong>permissum</strong></span> <span class='ocrx_word' id='word_1_63' title='bbox 1445 985 1592 1041; x_wconf 89' lang='lat' dir='ltr'><strong>erat;</strong></span> <span class='ocrx_word' id='word_1_64' title='bbox 1640 977 1822 1044; x_wconf 81' lang='lat' dir='ltr'><strong>siCquc</strong></span> 
     </span>
    </p>
   </div>
   <div class='ocr_carea' id='block_1_10' title="bbox 232 1063 1820 1137">
    <p class='ocr_par' dir='ltr' id='par_1_10' title="bbox 232 1063 1820 1137">
     <span class='ocr_line' id='line_1_10' title="bbox 232 1063 1820 1137; baseline 0.003 -20"><span class='ocrx_word' id='word_1_65' title='bbox 232 1063 442 1118; x_wconf 77' lang='lat' dir='ltr'><strong>divitias</strong></span> <span class='ocrx_word' id='word_1_66' title='bbox 463 1079 622 1133; x_wconf 91' lang='lat' dir='ltr'><strong>quam</strong></span> <span class='ocrx_word' id='word_1_67' title='bbox 644 1063 995 1119; x_wconf 79' lang='lat' dir='ltr'><strong>voluntariam</strong></span> <span class='ocrx_word' id='word_1_68' title='bbox 1018 1075 1404 1135; x_wconf 85' lang='lat' dir='ltr'><strong>paupertatem,</strong></span> <span class='ocrx_word' id='word_1_69' title='bbox 1423 1066 1642 1121; x_wconf 87' lang='lat' dir='ltr'><strong>delicias</strong></span> <span class='ocrx_word' id='word_1_70' title='bbox 1662 1069 1820 1137; x_wconf 88' lang='lat' dir='ltr'><strong>quam</strong></span> 
     </span>
    </p>
   </div>
   <div class='ocr_carea' id='block_1_11' title="bbox 222 1154 1822 1236">
    <p class='ocr_par' dir='ltr' id='par_1_11' title="bbox 222 1154 1822 1236">
     <span class='ocr_line' id='line_1_11' title="bbox 222 1154 1822 1236; baseline 0.004 -28"><span class='ocrx_word' id='word_1_71' title='bbox 222 1154 615 1223; x_wconf 79' lang='lat' dir='ltr'><strong>frugalitatem,</strong></span> <span class='ocrx_word' id='word_1_72' title='bbox 640 1156 881 1225; x_wconf 88' lang='lat' dir='ltr'><strong>iujuriam</strong></span> <span class='ocrx_word' id='word_1_73' title='bbox 907 1157 1088 1212; x_wconf 89' lang='lat' dir='ltr'><strong>ulcisci</strong></span> <span class='ocrx_word' id='word_1_74' title='bbox 1119 1173 1276 1227; x_wconf 81' lang='lat' dir='ltr'><strong>quam</strong></span> <span class='ocrx_word' id='word_1_75' title='bbox 1303 1157 1513 1236; x_wconf 71' lang='lat' dir='ltr'><strong>fortiter</strong></span> <span class='ocrx_word' id='word_1_76' title='bbox 1541 1159 1698 1226; x_wconf 90' lang='lat' dir='ltr'><strong>ferre,</strong></span> <span class='ocrx_word' id='word_1_77' title='bbox 1727 1176 1822 1230; x_wconf 84' lang='lat' dir='ltr'><strong>po-</strong></span> 
     </span>
    </p>
   </div>
   <div class='ocr_carea' id='block_1_12' title="bbox 223 1248 553 1303">
    <p class='ocr_par' dir='ltr' id='par_1_12' title="bbox 223 1248 553 1303">
     <span class='ocr_line' id='line_1_12' title="bbox 223 1248 553 1303; baseline 0.009 -3"><span class='ocrx_word' id='word_1_78' title='bbox 223 1248 329 1300; x_wconf 80' lang='lat' dir='ltr'><strong>tius</strong></span> <span class='ocrx_word' id='word_1_79' title='bbox 361 1248 553 1303; x_wconf 86' lang='lat' dir='ltr'><strong>duces.</strong></span> 
     </span>
    </p>
   </div>
   <div class='ocr_carea' id='block_1_13' title="bbox 299 1338 1816 1412">
    <p class='ocr_par' dir='ltr' id='par_1_13' title="bbox 299 1338 1816 1412">
     <span class='ocr_line' id='line_1_13' title="bbox 299 1338 1816 1412; baseline 0.005 -20"><span class='ocrx_word' id='word_1_80' title='bbox 299 1338 444 1392; x_wconf 73' lang='lat' dir='ltr'><strong>XVI.</strong></span> <span class='ocrx_word' id='word_1_81' title='bbox 492 1338 870 1392; x_wconf 78' lang='lat' dir='ltr'><strong>Matrimonium</strong></span> <span class='ocrx_word' id='word_1_82' title='bbox 913 1341 1237 1412; x_wconf 77' lang='lat' dir='ltr'><strong>indulgentia:</strong></span> <span class='ocrx_word' id='word_1_83' title='bbox 1277 1360 1405 1397; x_wconf 82' lang='lat' dir='ltr'><strong>esse.</strong></span> <span class='ocrx_word' id='word_1_84' title='bbox 1446 1374 1517 1384; x_wconf 91' lang='lat'><strong><em>—</em></strong></span> <span class='ocrx_word' id='word_1_85' title='bbox 1555 1345 1633 1398; x_wconf 91' lang='lat' dir='ltr'><strong>Tu</strong></span> <span class='ocrx_word' id='word_1_86' title='bbox 1665 1360 1816 1411; x_wconf 84' lang='lat' dir='ltr'><strong>vero,</strong></span> 
     </span>
    </p>
   </div>
   <div class='ocr_carea' id='block_1_14' title="bbox 222 1429 1817 1504">
    <p class='ocr_par' dir='ltr' id='par_1_14' title="bbox 222 1429 1817 1504">
     <span class='ocr_line' id='line_1_14' title="bbox 222 1429 1817 1504; baseline 0.006 -23"><span class='ocrx_word' id='word_1_87' title='bbox 222 1429 434 1498; x_wconf 80' lang='lat' dir='ltr'><strong>inquit,</strong></span> <span class='ocrx_word' id='word_1_88' title='bbox 478 1429 592 1484; x_wconf 70' lang='lat' dir='ltr'><strong>hinc</strong></span> <span class='ocrx_word' id='word_1_89' title='bbox 621 1429 905 1498; x_wconf 85' lang='lat' dir='ltr'><strong>improbas.</strong></span> <span class='ocrx_word' id='word_1_90' title='bbox 937 1431 1191 1501; x_wconf 85' lang='lat' dir='ltr'><strong>Equidem</strong></span> <span class='ocrx_word' id='word_1_91' title='bbox 1224 1447 1328 1486; x_wconf 91' lang='lat' dir='ltr'><strong>nou</strong></span> <span class='ocrx_word' id='word_1_92' title='bbox 1360 1433 1604 1504; x_wconf 89' lang='lat' dir='ltr'><strong>improbo</strong></span> <span class='ocrx_word' id='word_1_93' title='bbox 1640 1454 1652 1488; x_wconf 88' lang='lat'>:</span> <span class='ocrx_word' id='word_1_94' title='bbox 1695 1453 1817 1491; x_wconf 90' lang='lat' dir='ltr'><strong>nam</strong></span> 
     </span>
    </p>
   </div>
   <div class='ocr_carea' id='block_1_15' title="bbox 219 1521 1818 1594">
    <p class='ocr_par' dir='ltr' id='par_1_15' title="bbox 219 1521 1818 1594">
     <span class='ocr_line' id='line_1_15' title="bbox 219 1521 1818 1594; baseline 0.004 -19"><span class='ocrx_word' id='word_1_95' title='bbox 219 1535 287 1575; x_wconf 85' lang='lat' dir='ltr'><strong>ea</strong></span> <span class='ocrx_word' id='word_1_96' title='bbox 319 1530 376 1574; x_wconf 89' lang='lat' dir='ltr'><strong>et</strong></span> <span class='ocrx_word' id='word_1_97' title='bbox 408 1521 550 1574; x_wconf 90' lang='lat' dir='ltr'><strong>Deus</strong></span> <span class='ocrx_word' id='word_1_98' title='bbox 571 1522 858 1586; x_wconf 86' lang='lat' dir='ltr'><strong>concessit,</strong></span> <span class='ocrx_word' id='word_1_99' title='bbox 884 1532 936 1576; x_wconf 90' lang='lat' dir='ltr'><strong>et</strong></span> <span class='ocrx_word' id='word_1_100' title='bbox 962 1533 1114 1576; x_wconf 88' lang='lat' dir='ltr'><strong>erant</strong></span> <span class='ocrx_word' id='word_1_101' title='bbox 1138 1539 1234 1577; x_wconf 92' lang='lat' dir='ltr'><strong>suo</strong></span> <span class='ocrx_word' id='word_1_102' title='bbox 1259 1533 1498 1594; x_wconf 88' lang='lat' dir='ltr'><strong>tempore</strong></span> <span class='ocrx_word' id='word_1_103' title='bbox 1523 1527 1668 1579; x_wconf 88' lang='lat' dir='ltr'><strong>utilia</strong></span> <span class='ocrx_word' id='word_1_104' title='bbox 1690 1544 1704 1580; x_wconf 92' lang='lat'><strong>:</strong></span> <span class='ocrx_word' id='word_1_105' title='bbox 1724 1527 1818 1581; x_wconf 90' lang='lat' dir='ltr'><strong>sed</strong></span> 
     </span>
    </p>
   </div>
   <div class='ocr_carea' id='block_1_16' title="bbox 217 1609 1820 1684">
    <p class='ocr_par' dir='ltr' id='par_1_16' title="bbox 217 1609 1820 1684">
     <span class='ocr_line' id='line_1_16' title="bbox 217 1609 1820 1684; baseline 0.007 -22"><span class='ocrx_word' id='word_1_106' title='bbox 217 1609 367 1664; x_wconf 82' lang='lat' dir='ltr'><strong>levia</strong></span> <span class='ocrx_word' id='word_1_107' title='bbox 396 1627 613 1677; x_wconf 87' lang='lat' dir='ltr'><strong>censeo,</strong></span> <span class='ocrx_word' id='word_1_108' title='bbox 636 1621 691 1665; x_wconf 89' lang='lat' dir='ltr'><strong>et</strong></span> <span class='ocrx_word' id='word_1_109' title='bbox 719 1629 1002 1680; x_wconf 90' lang='lat' dir='ltr'><strong>puerorum</strong></span> <span class='ocrx_word' id='word_1_110' title='bbox 1032 1616 1201 1684; x_wconf 89' lang='lat' dir='ltr'><strong>magis</strong></span> <span class='ocrx_word' id='word_1_111' title='bbox 1221 1631 1377 1684; x_wconf 89' lang='lat' dir='ltr'><strong>quam</strong></span> <span class='ocrx_word' id='word_1_112' title='bbox 1406 1617 1642 1672; x_wconf 89' lang='lat' dir='ltr'><strong>virorum</strong></span> <span class='ocrx_word' id='word_1_113' title='bbox 1674 1629 1820 1674; x_wconf 88' lang='lat' dir='ltr'><strong>recte</strong></span> 
     </span>
    </p>
   </div>
   <div class='ocr_carea' id='block_1_17' title="bbox 221 1699 1820 1776">
    <p class='ocr_par' dir='ltr' id='par_1_17' title="bbox 221 1699 1820 1776">
     <span class='ocr_line' id='line_1_17' title="bbox 221 1699 1820 1776; baseline 0.011 -27"><span class='ocrx_word' id='word_1_114' title='bbox 221 1699 386 1754; x_wconf 83' lang='lat' dir='ltr'><strong>facta.</strong></span> <span class='ocrx_word' id='word_1_115' title='bbox 423 1701 653 1772; x_wconf 89' lang='lat' dir='ltr'><strong>Ideoque</strong></span> <span class='ocrx_word' id='word_1_116' title='bbox 674 1702 917 1757; x_wconf 85' lang='lat' dir='ltr'><strong>Christus</strong></span> <span class='ocrx_word' id='word_1_117' title='bbox 944 1705 1130 1759; x_wconf 87' lang='lat' dir='ltr'><strong>volens</strong></span> <span class='ocrx_word' id='word_1_118' title='bbox 1156 1721 1254 1761; x_wconf 87' lang='lat' dir='ltr'><strong>nos</strong></span> <span class='ocrx_word' id='word_1_119' title='bbox 1295 1707 1562 1776; x_wconf 89' lang='lat' dir='ltr'><strong>perfectos</strong></span> <span class='ocrx_word' id='word_1_120' title='bbox 1591 1710 1820 1767; x_wconf 80' lang='lat' dir='ltr'><strong>reddere</strong></span> 
     </span>
    </p>
   </div>
   <div class='ocr_carea' id='block_1_18' title="bbox 219 1800 1819 1876">
    <p class='ocr_par' dir='ltr' id='par_1_18' title="bbox 219 1800 1819 1876">
     <span class='ocr_line' id='line_1_18' title="bbox 219 1800 1819 1876; baseline 0.006 -24"><span class='ocrx_word' id='word_1_121' title='bbox 219 1800 506 1868; x_wconf 85' lang='lat' dir='ltr'><strong>jussitbis,</strong></span> <span class='ocrx_word' id='word_1_122' title='bbox 528 1809 800 1870; x_wconf 85' lang='lat' dir='ltr'><strong>tamquam</strong></span> <span class='ocrx_word' id='word_1_123' title='bbox 820 1803 1120 1872; x_wconf 89' lang='lat' dir='ltr'><strong>puerilibus</strong></span> <span class='ocrx_word' id='word_1_124' title='bbox 1131 1805 1819 1876; x_wconf 72' lang='lat' dir='ltr'><strong>vestibus,detraclis,qu:£</strong></span> 
     </span>
    </p>
   </div>
   <div class='ocr_carea' id='block_1_19' title="bbox 224 1893 1815 1967">
    <p class='ocr_par' dir='ltr' id='par_1_19' title="bbox 224 1893 1815 1967">
     <span class='ocr_line' id='line_1_19' title="bbox 224 1893 1815 1967; baseline 0.004 -22"><span class='ocrx_word' id='word_1_125' title='bbox 224 1900 281 1945; x_wconf 90' lang='lat' dir='ltr'><strong>et</strong></span> <span class='ocrx_word' id='word_1_126' title='bbox 311 1893 491 1946; x_wconf 80' lang='lat' dir='ltr'><strong>virum</strong></span> <span class='ocrx_word' id='word_1_127' title='bbox 513 1894 762 1948; x_wconf 89' lang='lat' dir='ltr'><strong>adultum</strong></span> <span class='ocrx_word' id='word_1_128' title='bbox 782 1896 1024 1960; x_wconf 87' lang='lat' dir='ltr'><strong>amicire,</strong></span> <span class='ocrx_word' id='word_1_129' title='bbox 1045 1905 1101 1952; x_wconf 91' lang='lat' dir='ltr'><strong>ct</strong></span> <span class='ocrx_word' id='word_1_130' title='bbox 1116 1913 1426 1952; x_wconf 88' lang='lat' dir='ltr'><strong>mensuram</strong></span> <span class='ocrx_word' id='word_1_131' title='bbox 1445 1898 1620 1952; x_wconf 66' lang='lat' dir='ltr'><strong>sitatis</strong></span> <span class='ocrx_word' id='word_1_132' title='bbox 1639 1898 1815 1967; x_wconf 84' lang='lat' dir='ltr'><strong>pleni-</strong></span> 
     </span>
    </p>
   </div>
   <div class='ocr_carea' id='block_1_20' title="bbox 225 1983 1814 2060">
    <p class='ocr_par' dir='ltr' id='par_1_20' title="bbox 225 1983 1814 2060">
     <span class='ocr_line' id='line_1_20' title="bbox 225 1983 1814 2060; baseline 0.004 -23"><span class='ocrx_word' id='word_1_133' title='bbox 225 1983 436 2047; x_wconf 73' lang='lat' dir='ltr'><strong>tudinis</strong></span> <span class='ocrx_word' id='word_1_134' title='bbox 451 1985 652 2040; x_wconf 85' lang='lat' dir='ltr'><strong>Christi</strong></span> <span class='ocrx_word' id='word_1_135' title='bbox 674 1987 886 2057; x_wconf 79' lang='lat' dir='ltr'><strong>(Ep/tes.</strong></span> <span class='ocrx_word' id='word_1_136' title='bbox 905 1988 957 2042; x_wconf 70' lang='grc'><strong>4.</strong></span> <span class='ocrx_word' id='word_1_137' title='bbox 981 1990 1089 2060; x_wconf 79' lang='lat' dir='ltr'><strong>l3),</strong></span> <span class='ocrx_word' id='word_1_138' title='bbox 1109 2005 1306 2044; x_wconf 88' lang='lat' dir='ltr'><strong>ornare</strong></span> <span class='ocrx_word' id='word_1_139' title='bbox 1325 1989 1550 2044; x_wconf 89' lang='lat' dir='ltr'><strong>minime</strong></span> <span class='ocrx_word' id='word_1_140' title='bbox 1567 1998 1814 2060; x_wconf 87' lang='lat' dir='ltr'><strong>possent,</strong></span> 
     </span>
    </p>
   </div>
   <div class='ocr_carea' id='block_1_21' title="bbox 221 2073 1813 2146">
    <p class='ocr_par' dir='ltr' id='par_1_21' title="bbox 221 2073 1813 2146">
     <span class='ocr_line' id='line_1_21' title="bbox 221 2073 1813 2146; baseline 0.003 -15"><span class='ocrx_word' id='word_1_141' title='bbox 221 2081 626 2146; x_wconf 59' lang='lat' dir='ltr'><strong>splendidiores</strong></span> <span class='ocrx_word' id='word_1_142' title='bbox 666 2073 925 2137; x_wconf 83' lang='lat' dir='ltr'><strong>quasdam</strong></span> <span class='ocrx_word' id='word_1_143' title='bbox 958 2090 1020 2128; x_wconf 92' lang='lat' dir='ltr'><strong>ac</strong></span> <span class='ocrx_word' id='word_1_144' title='bbox 1061 2076 1406 2144; x_wconf 76' lang='lat' dir='ltr'><strong>perfectiores</strong></span> <span class='ocrx_word' id='word_1_145' title='bbox 1437 2079 1676 2146; x_wconf 90' lang='lat' dir='ltr'><strong>induere,</strong></span> <span class='ocrx_word' id='word_1_146' title='bbox 1707 2098 1813 2136; x_wconf 91' lang='lat' dir='ltr'><strong>non</strong></span> 
     </span>
    </p>
   </div>
   <div class='ocr_carea' id='block_1_22' title="bbox 233 2166 1810 2237">
    <p class='ocr_par' dir='ltr' id='par_1_22' title="bbox 233 2166 1810 2237">
     <span class='ocr_line' id='line_1_22' title="bbox 233 2166 1810 2237; baseline 0.004 -18"><span class='ocrx_word' id='word_1_147' title='bbox 233 2170 328 2222; x_wconf 88' lang='lat' dir='ltr'><strong>illc</strong></span> <span class='ocrx_word' id='word_1_148' title='bbox 351 2169 556 2237; x_wconf 81' lang='lat' dir='ltr'><strong>quidem</strong></span> <span class='ocrx_word' id='word_1_149' title='bbox 586 2179 760 2223; x_wconf 70' lang='lat' dir='ltr'><strong>sertum</strong></span> <span class='ocrx_word' id='word_1_150' title='bbox 791 2179 1051 2233; x_wconf 87' lang='lat' dir='ltr'><strong>pugnans,</strong></span> <span class='ocrx_word' id='word_1_151' title='bbox 1077 2166 1169 2220; x_wconf 93' lang='lat' dir='ltr'><strong>scd</strong></span> <span class='ocrx_word' id='word_1_152' title='bbox 1197 2169 1427 2223; x_wconf 87' lang='lat' dir='ltr'><strong>maxime</strong></span> <span class='ocrx_word' id='word_1_153' title='bbox 1451 2171 1810 2226; x_wconf 86' lang='lat' dir='ltr'><strong>consentiens.</strong></span> 
     </span>
    </p>
   </div>
   <div class='ocr_carea' id='block_1_23' title="bbox 228 2257 1814 2338">
    <p class='ocr_par' dir='ltr' id='par_1_23' title="bbox 228 2257 1814 2338">
     <span class='ocr_line' id='line_1_23' title="bbox 228 2257 1814 2338; baseline 0.005 -28"><span class='ocrx_word' id='word_1_154' title='bbox 228 2259 364 2314; x_wconf 79' lang='lat' dir='ltr'><strong>Nam</strong></span> <span class='ocrx_word' id='word_1_155' title='bbox 394 2263 490 2315; x_wconf 79' lang='lat' dir='ltr'><strong>etsi</strong></span> <span class='ocrx_word' id='word_1_156' title='bbox 517 2261 625 2317; x_wconf 68' lang='lat' dir='ltr'><strong>lucc</strong></span> <span class='ocrx_word' id='word_1_157' title='bbox 650 2258 757 2320; x_wconf 83' lang='lat' dir='ltr'><strong>illis</strong></span> <span class='ocrx_word' id='word_1_158' title='bbox 777 2257 984 2338; x_wconf 79' lang='lat' dir='ltr'><strong>majora</strong></span> <span class='ocrx_word' id='word_1_159' title='bbox 1008 2269 1133 2313; x_wconf 85' lang='lat' dir='ltr'><strong>sunt</strong></span> <span class='ocrx_word' id='word_1_160' title='bbox 1156 2271 1437 2330; x_wconf 71' lang='lat' dir='ltr'><strong>prteccpta,</strong></span> <span class='ocrx_word' id='word_1_161' title='bbox 1463 2263 1602 2316; x_wconf 89' lang='lat' dir='ltr'><strong>idem</strong></span> <span class='ocrx_word' id='word_1_162' title='bbox 1636 2273 1814 2319; x_wconf 89' lang='lat' dir='ltr'><strong>tamen</strong></span> 
     </span>
    </p>
   </div>
   <div class='ocr_carea' id='block_1_24' title="bbox 221 2352 1812 2426">
    <p class='ocr_par' dir='ltr' id='par_1_24' title="bbox 221 2352 1812 2426">
     <span class='ocr_line' id='line_1_24' title="bbox 221 2352 1812 2426; baseline 0.001 -16"><span class='ocrx_word' id='word_1_163' title='bbox 221 2354 501 2408; x_wconf 84' lang='lat' dir='ltr'><strong>consilium</strong></span> <span class='ocrx_word' id='word_1_164' title='bbox 516 2367 597 2410; x_wconf 89' lang='lat' dir='ltr'><strong>est</strong></span> <span class='ocrx_word' id='word_1_165' title='bbox 613 2352 1238 2426; x_wconf 81' lang='lat' dir='ltr'><strong>legislatoris.Quodnam</strong></span> <span class='ocrx_word' id='word_1_166' title='bbox 1257 2354 1306 2408; x_wconf 90' lang='lat' dir='ltr'><strong>id</strong></span> <span class='ocrx_word' id='word_1_167' title='bbox 1319 2356 1426 2409; x_wconf 88' lang='lat' dir='ltr'><strong>est?</strong></span> <span class='ocrx_word' id='word_1_168' title='bbox 1446 2356 1631 2410; x_wconf 79' lang='lat' dir='ltr'><strong>Recisa</strong></span> <span class='ocrx_word' id='word_1_169' title='bbox 1648 2358 1812 2412; x_wconf 87' lang='lat' dir='ltr'><strong>anitni</strong></span> 
     </span>
    </p>
   </div>
   <div class='ocr_carea' id='block_1_25' title="bbox 219 2447 1808 2516">
    <p class='ocr_par' dir='ltr' id='par_1_25' title="bbox 219 2447 1808 2516">
     <span class='ocr_line' id='line_1_25' title="bbox 219 2447 1808 2516; baseline 0.001 -15"><span class='ocrx_word' id='word_1_170' title='bbox 219 2450 383 2502; x_wconf 91' lang='lat' dir='ltr'><strong>nostri</strong></span> <span class='ocrx_word' id='word_1_171' title='bbox 406 2450 692 2505; x_wconf 78' lang='lat' dir='ltr'><strong>vitiositate</strong></span> <span class='ocrx_word' id='word_1_172' title='bbox 715 2464 839 2505; x_wconf 89' lang='lat' dir='ltr'><strong>eum</strong></span> <span class='ocrx_word' id='word_1_173' title='bbox 856 2447 921 2500; x_wconf 90' lang='lat' dir='ltr'><strong>ad</strong></span> <span class='ocrx_word' id='word_1_174' title='bbox 951 2447 1237 2516; x_wconf 81' lang='lat' dir='ltr'><strong>perfectam</strong></span> <span class='ocrx_word' id='word_1_175' title='bbox 1256 2448 1506 2504; x_wconf 84' lang='lat' dir='ltr'><strong>virtutem</strong></span> <span class='ocrx_word' id='word_1_176' title='bbox 1524 2449 1808 2506; x_wconf 89' lang='lat' dir='ltr'><strong>deducere.</strong></span> 
     </span>
    </p>
   </div>
   <div class='ocr_carea' id='block_1_26' title="bbox 221 2539 1811 2613">
    <p class='ocr_par' dir='ltr' id='par_1_26' title="bbox 221 2539 1811 2613">
     <span class='ocr_line' id='line_1_26' title="bbox 221 2539 1811 2613; baseline 0.004 -21"><span class='ocrx_word' id='word_1_177' title='bbox 221 2539 402 2609; x_wconf 91' lang='lat' dir='ltr'><strong>Itaque</strong></span> <span class='ocrx_word' id='word_1_178' title='bbox 431 2543 475 2594; x_wconf 92' lang='lat' dir='ltr'><strong>si</strong></span> <span class='ocrx_word' id='word_1_179' title='bbox 504 2543 552 2597; x_wconf 92' lang='lat' dir='ltr'><strong>ei</strong></span> <span class='ocrx_word' id='word_1_180' title='bbox 582 2558 798 2612; x_wconf 81' lang='lat' dir='ltr'><strong>Operam</strong></span> <span class='ocrx_word' id='word_1_181' title='bbox 820 2539 1079 2604; x_wconf 84' lang='lat' dir='ltr'><strong>dedisset,</strong></span> <span class='ocrx_word' id='word_1_182' title='bbox 1111 2555 1214 2595; x_wconf 92' lang='lat' dir='ltr'><strong>non</strong></span> <span class='ocrx_word' id='word_1_183' title='bbox 1239 2549 1296 2594; x_wconf 93' lang='lat' dir='ltr'><strong>ut</strong></span> <span class='ocrx_word' id='word_1_184' title='bbox 1321 2542 1587 2610; x_wconf 89' lang='lat' dir='ltr'><strong>prioribus</strong></span> <span class='ocrx_word' id='word_1_185' title='bbox 1612 2543 1811 2613; x_wconf 89' lang='lat' dir='ltr'><strong>majora</strong></span> 
     </span>
    </p>
   </div>
   <div class='ocr_carea' id='block_1_27' title="bbox 219 2633 1812 2706">
    <p class='ocr_par' dir='ltr' id='par_1_27' title="bbox 219 2633 1812 2706">
     <span class='ocr_line' id='line_1_27' title="bbox 219 2633 1812 2706; baseline 0.003 -21"><span class='ocrx_word' id='word_1_186' title='bbox 219 2633 538 2702; x_wconf 85' lang='lat' dir='ltr'><strong>imponeret,</strong></span> <span class='ocrx_word' id='word_1_187' title='bbox 571 2636 665 2690; x_wconf 91' lang='lat' dir='ltr'><strong>sed</strong></span> <span class='ocrx_word' id='word_1_188' title='bbox 704 2637 756 2690; x_wconf 92' lang='lat' dir='ltr'><strong>in</strong></span> <span class='ocrx_word' id='word_1_189' title='bbox 783 2636 973 2690; x_wconf 82' lang='lat' dir='ltr'><strong>iisdem</strong></span> <span class='ocrx_word' id='word_1_190' title='bbox 1005 2641 1263 2702; x_wconf 90' lang='lat' dir='ltr'><strong>perpetuo</strong></span> <span class='ocrx_word' id='word_1_191' title='bbox 1289 2633 1511 2698; x_wconf 89' lang='lat' dir='ltr'><strong>sineret,</strong></span> <span class='ocrx_word' id='word_1_192' title='bbox 1546 2651 1718 2706; x_wconf 90' lang='lat' dir='ltr'><strong>neque</strong></span> <span class='ocrx_word' id='word_1_193' title='bbox 1743 2635 1812 2689; x_wconf 90' lang='lat' dir='ltr'><strong>ab</strong></span> 
     </span>
    </p>
   </div>
   <div class='ocr_carea' id='block_1_28' title="bbox 215 2717 1810 2796">
    <p class='ocr_par' dir='ltr' id='par_1_28' title="bbox 215 2717 1810 2796">
     <span class='ocr_line' id='line_1_28' title="bbox 215 2717 1810 2796; baseline 0.003 -18"><span class='ocrx_word' id='word_1_194' title='bbox 215 2739 276 2778; x_wconf 86' lang='lat' dir='ltr'><strong>ea</strong></span> <span class='ocrx_word' id='word_1_195' title='bbox 298 2725 504 2779; x_wconf 85' lang='lat' dir='ltr'><strong>vilitate</strong></span> <span class='ocrx_word' id='word_1_196' title='bbox 526 2741 774 2796; x_wconf 82' lang='lat' dir='ltr'><strong>umquam</strong></span> <span class='ocrx_word' id='word_1_197' title='bbox 803 2727 1129 2788; x_wconf 86' lang='lat' dir='ltr'><strong>sublevaret,</strong></span> <span class='ocrx_word' id='word_1_198' title='bbox 1165 2723 1356 2779; x_wconf 80' lang='lat' dir='ltr'><strong>fuisset</strong></span> <span class='ocrx_word' id='word_1_199' title='bbox 1380 2717 1438 2779; x_wconf 87' lang='lat' dir='ltr'><strong>id</strong></span> <span class='ocrx_word' id='word_1_200' title='bbox 1464 2725 1810 2781; x_wconf 81' lang='lat' dir='ltr'><strong>vehementer</strong></span> 
     </span>
    </p>
   </div>
   <div class='ocr_carea' id='block_1_29' title="bbox 210 2817 1810 2889">
    <p class='ocr_par' dir='ltr' id='par_1_29' title="bbox 210 2817 1810 2889">
     <span class='ocr_line' id='line_1_29' title="bbox 210 2817 1810 2889; baseline 0.003 -19"><span class='ocrx_word' id='word_1_201' title='bbox 210 2832 401 2870; x_wconf 80' lang='lat' dir='ltr'><strong>secum</strong></span> <span class='ocrx_word' id='word_1_202' title='bbox 443 2819 841 2889; x_wconf 66' lang='lat' dir='ltr'><strong>pugnantis.,Ut</strong></span> <span class='ocrx_word' id='word_1_203' title='bbox 862 2820 1004 2875; x_wconf 82' lang='lat' dir='ltr'><strong>enim</strong></span> <span class='ocrx_word' id='word_1_204' title='bbox 1034 2817 1078 2871; x_wconf 92' lang='lat' dir='ltr'><strong>si</strong></span> <span class='ocrx_word' id='word_1_205' title='bbox 1107 2817 1279 2884; x_wconf 89' lang='lat' dir='ltr'><strong>initio,</strong></span> <span class='ocrx_word' id='word_1_206' title='bbox 1311 2834 1430 2872; x_wconf 93' lang='lat' dir='ltr'><strong>cum</strong></span> <span class='ocrx_word' id='word_1_207' title='bbox 1454 2820 1709 2889; x_wconf 89' lang='lat' dir='ltr'><strong>puerilius</strong></span> <span class='ocrx_word' id='word_1_208' title='bbox 1731 2819 1810 2874; x_wconf 90' lang='lat' dir='ltr'><strong>af-</strong></span> 
     </span>
    </p>
   </div>
   <div class='ocr_carea' id='block_1_30' title="bbox 206 2909 1810 2980">
    <p class='ocr_par' dir='ltr' id='par_1_30' title="bbox 206 2909 1810 2980">
     <span class='ocr_line' id='line_1_30' title="bbox 206 2909 1810 2980; baseline 0.001 -17"><span class='ocrx_word' id='word_1_209' title='bbox 206 2909 415 2964; x_wconf 86' lang='lat' dir='ltr'><strong>fectum</strong></span> <span class='ocrx_word' id='word_1_210' title='bbox 437 2919 576 2966; x_wconf 79' lang='lat' dir='ltr'><strong>esset</strong></span> <span class='ocrx_word' id='word_1_211' title='bbox 599 2925 767 2980; x_wconf 88' lang='lat' dir='ltr'><strong>genus</strong></span> <span class='ocrx_word' id='word_1_212' title='bbox 794 2912 1107 2972; x_wconf 89' lang='lat' dir='ltr'><strong>humanum,</strong></span> <span class='ocrx_word' id='word_1_213' title='bbox 1137 2917 1443 2964; x_wconf 89' lang='lat' dir='ltr'><strong>accuratum</strong></span> <span class='ocrx_word' id='word_1_214' title='bbox 1473 2909 1573 2964; x_wconf 85' lang='lat' dir='ltr'><strong>hoc</strong></span> <span class='ocrx_word' id='word_1_215' title='bbox 1598 2910 1810 2966; x_wconf 82' lang='lat' dir='ltr'><strong>institu-</strong></span> 
     </span>
    </p>
   </div>
   <div class='ocr_carea' id='block_1_31' title="bbox 210 3003 1806 3074">
    <p class='ocr_par' dir='ltr' id='par_1_31' title="bbox 210 3003 1806 3074">
     <span class='ocr_line' id='line_1_31' title="bbox 210 3003 1806 3074; baseline -0.001 -16"><span class='ocrx_word' id='word_1_216' title='bbox 210 3014 330 3058; x_wconf 89' lang='lat' dir='ltr'><strong>tum</strong></span> <span class='ocrx_word' id='word_1_217' title='bbox 364 3003 628 3058; x_wconf 85' lang='lat' dir='ltr'><strong>sanxisset</strong></span> <span class='ocrx_word' id='word_1_218' title='bbox 667 3020 953 3074; x_wconf 88' lang='lat' dir='ltr'><strong>numquam</strong></span> <span class='ocrx_word' id='word_1_219' title='bbox 980 3019 1079 3058; x_wconf 90' lang='lat' dir='ltr'><strong>nec</strong></span> <span class='ocrx_word' id='word_1_220' title='bbox 1122 3003 1456 3056; x_wconf 89' lang='lat' dir='ltr'><strong>moderatum</strong></span> <span class='ocrx_word' id='word_1_221' title='bbox 1505 3003 1806 3072; x_wconf 86' lang='lat' dir='ltr'><strong>accepisse-</strong></span> 
     </span>
    </p>
   </div>
   <div class='ocr_carea' id='block_1_32' title="bbox 206 3093 1807 3164">
    <p class='ocr_par' dir='ltr' id='par_1_32' title="bbox 206 3093 1807 3164">
     <span class='ocr_line' id='line_1_32' title="bbox 206 3093 1807 3164; baseline -0.001 -14"><span class='ocrx_word' id='word_1_222' title='bbox 206 3111 358 3159; x_wconf 85' lang='lat' dir='ltr'><strong>mus,</strong></span> <span class='ocrx_word' id='word_1_223' title='bbox 389 3096 484 3150; x_wconf 90' lang='lat' dir='ltr'><strong>sed</strong></span> <span class='ocrx_word' id='word_1_224' title='bbox 513 3097 952 3151; x_wconf 87' lang='lat' dir='ltr'><strong>immoderatione</strong></span> <span class='ocrx_word' id='word_1_225' title='bbox 977 3111 1038 3150; x_wconf 87' lang='lat' dir='ltr'><strong>ea</strong></span> <span class='ocrx_word' id='word_1_226' title='bbox 1068 3093 1212 3150; x_wconf 84' lang='lat' dir='ltr'><strong>salus</strong></span> <span class='ocrx_word' id='word_1_227' title='bbox 1239 3094 1390 3148; x_wconf 90' lang='lat' dir='ltr'><strong>nobis</strong></span> <span class='ocrx_word' id='word_1_228' title='bbox 1420 3095 1595 3148; x_wconf 89' lang='lat' dir='ltr'><strong>omnis</strong></span> <span class='ocrx_word' id='word_1_229' title='bbox 1620 3095 1807 3164; x_wconf 89' lang='lat' dir='ltr'><strong>periis-</strong></span> 
     </span>
    </p>
   </div>
   <div class='ocr_carea' id='block_1_33' title="bbox 208 3186 1808 3258">
    <p class='ocr_par' dir='ltr' id='par_1_33' title="bbox 208 3186 1808 3258">
     <span class='ocr_line' id='line_1_33' title="bbox 208 3186 1808 3258; baseline -0.001 -15"><span class='ocrx_word' id='word_1_230' title='bbox 208 3197 289 3243; x_wconf 85' lang='lat' dir='ltr'><strong>set</strong></span> <span class='ocrx_word' id='word_1_231' title='bbox 331 3205 348 3240; x_wconf 90' lang='lat'>:</span> <span class='ocrx_word' id='word_1_232' title='bbox 393 3189 466 3242; x_wconf 91' lang='lat' dir='ltr'><strong>ita</strong></span> <span class='ocrx_word' id='word_1_233' title='bbox 492 3188 539 3242; x_wconf 91' lang='lat' dir='ltr'><strong>si</strong></span> <span class='ocrx_word' id='word_1_234' title='bbox 564 3197 684 3258; x_wconf 91' lang='lat' dir='ltr'><strong>post</strong></span> <span class='ocrx_word' id='word_1_235' title='bbox 708 3188 921 3258; x_wconf 85' lang='lat' dir='ltr'><strong>longum</strong></span> <span class='ocrx_word' id='word_1_236' title='bbox 951 3189 1055 3244; x_wconf 92' lang='lat' dir='ltr'><strong>hoc</strong></span> <span class='ocrx_word' id='word_1_237' title='bbox 1087 3186 1339 3257; x_wconf 86' lang='lat' dir='ltr'><strong>spatium,</strong></span> <span class='ocrx_word' id='word_1_238' title='bbox 1369 3201 1433 3241; x_wconf 89' lang='lat' dir='ltr'><strong>ac</strong></span> <span class='ocrx_word' id='word_1_239' title='bbox 1456 3187 1555 3241; x_wconf 89' lang='lat' dir='ltr'><strong>sub</strong></span> <span class='ocrx_word' id='word_1_240' title='bbox 1582 3188 1698 3257; x_wconf 89' lang='lat' dir='ltr'><strong>lege</strong></span> <span class='ocrx_word' id='word_1_241' title='bbox 1727 3189 1808 3242; x_wconf 90' lang='lat' dir='ltr'><strong>di-</strong></span> 
     </span>
    </p>
   </div>
   <div class='ocr_carea' id='block_1_34' title="bbox 204 3277 1802 3350">
    <p class='ocr_par' dir='ltr' id='par_1_34' title="bbox 204 3277 1802 3350">
     <span class='ocr_line' id='line_1_34' title="bbox 204 3277 1802 3350; baseline -0.003 -13"><span class='ocrx_word' id='word_1_242' title='bbox 204 3280 628 3350; x_wconf 83' lang='lat' dir='ltr'><strong>sciplinam,tem</strong></span> <span class='ocrx_word' id='word_1_243' title='bbox 638 3295 764 3348; x_wconf 87' lang='lat' dir='ltr'><strong>pore</strong></span> <span class='ocrx_word' id='word_1_244' title='bbox 786 3295 882 3334; x_wconf 91' lang='lat' dir='ltr'><strong>nos</strong></span> <span class='ocrx_word' id='word_1_245' title='bbox 895 3278 960 3333; x_wconf 91' lang='lat' dir='ltr'><strong>ad</strong></span> <span class='ocrx_word' id='word_1_246' title='bbox 977 3279 1243 3334; x_wconf 72' lang='lat' dir='ltr'><strong>caelestem</strong></span> <span class='ocrx_word' id='word_1_247' title='bbox 1262 3277 1400 3332; x_wconf 86' lang='lat' dir='ltr'><strong>hanc</strong></span> <span class='ocrx_word' id='word_1_248' title='bbox 1417 3278 1802 3349; x_wconf 85' lang='lat' dir='ltr'><strong>philosophiam</strong></span> 
     </span>
    </p>
   </div>
   <div class='ocr_carea' id='block_1_35' title="bbox 203 3369 1804 3438">
    <p class='ocr_par' dir='ltr' id='par_1_35' title="bbox 203 3369 1804 3438">
     <span class='ocr_line' id='line_1_35' title="bbox 203 3369 1804 3438; baseline 0.001 -14"><span class='ocrx_word' id='word_1_249' title='bbox 203 3380 466 3434; x_wconf 79' lang='lat' dir='ltr'><strong>vocante,</strong></span> <span class='ocrx_word' id='word_1_250' title='bbox 508 3369 714 3424; x_wconf 71' lang='lat' dir='ltr'><strong>hzerere</strong></span> <span class='ocrx_word' id='word_1_251' title='bbox 740 3370 792 3424; x_wconf 93' lang='lat' dir='ltr'><strong>in</strong></span> <span class='ocrx_word' id='word_1_252' title='bbox 827 3379 965 3424; x_wconf 87' lang='lat' dir='ltr'><strong>terra</strong></span> <span class='ocrx_word' id='word_1_253' title='bbox 994 3371 1228 3434; x_wconf 85' lang='lat' dir='ltr'><strong>sivisset,</strong></span> <span class='ocrx_word' id='word_1_254' title='bbox 1261 3369 1396 3424; x_wconf 88' lang='lat' dir='ltr'><strong>nihil</strong></span> <span class='ocrx_word' id='word_1_255' title='bbox 1448 3384 1695 3438; x_wconf 91' lang='lat' dir='ltr'><strong>magnum</strong></span> <span class='ocrx_word' id='word_1_256' title='bbox 1737 3387 1804 3425; x_wconf 84' lang='lat' dir='ltr'><strong>ex</strong></span> 
     </span>
    </p>
   </div>
   <div class='ocr_carea' id='block_1_36' title="bbox 203 3459 1804 3532">
    <p class='ocr_par' dir='ltr' id='par_1_36' title="bbox 203 3459 1804 3532">
     <span class='ocr_line' id='line_1_36' title="bbox 203 3459 1804 3532; baseline 0.002 -19"><span class='ocrx_word' id='word_1_257' title='bbox 203 3461 543 3530; x_wconf 84' lang='lat' dir='ltr'><strong>indulgentia</strong></span> <span class='ocrx_word' id='word_1_258' title='bbox 586 3476 646 3515; x_wconf 88' lang='lat' dir='ltr'><strong>ea</strong></span> <span class='ocrx_word' id='word_1_259' title='bbox 675 3461 1118 3532; x_wconf 87' lang='lat' dir='ltr'><strong>percepissemus,</strong></span> <span class='ocrx_word' id='word_1_260' title='bbox 1147 3476 1270 3516; x_wconf 91' lang='lat' dir='ltr'><strong>cum</strong></span> <span class='ocrx_word' id='word_1_261' title='bbox 1300 3459 1558 3531; x_wconf 90' lang='lat' dir='ltr'><strong>perfectio</strong></span> <span class='ocrx_word' id='word_1_262' title='bbox 1589 3470 1804 3531; x_wconf 88' lang='lat' dir='ltr'><strong>propter</strong></span> 
     </span>
    </p>
   </div>
   <div class='ocr_carea' id='block_1_37' title="bbox 203 3553 1636 3625">
    <p class='ocr_par' dir='ltr' id='par_1_37' title="bbox 203 3553 1636 3625">
     <span class='ocr_line' id='line_1_37' title="bbox 203 3553 1636 3625; baseline -0.001 -18"><span class='ocrx_word' id='word_1_263' title='bbox 203 3569 369 3624; x_wconf 86' lang='lat' dir='ltr'><strong>quam</strong></span> <span class='ocrx_word' id='word_1_264' title='bbox 403 3553 541 3608; x_wconf 82' lang='lat' dir='ltr'><strong>facta</strong></span> <span class='ocrx_word' id='word_1_265' title='bbox 572 3554 896 3625; x_wconf 79' lang='lat' dir='ltr'><strong>indulgentia</strong></span> <span class='ocrx_word' id='word_1_266' title='bbox 922 3564 1005 3609; x_wconf 89' lang='lat' dir='ltr'><strong>est</strong></span> <span class='ocrx_word' id='word_1_267' title='bbox 1027 3553 1180 3609; x_wconf 89' lang='lat' dir='ltr'><strong>nobis</strong></span> <span class='ocrx_word' id='word_1_268' title='bbox 1211 3570 1317 3608; x_wconf 90' lang='lat' dir='ltr'><strong>non</strong></span> <span class='ocrx_word' id='word_1_269' title='bbox 1339 3554 1636 3624; x_wconf 81' lang='lat' dir='ltr'><strong>obtigisset.</strong></span> 
     </span>
    </p>
   </div>
   <div class='ocr_carea' id='block_1_38' title="bbox 269 3643 1799 3716">
    <p class='ocr_par' dir='ltr' id='par_1_38' title="bbox 269 3643 1799 3716">
     <span class='ocr_line' id='line_1_38' title="bbox 269 3643 1799 3716; baseline 0.002 -17"><span class='ocrx_word' id='word_1_270' title='bbox 269 3645 450 3699; x_wconf 69' lang='lat' dir='ltr'><strong>XVII.</strong></span> <span class='ocrx_word' id='word_1_271' title='bbox 499 3643 570 3698; x_wconf 88' lang='lat' dir='ltr'><strong>De</strong></span> <span class='ocrx_word' id='word_1_272' title='bbox 591 3644 684 3698; x_wconf 84' lang='lat' dir='ltr'><strong>Dei</strong></span> <span class='ocrx_word' id='word_1_273' title='bbox 712 3647 1047 3716; x_wconf 82' lang='lat' dir='ltr'><strong>indulgentia.</strong></span> <span class='ocrx_word' id='word_1_274' title='bbox 1068 3676 1143 3687; x_wconf 95' lang='lat'>—</span> <span class='ocrx_word' id='word_1_275' title='bbox 1169 3645 1322 3701; x_wconf 87' lang='lat' dir='ltr'><strong>Nunc</strong></span> <span class='ocrx_word' id='word_1_276' title='bbox 1349 3645 1524 3702; x_wconf 89' lang='lat' dir='ltr'><strong>simile</strong></span> <span class='ocrx_word' id='word_1_277' title='bbox 1551 3647 1799 3716; x_wconf 87' lang='lat' dir='ltr'><strong>quiddam</strong></span> 
     </span>
    </p>
   </div>
   <div class='ocr_carea' id='block_1_39' title="bbox 206 3736 1796 3807">
    <p class='ocr_par' dir='ltr' id='par_1_39' title="bbox 206 3736 1796 3807">
     <span class='ocr_line' id='line_1_39' title="bbox 206 3736 1796 3807; baseline 0.003 -19"><span class='ocrx_word' id='word_1_278' title='bbox 206 3737 363 3789; x_wconf 81' lang='lat' dir='ltr'><strong>nobis</strong></span> <span class='ocrx_word' id='word_1_279' title='bbox 387 3750 456 3788; x_wconf 88' lang='lat' dir='ltr'><strong>ac</strong></span> <span class='ocrx_word' id='word_1_280' title='bbox 485 3736 641 3804; x_wconf 87' lang='lat' dir='ltr'><strong>pullis</strong></span> <span class='ocrx_word' id='word_1_281' title='bbox 665 3737 905 3807; x_wconf 83' lang='lat' dir='ltr'><strong>contigit.</strong></span> <span class='ocrx_word' id='word_1_282' title='bbox 936 3737 1069 3791; x_wconf 88' lang='lat' dir='ltr'><strong>Nam</strong></span> <span class='ocrx_word' id='word_1_283' title='bbox 1101 3737 1194 3792; x_wconf 85' lang='lat' dir='ltr'><strong>ubi</strong></span> <span class='ocrx_word' id='word_1_284' title='bbox 1221 3753 1314 3792; x_wconf 91' lang='lat' dir='ltr'><strong>eos</strong></span> <span class='ocrx_word' id='word_1_285' title='bbox 1334 3738 1580 3793; x_wconf 82' lang='lat' dir='ltr'><strong>educavit</strong></span> <span class='ocrx_word' id='word_1_286' title='bbox 1605 3748 1796 3805; x_wconf 86' lang='lat' dir='ltr'><strong>mater,</strong></span> 
     </span>
    </p>
   </div>
   <div class='ocr_carea' id='block_1_40' title="bbox 210 3825 1799 3895">
    <p class='ocr_par' dir='ltr' id='par_1_40' title="bbox 210 3825 1799 3895">
     <span class='ocr_line' id='line_1_40' title="bbox 210 3825 1799 3895; baseline 0.003 -16"><span class='ocrx_word' id='word_1_287' title='bbox 210 3826 422 3894; x_wconf 86' lang='lat' dir='ltr'><strong>profert</strong></span> <span class='ocrx_word' id='word_1_288' title='bbox 467 3825 588 3880; x_wconf 91' lang='lat' dir='ltr'><strong>illos</strong></span> <span class='ocrx_word' id='word_1_289' title='bbox 613 3826 826 3895; x_wconf 89' lang='lat' dir='ltr'><strong>quidem</strong></span> <span class='ocrx_word' id='word_1_290' title='bbox 856 3843 886 3881; x_wconf 92' lang='lat' dir='ltr'><strong>e</strong></span> <span class='ocrx_word' id='word_1_291' title='bbox 933 3828 1086 3891; x_wconf 90' lang='lat' dir='ltr'><strong>nido;</strong></span> <span class='ocrx_word' id='word_1_292' title='bbox 1134 3828 1227 3883; x_wconf 91' lang='lat' dir='ltr'><strong>sed</strong></span> <span class='ocrx_word' id='word_1_293' title='bbox 1259 3829 1302 3882; x_wconf 92' lang='lat' dir='ltr'><strong>si</strong></span> <span class='ocrx_word' id='word_1_294' title='bbox 1335 3829 1632 3884; x_wconf 87' lang='lat' dir='ltr'><strong>imbecilles</strong></span> <span class='ocrx_word' id='word_1_295' title='bbox 1660 3829 1799 3884; x_wconf 86' lang='lat' dir='ltr'><strong>videt</strong></span> 
     </span>
    </p>
   </div>
   <div class='ocr_carea' id='block_1_41' title="bbox 202 3918 1797 3990">
    <p class='ocr_par' dir='ltr' id='par_1_41' title="bbox 202 3918 1797 3990">
     <span class='ocr_line' id='line_1_41' title="bbox 202 3918 1797 3990; baseline 0.003 -18"><span class='ocrx_word' id='word_1_296' title='bbox 202 3934 263 3972; x_wconf 90' lang='lat' dir='ltr'><strong>ac</strong></span> <span class='ocrx_word' id='word_1_297' title='bbox 314 3919 588 3983; x_wconf 88' lang='lat' dir='ltr'><strong>labentes,</strong></span> <span class='ocrx_word' id='word_1_298' title='bbox 617 3927 672 3972; x_wconf 92' lang='lat' dir='ltr'><strong>et</strong></span> <span class='ocrx_word' id='word_1_299' title='bbox 699 3918 788 3988; x_wconf 90' lang='lat' dir='ltr'><strong>qui</strong></span> <span class='ocrx_word' id='word_1_300' title='bbox 812 3918 986 3974; x_wconf 91' lang='lat' dir='ltr'><strong>adhuc</strong></span> <span class='ocrx_word' id='word_1_301' title='bbox 1014 3935 1148 3990; x_wconf 90' lang='lat' dir='ltr'><strong>opus</strong></span> <span class='ocrx_word' id='word_1_302' title='bbox 1187 3919 1415 3977; x_wconf 89' lang='lat' dir='ltr'><strong>habeant</strong></span> <span class='ocrx_word' id='word_1_303' title='bbox 1447 3923 1587 3977; x_wconf 90' lang='lat' dir='ltr'><strong>intus</strong></span> <span class='ocrx_word' id='word_1_304' title='bbox 1623 3923 1797 3977; x_wconf 89' lang='lat' dir='ltr'><strong>cnnti-</strong></span> 
     </span>
    </p>
   </div>
   <div class='ocr_carea' id='block_1_42' title="bbox 202 4009 1798 4084">
    <p class='ocr_par' dir='ltr' id='par_1_42' title="bbox 202 4009 1798 4084">
     <span class='ocr_line' id='line_1_42' title="bbox 202 4009 1798 4084; baseline 0.004 -22"><span class='ocrx_word' id='word_1_305' title='bbox 202 4012 340 4071; x_wconf 88' lang='lat' dir='ltr'><strong>neri,</strong></span> <span class='ocrx_word' id='word_1_306' title='bbox 374 4009 504 4063; x_wconf 86' lang='lat' dir='ltr'><strong>sinit</strong></span> <span class='ocrx_word' id='word_1_307' title='bbox 535 4010 750 4079; x_wconf 89' lang='lat' dir='ltr'><strong>insuper</strong></span> <span class='ocrx_word' id='word_1_308' title='bbox 781 4009 956 4080; x_wconf 87' lang='lat' dir='ltr'><strong>plures</strong></span> <span class='ocrx_word' id='word_1_309' title='bbox 976 4012 1109 4075; x_wconf 89' lang='lat' dir='ltr'><strong>dies,</strong></span> <span class='ocrx_word' id='word_1_310' title='bbox 1141 4027 1246 4066; x_wconf 87' lang='lat' dir='ltr'><strong>non</strong></span> <span class='ocrx_word' id='word_1_311' title='bbox 1277 4024 1332 4067; x_wconf 94' lang='lat' dir='ltr'><strong>ut</strong></span> <span class='ocrx_word' id='word_1_312' title='bbox 1358 4024 1613 4084; x_wconf 87' lang='lat' dir='ltr'><strong>perpetuo</strong></span> <span class='ocrx_word' id='word_1_313' title='bbox 1653 4013 1798 4069; x_wconf 90' lang='lat' dir='ltr'><strong>intus</strong></span> 
     </span>
    </p>
   </div>
   <div class='ocr_carea' id='block_1_43' title="bbox 202 4099 1794 4174">
    <p class='ocr_par' dir='ltr' id='par_1_43' title="bbox 202 4099 1794 4174">
     <span class='ocr_line' id='line_1_43' title="bbox 202 4099 1794 4174; baseline 0.004 -24"><span class='ocrx_word' id='word_1_314' title='bbox 202 4099 474 4164; x_wconf 75' lang='lat' dir='ltr'><strong>bzcrcant,</strong></span> <span class='ocrx_word' id='word_1_315' title='bbox 519 4100 613 4154; x_wconf 86' lang='lat' dir='ltr'><strong>sed</strong></span> <span class='ocrx_word' id='word_1_316' title='bbox 643 4111 700 4154; x_wconf 92' lang='lat' dir='ltr'><strong>ut</strong></span> <span class='ocrx_word' id='word_1_317' title='bbox 739 4101 837 4156; x_wconf 90' lang='lat' dir='ltr'><strong>alis</strong></span> <span class='ocrx_word' id='word_1_318' title='bbox 877 4102 1042 4171; x_wconf 89' lang='lat' dir='ltr'><strong>probe</strong></span> <span class='ocrx_word' id='word_1_319' title='bbox 1065 4102 1414 4170; x_wconf 81' lang='lat' dir='ltr'><strong>confirmatis,</strong></span> <span class='ocrx_word' id='word_1_320' title='bbox 1458 4115 1618 4174; x_wconf 87' lang='lat' dir='ltr'><strong>atque</strong></span> <span class='ocrx_word' id='word_1_321' title='bbox 1650 4105 1794 4159; x_wconf 90' lang='lat' dir='ltr'><strong>omni</strong></span> 
     </span>
    </p>
   </div>
   <div class='ocr_carea' id='block_1_44' title="bbox 201 4183 1796 4258">
    <p class='ocr_par' dir='ltr' id='par_1_44' title="bbox 201 4183 1796 4258">
     <span class='ocr_line' id='line_1_44' title="bbox 201 4183 1796 4258; baseline 0.005 -15"><span class='ocrx_word' id='word_1_322' title='bbox 201 4199 486 4243; x_wconf 85' lang='lat' dir='ltr'><strong>contracto</strong></span> <span class='ocrx_word' id='word_1_323' title='bbox 531 4190 742 4258; x_wconf 87' lang='lat' dir='ltr'><strong>robore,</strong></span> <span class='ocrx_word' id='word_1_324' title='bbox 788 4193 908 4247; x_wconf 84' lang='lat' dir='ltr'><strong>exin</strong></span> <span class='ocrx_word' id='word_1_325' title='bbox 953 4183 1396 4248; x_wconf 44' lang='lat' dir='ltr'><strong>securi‘volatum</strong></span> <span class='ocrx_word' id='word_1_326' title='bbox 1460 4196 1656 4249; x_wconf 88' lang='lat' dir='ltr'><strong>ineant.</strong></span> <span class='ocrx_word' id='word_1_327' title='bbox 1707 4195 1796 4251; x_wconf 91' lang='lat' dir='ltr'><strong>Sic</strong></span> 
     </span>
    </p>
   </div>
   <div class='ocr_carea' id='block_1_45' title="bbox 207 4278 1791 4352">
    <p class='ocr_par' dir='ltr' id='par_1_45' title="bbox 207 4278 1791 4352">
     <span class='ocr_line' id='line_1_45' title="bbox 207 4278 1791 4352; baseline 0.006 -23"><span class='ocrx_word' id='word_1_328' title='bbox 207 4293 319 4330; x_wconf 85' lang='lat' dir='ltr'><strong>nos</strong></span> <span class='ocrx_word' id='word_1_329' title='bbox 365 4278 610 4334; x_wconf 85' lang='lat' dir='ltr'><strong>Dominus</strong></span> <span class='ocrx_word' id='word_1_330' title='bbox 643 4292 825 4336; x_wconf 87' lang='lat' dir='ltr'><strong>noster</strong></span> <span class='ocrx_word' id='word_1_331' title='bbox 868 4282 978 4351; x_wconf 90' lang='lat' dir='ltr'><strong>jam</strong></span> <span class='ocrx_word' id='word_1_332' title='bbox 1010 4285 1134 4338; x_wconf 87' lang='lat' dir='ltr'><strong>olim</strong></span> <span class='ocrx_word' id='word_1_333' title='bbox 1184 4285 1250 4339; x_wconf 90' lang='lat' dir='ltr'><strong>ad</strong></span> <span class='ocrx_word' id='word_1_334' title='bbox 1295 4285 1484 4340; x_wconf 62' lang='lat' dir='ltr'><strong>caelum</strong></span> <span class='ocrx_word' id='word_1_335' title='bbox 1529 4287 1791 4352; x_wconf 84' lang='lat' dir='ltr'><strong>trahebat,</strong></span> 
     </span>
    </p>
   </div>
   <div class='ocr_carea' id='block_1_46' title="bbox 207 4369 1792 4446">
    <p class='ocr_par' dir='ltr' id='par_1_46' title="bbox 207 4369 1792 4446">
     <span class='ocr_line' id='line_1_46' title="bbox 207 4369 1792 4446; baseline 0.009 -29"><span class='ocrx_word' id='word_1_336' title='bbox 207 4369 464 4437; x_wconf 81' lang='lat' dir='ltr'><strong>viamque</strong></span> <span class='ocrx_word' id='word_1_337' title='bbox 487 4385 601 4440; x_wconf 76' lang='lat' dir='ltr'><strong>qua:</strong></span> <span class='ocrx_word' id='word_1_338' title='bbox 619 4386 684 4426; x_wconf 91' lang='lat' dir='ltr'><strong>eo</strong></span> <span class='ocrx_word' id='word_1_339' title='bbox 711 4372 873 4427; x_wconf 86' lang='lat' dir='ltr'><strong>ferret</strong></span> <span class='ocrx_word' id='word_1_340' title='bbox 903 4375 1269 4441; x_wconf 83' lang='lat' dir='ltr'><strong>monstrabat;</strong></span> <span class='ocrx_word' id='word_1_341' title='bbox 1302 4392 1407 4431; x_wconf 91' lang='lat' dir='ltr'><strong>non</strong></span> <span class='ocrx_word' id='word_1_342' title='bbox 1449 4377 1539 4432; x_wconf 90' lang='lat' dir='ltr'><strong>ille</strong></span> <span class='ocrx_word' id='word_1_343' title='bbox 1578 4377 1792 4446; x_wconf 87' lang='lat' dir='ltr'><strong>quidem</strong></span> 
     </span>
    </p>
   </div>
   <div class='ocr_carea' id='block_1_47' title="bbox 201 4459 1790 4536">
    <p class='ocr_par' dir='ltr' id='par_1_47' title="bbox 201 4459 1790 4536">
     <span class='ocr_line' id='line_1_47' title="bbox 201 4459 1790 4536; baseline 0.007 -25"><span class='ocrx_word' id='word_1_344' title='bbox 201 4459 482 4528; x_wconf 85' lang='lat' dir='ltr'><strong>ignorans,</strong></span> <span class='ocrx_word' id='word_1_345' title='bbox 510 4463 636 4531; x_wconf 90' lang='lat' dir='ltr'><strong>quin</strong></span> <span class='ocrx_word' id='word_1_346' title='bbox 662 4463 803 4517; x_wconf 88' lang='lat' dir='ltr'><strong>belle</strong></span> <span class='ocrx_word' id='word_1_347' title='bbox 833 4465 991 4518; x_wconf 90' lang='lat' dir='ltr'><strong>ctiam</strong></span> <span class='ocrx_word' id='word_1_348' title='bbox 1013 4466 1282 4531; x_wconf 90' lang='lat' dir='ltr'><strong>conscius,</strong></span> <span class='ocrx_word' id='word_1_349' title='bbox 1315 4467 1544 4536; x_wconf 88' lang='lat' dir='ltr'><strong>impares</strong></span> <span class='ocrx_word' id='word_1_350' title='bbox 1573 4468 1639 4522; x_wconf 89' lang='lat' dir='ltr'><strong>ad</strong></span> <span class='ocrx_word' id='word_1_351' title='bbox 1669 4483 1790 4522; x_wconf 89' lang='lat' dir='ltr'><strong>eum</strong></span> 
     </span>
    </p>
   </div>
   <div class='ocr_carea' id='block_1_48' title="bbox 198 4551 1791 4624">
    <p class='ocr_par' dir='ltr' id='par_1_48' title="bbox 198 4551 1791 4624">
     <span class='ocr_line' id='line_1_48' title="bbox 198 4551 1791 4624; baseline 0.009 -24"><span class='ocrx_word' id='word_1_352' title='bbox 198 4551 442 4605; x_wconf 70' lang='lat' dir='ltr'><strong>volatum</strong></span> <span class='ocrx_word' id='word_1_353' title='bbox 474 4551 698 4618; x_wconf 88' lang='lat' dir='ltr'><strong>futuros,</strong></span> <span class='ocrx_word' id='word_1_354' title='bbox 721 4554 815 4608; x_wconf 91' lang='lat' dir='ltr'><strong>sed</strong></span> <span class='ocrx_word' id='word_1_355' title='bbox 841 4557 1125 4611; x_wconf 90' lang='lat' dir='ltr'><strong>ostendere</strong></span> <span class='ocrx_word' id='word_1_356' title='bbox 1152 4557 1305 4612; x_wconf 90' lang='lat' dir='ltr'><strong>nobis</strong></span> <span class='ocrx_word' id='word_1_357' title='bbox 1329 4558 1535 4624; x_wconf 89' lang='lat' dir='ltr'><strong>volens,</strong></span> <span class='ocrx_word' id='word_1_358' title='bbox 1567 4575 1672 4613; x_wconf 90' lang='lat' dir='ltr'><strong>non</strong></span> <span class='ocrx_word' id='word_1_359' title='bbox 1695 4575 1791 4614; x_wconf 87' lang='lat' dir='ltr'><strong>vo-</strong></span> 
     </span>
    </p>
   </div>
   <div class='ocr_carea' id='block_1_49' title="bbox 200 4641 1789 4720">
    <p class='ocr_par' dir='ltr' id='par_1_49' title="bbox 200 4641 1789 4720">
     <span class='ocr_line' id='line_1_49' title="bbox 200 4641 1789 4720; baseline 0.008 -28"><span class='ocrx_word' id='word_1_360' title='bbox 200 4641 415 4696; x_wconf 87' lang='lat' dir='ltr'><strong>luntate</strong></span> <span class='ocrx_word' id='word_1_361' title='bbox 457 4659 574 4710; x_wconf 87' lang='lat' dir='ltr'><strong>sua,</strong></span> <span class='ocrx_word' id='word_1_362' title='bbox 617 4645 709 4700; x_wconf 91' lang='lat' dir='ltr'><strong>sed</strong></span> <span class='ocrx_word' id='word_1_363' title='bbox 759 4646 1351 4704; x_wconf 48' lang='lat' dir='ltr'><strong>imbecillitate’nostra</strong></span> <span class='ocrx_word' id='word_1_364' title='bbox 1398 4650 1603 4720; x_wconf 90' lang='lat' dir='ltr'><strong>lapsum</strong></span> <span class='ocrx_word' id='word_1_365' title='bbox 1654 4651 1789 4705; x_wconf 88' lang='lat' dir='ltr'><strong>fieri.</strong></span> 
     </span>
    </p>
   </div>
   <div class='ocr_carea' id='block_1_50' title="bbox 200 4733 1790 4808">
    <p class='ocr_par' dir='ltr' id='par_1_50' title="bbox 200 4733 1790 4808">
     <span class='ocr_line' id='line_1_50' title="bbox 200 4733 1790 4808; baseline 0.011 -27"><span class='ocrx_word' id='word_1_366' title='bbox 200 4733 362 4800; x_wconf 83' lang='lat' dir='ltr'><strong>Quod</strong></span> <span class='ocrx_word' id='word_1_367' title='bbox 389 4735 475 4790; x_wconf 88' lang='lat' dir='ltr'><strong>ubi</strong></span> <span class='ocrx_word' id='word_1_368' title='bbox 508 4737 759 4802; x_wconf 89' lang='lat' dir='ltr'><strong>ostendit,</strong></span> <span class='ocrx_word' id='word_1_369' title='bbox 788 4739 911 4794; x_wconf 89' lang='lat' dir='ltr'><strong>sivit</strong></span> <span class='ocrx_word' id='word_1_370' title='bbox 936 4755 1097 4808; x_wconf 91' lang='lat' dir='ltr'><strong>porro</strong></span> <span class='ocrx_word' id='word_1_371' title='bbox 1138 4742 1189 4795; x_wconf 91' lang='lat' dir='ltr'><strong>in</strong></span> <span class='ocrx_word' id='word_1_372' title='bbox 1235 4742 1337 4796; x_wconf 90' lang='lat' dir='ltr'><strong>hoc</strong></span> <span class='ocrx_word' id='word_1_373' title='bbox 1367 4743 1562 4797; x_wconf 90' lang='lat' dir='ltr'><strong>mundo</strong></span> <span class='ocrx_word' id='word_1_374' title='bbox 1591 4753 1644 4798; x_wconf 91' lang='lat' dir='ltr'><strong>ct</strong></span> <span class='ocrx_word' id='word_1_375' title='bbox 1674 4760 1790 4798; x_wconf 86' lang='lat' dir='ltr'><strong>ma-</strong></span> 
     </span>
    </p>
   </div>
   <div class='ocr_carea' id='block_1_51' title="bbox 201 4826 1790 4900">
    <p class='ocr_par' dir='ltr' id='par_1_51' title="bbox 201 4826 1790 4900">
     <span class='ocr_line' id='line_1_51' title="bbox 201 4826 1790 4900; baseline 0.009 -24"><span class='ocrx_word' id='word_1_376' title='bbox 201 4826 460 4880; x_wconf 89' lang='lat' dir='ltr'><strong>trimonio</strong></span> <span class='ocrx_word' id='word_1_377' title='bbox 491 4837 757 4898; x_wconf 89' lang='lat' dir='ltr'><strong>tamquam</strong></span> <span class='ocrx_word' id='word_1_378' title='bbox 789 4830 914 4886; x_wconf 87' lang='lat' dir='ltr'><strong>nido</strong></span> <span class='ocrx_word' id='word_1_379' title='bbox 957 4830 1183 4900; x_wconf 89' lang='lat' dir='ltr'><strong>quodam</strong></span> <span class='ocrx_word' id='word_1_380' title='bbox 1230 4831 1430 4888; x_wconf 92' lang='lat' dir='ltr'><strong>diutius</strong></span> <span class='ocrx_word' id='word_1_381' title='bbox 1473 4835 1567 4898; x_wconf 90' lang='lat' dir='ltr'><strong>ali,</strong></span> <span class='ocrx_word' id='word_1_382' title='bbox 1618 4833 1790 4890; x_wconf 88' lang='lat' dir='ltr'><strong>donec</strong></span> 
     </span>
    </p>
   </div>
   <div class='ocr_carea' id='block_1_52' title="bbox 198 4917 1775 4996">
    <p class='ocr_par' dir='ltr' id='par_1_52' title="bbox 198 4917 1775 4996">
     <span class='ocr_line' id='line_1_52' title="bbox 198 4917 1775 4996; baseline 0.008 -28"><span class='ocrx_word' id='word_1_383' title='bbox 198 4917 420 4971; x_wconf 85' lang='lat' dir='ltr'><strong>tandem</strong></span> <span class='ocrx_word' id='word_1_384' title='bbox 447 4921 656 4976; x_wconf 87' lang='lat' dir='ltr'><strong>virtutis</strong></span> <span class='ocrx_word' id='word_1_385' title='bbox 683 4923 834 4992; x_wconf 89' lang='lat' dir='ltr'><strong>quasi</strong></span> <span class='ocrx_word' id='word_1_386' title='bbox 857 4925 1170 4995; x_wconf 90' lang='lat' dir='ltr'><strong>quibusdam</strong></span> <span class='ocrx_word' id='word_1_387' title='bbox 1199 4926 1385 4994; x_wconf 89' lang='lat' dir='ltr'><strong>pennis</strong></span> <span class='ocrx_word' id='word_1_388' title='bbox 1427 4927 1584 4996; x_wconf 89' lang='lat' dir='ltr'><strong>longo</strong></span> <span class='ocrx_word' id='word_1_389' title='bbox 1614 4928 1775 4981; x_wconf 89' lang='lat' dir='ltr'><strong>inter-</strong></span> 
     </span>
    </p>
   </div>
   <div class='ocr_carea' id='block_1_53' title="bbox 194 5009 1782 5094">
    <p class='ocr_par' dir='ltr' id='par_1_53' title="bbox 194 5009 1782 5094">
     <span class='ocr_line' id='line_1_53' title="bbox 194 5009 1782 5094; baseline 0.007 -31"><span class='ocrx_word' id='word_1_390' title='bbox 194 5009 343 5063; x_wconf 76' lang='lat' dir='ltr'><strong>vallo</strong></span> <span class='ocrx_word' id='word_1_391' title='bbox 396 5013 603 5077; x_wconf 87' lang='lat' dir='ltr'><strong>enatis,</strong></span> <span class='ocrx_word' id='word_1_392' title='bbox 633 5015 833 5070; x_wconf 88' lang='lat' dir='ltr'><strong>sensim</strong></span> <span class='ocrx_word' id='word_1_393' title='bbox 885 5028 1045 5088; x_wconf 90' lang='lat' dir='ltr'><strong>atque</strong></span> <span class='ocrx_word' id='word_1_394' title='bbox 1094 5018 1414 5094; x_wconf 84' lang='lat' dir='ltr'><strong>pedetentim</strong></span> <span class='ocrx_word' id='word_1_395' title='bbox 1471 5020 1782 5090; x_wconf 86' lang='lat' dir='ltr'><strong>ingressus,</strong></span> 
     </span>
    </p>
   </div>
   <div class='ocr_carea' id='block_1_54' title="bbox 192 5101 1786 5184">
    <p class='ocr_par' dir='ltr' id='par_1_54' title="bbox 192 5101 1786 5184">
     <span class='ocr_line' id='line_1_54' title="bbox 192 5101 1786 5184; baseline 0.009 -30"><span class='ocrx_word' id='word_1_396' title='bbox 192 5101 477 5157; x_wconf 90' lang='lat' dir='ltr'><strong>domicilio</strong></span> <span class='ocrx_word' id='word_1_397' title='bbox 518 5104 620 5161; x_wconf 82' lang='lat' dir='ltr'><strong>hoc</strong></span> <span class='ocrx_word' id='word_1_398' title='bbox 657 5107 879 5162; x_wconf 91' lang='lat' dir='ltr'><strong>eductos</strong></span> <span class='ocrx_word' id='word_1_399' title='bbox 926 5109 1084 5164; x_wconf 88' lang='lat' dir='ltr'><strong>altius</strong></span> <span class='ocrx_word' id='word_1_400' title='bbox 1128 5109 1308 5164; x_wconf 89' lang='lat' dir='ltr'><strong>docuit</strong></span> <span class='ocrx_word' id='word_1_401' title='bbox 1353 5112 1584 5166; x_wconf 89' lang='lat' dir='ltr'><strong>evolare.</strong></span> <span class='ocrx_word' id='word_1_402' title='bbox 1638 5113 1786 5184; x_wconf 86' lang='lat' dir='ltr'><strong>Ergo</strong></span> 
     </span>
    </p>
   </div>
   <div class='ocr_carea' id='block_1_55' title="bbox 193 5195 1783 5274">
    <p class='ocr_par' dir='ltr' id='par_1_55' title="bbox 193 5195 1783 5274">
     <span class='ocr_line' id='line_1_55' title="bbox 193 5195 1783 5274; baseline 0.007 -27"><span class='ocrx_word' id='word_1_403' title='bbox 193 5196 288 5248; x_wconf 87' lang='lat' dir='ltr'><strong>alii</strong></span> <span class='ocrx_word' id='word_1_404' title='bbox 329 5195 510 5252; x_wconf 89' lang='lat' dir='ltr'><strong>adhuc</strong></span> <span class='ocrx_word' id='word_1_405' title='bbox 559 5199 847 5255; x_wconf 87' lang='lat' dir='ltr'><strong>oscitantes</strong></span> <span class='ocrx_word' id='word_1_406' title='bbox 877 5241 894 5262; x_wconf 91' lang='lat'><strong>,</strong></span> <span class='ocrx_word' id='word_1_407' title='bbox 941 5211 1194 5271; x_wconf 89' lang='lat' dir='ltr'><strong>arctoque</strong></span> <span class='ocrx_word' id='word_1_408' title='bbox 1239 5217 1428 5257; x_wconf 88' lang='lat' dir='ltr'><strong>somno</strong></span> <span class='ocrx_word' id='word_1_409' title='bbox 1471 5205 1783 5274; x_wconf 91' lang='lat' dir='ltr'><strong>consopiti,</strong></span> 
     </span>
    </p>
   </div>
   <div class='ocr_carea' id='block_1_56' title="bbox 196 5287 1779 5354">
    <p class='ocr_par' dir='ltr' id='par_1_56' title="bbox 196 5287 1779 5354">
     <span class='ocr_line' id='line_1_56' title="bbox 196 5287 1779 5354; baseline 0.008 -16"><span class='ocrx_word' id='word_1_410' title='bbox 196 5287 330 5340; x_wconf 90' lang='lat' dir='ltr'><strong>nido</strong></span> <span class='ocrx_word' id='word_1_411' title='bbox 354 5289 647 5343; x_wconf 88' lang='lat' dir='ltr'><strong>etiamnum</strong></span> <span class='ocrx_word' id='word_1_412' title='bbox 673 5302 1045 5354; x_wconf 89' lang='lat' dir='ltr'><strong>consuescunt,</strong></span> <span class='ocrx_word' id='word_1_413' title='bbox 1089 5292 1372 5348; x_wconf 89' lang='lat' dir='ltr'><strong>mundanis</strong></span> <span class='ocrx_word' id='word_1_414' title='bbox 1398 5294 1541 5349; x_wconf 78' lang='lat' dir='ltr'><strong>affixi</strong></span> <span class='ocrx_word' id='word_1_415' title='bbox 1571 5295 1732 5350; x_wconf 89' lang='lat' dir='ltr'><strong>rebus</strong></span> <span class='ocrx_word' id='word_1_416' title='bbox 1764 5315 1779 5350; x_wconf 89' lang='lat'><strong>:</strong></span> 
     </span>
    </p>
   </div>
   <div class='ocr_carea' id='block_1_57' title="bbox 196 5381 1786 5451">
    <p class='ocr_par' dir='ltr' id='par_1_57' title="bbox 196 5381 1786 5451">
     <span class='ocr_line' id='line_1_57' title="bbox 196 5381 1786 5451; baseline 0.009 -22"><span class='ocrx_word' id='word_1_417' title='bbox 196 5381 289 5431; x_wconf 81' lang='lat' dir='ltr'><strong>alii</strong></span> <span class='ocrx_word' id='word_1_418' title='bbox 346 5395 472 5434; x_wconf 87' lang='lat' dir='ltr'><strong>vero</strong></span> <span class='ocrx_word' id='word_1_419' title='bbox 516 5382 780 5451; x_wconf 77' lang='lat' dir='ltr'><strong>generosi,</strong></span> <span class='ocrx_word' id='word_1_420' title='bbox 835 5398 899 5438; x_wconf 89' lang='lat' dir='ltr'><strong>ac</strong></span> <span class='ocrx_word' id='word_1_421' title='bbox 940 5382 1076 5440; x_wconf 91' lang='lat' dir='ltr'><strong>lucis</strong></span> <span class='ocrx_word' id='word_1_422' title='bbox 1119 5395 1407 5448; x_wconf 88' lang='lat' dir='ltr'><strong>amatores,</strong></span> <span class='ocrx_word' id='word_1_423' title='bbox 1442 5401 1506 5441; x_wconf 91' lang='lat' dir='ltr'><strong>eo</strong></span> <span class='ocrx_word' id='word_1_424' title='bbox 1536 5385 1786 5443; x_wconf 87' lang='lat' dir='ltr'><strong>facillime</strong></span> 
     </span>
    </p>
   </div>
   <div class='ocr_carea' id='block_1_58' title="bbox 195 5470 1786 5545">
    <p class='ocr_par' dir='ltr' id='par_1_58' title="bbox 195 5470 1786 5545">
     <span class='ocr_line' id='line_1_58' title="bbox 195 5470 1786 5545; baseline 0.007 -23"><span class='ocrx_word' id='word_1_425' title='bbox 195 5470 419 5524; x_wconf 85' lang='lat' dir='ltr'><strong>deserto</strong></span> <span class='ocrx_word' id='word_1_426' title='bbox 463 5472 528 5525; x_wconf 86' lang='lat' dir='ltr'><strong>ad</strong></span> <span class='ocrx_word' id='word_1_427' title='bbox 559 5473 803 5527; x_wconf 88' lang='lat' dir='ltr'><strong>sublimia</strong></span> <span class='ocrx_word' id='word_1_428' title='bbox 833 5475 1028 5542; x_wconf 87' lang='lat' dir='ltr'><strong>volant,</strong></span> <span class='ocrx_word' id='word_1_429' title='bbox 1063 5476 1414 5545; x_wconf 89' lang='lat' dir='ltr'><strong>omnibusque</strong></span> <span class='ocrx_word' id='word_1_430' title='bbox 1452 5477 1503 5531; x_wconf 90' lang='lat' dir='ltr'><strong>in</strong></span> <span class='ocrx_word' id='word_1_431' title='bbox 1531 5486 1670 5532; x_wconf 89' lang='lat' dir='ltr'><strong>terra</strong></span> <span class='ocrx_word' id='word_1_432' title='bbox 1697 5493 1786 5533; x_wconf 88' lang='lat' dir='ltr'><strong>re-</strong></span> 
     </span>
    </p>
   </div>
   <div class='ocr_carea' id='block_1_59' title="bbox 198 5560 1784 5636">
    <p class='ocr_par' dir='ltr' id='par_1_59' title="bbox 198 5560 1784 5636">
     <span class='ocr_line' id='line_1_59' title="bbox 198 5560 1784 5636; baseline 0.006 -24"><span class='ocrx_word' id='word_1_433' title='bbox 198 5560 364 5626; x_wconf 76' lang='lat' dir='ltr'><strong>lictis,</strong></span> <span class='ocrx_word' id='word_1_434' title='bbox 413 5563 776 5626; x_wconf 85' lang='lat' dir='ltr'><strong>matrimonio,</strong></span> <span class='ocrx_word' id='word_1_435' title='bbox 822 5569 1070 5634; x_wconf 90' lang='lat' dir='ltr'><strong>nummis,</strong></span> <span class='ocrx_word' id='word_1_436' title='bbox 1103 5567 1268 5630; x_wconf 91' lang='lat' dir='ltr'><strong>curis,</strong></span> <span class='ocrx_word' id='word_1_437' title='bbox 1314 5565 1626 5636; x_wconf 88' lang='lat' dir='ltr'><strong>cunctisque</strong></span> <span class='ocrx_word' id='word_1_438' title='bbox 1656 5567 1784 5622; x_wconf 90' lang='lat' dir='ltr'><strong>reli-</strong></span> 
     </span>
    </p>
   </div>
   <div class='ocr_carea' id='block_1_60' title="bbox 200 5652 1780 5728">
    <p class='ocr_par' dir='ltr' id='par_1_60' title="bbox 200 5652 1780 5728">
     <span class='ocr_line' id='line_1_60' title="bbox 200 5652 1780 5728; baseline 0.007 -24"><span class='ocrx_word' id='word_1_439' title='bbox 200 5652 324 5721; x_wconf 85' lang='lat' dir='ltr'><strong>quis</strong></span> <span class='ocrx_word' id='word_1_440' title='bbox 349 5669 466 5722; x_wconf 77' lang='lat' dir='ltr'><strong>qua:</strong></span> <span class='ocrx_word' id='word_1_441' title='bbox 506 5654 569 5710; x_wconf 77' lang='lat' dir='ltr'><strong>ad</strong></span> <span class='ocrx_word' id='word_1_442' title='bbox 607 5664 800 5710; x_wconf 85' lang='lat' dir='ltr'><strong>terram</strong></span> <span class='ocrx_word' id='word_1_443' title='bbox 830 5673 924 5717; x_wconf 87' lang='lat' dir='ltr'><strong>nos</strong></span> <span class='ocrx_word' id='word_1_444' title='bbox 949 5662 1232 5722; x_wconf 85' lang='lat' dir='ltr'><strong>detrahere</strong></span> <span class='ocrx_word' id='word_1_445' title='bbox 1272 5657 1484 5728; x_wconf 85' lang='lat' dir='ltr'><strong>solent,</strong></span> <span class='ocrx_word' id='word_1_446' title='bbox 1520 5659 1654 5716; x_wconf 64' lang='lat' dir='ltr'><strong>caelo</strong></span> <span class='ocrx_word' id='word_1_447' title='bbox 1694 5660 1780 5715; x_wconf 87' lang='lat' dir='ltr'><strong>in-</strong></span> 
     </span>
    </p>
   </div>
   <div class='ocr_carea' id='block_1_61' title="bbox 1573 219 2162 281">
    <p class='ocr_par' dir='ltr' id='par_1_61' title="bbox 1573 219 2162 281">
     <span class='ocr_line' id='line_1_61' title="bbox 1573 219 2162 281; baseline 0 -3"><span class='ocrx_word' id='word_1_448' title='bbox 1573 222 1661 278; x_wconf 87' lang='lat' dir='ltr'><strong>DE</strong></span> <span class='ocrx_word' id='word_1_449' title='bbox 1701 219 2162 281; x_wconf 73' lang='lat' dir='ltr'><strong>VIRGINITATE.</strong></span> 
     </span>
    </p>
   </div>
   <div class='ocr_carea' id='block_1_62' title="bbox 3419 255 3523 309">
    <p class='ocr_par' dir='ltr' id='par_1_62' title="bbox 3419 255 3523 309">
     <span class='ocr_line' id='line_1_62' title="bbox 3419 255 3523 309; baseline 0 0"><span class='ocrx_word' id='word_1_450' title='bbox 3419 255 3523 309; x_wconf 62' lang='grc' dir='ltr'><strong>διε</strong></span> 
     </span>
    </p>
   </div>
   <div class='ocr_carea' id='block_1_63' title="bbox 1943 339 3525 437">
    <p class='ocr_par' dir='ltr' id='par_1_63' title="bbox 1943 339 3525 437">
     <span class='ocr_line' id='line_1_63' title="bbox 1943 339 3525 437; baseline 0.024 -46"><span class='ocrx_word' id='word_1_451' title='bbox 1943 339 2110 394; x_wconf 88' lang='lat' dir='ltr'><strong>biant.</strong></span> <span class='ocrx_word' id='word_1_452' title='bbox 2131 343 2304 410; x_wconf 85' lang='lat' dir='ltr'><strong>Quare</strong></span> <span class='ocrx_word' id='word_1_453' title='bbox 2328 363 2394 401; x_wconf 91' lang='lat' dir='ltr'><strong>ne</strong></span> <span class='ocrx_word' id='word_1_454' title='bbox 2416 359 2684 420; x_wconf 88' lang='lat' dir='ltr'><strong>putemus,</strong></span> <span class='ocrx_word' id='word_1_455' title='bbox 2709 359 3031 417; x_wconf 89' lang='lat' dir='ltr'><strong>matrimonii</strong></span> <span class='ocrx_word' id='word_1_456' title='bbox 3059 365 3186 420; x_wconf 90' lang='lat' dir='ltr'><strong>olim</strong></span> <span class='ocrx_word' id='word_1_457' title='bbox 3219 371 3525 437; x_wconf 79' lang='lat' dir='ltr'><strong>permissio-</strong></span> 
     </span>
    </p>
   </div>
   <div class='ocr_carea' id='block_1_64' title="bbox 1939 439 3516 531">
    <p class='ocr_par' dir='ltr' id='par_1_64' title="bbox 1939 439 3516 531">
     <span class='ocr_line' id='line_1_64' title="bbox 1939 439 3516 531; baseline 0.022 -46"><span class='ocrx_word' id='word_1_458' title='bbox 1939 449 2060 487; x_wconf 91' lang='lat' dir='ltr'><strong>nem</strong></span> <span class='ocrx_word' id='word_1_459' title='bbox 2104 439 2471 497; x_wconf 89' lang='lat' dir='ltr'><strong>necessitatem</strong></span> <span class='ocrx_word' id='word_1_460' title='bbox 2499 444 2750 518; x_wconf 87' lang='lat' dir='ltr'><strong>deinceps</strong></span> <span class='ocrx_word' id='word_1_461' title='bbox 2790 467 2929 520; x_wconf 85' lang='lat' dir='ltr'><strong>essc,</strong></span> <span class='ocrx_word' id='word_1_462' title='bbox 2963 455 3029 510; x_wconf 87' lang='lat' dir='ltr'><strong>ab</strong></span> <span class='ocrx_word' id='word_1_463' title='bbox 3057 472 3121 511; x_wconf 90' lang='lat' dir='ltr'><strong>eo</strong></span> <span class='ocrx_word' id='word_1_464' title='bbox 3148 460 3388 531; x_wconf 76' lang='lat' dir='ltr'><strong>refugere</strong></span> <span class='ocrx_word' id='word_1_465' title='bbox 3424 481 3516 518; x_wconf 79' lang='lat' dir='ltr'><strong>ve-</strong></span> 
     </span>
    </p>
   </div>
   <div class='ocr_carea' id='block_1_65' title="bbox 1940 535 3521 628">
    <p class='ocr_par' dir='ltr' id='par_1_65' title="bbox 1940 535 3521 628">
     <span class='ocr_line' id='line_1_65' title="bbox 1940 535 3521 628; baseline 0.023 -50"><span class='ocrx_word' id='word_1_466' title='bbox 1940 535 2171 592; x_wconf 88' lang='lat' dir='ltr'><strong>tantem;</strong></span> <span class='ocrx_word' id='word_1_467' title='bbox 2206 547 2326 586; x_wconf 89' lang='lat' dir='ltr'><strong>nam</strong></span> <span class='ocrx_word' id='word_1_468' title='bbox 2373 538 2514 604; x_wconf 90' lang='lat' dir='ltr'><strong>quod</strong></span> <span class='ocrx_word' id='word_1_469' title='bbox 2546 541 2673 595; x_wconf 88' lang='lat' dir='ltr'><strong>velit</strong></span> <span class='ocrx_word' id='word_1_470' title='bbox 2709 553 2764 598; x_wconf 94' lang='lat' dir='ltr'><strong>ut</strong></span> <span class='ocrx_word' id='word_1_471' title='bbox 2791 546 2841 600; x_wconf 93' lang='lat' dir='ltr'><strong>id</strong></span> <span class='ocrx_word' id='word_1_472' title='bbox 2869 547 3216 621; x_wconf 90' lang='lat' dir='ltr'><strong>dimittamus,</strong></span> <span class='ocrx_word' id='word_1_473' title='bbox 3249 557 3371 611; x_wconf 86' lang='lat' dir='ltr'><strong>audi</strong></span> <span class='ocrx_word' id='word_1_474' title='bbox 3397 559 3521 628; x_wconf 87' lang='lat' dir='ltr'><strong>quid</strong></span> 
     </span>
    </p>
   </div>
   <div class='ocr_carea' id='block_1_66' title="bbox 1937 618 3545 720">
    <p class='ocr_par' dir='ltr' id='par_1_66' title="bbox 1937 618 3545 720">
     <span class='ocr_line' id='line_1_66' title="bbox 1937 618 3545 720; baseline 0.024 -50"><span class='ocrx_word' id='word_1_475' title='bbox 1937 618 2097 720; x_wconf 67' lang='lat' dir='ltr'><strong>dicat,</strong></span> <span class='ocrx_word' id='word_1_476' title='bbox 2131 622 2231 689; x_wconf 82' lang='lat' dir='ltr'><strong>Qui</strong></span> <span class='ocrx_word' id='word_1_477' title='bbox 2252 636 2411 694; x_wconf 83' lang='lat' dir='ltr'><strong>potest</strong></span> <span class='ocrx_word' id='word_1_478' title='bbox 2437 646 2634 700; x_wconf 85' lang='lat' dir='ltr'><strong>capere,</strong></span> <span class='ocrx_word' id='word_1_479' title='bbox 2661 638 2829 705; x_wconf 86' lang='lat' dir='ltr'><strong>capiat</strong></span> <span class='ocrx_word' id='word_1_480' title='bbox 2860 640 3073 709; x_wconf 79' lang='lat' dir='ltr'><strong>(Matth.</strong></span> <span class='ocrx_word' id='word_1_481' title='bbox 3110 618 3209 702; x_wconf 20' lang='grc'><strong>19..</strong></span> <span class='ocrx_word' id='word_1_482' title='bbox 3230 650 3341 720; x_wconf 76' lang='grc'><strong>12).</strong></span> <span class='ocrx_word' id='word_1_483' title='bbox 3371 618 3545 720; x_wconf 72' lang='lat' dir='ltr'><strong>Quod.</strong></span> 
     </span>
    </p>
   </div>
   <div class='ocr_carea' id='block_1_67' title="bbox 1935 710 3518 812">
    <p class='ocr_par' dir='ltr' id='par_1_67' title="bbox 1935 710 3518 812">
     <span class='ocr_line' id='line_1_67' title="bbox 1935 710 3518 812; baseline 0.024 -50"><span class='ocrx_word' id='word_1_484' title='bbox 1935 710 1980 762; x_wconf 91' lang='lat' dir='ltr'><strong>si</strong></span> <span class='ocrx_word' id='word_1_485' title='bbox 2011 711 2060 764; x_wconf 93' lang='lat' dir='ltr'><strong>id</strong></span> <span class='ocrx_word' id='word_1_486' title='bbox 2090 714 2350 785; x_wconf 89' lang='lat' dir='ltr'><strong>principio</strong></span> <span class='ocrx_word' id='word_1_487' title='bbox 2377 719 2549 774; x_wconf 85' lang='lat' dir='ltr'><strong>minus</strong></span> <span class='ocrx_word' id='word_1_488' title='bbox 2570 723 2746 791; x_wconf 87' lang='lat' dir='ltr'><strong>jussit,</strong></span> <span class='ocrx_word' id='word_1_489' title='bbox 2781 729 2910 785; x_wconf 85' lang='lat' dir='ltr'><strong>nihil</strong></span> <span class='ocrx_word' id='word_1_490' title='bbox 2936 735 3126 790; x_wconf 91' lang='lat' dir='ltr'><strong>mirum</strong></span> <span class='ocrx_word' id='word_1_491' title='bbox 3151 757 3163 792; x_wconf 76' lang='grc' dir='ltr'>ε</span> <span class='ocrx_word' id='word_1_492' title='bbox 3187 710 3359 812; x_wconf 65' lang='lat' dir='ltr'><strong>neque</strong></span> <span class='ocrx_word' id='word_1_493' title='bbox 3378 710 3518 799; x_wconf 65' lang='lat' dir='ltr'><strong>enim</strong></span> 
     </span>
    </p>
   </div>
   <div class='ocr_carea' id='block_1_68' title="bbox 1934 803 3525 905">
    <p class='ocr_par' dir='ltr' id='par_1_68' title="bbox 1934 803 3525 905">
     <span class='ocr_line' id='line_1_68' title="bbox 1934 803 3525 905; baseline 0.023 -51"><span class='ocrx_word' id='word_1_494' title='bbox 1934 803 2173 860; x_wconf 88' lang='lat' dir='ltr'><strong>medicus</strong></span> <span class='ocrx_word' id='word_1_495' title='bbox 2194 810 2368 862; x_wconf 90' lang='lat' dir='ltr'><strong>omnia</strong></span> <span class='ocrx_word' id='word_1_496' title='bbox 2395 812 2549 866; x_wconf 89' lang='lat' dir='ltr'><strong>simul</strong></span> <span class='ocrx_word' id='word_1_497' title='bbox 2573 820 2785 886; x_wconf 60' lang='lat' dir='ltr'><strong>aegrotis</strong></span> <span class='ocrx_word' id='word_1_498' title='bbox 2805 821 3101 895; x_wconf 88' lang='lat' dir='ltr'><strong>eodemque</strong></span> <span class='ocrx_word' id='word_1_499' title='bbox 3129 803 3368 901; x_wconf 73' lang='lat' dir='ltr'><strong>tempore</strong></span> <span class='ocrx_word' id='word_1_500' title='bbox 3389 851 3525 905; x_wconf 71' lang='lat' dir='ltr'><strong>prte-</strong></span> 
     </span>
    </p>
   </div>
   <div class='ocr_carea' id='block_1_69' title="bbox 1934 895 3522 982">
    <p class='ocr_par' dir='ltr' id='par_1_69' title="bbox 1934 895 3522 982">
     <span class='ocr_line' id='line_1_69' title="bbox 1934 895 3522 982; baseline 0.023 -36"><span class='ocrx_word' id='word_1_501' title='bbox 1934 895 2136 960; x_wconf 88' lang='lat' dir='ltr'><strong>scribit,</strong></span> <span class='ocrx_word' id='word_1_502' title='bbox 2173 899 2264 952; x_wconf 88' lang='lat' dir='ltr'><strong>sed</strong></span> <span class='ocrx_word' id='word_1_503' title='bbox 2293 916 2410 956; x_wconf 92' lang='lat' dir='ltr'><strong>cum</strong></span> <span class='ocrx_word' id='word_1_504' title='bbox 2444 919 2470 956; x_wconf 89' lang='lat' dir='ltr'><strong>a</strong></span> <span class='ocrx_word' id='word_1_505' title='bbox 2501 905 2632 961; x_wconf 87' lang='lat' dir='ltr'><strong>febri</strong></span> <span class='ocrx_word' id='word_1_506' title='bbox 2663 917 2925 978; x_wconf 89' lang='lat' dir='ltr'><strong>tenentur,</strong></span> <span class='ocrx_word' id='word_1_507' title='bbox 2957 930 2987 969; x_wconf 89' lang='lat' dir='ltr'><strong>a</strong></span> <span class='ocrx_word' id='word_1_508' title='bbox 3021 895 3252 975; x_wconf 40' lang='lat' dir='ltr'><strong>firmiori&#39;</strong></span> <span class='ocrx_word' id='word_1_509' title='bbox 3283 895 3404 980; x_wconf 78' lang='lat' dir='ltr'><strong>cibo</strong></span> <span class='ocrx_word' id='word_1_510' title='bbox 3426 942 3522 982; x_wconf 87' lang='lat' dir='ltr'><strong>eos</strong></span> 
     </span>
    </p>
   </div>
   <div class='ocr_carea' id='block_1_70' title="bbox 1933 999 3522 1084">
    <p class='ocr_par' dir='ltr' id='par_1_70' title="bbox 1933 999 3522 1084">
     <span class='ocr_line' id='line_1_70' title="bbox 1933 999 3522 1084; baseline 0.023 -47"><span class='ocrx_word' id='word_1_511' title='bbox 1933 999 2113 1054; x_wconf 88' lang='lat' dir='ltr'><strong>arcet;</strong></span> <span class='ocrx_word' id='word_1_512' title='bbox 2141 1006 2258 1044; x_wconf 89' lang='lat' dir='ltr'><strong>cum</strong></span> <span class='ocrx_word' id='word_1_513' title='bbox 2279 1009 2406 1048; x_wconf 88' lang='lat' dir='ltr'><strong>vero</strong></span> <span class='ocrx_word' id='word_1_514' title='bbox 2427 1007 2613 1051; x_wconf 81' lang='lat' dir='ltr'><strong>aestum</strong></span> <span class='ocrx_word' id='word_1_515' title='bbox 2635 1000 2780 1056; x_wconf 91' lang='lat' dir='ltr'><strong>illum</strong></span> <span class='ocrx_word' id='word_1_516' title='bbox 2801 1014 2956 1074; x_wconf 89' lang='lat' dir='ltr'><strong>atque</strong></span> <span class='ocrx_word' id='word_1_517' title='bbox 2977 1008 3044 1062; x_wconf 88' lang='lat' dir='ltr'><strong>ab</strong></span> <span class='ocrx_word' id='word_1_518' title='bbox 3069 1025 3134 1065; x_wconf 90' lang='lat' dir='ltr'><strong>eo</strong></span> <span class='ocrx_word' id='word_1_519' title='bbox 3159 1017 3367 1084; x_wconf 90' lang='lat' dir='ltr'><strong>corpori</strong></span> <span class='ocrx_word' id='word_1_520' title='bbox 3388 1033 3522 1073; x_wconf 76' lang='lat' dir='ltr'><strong>con-</strong></span> 
     </span>
    </p>
   </div>
   <div class='ocr_carea' id='block_1_71' title="bbox 1935 1081 3522 1173">
    <p class='ocr_par' dir='ltr' id='par_1_71' title="bbox 1935 1081 3522 1173">
     <span class='ocr_line' id='line_1_71' title="bbox 1935 1081 3522 1173; baseline 0.023 -45"><span class='ocrx_word' id='word_1_521' title='bbox 1935 1085 2152 1132; x_wconf 90' lang='lat' dir='ltr'><strong>tractam</strong></span> <span class='ocrx_word' id='word_1_522' title='bbox 2180 1081 2540 1141; x_wconf 89' lang='lat' dir='ltr'><strong>infirmitatem</strong></span> <span class='ocrx_word' id='word_1_523' title='bbox 2567 1090 2904 1162; x_wconf 87' lang='lat' dir='ltr'><strong>depulerunt,</strong></span> <span class='ocrx_word' id='word_1_524' title='bbox 2930 1107 3038 1154; x_wconf 90' lang='lat' dir='ltr'><strong>tttm</strong></span> <span class='ocrx_word' id='word_1_525' title='bbox 3064 1081 3280 1173; x_wconf 79' lang='lat' dir='ltr'><strong>ingratis</strong></span> <span class='ocrx_word' id='word_1_526' title='bbox 3305 1107 3522 1164; x_wconf 89' lang='lat' dir='ltr'><strong>demum</strong></span> 
     </span>
    </p>
   </div>
   <div class='ocr_carea' id='block_1_72' title="bbox 1931 1169 3518 1261">
    <p class='ocr_par' dir='ltr' id='par_1_72' title="bbox 1931 1169 3518 1261">
     <span class='ocr_line' id='line_1_72' title="bbox 1931 1169 3518 1261; baseline 0.023 -41"><span class='ocrx_word' id='word_1_527' title='bbox 1931 1169 2065 1224; x_wconf 90' lang='lat' dir='ltr'><strong>cibis</strong></span> <span class='ocrx_word' id='word_1_528' title='bbox 2104 1171 2358 1229; x_wconf 83' lang='lat' dir='ltr'><strong>liberatos</strong></span> <span class='ocrx_word' id='word_1_529' title='bbox 2387 1191 2603 1235; x_wconf 88' lang='lat' dir='ltr'><strong>assueto</strong></span> <span class='ocrx_word' id='word_1_530' title='bbox 2648 1187 2806 1239; x_wconf 90' lang='lat' dir='ltr'><strong>victui</strong></span> <span class='ocrx_word' id='word_1_531' title='bbox 2838 1189 3031 1244; x_wconf 88' lang='lat' dir='ltr'><strong>reddit.</strong></span> <span class='ocrx_word' id='word_1_532' title='bbox 3062 1169 3518 1261; x_wconf 80' lang='lat' dir='ltr'><strong>Quemadmodum</strong></span> 
     </span>
    </p>
   </div>
   <div class='ocr_carea' id='block_1_73' title="bbox 1930 1263 3519 1348">
    <p class='ocr_par' dir='ltr' id='par_1_73' title="bbox 1930 1263 3519 1348">
     <span class='ocr_line' id='line_1_73' title="bbox 1930 1263 3519 1348; baseline 0.023 -36"><span class='ocrx_word' id='word_1_533' title='bbox 1930 1276 2058 1315; x_wconf 84' lang='lat' dir='ltr'><strong>vero</strong></span> <span class='ocrx_word' id='word_1_534' title='bbox 2082 1263 2133 1316; x_wconf 91' lang='lat' dir='ltr'><strong>in</strong></span> <span class='ocrx_word' id='word_1_535' title='bbox 2151 1269 2464 1337; x_wconf 89' lang='lat' dir='ltr'><strong>corporibus</strong></span> <span class='ocrx_word' id='word_1_536' title='bbox 2492 1273 2755 1330; x_wconf 90' lang='lat' dir='ltr'><strong>elementa</strong></span> <span class='ocrx_word' id='word_1_537' title='bbox 2776 1278 2914 1334; x_wconf 88' lang='lat' dir='ltr'><strong>inter</strong></span> <span class='ocrx_word' id='word_1_538' title='bbox 2931 1298 2988 1336; x_wconf 90' lang='lat' dir='ltr'><strong>se</strong></span> <span class='ocrx_word' id='word_1_539' title='bbox 3005 1283 3267 1342; x_wconf 91' lang='lat' dir='ltr'><strong>discordia</strong></span> <span class='ocrx_word' id='word_1_540' title='bbox 3295 1305 3519 1348; x_wconf 82' lang='lat' dir='ltr'><strong>excessu</strong></span> 
     </span>
    </p>
   </div>
   <div class='ocr_carea' id='block_1_74' title="bbox 1929 1350 3516 1439">
    <p class='ocr_par' dir='ltr' id='par_1_74' title="bbox 1929 1350 3516 1439">
     <span class='ocr_line' id='line_1_74' title="bbox 1929 1350 3516 1439; baseline 0.023 -36"><span class='ocrx_word' id='word_1_541' title='bbox 1929 1350 2205 1411; x_wconf 86' lang='lat' dir='ltr'><strong>defectuve</strong></span> <span class='ocrx_word' id='word_1_542' title='bbox 2237 1360 2479 1416; x_wconf 89' lang='lat' dir='ltr'><strong>morbum</strong></span> <span class='ocrx_word' id='word_1_543' title='bbox 2520 1365 2810 1437; x_wconf 79' lang='lat' dir='ltr'><strong>concitant,</strong></span> <span class='ocrx_word' id='word_1_544' title='bbox 2847 1371 2915 1428; x_wconf 86' lang='lat' dir='ltr'><strong>ita</strong></span> <span class='ocrx_word' id='word_1_545' title='bbox 2945 1383 3000 1428; x_wconf 91' lang='lat' dir='ltr'><strong>et</strong></span> <span class='ocrx_word' id='word_1_546' title='bbox 3041 1377 3204 1432; x_wconf 86' lang='lat' dir='ltr'><strong>animi</strong></span> <span class='ocrx_word' id='word_1_547' title='bbox 3234 1382 3516 1439; x_wconf 89' lang='lat' dir='ltr'><strong>sanitatem</strong></span> 
     </span>
    </p>
   </div>
   <div class='ocr_carea' id='block_1_75' title="bbox 1927 1445 3518 1544">
    <p class='ocr_par' dir='ltr' id='par_1_75' title="bbox 1927 1445 3518 1544">
     <span class='ocr_line' id='line_1_75' title="bbox 1927 1445 3518 1544; baseline 0.02 -46"><span class='ocrx_word' id='word_1_548' title='bbox 1927 1445 2211 1503; x_wconf 76' lang='lat' dir='ltr'><strong>affectuum</strong></span> <span class='ocrx_word' id='word_1_549' title='bbox 2245 1451 2715 1515; x_wconf 87' lang='lat' dir='ltr'><strong>immoderationcs</strong></span> <span class='ocrx_word' id='word_1_550' title='bbox 2734 1475 3114 1534; x_wconf 86' lang='lat' dir='ltr'><strong>corrumpunt;</strong></span> <span class='ocrx_word' id='word_1_551' title='bbox 3138 1469 3193 1523; x_wconf 73' lang='lat' dir='ltr'><strong>in&quot;</strong></span> <span class='ocrx_word' id='word_1_552' title='bbox 3225 1472 3518 1544; x_wconf 90' lang='lat' dir='ltr'><strong>primisque</strong></span> 
     </span>
    </p>
   </div>
   <div class='ocr_carea' id='block_1_76' title="bbox 1926 1550 3516 1630">
    <p class='ocr_par' dir='ltr' id='par_1_76' title="bbox 1926 1550 3516 1630">
     <span class='ocr_line' id='line_1_76' title="bbox 1926 1550 3516 1630; baseline 0.017 -32"><span class='ocrx_word' id='word_1_553' title='bbox 1926 1561 2059 1614; x_wconf 88' lang='lat' dir='ltr'><strong>opus</strong></span> <span class='ocrx_word' id='word_1_554' title='bbox 2073 1555 2154 1600; x_wconf 90' lang='lat' dir='ltr'><strong>est</strong></span> <span class='ocrx_word' id='word_1_555' title='bbox 2168 1550 2597 1617; x_wconf 86' lang='lat' dir='ltr'><strong>tempestivitate,</strong></span> <span class='ocrx_word' id='word_1_556' title='bbox 2613 1563 2770 1623; x_wconf 89' lang='lat' dir='ltr'><strong>atque</strong></span> <span class='ocrx_word' id='word_1_557' title='bbox 2784 1566 2838 1610; x_wconf 93' lang='lat' dir='ltr'><strong>ut</strong></span> <span class='ocrx_word' id='word_1_558' title='bbox 2849 1559 2912 1612; x_wconf 91' lang='lat' dir='ltr'><strong>ad</strong></span> <span class='ocrx_word' id='word_1_559' title='bbox 2926 1561 3192 1630; x_wconf 89' lang='lat' dir='ltr'><strong>subjectas</strong></span> <span class='ocrx_word' id='word_1_560' title='bbox 3205 1565 3516 1624; x_wconf 75' lang='lat' dir='ltr'><strong>affectiones</strong></span> 
     </span>
    </p>
   </div>
   <div class='ocr_carea' id='block_1_77' title="bbox 1925 1639 3517 1721">
    <p class='ocr_par' dir='ltr' id='par_1_77' title="bbox 1925 1639 3517 1721">
     <span class='ocr_line' id='line_1_77' title="bbox 1925 1639 3517 1721; baseline 0.016 -31"><span class='ocrx_word' id='word_1_561' title='bbox 1925 1639 2382 1694; x_wconf 87' lang='lat' dir='ltr'><strong>accommodatum</strong></span> <span class='ocrx_word' id='word_1_562' title='bbox 2400 1656 2721 1713; x_wconf 74' lang='lat' dir='ltr'><strong>przeceptum</strong></span> <span class='ocrx_word' id='word_1_563' title='bbox 2740 1648 2826 1713; x_wconf 91' lang='lat' dir='ltr'><strong>sit;</strong></span> <span class='ocrx_word' id='word_1_564' title='bbox 2844 1650 3037 1721; x_wconf 91' lang='lat' dir='ltr'><strong>alioqui</strong></span> <span class='ocrx_word' id='word_1_565' title='bbox 3058 1654 3138 1707; x_wconf 82' lang='lat' dir='ltr'><strong>lex</strong></span> <span class='ocrx_word' id='word_1_566' title='bbox 3156 1656 3271 1710; x_wconf 90' lang='lat' dir='ltr'><strong>sine</strong></span> <span class='ocrx_word' id='word_1_567' title='bbox 3285 1657 3347 1711; x_wconf 92' lang='lat' dir='ltr'><strong>iis</strong></span> <span class='ocrx_word' id='word_1_568' title='bbox 3364 1660 3517 1714; x_wconf 84' lang='lat' dir='ltr'><strong>utris-</strong></span> 
     </span>
    </p>
   </div>
   <div class='ocr_carea' id='block_1_78' title="bbox 1924 1729 3513 1814">
    <p class='ocr_par' dir='ltr' id='par_1_78' title="bbox 1924 1729 3513 1814">
     <span class='ocr_line' id='line_1_78' title="bbox 1924 1729 3513 1814; baseline 0.016 -33"><span class='ocrx_word' id='word_1_569' title='bbox 1924 1744 2026 1797; x_wconf 91' lang='lat' dir='ltr'><strong>que</strong></span> <span class='ocrx_word' id='word_1_570' title='bbox 2041 1729 2107 1783; x_wconf 92' lang='lat' dir='ltr'><strong>ad</strong></span> <span class='ocrx_word' id='word_1_571' title='bbox 2120 1731 2489 1801; x_wconf 85' lang='lat' dir='ltr'><strong>corrigendam</strong></span> <span class='ocrx_word' id='word_1_572' title='bbox 2507 1736 2794 1791; x_wconf 82' lang='lat' dir='ltr'><strong>excitatam</strong></span> <span class='ocrx_word' id='word_1_573' title='bbox 2818 1739 3064 1798; x_wconf 78' lang='lat' dir='ltr'><strong>inanimo</strong></span> <span class='ocrx_word' id='word_1_574' title='bbox 3081 1745 3513 1814; x_wconf 88' lang='lat' dir='ltr'><strong>depravationem</strong></span> 
     </span>
    </p>
   </div>
   <div class='ocr_carea' id='block_1_79' title="bbox 1923 1814 3516 1900">
    <p class='ocr_par' dir='ltr' id='par_1_79' title="bbox 1923 1814 3516 1900">
     <span class='ocr_line' id='line_1_79' title="bbox 1923 1814 3516 1900; baseline 0.017 -27"><span class='ocrx_word' id='word_1_575' title='bbox 1923 1820 2142 1877; x_wconf 89' lang='lat' dir='ltr'><strong>minime</strong></span> <span class='ocrx_word' id='word_1_576' title='bbox 2169 1825 2415 1890; x_wconf 84' lang='lat' dir='ltr'><strong>sufficiet,</strong></span> <span class='ocrx_word' id='word_1_577' title='bbox 2445 1828 2583 1883; x_wconf 91' lang='lat' dir='ltr'><strong>sicut</strong></span> <span class='ocrx_word' id='word_1_578' title='bbox 2603 1845 2703 1884; x_wconf 87' lang='lat' dir='ltr'><strong>nec</strong></span> <span class='ocrx_word' id='word_1_579' title='bbox 2732 1814 3342 1896; x_wconf 45' lang='lat' dir='ltr'><strong>medicamentorumais</strong></span> <span class='ocrx_word' id='word_1_580' title='bbox 3363 1843 3516 1900; x_wconf 82' lang='lat' dir='ltr'><strong>ulcus</strong></span> 
     </span>
    </p>
   </div>
   <div class='ocr_carea' id='block_1_80' title="bbox 1923 1921 3509 2000">
    <p class='ocr_par' dir='ltr' id='par_1_80' title="bbox 1923 1921 3509 2000">
     <span class='ocr_line' id='line_1_80' title="bbox 1923 1921 3509 2000; baseline 0.015 -35"><span class='ocrx_word' id='word_1_581' title='bbox 1923 1927 2112 1968; x_wconf 87' lang='lat' dir='ltr'><strong>sanare</strong></span> <span class='ocrx_word' id='word_1_582' title='bbox 2137 1930 2230 1983; x_wconf 88' lang='lat' dir='ltr'><strong>per</strong></span> <span class='ocrx_word' id='word_1_583' title='bbox 2253 1931 2311 1971; x_wconf 89' lang='lat' dir='ltr'><strong>se</strong></span> <span class='ocrx_word' id='word_1_584' title='bbox 2342 1921 2572 1986; x_wconf 90' lang='lat' dir='ltr'><strong>poterit:</strong></span> <span class='ocrx_word' id='word_1_585' title='bbox 2603 1937 2724 1976; x_wconf 90' lang='lat' dir='ltr'><strong>nam</strong></span> <span class='ocrx_word' id='word_1_586' title='bbox 2755 1925 2895 1993; x_wconf 91' lang='lat' dir='ltr'><strong>quod</strong></span> <span class='ocrx_word' id='word_1_587' title='bbox 2925 1929 3156 1983; x_wconf 89' lang='lat' dir='ltr'><strong>remedia</strong></span> <span class='ocrx_word' id='word_1_588' title='bbox 3184 1933 3509 2000; x_wconf 84' lang='lat' dir='ltr'><strong>vulneribus,</strong></span> 
     </span>
    </p>
   </div>
   <div class='ocr_carea' id='block_1_81' title="bbox 1921 2003 3509 2092">
    <p class='ocr_par' dir='ltr' id='par_1_81' title="bbox 1921 2003 3509 2092">
     <span class='ocr_line' id='line_1_81' title="bbox 1921 2003 3509 2092; baseline 0.015 -34"><span class='ocrx_word' id='word_1_589' title='bbox 1921 2003 1974 2058; x_wconf 92' lang='lat' dir='ltr'><strong>id</strong></span> <span class='ocrx_word' id='word_1_590' title='bbox 2002 2005 2144 2060; x_wconf 89' lang='lat' dir='ltr'><strong>vitiis</strong></span> <span class='ocrx_word' id='word_1_591' title='bbox 2170 2008 2314 2077; x_wconf 89' lang='lat' dir='ltr'><strong>leges</strong></span> <span class='ocrx_word' id='word_1_592' title='bbox 2344 2020 2619 2078; x_wconf 69' lang='lat' dir='ltr'><strong>prwstant.</strong></span> <span class='ocrx_word' id='word_1_593' title='bbox 2653 2015 2729 2068; x_wconf 93' lang='lat' dir='ltr'><strong>Tu</strong></span> <span class='ocrx_word' id='word_1_594' title='bbox 2761 2031 2888 2071; x_wconf 88' lang='lat' dir='ltr'><strong>vero</strong></span> <span class='ocrx_word' id='word_1_595' title='bbox 2916 2019 3178 2075; x_wconf 89' lang='lat' dir='ltr'><strong>medicum</strong></span> <span class='ocrx_word' id='word_1_596' title='bbox 3205 2038 3347 2092; x_wconf 65' lang='lat' dir='ltr'><strong>saepe</strong></span> <span class='ocrx_word' id='word_1_597' title='bbox 3369 2025 3509 2082; x_wconf 89' lang='lat' dir='ltr'><strong>idem</strong></span> 
     </span>
    </p>
   </div>
   <div class='ocr_carea' id='block_1_82' title="bbox 1921 2097 3507 2178">
    <p class='ocr_par' dir='ltr' id='par_1_82' title="bbox 1921 2097 3507 2178">
     <span class='ocr_line' id='line_1_82' title="bbox 1921 2097 3507 2178; baseline 0.014 -29"><span class='ocrx_word' id='word_1_598' title='bbox 1921 2097 2114 2151; x_wconf 75' lang='lat' dir='ltr'><strong>VUanS</strong></span> <span class='ocrx_word' id='word_1_599' title='bbox 2143 2113 2284 2153; x_wconf 90' lang='lat' dir='ltr'><strong>nunc</strong></span> <span class='ocrx_word' id='word_1_600' title='bbox 2313 2113 2605 2170; x_wconf 85' lang='lat' dir='ltr'><strong>secantem,</strong></span> <span class='ocrx_word' id='word_1_601' title='bbox 2649 2122 2790 2162; x_wconf 85' lang='lat' dir='ltr'><strong>nunc</strong></span> <span class='ocrx_word' id='word_1_602' title='bbox 2815 2120 3096 2178; x_wconf 78' lang='lat' dir='ltr'><strong>iurentem,</strong></span> <span class='ocrx_word' id='word_1_603' title='bbox 3140 2129 3281 2169; x_wconf 90' lang='lat' dir='ltr'><strong>nunc</strong></span> <span class='ocrx_word' id='word_1_604' title='bbox 3319 2115 3507 2172; x_wconf 83' lang='lat' dir='ltr'><strong>Iterum</strong></span> 
     </span>
    </p>
   </div>
   <div class='ocr_carea' id='block_1_83' title="bbox 1920 2193 3510 2275">
    <p class='ocr_par' dir='ltr' id='par_1_83' title="bbox 1920 2193 3510 2275">
     <span class='ocr_line' id='line_1_83' title="bbox 1920 2193 3510 2275; baseline 0.013 -31"><span class='ocrx_word' id='word_1_605' title='bbox 1920 2201 2165 2246; x_wconf 89' lang='lat' dir='ltr'><strong>neutrum</strong></span> <span class='ocrx_word' id='word_1_606' title='bbox 2210 2193 2509 2260; x_wconf 88' lang='lat' dir='ltr'><strong>facientem,</strong></span> <span class='ocrx_word' id='word_1_607' title='bbox 2557 2202 2852 2266; x_wconf 70' lang='lat' dir='ltr'><strong>priesertim</strong></span> <span class='ocrx_word' id='word_1_608' title='bbox 2881 2204 2970 2273; x_wconf 92' lang='lat' dir='ltr'><strong>qui</strong></span> <span class='ocrx_word' id='word_1_609' title='bbox 3014 2203 3320 2275; x_wconf 85' lang='lat' dir='ltr'><strong>frequenter</strong></span> <span class='ocrx_word' id='word_1_610' title='bbox 3347 2225 3376 2263; x_wconf 92' lang='lat' dir='ltr'><strong>a</strong></span> <span class='ocrx_word' id='word_1_611' title='bbox 3404 2212 3510 2266; x_wconf 89' lang='lat' dir='ltr'><strong>line</strong></span> 
     </span>
    </p>
   </div>
   <div class='ocr_carea' id='block_1_84' title="bbox 1917 2282 3507 2365">
    <p class='ocr_par' dir='ltr' id='par_1_84' title="bbox 1917 2282 3507 2365">
     <span class='ocr_line' id='line_1_84' title="bbox 1917 2282 3507 2365; baseline 0.013 -30"><span class='ocrx_word' id='word_1_612' title='bbox 1917 2282 2151 2348; x_wconf 90' lang='lat' dir='ltr'><strong>aberret,</strong></span> <span class='ocrx_word' id='word_1_613' title='bbox 2178 2301 2283 2339; x_wconf 91' lang='lat' dir='ltr'><strong>non</strong></span> <span class='ocrx_word' id='word_1_614' title='bbox 2316 2302 2507 2357; x_wconf 85' lang='lat' dir='ltr'><strong>urges:</strong></span> <span class='ocrx_word' id='word_1_615' title='bbox 2541 2289 2705 2344; x_wconf 91' lang='lat' dir='ltr'><strong>Deum</strong></span> <span class='ocrx_word' id='word_1_616' title='bbox 2732 2308 2881 2361; x_wconf 90' lang='lat' dir='ltr'><strong>vero,</strong></span> <span class='ocrx_word' id='word_1_617' title='bbox 2908 2296 2996 2365; x_wconf 92' lang='lat' dir='ltr'><strong>qui</strong></span> <span class='ocrx_word' id='word_1_618' title='bbox 3024 2297 3186 2352; x_wconf 92' lang='lat' dir='ltr'><strong>homo</strong></span> <span class='ocrx_word' id='word_1_619' title='bbox 3223 2300 3317 2365; x_wconf 91' lang='lat' dir='ltr'><strong>sis,</strong></span> <span class='ocrx_word' id='word_1_620' title='bbox 3348 2318 3507 2356; x_wconf 64' lang='lat' dir='ltr'><strong>numa-</strong></span> 
     </span>
    </p>
   </div>
   <div class='ocr_carea' id='block_1_85' title="bbox 1917 2376 3506 2461">
    <p class='ocr_par' dir='ltr' id='par_1_85' title="bbox 1917 2376 3506 2461">
     <span class='ocr_line' id='line_1_85' title="bbox 1917 2376 3506 2461; baseline 0.013 -35"><span class='ocrx_word' id='word_1_621' title='bbox 1917 2389 2075 2444; x_wconf 89' lang='lat' dir='ltr'><strong>quam</strong></span> <span class='ocrx_word' id='word_1_622' title='bbox 2101 2376 2460 2444; x_wconf 84' lang='lat' dir='ltr'><strong>aberrantem,</strong></span> <span class='ocrx_word' id='word_1_623' title='bbox 2491 2380 2585 2435; x_wconf 91' lang='lat' dir='ltr'><strong>sed</strong></span> <span class='ocrx_word' id='word_1_624' title='bbox 2613 2384 2789 2437; x_wconf 90' lang='lat' dir='ltr'><strong>omnia</strong></span> <span class='ocrx_word' id='word_1_625' title='bbox 2818 2395 2874 2439; x_wconf 84' lang='grc' dir='ltr'><strong>ιιι</strong></span> <span class='ocrx_word' id='word_1_626' title='bbox 2894 2389 3010 2454; x_wconf 88' lang='lat' dir='ltr'><strong>ejus</strong></span> <span class='ocrx_word' id='word_1_627' title='bbox 3037 2388 3251 2458; x_wconf 89' lang='lat' dir='ltr'><strong>dignum</strong></span> <span class='ocrx_word' id='word_1_628' title='bbox 3290 2393 3506 2461; x_wconf 74' lang='lat' dir='ltr'><strong>sapien—</strong></span> 
     </span>
    </p>
   </div>
   <div class='ocr_carea' id='block_1_86' title="bbox 1918 2465 3503 2550">
    <p class='ocr_par' dir='ltr' id='par_1_86' title="bbox 1918 2465 3503 2550">
     <span class='ocr_line' id='line_1_86' title="bbox 1918 2465 3503 2550; baseline 0.012 -31"><span class='ocrx_word' id='word_1_629' title='bbox 1918 2465 1988 2520; x_wconf 90' lang='lat' dir='ltr'><strong>tia</strong></span> <span class='ocrx_word' id='word_1_630' title='bbox 2011 2475 2094 2520; x_wconf 90' lang='lat' dir='ltr'><strong>est</strong></span> <span class='ocrx_word' id='word_1_631' title='bbox 2119 2467 2505 2536; x_wconf 88' lang='lat' dir='ltr'><strong>moderantem,</strong></span> <span class='ocrx_word' id='word_1_632' title='bbox 2529 2472 2798 2540; x_wconf 84' lang='lat' dir='ltr'><strong>Obtundis,</strong></span> <span class='ocrx_word' id='word_1_633' title='bbox 2829 2475 2897 2529; x_wconf 90' lang='lat' dir='ltr'><strong>ab</strong></span> <span class='ocrx_word' id='word_1_634' title='bbox 2919 2493 3089 2548; x_wconf 90' lang='lat' dir='ltr'><strong>eoque</strong></span> <span class='ocrx_word' id='word_1_635' title='bbox 3116 2491 3503 2550; x_wconf 77' lang='lat' dir='ltr'><strong>praeceptorum</strong></span> 
     </span>
    </p>
   </div>
   <div class='ocr_carea' id='block_1_87' title="bbox 1916 2556 3504 2642">
    <p class='ocr_par' dir='ltr' id='par_1_87' title="bbox 1916 2556 3504 2642">
     <span class='ocr_line' id='line_1_87' title="bbox 1916 2556 3504 2642; baseline 0.014 -34"><span class='ocrx_word' id='word_1_636' title='bbox 1916 2556 2177 2611; x_wconf 90' lang='lat' dir='ltr'><strong>rationem</strong></span> <span class='ocrx_word' id='word_1_637' title='bbox 2203 2559 2396 2629; x_wconf 87' lang='lat' dir='ltr'><strong>exigis,</strong></span> <span class='ocrx_word' id='word_1_638' title='bbox 2415 2576 2585 2632; x_wconf 91' lang='lat' dir='ltr'><strong>neque</strong></span> <span class='ocrx_word' id='word_1_639' title='bbox 2607 2563 2825 2620; x_wconf 63' lang='lat' dir='ltr'><strong>infinitae</strong></span> <span class='ocrx_word' id='word_1_640' title='bbox 2847 2567 3119 2636; x_wconf 69' lang='lat' dir='ltr'><strong>sapientia:</strong></span> <span class='ocrx_word' id='word_1_641' title='bbox 3146 2579 3411 2642; x_wconf 90' lang='lat' dir='ltr'><strong>tamquam</strong></span> <span class='ocrx_word' id='word_1_642' title='bbox 3437 2576 3504 2630; x_wconf 82' lang='lat' dir='ltr'><strong>de</strong></span> 
     </span>
    </p>
   </div>
   <div class='ocr_carea' id='block_1_88' title="bbox 1915 2648 3502 2733">
    <p class='ocr_par' dir='ltr' id='par_1_88' title="bbox 1915 2648 3502 2733">
     <span class='ocr_line' id='line_1_88' title="bbox 1915 2648 3502 2733; baseline 0.013 -32"><span class='ocrx_word' id='word_1_643' title='bbox 1915 2648 1996 2702; x_wconf 88' lang='lat' dir='ltr'><strong>via</strong></span> <span class='ocrx_word' id='word_1_644' title='bbox 2027 2648 2214 2703; x_wconf 84' lang='lat' dir='ltr'><strong>cedis?</strong></span> <span class='ocrx_word' id='word_1_645' title='bbox 2254 2651 2335 2704; x_wconf 89' lang='lat' dir='ltr'><strong>An</strong></span> <span class='ocrx_word' id='word_1_646' title='bbox 2367 2667 2471 2706; x_wconf 90' lang='lat' dir='ltr'><strong>non</strong></span> <span class='ocrx_word' id='word_1_647' title='bbox 2503 2669 2564 2709; x_wconf 90' lang='lat' dir='ltr'><strong>ea</strong></span> <span class='ocrx_word' id='word_1_648' title='bbox 2592 2664 2828 2711; x_wconf 81' lang='lat' dir='ltr'><strong>extrema</strong></span> <span class='ocrx_word' id='word_1_649' title='bbox 2853 2661 3084 2715; x_wconf 88' lang='lat' dir='ltr'><strong>amentia</strong></span> <span class='ocrx_word' id='word_1_650' title='bbox 3122 2664 3242 2718; x_wconf 81' lang='lat' dir='ltr'><strong>est?</strong></span> <span class='ocrx_word' id='word_1_651' title='bbox 3268 2662 3502 2733; x_wconf 76' lang='lat' dir='ltr'><strong>Crescite,</strong></span> 
     </span>
    </p>
   </div>
   <div class='ocr_carea' id='block_1_89' title="bbox 1914 2742 3504 2831">
    <p class='ocr_par' dir='ltr' id='par_1_89' title="bbox 1914 2742 3504 2831">
     <span class='ocr_line' id='line_1_89' title="bbox 1914 2742 3504 2831; baseline 0.014 -36"><span class='ocrx_word' id='word_1_652' title='bbox 1914 2742 2008 2807; x_wconf 88' lang='lat' dir='ltr'><strong>ait,</strong></span> <span class='ocrx_word' id='word_1_653' title='bbox 2050 2753 2097 2798; x_wconf 91' lang='lat' dir='ltr'><strong>et</strong></span> <span class='ocrx_word' id='word_1_654' title='bbox 2138 2747 2550 2816; x_wconf 81' lang='lat' dir='ltr'><strong>multiplicamini</strong></span> <span class='ocrx_word' id='word_1_655' title='bbox 2577 2751 2727 2823; x_wconf 82' lang='lat' dir='ltr'><strong>(Gen.</strong></span> <span class='ocrx_word' id='word_1_656' title='bbox 2777 2756 2831 2810; x_wconf 82' lang='lat' dir='ltr'><strong>I.</strong></span> <span class='ocrx_word' id='word_1_657' title='bbox 2871 2755 2985 2827; x_wconf 75' lang='lat'><strong>28).</strong></span> <span class='ocrx_word' id='word_1_658' title='bbox 3037 2757 3092 2812; x_wconf 92' lang='lat' dir='ltr'><strong>Id</strong></span> <span class='ocrx_word' id='word_1_659' title='bbox 3118 2761 3261 2816; x_wconf 90' lang='lat' dir='ltr'><strong>enim</strong></span> <span class='ocrx_word' id='word_1_660' title='bbox 3293 2771 3504 2831; x_wconf 80' lang='lat' dir='ltr'><strong>tempus</strong></span> 
     </span>
    </p>
   </div>
   <div class='ocr_carea' id='block_1_90' title="bbox 1915 2837 3501 2920">
    <p class='ocr_par' dir='ltr' id='par_1_90' title="bbox 1915 2837 3501 2920">
     <span class='ocr_line' id='line_1_90' title="bbox 1915 2837 3501 2920; baseline 0.015 -33"><span class='ocrx_word' id='word_1_661' title='bbox 1915 2837 2238 2903; x_wconf 89' lang='lat' dir='ltr'><strong>postulabat,</strong></span> <span class='ocrx_word' id='word_1_662' title='bbox 2269 2838 2480 2897; x_wconf 89' lang='lat' dir='ltr'><strong>furente</strong></span> <span class='ocrx_word' id='word_1_663' title='bbox 2511 2854 2720 2911; x_wconf 90' lang='lat' dir='ltr'><strong>natura,</strong></span> <span class='ocrx_word' id='word_1_664' title='bbox 2750 2862 2814 2902; x_wconf 91' lang='lat' dir='ltr'><strong>ac</strong></span> <span class='ocrx_word' id='word_1_665' title='bbox 2842 2865 3013 2920; x_wconf 91' lang='lat' dir='ltr'><strong>neque</strong></span> <span class='ocrx_word' id='word_1_666' title='bbox 3040 2851 3105 2906; x_wconf 91' lang='lat' dir='ltr'><strong>ad</strong></span> <span class='ocrx_word' id='word_1_667' title='bbox 3132 2853 3368 2913; x_wconf 85' lang='lat' dir='ltr'><strong>libidinis</strong></span> <span class='ocrx_word' id='word_1_668' title='bbox 3397 2857 3501 2910; x_wconf 86' lang='lat' dir='ltr'><strong>im-</strong></span> 
     </span>
    </p>
   </div>
   <div class='ocr_carea' id='block_1_91' title="bbox 1914 2933 3500 3013">
    <p class='ocr_par' dir='ltr' id='par_1_91' title="bbox 1914 2933 3500 3013">
     <span class='ocr_line' id='line_1_91' title="bbox 1914 2933 3500 3013; baseline 0.013 -32"><span class='ocrx_word' id='word_1_669' title='bbox 1914 2937 2091 2997; x_wconf 89' lang='lat' dir='ltr'><strong>petum</strong></span> <span class='ocrx_word' id='word_1_670' title='bbox 2132 2933 2478 2998; x_wconf 89' lang='lat' dir='ltr'><strong>consistente,</strong></span> <span class='ocrx_word' id='word_1_671' title='bbox 2514 2952 2687 3006; x_wconf 88' lang='lat' dir='ltr'><strong>neque</strong></span> <span class='ocrx_word' id='word_1_672' title='bbox 2727 2940 2779 2993; x_wconf 92' lang='lat' dir='ltr'><strong>in</strong></span> <span class='ocrx_word' id='word_1_673' title='bbox 2825 2955 2885 2995; x_wconf 89' lang='lat' dir='ltr'><strong>ea</strong></span> <span class='ocrx_word' id='word_1_674' title='bbox 2934 2951 3248 3012; x_wconf 87' lang='lat' dir='ltr'><strong>tempestate</strong></span> <span class='ocrx_word' id='word_1_675' title='bbox 3289 2957 3500 3013; x_wconf 90' lang='lat' dir='ltr'><strong>portum</strong></span> 
     </span>
    </p>
   </div>
   <div class='ocr_carea' id='block_1_92' title="bbox 1912 3021 3498 3106">
    <p class='ocr_par' dir='ltr' id='par_1_92' title="bbox 1912 3021 3498 3106">
     <span class='ocr_line' id='line_1_92' title="bbox 1912 3021 3498 3106; baseline 0.013 -33"><span class='ocrx_word' id='word_1_676' title='bbox 1912 3021 2074 3106; x_wconf 81' lang='lat' dir='ltr'><strong>alium</strong></span> <span class='ocrx_word' id='word_1_677' title='bbox 2101 3038 2206 3091; x_wconf 93' lang='lat' dir='ltr'><strong>quo</strong></span> <span class='ocrx_word' id='word_1_678' title='bbox 2237 3025 2548 3096; x_wconf 84' lang='lat' dir='ltr'><strong>confugeret</strong></span> <span class='ocrx_word' id='word_1_679' title='bbox 2575 3029 2819 3086; x_wconf 89' lang='lat' dir='ltr'><strong>habente.</strong></span> <span class='ocrx_word' id='word_1_680' title='bbox 2851 3032 2953 3087; x_wconf 88' lang='lat' dir='ltr'><strong>Sed</strong></span> <span class='ocrx_word' id='word_1_681' title='bbox 2985 3035 3111 3103; x_wconf 89' lang='lat' dir='ltr'><strong>quid</strong></span> <span class='ocrx_word' id='word_1_682' title='bbox 3135 3036 3498 3106; x_wconf 89' lang='lat' dir='ltr'><strong>imperandum</strong></span> 
     </span>
    </p>
   </div>
   <div class='ocr_carea' id='block_1_93' title="bbox 1910 3101 3500 3190">
    <p class='ocr_par' dir='ltr' id='par_1_93' title="bbox 1910 3101 3500 3190">
     <span class='ocr_line' id='line_1_93' title="bbox 1910 3101 3500 3190; baseline 0.014 -33"><span class='ocrx_word' id='word_1_683' title='bbox 1910 3101 2046 3160; x_wconf 86' lang='lat' dir='ltr'><strong>fuit?</strong></span> <span class='ocrx_word' id='word_1_684' title='bbox 2075 3115 2134 3160; x_wconf 92' lang='lat' dir='ltr'><strong>ut</strong></span> <span class='ocrx_word' id='word_1_685' title='bbox 2153 3108 2202 3162; x_wconf 93' lang='lat' dir='ltr'><strong>in</strong></span> <span class='ocrx_word' id='word_1_686' title='bbox 2229 3111 2554 3165; x_wconf 81' lang='lat' dir='ltr'><strong>continentia</strong></span> <span class='ocrx_word' id='word_1_687' title='bbox 2585 3128 2648 3167; x_wconf 91' lang='lat' dir='ltr'><strong>ac</strong></span> <span class='ocrx_word' id='word_1_688' title='bbox 2673 3115 2973 3186; x_wconf 86' lang='lat' dir='ltr'><strong>virginitate</strong></span> <span class='ocrx_word' id='word_1_689' title='bbox 2993 3101 3285 3190; x_wconf 82' lang='lat' dir='ltr'><strong>degerent?</strong></span> <span class='ocrx_word' id='word_1_690' title='bbox 3304 3126 3374 3177; x_wconf 85' lang='lat' dir='ltr'><strong>At</strong></span> <span class='ocrx_word' id='word_1_691' title='bbox 3398 3123 3500 3179; x_wconf 88' lang='lat' dir='ltr'><strong>hoc</strong></span> 
     </span>
    </p>
   </div>
   <div class='ocr_carea' id='block_1_94' title="bbox 1909 3199 3497 3273">
    <p class='ocr_par' dir='ltr' id='par_1_94' title="bbox 1909 3199 3497 3273">
     <span class='ocr_line' id='line_1_94' title="bbox 1909 3199 3497 3273; baseline 0.012 -21"><span class='ocrx_word' id='word_1_692' title='bbox 1909 3207 1964 3253; x_wconf 91' lang='lat' dir='ltr'><strong>et</strong></span> <span class='ocrx_word' id='word_1_693' title='bbox 1993 3199 2197 3270; x_wconf 91' lang='lat' dir='ltr'><strong>lapsum</strong></span> <span class='ocrx_word' id='word_1_694' title='bbox 2230 3203 2508 3273; x_wconf 87' lang='lat' dir='ltr'><strong>majorem,</strong></span> <span class='ocrx_word' id='word_1_695' title='bbox 2539 3215 2593 3261; x_wconf 91' lang='lat' dir='ltr'><strong>et</strong></span> <span class='ocrx_word' id='word_1_696' title='bbox 2619 3207 3072 3266; x_wconf 87' lang='lat' dir='ltr'><strong>vehementiorem</strong></span> <span class='ocrx_word' id='word_1_697' title='bbox 3113 3212 3381 3270; x_wconf 85' lang='lat' dir='ltr'><strong>ﬂammam</strong></span> <span class='ocrx_word' id='word_1_698' title='bbox 3412 3215 3497 3271; x_wconf 87' lang='lat' dir='ltr'><strong>cf—</strong></span> 
     </span>
    </p>
   </div>
   <div class='ocr_carea' id='block_1_95' title="bbox 1909 3289 3496 3378">
    <p class='ocr_par' dir='ltr' id='par_1_95' title="bbox 1909 3289 3496 3378">
     <span class='ocr_line' id='line_1_95' title="bbox 1909 3289 3496 3378; baseline 0.012 -35"><span class='ocrx_word' id='word_1_699' title='bbox 1909 3289 2140 3347; x_wconf 90' lang='lat' dir='ltr'><strong>fecisset.</strong></span> <span class='ocrx_word' id='word_1_700' title='bbox 2169 3293 2298 3348; x_wconf 85' lang='lat' dir='ltr'><strong>Nam</strong></span> <span class='ocrx_word' id='word_1_701' title='bbox 2329 3296 2373 3350; x_wconf 89' lang='lat' dir='ltr'><strong>si</strong></span> <span class='ocrx_word' id='word_1_702' title='bbox 2403 3298 2522 3367; x_wconf 89' lang='lat' dir='ltr'><strong>quis</strong></span> <span class='ocrx_word' id='word_1_703' title='bbox 2551 3313 2766 3368; x_wconf 86' lang='lat' dir='ltr'><strong>pueros,</strong></span> <span class='ocrx_word' id='word_1_704' title='bbox 2815 3303 2902 3372; x_wconf 90' lang='lat' dir='ltr'><strong>qui</strong></span> <span class='ocrx_word' id='word_1_705' title='bbox 2935 3303 3070 3359; x_wconf 84' lang='lat' dir='ltr'><strong>lacte</strong></span> <span class='ocrx_word' id='word_1_706' title='bbox 3111 3305 3284 3361; x_wconf 91' lang='lat' dir='ltr'><strong>solum</strong></span> <span class='ocrx_word' id='word_1_707' title='bbox 3315 3319 3496 3378; x_wconf 87' lang='lat' dir='ltr'><strong>egent,</strong></span> 
     </span>
    </p>
   </div>
   <div class='ocr_carea' id='block_1_96' title="bbox 1907 3386 3494 3470">
    <p class='ocr_par' dir='ltr' id='par_1_96' title="bbox 1907 3386 3494 3470">
     <span class='ocr_line' id='line_1_96' title="bbox 1907 3386 3494 3470; baseline 0.011 -31"><span class='ocrx_word' id='word_1_708' title='bbox 1907 3386 1976 3441; x_wconf 89' lang='lat' dir='ltr'><strong>ab</strong></span> <span class='ocrx_word' id='word_1_709' title='bbox 2007 3402 2071 3440; x_wconf 89' lang='lat' dir='ltr'><strong>co</strong></span> <span class='ocrx_word' id='word_1_710' title='bbox 2100 3387 2220 3441; x_wconf 93' lang='lat' dir='ltr'><strong>cibo</strong></span> <span class='ocrx_word' id='word_1_711' title='bbox 2250 3398 2484 3445; x_wconf 88' lang='lat' dir='ltr'><strong>remotos</strong></span> <span class='ocrx_word' id='word_1_712' title='bbox 2513 3392 2641 3446; x_wconf 86' lang='lat' dir='ltr'><strong>viris</strong></span> <span class='ocrx_word' id='word_1_713' title='bbox 2685 3409 2920 3464; x_wconf 89' lang='lat' dir='ltr'><strong>congruo</strong></span> <span class='ocrx_word' id='word_1_714' title='bbox 2961 3397 3101 3451; x_wconf 87' lang='lat' dir='ltr'><strong>vesci</strong></span> <span class='ocrx_word' id='word_1_715' title='bbox 3148 3408 3322 3470; x_wconf 84' lang='lat' dir='ltr'><strong>cogat,</strong></span> <span class='ocrx_word' id='word_1_716' title='bbox 3364 3399 3494 3456; x_wconf 90' lang='lat' dir='ltr'><strong>nihil</strong></span> 
     </span>
    </p>
   </div>
   <div class='ocr_carea' id='block_1_97' title="bbox 1909 3478 3491 3556">
    <p class='ocr_par' dir='ltr' id='par_1_97' title="bbox 1909 3478 3491 3556">
     <span class='ocr_line' id='line_1_97' title="bbox 1909 3478 3491 3556; baseline 0.008 -24"><span class='ocrx_word' id='word_1_717' title='bbox 1909 3478 2182 3549; x_wconf 90' lang='lat' dir='ltr'><strong>impediet,</strong></span> <span class='ocrx_word' id='word_1_718' title='bbox 2206 3497 2311 3550; x_wconf 93' lang='lat' dir='ltr'><strong>quo</strong></span> <span class='ocrx_word' id='word_1_719' title='bbox 2338 3483 2514 3539; x_wconf 90' lang='lat' dir='ltr'><strong>minus</strong></span> <span class='ocrx_word' id='word_1_720' title='bbox 2545 3500 2572 3539; x_wconf 90' lang='lat' dir='ltr'><strong>e</strong></span> <span class='ocrx_word' id='word_1_721' title='bbox 2603 3487 2828 3556; x_wconf 87' lang='lat' dir='ltr'><strong>vestigio</strong></span> <span class='ocrx_word' id='word_1_722' title='bbox 2853 3498 3093 3556; x_wconf 85' lang='lat' dir='ltr'><strong>pereant.</strong></span> <span class='ocrx_word' id='word_1_723' title='bbox 3125 3489 3354 3545; x_wconf 88' lang='lat' dir='ltr'><strong>Tantum</strong></span> <span class='ocrx_word' id='word_1_724' title='bbox 3380 3507 3491 3545; x_wconf 61' lang='lat' dir='ltr'><strong>mao</strong></span> 
     </span>
    </p>
   </div>
   <div class='ocr_carea' id='block_1_98' title="bbox 1905 3571 3492 3653">
    <p class='ocr_par' dir='ltr' id='par_1_98' title="bbox 1905 3571 3492 3653">
     <span class='ocr_line' id='line_1_98' title="bbox 1905 3571 3492 3653; baseline 0.008 -27"><span class='ocrx_word' id='word_1_725' title='bbox 1905 3571 2014 3626; x_wconf 91' lang='lat' dir='ltr'><strong>lum</strong></span> <span class='ocrx_word' id='word_1_726' title='bbox 2046 3582 2128 3629; x_wconf 89' lang='lat' dir='ltr'><strong>est</strong></span> <span class='ocrx_word' id='word_1_727' title='bbox 2165 3575 2627 3645; x_wconf 86' lang='lat' dir='ltr'><strong>intempestivitas.</strong></span> <span class='ocrx_word' id='word_1_728' title='bbox 2679 3579 2976 3651; x_wconf 82' lang='lat' dir='ltr'><strong>Eaproptcr</strong></span> <span class='ocrx_word' id='word_1_729' title='bbox 3017 3582 3295 3653; x_wconf 82' lang='lat' dir='ltr'><strong>virginitas</strong></span> <span class='ocrx_word' id='word_1_730' title='bbox 3341 3585 3492 3638; x_wconf 91' lang='lat' dir='ltr'><strong>initio</strong></span> 
     </span>
    </p>
   </div>
   <div class='ocr_carea' id='block_1_99' title="bbox 1905 3665 3492 3744">
    <p class='ocr_par' dir='ltr' id='par_1_99' title="bbox 1905 3665 3492 3744">
     <span class='ocr_line' id='line_1_99' title="bbox 1905 3665 3492 3744; baseline 0.008 -25"><span class='ocrx_word' id='word_1_731' title='bbox 1905 3665 2026 3720; x_wconf 90' lang='lat' dir='ltr'><strong>data</strong></span> <span class='ocrx_word' id='word_1_732' title='bbox 2062 3681 2168 3721; x_wconf 92' lang='lat' dir='ltr'><strong>non</strong></span> <span class='ocrx_word' id='word_1_733' title='bbox 2195 3679 2310 3732; x_wconf 88' lang='lat' dir='ltr'><strong>est;</strong></span> <span class='ocrx_word' id='word_1_734' title='bbox 2341 3669 2447 3724; x_wconf 90' lang='lat' dir='ltr'><strong>imo</strong></span> <span class='ocrx_word' id='word_1_735' title='bbox 2471 3685 2599 3725; x_wconf 89' lang='lat' dir='ltr'><strong>vero</strong></span> <span class='ocrx_word' id='word_1_736' title='bbox 2627 3671 2903 3741; x_wconf 84' lang='lat' dir='ltr'><strong>virginitas</strong></span> <span class='ocrx_word' id='word_1_737' title='bbox 2935 3684 2990 3729; x_wconf 90' lang='lat' dir='ltr'><strong>et</strong></span> <span class='ocrx_word' id='word_1_738' title='bbox 3021 3675 3190 3738; x_wconf 89' lang='lat' dir='ltr'><strong>initio,</strong></span> <span class='ocrx_word' id='word_1_739' title='bbox 3221 3686 3276 3730; x_wconf 92' lang='lat' dir='ltr'><strong>et</strong></span> <span class='ocrx_word' id='word_1_740' title='bbox 3303 3679 3492 3744; x_wconf 83' lang='lat' dir='ltr'><strong>matri-</strong></span> 
     </span>
    </p>
   </div>
   <div class='ocr_carea' id='block_1_100' title="bbox 1904 3759 3489 3835">
    <p class='ocr_par' dir='ltr' id='par_1_100' title="bbox 1904 3759 3489 3835">
     <span class='ocr_line' id='line_1_100' title="bbox 1904 3759 3489 3835; baseline 0.009 -24"><span class='ocrx_word' id='word_1_741' title='bbox 1904 3759 2084 3812; x_wconf 89' lang='lat' dir='ltr'><strong>monio</strong></span> <span class='ocrx_word' id='word_1_742' title='bbox 2116 3760 2261 3828; x_wconf 87' lang='lat' dir='ltr'><strong>prior</strong></span> <span class='ocrx_word' id='word_1_743' title='bbox 2293 3760 2516 3828; x_wconf 86' lang='lat' dir='ltr'><strong>exstitit,</strong></span> <span class='ocrx_word' id='word_1_744' title='bbox 2550 3763 2642 3817; x_wconf 91' lang='lat' dir='ltr'><strong>sed</strong></span> <span class='ocrx_word' id='word_1_745' title='bbox 2675 3776 2960 3835; x_wconf 90' lang='lat' dir='ltr'><strong>eapropter</strong></span> <span class='ocrx_word' id='word_1_746' title='bbox 2989 3767 3180 3822; x_wconf 90' lang='lat' dir='ltr'><strong>invasit</strong></span> <span class='ocrx_word' id='word_1_747' title='bbox 3211 3770 3489 3824; x_wconf 88' lang='lat' dir='ltr'><strong>matrimo-</strong></span> 
     </span>
    </p>
   </div>
   <div class='ocr_carea' id='block_1_101' title="bbox 1904 3849 3492 3929">
    <p class='ocr_par' dir='ltr' id='par_1_101' title="bbox 1904 3849 3492 3929">
     <span class='ocr_line' id='line_1_101' title="bbox 1904 3849 3492 3929; baseline 0.008 -28"><span class='ocrx_word' id='word_1_748' title='bbox 1904 3849 2049 3903; x_wconf 89' lang='lat' dir='ltr'><strong>nium</strong></span> <span class='ocrx_word' id='word_1_749' title='bbox 2074 3851 2351 3921; x_wconf 85' lang='lat' dir='ltr'><strong>visumque</strong></span> <span class='ocrx_word' id='word_1_750' title='bbox 2377 3855 2735 3909; x_wconf 83' lang='lat' dir='ltr'><strong>necessarium</strong></span> <span class='ocrx_word' id='word_1_751' title='bbox 2762 3866 2866 3922; x_wconf 81' lang='lat' dir='ltr'><strong>est,</strong></span> <span class='ocrx_word' id='word_1_752' title='bbox 2885 3872 3030 3925; x_wconf 90' lang='lat' dir='ltr'><strong>cum,</strong></span> <span class='ocrx_word' id='word_1_753' title='bbox 3050 3859 3091 3912; x_wconf 85' lang='lat' dir='ltr'><strong>si</strong></span> <span class='ocrx_word' id='word_1_754' title='bbox 3111 3860 3325 3929; x_wconf 90' lang='lat' dir='ltr'><strong>quidem</strong></span> <span class='ocrx_word' id='word_1_755' title='bbox 3348 3860 3492 3915; x_wconf 83' lang='lat' dir='ltr'><strong>Ada-</strong></span> 
     </span>
    </p>
   </div>
   <div class='ocr_carea' id='block_1_102' title="bbox 1902 3942 3486 4022">
    <p class='ocr_par' dir='ltr' id='par_1_102' title="bbox 1902 3942 3486 4022">
     <span class='ocr_line' id='line_1_102' title="bbox 1902 3942 3486 4022; baseline 0.008 -28"><span class='ocrx_word' id='word_1_756' title='bbox 1902 3956 2022 3995; x_wconf 91' lang='lat' dir='ltr'><strong>mus</strong></span> <span class='ocrx_word' id='word_1_757' title='bbox 2051 3942 2309 3998; x_wconf 89' lang='lat' dir='ltr'><strong>obediens</strong></span> <span class='ocrx_word' id='word_1_758' title='bbox 2335 3947 2640 4011; x_wconf 88' lang='lat' dir='ltr'><strong>mansisset,</strong></span> <span class='ocrx_word' id='word_1_759' title='bbox 2665 3961 2730 4001; x_wconf 90' lang='lat' dir='ltr'><strong>eo</strong></span> <span class='ocrx_word' id='word_1_760' title='bbox 2753 3961 2888 4016; x_wconf 80' lang='lat' dir='ltr'><strong>Opus</strong></span> <span class='ocrx_word' id='word_1_761' title='bbox 2910 3965 3015 4004; x_wconf 91' lang='lat' dir='ltr'><strong>non</strong></span> <span class='ocrx_word' id='word_1_762' title='bbox 3049 3950 3252 4006; x_wconf 87' lang='lat' dir='ltr'><strong>fuisset.</strong></span> <span class='ocrx_word' id='word_1_763' title='bbox 3283 3952 3486 4022; x_wconf 86' lang='lat' dir='ltr'><strong>Atqui,</strong></span> 
     </span>
    </p>
   </div>
   <div class='ocr_carea' id='block_1_103' title="bbox 1902 4033 3487 4114">
    <p class='ocr_par' dir='ltr' id='par_1_103' title="bbox 1902 4033 3487 4114">
     <span class='ocr_line' id='line_1_103' title="bbox 1902 4033 3487 4114; baseline 0.009 -28"><span class='ocrx_word' id='word_1_764' title='bbox 1902 4033 2093 4103; x_wconf 90' lang='lat' dir='ltr'><strong>inquit,</strong></span> <span class='ocrx_word' id='word_1_765' title='bbox 2125 4044 2204 4090; x_wconf 91' lang='lat' dir='ltr'><strong>tot</strong></span> <span class='ocrx_word' id='word_1_766' title='bbox 2222 4037 2383 4092; x_wconf 90' lang='lat' dir='ltr'><strong>millia</strong></span> <span class='ocrx_word' id='word_1_767' title='bbox 2423 4038 2906 4112; x_wconf 81' lang='lat' dir='ltr'><strong>prodiissent?Ego</strong></span> <span class='ocrx_word' id='word_1_768' title='bbox 2932 4058 3080 4108; x_wconf 91' lang='lat' dir='ltr'><strong>vero,</strong></span> <span class='ocrx_word' id='word_1_769' title='bbox 3130 4047 3344 4114; x_wconf 88' lang='lat' dir='ltr'><strong>quando</strong></span> <span class='ocrx_word' id='word_1_770' title='bbox 3372 4045 3487 4101; x_wconf 66' lang='lat' dir='ltr'><strong>huic</strong></span> 
     </span>
    </p>
   </div>
   <div class='ocr_carea' id='block_1_104' title="bbox 1901 4126 3485 4197">
    <p class='ocr_par' dir='ltr' id='par_1_104' title="bbox 1901 4126 3485 4197">
     <span class='ocr_line' id='line_1_104' title="bbox 1901 4126 3485 4197; baseline 0.008 -17"><span class='ocrx_word' id='word_1_771' title='bbox 1901 4135 1955 4181; x_wconf 91' lang='lat' dir='ltr'><strong>te</strong></span> <span class='ocrx_word' id='word_1_772' title='bbox 1980 4126 2205 4182; x_wconf 90' lang='lat' dir='ltr'><strong>formido</strong></span> <span class='ocrx_word' id='word_1_773' title='bbox 2232 4128 2516 4184; x_wconf 90' lang='lat' dir='ltr'><strong>admodum</strong></span> <span class='ocrx_word' id='word_1_774' title='bbox 2541 4131 2832 4187; x_wconf 83' lang='lat' dir='ltr'><strong>sollicitans</strong></span> <span class='ocrx_word' id='word_1_775' title='bbox 2860 4142 3056 4197; x_wconf 89' lang='lat' dir='ltr'><strong>manet,</strong></span> <span class='ocrx_word' id='word_1_776' title='bbox 3088 4134 3276 4189; x_wconf 89' lang='lat' dir='ltr'><strong>iterum</strong></span> <span class='ocrx_word' id='word_1_777' title='bbox 3305 4137 3399 4191; x_wconf 91' lang='lat' dir='ltr'><strong>abs</strong></span> <span class='ocrx_word' id='word_1_778' title='bbox 3429 4148 3485 4192; x_wconf 88' lang='lat' dir='ltr'><strong>te</strong></span> 
     </span>
    </p>
   </div>
   <div class='ocr_carea' id='block_1_105' title="bbox 1899 4221 3485 4289">
    <p class='ocr_par' dir='ltr' id='par_1_105' title="bbox 1899 4221 3485 4289">
     <span class='ocr_line' id='line_1_105' title="bbox 1899 4221 3485 4289; baseline 0.006 -16"><span class='ocrx_word' id='word_1_779' title='bbox 1899 4235 2104 4288; x_wconf 65' lang='lat' dir='ltr'><strong>quaero,</strong></span> <span class='ocrx_word' id='word_1_780' title='bbox 2133 4221 2274 4275; x_wconf 92' lang='lat' dir='ltr'><strong>unde</strong></span> <span class='ocrx_word' id='word_1_781' title='bbox 2302 4221 2454 4275; x_wconf 89' lang='lat' dir='ltr'><strong>nobis</strong></span> <span class='ocrx_word' id='word_1_782' title='bbox 2495 4222 2746 4286; x_wconf 80' lang='lat' dir='ltr'><strong>Adamus,</strong></span> <span class='ocrx_word' id='word_1_783' title='bbox 2779 4223 2920 4278; x_wconf 90' lang='lat' dir='ltr'><strong>unde</strong></span> <span class='ocrx_word' id='word_1_784' title='bbox 2946 4225 3076 4289; x_wconf 87' lang='lat' dir='ltr'><strong>Eva,</strong></span> <span class='ocrx_word' id='word_1_785' title='bbox 3111 4228 3216 4278; x_wconf 82' lang='lat' dir='ltr'><strong>nan</strong></span> <span class='ocrx_word' id='word_1_786' title='bbox 3248 4227 3485 4282; x_wconf 85' lang='lat' dir='ltr'><strong>interve-</strong></span> 
     </span>
    </p>
   </div>
   <div class='ocr_carea' id='block_1_106' title="bbox 1899 4312 3487 4385">
    <p class='ocr_par' dir='ltr' id='par_1_106' title="bbox 1899 4312 3487 4385">
     <span class='ocr_line' id='line_1_106' title="bbox 1899 4312 3487 4385; baseline 0.003 -19"><span class='ocrx_word' id='word_1_787' title='bbox 1899 4313 2078 4366; x_wconf 89' lang='lat' dir='ltr'><strong>niente</strong></span> <span class='ocrx_word' id='word_1_788' title='bbox 2094 4312 2470 4365; x_wconf 83' lang='lat' dir='ltr'><strong>matrimonio?</strong></span> <span class='ocrx_word' id='word_1_789' title='bbox 2485 4313 2618 4379; x_wconf 86' lang='lat' dir='ltr'><strong>Quid</strong></span> <span class='ocrx_word' id='word_1_790' title='bbox 2643 4314 2831 4380; x_wconf 84' lang='lat' dir='ltr'><strong>igitur?</strong></span> <span class='ocrx_word' id='word_1_791' title='bbox 2853 4314 3013 4376; x_wconf 88' lang='lat' dir='ltr'><strong>itane,</strong></span> <span class='ocrx_word' id='word_1_792' title='bbox 3034 4316 3225 4385; x_wconf 88' lang='lat' dir='ltr'><strong>inquit,</strong></span> <span class='ocrx_word' id='word_1_793' title='bbox 3245 4316 3487 4371; x_wconf 86' lang='lat' dir='ltr'><strong>homines</strong></span> 
     </span>
    </p>
   </div>
   <div class='ocr_carea' id='block_1_107' title="bbox 1899 4403 3484 4474">
    <p class='ocr_par' dir='ltr' id='par_1_107' title="bbox 1899 4403 3484 4474">
     <span class='ocr_line' id='line_1_107' title="bbox 1899 4403 3484 4474; baseline 0.004 -16"><span class='ocrx_word' id='word_1_794' title='bbox 1899 4419 2084 4458; x_wconf 91' lang='lat' dir='ltr'><strong>omnes</strong></span> <span class='ocrx_word' id='word_1_795' title='bbox 2119 4411 2271 4457; x_wconf 89' lang='lat' dir='ltr'><strong>erant</strong></span> <span class='ocrx_word' id='word_1_796' title='bbox 2297 4403 2587 4457; x_wconf 83' lang='lat' dir='ltr'><strong>nascituri?</strong></span> <span class='ocrx_word' id='word_1_797' title='bbox 2616 4403 2727 4458; x_wconf 82' lang='lat' dir='ltr'><strong>Hoc</strong></span> <span class='ocrx_word' id='word_1_798' title='bbox 2752 4419 2818 4458; x_wconf 88' lang='lat' dir='ltr'><strong>an</strong></span> <span class='ocrx_word' id='word_1_799' title='bbox 2849 4405 2954 4458; x_wconf 89' lang='lat' dir='ltr'><strong>alio</strong></span> <span class='ocrx_word' id='word_1_800' title='bbox 2975 4406 3152 4474; x_wconf 92' lang='lat' dir='ltr'><strong>modo,</strong></span> <span class='ocrx_word' id='word_1_801' title='bbox 3184 4407 3321 4462; x_wconf 88' lang='lat' dir='ltr'><strong>haud</strong></span> <span class='ocrx_word' id='word_1_802' title='bbox 3354 4424 3484 4466; x_wconf 89' lang='lat' dir='ltr'><strong>sane</strong></span> 
     </span>
    </p>
   </div>
   <div class='ocr_carea' id='block_1_108' title="bbox 1899 4494 3478 4570">
    <p class='ocr_par' dir='ltr' id='par_1_108' title="bbox 1899 4494 3478 4570">
     <span class='ocr_line' id='line_1_108' title="bbox 1899 4494 3478 4570; baseline 0.003 -21"><span class='ocrx_word' id='word_1_803' title='bbox 1899 4495 2069 4550; x_wconf 89' lang='lat' dir='ltr'><strong>habeo</strong></span> <span class='ocrx_word' id='word_1_804' title='bbox 2088 4495 2296 4560; x_wconf 91' lang='lat' dir='ltr'><strong>dicere;</strong></span> <span class='ocrx_word' id='word_1_805' title='bbox 2321 4494 2448 4548; x_wconf 91' lang='lat' dir='ltr'><strong>illud</strong></span> <span class='ocrx_word' id='word_1_806' title='bbox 2471 4495 2613 4548; x_wconf 89' lang='lat' dir='ltr'><strong>enim</strong></span> <span class='ocrx_word' id='word_1_807' title='bbox 2633 4511 2773 4550; x_wconf 90' lang='lat' dir='ltr'><strong>nunc</strong></span> <span class='ocrx_word' id='word_1_808' title='bbox 2794 4496 2986 4567; x_wconf 91' lang='lat' dir='ltr'><strong>agitur,</strong></span> <span class='ocrx_word' id='word_1_809' title='bbox 3013 4497 3122 4552; x_wconf 90' lang='lat' dir='ltr'><strong>Deo</strong></span> <span class='ocrx_word' id='word_1_810' title='bbox 3138 4498 3202 4552; x_wconf 90' lang='lat' dir='ltr'><strong>ad</strong></span> <span class='ocrx_word' id='word_1_811' title='bbox 3226 4499 3478 4570; x_wconf 78' lang='lat' dir='ltr'><strong>frequen-</strong></span> 
     </span>
    </p>
   </div>
   <div class='ocr_carea' id='block_1_109' title="bbox 1899 4587 3472 4662">
    <p class='ocr_par' dir='ltr' id='par_1_109' title="bbox 1899 4587 3472 4662">
     <span class='ocr_line' id='line_1_109' title="bbox 1899 4587 3472 4662; baseline 0.002 -19"><span class='ocrx_word' id='word_1_812' title='bbox 1899 4588 2088 4644; x_wconf 88' lang='lat' dir='ltr'><strong>tandos</strong></span> <span class='ocrx_word' id='word_1_813' title='bbox 2120 4589 2172 4642; x_wconf 87' lang='lat' dir='ltr'><strong>in</strong></span> <span class='ocrx_word' id='word_1_814' title='bbox 2204 4597 2344 4643; x_wconf 84' lang='lat' dir='ltr'><strong>terra</strong></span> <span class='ocrx_word' id='word_1_815' title='bbox 2366 4587 2610 4643; x_wconf 90' lang='lat' dir='ltr'><strong>homines</strong></span> <span class='ocrx_word' id='word_1_816' title='bbox 2637 4589 2978 4644; x_wconf 89' lang='lat' dir='ltr'><strong>matrimonio</strong></span> <span class='ocrx_word' id='word_1_817' title='bbox 2999 4607 3128 4662; x_wconf 83' lang='lat' dir='ltr'><strong>opus</strong></span> <span class='ocrx_word' id='word_1_818' title='bbox 3151 4607 3254 4646; x_wconf 92' lang='lat' dir='ltr'><strong>non</strong></span> <span class='ocrx_word' id='word_1_819' title='bbox 3285 4591 3472 4648; x_wconf 83' lang='lat' dir='ltr'><strong>fuisse.</strong></span> 
     </span>
    </p>
   </div>
   <div class='ocr_carea' id='block_1_110' title="bbox 1966 4701 3480 4775">
    <p class='ocr_par' dir='ltr' id='par_1_110' title="bbox 1966 4701 3480 4775">
     <span class='ocr_line' id='line_1_110' title="bbox 1966 4701 3480 4775; baseline 0.002 -19"><span class='ocrx_word' id='word_1_820' title='bbox 1966 4702 2153 4756; x_wconf 80' lang='lat' dir='ltr'><strong>XVIII.</strong></span> <span class='ocrx_word' id='word_1_821' title='bbox 2184 4701 2304 4756; x_wconf 85' lang='lat' dir='ltr'><strong>Non</strong></span> <span class='ocrx_word' id='word_1_822' title='bbox 2345 4702 2678 4772; x_wconf 81' lang='lat' dir='ltr'><strong>virginitatem</strong></span> <span class='ocrx_word' id='word_1_823' title='bbox 2707 4720 2864 4775; x_wconf 83' lang='lat' dir='ltr'><strong>genus</strong></span> <span class='ocrx_word' id='word_1_824' title='bbox 2891 4715 3116 4759; x_wconf 83' lang='lat' dir='ltr'><strong>nostrum</strong></span> <span class='ocrx_word' id='word_1_825' title='bbox 3143 4706 3440 4760; x_wconf 86' lang='lat' dir='ltr'><strong>imminuere</strong></span> <span class='ocrx_word' id='word_1_826' title='bbox 3465 4748 3480 4770; x_wconf 88' lang='lat'><strong>,</strong></span> 
     </span>
    </p>
   </div>
   <div class='ocr_carea' id='block_1_111' title="bbox 1896 4793 3484 4866">
    <p class='ocr_par' dir='ltr' id='par_1_111' title="bbox 1896 4793 3484 4866">
     <span class='ocr_line' id='line_1_111' title="bbox 1896 4793 3484 4866; baseline 0.004 -20"><span class='ocrx_word' id='word_1_827' title='bbox 1896 4793 1984 4846; x_wconf 81' lang='lat' dir='ltr'><strong>sed</strong></span> <span class='ocrx_word' id='word_1_828' title='bbox 2008 4804 2286 4863; x_wconf 80' lang='lat' dir='ltr'><strong>peccatum.</strong></span> <span class='ocrx_word' id='word_1_829' title='bbox 2316 4824 2383 4833; x_wconf 96' lang='lat'>—</span> <span class='ocrx_word' id='word_1_830' title='bbox 2414 4793 2524 4848; x_wconf 85' lang='lat' dir='ltr'><strong>Nec</strong></span> <span class='ocrx_word' id='word_1_831' title='bbox 2554 4811 2681 4848; x_wconf 89' lang='lat' dir='ltr'><strong>vero</strong></span> <span class='ocrx_word' id='word_1_832' title='bbox 2711 4797 3011 4849; x_wconf 90' lang='lat' dir='ltr'><strong>mortalium</strong></span> <span class='ocrx_word' id='word_1_833' title='bbox 3054 4799 3233 4865; x_wconf 88' lang='lat' dir='ltr'><strong>generi</strong></span> <span class='ocrx_word' id='word_1_834' title='bbox 3265 4798 3484 4866; x_wconf 84' lang='lat' dir='ltr'><strong>virgini-</strong></span> 
     </span>
    </p>
   </div>
   <div class='ocr_carea' id='block_1_112' title="bbox 1897 4886 3482 4958">
    <p class='ocr_par' dir='ltr' id='par_1_112' title="bbox 1897 4886 3482 4958">
     <span class='ocr_line' id='line_1_112' title="bbox 1897 4886 3482 4958; baseline 0.005 -20"><span class='ocrx_word' id='word_1_835' title='bbox 1897 4893 2056 4938; x_wconf 90' lang='lat' dir='ltr'><strong>tatem</strong></span> <span class='ocrx_word' id='word_1_836' title='bbox 2106 4886 2373 4940; x_wconf 89' lang='lat' dir='ltr'><strong>interitum</strong></span> <span class='ocrx_word' id='word_1_837' title='bbox 2437 4901 2783 4954; x_wconf 79' lang='lat' dir='ltr'><strong>comparare,</strong></span> <span class='ocrx_word' id='word_1_838' title='bbox 2830 4887 2923 4942; x_wconf 89' lang='lat' dir='ltr'><strong>sed</strong></span> <span class='ocrx_word' id='word_1_839' title='bbox 2971 4886 3164 4958; x_wconf 81' lang='lat' dir='ltr'><strong>ﬂagitia</strong></span> <span class='ocrx_word' id='word_1_840' title='bbox 3212 4900 3265 4944; x_wconf 91' lang='lat' dir='ltr'><strong>ct</strong></span> <span class='ocrx_word' id='word_1_841' title='bbox 3312 4889 3482 4946; x_wconf 65' lang='lat' dir='ltr'><strong>foedos</strong></span> 
     </span>
    </p>
   </div>
   <div class='ocr_carea' id='block_1_113' title="bbox 1894 4975 3482 5049">
    <p class='ocr_par' dir='ltr' id='par_1_113' title="bbox 1894 4975 3482 5049">
     <span class='ocr_line' id='line_1_113' title="bbox 1894 4975 3482 5049; baseline 0.003 -20"><span class='ocrx_word' id='word_1_842' title='bbox 1894 4975 2087 5041; x_wconf 90' lang='lat' dir='ltr'><strong>coitus,</strong></span> <span class='ocrx_word' id='word_1_843' title='bbox 2119 4977 2350 5031; x_wconf 86' lang='lat' dir='ltr'><strong>ostendit</strong></span> <span class='ocrx_word' id='word_1_844' title='bbox 2375 4977 2461 5030; x_wconf 88' lang='lat' dir='ltr'><strong>illa</strong></span> <span class='ocrx_word' id='word_1_845' title='bbox 2487 4975 2598 5030; x_wconf 86' lang='lat' dir='ltr'><strong>Noe</strong></span> <span class='ocrx_word' id='word_1_846' title='bbox 2616 4986 2927 5046; x_wconf 85' lang='lat' dir='ltr'><strong>tempestate</strong></span> <span class='ocrx_word' id='word_1_847' title='bbox 2956 4979 3250 5045; x_wconf 91' lang='lat' dir='ltr'><strong>hominum,</strong></span> <span class='ocrx_word' id='word_1_848' title='bbox 3271 4981 3482 5049; x_wconf 85' lang='lat' dir='ltr'><strong>jumen-</strong></span> 
     </span>
    </p>
   </div>
   <div class='ocr_carea' id='block_1_114' title="bbox 1897 5069 3480 5134">
    <p class='ocr_par' dir='ltr' id='par_1_114' title="bbox 1897 5069 3480 5134">
     <span class='ocr_line' id='line_1_114' title="bbox 1897 5069 3480 5134; baseline 0.001 -11"><span class='ocrx_word' id='word_1_849' title='bbox 1897 5078 2090 5134; x_wconf 91' lang='lat' dir='ltr'><strong>torum,</strong></span> <span class='ocrx_word' id='word_1_850' title='bbox 2129 5069 2362 5124; x_wconf 88' lang='lat' dir='ltr'><strong>breviter</strong></span> <span class='ocrx_word' id='word_1_851' title='bbox 2389 5071 2626 5124; x_wconf 91' lang='lat' dir='ltr'><strong>omnium</strong></span> <span class='ocrx_word' id='word_1_852' title='bbox 2658 5070 2711 5123; x_wconf 91' lang='lat' dir='ltr'><strong>in</strong></span> <span class='ocrx_word' id='word_1_853' title='bbox 2753 5071 2908 5124; x_wconf 90' lang='lat' dir='ltr'><strong>terris</strong></span> <span class='ocrx_word' id='word_1_854' title='bbox 2940 5072 3285 5126; x_wconf 89' lang='lat' dir='ltr'><strong>animantium</strong></span> <span class='ocrx_word' id='word_1_855' title='bbox 3317 5073 3480 5127; x_wconf 87' lang='lat' dir='ltr'><strong>inter-</strong></span> 
     </span>
    </p>
   </div>
   <div class='ocr_carea' id='block_1_115' title="bbox 1893 5159 3481 5220">
    <p class='ocr_par' dir='ltr' id='par_1_115' title="bbox 1893 5159 3481 5220">
     <span class='ocr_line' id='line_1_115' title="bbox 1893 5159 3481 5220; baseline 0.004 -7"><span class='ocrx_word' id='word_1_856' title='bbox 1893 5161 2067 5214; x_wconf 90' lang='lat' dir='ltr'><strong>necio.</strong></span> <span class='ocrx_word' id='word_1_857' title='bbox 2114 5159 2244 5214; x_wconf 79' lang='lat' dir='ltr'><strong>Nam</strong></span> <span class='ocrx_word' id='word_1_858' title='bbox 2274 5162 2319 5215; x_wconf 90' lang='lat' dir='ltr'><strong>si</strong></span> <span class='ocrx_word' id='word_1_859' title='bbox 2362 5169 2472 5215; x_wconf 91' lang='lat' dir='ltr'><strong>tum</strong></span> <span class='ocrx_word' id='word_1_860' title='bbox 2517 5160 2786 5216; x_wconf 72' lang='lat' dir='ltr'><strong>obscdime</strong></span> <span class='ocrx_word' id='word_1_861' title='bbox 2813 5162 2862 5216; x_wconf 90' lang='lat' dir='ltr'><strong>ei</strong></span> <span class='ocrx_word' id='word_1_862' title='bbox 2908 5161 3114 5216; x_wconf 87' lang='lat' dir='ltr'><strong>libidini</strong></span> <span class='ocrx_word' id='word_1_863' title='bbox 3159 5163 3481 5220; x_wconf 87' lang='lat' dir='ltr'><strong>restitissent</strong></span> 
     </span>
    </p>
   </div>
   <div class='ocr_carea' id='block_1_116' title="bbox 1895 5248 3477 5324">
    <p class='ocr_par' dir='ltr' id='par_1_116' title="bbox 1895 5248 3477 5324">
     <span class='ocr_line' id='line_1_116' title="bbox 1895 5248 3477 5324; baseline 0.003 -21"><span class='ocrx_word' id='word_1_864' title='bbox 1895 5249 1989 5304; x_wconf 89' lang='lat' dir='ltr'><strong>Dei</strong></span> <span class='ocrx_word' id='word_1_865' title='bbox 2016 5248 2130 5317; x_wconf 83' lang='lat' dir='ltr'><strong>filii,</strong></span> <span class='ocrx_word' id='word_1_866' title='bbox 2182 5249 2335 5320; x_wconf 85' lang='lat' dir='ltr'><strong>(Gen.</strong></span> <span class='ocrx_word' id='word_1_867' title='bbox 2358 5249 2409 5304; x_wconf 90' lang='lat'><strong>6.</strong></span> <span class='ocrx_word' id='word_1_868' title='bbox 2422 5249 2479 5320; x_wconf 76' lang='grc'><strong>2)</strong></span> <span class='ocrx_word' id='word_1_869' title='bbox 2502 5264 2566 5304; x_wconf 91' lang='lat' dir='ltr'><strong>ac</strong></span> <span class='ocrx_word' id='word_1_870' title='bbox 2579 5248 2939 5318; x_wconf 88' lang='lat' dir='ltr'><strong>virginitatem</strong></span> <span class='ocrx_word' id='word_1_871' title='bbox 2955 5252 3268 5317; x_wconf 90' lang='lat' dir='ltr'><strong>coluissent,</strong></span> <span class='ocrx_word' id='word_1_872' title='bbox 3304 5269 3477 5324; x_wconf 87' lang='lat' dir='ltr'><strong>neque</strong></span> 
     </span>
    </p>
   </div>
   <div class='ocr_carea' id='block_1_117' title="bbox 1893 5338 3474 5416">
    <p class='ocr_par' dir='ltr' id='par_1_117' title="bbox 1893 5338 3474 5416">
     <span class='ocr_line' id='line_1_117' title="bbox 1893 5338 3474 5416; baseline 0.003 -22"><span class='ocrx_word' id='word_1_873' title='bbox 1893 5339 2169 5394; x_wconf 86' lang='lat' dir='ltr'><strong>hominum</strong></span> <span class='ocrx_word' id='word_1_874' title='bbox 2194 5338 2330 5393; x_wconf 83' lang='lat' dir='ltr'><strong>filias</strong></span> <span class='ocrx_word' id='word_1_875' title='bbox 2359 5340 2557 5409; x_wconf 90' lang='lat' dir='ltr'><strong>iniquis</strong></span> <span class='ocrx_word' id='word_1_876' title='bbox 2599 5339 2767 5394; x_wconf 90' lang='lat' dir='ltr'><strong>oculis</strong></span> <span class='ocrx_word' id='word_1_877' title='bbox 2793 5342 3144 5410; x_wconf 80' lang='lat' dir='ltr'><strong>aspexissent,</strong></span> <span class='ocrx_word' id='word_1_878' title='bbox 3188 5359 3474 5416; x_wconf 86' lang='lat' dir='ltr'><strong>numquam</strong></span> 
     </span>
    </p>
   </div>
   <div class='ocr_carea' id='block_1_118' title="bbox 1895 5429 3473 5502">
    <p class='ocr_par' dir='ltr' id='par_1_118' title="bbox 1895 5429 3473 5502">
     <span class='ocr_line' id='line_1_118' title="bbox 1895 5429 3473 5502; baseline 0.004 -18"><span class='ocrx_word' id='word_1_879' title='bbox 1895 5429 2011 5484; x_wconf 61' lang='lat' dir='ltr'><strong>haec</strong></span> <span class='ocrx_word' id='word_1_880' title='bbox 2039 5444 2134 5484; x_wconf 91' lang='lat' dir='ltr'><strong>eos</strong></span> <span class='ocrx_word' id='word_1_881' title='bbox 2160 5429 2424 5498; x_wconf 84' lang='lat' dir='ltr'><strong>pernicies</strong></span> <span class='ocrx_word' id='word_1_882' title='bbox 2453 5431 2824 5498; x_wconf 76' lang='lat' dir='ltr'><strong>Oppressisset.</strong></span> <span class='ocrx_word' id='word_1_883' title='bbox 2866 5433 3040 5502; x_wconf 85' lang='lat' dir='ltr'><strong>Atque</strong></span> <span class='ocrx_word' id='word_1_884' title='bbox 3065 5432 3179 5488; x_wconf 71' lang='lat' dir='ltr'><strong>bmc</strong></span> <span class='ocrx_word' id='word_1_885' title='bbox 3210 5436 3372 5491; x_wconf 87' lang='lat' dir='ltr'><strong>nolim</strong></span> <span class='ocrx_word' id='word_1_886' title='bbox 3407 5439 3473 5491; x_wconf 82' lang='lat' dir='ltr'><strong>ita</strong></span> 
     </span>
    </p>
   </div>
   <div class='ocr_carea' id='block_1_119' title="bbox 1891 5520 3471 5590">
    <p class='ocr_par' dir='ltr' id='par_1_119' title="bbox 1891 5520 3471 5590">
     <span class='ocr_line' id='line_1_119' title="bbox 1891 5520 3471 5590; baseline 0.006 -16"><span class='ocrx_word' id='word_1_887' title='bbox 1891 5520 2079 5589; x_wconf 84' lang='lat' dir='ltr'><strong>accipi,</strong></span> <span class='ocrx_word' id='word_1_888' title='bbox 2107 5520 2256 5590; x_wconf 88' lang='lat' dir='ltr'><strong>quasi</strong></span> <span class='ocrx_word' id='word_1_889' title='bbox 2301 5537 2488 5576; x_wconf 91' lang='lat' dir='ltr'><strong>eorum</strong></span> <span class='ocrx_word' id='word_1_890' title='bbox 2513 5520 2716 5576; x_wconf 86' lang='lat' dir='ltr'><strong>cladem</strong></span> <span class='ocrx_word' id='word_1_891' title='bbox 2755 5521 2807 5576; x_wconf 91' lang='lat' dir='ltr'><strong>in</strong></span> <span class='ocrx_word' id='word_1_892' title='bbox 2838 5525 3234 5581; x_wconf 88' lang='lat' dir='ltr'><strong>matrimonium</strong></span> <span class='ocrx_word' id='word_1_893' title='bbox 3263 5530 3471 5583; x_wconf 82' lang='lat' dir='ltr'><strong>confer-</strong></span> 
     </span>
    </p>
   </div>
   <div class='ocr_carea' id='block_1_120' title="bbox 1890 5613 3470 5690">
    <p class='ocr_par' dir='ltr' id='par_1_120' title="bbox 1890 5613 3470 5690">
     <span class='ocr_line' id='line_1_120' title="bbox 1890 5613 3470 5690; baseline 0.006 -24"><span class='ocrx_word' id='word_1_894' title='bbox 1890 5628 2044 5680; x_wconf 84' lang='lat' dir='ltr'><strong>rem;</strong></span> <span class='ocrx_word' id='word_1_895' title='bbox 2075 5628 2180 5669; x_wconf 91' lang='lat' dir='ltr'><strong>non</strong></span> <span class='ocrx_word' id='word_1_896' title='bbox 2223 5613 2366 5669; x_wconf 90' lang='lat' dir='ltr'><strong>enim</strong></span> <span class='ocrx_word' id='word_1_897' title='bbox 2410 5613 2460 5668; x_wconf 91' lang='lat' dir='ltr'><strong>id</strong></span> <span class='ocrx_word' id='word_1_898' title='bbox 2508 5629 2647 5669; x_wconf 92' lang='lat' dir='ltr'><strong>nunc</strong></span> <span class='ocrx_word' id='word_1_899' title='bbox 2691 5613 2833 5683; x_wconf 92' lang='lat' dir='ltr'><strong>dico,</strong></span> <span class='ocrx_word' id='word_1_900' title='bbox 2880 5618 2975 5674; x_wconf 89' lang='lat' dir='ltr'><strong>sed</strong></span> <span class='ocrx_word' id='word_1_901' title='bbox 3020 5634 3186 5690; x_wconf 88' lang='lat' dir='ltr'><strong>genus</strong></span> <span class='ocrx_word' id='word_1_902' title='bbox 3231 5632 3470 5678; x_wconf 72' lang='lat' dir='ltr'><strong>nostrum</strong></span> 
     </span>
    </p>
   </div>
  </div>
