4056 6208
505 295 610 369 si?

509 435 774 503 perimere
802 446 864 486 ac
889 429 1089 491 delere.
1119 429 1170 483 id
1202 443 1328 484 vero
1359 441 1464 481 non
1493 437 1612 479 esse
1641 416 2091 492 virginitatis,sed

507 524 730 594 peccati.

580 613 723 668 XIX.
781 613 1109 667 Matrimonia
1164 612 1283 666 olim
1329 608 1455 661 duas
1504 605 1660 678 fuisse
1705 618 1906 664 causas,
1958 614 2094 652 nunc

508 721 662 759 unam
685 721 810 759 esse.
836 735 906 746 —
927 704 1106 774 Itaque
1123 716 1243 756 cum
1271 700 1495 754 liberum
1513 694 1918 767 quaerendorum
1933 703 2092 746 causa

511 796 778 866 proditum
807 793 1202 850 matrimonium
1229 800 1334 856 est,
1367 800 1477 844 tum
1510 787 1676 842 multo
1718 785 1886 854 magis
1907 781 1972 836 ad
2001 796 2096 835 na-

514 897 646 943 tura:
671 887 915 942 ardorem
942 883 1395 954 restinguendum.
1439 882 1612 947 Atque
1639 877 1690 932 id
1716 877 1907 932 Paulus
1934 881 2095 928 testa-

513 987 618 1041 tur,
649 977 832 1029 dicens
860 993 874 1030 :
904 975 1012 1029 Sed
1037 982 1242 1044 prapter
1282 970 1661 1040 fornicationem
1703 982 1846 1020 suam
1885 964 2096 1034 quisque

511 1083 717 1120 uxorem
738 1066 950 1120 habeat:
968 1080 1071 1119 non
1096 1072 1310 1134 propter
1325 1061 1616 1127 liberorum
1640 1055 2090 1126 procreationem;

522 1172 839 1226 rursumque
856 1158 1142 1212 convenire
1162 1155 1331 1224 jubet,
1353 1168 1457 1207 non
1482 1161 1539 1206 ut
1553 1148 1840 1204 multorum
1863 1147 2091 1200 ﬁliorum

526 1257 777 1316 parentes
816 1247 982 1306 fiant:
1033 1247 1128 1302 sed
1155 1245 1288 1300 cur?
1337 1243 1419 1298 Ne
1447 1259 1532 1296 vos
1553 1251 1723 1302 tentet,
1753 1239 1940 1308 inquit,
1958 1246 2096 1292 sata-

517 1358 612 1394 nos
635 1360 654 1405 ;
679 1355 742 1394 ac
782 1353 1092 1409 progressus
1120 1353 1227 1393 non
1249 1337 1415 1401 dixit,
1459 1336 1512 1391 Si
1536 1340 1717 1404 optant
1747 1332 1972 1394 liberos,
1999 1327 2093 1383 sed

515 1433 682 1502 quid?
721 1434 821 1500 Qui
846 1449 898 1488 se
925 1450 1026 1487 non
1063 1434 1340 1494 continent,
1372 1429 1746 1483 matrimonium
1771 1425 2092 1480 contrahant.

514 1527 594 1594 (Ι.
639 1528 757 1578 (.‘or.
800 1527 852 1578 7.
886 1525 942 1578 2.
981 1526 1034 1578 5.
1064 1525 1141 1593 9).
1195 1523 1460 1592 Principio
1503 1521 1669 1583 enim,
1713 1526 1768 1571 nt
1815 1517 2091 1578 dicebam,

513 1619 779 1688 duplicem
811 1619 945 1673 hanc
973 1620 1308 1673 occasionem
1339 1614 1586 1674 habebat,
1615 1612 1709 1666 sed
1736 1609 1929 1665 deinde
1956 1617 2094 1662 terra

515 1727 576 1766 ac
603 1712 757 1775 mari,
807 1721 964 1781 atque
1010 1713 1140 1765 orbe
1189 1709 1330 1764 omni
1382 1707 1606 1776 repleto,
1647 1717 1784 1758 tinus
1823 1703 2097 1756 dumtaxat

517 1812 805 1870 praetextas
835 1812 915 1857 est
942 1804 1196 1872 reliquus,
1229 1801 1477 1869 nequitizc
1502 1808 1558 1854 et
1583 1795 1813 1851 libidinis
1854 1793 2092 1848 abolitio.

515 1891 645 1946 Nam
676 1909 770 1948 eos
806 1895 892 1964 qui
922 1895 1212 1948 etiamnum
1259 1906 1316 1946 se
1345 1892 1396 1945 in
1438 1890 1518 1944 his
1547 1889 1686 1942 vitiis
1715 1896 1865 1940 erant
1893 1886 2096 1938 voluta-

519 1985 640 2046 turi,
670 1995 723 2038 et
763 2000 1046 2054 porcorum
1076 1985 1237 2038 vitam
1281 1997 1438 2052 agere
1474 1992 1632 2049 atque
1662 1981 1713 2034 in
1757 1979 2096 2049 lupanaribus

516 2079 691 2146 perire
719 2079 955 2146 cupiunt,
1003 2092 1109 2131 non
1150 2077 1425 2130 mininmm
1467 2075 1615 2143 juvat
1660 2072 2094 2135 matrimonium,

513 2171 655 2240 quod
684 2172 1001 2225 necessitate
1028 2185 1090 2225 ea
1120 2179 1278 2239 atque
1319 2167 1557 2223 fmditate
1586 2165 1840 2219 liberatos
1884 2175 2097 2218 sanctos

515 2271 797 2331 castosque
849 2272 1078 2316 tueatur.
1127 2263 1198 2315 At
1243 2260 1383 2314 enim
1436 2259 1554 2328 quis
1602 2256 1895 2310 umbratilis
1942 2254 2098 2323 hujus

519 2369 707 2423 pugnm
738 2353 942 2408 futurus
979 2353 1168 2408 modus
1193 2353 1315 2407 est?
1343 2350 1411 2405 Et
1437 2363 1531 2403 vos
1559 2349 1700 2402 enim
1730 2347 1816 2416 qui
1845 2345 1960 2400 haec
1985 2344 2100 2399 dis-

517 2445 693 2498 scritis
720 2459 823 2497 non
852 2445 1027 2498 minus
1051 2459 1210 2513 quam
1240 2457 1339 2498 nos
1378 2439 1692 2511 virginitatis
1729 2435 2100 2493 excellentiam

521 2534 735 2597 tenetis,
767 2534 1071 2602 omniaque,
1104 2548 1221 2602 qum
1249 2547 1278 2585 a
1310 2532 1459 2586 vobis
1497 2530 1762 2594 dicuntur,
1799 2535 2102 2583 commenta

519 2639 582 2678 ac
611 2633 898 2694 prmtextus
927 2634 1050 2678 sunt
1073 2636 1128 2679 et
1159 2623 1393 2678 libidinis
1421 2631 1746 2693 tegumenta.

591 2715 712 2770 XX.
760 2715 974 2769 Etiamsi
1003 2716 1199 2769 nullum
1221 2713 1501 2784 periculum
1528 2723 1654 2768 esset
1692 2714 1753 2767 iis
1787 2712 1874 2783 qui
1896 2711 2105 2782 virgini-

519 2815 670 2860 tatem
698 2807 998 2876 despiciant,
1028 2816 1194 2859 tamen
1242 2823 1305 2859 ne
1349 2806 1422 2860 sic
1446 2805 1645 2874 quidem
1674 2814 1832 2857 tutum
1861 2819 1966 2858 esse
1990 2818 2104 2856 eam

521 2899 790 2968 despicere.
825 2930 896 2940 —
926 2900 1120 2953 Verum
1169 2909 1224 2953 ut
1270 2898 1384 2954 haec
1431 2899 1646 2968 impune
1687 2898 1864 2953 dicere
1910 2897 2104 2962 liceat,

523 2999 698 3046 tamen
727 2991 809 3046 vel
842 2991 939 3045 hac
977 2990 1180 3045 ratione
1205 3005 1233 3044 a
1258 2990 1521 3045 calumnia
1569 2998 1918 3059 temperatum
1949 3003 2108 3058 opor-

525 3081 643 3135 tuit.
690 3081 820 3136 Nam
870 3084 958 3153 qui
1001 3083 1070 3138 de
1124 3083 1286 3137 rebus
1344 3081 1613 3151 praiclaris
1658 3095 1813 3136 secus
1869 3083 2103 3145 sentiat,

525 3181 722 3241 prazter
756 3173 856 3228 alia
886 3174 1078 3229 damna
1124 3189 1227 3228 non
1276 3175 1392 3230 leve
1419 3175 1577 3228 etiam
1607 3174 1744 3243 apud
1791 3188 1976 3227 omnes
2002 3173 2104 3226 im-

527 3264 804 3333 probitatis
832 3280 940 3319 suze
971 3265 1350 3329 testimonium,
1381 3280 1575 3333 nempe
1600 3264 1733 3319 adeo
1762 3264 2105 3333 depravatum

523 3363 579 3409 et
607 3355 842 3423 iniquum
881 3355 1138 3424 judicium
1179 3355 1401 3425 profert.
1450 3355 1627 3424 Itaque
1652 3355 1695 3408 si
1743 3356 1884 3409 nulla
1913 3355 2012 3408 alia
2040 3355 2108 3410 de

526 3460 708 3511 causa,
739 3456 792 3500 at
813 3461 878 3499 ne
907 3453 1010 3500 tam
1036 3455 1226 3502 tetram
1253 3445 1555 3515 opinionem
1583 3446 1649 3500 de
1670 3461 1727 3500 se
1756 3447 2104 3514 concitarent,

527 3536 759 3606 linguam
801 3538 1075 3593 continere
1121 3537 1360 3604 decebat,
1391 3538 1704 3607 cogitantes.
1750 3539 1837 3608 qui
1885 3539 2108 3593 summis

523 3627 905 3704 certaminibus
953 3629 1184 3684 illustres
1226 3629 1422 3693 laudet,
1453 3645 1575 3684 eum
1621 3629 1744 3684 licet
1789 3629 1972 3685 eadem
2001 3645 2105 3684 non

526 3720 770 3789 attingat,
812 3719 968 3775 facile
1009 3721 1076 3776 ab
1104 3722 1353 3776 omnibus
1376 3724 1585 3776 veniam
1612 3724 1862 3793 consequi
1899 3741 1911 3777 :
1937 3733 1995 3777 at
2019 3725 2106 3794 qui

529 3825 629 3864 nec
667 3826 730 3865 ea
775 3822 1041 3878 exerceat,
1088 3820 1144 3867 et
1187 3813 1365 3867 multis
1404 3814 1616 3868 coronis
1643 3814 1797 3883 digna
1824 3815 1981 3868 etiam
2012 3815 2107 3869 da.

529 3913 696 3968 mnet,
744 3905 934 3958 merito
962 3901 1082 3960 eum
1113 3921 1301 3959 omnes
1329 3905 1537 3960 oderint
1562 3922 1660 3961 ceu
1698 3907 1904 3962 hostem
1949 3915 2110 3977 atque

530 3995 800 4050 inimicum
831 3996 1056 4061 virtutis,
1085 4006 1139 4051 et
1178 3997 1374 4052 insanis
1413 3999 1762 4055 miseriorem.
1797 3998 1858 4052 lli
1887 3999 2028 4054 enim
2057 4007 2112 4053 et

529 4101 650 4156 qua:
677 4087 1012 4142 committunt
1041 4088 1305 4150 nesciunt,
1354 4104 1453 4144 nec
1493 4104 1612 4160 qua:
1659 4089 1928 4159 patiuntur
1973 4090 2111 4144 ultro

531 4179 834 4243 sustinent;
868 4179 1093 4251 ideoque
1125 4181 1252 4235 lasso
1273 4181 1580 4252 magistratu
1608 4197 1712 4235 non
1741 4181 1900 4236 modo
1929 4196 2113 4250 poenas

533 4271 755 4325 tninime
799 4270 946 4337 dant,
991 4271 1085 4327 sed
1133 4286 1227 4327 eos
1271 4272 1371 4343 ipsi
1417 4271 1576 4327 etiam
1619 4272 1728 4326 lmsi
1773 4273 2110 4326 miserantur.

531 4361 683 4429 Quod
712 4363 757 4418 si
783 4365 902 4433 quis
929 4373 1104 4419 autem
1135 4363 1367 4433 prudens
1389 4378 1450 4418 ea
1471 4362 1728 4433 designet,
1757 4377 1878 4434 qua:
1906 4362 1983 4416 illi
2013 4363 2114 4417 imr-

535 4454 824 4522 prodeuntes
854 4454 1068 4516 faciunt,
1092 4455 1216 4524 jure
1242 4456 1478 4510 omnium
1521 4454 1798 4510 sententiis
1828 4463 1885 4508 ut
1913 4463 2115 4509 natura:

533 4554 729 4600 nostra:
769 4546 1053 4614 perduellis
1080 4547 1380 4602 damnetur.

606 4636 745 4690 XXI.
780 4636 969 4706 Ingens
995 4639 1271 4707 periculum
1293 4654 1400 4692 esse
1423 4638 1484 4693 iis
1507 4638 1592 4708 qui
1606 4639 1936 4708 uirginitatem
1951 4637 2118 4706 despi-

534 4729 688 4780 ciant.
718 4757 786 4767 —
810 4729 982 4794 Quare
1011 4739 1064 4782 ut
1090 4728 1364 4796 dicebam,
1390 4731 1488 4784 etsi
1520 4731 1786 4784 accusatio
1814 4745 1878 4785 ea
1905 4730 2118 4799 impune

536 4829 700 4885 esset,
734 4830 909 4875 tamen
935 4820 1004 4875 ob
1032 4837 1091 4876 ea
1119 4837 1236 4892 qua:
1253 4822 1362 4890 jam
1389 4822 1497 4876 dixi
1523 4823 1791 4878 abstinere
1817 4822 2114 4892 oportebat.

535 4912 686 4967 Nunc
717 4913 852 4968 inest
881 4913 931 4966 in
962 4928 1028 4990 eo
1073 4914 1260 4985 ingens
1291 4915 1580 4984 periculum
1611 4933 1623 4969 :
1655 4930 1827 4986 neque
1857 4915 1996 4970 enim
2026 4917 2116 4986 qui

537 5007 730 5061 sedens
773 5015 956 5060 contra
1004 5023 1158 5062 suum
1207 5007 1422 5064 fratrem
1469 5009 1721 5078 loquitur,
1770 5019 1825 5064 et
1865 5009 2119 5063 adversus

537 5099 700 5150 lilium
745 5099 929 5154 matris
969 5113 1078 5153 sure
1121 5100 1426 5156 scandalum
1471 5101 1619 5171 ponit
1669 5100 1835 5171 (Psal.
1864 5101 1954 5156 49.
1984 5101 2116 5172 20),

536 5189 704 5241 solum
738 5188 1000 5257 punietur,
1031 5190 1121 5246 sed
1159 5192 1316 5246 etiam
1360 5192 1446 5261 qui
1478 5206 1593 5264 qqte
1629 5190 1735 5244 Deo
1762 5192 2012 5260 prarclara
2043 5195 2120 5247 vi-

536 5280 761 5334 deantur
789 5283 1004 5352 culpare
1032 5285 1257 5339 insistat.
1289 5283 1404 5338 Jam
1445 5284 1625 5353 accipe
1653 5283 1778 5354 qttid
1808 5283 1946 5336 aliud
1994 5299 2118 5351 pro-

539 5368 697 5437 pheta
743 5373 794 5426 in
839 5375 1080 5429 eamdem
1134 5376 1448 5429 sententiam
1492 5375 1765 5429 disserat:
1809 5373 1895 5429 γω
1922 5374 1998 5428 illi
2029 5375 2121 5445 qui

536 5466 724 5519 malum
762 5465 967 5532 bonum,
999 5477 1045 5522 et
1086 5468 1269 5521 bonum
1311 5468 1502 5521 malum
1547 5469 1704 5528 dicit:
1733 5469 1817 5539 qui
1864 5471 2022 5524 lucem
2065 5472 2118 5524 in

534 5559 778 5624 tenebras,
809 5570 855 5614 et
883 5561 1107 5614 tenebras
1131 5560 1182 5612 in
1207 5561 1367 5613 lucem
1395 5560 1634 5613 convertit
1657 5575 1676 5623 ;
1701 5562 1787 5628 qui
1812 5577 2039 5613 amarum
2065 5562 2118 5614 in

533 5650 700 5714 dulce,
723 5662 770 5704 et
798 5651 848 5706 in
869 5667 1099 5706 amarum
1118 5652 1264 5705 dulce
1281 5661 1440 5705 mutat
1463 5650 1612 5722 (lsai.
1631 5653 1684 5708 5.
1699 5637 1816 5720 90).
1839 5652 1969 5708 Nam
1991 5653 2116 5722 quid

539 5743 834 5814 Uirginitate
875 5741 1099 5809 dulcius,
1145 5743 1269 5812 quid
1299 5744 1488 5799 melius
1503 5789 1520 5817 _.
1547 5743 1673 5814 quid
1701 5744 1972 5809 illustrius,
1998 5759 2117 5814 qua:

1181 310 1239 368 S.
1279 308 1556 366 JOANNIS
1593 299 2069 361 CllRYSOSTOMl
2111 298 2426 358 ARCHlEP.
2468 300 3000 364 CONSTANTINOP.

3680 326 3786 384 558

2200 415 2431 486 fulgores
2462 421 2589 489 ipsis
2619 425 2776 479 etiam
2806 429 2934 482 solis
2977 431 3136 484 radiis
3177 432 3550 492 luculentiores
3579 444 3789 500 emittat

2200 524 2401 579 nosque
2428 513 2496 568 ab
2524 517 2770 572 omnibus
2818 521 2996 574 sa-culi
3034 523 3189 591 hujus
3234 527 3459 595 negotiis
3504 527 3789 599 abjuuctos

2199 601 2262 654 in.
2300 601 2520 671 justitim
2563 607 2731 662 solem
2781 611 2928 678 puris
2973 615 3140 667 oculis
3196 618 3410 673 assidue
3462 632 3788 680 contuentes

2201 695 2454 760 przustet?
2484 697 2654 766 Atque
2702 699 2814 754 haec
2856 703 3068 771 quidem
3117 703 3276 760 Isaias
3319 709 3387 764 de
3425 706 3490 766 iis
3527 713 3616 782 qui
3648 714 3790 772 inter

2198 797 2290 837 eos
2316 784 2513 852 judicia
2559 787 2818 846 baberent
2841 804 3088 865 corrupta
3117 798 3433 855 vociferatur
3459 818 3473 868 ;
3507 805 3629 860 audi
3657 824 3789 865 vero

2198 876 2324 946 quid
2367 878 2504 934 alius
2542 881 2701 936 etiam
2731 884 2985 954 propheta
3023 886 3090 942 de
3128 887 3193 944 iis
3235 891 3323 961 qui
3371 908 3462 948 eas
3507 897 3787 964 pestiferas

2195 977 2357 1023 voces
2387 968 2438 1022 in
2482 971 2671 1042 vulgus
2717 984 2966 1044 spargant
2993 977 3154 1044 dicat,
3201 981 3269 1037 ab
3311 982 3501 1039 eodem
3530 987 3785 1045 adverbio

2199 1055 2380 1112 itidem
2419 1074 2639 1116 exorsus
2671 1079 2684 1114 :
2725 1061 2814 1118 νω
2850 1065 2916 1130 ei,
2943 1067 3030 1130 qui
3073 1070 3304 1134 proximo
3341 1087 3432 1127 suo
3479 1086 3654 1145 potum
3695 1081 3780 1135 dat

2197 1147 2566 1203 subversionem
2608 1151 2857 1207 turbidam
2903 1155 3066 1216 ltIab.
3111 1158 3166 1214 2.
3201 1161 3312 1217 15).
3347 1162 3442 1218 Est
3483 1177 3661 1222 autem
3702 1186 3774 1225 ac

2197 1238 2418 1292 verbum
2465 1251 2570 1296 ηση
2599 1244 2842 1314 simplex,
2873 1248 2966 1303 sed
3010 1265 3117 1320 quo
3162 1252 3402 1321 ingentes
3445 1259 3776 1317 continentur

2199 1328 2374 1394 miuze,
2407 1339 2465 1384 ut
2493 1331 2872 1391 immisericors
2898 1341 3212 1409 supplicium
3238 1345 3617 1418 promulgetur.
3651 1351 3780 1408 Nam

2199 1419 2250 1515 in
2280 1422 2445 1476 sacris
2477 1424 2643 1480 literis
2670 1427 2976 1484 adverbium
3007 1433 3107 1487 hoc
3149 1433 3199 1486 in
3228 1450 3322 1491 eos
3348 1452 3650 1511 usurpatur,
3691 1447 3782 1515 qui

2199 1510 2539 1570 imminentes
2591 1530 2778 1585 poenas
2829 1522 3053 1590 amplius
3109 1523 3341 1594 ell‘ugcre
3387 1544 3491 1584 non
3539 1510 3780 1600 possunt.

2199 1601 2428 1658 Rursum
2449 1606 2582 1660 alius
2605 1610 2858 1678 propheta
2886 1611 3098 1670 Judzeos
3123 1627 3333 1683 uolans,
3363 1619 3564 1690 Vinum,
3592 1625 3782 1696 inquit,

2197 1699 2526 1788 sanctiﬁcatis
2572 1703 2930 1772 propinavistis
2977 1708 3154 1775 (Amos
3182 1709 3236 1763 2.
3270 1710 3377 1782 12).
3409 1714 3558 1782 Quod
3601 1718 3646 1772 si
3692 1722 3784 1788 qui

2199 1787 2464 1845 Nazarmis
2515 1793 2692 1848 vinum
2745 1799 3023 1866 propinet,
3081 1801 3214 1856 adeo
3266 1787 3785 1882 mulctabiturzquo

2198 1893 2304 1933 non
2346 1882 2603 1951 supplicio
2645 1885 2835 1955 dignus
2861 1889 2979 1950 erit,
3007 1892 3173 1960 quiin
3215 1893 3528 1964 simplicium
3573 1910 3785 1959 mentes

2199 1972 2600 2030 subversionem
2625 1978 2886 2044 turbidam
2908 1981 3181 2038 effundat?
3201 1985 3256 2040 Si
3277 1987 3363 2056 qui
3384 1989 3618 2059 exiguam
3635 1993 3778 2062 ejus,

2198 2081 2314 2136 qum
2363 2069 2655 2125 secundum
2712 2073 2883 2143 legem
2935 2086 3078 2144 erat,
3129 2081 3517 2136 exercitationis
3570 2096 3777 2153 partem

2201 2157 2456 2225 succidat,
2513 2153 2868 2220 inexorabiles
2923 2182 3108 2236 pmnas
3159 2171 3422 2237 sustinet;
3455 2175 3542 2242 qui
3585 2177 3782 2230 sancti-

2206 2250 2436 2304 moniam
2472 2251 2608 2308 hanc
2638 2267 2848 2310 omnem
2889 2259 3170 2325 convellat,
3216 2262 3406 2331 quibus
3435 2264 3606 2317 modis
3646 2267 3787 2321 acci-

2219 2335 2437 2403 pietur?
2469 2339 2653 2404 (Amos
2688 2341 2876 2414 2J5.)
2915 2347 2977 2400 Si
3013 2350 3130 2417 quis
3176 2352 3643 2423 scandalizaverit,
3685 2359 3783 2421 ait,

2216 2440 2377 2480 unum
2400 2443 2465 2482 ea:
2491 2430 2572 2484 his
2601 2434 2838 2501 pusillis,
2867 2439 3073 2507 expedit
3099 2440 3147 2493 ei
3175 2450 3231 2494 ut
3255 2447 3613 2512 suspendatur
3641 2448 3787 2502 mola

2215 2518 2457 2572 asinaria
2485 2523 2629 2575 circa
2661 2524 2855 2578 collum
2903 2526 3038 2595 ejus,
3071 2538 3121 2581 et
3161 2530 3495 2602 demergatur
3538 2535 3594 2587 iu
3637 2553 3786 2590 mare

2217 2606 2433 2676 (Matth.
2459 2611 2546 2667 18.
2579 2612 2655 2683 6).
2679 2613 2821 2680 Quid
2847 2617 3013 2686 igitur
3029 2619 3234 2683 dicent,
3259 2624 3349 2690 qui
3369 2622 3454 2678 bis
3472 2624 3650 2682 verbis
3673 2641 3796 2680 non

2217 2715 2386 2756 unum
2418 2703 2653 2773 aliquem
2685 2707 2994 2772 minimum,
3017 2713 3110 2766 sed
3135 2713 3337 2768 multos
3365 2705 3811 2770 scandalizent?

2209 2793 2347 2848 Cum
2363 2795 2510 2849 enim
2534 2797 2580 2851 is
2605 2799 2697 2867 qui
2723 2799 2940 2855 fratrem
2959 2801 3164 2870 fatuum
3181 2813 3333 2858 vocet
3355 2804 3571 2858 (Matth.
3597 2805 3648 2860 5.
3662 2805 3779 2877 29).

2216 2895 2369 2940 recta
2386 2887 2450 2941 ad
2478 2889 2738 2958 gehennae
2759 2892 2938 2962 ignem
2958 2894 3315 2951 abducendus
3332 2897 3432 2952 sit:
3455 2897 3548 2966 qui
3568 2899 3778 2968 angelis

2211 2979 2423 3046 mquale
2449 2980 2553 3035 hoc
2581 2984 2892 3042 institutum
2929 2998 3168 3048 accuset,
3203 2997 3461 3058 quantam
3488 3004 3588 3044 suo
3609 2991 3775 3061 capiti

2213 3077 2352 3130 iram
2401 3077 2729 3132 contrahet?
2777 3077 2979 3134 Derisit
3017 3079 3310 3150 aliquando
3359 3079 3560 3136 Mosem
3613 3080 3783 3136 Maria

2213 3168 2406 3237 (Num.
2438 3169 2525 3224 l2.
2561 3170 2764 3237 l),non
2797 3179 2857 3224 ut
2881 3187 2979 3227 vos
3005 3187 3152 3226 nunc
3180 3171 3570 3242 virginitatem,
3594 3174 3689 3228 sed
3709 3174 3786 3228 le-

2209 3261 2332 3317 vius
2353 3263 2524 3316 multo
2544 3277 2608 3316 ac
2623 3262 2979 3328 moderatius;
3002 3265 3203 3334 quippe
3219 3279 3340 3332 qua:
3359 3278 3457 3318 nec
3475 3263 3786 3319 detraheret

2209 3353 2440 3416 homini,
2473 3362 2518 3408 et
2550 3354 2693 3408 beati
2726 3355 2980 3409 virtutem
3003 3370 3108 3409 non
3132 3357 3307 3409 solum
3331 3371 3441 3409 non
3460 3355 3782 3426 exagitaret,

2209 3448 2302 3502 sed
2338 3447 2497 3501 valde
2533 3448 2696 3501 etiam
2728 3449 3061 3518 suspiceret;
3107 3449 3239 3503 illud
3280 3458 3490 3502 tantum
3541 3447 3780 3509 dicebat,

2210 3538 2404 3592 iisdem
2431 3553 2510 3599 se,
2551 3539 2752 3608 quibus
2787 3541 2963 3603 illum,
2996 3541 3317 3610 praeditam;
3346 3547 3400 3593 et
3433 3549 3612 3593 tamen
3646 3539 3784 3593 adeo

2211 3631 2300 3684 llei
2334 3632 2469 3684 iram
2505 3632 2559 3685 in
2585 3647 2644 3687 se
2672 3633 2898 3694 excivit,
2932 3641 2990 3687 ut
3020 3647 3199 3702 neque
3219 3647 3307 3697 eo,
3336 3633 3428 3701 qui
3456 3633 3616 3685 laesus
3634 3631 3784 3684 vide-

2207 3731 2378 3786 retur,
2427 3726 2656 3777 multum
2688 3724 3022 3793 deprecante
3058 3727 3352 3794 quicquam
3397 3724 3778 3794 proficeretur,

2204 3819 2259 3866 et
2283 3812 2491 3865 diutius
2523 3829 2686 3881 quam
2710 3815 2873 3866 vellet
2897 3815 2945 3866 ei
2971 3827 3128 3881 poena
3157 3823 3566 3883 prorogaretur.

2283 3901 2451 3957 XXII.
2481 3901 2676 3958 Pueros
2696 3905 2811 3960 illos
2835 3905 3006 3961 Elistei
3029 3917 3318 3979 tempestate
3341 3910 3530 3964 utiliter
3566 3911 3788 3978 periisse.

2211 4025 2282 4036 -—
2301 3995 2369 4050 Et
2388 3996 2514 4067 quid
2540 3997 2757 4052 Mariam
2787 3999 2906 4054 dico
2925 4041 2939 4064 ,
2965 4015 3084 4055 cum
3114 4003 3260 4071 pueri
3291 4003 3361 4058 illi
3387 4004 3452 4058 ad
3478 4003 3788 4059 Bethleliem

2213 4082 2476 4154 ludentes,
2517 4091 2606 4160 qui
2645 4091 2696 4146 id
2740 4091 2932 4147 Eliszeo
2975 4102 3177 4148 tantum
3218 4093 3498 4162 dixissent,
3545 4097 3790 4160 Ascende,

2216 4176 2363 4231 calve
2383 4177 2459 4244 (4.
2488 4176 2610 4248 Reg.
2636 4177 2691 4239 2,
2709 4178 2823 4246 2‘5);
2849 4177 3015 4232 Deum
3045 4188 3329 4248 tantopere
3353 4183 3709 4243 irritaverint,
3728 4188 3786 4232 ut

2219 4268 2406 4323 statim
2425 4284 2587 4325 ursos
2609 4270 2662 4324 in
2680 4284 2870 4324 eorum
2897 4269 3301 4325 multitudinem
3319 4278 3498 4346 (erant
3519 4271 3661 4324 enim
3678 4271 3787 4324 duo

2219 4365 2280 4414 et
2293 4359 2999 4432 quadragintaﬁmmitterct
3015 4363 3130 4432 ,qui
3150 4363 3216 4417 ab
3239 4363 3307 4418 iis
3321 4364 3385 4417 ad
3403 4379 3567 4417 unum
3595 4378 3786 4416 omnes

2218 4469 2342 4512 sunt
2380 4458 2654 4528 discerpti,
2687 4474 2858 4528 neque
2902 4467 2992 4512 aut
3030 4469 3180 4524 artas,
3225 4465 3318 4511 aut
3359 4455 3659 4517 multitudo,
3704 4464 3796 4507 aut

2215 4549 2337 4618 joco
2360 4548 2577 4614 dixisse,
2607 4549 2842 4618 puerulis
2871 4549 3104 4619 profuit?
3130 4549 3318 4617 etjure
3344 4547 3554 4616 quidem
3580 4546 3792 4600 merito.

2221 4641 2274 4693 Si
2317 4639 2458 4693 cnim
2502 4640 2590 4708 qui
2629 4649 2802 4694 tantos
2849 4641 3059 4694 labores
3098 4639 3391 4706 suscipiunt
3432 4647 3487 4692 et
3531 4637 3706 4707 pueris
3743 4649 3797 4692 et

2220 4733 2347 4787 viris
2377 4732 2602 4785 ludibrio
2630 4733 2754 4792 sint,
2773 4733 2952 4802 ecquis
2975 4732 3374 4786 imbecilliorem
3397 4732 3605 4785 labores
3625 4733 3797 4786 susci-

2223 4835 2347 4891 pere
2371 4822 2424 4876 in
2450 4821 2683 4876 animum
2715 4822 2945 4887 inducet,
2972 4835 3092 4875 cum
3121 4823 3232 4875 risu
3263 4830 3421 4890 atque
3461 4822 3640 4877 sannis
3674 4837 3802 4876 cou-

2217 4912 2468 4983 junctos?
2489 4914 2607 4982 quis
2645 4929 2676 4968 e
2701 4913 2858 4983 vulgo
2878 4913 3128 4967 virtutem
3156 4912 3314 4974 colet,
3346 4928 3465 4968 eam
3507 4913 3640 4968 adeo
3669 4913 3798 4967 ridi-

2222 5006 2395 5061 culam
2434 5005 2697 5060 cernens?
2726 5005 2856 5060 Nam
2887 5005 2930 5058 si
2961 5019 3122 5066 nunc,
3155 5003 3402 5059 omnibus
3447 5003 3642 5074 ubique
3683 5019 3800 5058 eam

2223 5098 2626 5161 admirantibus,
2653 5114 2758 5152 non
2792 5097 2960 5150 solum
3007 5099 3121 5164 ejus
3165 5096 3474 5161 cultoribus,
3505 5095 3600 5151 sed
3641 5096 3798 5150 etiam

2222 5192 2290 5246 iis
2313 5191 2400 5261 qui
2422 5206 2483 5244 ea
2511 5191 2842 5254 exciderunt,
2869 5189 3112 5242 homines
3143 5189 3298 5258 vulgo
3338 5188 3402 5243 ad
3447 5203 3542 5244 eos
3580 5187 3803 5242 sudores

2222 5291 2421 5352 pavent
2446 5299 2506 5338 ac
2534 5282 2818 5338 formidant
2845 5299 2858 5334 :
2888 5281 3070 5352 ecquis
3093 5280 3245 5336 facile
3289 5297 3405 5335 eam
3430 5282 3605 5345 adeat,
3634 5280 3676 5331 si
3706 5295 3803 5332 ne-

2223 5377 2349 5431 dum
2392 5377 2725 5430 admirationi
2774 5375 3048 5438 babeatur,
3095 5390 3212 5428 eam
3243 5375 3438 5443 passim
3465 5374 3530 5426 ab
3557 5370 3804 5424 omnibus

2222 5469 2422 5536 culpari
2441 5467 2654 5522 videat?
2681 5465 2888 5520 Etenim
2915 5465 3198 5531 ﬁrmiores,
3225 5473 3280 5520 et
3303 5465 3389 5534 qui
3407 5465 3516 5533 jam
3543 5463 3596 5515 in
3617 5461 3802 5515 caelum

2223 5565 2655 5632 commigrarunt,
2679 5561 2820 5632 vulgi
2838 5561 3082 5616 solatium
3101 5577 3206 5615 non
3224 5560 3514 5628 requirunt,
3531 5555 3626 5610 sed
3645 5555 3722 5608 eis
3738 5553 3804 5607 ad

2222 5667 2484 5708 summam
2511 5652 2834 5708 alacritatem
2862 5654 2990 5708 satis
3015 5665 3097 5709 est
3120 5655 3236 5709 laus
3253 5665 3409 5722 quam
3428 5663 3455 5701 a
3480 5649 3588 5702 Deo
3613 5660 3804 5702 conse-

2223 5757 2486 5820 quuntur;
2514 5745 2947 5801 imbecillioribus
2971 5756 3170 5812 autem,
3204 5754 3256 5798 et
3287 5741 3375 5812 qui
3403 5755 3572 5810 nuper
3593 5754 3656 5794 eo
3672 5753 3804 5797 sunt
