4056 6208
354 199 466 263 8&9

353 317 617 387 deducti,
663 334 770 376 non
814 316 947 380 levis
982 337 1012 379 e
1049 322 1191 395 vulgi
1252 324 1714 383 commendatione
1766 327 1957 384 virium

352 414 603 467 accessio
629 411 709 481 fit,
732 414 903 470 donec
928 416 1140 471 tandem
1167 417 1400 489 undique
1428 419 1668 475 instructi
1705 421 1957 491 paulatim

352 502 429 557 ita
457 518 518 558 se
543 515 874 574 comparent,
905 516 962 561 ut
987 523 1045 562 ea
1078 509 1228 578 quasi
1268 509 1680 566 manuductione
1729 526 1833 566 non
1875 512 1958 566 in-

354 593 600 663 digeant.
641 595 751 650 Nec
790 612 916 652 vero
961 598 1012 652 id
1044 599 1254 653 illorum
1295 608 1498 654 tantum
1525 616 1714 666 causa,
1739 602 1832 656 sed
1862 618 1960 672 pro

356 687 643 742 irrisornm
696 690 857 744 etiam
901 691 1071 746 salute
1117 693 1217 757 fit,
1262 708 1328 747 ue
1367 693 1457 764 qui
1516 694 1747 762 priorem
1790 694 1959 749 auda-

362 780 499 837 ciam
524 797 631 834 non
660 781 902 849 Inisseut,
922 783 975 838 in
994 798 1058 838 eo
1076 784 1211 838 ultra
1242 785 1465 840 crimine
1490 785 1958 856 progrederemur.

360 871 465 928 Sed
495 873 630 928 mihi
655 873 785 943 jam,
814 874 941 930 dum
965 876 1079 931 haec
1107 893 1368 945 memoro,
1396 880 1619 934 veniunt
1644 880 1694 934 in
1722 889 1955 935 mentem

349 984 483 1038 qua:
536 967 667 1022 Elia:
718 979 1033 1039 tempestate
1065 970 1395 1026 acciderunt.
1436 972 1567 1026 Nam
1616 972 1759 1042 quod
1804 974 1955 1042 pueri

352 1067 586 1129 propter
624 1057 878 1113 Elismum
919 1059 988 1114 ab
1033 1063 1205 1127 ursis,
1248 1060 1302 1116 id
1356 1071 1573 1132 propter
1614 1061 1730 1130 ejus
1786 1063 1958 1133 magi--

357 1162 540 1205 strum
568 1151 649 1205 bis
679 1153 1057 1222 quinquaginta
1103 1155 1199 1207 viri
1231 1169 1351 1208 cum
1394 1155 1504 1209 suis
1535 1154 1863 1225 principibus
1892 1157 1959 1211 ab

359 1240 491 1309 igne
535 1242 742 1295 caelitus
786 1241 1111 1313 deflagrante
1158 1245 1297 1314 passi
1341 1245 1574 1317 sunt(4.
1626 1244 1757 1316 Reg.
1788 1246 1840 1300 1.
1874 1242 1960 1316 9).

359 1330 504 1396 Quia
534 1332 675 1385 enim
704 1341 759 1386 et
799 1331 851 1385 bi
884 1347 979 1401 per
1016 1349 1278 1388 summam
1323 1335 1715 1390 simulationem
1759 1335 1963 1405 justum

360 1424 608 1493 aggressi
630 1424 890 1479 vocabant
906 1434 1064 1496 atque
1089 1425 1154 1479 ad
1182 1441 1240 1481 se
1261 1426 1588 1482 descendere
1609 1428 1888 1498 jubebant,
1908 1429 1965 1484 in

362 1515 489 1585 ejus
515 1517 682 1571 vicem
704 1516 1036 1573 descendens
1056 1518 1191 1588 ignis
1208 1534 1395 1574 omnes
1414 1519 1728 1591 absumpsit,
1743 1520 1966 1592 perinde

365 1614 533 1676 atque
561 1607 680 1662 illos
712 1606 859 1664 fere.
880 1608 1057 1679 Itaque
1091 1609 1203 1664 haec
1224 1610 1519 1680 cogitantes
1536 1627 1721 1667 omnes
1741 1627 1836 1667 vos
1862 1612 1966 1667 vir-

365 1698 609 1769 ginitatis
630 1698 830 1764 hostes,
854 1700 1062 1754 tandem
1079 1700 1296 1770 januam
1316 1710 1477 1772 atque
1497 1713 1676 1759 vectes
1694 1703 1966 1761 oriadmo—

367 1800 517 1857 vete,
546 1807 614 1845 ne
638 1802 694 1847 et
719 1806 814 1846 vos
837 1786 1020 1862 jndieii
1050 1803 1308 1864 tempore,
1329 1798 1629 1866 conspectis
1657 1797 1720 1852 iis
1744 1798 1967 1868 qui'illic

367 1883 684 1953 virginitate
730 1883 1120 1954 splendebunt,
1163 1886 1343 1942 dicere
1382 1887 1645 1958 incipiatis
1682 1905 1698 1944 :
1740 1887 1813 1943 Hi
1850 1900 1967 1944 sunt

366 1986 505 2043 quos
540 1975 814 2041 aliquando
850 1976 903 2030 in
938 1978 1157 2032 derisum
1200 1979 1484 2047 habuimus,
1512 1981 1629 2035 etin
1669 1981 1966 2036 similitudi-

373 2075 496 2118 nem
518 2065 825 2136 impmperii,
845 2082 936 2120 nos
953 2067 1206 2131 insensati,
1225 2069 1311 2138 qui
1330 2085 1502 2123 eorum
1520 2070 1670 2124 vitam
1686 2073 1969 2141 putavimus

380 2155 653 2222 insaniam,
684 2168 728 2211 et
750 2159 940 2218 avitum
964 2176 1135 2212 eorum
1164 2161 1273 2214 sine
1310 2163 1517 2216 honore.
1565 2161 1830 2229 Quomodo
1871 2163 1970 2218 Dei

378 2244 511 2316 ﬁliis
534 2252 871 2315 annumerati,
895 2261 939 2305 et
962 2253 1090 2307 inter
1119 2263 1317 2308 sanctos
1343 2270 1451 2308 sors
1480 2253 1683 2309 illorum
1702 2256 1814 2311 est?
1831 2255 1970 2327 Ergo

376 2354 529 2393 ποια
556 2343 655 2394 veri
698 2342 778 2396 uia
821 2341 1194 2408 deerravimus,
1232 2361 1390 2415 neque
1432 2361 1522 2399 nos
1552 2347 1765 2418 justitiaz
1802 2347 1971 2403 lumen

370 2429 647 2485 illustravit
678 2432 845 2503 (ευρ.
868 2434 922 2490 5.
953 2427 1044 2505 3).
1069 2436 1139 2489 At
1180 2435 1298 2505 quis
1335 2436 1439 2490 erit
1463 2451 1647 2491 eorum
1682 2439 1967 2494 verborum

369 2518 603 2584 fructus,
644 2534 896 2578 enervata
926 2528 1038 2579 tum
1070 2525 1136 2580 ab
1164 2526 1279 2595 ipso
1307 2534 1549 2598 tempore
1575 2528 1922 2599 pteniteutia?

448 2610 639 2667 XXIII.
669 2611 773 2668 Cur
793 2616 879 2685 qui
901 2614 1070 2669 eadem
1097 2618 1430 2682 committunt,
1459 2635 1559 2673 non
1595 2620 1794 2673 easdem
1829 2620 1974 2675 luant

374 2721 574 2777 pinnas.
605 2737 678 2746 —
705 2706 813 2762 Sed
857 2708 1080 2765 fortasse
1126 2709 1266 2765 dicet
1291 2695 1525 2766 vestrum
1562 2712 1825 2782 quiSpiam
1858 2730 1870 2765 :
1905 2714 1975 2768 At

375 2810 611 2853 impone
626 2808 811 2868 postea
841 2796 983 2853 viros
1010 2807 1223 2854 sanctos
1245 2801 1501 2856 conviciis
1525 2802 1773 2858 incessit?
1798 2802 1970 2872 Multi,

374 2897 438 2944 et
459 2888 688 2945 diversis
705 2892 757 2945 in
779 2891 1105 2962 regionibus,
1132 2893 1195 2947 Et
1217 2894 1329 2964 qui,
1348 2894 1537 2965 inquit,
1551 2894 1765 2952 easdem
1785 2910 1972 2966 ptenas

377 2997 493 3038 non
517 2984 816 3040 dederunt?
846 2986 1117 3041 Dederunt
1142 3000 1270 3042 sane
1290 3029 1304 3055 ,
1336 2996 1390 3043 et
1425 3002 1611 3043 eorum
1640 2988 1838 3045 multos
1870 2990 1975 3045 sci-

378 3088 523 3130 mus.
546 3074 699 3143 Quod
715 3076 757 3130 si
776 3077 863 3146 qui
887 3075 1206 3148 effugerunt,
1225 3087 1278 3133 at
1300 3092 1404 3133 non
1424 3087 1683 3149 perpetuo
1697 3079 1970 3152 ell‘ugient.

377 3164 517 3224 Nam
542 3178 602 3223 ut
629 3179 710 3223 est
734 3169 872 3238 apud
921 3164 1133 3225 beatum
1183 3170 1424 3235 Paulum,
1476 3170 1821 3238 Quorumdam
1859 3188 1975 3243 pec-

378 3271 499 3315 cata
524 3261 793 3330 niaiiifesta
821 3271 956 3328 sunt,
979 3260 1315 3332 prwcedentia
1334 3261 1402 3314 ad
1416 3262 1704 3332 judicium;
1725 3262 1973 3333 quosdam

375 3363 553 3408 autem
572 3362 619 3407 et
639 3354 1006 3423 subsequuntur
1023 3353 1099 3427 (1.
1130 3352 1262 3409 Tim.
1288 3353 1344 3410 5.
1364 3354 1490 3425 24):
1516 3362 1675 3425 atque
1695 3364 1753 3410 ut
1766 3354 1978 3427 legisla-

379 3454 532 3501 tores
551 3447 852 3501 nocentium
870 3461 1057 3517 pascas
1080 3446 1249 3502 literis
1266 3445 1603 3516 consignatas
1620 3447 1972 3519 reliquerunt,

384 3540 460 3595 ita
488 3547 545 3596 et
565 3539 819 3595 Dominus
856 3550 1036 3596 noster
1058 3532 1214 3595 Jesus
1251 3537 1498 3595 Christus
1524 3540 1577 3595 in
1608 3555 1771 3596 unum
1817 3549 1978 3612 atque

379 3634 615 3689 alterum
643 3631 997 3689 facinorosum
1022 3632 1474 3700 animadvertens,
1517 3647 1809 3704 eorumque
1846 3649 1978 3704 sup-

380 3728 544 3800 plicia
566 3736 838 3799 tamquam
875 3728 927 3782 in
957 3728 1204 3783 columna
1228 3740 1368 3782 aerea
1394 3735 1552 3796 atque
1578 3726 1749 3782 literis
1779 3741 1980 3799 reprae-

379 3831 623 3883 sentans,
640 3836 733 3891 per
752 3836 815 3875 ea
836 3836 953 3891 qua:
980 3820 1084 3875 illis
1103 3818 1415 3876 acciderunt
1437 3832 1625 3875 omnes
1651 3828 1975 3886 commonet,

381 3913 599 3970 etiamsi
625 3912 729 3969 hoc
758 3920 1013 3985 tempore,
1052 3913 1143 3985 qui
1178 3914 1365 3970 eadem
1397 3913 1628 3969 audeant
1650 3927 1769 3983 quae
1796 3913 1886 3983 qui
1914 3928 1978 3968 ea

382 4004 639 4069 luerunt.
687 4006 906 4062 easdem
962 4021 1149 4076 ptenas
1196 4023 1300 4061 non
1342 4009 1657 4073 exsolvant,
1701 4006 1753 4061 in
1801 4004 1979 4063 futuro

385 4098 587 4153 sarculo
609 4098 728 4152 illos
751 4098 978 4167 graviori
1006 4114 1159 4169 pmua
1202 4097 1559 4153 mulctandos.

459 4190 648 4245 XXIV.
676 4191 777 4259 Qui
813 4201 1035 4261 peccent,
1058 4207 1147 4244 nec
1184 4190 1483 4262 puniantur,
1505 4191 1569 4246 iis
1593 4207 1694 4244 non
1719 4189 1979 4259 conﬁden-

394 4282 542 4347 dum,
596 4284 680 4337 sed
723 4285 1000 4337 timendum
1035 4299 1201 4353 potius
1235 4299 1357 4337 esse.
1386 4282 1662 4352 —Itaque
1703 4296 1824 4335 cum
1865 4280 1980 4335 sine

388 4374 556 4431 modo
578 4387 858 4445 peccantes
906 4374 1037 4430 nihil
1087 4375 1212 4429 mali
1260 4374 1509 4445 patimur,
1530 4388 1600 4428 ne
1620 4370 1976 4440 confidamus,

386 4468 484 4524 sed
528 4467 649 4523 ideo
687 4469 857 4538 magis
897 4469 1198 4522 timeamus.
1246 4466 1379 4522 Nam
1421 4466 1543 4521 licet
1570 4465 1709 4521 hica
1739 4464 1849 4520 Deo
1875 4464 1978 4519 mi-

391 4564 537 4617 nime
585 4562 890 4631 puniamur,
923 4561 1033 4615 illic
1076 4569 1254 4614 tamen
1291 4574 1413 4614 cum
1461 4556 1661 4613 mundo
1698 4555 1981 4612 damnabi-

388 4671 530 4711 mur.
553 4656 730 4724 Atque
773 4654 886 4708 haec
927 4668 1140 4707 rursum
1185 4667 1289 4707 non
1329 4667 1468 4718 mea,
1491 4650 1585 4706 sed
1628 4649 1896 4719 loquentis
1924 4648 1980 4703 in

387 4748 559 4804 Paulo
608 4747 805 4804 Christi
849 4746 1114 4802 sententia
1158 4753 1259 4800 est.
1292 4744 1504 4799 Etenim
1538 4758 1634 4798 eos
1679 4743 1977 4812 alloquens,

388 4840 478 4911 qui
521 4839 743 4909 indigne
787 4853 935 4893 sacra
962 4845 1263 4902 sumerent,
1286 4837 1360 4892 ait
1390 4854 1402 4890 :
1426 4835 1554 4891 Ideo
1579 4836 1708 4889 inter
1730 4851 1816 4889 vos
1837 4834 1984 4888 multi

388 4934 583 4995 inﬁrmi
615 4942 662 4986 et
687 4931 973 4996 imbecilles,
1007 4940 1055 4984 et
1089 4930 1341 4983 dormiunt
1384 4930 1549 4984 multi.
1598 4928 1746 4997 Quod
1780 4928 1825 4982 si
1868 4944 1986 4982 nos-

390 5028 635 5095 metipsos
672 5023 1090 5096 diiudicaremus,
1121 5039 1222 5077 non
1262 5023 1427 5089 utique
1440 5022 1792 5094 judicaremur
1820 5036 1840 5076 :
1865 5022 1985 5075 dum

386 5118 700 5173 iudicamur
729 5126 915 5174 autem.
944 5132 976 5169 a
1010 5114 1226 5170 Domino
1268 5115 1590 5185 corripimur.
1629 5124 1687 5169 ut
1728 5131 1828 5168 non
1869 5130 1983 5168 cum

384 5207 582 5262 mundo
620 5206 920 5262 damnentur
956 5207 1033 5278 (I.
1060 5205 1179 5264 Cor.
1214 5205 1677 5277 il.50.52).Sunt
1705 5206 1846 5262 enim
1895 5205 1983 5276 qui

384 5295 477 5352 hic
522 5298 699 5352 solum
738 5298 985 5369 castigari
1023 5315 1158 5370 opus
1195 5299 1445 5362 habeant,
1469 5312 1696 5368 quorum
1725 5306 1780 5352 et
1813 5298 1982 5367 culpae

384 5388 694 5443 medior-res
712 5388 839 5455 sint,
864 5397 922 5443 ut
947 5393 1184 5468 castigati
1215 5394 1409 5448 iterum
1450 5388 1516 5443 ad
1556 5389 1832 5459 antiquum
1881 5404 1986 5443 non

386 5491 707 5545 Murram.
752 5496 939 5536 canem
981 5489 1045 5546 ad
1090 5488 1355 5549 vomitum
1402 5497 1675 5538 reversum
1736 5481 1923 5537 imitati
1971 5500 1984 5537 :

386 5583 520 5629 sunt
539 5582 595 5628 et
619 5574 709 5644 qui
740 5582 952 5643 propter
969 5594 1244 5655 excessum
1273 5574 1642 5649 improbitatis
1662 5581 1714 5627 et
1737 5572 1823 5627 hic
1852 5583 1907 5628 et
1927 5574 1988 5628 il-

387 5665 463 5724 lic
492 5665 921 5737 plcctenturzalii
944 5672 1039 5750 ίηεο
1056 5696 1273 5758 ωηιυηι
1307 5665 1570 5739 supplicia
1597 5664 1932 5723 sustinebunt
1959 5677 1974 5727 ;

1708 208 1795 273 DE
1836 212 2300 276 VIRCINITATE.

3550 231 3657 286 ὅξίο

2066 334 2349 403 quoniam’
2374 332 2516 389 enim
2542 334 2779 391 omnium
2804 334 3118 406 gravissima
3140 341 3533 408 perpetraruut,
3552 349 3651 389 non

2066 424 2209 496 digni
2248 425 2414 481 habiti
2444 435 2569 481 sunt
2612 427 2700 497 qui
2740 444 2861 483 cum
2891 428 3197 484 hominibus
3228 427 3652 498 llagellarentur;

2067 531 2191 570 nam
2222 517 2318 582 ait,
2344 514 2548 571 Etcum
2592 518 2878 575 hominibus
2917 537 3018 575 non
3059 520 3453 592 ﬂagellabunmr
3480 518 3650 591 (Psal.

2066 609 2156 663 72.
2187 610 2243 679 5)
2271 627 2284 675 ;
2310 610 2387 665 illi
2408 653 2422 673 ,
2453 614 2649 682 quippe
2691 624 3065 680 reservantur,
3104 622 3155 669 ut
3183 628 3303 668 cum
3325 612 3654 667 daunonibns

2068 702 2354 770 puniantur
2377 722 2390 757 ε
2411 702 2664 757 Discedite
2681 704 2845 770 enim,
2863 704 2957 768 ait,
2972 721 3003 756 a
3024 722 3102 758 me
3119 705 3170 758 in
3198 703 3421 758 tenebras
3442 703 3655 757 exterio-

2066 811 2146 851 res
2169 805 2377 867 paratas
2400 796 2601 852 diabolo
2620 808 2670 851 et
2689 798 2881 869 angelis
2900 798 3008 868 ejus
3028 797 3239 869 (Matth.
3264 797 3354 853 25.
3380 795 3493 868 41).
3511 794 3657 850 Μυιιί

2066 888 2421 943 sacerdotium
2465 891 2698 944 nummis
2721 898 3014 960 rapuerunt
3040 891 3057 960 (
3082 889 3205 945 Vide
3227 900 3329 944 act.
3351 892 3454 959 7).
3484 904 3659 956 neque

2066 989 2158 1034 aut
2182 994 2303 1034 eum
2329 981 2417 1051 qui
2447 980 2864 1049 reprehenderet
2892 981 3209 1047 habuerunt,
3226 994 3324 1035 nec
3351 979 3494 1050 quod
3527 979 3653 1032 olim

2071 1088 2101 1127 a
2122 1072 2281 1128 Petro
2300 1071 2487 1127 Simon
2507 1071 2554 1125 Μ
2562 1088 2695 1142 agus
2735 1074 3061 1126 audiverunt
3078 1073 3302 1143 (Act.8);
3327 1082 3381 1125 at
3408 1088 3514 1126 non
3535 1073 3656 1127 ideo

2071 1161 2400 1232 effugerunt,
2420 1162 2511 1216 sed
2532 1163 2703 1215 multo
2723 1163 3003 1233 graviores
3020 1176 3230 1231 poenas,
3253 1176 3416 1231 quam
3433 1177 3552 1231 qua:
3568 1162 3654 1216 hic

2073 1254 2867 1325 debebantur,subibunt,quod
2879 1269 3135 1309 necexem
3144 1255 3230 1323 plo
3241 1253 3512 1309 emendati
3528 1254 3656 1308 sint.

2076 1347 2225 1402 Multi
2243 1347 2429 1403 eadem
2455 1364 2576 1418 quae
2594 1348 2735 1403 Core
2750 1349 2868 1402 ausi
2889 1354 3019 1402 sunt
3041 1361 3143 1401 nec
3165 1345 3353 1400 eadem
3377 1360 3497 1414 quae
3515 1344 3656 1401 Core

2074 1440 2244 1509 passi,
2276 1448 2330 1493 at
2351 1447 2472 1510 post
2495 1439 2689 1508 majori
2714 1454 2815 1494 suo
2839 1439 2980 1493 malo
3003 1437 3280 1507 patientur
3310 1435 3500 1506 (Num.
3539 1436 3650 1502 16).

2073 1532 2225 1588 Multi
2249 1532 2548 1587 Pharaonis
2582 1514 2912 1601 impietatem
2945 1529 3145 1584 imitati
3169 1527 3369 1598 (Exod.
3394 1527 3503 1595 14),
3543 1542 3652 1581 non

2074 1628 2237 1683 etiam
2259 1626 2402 1681 sicut
2426 1625 2515 1680 ille
2550 1632 2679 1679 sunt
2704 1622 2962 1687 demersi,
2990 1628 3044 1675 at
3083 1620 3344 1691 gehennae
3358 1633 3544 1688 :equor
3564 1633 3661 1673 eos

2074 1727 2276 1774 manet.
2293 1716 2479 1787 Neque
2497 1718 2642 1772 enim
2663 1717 2753 1785 qui
2775 1714 2970 1769 fratres
2990 1713 3169 1767 fatuos
3189 1718 3412 1771 vocant,
3433 1710 3544 1779 jam
3568 1725 3667 1779 pn«-

2074 1814 2174 1868 niti
2194 1821 2320 1868 sunt
2341 1810 2558 1881 (Matth.
2584 1810 2660 1880 5};
2689 1809 2800 1862 illic
2822 1807 2968 1861 enim
2990 1807 3044 1860 in
3069 1819 3165 1860 eos
3185 1809 3399 1860 servata
3414 1800 3660 1856 animad-

2073 1907 2253 1962 versio
2269 1913 2372 1960 est.
2390 1904 2571 1970 Quare
2585 1919 2651 1957 ne
2669 1909 2854 1972 putate
2868 1900 2960 1955 Dei
2979 1897 3281 1954 sententias
3298 1898 3473 1952 solum
3497 1895 3661 1948 verba

2074 2012 2197 2053 esse
2217 2004 2381 2065 atque
2408 2008 2605 2058 voces;
2626 2007 2749 2046 nam
2766 2006 2885 2045 eam
2905 1992 2974 2044 ob
2995 2003 3108 2044 rem
3132 1994 3197 2041 ex
3225 1986 3292 2040 iis
3313 1985 3576 2056 quasdam
3601 1984 3654 2037 in

2073 2099 2211 2153 opus
2233 2083 2443 2146 eduxit,
2466 2081 2600 2135 utin
2621 2079 2888 2148 Sapphira
2915 2077 3057 2148 (Act.
3079 2076 3129 2145 5)
3161 2074 3383 2127 Cliarmi
3418 2070 3555 2143 (los.
3573 2071 3652 2141 7),

2072 2173 2545 2242 Aarone,aliisque
2557 2172 2742 2225 multis
2759 2167 3096 2240 (Νυηι.ὄ),υι
3110 2166 3203 2236 qui
3222 2163 3341 2234 ejus
3357 2164 3535 2218 verbls
3558 2178 3665 2216 non

2074 2266 2326 2329 credunt,
2344 2277 2527 2319 rerum
2548 2260 2962 2318 confirmatione
2983 2259 3231 2315 deterriti
3273 2257 3541 2313 desistant
3564 2257 3667 2311 sibi

2062 2355 2171 2429 ipsi
2196 2359 2474 2428 imponere
2488 2355 2633 2410 velut
2648 2369 2835 2425 pmnas
2850 2367 2957 2407 non
2970 2352 3173 2415 daturi,
3190 2360 3242 2405 ct
3257 2349 3560 2418 intelligant
3575 2346 3669 2401 Dei

2076 2448 2468 2520 benignitatem
2484 2447 2912 2516 eopertinere,nt
2925 2441 3207 2497 sceleratis
3223 2442 3458 2509 spatium
3478 2438 3666 2498 donet.

2076 2555 2184 2595 non
2215 2548 2274 2594 ut
2292 2539 2513 2594 omnino
2533 2550 2639 2592 non
2670 2535 2903 2591 vindicet
2926 2535 2981 2590 in
3004 2549 3098 2590 eos
3122 2532 3218 2604 qui
3258 2532 3311 2589 in
3355 2532 3502 2588 vitiis
3536 2545 3665 2602 pcr-

2077 2638 2349 2688 maneant.
2384 2631 2634 2686 Poteram
2675 2628 2922 2699 equidem
2969 2636 3026 2683 et
3071 2626 3311 2699 pluribus
3357 2624 3663 2689 ostendere,

2078 2730 2333 2794 quantum
2362 2722 2465 2778 sibi
2490 2721 2666 2792 ignem
2688 2720 3026 2786 contrahant,
3054 2718 3144 2788 qui
3189 2718 3504 2787 virginitatis
3544 2716 3662 2771 lau¢

2078 2815 2201 2871 dem
2244 2813 2395 2869 nihili
2439 2813 2663 2878 faciant;
2707 2811 2800 2866 sed
2830 2820 2883 2866 et
2903 2810 3049 2866 sanis
3092 2809 3207 2864 lucc
3244 2809 3533 2872 sufficiunt,
3570 2821 3661 2864 red

2080 2908 2248 2964 belles
2270 2916 2325 2963 et
2353 2907 2567 2962 insanos
2589 2918 2691 2961 nec
2709 2904 2877 2960 multo
2903 2903 2966 2961 iis
2988 2902 3139 2974 plura
3168 2901 3235 2957 ab
3257 2901 3458 2957 insania
3486 2908 3661 2956 retra-

2081 3002 2227 3057 bant.
2259 3001 2442 3072 Itaque
2483 3015 2547 3057 ea
2575 2998 2933 3070 disputatione
2975 2997 3392 3068 supersedentes
3416 2995 3480 3051 ad
3506 3009 3668 3051 sanos

2080 3107 2384 3150 sermonem
2431 3105 2646 3148 omnem
2697 3099 3093 3154 convertamus,
3138 3089 3331 3143 iterum
3358 3087 3425 3142 ad
3451 3086 3662 3141 beatum

2081 3186 2301 3243 Paulum
2315 3184 2537 3241 reversi.
2554 3183 2632 3238 De
2649 3182 2827 3254 quibus
2843 3191 3011 3236 autem
3028 3179 3150 3234 mihi
3170 3178 3460 3246 scripsistis,
3475 3177 3667 3247 inquit,

2080 3278 2266 3333 bonum
2287 3287 2358 3332 est
2382 3276 2573 3331 homini
2601 3275 2859 3329 mulierem
2898 3287 3001 3327 non
3031 3279 3235 3342 tangere
3263 3268 3480 3338 (LCor.
3510 3268 3564 3325 7.
3588 3269 3669 3334 1).

2080 3368 2285 3425 Pudeat
2323 3381 2463 3423 nunc
2506 3374 2782 3436 utrosque,
2810 3371 2865 3419 et
2890 3362 2982 3432 qui
3024 3360 3422 3417 matrimonium
3469 3359 3671 3433 impro-

2084 3468 2232 3527 oant,
2260 3467 2316 3515 et
2338 3459 2429 3530 qui
2456 3457 2577 3528 plus
2597 3470 2750 3527 aequo
2774 3453 3074 3522 extollunt;
3105 3451 3347 3525 utrisque
3374 3466 3516 3508 enim
3543 3451 3671 3506 bea-

2083 3561 2169 3606 tus
2191 3550 2387 3606 Paulus
2421 3564 2544 3606 cum
2579 3547 2665 3605 his
2691 3547 2891 3616 verbis,
2924 3555 3033 3602 tum
3064 3545 3130 3602 iis
3168 3560 3288 3617 qua:
3333 3559 3674 3616 consequun-

2085 3650 2190 3706 tur,
2222 3642 2493 3698 silentium
2522 3639 2768 3709 imponit.

2156 3732 2322 3789 XXV.
2344 3731 2573 3802 lnﬁrmis
2597 3728 2928 3784 necessarium
2947 3743 3055 3783 esse
3073 3727 3467 3781 matrimonium.
3483 3754 3555 3765 —
3571 3725 3674 3781 Bo-

2084 3840 2212 3881 num
2236 3833 2323 3881 est
2337 3822 2771 3888 matrimonium;
2798 3821 2997 3892 quippe
3022 3817 3165 3890 quod
3192 3826 3248 3875 et
3274 3817 3447 3874 virum
3474 3818 3673 3874 retinet

2084 3917 2141 3973 in
2166 3916 2345 3973 ofﬁcio
2372 3913 2741 3985 temperantia:
2757 3954 2772 3980 ,
2793 3928 2969 3983 neque
2990 3912 3041 3967 in
3065 3910 3312 3966 libidines
3331 3910 3667 3987 provolutum

2084 4010 2306 4067 interire
2329 4009 2474 4067 sinit.
2496 4009 2674 4078 Quare
2710 4023 2779 4064 ne
2804 4006 2854 4062 id
2884 4019 3109 4071 accusa;
3134 4005 3292 4061 habet
3313 4005 3457 4061 enim
3480 4006 3666 4076 ingens

2085 4102 2430 4160 commodum
2447 4143 2463 4167 ,
2487 4102 2688 4158 Christi
2711 4100 2950 4157 membra
2977 4099 3144 4156 scorti
3166 4097 3405 4153 membra
3431 4097 3543 4153 fieri
3567 4112 3671 4151 non

2085 4195 2402 4264 permittens
2425 4234 2441 4256 .
2472 4207 2574 4248 nec
2619 4206 2830 4248 sacrum
2863 4191 3116 4260 templum
3158 4187 3429 4258 profanari
3477 4196 3532 4242 et
3569 4187 3672 4241 im-

2088 4300 2282 4356 purum
2334 4284 2448 4338 fieri
2505 4283 2580 4353 (I.
2607 4280 2725 4336 Car.
2761 4280 2975 4351 6.15).
3018 4280 3222 4334 Bonum
3276 4288 3380 4344 cst,
3430 4277 3671 4348 inquam.

2086 4378 2337 4450 quoniam
2381 4375 2666 4432 habentem
2707 4375 2935 4430 sustinet
2968 4381 3129 4446 atque
3174 4373 3352 4444 erigit.
3396 4371 3501 4428 Sed
3547 4371 3672 4441 quid

2087 4470 2189 4525 hoc
2212 4468 2403 4525 attinet
2448 4466 2512 4521 ad
2538 4481 2660 4521 eum
2689 4465 2783 4537 qui
2824 4473 2963 4531 stat,
2993 4473 3048 4520 et
3070 4465 3160 4536 qui
3195 4464 3311 4536 ejus
3353 4476 3511 4535 apem
3562 4480 3669 4519 non

2087 4562 2396 4619 desiderat?
2418 4560 2552 4617 Nam
2580 4559 2669 4616 hic
2689 4576 2788 4617 nec
2811 4561 2939 4617 utile
2959 4604 2974 4628 ,
3008 4573 3106 4617 nec
3143 4560 3505 4618 necessarium
3551 4567 3636 4615 est
3657 4601 3672 4624 ,

2089 4656 2182 4712 sed
2219 4654 2286 4710 ad
2329 4655 2580 4710 virtutem
2625 4657 2786 4709 etiam
2845 4653 3316 4725 impedimentum,
3351 4667 3456 4707 non
3501 4649 3676 4707 selum

2088 4746 2229 4819 quod
2269 4746 2464 4802 multos
2489 4745 2725 4817 prrebeat
2760 4746 2942 4801 obices
2965 4785 2981 4810 ,
3012 4743 3105 4801 sed
3131 4745 3291 4800 etiam
3334 4742 3478 4815 quod
3503 4743 3678 4813 majo-

2090 4857 2203 4896 rem
2233 4851 2433 4910 partem
2464 4840 2635 4895 laudis
2660 4839 2925 4893 detrahat.

2162 4934 2353 4989 XXVI.
2400 4933 2499 5000 Qui
2552 4932 2693 5003 virgo
2763 4944 2911 5001 agere
2959 4939 3115 5001 possit
3180 4940 3241 4983 ac
3307 4926 3680 4982 matrimonium

2090 5027 2389 5092 contrahat,
2412 5038 2664 5080 summum
2706 5022 2800 5078 sibi
2849 5022 3092 5076 damnum
3136 5024 3321 5095 facere.
3353 5049 3423 5062 —
3460 5017 3671 5076 Etenim

2037 5164 2043 5181 ,
2090 5119 2179 5191 qui
2208 5119 2372 5174 armis
2393 5130 2513 5174 eum
2557 5117 2807 5184 instruit,
2836 5116 2925 5187 qui
2952 5115 3126 5171 nudus
3159 5127 3393 5185 pugnare
3418 5120 3599 5185 potest
3624 5119 3679 5167 ct

2089 5212 2340 5278 vincere,
2369 5208 2503 5266 adeo
2542 5224 2651 5265 non
2677 5208 2864 5279 juvat,
2897 5215 2955 5262 ut
2990 5214 3226 5261 extrema
3273 5203 3433 5259 etiam
3480 5201 3682 5259 afﬁciat

2091 5302 2320 5373 injuria,
2347 5300 2695 5357 admiratione
2742 5315 2863 5355 eum
2894 5303 2950 5353 et
2992 5297 3180 5352 illustri
3223 5309 3422 5350 corona
3467 5292 3679 5353 defrauo

2104 5392 2258 5449 dans.
2314 5391 2448 5446 Nam
2496 5404 2598 5447 nec
2645 5390 2880 5446 hominis
2917 5382 3166 5442 virtutem
3223 5401 3438 5442 omnem
3485 5386 3682 5457 patitur

2156 5486 2312 5552 ’.ουκ
2334 5485 2651 5552 sequuntur:
2667 5494 2806 5552 vace»
2821 5478 3064 5552 φςοηξωπν
3081 5488 3241 5552 usque
3255 5477 3333 5552 αρν
3360 5476 3500 5552 πενία
3516 5487 3681 5552 δασεῖς

2091 5537 2499 5663 ﬂammeam
2515 5542 2566 5595 in
2589 5537 2821 5596 storem-It
2837 5537 3061 5603 Planum,
3090 5537 3177 5592 sed
3201 5541 3253 5590 in
3283 5547 3400 5604 Reg.
3428 5550 3482 5592 et
3512 5537 3684 5591 suillo

2180 5620 2245 5656 un
2327 5639 2341 5655 .

2161 5668 2183 5703 ι
2196 5672 2245 5719 tu
2266 5674 2381 5733 Reg.
2401 5667 2472 5719 sic
2493 5660 2695 5730 legitur,
2715 5671 2770 5718 t't
2790 5663 2841 5717 in
2857 5663 3114 5730 sapphira,
3132 5664 3183 5716 in
3200 5666 3303 5718 viro
3320 5661 3444 5728 ejus,
3468 5664 3682 5716 Charini.
