4056 6208
398 341 494 396 531

398 458 605 510 elucere
625 495 639 518 ,
664 467 761 507 nec
789 451 904 520 ejus
925 459 1185 518 tropaeum
1214 444 1521 517 percelebre
1550 441 1719 497 reddi.
1769 440 1824 495 In
1852 454 1967 494 ma-

400 546 649 601 trimonio
677 559 803 599 vero
825 544 1035 614 gravior
1057 542 1218 597 etiam
1237 538 1447 608 jactura
1474 543 1593 599 est;
1625 549 1796 604 neque
1822 534 1964 587 enim

398 637 570 691 solum
597 635 736 705 vulgi
765 632 1223 689 commendatione
1244 671 1257 692 ,
1287 627 1382 683 sed
1412 626 1640 698 prtemiis
1665 627 1825 680 etiam
1862 627 1968 679 vir-

396 728 504 796 gini
531 726 778 795 repositis
802 726 989 795 privat.
1012 723 1307 792 Eapropter
1332 718 1528 773 bonum
1575 725 1718 771 esset
1761 713 1964 769 homini

397 819 675 872 mulierem
707 832 811 871 non
842 825 1075 885 tangere.
1102 810 1211 866 Cur
1233 811 1393 881 igitur
1422 818 1637 879 tangere
1669 805 1967 876 permittis?

397 907 625 977 Propter
648 906 1048 963 fornicationem
1069 945 1084 969 ,
1114 902 1304 971 inquit.
1333 900 1535 955 Vereor
1566 906 1620 954 te
1649 898 1715 953 ad
1744 896 1965 965 virgini-

397 998 518 1051 tatis
561 995 822 1064 fastigium
860 994 1166 1058 sustollere,
1194 1008 1261 1048 ne
1309 993 1360 1047 in
1408 990 1771 1045 fornicationis
1806 988 1965 1043 bara-

397 1091 575 1143 thrum
604 1088 834 1143 decidas.
862 1087 1107 1142 Nondum
1143 1101 1204 1141 ea
1226 1099 1519 1154 pennarum
1546 1084 1757 1138 levitate
1778 1080 1969 1151 przedi-

396 1191 477 1234 ius
503 1197 593 1243 es,
619 1188 677 1234 ut
712 1188 764 1234 te
798 1178 864 1233 ad
909 1178 960 1233 id
988 1192 1240 1232 cacumen
1284 1176 1475 1231 efferre
1517 1174 1736 1243 possim.
1766 1174 1832 1226 At
1869 1171 1966 1240 ipsi

393 1280 663 1326 certamen
694 1272 1063 1340 arripuerunt,
1105 1279 1263 1339 atque
1303 1268 1368 1323 ad
1395 1267 1709 1336 virginitatis
1754 1264 1965 1319 laudem

396 1362 755 1430 lifOinlCl'lllIl.
805 1360 940 1434 Quid
975 1361 1132 1430 igitur
1171 1358 1431 1428 trepidas,
1472 1358 1626 1413 beate
1666 1355 1856 1421 Paule,
1906 1369 1969 1409 ac

396 1452 690 1506 formidas?
718 1452 865 1519 Quod
892 1450 944 1505 hi
977 1451 1205 1506 fortasse
1231 1466 1343 1504 rem
1373 1451 1675 1520 ignorantes
1705 1447 1805 1503 hac
1852 1447 1967 1501 ala-

394 1542 580 1597 critate
610 1543 745 1606 sint;
774 1557 858 1597 me
886 1556 1012 1596 usus
1037 1556 1099 1595 ac
1124 1539 1434 1610 periclitatio
1453 1540 1568 1609 ejus
1594 1554 1780 1609 pugna:
1805 1537 1966 1594 etiam

395 1632 462 1686 ad
492 1631 702 1686 ca'teris
728 1630 1110 1686 consulendum
1140 1630 1461 1684 timidiorem
1488 1628 1681 1685 reddit.

466 1724 678 1778 XXVII.
730 1722 976 1793 Magnum
1034 1738 1140 1777 esse
1182 1721 1513 1791 virginitatem
1559 1730 1606 1774 et
1675 1734 1971 1791 magnorum

395 1816 785 1869 couriliatricem
824 1814 1084 1868 bonorum.
1123 1842 1195 1854 -
1231 1811 1364 1866 Novi
1412 1812 1487 1866 rei
1540 1810 1965 1873 contentionem,

396 1910 518 1964 novi
568 1907 922 1964 certaminum
973 1904 1275 1974 hujusmodi
1312 1904 1617 1981 violentiam
1641 1943 1654 1966 ,
1682 1901 1803 1956 novi
1845 1900 1969 1956 belli

396 2001 731 2070 gravitatem.
780 1996 1053 2053 Pervicaci
1084 1996 1309 2067 quodam
1347 2004 1402 2050 et
1448 1995 1570 2050 forti
1607 1996 1784 2048 animo
1833 2008 1969 2063 opus

396 2099 478 2144 est
498 2131 512 2153 ,
542 2099 698 2159 atque
724 2104 754 2143 a
782 2086 1054 2142 libidinum
1085 2101 1242 2141 sensu
1262 2101 1467 2141 averso.
1493 2084 1624 2140 Nam
1652 2100 1745 2154 per
1776 2083 1967 2139 carbo-

391 2195 487 2235 nes
511 2179 588 2232 sic
605 2174 1018 2247 ingrediendum
1042 2180 1145 2234 est,
1165 2180 1347 2227 utnon
1379 2173 1561 2228 uraris
1586 2171 1766 2243 (Prov.
1782 2173 1835 2237 6,
1856 2174 1973 2244 ‘28),

391 2280 447 2326 et
492 2276 567 2324 ita
612 2285 709 2339 per
756 2281 1051 2321 mucrones
1104 2264 1344 2319 cundum
1390 2272 1491 2327 ,ttt
1542 2280 1648 2317 non
1705 2267 1975 2323 sanetcris

396 2364 470 2417 Ea
493 2369 573 2414 est
600 2360 742 2414 enim
771 2359 1001 2417 libidinis
1028 2359 1140 2425 vis,
1172 2372 1292 2428 qute
1318 2358 1450 2429 ignis
1469 2367 1625 2429 atque
1641 2357 1798 2423 ferri;
1825 2356 1967 2428 quod

388 2453 493 2506 nisi
522 2452 732 2506 animus
754 2451 822 2506 ita
848 2459 1182 2521 comparatus
1206 2451 1304 2517 sit,
1327 2459 1385 2504 ut
1409 2464 1506 2504 nec
1524 2448 1590 2503 ad
1615 2448 1729 2518 ejus
1752 2449 1967 2503 dolores

394 2553 687 2609 moveatur,
736 2543 977 2610 proditus
1002 2557 1060 2596 se
1094 2540 1296 2611 perdet.
1329 2539 1507 2611 Itaque
1543 2555 1678 2610 opus
1705 2549 1786 2594 est
1813 2539 1967 2595 nobis

392 2634 728 2689 adamantina
754 2642 952 2694 mente.
981 2634 1132 2687 oculo
1162 2631 1416 2695 insomni,
1442 2631 1715 2686 tolerantia
1737 2645 1963 2697 summa,

393 2726 563 2781 muris
597 2726 796 2799 firmis,
836 2723 1254 2779 antetnuralibus
1292 2737 1355 2778 ac
1400 2722 1699 2792 repagulis,
1733 2721 1968 2776 custodi-

392 2818 492 2872 bus
522 2816 861 2885 pervigilibus
899 2831 959 2869 ac
988 2814 1283 2885 praevalidis
1302 2857 1317 2879 ,
1347 2821 1503 2884 atque
1533 2814 1584 2868 iu
1634 2814 1818 2883 primis
1856 2828 1965 2868 cte-

393 2908 512 2962 lesti
565 2907 766 2961 latore.
818 2906 949 2961 Nam
994 2906 1111 2960 Nisi
1156 2906 1402 2962 Dominus
1450 2906 1620 2960 urbem
1684 2907 1962 2974 custodiat,

392 3002 585 3068 frustra
623 2997 832 3068 vigilant
872 2998 959 3067 qui
983 2999 1268 3052 custodiunt
1301 3014 1413 3053 eam
1444 2997 1611 3070 (Psal.
1641 2996 1763 3055 126.
1794 3001 1866 3066 1).
1898 3000 1966 3054 At

390 3103 501 3157 quo
528 3096 681 3157 pacto
711 3103 832 3143 eum
860 3087 1092 3143 favorem
1135 3087 1443 3144 eliciemus?
1470 3088 1527 3144 Si
1565 3099 1743 3144 nostra
1787 3091 1965 3145 omnia

392 3184 728 3235 conferamus
747 3220 761 3243 ,
784 3194 910 3236 sana
948 3179 1169 3234 consilia
1192 3220 1208 3247 ,
1245 3193 1503 3234 summam
1524 3180 1708 3249 jejunii
1740 3196 1804 3235 ac
1829 3182 1963 3251 vigi-

390 3274 579 3326 fiarttm
608 3273 999 3327 contentionem
1014 3312 1030 3337 ,
1053 3270 1184 3341 legis
1197 3279 1501 3326 accuratam
1518 3272 1961 3338 observationem,

390 3363 758 3417 mandatorum
807 3362 1139 3429 custodiam,
1183 3371 1238 3417 et
1279 3361 1421 3432 quod
1445 3372 1603 3431 caput
1645 3373 1759 3429 est,
1812 3364 1856 3418 si
1910 3363 1961 3417 in

391 3453 543 3507 nobis
564 3452 804 3508 fiduciam
832 3467 937 3507 non
956 3453 1311 3516 collocemus;
1334 3466 1458 3506 nam
1486 3452 1586 3508 etsi
1607 3466 1794 3522 magna
1820 3468 1963 3522 qua:-

380 3529 514 3596 at...
556 3550 895 3612 praestemus,
924 3542 1050 3598 illud
1092 3541 1232 3612 apud
1280 3557 1378 3597 nos
1428 3554 1681 3612 perpetuo
1728 3543 1964 3600 dicamus

384 3647 612 3689 necesse
643 3644 756 3689 est:
788 3632 906 3688 Nisi
933 3632 1178 3689 Dominus
1200 3634 1519 3702 trdiﬁcaverit
1551 3634 1775 3699 domm,
1805 3636 1856 3687 in
1878 3650 1966 3688 va-

391 3744 515 3780 num
543 3728 887 3779 laboraverunt
924 3726 1010 3796 qui
1036 3724 1290 3794 aediﬁcant
1326 3741 1437 3779 eam
1464 3723 1668 3798 (Ibid)
1698 3723 1808 3779 Nec
1832 3726 1965 3779 enim

384 3817 531 3872 atavis
557 3818 693 3870 lucta
719 3825 793 3870 est
816 3814 1055 3870 adversus
1078 3816 1376 3887 sanguinem
1411 3824 1462 3870 et
1501 3831 1721 3883 carnem,
1752 3816 1842 3871 sed
1865 3817 1963 3871 ad-

392 3926 560 3964 versus
587 3908 924 3979 principatus,
956 3911 1194 3963 adversus
1217 3917 1503 3979 potestates,
1531 3908 1767 3963 adversus
1790 3910 1965 3964 mundi

393 4011 606 4055 rectores
645 4000 958 4055 tenebrarum
992 4000 1145 4070 hujus
1182 4000 1374 4067 seculi,
1416 3999 1654 4056 adversus
1679 4000 1965 4071 spirituafia

392 4091 625 4161 nequitia:
650 4091 702 4145 in
731 4090 1004 4145 calestibus
1029 4089 1239 4161 (Ephes.
1277 4090 1328 4146 6.
1361 4089 1478 4161 12);
1505 4105 1569 4146 ac
1591 4099 1747 4146 nocte
1774 4090 1965 4161 dieque

388 4182 735 4252 cogitationes
789 4180 942 4236 nobis
983 4188 1200 4235 armatae
1254 4188 1398 4236 stent
1446 4189 1695 4250 oportet,
1746 4189 1803 4237 et
1866 4181 1967 4235 im-

394 4272 711 4339 pudentibus
774 4271 1081 4327 libidinibus
1153 4269 1423 4325 formidini
1487 4269 1616 4326 sint.
1662 4270 1872 4341 Quippe
1916 4270 1963 4326 si

358 4398 365 4421 ι
395 4364 666 4418 minimum
697 4363 1002 4429 remittant,
1022 4360 1238 4418 adstans
1262 4360 1502 4417 diabolus
1530 4364 1703 4431 ignem
1723 4360 1965 4417 manibus

351 4446 572 4521 'tcuet,
602 4454 901 4511 vibraturus
948 4469 1013 4509 ac
1060 4453 1153 4508 Dei
1205 4452 1460 4522 templum
1508 4458 1963 4508 concrematuros.

395 4545 534 4614 Ergo
572 4557 712 4614 opus
748 4552 828 4598 est
854 4542 1090 4612 undique
1130 4541 1461 4607 muniamur;
1503 4550 1586 4596 est
1624 4542 1765 4596 enim
1812 4540 1965 4596 nobis

393 4651 565 4705 pugna
590 4650 711 4690 cum
752 4643 952 4689 naturae
980 4632 1323 4701 necessitate,
1351 4631 1657 4703 angelorum
1678 4646 1963 4686 conversa-

398 4728 553 4781 tionis
574 4724 839 4780 aemulatio
859 4766 874 4793 ,
906 4739 1026 4780 cum
1064 4724 1389 4795 incorporeis
1408 4724 1702 4779 Virtutibus
1742 4738 1962 4789 cursus;

398 4828 535 4871 terra
566 4826 723 4887 atque
765 4816 902 4871 ciuis
928 4815 1180 4871 caelicolis
1207 4815 1405 4886 aequari
1431 4815 1637 4884 nititur,
1666 4815 1965 4872 mortalitas

395 4925 513 4964 cum
545 4909 934 4964 immortalitate
957 4918 1228 4965 certamen
1247 4908 1361 4964 init.
1379 4908 1446 4966 Et
1464 4909 1763 4979 quisquam,
1783 4908 1960 4976 sodes,

398 5000 790 5054 matrimonium
834 5014 894 5055 ac
942 5000 1262 5070 voluptatem
1308 5014 1427 5055 cum
1455 5014 1515 5055 re
1555 5008 1698 5054 tanta
1720 4998 1965 5056 conferre

396 5092 569 5144 ausit?
595 5105 660 5144 au
683 5106 788 5144 non
828 5090 880 5145 id
906 5091 1059 5145 valde
1086 5090 1336 5146 stolidum
1377 5092 1496 5147 est?
1525 5090 1706 5161 Itaque
1734 5090 1927 5147 Paulus
1945 5132 1960 5157 ,

396 5182 483 5250 qui
509 5180 621 5235 haec
648 5181 828 5236 omnia
859 5182 1053 5245 sciret,
1085 5181 1322 5248 dicebat,
1352 5181 1513 5238 Suam
1530 5183 1736 5253 quisque
1757 5199 1965 5237 uxorem

398 5272 572 5325 habent
601 5271 675 5342 (l.
699 5271 816 5328 Cor.
843 5272 894 5326 7.
926 5272 1008 5346 2):
1038 5272 1159 5329 ideo
1199 5273 1552 5340 detrectabat,
1577 5273 1702 5329 ideo
1739 5275 1821 5328 eis
1858 5290 1964 5329 non

402 5360 626 5415 audebat
641 5360 708 5417 de
727 5363 1025 5433 virginitate
1043 5364 1270 5433 primum
1287 5364 1570 5431 disserere;
1598 5363 1692 5419 sed
1711 5365 1764 5420 in
1779 5364 1964 5435 dispu-

402 5451 686 5506 tatiouibus
702 5452 767 5509 de
785 5454 1122 5510 matrimonio
1145 5465 1404 5521 versatur,
1428 5455 1677 5525 paulatim
1695 5470 1787 5511 eos
1802 5471 1830 5511 a
1848 5471 1963 5511 ma-
2016 5504 2019 5507 ,

408 5544 643 5599 .rimonio
672 5544 941 5602 retrahere
970 5545 1184 5612 volens,
1209 5553 1263 5601 et
1286 5545 1499 5601 brevem
1530 5546 1597 5601 de
1637 5547 1963 5601 continentia

410 5649 697 5691 ‘ermonem
741 5636 967 5706 longiori
1013 5636 1088 5691 illi
1129 5635 1487 5702 intermiscet,
1517 5650 1675 5691 aures
1726 5635 1966 5690 admoni-

412 5729 557 5784 tonis
603 5729 885 5785 severitate
930 5727 1074 5786 feriri
1115 5730 1346 5788 minime
1411 5742 1617 5800 passus.
1675 5727 1806 5785 Nam
1875 5728 1962 5800 qui

1098 333 1155 391 S.
1194 331 1467 390 JOANNIS
1503 327 1968 385 CIIIIYSJSTOMI
2009 325 2324 381 AliCIIIEP.
2354 324 2881 382 CONSTANTINOP.

3538 329 3640 382 552

2071 453 2444 510 usquequaque
2470 453 2500 495 e
2525 440 2682 496 rebus
2726 440 2907 496 arduis
2931 438 3222 496 orationem
3251 441 3380 496 texit
3398 482 3412 504 .
3435 452 3490 497 et
3527 457 3635 494 tuo-

2073 531 2239 586 lestus
2266 541 2348 586 est
2376 531 2623 596 auditori,
2643 541 2697 586 ct
2727 533 3036 603 plerumque
3061 534 3292 588 animum
3313 532 3452 602 cogit
3471 531 3637 588 dicto-

2072 637 2187 675 rum
2236 622 2545 690 gravitatem
2596 637 2701 676 non
2744 624 2998 678 ferentem
3028 623 3255 678 resilire.
3287 624 3356 676 At
3384 623 3475 692 qui
3519 639 3636 678 eam

2070 712 2271 776 variat,
2302 726 2363 766 ac
2385 711 2555 767 facilia
2585 713 2733 782 plura
2755 728 2912 783 quam
2937 712 3165 768 difficilia
3197 714 3491 777 immiscet,
3519 729 3638 769 cum

2070 800 2392 857 difficultatis
2418 817 2630 859 sensum
2654 805 2841 874 eripit,
2872 814 2981 859 tum
3007 805 3292 859 reﬁciendo
3320 805 3635 870 auditorem,

2072 892 2142 946 ita
2165 907 2286 948 eum
2308 895 2475 962 magis
2496 895 2695 949 inducit
2724 906 2778 950 et
2817 895 3093 962 conciliat;
3135 896 3289 966 quod
3321 897 3534 968 quidem
3585 905 3640 952 et

2070 982 2258 1039 beatus
2288 983 2481 1040 Paulus
2504 985 2642 1041 fecit.
2671 987 2751 1042 Eo
2777 988 2917 1042 enim
2938 988 3080 1042 dicto
3100 1028 3114 1054 ,
3135 986 3332 1042 Bonum
3355 998 3428 1042 est
3449 989 3639 1043 homini

2071 1076 2330 1131 mulierem
2369 1094 2469 1132 non
2515 1088 2746 1150 tangere,
2777 1081 3020 1150 protinus
3053 1081 3119 1136 ad
3144 1082 3541 1136 matrimonium
3579 1096 3639 1138 se

2070 1169 2306 1237 recepit,
2338 1178 2396 1224 ut
2432 1185 2579 1225 suam
2632 1172 2852 1243 quisque
2896 1189 3111 1228 uxorein
3166 1173 3386 1230 haberet
3432 1175 3638 1231 dicens.

2071 1261 2243 1330 Atque
2268 1270 2549 1317 contentus
2578 1262 2629 1318 id
2653 1263 2862 1325 beatum
2890 1265 3206 1336 prtedicasse
3227 1264 3395 1338 (nam,
3419 1266 3637 1335 Bonum,

2071 1351 2270 1421 inquit,
2292 1362 2363 1406 est
2385 1353 2575 1407 homini
2600 1356 2855 1409 mulierem
2889 1373 2988 1411 non
3030 1356 3285 1427 tangere),
3336 1358 3402 1414 de
3454 1361 3639 1414 matri-

2072 1442 2252 1497 monio
2295 1453 2348 1499 et
2376 1446 2603 1501 consulit
2631 1456 2685 1502 ct
2717 1450 2985 1518 prmcipit,
3010 1450 3190 1505 addita
3243 1452 3402 1506 etiam
3444 1467 3639 1508 causa:

2071 1531 2147 1587 ait
2193 1533 2369 1599 enim,
2419 1534 2638 1606 Propter
2675 1524 3275 1613 fornicationem;atque
3320 1544 3638 1601 matrimonii

2070 1626 2466 1683 concessionem
2522 1631 2913 1699 reprehendere
2955 1633 3193 1699 videtur;
3243 1635 3338 1690 scd
3400 1652 3459 1692 re
3516 1654 3639 1693 vera

2072 1719 2327 1788 expositis
2372 1722 2692 1777 matrimonii
2738 1726 2913 1779 causis
2960 1727 3116 1782 tacite
3146 1729 3483 1784 continentire
3526 1731 3637 1785 lau-

2071 1809 2194 1865 dem
2221 1811 2536 1880 amplificat,
2572 1829 2677 1868 non
2708 1814 2757 1869 id
2785 1817 2980 1884 apertis
3008 1817 3187 1872 verbis
3208 1817 3483 1873 declarans
3503 1862 3517 1881 ,
3543 1821 3634 1875 sed

2071 1902 2366 1957 auditorum
2410 1907 2750 1960 conscientia:
2786 1908 3113 1977 relinquens.
3139 1909 3270 1963 Nam
3300 1910 3390 1980 qui
3433 1925 3491 1967 se
3520 1927 3634 1966 mo-

2071 1992 2187 2049 neri
2213 1993 2471 2064 intelligat
2498 2005 2554 2050 ut
2580 1998 2973 2053 matrimonium
3010 2000 3292 2056 contrahat
3314 2042 3328 2064 ,
3356 2017 3458 2057 non
3495 2002 3631 2073 quod

2071 2085 2467 2141 matrimonium
2493 2089 2761 2158 potissima
2788 2090 3026 2160 quaedam
3056 2092 3224 2146 virtus
3249 2091 3351 2159 sit,
3382 2091 3472 2147 scd
3496 2092 3633 2162 quod

2070 2190 2130 2232 se
2154 2177 2345 2232 Paulus
2373 2186 2531 2234 tanta:
2573 2180 2805 2237 libidinis
2834 2181 3078 2246 damnet,
3113 2191 3169 2236 ut
3202 2182 3333 2236 citra
3369 2182 3638 2237 matrimo-

2073 2269 2220 2323 nium
2269 2269 2337 2324 ab
2376 2284 2439 2324 ea
2492 2285 2551 2325 se
2587 2271 2860 2326 continere
2902 2280 3161 2342 nequeat,
3199 2272 3519 2327 erubescens
3576 2284 3638 2325 ac

2071 2357 2378 2428 pudefactus
2394 2399 2410 2425 ,
2442 2360 2679 2429 protinus
2700 2361 3051 2432 virginitatem
3075 2362 3401 2428 adsciscere,
3429 2371 3586 2433 atque
3608 2377 3635 2414 a

2069 2466 2128 2507 se
2155 2459 2353 2507 tantam
2382 2453 2647 2508 infamiam
2678 2455 2944 2522 depellere
2972 2457 3187 2511 uitetur.

2139 2542 2374 2598 XXVIII.
2408 2542 2534 2608 Qua:
2557 2543 2619 2599 de
2641 2546 2956 2599 matrimonio
2977 2546 3227 2608 dicantur,
3249 2546 3637 2600 cohortationem

2069 2648 2173 2687 esse
2195 2634 2263 2686 ad
2286 2634 2636 2704 virginitatem.
2654 2665 2722 2674 —
2744 2634 2878 2701 Quid
2902 2650 3028 2690 vero
3043 2635 3188 2691 addit
3211 2635 3457 2704 insuper?
3481 2634 3637 2690 Uxori

2068 2724 2145 2777 vir
2168 2722 2383 2778 debitam
2410 2723 2797 2779 benevolentiam
2825 2726 3021 2790 reddat,
3049 2726 3316 2796 itidemque
3339 2743 3467 2781 uxor
3489 2727 3591 2780 viro
3616 2742 3636 2791 ;

2068 2815 2205 2883 quod
2248 2817 2478 2884 apertius
2528 2816 2817 2886 explanatis
2859 2817 3077 2873 subdit:
3110 2818 3250 2873 Uxor
3293 2819 3373 2872 sui
3417 2819 3636 2888 corporis

2068 2905 2272 2959 domina
2297 2924 2394 2960 non
2419 2917 2510 2973 est,
2538 2907 2627 2961 sed
2645 2909 2759 2973 vir;
2796 2907 3064 2980 itidemque
3091 2909 3166 2963 vir
3185 2909 3265 2964 sui
3292 2911 3521 2981 corporis
3545 2909 3636 2962 do-

2067 2998 2231 3051 minus
2258 3015 2357 3052 non
2383 3007 2473 3061 est,
2497 2998 2584 3053 sed
2612 3016 2739 3053 uxor
2765 2999 2841 3069 (I.
2863 2999 2979 3053 Cor.
3003 3000 3054 3053 7.
3082 2997 3157 3071 3).
3192 2999 3259 3055 Ει
3278 3000 3391 3055 hinc
3415 2999 3517 3056 dici
3543 3014 3637 3070 pro

2068 3089 2404 3143 matrimonio
2451 3088 2728 3155 videntur;
2776 3105 2960 3145 revera
3001 3095 3179 3143 autem
3219 3103 3315 3157 ea,
3370 3072 3634 3161 tamquam

2068 3179 2280 3233 hamum
2331 3188 2543 3234 assueta
2591 3195 2712 3235 esca
2754 3181 3055 3236 obvolutum
3085 3223 3099 3247 ,
3151 3182 3205 3236 in
3259 3180 3634 3250 discipulorum

2066 3284 2223 3324 aures
2257 3269 2507 3335 immittit,
2535 3284 2630 3325 eos
2672 3285 2766 3341 per
2802 3285 3100 3327 sermonem
3139 3270 3207 3326 de
3248 3270 3581 3326 matrimonio
3606 3287 3633 3329 τι

2066 3359 2402 3415 matrimonio
2430 3362 2703 3417 retrahere
2725 3361 2927 3418 volens.
2972 3361 3073 3428 Qui
3113 3361 3253 3416 enim
3293 3360 3488 3427 audiat,
3520 3374 3638 3430 post

2067 3453 2460 3508 matrimonium
2491 3470 2596 3508 non
2624 3454 2734 3524 jam
2763 3470 2823 3510 se
2849 3470 3000 3509 suum
3023 3453 3155 3518 fore,
3177 3453 3269 3509 sed
3295 3453 3475 3508 uxoris
3498 3453 3637 3508 arbi-

2068 3545 2170 3599 trio
2210 3544 2503 3614 subjectum
2553 3545 2637 3612 iri,
2667 3559 2764 3600 nec
2799 3560 2966 3609 mora,
3007 3544 3346 3600 acerbissima
3384 3544 3636 3598 servitute

2066 3637 2323 3707 expedire
2350 3652 2410 3693 se
2437 3636 2734 3702 conabitur,
2763 3638 2845 3693 vel
2883 3637 3056 3707 potius
3084 3652 3183 3692 nec
3211 3637 3393 3707 jugum
3419 3638 3631 3698 subire;

2065 3744 2186 3783 cum
2235 3727 2322 3797 qui
2366 3728 2528 3784 semel
2581 3729 2830 3792 subierit,
2877 3728 2923 3783 ei
2965 3742 3126 3800 porro
3163 3727 3499 3784 serviendum
3544 3729 3631 3790 sit.

2067 3819 2313 3886 quamdiu
2360 3819 2409 3874 id
2448 3820 2600 3874 uxori
2647 3820 2907 3875 videatur.
2951 3819 3102 3886 Quod
3132 3829 3306 3875 autem
3333 3821 3419 3876 hic
3444 3835 3631 3876 nones

2065 3911 2370 3981 conjectura
2413 3909 2479 3967 de
2520 3910 2670 3966 Pauli
2699 3911 2956 3966 sententia
2991 3910 3196 3981 loquar,
3228 3921 3524 3982 promptum
3555 3921 3634 3967 est

2069 4016 2129 4057 ex
2163 4001 2434 4072 discipulis
2454 4015 2796 4072 cognoscere.
2826 4000 2958 4057 Nam
2986 4016 3084 4056 nec
3109 4000 3145 4055 ii
3170 4015 3330 4070 grave
3366 4016 3431 4057 ac
3464 4001 3634 4057 mole-

2065 4101 2203 4146 stum
2231 4106 2351 4147 esse
2375 4091 2766 4145 matrimonium
2799 4091 2942 4161 prius
2979 4091 3217 4147 arbitrati
3255 4102 3398 4157 sunt,
3428 4107 3581 4163 quam
3603 4106 3632 4145 a

2066 4183 2291 4239 Domino
2317 4199 2375 4240 se
2402 4184 2454 4239 in
2484 4198 2601 4239 eam
2638 4184 3006 4239 necessitatem
3046 4184 3356 4250 conclusos,
3388 4185 3439 4239 in
3476 4200 3631 4255 quant

2052 4277 2107 4325 et
2135 4285 2166 4324 a
2199 4268 2372 4326 Paulo
2397 4280 2511 4325 tum
2535 4270 2831 4332 Corinthii,
2859 4272 3132 4326 viderunt.
3167 4271 3299 4326 Illud
3328 4271 3497 4336 enim,
3523 4268 3630 4337 Qui

2054 4378 2272 4418 uxorem
2310 4378 2463 4418 suam
2485 4363 2770 4429 dimiserit,
2802 4374 3018 4433 excepta
3042 4347 3412 4433 fornicationis
3444 4377 3628 4427 causa,

2053 4454 2185 4526 facit
2233 4472 2351 4509 eam
2403 4456 2653 4509 tumcltari
2692 4456 2905 4523 (Matth.
2927 4456 2980 4511 5.
3013 4457 3142 4523 52);
3180 4462 3235 4511 et
3266 4455 3391 4519 hoc,
3430 4452 3522 4507 Vir
3543 4451 3628 4505 sui

2052 4545 2286 4614 corporis
2306 4542 2549 4598 dominus
2574 4559 2677 4598 non
2703 4553 2781 4597 est
2811 4543 2887 4614 (1.
2912 4542 3036 4598 Cor.
3067 4544 3117 4597 ’1.
3140 4544 3230 4614 4);
3257 4540 3616 4597 dissimilibus

2052 4636 2258 4701 verbis,
2282 4634 2377 4691 sed
2397 4635 2586 4690 eodem
2618 4650 2784 4690 sensu
2807 4642 3070 4706 concepta
3094 4643 3242 4689 sunt.
3273 4632 3414 4700 Quin
3442 4632 3488 4688 si
3510 4632 3633 4701 quis

2053 4734 2160 4785 hoc
2178 4727 2332 4782 Pauli
2347 4727 2659 4781 accuratius
2675 4726 3091 4786 animadvertat.
3112 4724 3455 4797 tyrannidem
3472 4730 3634 4794 auget

2066 4820 2253 4889 magis,
2299 4816 2668 4885 durioremque
2703 4813 3009 4869 servitutem
3052 4812 3244 4868 reddit.
3283 4811 3415 4867 Nam
3460 4812 3636 4867 Domi-
3692 4872 3695 4873 ν

2066 4925 2168 4965 nus
2198 4909 2314 4964 viro
2340 4922 2446 4962 non
2472 4905 2729 4976 permittit
2755 4919 2872 4959 eam
2912 4904 3073 4959 domo
3107 4904 3322 4971 exigere
3352 4905 3368 4935 ί
3398 4921 3412 4957 :
3442 4904 3637 4958 Paulus

2066 5001 2117 5056 ei
2140 4999 2297 5054 etiam
2339 4998 2421 5052 sui
2456 4997 2694 5065 corporis
2719 4994 2954 5051 dominio
2981 5004 3193 5064 erepto,
3226 5009 3386 5050 omne
3412 4994 3527 5063 ejus
3550 4994 3637 5064 jus

2066 5091 2121 5147 in
2149 5104 2365 5147 uxorem
2384 5088 2607 5153 confert,
2629 5088 2783 5157 eique
2805 5102 2925 5140 eum
2948 5085 3188 5155 emptitio
3209 5084 3406 5140 famulo
3430 5086 3638 5157 gravius

2067 5183 2295 5254 subjicit.
2321 5182 2453 5237 Huic
2480 5181 2622 5236 enim
2653 5181 2775 5235 licet
2800 5179 3061 5234 interdum
3093 5178 3313 5234 solidam
3332 5180 3637 5235 libertatem

2067 5273 2307 5343 adipisci,
2337 5273 2384 5328 si
2423 5272 2634 5343 quidem
2672 5271 2835 5341 possit
2874 5270 3153 5340 aliquando
3193 5280 3377 5327 auctus
3420 5270 3639 5340 pecunia

2068 5362 2199 5418 hero
2224 5363 2447 5432 pretium
2468 5376 2747 5417 numerare
2770 5379 2784 5416 :
2804 5369 2860 5415 at
2878 5360 2976 5427 vir,
2996 5360 3234 5429 quamvis
3249 5362 3482 5415 omnium
3504 5357 3642 5413 diffi-

2067 5453 2318 5509 cillimam
2346 5467 2567 5507 uxorem
2596 5461 2779 5507 nactus
2805 5451 2891 5516 sit,
2914 5452 3225 5507 servitutem
3253 5450 3388 5505 ferre
3412 5450 3638 5518 cogitur,

2069 5558 2168 5599 nec
2195 5556 2298 5614 qua
2326 5556 2394 5599 eo
2420 5541 2691 5597 dominatu
2732 5557 2793 5597 se
2827 5541 3089 5607 absolvat,
3117 5542 3253 5596 inire
3274 5542 3412 5596 viam
3442 5549 3635 5611 potest.

2137 5735 2155 5768 ι
2190 5742 2298 5785 Haec
2318 5732 2511 5798 paulum
2532 5730 2726 5782 diverse
2742 5729 2907 5792 jaceat
2925 5730 2976 5780 in
2995 5735 3133 5798 πιθα..
3154 5727 3242 5783 sed
3265 5724 3422 5779 atinas
3440 5731 3595 5776 recte.
