4056 6208
417 366 521 427 5!,3

492 481 619 540 1(8'.
637 477 819 532 Εἰπὼν
835 478 1033 547 τοίνυν,
1048 479 1112 534 Ἠ
1122 482 1278 551 γυνὴ
1292 482 1398 539 τοῦ
1418 481 1570 535 ἰδίου
1592 480 1868 550 σώματος
1888 483 2001 537 οὐκ

419 560 769 629 ἐξουσιάζει,
798 563 1016 630 ἐπάγει·
1045 562 1143 632 Μὴ
1179 563 1564 631 ἀποστερεῖτε
1588 562 1923 629 ἀλλήλους,
1954 566 2008 617 εὶ

413 645 497 716 μή
523 662 577 699 τι
604 644 681 699 ἂν
702 646 771 700 ἐκ
806 645 1135 716 συμφώνου
1161 646 1311 714 πρὸς
1332 646 1561 714 καιρὸν,
1582 648 1683 701 ἵνα
1704 645 2009 715 σχολάση·

418 745 480 781 τε
527 726 601 797 τῇ
632 726 959 798 ’προσευχῇ
1007 728 1105 783 καί
1138 727 1214 796 τῇ
1244 730 1515 798 νηστείᾳ,
1556 730 1653 784 καί
1690 728 1877 783 πάλιν
1907 729 2008 782 ἐπὶ

418 811 483 869 τὸ
539 812 686 867 αὐτὸ
735 812 1125 881 συνέρχεσθε.
1174 812 1408 876 Πολλοὺς
1472 812 1704 869 ἐνταῦθα
1756 811 1866 866 τῶν
1907 812 2007 883 τὴν

418 894 718 967 παρθενίαν
750 894 1180 966 ἐπανῃρημένων
1212 893 1364 965 οἶμαι
1396 897 1489 950 καὶ
1521 895 1776 967 ἐρυθριᾷν
1802 895 1897 949 καὶ
1920 897 2010 949 αί-

419 977 713 1047 σχύνεσθαι
760 976 852 1030 ἐπὶ
897 980 965 1048 τῇ
999 976 1165 1049 πολλῇ
1207 978 1614 1047 συγκαταϐἀσει
1648 978 1743 1031 τοῦ
1770 978 2003 1032 Παύλου·

419 1060 555 1119 ἀλλά
597 1062 671 1132 μὴ
711 1060 946 1131 δείσητε,
999 1060 1133 1131 μηδὲ
1170 1060 1464 1132 ἀϐέλτερόν
1502 1079 1555 1115 τι
1589 1060 1822 1132 πάθητε.
1851 1063 2011 1114 Δοκεῖ

422 1145 520 1215 μὲν
544 1144 651 1214 γὰρ
679 1145 772 1197 καὶ
800 1144 973 1203 ταῦτα
999 1139 1135 1199 εἶναι
1158 1142 1518 1216 χαριζομένου
1548 1146 1661 1207 τοῖς
1692 1143 2010 1213 γεγαμηκό-

421 1245 527 1281 σιν·
569 1229 617 1279 εί
642 1226 699 1281 δέ
732 1244 817 1291 τις
851 1227 992 1281 αύτά
1028 1226 1272 1300 ἀκριϐῶς
1297 1226 1670 1296 διασκέψαιτο,
1711 1227 1808 1298 τῆς
1843 1226 2010 1297 αύτῆς

418 1312 547 1364 ὄντα
575 1312 685 1373 τοῖς
714 1310 1000 1384 προτέροις
1031 1312 1252 1382 εὑρήσει
1283 1310 1530 1382 γνώμης.
1564 1311 1628 1364 El
1665 1310 1764 1380 μὲν
1786 1310 1895 1381 γάρ
1925 1327 2010 1374 τις

419 1393 558 1448 α)τά
624 1393 809 1457 ἁπλῶς
866 1394 1136 1460 ἐπεξιέναι
1186 1393 1446 1463 βούλοιτο,
1494 1396 1590 1464 τῆς
1639 1391 2011 1464 προκειμένης

417 1476 776 1531 ἀπαλλάττων
815 1489 840 1518 ι
879 1477 1077 1540 αἰτίας,
1116 1477 1259 1541 δόξει
1297 1476 1667 1547 νυμφευτρίας
1699 1472 1836 1529 εἶναι
1876 1475 2010 1545 μᾶλ-

417 1562 506 1613 λον
543 1560 576 1630 ἢ
617 1559 914 1613 ἀποστόλου
946 1561 1015 1613 τὰ
1042 1562 1283 1633 ρήματσσ
1308 1563 1356 1615 εί
1387 1561 1444 1614 δὲ
1470 1561 1560 1613 τὸν
1592 1559 1794 1612 σκοπὸν
1830 1558 2007 1612 ἀπαν-

418 1661 485 1696 τα
522 1642 885 1709 ἀναπτύξειε,
932 1644 1027 1696 καὶ
1067 1643 1274 1715 ταύτην
1321 1644 1545 1715 καιρίαν
1586 1643 1613 1682 ιι
1648 1642 1875 1713 εὑρήσει
1907 1642 2009 1714 τῆς

417 1725 779 1796 ίιττοστολικῆς
819 1725 975 1791 ἀξίας
1007 1726 1107 1796 τὴν
1135 1725 1473 1796 παραίνεσιν.
1512 1725 1610 1779 Διά
1652 1726 1708 1778 τί
1740 1726 1849 1798 γὰρ
1904 1741 2009 1796 μα-

420 1807 681 1879 κρότερον
708 1808 948 1874 ἐπέξεισι
977 1808 1149 1879 τούτῳ
1183 1809 1262 1880 τῷ
1297 1808 1470 1883 λόγῳς
1508 1810 1566 1862 ού
1600 1809 1708 1879 γὰρ
1742 1808 1901 1883 ἤρκει
1923 1807 2010 1860 διὰ

421 1893 527 1941 των
553 1890 811 1961 ἀνωτέρω
837 1891 995 1944 τοῦτο
1029 1892 1353 1963 σεμνότερον
1384 1891 1777 1965 ἐνδειξάμενον,
1817 1890 2010 1963 μέχρις

421 1972 632 2024 ἐκείνου
678 1974 871 2043 στῆσαι
904 1973 1001 2045 τὴν
1030 1974 1383 2046 παραίνεσιν;
1432 1974 1484 2027 τί
1532 1975 1640 2045 γὰρ
1682 1974 1794 2046 ἔχει
1846 1974 2010 2028 πλέον

419 2054 533 2116 τοῦ,
576 2054 655 2121 Τῇ
684 2058 916 2131 γυναικὶ
953 2061 987 2110 ὁ
1017 2058 1173 2126 ἀνὴρ
1204 2058 1319 2126 τίιν
1349 2056 1748 2127 ὀφειλομένην
1769 2058 2013 2112 εὔνοιαν

419 2136 772 2199 ἀποδιδότω,
798 2137 910 2199 καί,
940 2136 994 2189 '0
1009 2136 1163 2206 ἀνὴρ
1182 2139 1287 2194 τοῦ
1303 2139 1457 2195 ίδίου
1473 2141 1742 2213 σώματος
1756 2144 1869 2197 οὐκ
1911 2139 2010 2204 ἐξ·

422 2218 708 2283 ουσιίίζει,
732 2219 812 2285 τὸ,
843 2218 941 2291 Μὴ
980 2219 1365 2288 ἀποστερεῖτε
1396 2220 1731 2291 ἀλλήλους,
1760 2223 1813 2276 ει
1839 2220 1925 2293 μή
1955 2240 2010 2276 τι

420 2303 497 2356 ἀν
524 2303 591 2357 ἐκ
614 2302 944 2373 συμφώνου
969 2302 1119 2375 πρὸς
1145 2307 1393 2372 καιρόν;
1428 2304 1597 2357 Πλέον
1632 2305 1729 2376 μὲν
1750 2304 1923 2359 οὐδέν·
1951 2304 2012 2359 τὸ

418 2386 474 2439 δὲ
522 2386 578 2439 ἐν
618 2385 808 2457 βραχεῖ
834 2387 926 2446 καὶ
963 2385 1222 2460 ἀμυδρῶς
1252 2387 1541 2459 εἰρημένον
1571 2389 1687 2441 ἐκεῖ
1710 2387 1799 2441 διὰ
1832 2387 2012 2442 πλειό-

419 2486 525 2522 νων
555 2469 791 2523 ἐνταῦθα
824 2469 1158 2541 σαφέστερον
1190 2468 1565 2542 ἐξειργάσατο.
1598 2473 1750 2525 Ποιεῖ
1773 2472 1828 2525 δὲ
1854 2470 2012 2526 τοῦτο

423 2552 757 2624 μιμούμενος
807 2552 899 2607 τὸν
941 2554 1094 2621 ἅγιον
1128 2553 1223 2606 τοῦ
1265 2553 1399 2607 Θεοῦ
1437 2555 1712 2626 Σαμουήλ.
1747 2555 2012 2625 Καθάπερ

418 2639 526 2709 γὰρ
559 2638 766 2699 ἐκεῖνος
792 2637 931 2706 μετά
960 2637 1140 2707 πάσης
1171 2637 1461 2707 ἀκριϐείας
1490 2638 1617 2700 τοὺς
1645 2637 1774 2711 περὶ
1798 2637 1896 2707 τῆς
1918 2637 2013 2707 βα-

421 2721 626 2785 σιλείας
669 2718 946 2789 ἐξηγεῖται
990 2720 1188 2788 νόμους
1221 2722 1335 2782 τοῖς
1380 2718 1639 2784 ἰδιώταις,
1673 2721 1771 2791 οὐχ
1799 2720 1886 2773 ἵνα
1920 2719 2011 2773 δέ·

421 2802 639 2869 ξωνται,
672 2803 786 2856 ἀλλ’
818 2804 906 2857 ἴνα
931 2804 1005 2874 μὴ
1033 2802 1309 2868 δέξωνται·
1341 2803 1435 2856 καὶ
1463 2802 1612 2857 δοκεῖ
1640 2802 1739 2873 μὲν
1761 2802 2013 2857 διδασκα-

420 2887 508 2940 λία
545 2898 567 2926 ε
599 2886 661 2941 τὸ
706 2888 940 2958 πρᾶγμα
970 2885 1132 2950 εἶναι,
1169 2885 1229 2938 τὸ
1273 2885 1329 2940 δὲ
1366 2885 1565 2956 ἀληθὲς
1596 2886 1881 2958 ἀποτροπή
1928 2903 2011 2950 τις

419 2968 487 3043 ἦν
524 2972 622 3042 τῆς
672 2970 969 3041 ἐπιθυμίας
1024 2970 1205 3023 αὐτῶν
1240 2970 1338 3040 τῆς
1371 2970 1624 3041 ἀκαίρου·
1661 2969 1805 3023 οῦτω
1843 2970 1939 3024 καὶ
1983 2972 2012 3024 6

421 3055 631 3121 Παῦλος
652 3054 747 3108 τοῦ
775 3055 954 3125 γάμου
987 3054 1084 3108 τὴν
1116 3054 1408 3125 τυραννίδα
1435 3056 1824 3125 συνεχέστερον
1857 3053 2013 3126 στρέ-

419 3156 508 3211 φει
561 3137 656 3198 καὶ
705 3138 1062 3213 σαφέστερον,
1110 3138 1320 3202 τούτοις
1357 3138 1555 3201 αὐτοὺς
1605 3139 1721 3201 τοῖς
1766 3138 2012 3208 ῥήμασιν

420 3227 629 3281 ἐκεῖθεν
662 3225 946 3291 ἐξελκύσαι
991 3224 1333 3294 βουλόμενος.
1366 3219 1554 3274 Εἰπὼν
1587 3220 1715 3293 γάρ,
1763 3222 1824 3276 Ἡ
1856 3221 2011 3292 γυνὴ

419 3311 524 3365 fni}
577 3310 731 3363 ἰδίου
787 3310 1062 3377 σώματος
1106 3310 1218 3360 οὐκ
1264 3303 1617 3369 ἐξουσιάζει,
1652 3305 1865 3373 ἐπάγει,
1915 3305 2012 3375 Μὴ

420 3393 802 3462 ἀποστερεῖτε
850 3391 1185 3455 ἀλλήλους,
1240 3391 1289 3441 εί
1330 3387 1416 3457 μή
1457 3405 1512 3441 τι
1556 3387 1633 3440 ἂν
1664 3388 1731 3441 ἐκ
1770 3386 2014 3456 συμφώ-

419 3494 551 3538 rev,
593 3476 692 3527 ἵνα
734 3473 1065 3541 σχολάᾥιτε
1104 3471 1178 3540 τῇ
1218 3472 1471 3539 νηστείᾳ
1510 3471 1607 3525 καὶ
1646 3470 1721 3539 τῇ
1752 3487 2013 3539 προσευ-

420 3557 522 3628 χῇ.
572 3558 733 3627 Ὀρᾷς
764 3555 882 3619 πῶς
926 3556 1253 3617 ἀνυπόπτως
1303 3554 1398 3608 καὶ
1443 3553 1767 3623 ἀνεπαχθῶς
1805 3554 1930 3617 τοὺς
1958 3555 2014 3606 ἐν

419 3641 497 3710 τῷ
527 3640 691 3711 γάμῳ
722 3639 982 3709 μένοντας
1015 3640 1095 3701 εἰς
1122 3638 1219 3709 τὴν
1243 3638 1340 3707 τῆς
1362 3637 1684 3709 ἐγκρατείας
1713 3635 2015 3706 γυμνασίαν

419 3726 686 3795 ἐνήγαγε;
726 3723 883 3793 Παρά
921 3721 1020 3794 μὲν
1059 3722 1168 3794 γὰρ
1220 3720 1317 3794 τὴν
1350 3719 1525 3792 ἀρχὴν
1553 3719 1738 3783 ἁπλῶς
1781 3720 1842 3772 τὸ
1875 3721 2017 3789 πρᾶ-

420 3825 536 3876 γμα
574 3806 859 3878 ἐπῄνεσεν,
913 3803 1103 3865 εἰπών·
1156 3804 1363 3860 Καλὸν
1400 3802 1690 3871 ἀνθρώπῳ
1728 3801 2016 3875 γυναικὸς

417 3893 503 3963 μὴ
533 3892 845 3947 ἀπτεσθαν
893 3887 1128 3941 ἐνταῦθα
1156 3888 1214 3941 δέ
1254 3888 1347 3948 καὶ
1378 3891 1713 3959 παραίνεσιν
1744 3885 2016 3957 προσέθη-

422 3994 536 4037 κεν,
571 3973 759 4027 εἰπών·
787 3972 885 4042 Μὴ
909 3970 1294 4037 ἀποστερεῖτε
1318 3969 1655 4037 ἀλλήλους,
1680 3970 1730 4022 εί
1749 3968 1833 4037 μή
1862 3985 1913 4021 τι
1939 3968 2018 4022 ἂν

420 4060 489 4113 ἐκ
534 4055 883 4127 συμφώνου.
931 4052 1030 4106 Διά
1077 4053 1130 4107 τί
1173 4052 1230 4106 δὲ
1283 4054 1378 4107 καὶ
1424 4055 1482 4107 ἐν
1524 4052 1843 4123 παραινέσει
1880 4053 2017 4125 ὅπερ

422 4142 595 4196 θεῖναι
628 4139 889 4210 ἠϐούλετο
920 4138 1238 4207 εἰσήγαγεν,
1272 4135 1389 4189 ἀλλ’
1424 4136 1525 4191 οὐκ
1556 4137 1613 4188 ἐν
1642 4135 2017 4205 ἐπιτάγματος

423 4226 522 4296 σχή
534 4240 698 4295 ματι;
731 4222 808 4277 Ού
832 4221 941 4291 γὰρ
968 4216 1139 4273 εἶπεν’
1188 4219 1570 4290 Ἀποστερεῖτε
1594 4217 1703 4296 μὲν
1729 4217 2014 4296 ἀλλήλους,

423 4295 729 4375 συμφώνως
761 4299 840 4353 δέ·
877 4296 1016 4375 ἀλλά
1072 4298 1159 4362 τί;
1204 4297 1302 4365 Μὴ
1334 4295 1776 4375 ἀάποστερεῒτε
1824 4295 2019 4365 ἀλλήη

420 4374 590 4449 λους,
622 4385 674 4439 εί
713 4377 799 4449 μή
850 4395 907 4433 τι
957 4374 1036 4431 ἂν
1076 4377 1145 4431 ἐκ
1180 4374 1529 4447 συμφώνουο
1557 4376 1638 4429 ὅτι
1670 4374 1815 4429 οὕτω
1852 4390 2019 4443 προσ-

421 4464 710 4533 ηνέστερος
741 4460 769 4511 6
798 4458 953 4525 λόγος
983 4456 1250 4525 ἐγίγνετο,
1283 4456 1377 4509 τοῦ
1410 4453 1730 4509 διδασκάλου
1750 4452 2021 4533 τηνᾲγνώ-

425 4531 532 4611 μην
564 4531 795 4599 δεικνὺς,
819 4535 880 4588 ού
907 4535 1046 4604 μετά
1078 4534 1438 4605 σφοδρότητος
1469 4533 1628 4586 τοῦτο
1652 4531 2018 4611 ἀπαιτοῦσαν,

422 4622 509 4674 ὅτε
551 4617 783 4689 μάλιστα
832 4614 925 4667 καὶ
979 4614 1116 4682 μετά
1151 4613 1352 4683 πολλῆς
1378 4613 1489 4689 ,τῆς
1530 4610 2015 4683 εύγνωμοσύνηςὴ

425 4688 629 4761 ἔκτισις
652 4696 882 4765 γίνεται.
915 4693 990 4745 Ού
1020 4692 1195 4762 τούτῳ
1224 4691 1282 4747 δὲ
1316 4688 1462 4762 μόνῳ
1488 4693 1896 4763 παραμυθεῖται
1927 4690 2021 4743 τὸν

425 4776 721 4847 ἀκροατὴν,
752 4772 887 4826 ἀλλά
909 4771 1005 4824 καὶ
1039 4769 1115 4839 τῷ
1139 4771 1201 4823 τὸ
1226 4771 1326 4839 μὲν
1352 4771 1527 4841 τραχὺ
1552 4770 1776 4841 βραχέσι
1809 4771 2021 4821 συστεῖ.

428 4857 512 4915 λαι
567 4858 798 4927 ῥήμασι,
855 4852 982 4923 πρὶν
1034 4849 1067 4920 ἦ
1108 4850 1166 4904 δέ
1208 4850 1444 4921 ἀλγῆσαι
1492 4850 1582 4911 τὸν
1611 4849 2021 4927 ἀκούοντα,ἐπὶ

427 4938 493 4989 τὰ
538 4925 772 5005 ἡδύτερα
824 4928 1228 5003 μεταπηδῆσαι,
1274 4930 1370 4981 καὶ
1413 4927 1625 4992 τούτοις
1681 4925 2019 4999 ἐνδιατρίψαι

442 5015 653 5070 ιᾶλλον.

442 5036 653 5070 ιαΑΛον.

431 5036 443 5088 ί
497 5098 578 5150 Λ’.
599 5091 782 5158 ¹Ἀξιον
810 5090 866 5145 δὲ
890 5088 1142 5157 ἐξετάσαι
1163 5088 1402 5152 κάκεῖνο,
1429 5088 1483 5141 τί
1508 5087 1729 5157 δήποτε,
1758 5086 1915 5156 εἴπερ
1941 5083 2024 5139 τί-

436 5191 557 5246 μιος
581 5175 611 5226 ό
638 5173 816 5243 γάμος
844 5170 939 5223 καὶ
967 5172 1000 5239 ἡ
1024 5169 1179 5237 κοίτη
1198 5168 1480 5246 ἀμίαντος,
1502 5168 1602 5223 οὐκ
1617 5167 1840 5246 ἀφίησιν
1868 5163 2020 5237 [290]

428 5244 593 5313 αὐτὸν
609 5251 792 5323 χώραν
819 5249 906 5319 ἔχε
916 5265 963 5303 ιν
990 5250 1048 5302 ἐν
1064 5248 1142 5318 τῷ
1167 5250 1268 5319 τῆς
1284 5245 1537 5317 νηστείας
1557 5246 1652 5323 καὶ
1672 5244 1771 5323 τῆς
1798 5259 2025 5323 προσευ-

428 5334 528 5401 χῆς
566 5317 778 5402 κάἰρῷς
811 5317 935 5381 ’Ότι
974 5326 1080 5380 τῶν
1111 5317 1317 5397 σφόδρα
1351 5323 1570 5377 ἀτόπων
1609 5317 1699 5394 ἦν,
1735 5321 2024 5402 Ἰουδαίους

434 5396 551 5481 μέν,
589 5396 675 5472 οἷς
712 5396 928 5468 ἀπαντα
955 5406 1025 5466 τὰ
1059 5396 1349 5474 σωματικὰ
1377 5402 1769 5481 διατετύπωτο,
1798 5396 1895 5481 οἷς
1928 5402 2023 5454 καὶ

429 5479 524 5544 δύο
567 5491 826 5557 γυναῖκας
872 5488 1014 5557 ἔχειν
1047 5486 1257 5559 ὴφεῖτο,
1305 5485 1400 5535 καὶ
1441 5482 1540 5543 τὰς
1585 5481 1681 5549 μὲν
1708 5479 2020 5559 ἐκϐάλλειν,

431 5572 528 5633 τὰς
560 5568 617 5622 δὲ
645 5566 1006 5634 ἀντεισάγειν,
1041 5557 1312 5633 τοσαύτην
1337 5559 1606 5615 ποιεῖσθαι
1638 5557 1732 5611 τοῦ
1765 5558 2025 5629 πράγμα-

430 5667 523 5714 τος
569 5649 848 5721 πρόνοιαν,
881 5647 958 5712 ὡς
1012 5647 1305 5717 μέλλοντας
1349 5645 1508 5698 θείων
1551 5640 1773 5693 ἀκούειν
1825 5638 2021 5721 λόγων,

435 5720 738 5802 ἀποστῆναι
770 5730 863 5785 καὶ
891 5731 990 5802 τῆς
1022 5728 1164 5783 κατά
1187 5726 1349 5797 νόμον
1381 5725 1600 5796 μίξεως,
1632 5724 1726 5778 καὶ
1765 5720 1935 5775 ταῦτα
1961 5721 2023 5774 ού

500 5851 523 5914 f’
549 5849 674 5914 1398-
698 5849 1004 5914 ἀπφκὸτςτωνσ

501 5909 526 5985 ξ
555 5907 652 5985 ξι·ιῖ
670 5912 858 5985 καιρίαν
886 5910 1015 5985 Ιιδβὶι,
1034 5908 1165 5965 ἀξίαν
1194 5907 1351 5961 Savil.

502 5978 523 6035 ἢ
555 5975 675 6035 Reg.
701 5974 925 6028 διδασκα)
938 5974 1028 6026 ίας.

500 6033 529 6082 ο
553 6029 675 6098 Ηυξ.
702 6034 951 6097 ἀλλήλους,
978 6035 1055 6083 ἵνα
1076 6032 1346 6101 σχολάσητε
1369 6036 1423 6093 τῇ
1450 6033 1709 6094 προσευχῇ,
1735 6029 1852 6077 ἀλλὰ
1879 6029 1959 6091 μή.

1150 369 1209 424 S.
1244 366 1531 425 JOANNIS
1567 365 2055 425 CIIRYSOSTOMI
2093 369 2413 427 ARCHIEP.
2461 369 3005 428 CONSTANTINOP.

3585 369 3691 426 εει

2112 486 2242 556 μίαν
2300 488 2423 541 οὐδὲ
2478 486 2572 540 δύο
2630 486 2792 556 μόνον
2845 486 3080 557 ἡμέρας,
3133 484 3270 539 ἀλλά
3323 483 3418 539 καὶ
3456 483 3693 551 πλείους·

2108 566 2255 634 ἡμᾶς
2294 564 2352 618 δὲ
2405 566 2530 627 τοὺς
2588 562 2856 633 τοσαύτης
2896 564 3272 628 ἀπολαύοντας
3310 564 3550 634 χάριτος,
3572 569 3700 631 τοὺς

2108 642 2327 713 πνεῦμα
2362 653 2386 682 ε
2418 642 2700 705 λαϐόντας.
2736 643 2863 705 τοὺς
2902 642 3297 713 νεκρωθέντας,
3336 644 3465 705 τοὺς
3504 659 3699 697 συνταο

2111 722 2308 791 φέντας
2332 722 2408 792 τῷ
2443 721 2684 791 Χριστῷ,
2716 722 2842 784 τοὺς
2872 721 3147 786 υἱοθεσίας
3183 720 3535 787 ἀξιωθέντας,
3574 724 3701 787 τοὺς

2110 802 2189 864 εἰς
2231 801 2500 871 τοσαύτην
2553 798 2889 870 ἀναχθέντας
2927 800 3112 871 τιμὴν,
3153 800 3290 870 μετά
3336 799 3573 853 τοσαῦτα
3605 802 3700 854 καὶ

2108 880 2412 949 τηλικαῦτα
2436 878 2619 949 ἀγαθά
2653 878 2790 950 μηδὲ
2816 880 2898 940 εἰς
2927 879 3025 949 τὴν
3048 878 3218 949 αὐτὴν
3252 878 3549 947 ἀφικέσθαι
3588 882 3700 944 τοῖς

2109 958 2323 1031 νηπίοις
2363 960 2593 1023 ἐκείνοις
2633 958 2898 1028 σπουδήν.
2929 958 2995 1010 Εἰ
3034 957 3093 1011 δὲ
3139 958 3390 1029 ἐπιμένοι
3419 975 3504 1021 τις
3537 958 3700 1015 πάλιν

2109 1037 2310 1108 ζητῶν·
2342 1039 2514 1102 Αὐτὸς
2547 1037 2606 1090 δὲ
2651 1037 2680 1088 6
2720 1036 2966 1107 Μωῦσῆς
3001 1036 3091 1089 διὰ
3134 1036 3189 1090 τί
3237 1038 3364 1101 τοὺς
3410 1037 3701 1101 Ἰουδαίους

2108 1118 2209 1187 τῆς
2238 1117 2455 1189 ὁμιλίας
2482 1116 2687 1188 ταύτης
2710 1118 3031 1189 ἀπήγαγενς
3069 1118 3244 1170 ἐκεῖνο
3268 1115 3335 1170 ἂν
3359 1117 3589 1187 εῖτξοιμι,
3618 1118 3701 1171 ὅτι

2110 1200 2158 1251 εί
2204 1198 2299 1252 καὶ
2330 1197 2509 1269 τίμιος
2550 1198 2579 1249 6
2621 1197 2820 1268 γάμος,
2851 1196 2989 1249 ἀλλά
3019 1196 3181 1268 μέχρι
3211 1195 3467 1250 τοσούτου
3497 1197 3700 1265 φθάσαι

2108 1275 2310 1329 δύναιτ’
2340 1273 2426 1339 ἂν,
2458 1274 2599 1328 ὥστε
2626 1275 2701 1346 μὴ
2731 1273 2960 1345 μολῦναι
2988 1274 3079 1327 τὸν
3102 1274 3405 1347 χρώμενον,
3437 1276 3499 1329 τὸ
3528 1275 3584 1331 δὲ
3608 1276 3702 1331 καὶ

2111 1354 2299 1422 ἁγίους
2358 1353 2697 1422 ἀποφαίνειν,
2754 1353 2940 1407 οὐκέτι
2995 1353 3094 1423 τῆς
3146 1353 3356 1406 ἐκείνου
3394 1354 3701 1425 δυνάμεως,

2109 1433 2243 1485 ἀλλά
2269 1431 2369 1503 τῆς
2395 1431 2692 1505 παρθενίας
2725 1432 2892 1484 ἐστίν.
2921 1432 3045 1484 Ὀτι
3070 1431 3124 1485 δὲ
3152 1432 3213 1484 ού
3240 1432 3484 1502 Μωῦσῆς
3520 1433 3701 1503 μόνον,

2109 1511 2231 1565 οὐδὲ
2261 1512 2476 1575 Παῦλος
2500 1510 2672 1565 ταῦτα
2697 1510 3102 1583 παρήγγελλον,
3130 1510 3361 1565 ἄκουσον
3389 1512 3443 1564 τί
3478 1529 3642 1583 φησιν
3675 1514 3705 1568 6

2124 1591 2299 1662 Ἰωήλο
2342 1589 2657 1661 Ἀγιὰσατε
2687 1591 2999 1658 νηστείαν,
3030 1589 3331 1658 κηρύξατε
3363 1592 3702 1657 θεραπείαν,

2111 1669 2487 1740 συναγάγετε
2518 1670 2880 1736 ἐκκλησίαν,
2916 1670 3205 1734 ἐκλέξατε
3236 1670 3704 1740 πρεσϐυτέρους.

2125 1750 2266 1804 Ἀλλ’
2298 1753 2477 1805 ἐκεῖνο
2519 1752 2650 1813 ῐσως
2682 1749 2888 1821 ζητεῖς,
2938 1749 3043 1802 ποῦ
3091 1751 3353 1819 γυναικὸς
3403 1749 3707 1821 ἀπέχεσθαι

2112 1834 2433 1888 ἐϐούλευσεν
2464 1832 2528 1899 f;
2579 1832 2915 1898 Ἑξελθέτω,
2971 1835 3126 1905 φησὶ,
3175 1836 3435 1905 νυμφίος
3478 1836 3547 1889 ἐκ
3593 1835 3704 1890 τοῦ

2112 1917 2396 1984 κοιτῶνος
2438 1916 2648 1980 αὑτοῦ,
2696 1916 2797 1970 καὶ
2837 1917 3043 1986 νύμφη
3086 1918 3154 1970 ἐκ
3184 1918 3291 1972 τοῦ
3324 1917 3563 1972 παστοῦ
3599 1920 3708 1973 αὑ-

2112 2000 2242 2069 τῆς.
2287 2000 2459 2054 Τοῦτο
2496 2000 2606 2073 γὰρ
2647 2002 2742 2054 καί¹
2771 2000 3068 2055 Μωσαῖκοῦ
3104 2000 3290 2073 μεῖζόν
3324 2001 3473 2054 ἐστιν
3512 2001 3702 2054 ἐπιτά-

2112 2100 2342 2154 γματος.
2375 2085 2439 2136 Εἰ
2461 2083 2570 2156 γὰρ
2596 2082 2831 2153 νυμφίον
2865 2083 2959 2136 καὶ
2986 2082 3228 2155 νύμφην,
3260 2078 3342 2147 οἷς
3365 2084 3601 2155 ἀκμάζει
3633 2084 3705 2137 τὰ

2110 2164 2211 2235 τῆς
2259 2164 2581 2234 ἐπιθυμίας,
2628 2158 2708 2226 οἷς
2760 2165 2792 2233 η
2835 2163 3027 2235 νεότης
3074 2164 3300 2235 σφριγᾷ,
3344 2158 3429 2227 οἷς
3474 2165 3502 2217 6
3541 2160 3704 2227 πόθος

2112 2244 2438 2307 ἀκάθεκτος,
2467 2244 2530 2296 οὐ
2564 2243 2669 2314 χρὴ
2705 2242 2944 2295 συνιέναι
2988 2242 3131 2297 κατά
3174 2242 3267 2295 τὸν
3311 2243 3412 2313 τῆς
3451 2242 3708 2313 νηστείας

2113 2323 2306 2395 καιρὸν
2352 2323 2448 2376 καὶ¹
2488 2321 2590 2392 τῆς
2629 2322 2961 2393 προσευχῆς,
2992 2322 3143 2391 πόσῳ
3190 2320 3391 2391 μᾶλλον
3431 2322 3558 2385 τοὺς
3597 2321 3709 2374 λοι-

2114 2404 2251 2466 ποὺς
2292 2402 2419 2465 τοὺς
2467 2401 2568 2454 οὐκ
2605 2400 2830 2470 ἔχοντας
2865 2399 3137 2472 τοσαύτην
3174 2400 3375 2471 μίξεως
3417 2401 3706 2471 ἀνάγκην;

2113 2482 2216 2534 Τὸν
2263 2480 2375 2551 γάρ
2420 2479 2715 2550 εὐχόμενον
2759 2478 2837 2542 ὡς
2876 2479 2981 2551 χρὴ
3030 2480 3124 2532 καὶ
3155 2481 3485 2549 νηστεύοντα
3533 2479 3709 2532 πάντα

2113 2560 2414 2633 ἀπορρίψαι
2454 2559 2535 2613 δεῖ
2579 2557 2744 2613 πόθον
2789 2558 3064 2627 βιωτικὸν,
3100 2560 3281 2612 πᾶσαν
3318 2557 3579 2628 φροντίδα
3613 2558 3709 2611 καὶ

2113 2640 2380 2711 διάχυσιν,
2431 2640 2525 2693 καὶ
2566 2638 2905 2709 πανταχόθεν
2954 2638 3146 2692 ἐαυτὸν
3185 2638 3559 2706 συναγαγόντα
3614 2654 3710 2692 κα-

2112 2719 2241 2785 λῶς,
2290 2717 2435 2772 οὕτω
2486 2718 2770 2789 προσιέναι
2824 2717 2903 2787 τῷ
2948 2716 3088 2788 Θεῷ.
3146 2719 3247 2772 Διά
3297 2716 3456 2770 τοῦτο
3515 2718 3608 2770 καὶ
3671 2718 3707 2788 ἠ

2112 2797 2337 2868 νηστεία
2363 2795 2548 2861 καλὸν,
2579 2797 2660 2851 ὅτι
2690 2797 3012 2868 περικόπτει
3047 2796 3146 2859 τὰς
3171 2797 3267 2866 τῆς
3290 2796 3470 2866 ψυχῆς
3494 2796 3713 2868 φροντίς·

2111 2877 2228 2942 δας,
2261 2878 2353 2930 καὶ
2389 2875 2488 2947 τὴν
2530 2876 2926 2947 περιρρέουσαν
2964 2875 3057 2928 τὸν
3090 2874 3215 2930 νοῦν
3248 2875 3541 2946 ὀλιγωρίαν
3574 2876 3706 2928 ἀνα·

2115 2957 2411 3009 στέλλουσα
2432 2954 2558 3025 ὃλην
2586 2956 2723 3026 πρὸς
2749 2956 2949 3023 ἑαυτὴν
2975 2954 3296 3025 ἐπιστρέφει
3318 2953 3417 3023 τὴν
3446 2952 3705 3007 διάνοιαν.

2113 3034 2284 3088 Τοῦτο
2311 3032 2403 3088 καὶ
2422 3036 2450 3087 6
2478 3032 2689 3097 Παῦλος
2713 3034 3088 3103 αἰνιττόμενος
3118 3031 3324 3100 ἀπάγει
3350 3034 3448 3103 τῆς
3484 3030 3706 3102 μίξεως,

2114 3114 2208 3166 καὶ
2229 3116 2293 3184 τῇ
2321 3111 2465 3177 λέξει
2491 3110 2698 3182 σφόδρα
2724 3110 2931 3182 κυρίως
2969 3110 3260 3181 κέχρηται.
3298 3111 3373 3164 Οὐ
3399 3111 3509 3181 γάρ
3531 3106 3704 3172 εἶπεν,

2116 3194 2233 3247 Ἵνα
2258 3193 2333 3263 μὴ
2356 3192 2679 3263 μολυνθῆτε,
2701 3191 2839 3256 ἀλλ’,
2863 3192 2989 3244 Ἵνα
3018 3189 3353 3259 σχολὰζητε
3372 3189 3441 3258 τῇ
3456 3192 3713 3258 νηστείᾳ

2112 3274 2210 3326 καὶ
2239 3270 2314 3340 τῇ
2343 3269 2679 3341 προσευχῇ·
2712 3269 2786 3332 ὡς
2812 3270 2911 3340 τῆς
2935 3271 3071 3341 πρὸς
3100 3272 3331 3337 γυναῖκα
3362 3269 3577 3340 ὁμιλίας
3607 3270 3711 3326 οὐκ

2114 3356 2195 3418 είς
2223 3352 2595 3423 ἀκαθαρσίαν,
2628 3350 2743 3404 ἀλλ’
2771 3352 2851 3414 εἰς
2879 3350 3137 3419 ἀσχολίαν
3172 3350 3435 3420 ἀγούσης.

2187 3434 2311 3487 AA'.
2335 3433 2507 3486 Ὅπου
2547 3430 2656 3501 γὰρ
2686 3430 2782 3483 νῦν
2821 3430 2959 3500 μετὰ
2982 3430 3080 3501 τὴν
3101 3430 3369 3499 τοσαύτην
3408 3428 3710 3499 ἀσφάλειαν

2117 3514 2376 3582 πειρᾶται
2407 3509 2720 3581 ἐμποδίζειν
2756 3509 2887 3577 ἡμῖν
2936 3507 3079 3560 κατὰ
3131 3507 3221 3559 τίον
3264 3507 3364 3576 τῆς
3398 3509 3711 3577 προσευχῆς

2116 3591 2311 3662 καιρὸν
2341 3592 2369 3642 6
2391 3588 2659 3651 διάϐολος·
2688 3586 2752 3639 ἂν
2787 3585 3193 3656 διακεχυμένην
3215 3584 3357 3657 λάϐῃ
3382 3584 3579 3655 ψυχὴν,
3614 3585 3711 3637 κα)⁸

2117 3669 2223 3722 ὑπὸ
2248 3669 2347 3738 τῆς
2376 3667 2513 3738 πρὸς
2542 3666 2641 3738 τὴν
2674 3667 2909 3732 γυναῖκα
2964 3663 3309 3739 συμπαθείας
3349 3679 3412 3733 με
3423 3662 3711 3732 μαλαγμέ-

2117 3766 2237 3819 νην,
2272 3748 2325 3801 τί
2369 3748 2469 3800 οὐκ
2504 3747 2797 3819 ἐργάσεται
2853 3741 2977 3815 τῇδε
3041 3743 3263 3799 κάκεῖσε
3302 3744 3428 3805 τοὺς
3466 3743 3566 3813 τῆς
3593 3742 3712 3795 δια-

2117 3830 2265 3891 νοίας
2286 3826 2665 3898 ἀναρριπίζων
2695 3822 3042 3894 όφθαλμούς;
3076 3822 3255 3900 Ὅπερ
3284 3822 3370 3883 ἵνα
3407 3824 3481 3895 μὴ
3518 3822 3709 3876 πάθω-

2121 3925 2240 3978 μεν,
2315 3906 2489 3978 μηδέ,
2556 3906 2645 3957 ὅτε
2699 3904 2933 3973 μάλιστα
2984 3902 3111 3956 ῖλεω
3160 3902 3532 3973 σπουδάζομεν
3577 3904 3711 3972 ἡμῖν

2118 3986 2462 4056 καταστῆσαι
2496 3983 2588 4037 τὸν
2617 3983 2769 4045 Θεὸν,
2821 3982 2943 4036 τότε
2977 3981 3125 4051 αὐτῷ
3157 3981 3588 4053 προσκρούωμεν
3616 3981 3709 4037 διὰ

2116 4068 2218 4137 τῆς
2247 4065 2392 4121 οῦτω
2428 4065 2663 4136 ματαίας
2692 4063 2881 4135 εύχῆς,
2921 4062 3134 4117 κελεύει
3166 4061 3269 4131 τῆς
3311 4061 3497 4132 κοίτης
3536 4060 3713 4131 ἀπηλ-

2117 4146 2312 4201 λάχθαι
2343 4145 2486 4199 τότε.

2343 4165 2562 4293 Ἔίυγάρ
2591 4223 2638 4275 οί
2668 4225 2781 4286 τοῖς
2807 4219 3086 4291 βασιλεῦσι
3119 4219 3457 4291 προσιόντες,
3488 4218 3541 4271 τί
3567 4218 3712 4287 λέγω

2121 4303 2460 4375 βασιλεῦσιν;
2492 4302 2741 4372 ἐσχάτοις
2776 4301 2875 4372 μὲν
2906 4295 2999 4353 οῦν
3026 4299 3275 4369 ἄρχουσι.
3308 4299 3401 4351 καί⁵
3422 4298 3712 4360 δεσπόταις

2118 4383 2296 4439 δοῦλοι
2323 4383 2762 4452 ἐντυγχάνοντες,
2798 4380 2863 4434 ἀν
2913 4395 2973 4431 τε
3024 4378 3114 4447 ὑφ’
3146 4378 3348 4449 ἐτέρων
3393 4375 3711 4452 ἠδικημένοι

2118 4464 2277 4517 τοῦτο
2305 4451 2553 4522 ποιῶσιν,
2590 4460 2655 4514 ἀν
2677 4477 2737 4513 τε
2776 4458 2930 4511 αὐτοὶ
2954 4457 3199 4528 δεόμενοι
3231 4456 3420 4508 παθεῖν
3436 4451 3517 4520 εὖ,
3557 4454 3624 4507 ἀν
3649 4470 3709 4505 τε

2120 4542 2292 4613 ὀργήν
2323 4556 2447 4594 τινα
2468 4538 2589 4593 καθ’
2619 4536 2826 4594 ἑαυτῶν
2852 4535 3231 4608 ἐγηγερμένην
3265 4534 3510 4603 κοιμίσαι
3545 4530 3710 4585 σπεύ-

2120 4623 2301 4685 δοντες
2324 4622 2370 4685 ⁸,
2409 4618 2654 4681 καὶτοὺς
2687 4617 3001 4688 ὀφθαλμοὺς
3041 4617 3135 4671 καὶ
3167 4615 3264 4685 τὴν
3293 4614 3529 4667 διάνοιαν
3564 4613 3717 4665 ἀπα-

2124 4717 2221 4753 σαν
2249 4698 2678 4771 ἐπιστρέψαντες
2715 4697 2851 4769 πρὸς
2906 4696 3168 4759 ἐκείνους,
3230 4691 3372 4745 οῦτω
3430 4690 3712 4746 ποιοῦνται

2121 4780 2221 4850 τὴν
2253 4770 2526 4849 ἐντυχίαν,
2563 4776 2713 4849 [291]
2756 4776 2859 4831 κᾶν
2897 4776 3117 4850 μικρὸν,
3148 4770 3709 4845 ἀπορῤᾳθυμήσωσιν.

2123 4848 2189 4913 ού
2231 4848 2483 4930 μόνονού
2518 4848 2890 4929 κατώρθωσαν
2917 4856 3057 4926 ὑπὲρ
3091 4848 3165 4908 ὧν
3205 4853 3434 4917 ἐδέοντο,
3460 4850 3596 4905 ἀλλὰ
3620 4854 3715 4908 καὶ

2123 4938 2293 4992 κακόν
2325 4955 2379 4991 τι
2432 4936 2831 5007 προσλαϐόντες
2873 4934 3117 5003 ἀπῆλθον
3161 4934 3211 4973 ὶι·
3244 4933 3292 4985 εί
3326 4932 3375 4984 οἱ
3414 4930 3587 5002 θυμὸν
3619 4932 3715 4984 ἀνι

2124 5017 2357 5087 θρώπων
2389 5016 2596 5076 παῦσαι
2639 5015 2973 5085 βουλόμενοι,
3031 5012 3267 5082 τοσαύτῃ
3322 5009 3618 5081 κέχρηνται
3646 5012 3713 5079 τῇ

2126 5097 2350 5168 σπουδῇ,
2387 5096 2441 5148 τί
2482 5095 2787 5166 πεισόμεθα
2836 5096 3000 5164 ἡμεῖς
3055 5094 3104 5145 οἱ
3150 5092 3399 5151 δείλαιοι,
3434 5090 3575 5159 μετά
3627 5106 3715 5141 το-

2125 5175 2331 5247 σαύτης
2370 5174 2644 5247 ῥᾳθυμίας
2689 5174 2769 5246 τῷ
2824 5172 3042 5225 πάντων
3107 5169 3353 5241 Δεσπότῃ
3400 5168 3715 5247 προσιόντες

2123 5255 2263 5325 Θεῷ.
2290 5246 2600 5308 καὶταῦτα
2656 5253 2835 5323 πολλῷ
2892 5250 3136 5323 μείζονος
3164 5252 3332 5322 όργῆς
3361 5249 3513 5321 όντες
3547 5246 3715 5300 ὑπεύ-

2125 5335 2310 5393 θυνοις
2353 5332 2491 5389 Οῦτε
2532 5332 2640 5403 γάρ
2673 5333 2891 5404 οἰκέτης
2915 5330 3204 5399 δεσπότην,
3245 5329 3368 5383 οῦτε
3415 5327 3716 5399 ἀρχόμενος

2127 5415 2351 5486 βασιλέα
2412 5412 2769 5482 παροξύνειεν
2803 5412 2867 5465 ἂν
2914 5409 3109 5473 οὕτως,
3169 5410 3244 5473 ὡς
3292 5410 3382 5462 τὸν
3421 5408 3556 5460 Θεὸν
3591 5405 3714 5459 καθ’

2124 5497 2361 5566 ἑκάστην
2389 5494 2601 5566 ἡμέραν
2636 5494 2817 5563 ἡμεῖς.
2854 5490 2964 5545 Καὶ
3018 5490 3177 5543 τοῦτο
3220 5489 3502 5560 ἐμφαίνων
3529 5490 3558 5541 6
3582 5488 3716 5566 Χρι-

2126 5577 2271 5640 στὸς,
2301 5565 2370 5628 τὰ
2407 5574 2506 5643 μὲν
2544 5574 2625 5636 εἰς
2683 5572 2774 5625 τὸν
2838 5570 3062 5641 πλησίον
3106 5571 3482 5642 ἁμαρτήματα
3523 5565 3713 5621 ἑκατὸν

2124 5655 2308 5709 ἐκάλει
2335 5653 2586 5723 δηνάρια,
2624 5649 2693 5704 τά
2732 5650 2790 5703 δέ
2829 5651 2910 5714 εἰς
2947 5650 3039 5704 τὸν
3080 5650 3213 5704 Θεὸν
3256 5648 3427 5721 μύρια
3456 5646 3713 5701 τάλαντα.

2192 5776 2409 5841 Mign-el,
2438 5780 2512 5841 Δει
2537 5774 2751 5841 Planum.
2798 5772 3061 5841 πνεύματα,
3089 5771 3238 5822 Savil.
3267 5776 3320 5820 el
3359 5771 3483 5832 Reg.
3512 5764 3712 5832 πνεῦμα.

2137 5837 2255 5890 Infra
2281 5839 2408 5900 Regi
2432 5837 2689 5900 ἐφικέσθαι.

2198 5900 2212 5939 ί
2246 5898 2376 5960 κεδας
2392 5898 2657 5947 ἐκέλευσεν.

2197 5966 2221 6003 8
2249 5963 2369 6021 Hog.
2395 5960 2735 6018 σπουδάζοντες
2757 6003 2768 6018 ,

2196 6027 2221 6065 ιι
2252 6020 2372 6083 mg.
2418 6020 2731 6081 ἀπώσθησαν.
