4056 6208
350 326 463 379 533

445 442 640 500 XXIX.
669 441 835 511 Illud,
855 440 934 498 Ne
953 438 1267 497 defraudato
1289 437 1426 494 alter
1440 436 1690 505 alterum,
1722 451 1829 510 ejus
1858 452 1962 491 esse

365 538 463 605 qui
499 536 568 591 ad
605 536 940 605 virginitatem
976 534 1199 605 instiget.
1229 560 1302 573 --
1341 530 1522 602 Itaque
1557 545 1678 585 cum
1719 528 1959 592 dixisset,

372 626 526 684 Uxor
546 628 628 682 sui
651 626 877 696 corporis
903 626 1108 679 domina
1127 639 1229 679 non
1246 632 1339 690 est,
1362 621 1528 684 addit,
1559 618 1643 675 Ne
1667 619 1965 685 defraudate

367 721 506 774 alter
524 719 757 780 alterum,
778 718 877 772 nisi
899 717 946 771 si
966 714 1091 789 quid
1110 731 1173 770 ea:
1194 730 1441 769 consensu
1455 712 1523 767 ad
1545 723 1759 782 tempus,
1777 720 1831 765 ut
1859 727 1965 779 pre-

369 813 519 867 cibus
560 822 608 865 et
646 810 847 882 jejunio
892 809 1077 864 vacetis
1105 823 1126 863 :
1145 822 1444 876 rursumque
1491 804 1665 859 eodem
1711 803 1966 857 convenite

376 902 462 973 (ι.
493 900 615 957 Cor.
653 901 706 956 7.
733 901 789 955 ι.
820 899 915 970 5).
936 898 1130 954 Multos
1160 896 1247 952 hic
1270 910 1455 951 eorum
1493 895 1583 965 qui
1608 892 1963 964 virginitatem

372 1002 505 1048 sunt
525 991 791 1060 amplexi,
833 990 889 1044 in
931 997 1076 1043 tanta
1118 987 1263 1043 Pauli
1296 984 1619 1056 indulgentia
1647 983 1966 1040 erubescere

374 1100 442 1140 ac
470 1081 817 1139 verecundari
845 1080 1113 1135 existimo.
1159 1080 1231 1134 At
1263 1094 1330 1135 ne
1366 1078 1566 1141 timete,
1598 1092 1700 1131 neu
1721 1074 1965 1145 imperite

373 1176 667 1249 quidquam
695 1175 979 1231 admittite.
1000 1174 1133 1230 Nam
1158 1183 1214 1229 et
1234 1174 1349 1229 hare
1368 1173 1614 1229 videntur
1633 1186 1753 1227 esse
1774 1170 1964 1242 conju-

373 1269 535 1340 gibus
572 1267 926 1339 indulgentis;
956 1267 1051 1322 sed
1078 1267 1124 1322 si
1151 1267 1270 1337 quis
1295 1281 1357 1321 ea
1382 1272 1631 1321 accurate
1657 1272 1927 1321 scrutetur
1946 1304 1961 1329 ,

375 1359 621 1430 ejusdem
641 1374 763 1414 cum
790 1357 1154 1428 superioribus
1178 1356 1456 1413 sententia:
1489 1357 1799 1426 comperiet.
1828 1355 1967 1410 Alio-

378 1451 474 1522 qui
501 1450 546 1505 si
583 1464 647 1505 ea
675 1448 867 1505 leviter
894 1457 1182 1505 tractamus
1221 1449 1548 1521 propositam
1586 1463 1799 1504 causam
1846 1465 1965 1502 mu-

380 1539 565 1603 tando.
594 1539 851 1610 pronuba
878 1540 1055 1610 potius
1081 1555 1239 1611 quam
1265 1538 1506 1609 Apostoli
1526 1540 1690 1595 verba
1706 1539 1965 1595 videbun-

379 1640 471 1685 tur
495 1648 510 1685 :
531 1630 616 1685 sin
643 1631 921 1685 consilium
946 1645 1105 1687 omne
1134 1631 1458 1698 evolvamus,
1486 1632 1648 1687 etiam
1688 1631 1825 1686 hanc
1871 1646 1936 1687 co

381 1721 740 1777 hortationem
772 1721 986 1793 dignam
1006 1722 1299 1793 apostolica
1323 1722 1581 1793 gravitate
1606 1723 1964 1777 inveniemus.

377 1814 518 1882 Quid
553 1822 639 1869 est
671 1814 816 1869 enim
845 1830 941 1869 cur
968 1816 1021 1869 in
1052 1815 1151 1871 bac
1181 1814 1539 1886 disputatione
1568 1814 1821 1884 prolixior
1845 1811 1969 1869 est?

376 1922 449 1961 an
504 1922 613 1962 non
661 1907 714 1961 id
761 1908 893 1963 satis
944 1917 1097 1977 erat,
1126 1919 1185 1963 ut
1231 1924 1353 1964 cum
1406 1907 1771 1979 superioribus
1790 1906 1969 1961 verbis

379 1996 487 2052 hoc
522 1997 757 2067 graviter
798 2008 1241 2068 repraesentasset
1265 2041 1281 2064 ,
1313 1998 1733 2054 cohortationem
1761 1997 1865 2054 illic
1891 1997 1966 2052 si-

382 2089 584 2143 steret?
608 2103 731 2143 nam
756 2089 884 2160 quid
914 2089 1017 2154 his,
1046 2088 1129 2144 Ne
1151 2090 1450 2162 defraudare
1470 2089 1598 2145 alter
1617 2088 1852 2157 alterum,
1871 2090 1971 2144 nisi

356 2198 363 2207 ·
387 2182 435 2234 si
462 2180 585 2250 quid
601 2197 923 2237 esconsensu
949 2182 1016 2236 ad
1046 2192 1258 2254 tempus,
1283 2184 1401 2255 plus
1421 2183 1615 2238 dicitur
1653 2200 1809 2255 quam
1842 2184 1968 2255 illis,

390 2269 557 2326 Uxori
567 2272 640 2325 vir
653 2273 873 2327 debitam
891 2274 1279 2328 benevolentiam
1293 2275 1472 2329 reddat
1490 2273 1595 2347 (Ib.
1610 2292 1657 2329 υ.
1672 2276 1747 2345 ὅ),
1766 2284 1821 2332 et
1846 2276 1967 2344 hoc,

398 2360 487 2415 Vir
509 2362 591 2415 sui
616 2363 844 2433 corporis
869 2363 1105 2418 dominas
1131 2381 1232 2419 non
1259 2374 1329 2420 cst
1346 2364 1453 2436 (Ib.
1472 2381 1520 2419 υ.
1543 2364 1966 2435 4)?Niltilsane:

378 2454 476 2509 sed
497 2455 642 2525 quod
671 2455 781 2512 illic
805 2456 1039 2512 breviter
1066 2466 1119 2512 et
1144 2457 1371 2513 obscure
1391 2458 1590 2513 dictum
1616 2468 1719 2525 est,
1746 2457 1831 2512 hic
1857 2458 1974 2528 plu-

382 2544 533 2599 ribus
561 2546 809 2601 illustrat.
843 2549 1016 2617 Atque
1046 2548 1097 2602 id
1132 2548 1251 2603 l'ucit
1282 2558 1522 2603 sanctum
1553 2549 1644 2603 Dei
1667 2549 1970 2604 Samuelem

382 2636 639 2691 imitatus.
671 2636 740 2693 Ut
764 2638 903 2692 enim
926 2637 1014 2693 ille
1029 2639 1425 2694 accuratissime
1443 2641 1589 2707 regni
1615 2639 1756 2711 leges
1779 2640 1973 2714 populo

382 2735 653 2792 recenset,
692 2741 799 2781 non
829 2736 885 2781 ut
925 2742 1013 2783 eas
1047 2730 1335 2800 suscipiant
1359 2772 1374 2797 ,
1421 2730 1609 2787 sedne
1646 2731 1969 2801 suscipiant;

384 2821 575 2890 agique
598 2819 862 2875 institutio
885 2821 1125 2891 quaedam
1154 2823 1520 2889 videtur,cum
1558 2839 1739 2881 revera
1784 2825 1975 2880 intem-

385 2912 608 2982 pestiva:
635 2928 822 2968 eorum
846 2913 1146 2983 cupiditatis
1172 2914 1471 2971 dehortatio
1491 2917 1561 2971 sit
1586 2934 1599 2971 :
1624 2916 1688 2971 ad
1725 2916 1971 2972 eumdem

385 3002 606 3057 modum
634 3012 690 3057 et
716 3002 911 3059 Paulus
940 3005 1263 3059 matrimonii
1290 3006 1620 3077 tyrannidem
1644 3005 1975 3077 frequentius

383 3104 439 3148 et
464 3096 704 3165 apertius
732 3094 980 3161 inculcat,
1007 3110 1100 3151 eos
1129 3097 1210 3150 his
1242 3096 1415 3151 verbis
1440 3098 1622 3152 volens
1659 3097 1781 3152 inde
1816 3112 1973 3153 revo-

386 3204 531 3243 care.
583 3188 768 3257 Itaque
809 3188 857 3243 ei
900 3191 1199 3253 sententiae,
1236 3188 1379 3245 Uxor
1408 3191 1487 3243 sui
1516 3191 1742 3267 corporis
1769 3190 1975 3251 domina

384 3296 485 3332 non
514 3288 613 3344 est,
636 3279 803 3345 addit,
836 3279 920 3333 Ne
939 3281 1240 3352 defraudate
1260 3282 1387 3335 alter
1406 3280 1639 3346 alterum,
1669 3281 1766 3335 nisi
1793 3282 1836 3335 si
1854 3282 1976 3349 quid

385 3386 450 3423 ea:
470 3385 741 3434 eattsensu,
760 3380 815 3423 ut
825 3371 1027 3442 jejunio
1054 3382 1099 3425 et
1128 3371 1355 3442 precibus
1374 3374 1576 3427 vacetis.
1610 3372 1771 3428 Vides
1801 3379 1856 3428 ut
1879 3388 1978 3429 nec

383 3460 607 3529 opinato
631 3469 687 3514 et
707 3461 823 3516 sine
848 3462 1109 3525 molestia,
1138 3478 1232 3517 eos
1256 3466 1343 3533 qui
1367 3464 1419 3518 in
1446 3464 1786 3518 matrimonio
1816 3464 1977 3535 dege-

386 3561 509 3607 rent
527 3552 595 3606 ad
624 3553 966 3609 continentia:
996 3555 1226 3609 studium
1257 3556 1512 3611 inducat?
1552 3556 1685 3611 Nam
1717 3557 1977 3627 principio

387 3659 501 3699 rem
536 3645 768 3698 laudavit
801 3645 1015 3713 dicens,
1042 3646 1238 3702 Bonum
1274 3658 1347 3703 est
1371 3650 1563 3703 homini
1592 3652 1851 3705 mulierem
1875 3668 1977 3706 non

390 3743 595 3805 tangere
615 3736 666 3804 (l
681 3775 693 3787 .
712 3734 828 3789 (ἔον.
852 3739 904 3792 7.
928 3736 985 3807 l)
1010 3754 1024 3791 :
1048 3739 1132 3792 bic
1143 3739 1359 3795 adhibet
1379 3741 1535 3795 etiam
1554 3741 1976 3797 Cohortationem

389 3826 471 3880 his
492 3827 692 3890 verbis,
724 3826 806 3882 Ne
830 3828 1138 3898 defraudatis
1165 3832 1293 3885 alter
1319 3833 1552 3899 alterunt,
1581 3835 1678 3887 nisi
1705 3835 1749 3888 si
1776 3835 1896 3904 quid
1917 3851 1979 3889 ea:

388 3934 654 3972 consensu.
686 3918 753 3973 Et
781 3934 878 3974 cur
895 3922 1034 3991 quod
1056 3923 1402 3978 constitutum
1434 3925 1663 3989 volebat,
1697 3924 1980 3980 bortabun-

391 4008 509 4074 dus,
538 4024 648 4063 non
672 4010 1085 4079 itnperabundus
1114 4014 1401 4083 propenit?
1441 4014 1621 4085 Neque
1651 4017 1791 4071 enim
1822 4016 1974 4081 dixit,

394 4100 715 4157 Defraudate
734 4103 868 4158 alter
892 4105 1136 4172 alterum,
1159 4106 1448 4161 dummodo
1469 4124 1534 4161 cx
1558 4122 1854 4175 consensu;
1884 4109 1977 4163 sed

393 4191 555 4257 quid?
584 4190 667 4246 Ne
690 4191 989 4263 defraudate
1011 4195 1137 4249 alter
1161 4197 1395 4263 alterunt,
1427 4198 1526 4251 nisi
1558 4199 1602 4251 si
1626 4199 1747 4269 quid
1773 4215 1836 4252 ea:
1854 4215 1979 4255 con-

396 4297 566 4334 sensu.
595 4281 725 4350 Quia
752 4283 839 4339 hic
864 4300 1041 4339 sermo
1070 4286 1236 4341 levior
1263 4296 1371 4352 est,
1402 4287 1634 4343 doctoris
1662 4292 1977 4347 sentent'am

397 4370 763 4430 demonstrans
789 4414 806 4441 ,
835 4390 954 4445 quae
980 4376 1145 4445 rigide
1170 4377 1220 4430 id
1251 4393 1355 4431 non
1380 4379 1573 4448 exigat,
1601 4392 1721 4435 cum
1752 4379 1980 4434 maxime

393 4476 604 4516 summa
633 4463 1002 4521 benevolentia
1030 4467 1377 4535 persolvatur.
1402 4468 1581 4539 Neque
1606 4484 1671 4524 eo
1692 4469 1807 4525 solo
1831 4470 1983 4524 audi-

396 4562 563 4607 torem
589 4555 813 4618 solatur,
842 4558 936 4611 sed
965 4557 1123 4612 etiam
1145 4559 1284 4629 quod
1308 4576 1553 4628 aSpertnn
1583 4561 1833 4616 brevibus
1860 4578 1981 4617 ver-

396 4642 478 4697 bis
504 4645 816 4713 complexus
845 4647 991 4716 prius
1010 4647 1075 4703 ad
1098 4649 1331 4718 jucunda
1353 4662 1671 4718 revertatur,
1696 4668 1853 4722 quam
1883 4670 1981 4709 au-

392 4735 624 4790 ditorem
648 4736 806 4791 dolor
823 4740 1062 4809 attingat,
1090 4740 1142 4795 in
1175 4742 1342 4812 iisque
1368 4745 1534 4813 magis
1560 4753 1817 4799 moretur.

467 4828 642 4883 XXX.
670 4827 775 4885 Cur
793 4831 838 4885 si
859 4833 1159 4887 honoratum
1186 4835 1560 4889 matrimonium
1582 4847 1673 4903 est,
1690 4840 1981 4908 jejunantes

389 4922 624 4974 hortetur
668 4919 869 4978 Paulus
923 4941 1194 4995 congressu
1245 4928 1508 4981 abstinete.
1533 4958 1606 4968 —
1633 4932 1806 4999 Atque
1855 4930 1982 4985 illud

387 5014 553 5068 etiam
597 5017 889 5083 qumstione
939 5016 1156 5088 dignum
1203 5029 1305 5084 est,
1356 5034 1471 5085 cur,
1522 5020 1567 5074 si
1615 5021 1826 5091 quidem
1888 5023 1984 5078 ho-

390 5108 638 5163 norabile
684 5120 763 5163 est
821 5110 1215 5165 matrimonium
1267 5118 1322 5165 et
1374 5121 1519 5166 torus
1568 5114 1933 5168 immaculatus
1965 5155 1979 5180 ,

385 5197 441 5250 ei
498 5210 720 5266 precum
771 5213 833 5253 ac
880 5199 1067 5269 jejunii
1113 5210 1353 5269 tempore
1407 5201 1579 5256 locum
1627 5202 1823 5259 habere
1878 5222 1980 5259 non

387 5286 707 5355 permittat?
756 5287 907 5357 Quod
951 5289 1330 5359 perabsurdum
1378 5302 1539 5358 esset,
1569 5290 1816 5357 Judteos,
1861 5295 1979 5367 qui-

384 5383 493 5435 bus
530 5381 708 5435 omnia
755 5397 1011 5451 corporea
1054 5385 1527 5449 constituebantur,
1563 5386 1651 5455 qui
1676 5386 1808 5446 duas
1850 5404 1981 5445 coll-

377 5475 548 5545 juges
571 5474 770 5531 habere
792 5516 809 5543 ,
864 5485 918 5532 et
962 5476 1079 5533 aliis
1114 5477 1299 5549 ejectis
1332 5478 1462 5533 alias
1500 5477 1798 5536 adsciscere
1841 5478 1985 5534 sinc-

381 5563 619 5627 hantur,
652 5573 860 5620 tantam
896 5567 949 5621 in
971 5568 1072 5623 hac
1102 5585 1161 5624 re
1184 5584 1403 5641 operam
1432 5586 1663 5644 ponere,
1702 5580 1758 5627 ut
1783 5572 1971 5631 divina

379 5660 613 5714 oracula
653 5659 931 5725 audituri,
964 5661 1123 5719 etiam
1172 5665 1414 5739 legitimo
1444 5664 1593 5722 coitu
1627 5664 1970 5721 abstinerent

383 5750 591 5813 (Exod.
630 5749 737 5817 l9).
765 5751 925 5814 iduue
949 5770 1051 5811 non
1088 5775 1253 5816 unum
1284 5768 1379 5816 aut
1416 5757 1652 5813 alterum
1682 5756 1844 5828 dictu,
1874 5759 1969 5815 sed

1728 323 1813 380 DE
1840 320 2303 379 VIRGINITATE.

3540 312 3644 366 558

2070 435 2227 491 etiam
2249 434 2429 505 plures
2454 451 2467 489 :
2495 449 2595 492 nos
2618 443 2797 494 autem
2820 443 2965 492 tanta
2985 435 3209 493 allectos
3226 437 3517 510 gratia,_qui
3548 440 3653 509 spi-

2070 526 2238 581 ritalia
2263 526 2584 596 accepimus,
2613 527 2910 594 defunctos,
2932 544 3054 585 cum
3079 529 3292 585 Christo
3311 529 3653 600 consepultus

2071 618 2229 687 (Vide
2248 618 2317 672 ad
2344 617 2495 674 Rom.
2521 619 2602 692 8),
2632 619 2918 691 adoptione
2947 632 3153 690 auctos,
3178 622 3245 678 ad
3276 638 3393 678 eam
3421 624 3654 695 dignita-

2071 719 2175 775 tem
2200 720 2431 777 evectos,
2466 720 2585 782 post
2612 721 2687 768 tot
2714 723 2960 783 tantaque
2987 715 3124 769 bona
3153 732 3221 771 ne
3241 716 3517 771 infantium
3540 720 3657 788 qni-

2069 802 2190 857 dem
2218 801 2428 857 illorum
2455 803 2687 858 studium
2721 804 2994 874 consequi.
3033 805 3184 872 Quod
3224 807 3267 860 si
3300 808 3418 878 quis
3461 806 3653 862 iterum

2069 907 2313 962 quaerere
2338 893 2604 962 persistat.
2628 910 2725 949 cur
2744 894 2915 952 Moses
2946 895 3059 964 ipse
3087 895 3299 951 Judreos
3325 896 3395 951 ab
3423 912 3489 953 eo
3510 898 3655 952 coitu

2069 982 2313 1048 abducat,
2345 983 2394 1038 id
2424 983 2615 1040 habeat
2639 999 2952 1055 responsum
2983 1003 2997 1041 :
3036 985 3136 1041 etsi
3181 986 3494 1042 honorabile
3535 1000 3655 1042 ma-

2071 1074 2378 1130 trimonium
2417 1076 2505 1144 sit,
2534 1087 2589 1130 at
2625 1091 2692 1131 eo
2737 1078 2909 1132 solum
2950 1078 3283 1149 pertingere,
3316 1088 3385 1134 ut.
3416 1089 3655 1136 utentem

2068 1180 2175 1221 non
2198 1165 2458 1237 inquinet,
2479 1177 2691 1224 sanctos
2717 1184 2844 1225 vero
2874 1181 3127 1240 praestare
3165 1187 3271 1226 non
3308 1170 3449 1229 illud.
3474 1186 3656 1242 posse,

2069 1256 2163 1312 sed
2181 1257 2554 1328 virginitatem.
2583 1259 2661 1315 Ne
2683 1275 2808 1315 vero
2833 1271 2985 1331 putes
3011 1275 3074 1316 ea
3096 1262 3277 1323 Mosen
3298 1262 3471 1323 solum
3497 1272 3657 1333 atque

2071 1348 2293 1405 Paulum
2333 1352 2584 1418 edixisse,
2616 1353 2738 1407 audi
2786 1353 2913 1424 quid
2954 1353 3069 1410 Joel
3111 1355 3256 1410 dicat
3286 1374 3299 1409 :
3328 1355 3657 1426 Sancti/irata

2061 1441 2334 1512 jejunium,
2367 1443 2640 1511 prazdicate
2661 1444 2991 1509 curationem,
3022 1446 3187 1516 cogite
3205 1454 3404 1511 ctenim,
3435 1447 3657 1501 seniores

2071 1548 2370 1605 congregare
2399 1533 2536 1606 (Joel
2586 1534 2640 1589 2.
2674 1535 2783 1607 15).
2828 1536 2931 1591 Sed
2975 1540 3170 1607 quwris
3192 1581 3205 1605 ,
3243 1539 3457 1597 ubinam
3485 1554 3657 1594 uxore

2070 1624 2440 1679 abstinendum
2472 1626 2646 1681 dicat?
2672 1625 3002 1699 Egrediatur,
3030 1628 3228 1697 inquit,
3245 1646 3458 1700 sponsus
3476 1630 3539 1684 de
3557 1648 3654 1685 cu-

2071 1712 2160 1767 bili
2185 1731 2294 1781 suo,
2325 1725 2373 1769 et
2401 1733 2587 1787 sponsa
2611 1718 2675 1773 de
2702 1718 2927 1774 thalamo
2952 1737 3043 1778 suo
3071 1719 3176 1793 (Ib.
3202 1737 3249 1775 υ.
3282 1722 3390 1793 l6).
3426 1721 3482 1776 Id
3512 1725 3654 1780 enim

2072 1804 2302 1862 Mosaico
2330 1807 2491 1863 etiam
2519 1808 2688 1879 majus
2716 1818 2800 1866 est
2830 1823 3118 1883 praecepto.
3160 1812 3295 1868 Nam
3324 1814 3370 1869 si
3399 1828 3655 1886 sponsum

2072 1912 2135 1952 ac
2160 1913 2409 1968 sponsam
2436 1900 2654 1957 libidine
2677 1901 2950 1971 ardentes,
2973 1903 3190 1979 juventa
3217 1907 3657 1976 prurientes,‘cu-

2071 1988 2291 2059 piditate
2315 1990 2568 2059 infrenos,
2585 1992 2775 2062 jejunii
2802 2004 2856 2049 et
2885 2010 3101 2065 precum
3126 2005 3364 2067 tempore
3389 1998 3536 2054 coire
3560 2014 3653 2055 ne»

2074 2078 2153 2133 fas
2175 2088 2284 2145 est,
2312 2091 2512 2152 quanto
2535 2084 2702 2155 magis
2731 2093 2957 2142 caeteros
2983 2102 3100 2142 eam
3139 2088 3515 2158 congrediendi
3561 2105 3659 2144 nc-

2073 2171 2374 2228 cessitatem
2404 2190 2510 2228 non
2540 2174 2830 2233 habentes?
2867 2176 2968 2246 Qui
2993 2178 3134 2236 enim
3165 2186 3222 2233 ut
3241 2179 3394 2235 decet
3417 2194 3659 2249 compre-

2072 2272 2223 2317 celur
2262 2278 2326 2319 ac
2359 2263 2582 2334 jejunet,
2624 2267 2672 2322 ei
2715 2281 2936 2323 necesse
2980 2273 3069 2333 sit,
3110 2285 3270 2332 omne
3310 2271 3659 2331 humanarum

2075 2370 2251 2409 rerum
2282 2357 2535 2425 studium,
2562 2372 2773 2414 omnem
2803 2375 2986 2415 curam
3013 2370 3065 2417 et
3096 2363 3365 2432 negotium
3391 2363 3656 2433 abjieere,

2073 2459 2137 2500 ac
2162 2460 2221 2500 se
2252 2445 2481 2517 undique
2513 2448 2851 2519 colligentem
2887 2451 3055 2508 Deum
3092 2452 3259 2509 adire.
3304 2453 3480 2521 Quare
3506 2463 3561 2511 et
3582 2454 3661 2525 je~

2069 2535 2275 2605 junium
2318 2537 2516 2593 bonum
2553 2549 2657 2608 est,
2685 2541 2880 2612 quippe
2907 2543 3049 2614 quod
3079 2544 3269 2606 recisis
3293 2545 3453 2600 animi
3483 2547 3623 2601 curis
3642 2587 3659 2613 ,

2074 2644 2137 2683 ac
2164 2629 2482 2701 negligentia
2520 2648 2639 2704 quae
2681 2643 2912 2692 mentem
2941 2636 3276 2697 circumﬂuat
3298 2653 3543 2710 repressa
3567 2653 3662 2695 co-

2073 2722 2381 2792 gitationem
2412 2741 2625 2781 omnem
2653 2727 2719 2782 ad
2741 2742 2800 2787 se
2834 2739 3130 2789 convertat.
3156 2730 3212 2787 Id
3232 2732 3374 2803 quod
3392 2741 3445 2788 et
3467 2732 3662 2789 Paulus

2076 2814 2323 2883 innuens,
2349 2830 2379 2871 a
2409 2832 2695 2888 congressu
2724 2828 2894 2887 arcet,
2915 2828 2969 2876 et
2988 2821 3166 2877 verbis
3194 2824 3359 2879 utitur
3375 2823 3662 2879 admodum

2077 2907 2409 2977 opportunis.
2459 2908 2574 2964 Non
2625 2909 2766 2965 enim
2811 2911 2907 2978 ait,
2934 2911 3012 2968 Ne
3053 2912 3424 2985 inquinemini,
3451 2914 3567 2982 sed,
3594 2913 3665 2972 Ut

2066 2998 2270 3069 jejunio
2299 3009 2347 3054 et
2372 2999 2599 3070 precibus
2624 3001 2805 3056 vacetis
2831 3019 2850 3057 :
2876 3003 3019 3058 velut
3046 3005 3193 3060 coitu
3221 3020 3343 3060 cum
3367 3020 3532 3062 uxore
3558 3018 3665 3062 non

2077 3089 2141 3144 ad
2165 3088 2478 3157 foeditatem,
2506 3091 2601 3147 sed
2626 3093 2694 3147 ad
2718 3094 3117 3163 occupationem
3146 3110 3243 3151 nos
3271 3106 3515 3167 cogente.

2150 3181 2344 3236 XXXI.
2378 3181 2478 3249 Qui
2504 3184 2872 3253 precationibus
2899 3186 2993 3239 rite
3007 3202 3212 3255 operam
3236 3184 3359 3241 dare
3384 3187 3554 3254 uelint,
3579 3204 3669 3243 ne.

2079 3276 2295 3329 ccssario
2340 3274 2569 3329 Paulum
2606 3292 2639 3328 a
2680 3277 2945 3331 concubitu
2990 3294 3244 3334 avocasse.
3278 3310 3342 3320 —
3365 3278 3495 3337 Nam
3539 3294 3664 3339 cum

2079 3382 2221 3422 nunc
2250 3374 2367 3436 post
2397 3375 2473 3422 tot
2503 3368 2745 3437 prtesidia
2780 3369 3037 3439 impedire
3067 3385 3164 3427 nos
3188 3387 3404 3442 precum
3428 3380 3667 3442 tempore

2080 3460 2327 3517 diabolus
2357 3471 2600 3529 conetur,
2627 3463 2815 3533 ecquid
2845 3480 2947 3519 non
2980 3465 3229 3521 molictur
3253 3466 3449 3522 mentis
3481 3466 3667 3522 oculos

2080 3550 2184 3605 huc
2214 3551 2337 3606 illuc
2357 3551 2629 3622 jactando,
2650 3553 2883 3608 animum
2911 3564 3099 3609 nactus
3123 3554 3474 3621 diffluentem.
3502 3563 3665 3626 atque

2080 3644 2263 3698 uxoris
2299 3644 2475 3699 studio
2505 3645 2835 3700 emollitum?
2877 3645 3029 3713 Quod
3060 3662 3127 3703 ne
3156 3656 3494 3717 pateremur,
3531 3662 3668 3705 neve

2080 3750 2199 3790 cum
2229 3735 2561 3804 potissimum
2586 3735 2638 3791 id
2663 3736 2887 3806 agimus,
2915 3744 2975 3791 ut
3012 3736 3179 3793 Deum
3205 3736 3360 3792 nobis
3380 3738 3667 3808 propitium

2079 3843 2469 3897 comparemus,
2503 3836 2612 3883 tum
2643 3843 2802 3899 prece
2828 3828 2962 3884 adeo
2991 3827 3123 3885 futili
3152 3845 3272 3886 eum
3301 3829 3665 3913 irritaremug,

2078 3921 2227 3991 jubet
2256 3928 2363 3974 tum
2390 3935 2416 3972 τι
2447 3920 2588 3975 coitu
2615 3936 2773 3990 puros
2798 3936 2937 3977 esse.

2152 4011 2368 4071 XXXII.
2398 4011 2495 4083 Qui
2529 4014 2747 4084 segniter
2768 4025 3051 4083 precentur,
3075 4032 3177 4075 non
3205 4016 3356 4072 modo
3376 4016 3545 4073 Deum
3566 4034 3668 4073 non

2082 4104 2378 4173 propitiare,
2397 4104 2485 4157 sed
2504 4104 2654 4158 etiam
2668 4105 2886 4160 irritare.
2902 4105 3194 4161 -—Etenim
3220 4107 3265 4162 si
3290 4108 3379 4178 qui
3401 4123 3556 4179 reges
3569 4109 3667 4164 ad-

2082 4203 2238 4258 eunt;
2270 4200 2324 4249 et
2349 4194 2473 4263 quid
2499 4209 2651 4265 reges
2678 4194 2834 4249 dico?
2859 4195 2966 4250 imo
2990 4212 3117 4252 vero
3155 4197 3366 4252 inﬁmos
3391 4199 3638 4268 magistr?

2086 4294 2189 4349 tus,
2216 4293 2271 4338 et
2299 4284 2437 4338 servi
2464 4284 2624 4339 heros
2649 4284 3000 4353 alloquentes,
3041 4300 3137 4340 seu
3180 4285 3233 4341 id
3271 4294 3433 4357 agant
3475 4287 3634 4358 injur.

2083 4374 2151 4428 ab
2179 4374 2296 4429 aliis
2326 4373 2522 4440 affecti,
2554 4389 2646 4430 seu
2678 4374 2993 4430 beneﬁcium
3037 4376 3134 4446 ipsi
3176 4378 3540 4448 postulantes,
3575 4394 3671 4436 seu

2086 4467 2216 4521 iram
2264 4466 2316 4521 in
2366 4480 2426 4521 se
2468 4467 2748 4522 excitatam
2792 4467 2970 4537 sopire
3010 4478 3277 4535 curantes,
3320 4478 3376 4528 et
3410 4472 3582 4529 oculis
3617 4481 3672 4529 et

2088 4568 2265 4615 mente
2292 4559 2434 4614 omni
2463 4558 2530 4615 ad
2558 4574 2652 4616 eos
2676 4575 2956 4629 conversa,
2987 4562 3055 4616 ita
3083 4562 3406 4635 colloquium
3437 4563 3671 4630 habent;

2086 4652 2167 4704 sin
2196 4651 2471 4705 minimutn
2503 4659 2765 4721 torpeant,
2799 4667 2906 4711 non
2932 4653 3102 4710 solum
3131 4669 3228 4724 pro
3251 4654 3446 4724 quibus
3469 4655 3674 4727 suppli-

2085 4743 2279 4797 cabuut
2305 4758 2410 4797 non
2438 4742 2748 4814 perﬁcient,
2779 4743 2874 4803 sed
2901 4746 3044 4799 malo
3071 4745 3231 4799 etiam
3261 4755 3481 4815 accepto
3498 4745 3674 4803 disce-

2086 4834 2215 4889 dent
2244 4853 2257 4888 :
2285 4834 2330 4890 si
2368 4834 2456 4907 qui
2491 4833 2765 4894 hominum
2793 4832 3026 4894 furorem
3055 4835 3225 4893 lenire
3249 4835 3464 4901 volunt,
3494 4844 3670 4891 tanto~

2075 4941 2216 4997 .pere
2252 4926 2522 4993 laborant;
2571 4925 2697 4999 quid
2737 4926 2891 4983 nobis
2930 4927 3139 4982 miseris
3170 4926 3281 4995 ﬁet,
3313 4927 3404 4998 qui
3435 4927 3685 4982 omnium-

2089 5015 2380 5090 principetn
2434 5016 2600 5077 Deum
2624 5016 2759 5072 adeo
2780 5016 3110 5088 negligenter
3152 5018 3359 5073 adimus
3379 5058 3394 5083 ,
3441 5018 3673 5074 maxime

2088 5125 2209 5164 cum
2237 5108 2391 5181 longe
2420 5108 2605 5179 majori
2627 5108 2795 5164 simus
2824 5108 2916 5164 irae
2942 5108 3189 5165 obnoxii?
3213 5109 3394 5179 Neque
3414 5109 3555 5163 enim
3580 5107 3664 5163 lto-

2088 5218 2206 5257 rum
2241 5216 2446 5267 servus,
2474 5209 2565 5254 aut
2602 5216 2782 5271 regem
2813 5200 3054 5256 subditus
3081 5209 3185 5256 tam
3213 5200 3444 5270 graviter
3477 5200 3664 5267 irritat,

2088 5306 2245 5366 atque
2274 5309 2372 5349 nos
2398 5293 2566 5355 Deum
2589 5294 2640 5348 in
2662 5293 2796 5350 dies.
2825 5295 2997 5365 Atque
3023 5294 3073 5349 id
3100 5292 3404 5364 signiﬁcans
3427 5292 3666 5348 Christus

2088 5395 2303 5460 peccata
2348 5386 2398 5439 in
2425 5386 2585 5440 alium
2614 5394 2826 5441 centum
2869 5385 3139 5451 denarios,
3168 5389 3221 5440 ln
3272 5385 3437 5441 Deum
3483 5385 3670 5442 decem

2089 5479 2249 5534 millia
2279 5479 2479 5534 talenta
2510 5478 2818 5534 nominabat
2842 5477 3052 5549 (Matth.
3084 5476 3171 5532 l8.
3204 5476 3320 5548 24).
3348 5477 3523 5543 Quare
3546 5491 3669 5532 cum

2088 5586 2210 5626 eum
2238 5570 2485 5626 sedanda:
2512 5579 2672 5626 tanta:
2709 5572 2822 5637 iraa,
2854 5570 3096 5641 ejusque,
3120 5584 3276 5640 quem
3304 5569 3544 5640 quotidie
3570 5583 3670 5639 0p-

2090 5676 2402 5732 pugnemus,
2433 5662 2751 5733 propitiandi
2777 5674 2935 5717 causa
2958 5661 3203 5731 precibus
3227 5660 3456 5723 adimus,
3479 5660 3670 5723 merito

2087 5770 2188 5812 nos
2230 5757 2296 5813 ab
2339 5773 2399 5813 ea
2444 5757 2711 5827 voluptate
2757 5762 2929 5820 arcet,
2961 5753 3113 5826 quasi
3153 5753 3333 5811 dicat:
3368 5753 3442 5809 De
3490 5756 3668 5812 anima
