4056 6208
423 317 526 388 ﬁli

425 447 576 500 nobis
615 445 788 516 agitur
809 487 822 511 ,
851 440 1130 512 carissimi,
1158 445 1225 502 de
1263 461 1470 502 summa
1501 461 1679 502 rerum
1710 447 2003 518 periculum

422 547 536 602 est;
575 538 931 605 tremendum,
967 538 1312 605 horrendum,
1350 537 1739 594 formidandum
1767 548 1866 595 est.
1904 539 2009 596 He-

423 632 540 684 rum
591 630 798 685 adimus
846 624 1157 695 terribilem,
1207 631 1478 687 multoties
1516 647 1547 686 a
1595 632 1748 688 nobis
1795 633 2030 699 laesum,"

423 723 589 776 inulta
647 722 928 778 habentem
967 739 1082 793 qua:
1113 723 1387 778 nobiscum
1416 725 1733 793 expostulet.
1761 724 1877 779 Non
1904 724 2006 781 hoc

421 828 630 884 tempus
661 825 742 869 est
781 815 1139 885 atnplequm,
1165 827 1271 869 n0n
1297 815 1648 886 Voluptatum,
1691 817 1784 871 sed
1826 817 2004 888 lacry-

419 921 648 971 tuarum,
669 907 976 962 acerborum
999 907 1309 976 gemituum,
1337 909 1724 977 prostrationis,
1745 923 2006 966 accuratae

419 999 791 1063 confessionis,
843 998 1110 1068 diligentis
1157 1000 1600 1070 supplicationis,
1648 1001 2003 1071 frequentium

422 1096 672 1160 precum;
703 1091 1127 1160 quandoquidem
1151 1087 1287 1146 bene
1325 1107 1448 1146 cum
1490 1108 1554 1148 eo
1592 1103 1777 1162 agatur
1803 1093 1893 1163 qui
1924 1093 2004 1148 vel

422 1181 570 1236 tanto
603 1181 778 1236 studio
803 1178 932 1234 iram
961 1198 1076 1235 cam
1105 1181 1286 1247 leniat,
1317 1197 1420 1237 non
1450 1184 1568 1253 quia
1601 1184 1764 1238 durus
1792 1199 1854 1238 ac
1881 1199 2004 1238 cru-

420 1273 558 1329 dalis
583 1274 653 1327 sit
683 1273 935 1327 Dominus
965 1285 1172 1339 noster;
1203 1284 1284 1328 est
1311 1274 1452 1328 enim
1480 1274 1765 1330 admodum
1795 1276 1926 1331 lenis
1953 1283 2007 1330 et

423 1370 714 1432 humanus;
762 1367 853 1420 sed
898 1368 1156 1421 seclernm
1205 1376 1509 1422 nOstrorum
1557 1367 1862 1437 magnitudo
1906 1369 2004 1423 etsi

421 1461 703 1530 benignum
730 1502 744 1525 ,
798 1460 1112 1514 clementem
1157 1470 1316 1529 atque
1363 1459 1798 1525 misericordem,
1856 1460 2007 1516 facile

422 1553 574 1605 nobis
602 1553 874 1621 igno<cere
918 1567 1021 1604 non
1068 1551 1212 1604 sinit.
1261 1549 1441 1621 itaque
1477 1551 1568 1614 ait,
1619 1550 1684 1606 Ut
1715 1551 1915 1622 jejunio
1961 1561 2007 1604 et

422 1642 649 1711 precibus
676 1643 877 1697 caretis.
904 1641 1039 1710 Quid
1068 1643 1226 1712 igitur
1249 1653 1332 1696 est
1362 1657 1424 1696 ac
1447 1643 1702 1696 servitute
1726 1641 2007 1697 acerbius?

427 1735 558 1789 Volo
601 1737 651 1788 in
691 1737 886 1789 virtute
933 1735 1153 1804 gradum
1203 1735 1396 1799 facere,
1438 1735 1488 1789 in
1530 1735 1715 1788 czelum
1757 1736 2007 1799 evolare,

417 1826 618 1896 jejmiio
643 1837 800 1896 atque
831 1827 1075 1895 precibus
1111 1826 1324 1880 assidue
1365 1827 1598 1880 intentus
1634 1826 1796 1879 animi
1823 1825 2008 1879 sordes

423 1918 733 1985 abstergere
769 1935 781 1968 :
811 1917 952 1986 quod
979 1918 1023 1971 si
1052 1917 1136 1970 illa
1165 1917 1219 1970 in
1252 1917 1300 1970 id
1330 1917 1626 1971 institutum
1655 1933 1759 1970 non
1786 1931 2011 1970 consen-

424 2012 539 2076 tiat,
569 2011 797 2064 lascivia:
841 2010 958 2079 ejus
997 2009 1197 2063 servire
1238 2023 1418 2079 cogor.
1464 2007 1544 2063 Ob
1589 2008 1638 2062 id
1683 2009 1822 2062 enim
1861 2007 2011 2062 initio

423 2101 706 2162 monebat,
745 2099 942 2154 Bonum
982 2109 1054 2154 est
1096 2101 1289 2154 homini
1328 2097 1587 2153 mulierem
1630 2116 1731 2152 non
1776 2108 2010 2169 tangere;

424 2202 478 2246 et
507 2192 748 2261 discipuli
777 2194 934 2246 etiam
965 2192 1187 2246 Domino
1208 2191 1476 2256 dicebant,
1512 2189 1573 2244 Si
1599 2207 1655 2243 ea
1685 2197 1756 2243 est
1786 2190 1880 2242 viri
1899 2206 2012 2244 cum

421 2299 582 2338 uxore
630 2299 822 2348 causa,
877 2299 978 2336 non
1032 2281 1230 2352 expedit
1286 2281 1662 2334 matrimonium
1721 2280 2014 2334 contrahere

425 2375 632 2445 (Matth.
660 2375 744 2429 l9.
768 2375 886 2444 l0);
919 2375 1113 2443 quippe
1137 2373 1430 2442 cogitantes
1459 2387 1676 2426 necesse
1703 2387 1820 2425 esse
1849 2371 2012 2424 alter-

426 2476 598 2521 utram
622 2467 672 2521 in
703 2477 908 2538 partem
939 2465 1192 2520 damnum
1219 2464 1454 2529 admitti,
1495 2477 1665 2531 eaque
1694 2463 2016 2533 cogitatione

427 2560 478 2613 in
509 2569 785 2625 angustum
814 2555 1046 2621 deducti,
1076 2572 1191 2610 eam
1223 2570 1402 2609 vocem
1427 2554 1737 2608 emiserunt.
1821 2586 1826 2596 -

497 2648 736 2705 XXXIII.
789 2649 980 2701 Eadem
1026 2649 1205 2700 iterum
1250 2655 1503 2714 repetere,
1545 2660 1718 2698 eorum
1774 2661 1878 2699 esse
1928 2648 2011 2709 qui

433 2741 688 2797 Christum
715 2741 992 2794 imitentur.
1018 2767 1085 2779 --
1111 2738 1285 2805 Quare
1315 2737 1472 2790 etiam
1506 2730 1701 2790 Paulus
1728 2735 1776 2789 id
1807 2737 2018 2792 assidue

430 2835 645 2904 repetit,
681 2841 736 2885 ut
767 2833 818 2885 in
848 2845 964 2884 eam
996 2829 1368 2899 cogitationem
1411 2825 1714 2880 Corinthios
1753 2825 1964 2880 inducat
2000 2845 2012 2880 :

434 2921 838 2994 Suamquisque
863 2938 1068 2976 uxorem
1092 2913 1268 2972 habeat
1296 2934 1313 2972 :
1343 2917 1502 2972 Uxori
1528 2918 1602 2970 vir
1627 2916 1844 2970 debitam
1874 2917 2020 2970 bene-

428 3016 696 3070 bolentiam
721 3007 944 3068 reddat:
982 3011 1124 3067 Uxor
1152 3011 1229 3064 sui
1262 3009 1486 3078 corporis
1521 3009 1725 3062 domina
1767 3026 1865 3062 non
1904 3018 1973 3061 est
2001 3025 2019 3062 :

433 3105 518 3161 Ne
551 3105 850 3178 defraudare
887 3104 1016 3158 alter
1048 3103 1260 3156 alterunt
1289 3117 1306 3155 :
1335 3099 1530 3153 Eodem
1571 3101 1842 3154 convenite.
1889 3101 2016 3154 Nam

431 3204 532 3256 hcc
558 3199 698 3255 beati
725 3200 796 3254 illi
825 3198 875 3253 id
902 3197 968 3252 ad
997 3198 1222 3268 primam
1251 3211 1434 3250 vocem
1459 3203 1567 3250 tum
1597 3205 1896 3260 senserunt,
1927 3195 2017 3250 sed

434 3301 708 3362 postquam
755 3289 808 3344 id
854 3288 1088 3344 secundo
1115 3288 1429 3352 audierunt,
1472 3286 1582 3341 tum
1614 3303 1739 3342 vero
1770 3289 2019 3358 praecepti

434 3383 806 3438 necessitatem
853 3380 1246 3435 intellexerunt.
1294 3379 1499 3433 Etenim
1542 3377 1820 3442 Christus,
1854 3380 1940 3448 qui
1970 3390 2023 3432 et

435 3475 488 3528 in
533 3485 712 3528 monte
752 3471 1057 3533 considens,
1083 3480 1136 3525 et
1158 3486 1369 3524 rursum
1397 3479 1516 3541 post
1541 3471 1639 3524 alia
1672 3471 1838 3526 multa
1862 3471 1928 3526 de
1957 3488 2022 3526 co

433 3565 772 3620 disseruisset
797 3559 1010 3633 (Matth.
1043 3563 1120 3631 5),
1169 3562 1238 3615 ita
1283 3577 1376 3615 eos
1416 3562 1481 3615 ad
1525 3562 1865 3618 continentia:
1909 3572 2024 3617 stu-

435 3658 582 3711 dium
610 3655 869 3710 incitavit.
905 3655 1050 3708 Adeo
1077 3651 1261 3708 eadem
1293 3653 1505 3708 assidue
1528 3654 1751 3722 repetita
1785 3654 1899 3724 plus
1923 3655 2020 3706 ha-

437 3746 566 3802 bent
610 3745 882 3800 efficacia).
932 3745 1112 3814 Itaque
1156 3755 1208 3799 et
1252 3745 1336 3799 hic
1381 3744 1671 3814 discipulus
1719 3745 2021 3815 Magistrum

438 3841 672 3894 imitatus
701 3838 889 3892 crebro
920 3836 1057 3892 idem
1085 3845 1322 3906 usurpat,
1355 3850 1527 3905 neque
1556 3851 1774 3906 usquam
1805 3839 2026 3906 permisa

438 3933 641 3998 sionem
671 3946 874 3986 meram
907 3930 1103 4000 prodit,
1135 3929 1226 3983 sed
1249 3942 1368 3983 eum
1395 3941 1551 3982 causa
1575 3971 1588 3994 ,
1618 3939 1835 3998 prepter
1858 3928 2024 3984 forni-

438 4025 700 4079 rationem
729 4023 974 4092 inquiens
1010 4031 1064 4076 et
1101 4023 1420 4077 tentationcs
1459 4021 1721 4076 satanicas
1753 4031 1912 4092 atque
1938 4022 2025 4075 in-

439 4115 842 4176 continentiam,
869 4123 1070 4184 prazter
1098 4115 1549 4182 etspectationem
1580 4112 1895 4182 virginitatis
1916 4111 2027 4167 laus

439 4208 561 4262 dem
589 4208 642 4260 in
667 4207 1026 4276 disputatione
1053 4207 1119 4262 de
1144 4206 1484 4261 matrimonio
1511 4215 1717 4260 texens.

511 4296 754 4350 XXXIV.
795 4295 1142 4368 Virginitatem
1168 4294 1520 4350 admirandam
1543 4313 1649 4350 esse
1677 4308 1723 4352 et
1745 4296 1917 4351 multis
1942 4313 2027 4351 co-

439 4388 578 4440 ronis
605 4387 828 4457 dignam.
859 4417 931 4426 —
954 4387 1085 4441 Nam
1108 4387 1152 4440 si
1185 4387 1235 4441 in
1268 4389 1605 4442 matrimonio
1629 4389 1882 4459 degentes
1908 4387 2028 4443 ditt-

443 4478 546 4530 tius
574 4477 862 4546 abjungere
888 4487 1103 4532 veretur
1121 4519 1135 4542 ,
1171 4494 1235 4532 ne
1261 4494 1415 4548 quem
1443 4479 1686 4533 diabolus
1713 4481 1911 4533 aditum
1945 4481 2025 4533 in-

442 4566 638 4630 Veniat,
663 4567 852 4635 quibus
879 4568 1090 4622 eoronis
1119 4569 1292 4638 digna:
1321 4570 1425 4623 sint
1446 4586 1562 4638 quae
1589 4586 1759 4639 neque
1785 4571 1851 4625 ab
1880 4571 2030 4625 initio

443 4667 508 4710 eo
538 4655 730 4708 solatio
765 4670 900 4724 Opus
944 4655 1262 4722 habuerunt,
1291 4667 1343 4712 et
1384 4658 1449 4712 ad
1494 4669 1788 4714 extremum
1822 4661 2030 4714 invicta:

444 4748 889 4818 permanserunt?
931 4759 988 4802 ut
1037 4763 1105 4803 nc
1147 4749 1340 4816 dicam,
1382 4765 1482 4804 nec
1521 4751 1716 4805 diaboli
1761 4752 2032 4807 machinas

446 4839 685 4908 utrisque
713 4854 779 4894 ex
807 4855 960 4910 mquo
989 4840 1280 4895 admoveri.
1329 4840 1462 4895 Nam
1498 4842 1630 4906 illis,
1671 4843 1895 4912 opinor,
1934 4858 2032 4897 nec

447 4929 704 4984 molestus
747 4941 848 4995 est,
891 4931 980 5002 qui
1018 4931 1231 5002 quidem
1278 4933 1411 4987 sciat
1445 4929 1740 5006 perfugium
1770 4934 1832 4988 iis
1855 4935 2028 5004 proxi-

449 5039 595 5078 mum
623 5037 762 5088 esse,
795 5025 1101 5094 statimque,
1133 5027 1176 5080 si
1204 5042 1360 5097 quem
1388 5027 1836 5082 vehementiorem
1862 5029 2030 5096 impe~

449 5119 558 5167 tum
593 5115 846 5180 sentiunt,
891 5114 942 5168 in
982 5117 1192 5185 partum
1238 5132 1295 5170 se
1340 5115 1576 5185 recipere
1623 5116 1818 5182 licere;
1861 5132 2032 5187 neque

452 5206 594 5260 cnim
640 5205 706 5261 iis
748 5207 1007 5276 permittit
1050 5207 1234 5262 beatus
1278 5208 1468 5262 Paulus
1513 5209 1722 5279 longius
1763 5209 2030 5278 navigare,

447 5296 542 5349 sed
573 5296 808 5351 defessos
833 5298 1007 5352 redire
1031 5298 1181 5366 jubet
1202 5338 1216 5360 ,
1245 5299 1426 5353 sineus
1452 5299 1639 5354 eodem
1661 5315 1872 5354 rursum
1899 5315 2033 5354 con-

449 5387 653 5443 venire.
683 5392 749 5444 At
765 5392 912 5460 virgo
933 5391 1144 5446 assidue
1167 5391 1432 5460 navigare,
1453 5401 1508 5447 et
1535 5392 1650 5447 sine
1675 5401 1829 5462 portu
1851 5408 2034 5462 aequor

451 5480 722 5550 permetiri
767 5484 1008 5551 cogitur;
1057 5490 1214 5551 atque
1252 5482 1351 5535 etsi
1393 5482 1702 5552 gravissima
1749 5494 2033 5551 tempestas

451 5582 766 5645 'consurgat,
803 5591 868 5630 nc
898 5576 975 5630 sic
1000 5576 1210 5646 quidem
1239 5575 1285 5630 ei
1311 5574 1388 5628 fas
1415 5583 1496 5629 est
1522 5590 1708 5630 navem
1737 5576 2034 5632 subducere

453 5666 834 5734 acquiescere.
874 5666 1034 5736 Igitur
1058 5666 1207 5736 quasi
1233 5665 1322 5737 qui
1352 5680 1498 5720 mare
1533 5665 1814 5732 infestant,
1843 5667 1927 5720 ubi
1954 5667 2032 5720 ci-

456 5759 590 5813 vitas
617 5767 708 5812 aut
734 5756 918 5812 navale
944 5767 1031 5810 aut
1061 5767 1242 5828 portus
1269 5755 1371 5824 sit,
1401 5756 1706 5828 navigantes
1731 5771 1836 5812 non
1872 5756 2024 5810 inva-

1163 330 1221 387 s.
1261 322 1540 390 JOANNIS
1575 320 2050 387 CHRYSOSTOMI
2089 321 2409 389 ABCHIEP.
2451 319 2982 393 coNsTAN'r'avor.
3039 375 3047 380 ς

3589 339 3689 403 556

2113 447 2274 516 dunt;
2324 447 2378 505 id
2419 447 2560 506 enim
2591 461 2674 507 est
2702 461 2904 510 temere
2937 456 3258 526 periclitari;
3307 459 3389 515 sin
3428 465 3692 536 navigium

2115 536 2166 592 in
2197 538 2305 593 alto
2334 537 2626 610 olfendant,
2658 543 2836 598 auxilii
2866 544 3263 603 destitutionem
3291 549 3525 605 audaciae
3557 553 3689 607 inci-

2117 639 2404 687 tamentam
2432 633 2591 702 nacti,
2623 636 2799 691 omnia
2836 647 3052 694 movent
3073 649 3233 711 atque
3258 654 3489 708 versant,
3522 660 3693 713 neque

2113 722 2258 790 prius
2283 723 2574 790 desistunt,
2604 740 2762 796 quam
2786 737 2875 782 aut
2904 744 3000 785 eos
3026 730 3366 802 demergant,
3396 744 3488 788 aut
3514 734 3564 788 id
3591 736 3689 804 ipsi

2113 813 2378 883 patiantur
2401 833 2414 870 :
2439 815 2506 869 ita
2528 824 2582 871 et
2601 832 2724 872 acer
2743 817 2830 874 hic
2849 821 3016 890 pirata
3041 822 3229 892 virgini
3255 839 3444 894 graves
3479 825 3692 894 ﬂuctus,

2113 907 2379 977 ingentem
2426 917 2830 978 tempestatem,
2883 927 2946 968 ac
2991 915 3255 983 procellas
3299 917 3689 984 intolerabiles,

2111 998 2286 1051 omnia
2317 1013 2510 1069 susque
2535 1000 2708 1071 deque
2737 1003 2986 1070 miscens,
3017 1013 3074 1058 ut
3101 1007 3152 1059 vi
3180 1014 3338 1075 atque
3371 1007 3569 1077 impetu
3598 1023 3694 1063 na-

2113 1097 2230 1144 vem
2258 1090 2550 1146 subvertet.
2583 1093 2798 1148 Audivit
2824 1095 2969 1151 enim
2995 1098 3187 1167 virgini
3217 1113 3321 1152 non
3347 1101 3564 1155 concedi
3595 1101 3692 1156 Eo-

2111 1181 2228 1238 dem
2259 1186 2552 1252 convenire,
2581 1185 2677 1240 sed
2706 1187 2754 1240 ei
2798 1201 3020 1242 necesse
3047 1203 3170 1242 esse
3205 1199 3464 1258 perpetuo
3491 1195 3686 1248 advero'

2111 1291 2208 1332 sus
2234 1278 2541 1347 spiritualia
2566 1280 2821 1348 nequitiae
2844 1280 3038 1334 luctari
3063 1295 3126 1334 ac
3144 1281 3439 1352 conﬂigere
3467 1284 3682 1353 (Ephes.

2109 1370 2162 1424 6.
2195 1367 2308 1436 η),
2337 1369 2514 1424 donec
2532 1370 2748 1425 tandem
2773 1371 2826 1425 in
2845 1371 3196 1440 tranquillum
3223 1381 3440 1442 portum
3465 1378 3685 1435 evadat.

2115 1456 2321 1512 Etenim
2347 1458 2541 1513 Paulus
2567 1459 2756 1529 virgini
2788 1468 3052 1530 tamquam
3081 1461 3201 1516 forti
3227 1461 3376 1516 militi
3407 1464 3572 1516 muris
3594 1479 3693 1517 es-

2111 1549 2260 1604 cluso
2291 1560 2474 1620 portas
2503 1552 2700 1621 aperiri
2731 1567 2834 1606 non
2867 1554 3159 1622 permittit,
3187 1555 3430 1624 quamvis
3465 1565 3517 1608 et
3541 1556 3696 1609 valde

2112 1641 2276 1696 ell'ero
2300 1640 2472 1709 hoste,
2506 1652 2558 1698 et
2582 1643 2663 1697 vel
2683 1658 2748 1698 eo
2773 1637 3092 1710 crudeliore‘,
3115 1643 3256 1715 quod
3275 1645 3582 1700 adversario
3609 1647 3696 1699 in-

2113 1731 2386 1786 duciarum
2413 1742 2648 1803 potestas
2676 1735 2816 1789 nulla
2840 1736 2926 1790 sit.
2955 1735 3063 1790 Nec
3095 1751 3219 1790 vero
3238 1736 3479 1792 diabolus
3499 1738 3694 1802 solum,

2113 1824 2207 1879 sed
2235 1823 2349 1894 ipse
2374 1825 2532 1880 etiam
2561 1826 2794 1880 libidinis
2810 1827 3054 1880 stimulus
3075 1827 3289 1882 czclibes
3309 1837 3460 1897 urget
3482 1829 3693 1892 acrius;

2115 1916 2274 1987 idque
2316 1918 2562 1971 omnilms
2607 1919 2785 1988 palam
2829 1928 2930 1974 est.
2983 1919 3114 1974 Nam
3161 1934 3386 1989 quorum
3443 1921 3700 1975 habemus

2116 2022 2290 2070 usum,
2321 2020 2503 2062 eorum
2531 2007 2818 2076 cupiditate
2849 2007 2986 2062 haud
3025 2007 3178 2064 facile
3209 2010 3504 2080 tangimur,
3543 2025 3700 2065 secu-

2115 2099 2270 2152 ritate
2294 2098 2472 2151 animo
2491 2099 2638 2168 segni
2661 2113 2780 2154 csse
2809 2099 3165 2168 permittente.
3192 2101 3365 2170 Atque
3386 2100 3524 2155 idem
3547 2100 3701 2156 nobis

2116 2188 2396 2244 Confirmat
2428 2198 2483 2244 et
2511 2190 2847 2259 proverbium
2877 2191 3166 2260 populare,
3199 2192 3292 2246 sed
3320 2192 3370 2245 in
3401 2191 3582 2259 primis
3613 2207 3701 2247 vc-

2118 2297 2234 2335 rum
2257 2300 2269 2336 :
2290 2281 2442 2350 Quod
2473 2283 2524 2336 in
2556 2290 2832 2352 potestate,
2868 2283 3054 2352 inquit,
3085 2291 3390 2352 promptum
3417 2284 3507 2349 sit,
3546 2284 3594 2336 id
3633 2279 3697 2337 ad

2117 2373 2459 2442 cupiditatem
2481 2373 2618 2428 haud
2640 2389 2768 2428 sane
2790 2373 2978 2429 efﬁcax
2997 2384 3098 2430 est.
3126 2375 3216 2429 Sir:
3239 2375 3306 2429 ab
3334 2374 3398 2428 iis
3424 2374 3703 2442 prohibeas

2119 2481 2258 2528 mur,
2285 2480 2404 2535 qua:
2446 2466 2650 2535 pridem
2690 2467 3020 2530 tenebamus,
3051 2475 3237 2520 contra
3268 2467 3480 2533 accidit,
3508 2477 3561 2521 et
3585 2482 3702 2536 quae

2118 2565 2335 2626 propter
2366 2557 2667 2611 facultatem
2691 2572 2718 2608 a
2746 2557 2898 2610 nobis
2931 2565 3365 2622 contemnuntur,
3393 2574 3453 2612 ea
3490 2559 3641 2612 nobis
3669 2573 3700 2613 e

2126 2647 2370 2700 manibus
2425 2648 2620 2700 amissa
2673 2648 3039 2702 vehementius
3079 2648 3400 2704 desiderium
3449 2651 3700 2704 excitant.

2122 2735 2301 2806 Itaque
2329 2737 2554 2807 primum
2581 2737 2680 2792 hac
2710 2737 2915 2792 ratione
2955 2739 3124 2806 major
3156 2747 3239 2793 est
3278 2739 3415 2807 apud
3443 2740 3697 2809 ennjuges

2123 2827 2477 2898 tranquillitas
2504 2845 2518 2880 :
2549 2827 2762 2895 deinde,
2792 2829 2931 2898 quod
2959 2830 3004 2883 si
3033 2827 3245 2883 flamma
3267 2829 3331 2884 iis
3355 2831 3512 2884 altius
3538 2847 3706 2900 quan-

2121 2917 2296 2987 doque
2335 2917 2614 2984 eluctetur,
2643 2934 2761 2974 eam
2798 2920 3036 2990 protinus
3069 2920 3363 2976 succedens
3392 2936 3706 2991 congressus

2123 3011 2385 3080 reprimit.
2419 3011 2652 3080 Atvirgo
2675 3025 2776 3066 non
2798 3010 3002 3066 habens
3020 3012 3159 3066 unde
3186 3013 3359 3082 ignem
3385 3015 3704 3084 exstinguat,

2123 3118 2242 3155 eum
2282 3102 2560 3156 sublimem
2609 3111 2765 3172 atque
2807 3102 2914 3157 alte
2955 3115 3281 3172 grassantem
3312 3120 3558 3171 cernens,
3587 3121 3706 3160 eum

2123 3194 2460 3263 exstinguere
2498 3209 2602 3248 non
2645 3194 2830 3262 possit,
2866 3193 2917 3248 id
2962 3211 3121 3248 unum
3157 3194 3284 3264 agit,
3315 3211 3383 3250 ne
3424 3211 3541 3249 ettm
3590 3198 3709 3265 igne

2124 3287 2437 3341 conllictans
2469 3297 2669 3340 uratur.
2701 3289 2780 3340 An
2809 3303 2936 3341 vero
2961 3286 3249 3357 quidquam
3282 3289 3449 3358 magis
3477 3289 3710 3342 insolens

2125 3387 2226 3443 est,
2256 3393 2412 3448 quam
2440 3377 2666 3432 solidum
2715 3378 2854 3431 intus
2890 3388 3100 3452 gestare
3146 3394 3350 3448 rogum,
3397 3394 3495 3431 nec
3531 3378 3706 3443 aduri,

2123 3475 2282 3540 quam
2311 3469 2522 3522 ﬂamina
2552 3470 2603 3523 in
2635 3469 2795 3522 animi
2829 3469 3084 3538 penetrali
3114 3471 3252 3523 ultro
3277 3471 3516 3538 citroque
3553 3485 3706 3523 com-

2127 3571 2338 3616 meante
2392 3561 2642 3615 intactam
2693 3570 2922 3614 mentem
2970 3560 3320 3615 conservare?
3363 3560 3528 3614 Nemo
3568 3561 3711 3616 enim

2129 3669 2245 3706 eam
2277 3653 2403 3705 sinit
2427 3652 2688 3706 carbones
2715 3666 2808 3705 eos
2840 3651 2984 3706 foras
3011 3651 3237 3720 ejicere;
3279 3651 3376 3705 sed
3407 3652 3544 3720 quod
3575 3651 3712 3705 Pro-

2129 3743 2436 3796 verbiorum
2457 3751 2640 3795 auctor
2663 3742 2712 3795 in
2737 3751 2920 3794 natura
2942 3741 3180 3810 corporis
3197 3741 3536 3809 desperatum
3558 3741 3706 3807 dicit,

2129 3833 2177 3886 id
2212 3833 2298 3886 illa
2332 3847 2552 3886 necesse
2577 3831 2736 3887 habet
2779 3832 2830 3886 in
2869 3832 3048 3885 animo
3089 3833 3370 3886 sustinere.
3412 3832 3546 3897 Quid
3583 3847 3713 3887 vero

2127 3923 2293 3977 dicit?
2339 3921 2626 3976 Ambulabit
2655 3923 2766 3988 quis
2806 3938 2957 3990 super
2991 3921 3231 3975 carbones
3251 3962 3265 3986 ,
3310 3937 3398 3974 nec
3427 3922 3535 3991 ejus
3565 3922 3714 3990 pedes

2128 4017 2401 4070 adurentur
2425 4015 2604 4088 (Prov.
2629 4015 2680 4069 6.
2701 4015 2834 4080 28)?
2861 4015 2997 4069 Ecce
3026 4023 3201 4068 autem
3232 4014 3342 4067 hare
3367 4015 3619 4076 ambulat,
3647 4025 3709 4070 ac

2129 4109 2328 4181 perfert
2345 4109 2655 4163 cruciatum.
2684 4107 2783 4160 Ant
2808 4108 2969 4179 ignem
2992 4108 3042 4160 in
3063 4107 3178 4160 sinu
3203 4105 3393 4176 ligabit,
3419 4115 3583 4159 etnon
3605 4107 3715 4175 ejus

2130 4210 2341 4255 urentur
2366 4200 2655 4274 vestimenta
2695 4197 2797 4267 (Ib.
2830 4213 2878 4250 υ.
2911 4197 3038 4262 27)?
3078 4199 3146 4250 At
3184 4196 3298 4250 hmc
3329 4212 3432 4251 non
3455 4197 3711 4263 vestibus,

2130 4295 2222 4348 sed
2253 4295 2393 4349 intus
2420 4293 2594 4362 ignem
2628 4291 2907 4346 continens
2937 4290 3157 4345 elferum
3187 4300 3344 4359 atque
3375 4299 3714 4344 resonantem

2131 4385 2395 4438 ﬂammam
2418 4383 2644 4438 sustinet
2669 4396 2732 4436 ac
2759 4382 2907 4450 tegit.
2933 4380 3001 4434 Et
3019 4380 3194 4435 adhuc
3212 4381 3508 4450 quisquam,
3533 4379 3714 4444 sodes,

2132 4474 2527 4530 matrimonium
2559 4489 2679 4527 cum
2703 4472 3002 4541 virginitate
3025 4470 3288 4536 conferre,
3315 4486 3379 4524 an
3406 4471 3484 4524 vel
3504 4471 3711 4524 obtueri

2132 4569 2302 4622 ausit?
2343 4567 2412 4622 At
2434 4583 2538 4621 non
2565 4565 2820 4636 permittit
2863 4565 3049 4619 beatus
3081 4564 3272 4618 Paulus
3308 4564 3354 4632 (l
3388 4559 3509 4616 Cor.
3539 4555 3592 4616 '7.
3618 4562 3716 4617 32.

2134 4660 2246 4729 53),
2282 4659 2369 4728 qui
2406 4657 2590 4727 ingens
2620 4655 2892 4724 utriusque
2923 4655 2998 4710 rei
3029 4654 3314 4708 discrimen
3354 4651 3502 4721 ponit
3533 4667 3548 4703 :
3592 4667 3718 4706 nam

2134 4750 2241 4810 illa,
2265 4748 2358 4812 ait,
2381 4761 2498 4817 quae
2527 4756 2649 4801 sunt
2676 4745 2903 4806 Domini,
2925 4743 3039 4797 bare
3057 4760 3174 4812 qua:
3195 4748 3318 4796 sunt
3343 4741 3524 4795 mundi
3543 4750 3720 4796 curat.

2133 4839 2384 4896 Collectis
2425 4839 2584 4908 igitur
2627 4838 2677 4890 in
2727 4852 2888 4890 unum
2931 4833 3280 4904 conjugibus,
3323 4841 3377 4887 ct
3419 4831 3472 4886 in
3499 4831 3720 4900 virginis

2133 4931 2376 5002 gratiam,
2407 4929 2524 4983 audi
2568 4927 2690 4998 quid
2739 4927 2842 4980 illis
2882 4926 3186 4995 exprobret.
3215 4922 3408 4976 Eodem
3438 4922 3602 4988 enim,
3634 4922 3722 4975 in-

2136 5024 2268 5092 quit,
2301 5021 2576 5085 convenite,
2608 5036 2672 5072 ne
2709 5033 2794 5072 vos
2839 5027 2987 5071 tentet
3026 5025 3229 5068 satanas
3277 5013 3397 5086 (Ib.
3426 5030 3474 5066 υ.
3505 5013 3596 5081 5).
3643 5013 3724 5067 Ac

2135 5117 2319 5169 volens
2340 5113 2624 5168 ostendere
2651 5122 2814 5165 totum
2837 5114 2951 5179 ejus
2980 5107 3253 5164 tcutationi
3277 5121 3383 5160 non
3402 5106 3603 5167 deberi,
3625 5104 3720 5158 sed

2137 5219 2334 5265 nostra:
2361 5209 2519 5263 etiam
2549 5206 2768 5276 ignavia:
2797 5204 3103 5273 plurimum,
3131 5201 3560 5271 principaliorem
3589 5212 3722 5251 cau-

2138 5315 2250 5354 sam
2277 5282 2442 5362 addit,
2475 5296 2753 5366 inquiens,
2782 5292 2999 5363 Propter
3019 5300 3228 5345 cestram
3257 5288 3718 5358 intemperantiam.

2137 5391 2266 5457 Quis
2279 5404 2380 5443 non
2405 5387 2453 5442 id
2474 5385 2694 5440 audiens
2709 5383 3026 5438 erubescat?
3045 5382 3162 5452 quis
3180 5397 3283 5436 non
3302 5377 3725 5449 intemperantia:

2139 5490 2316 5536 notam
2345 5477 2576 5547 ell‘ugere
2602 5473 2885 5529 moliatur?
2912 5472 3091 5542 Neque
3116 5475 3256 5527 enim
3279 5470 3579 5526 cohortatio
3608 5471 3723 5526 hmc

2140 5571 2205 5624 ad
2237 5584 2422 5624 omnes
2453 5565 2699 5636 pertinet,
2730 5562 2821 5617 sed
2849 5562 2916 5616 ad
2953 5561 3105 5617 valde
3147 5562 3426 5617 demissos.
3467 5558 3617 5624 Quod
3650 5556 3720 5617 si,

2140 5661 2329 5730 inquit,
2358 5669 2465 5714 tam
2503 5673 2561 5711 es
2601 5669 2787 5709 servus
2811 5653 3163 5723 voluptatum,
3190 5652 3232 5705 si
3266 5659 3370 5703 tam
3411 5648 3588 5703 mollis
3613 5689 3628 5708 ,
3668 5660 3725 5702 ut

2147 5769 2358 5826 seraper
2383 5753 2435 5808 in
2461 5763 2708 5806 venerem
2733 5745 2932 5802 effusus
2961 5754 3117 5815 atque
3143 5741 3350 5797 inhians
3377 5740 3473 5810 sis,
3503 5747 3722 5811 congre-
