4056 6208
246 278 357 338 857

240 400 382 454 dere
408 412 544 453 sane
579 410 700 452 cum
739 408 925 450 uxore.
957 391 1070 447 Non
1101 398 1186 447 est
1227 389 1390 460 igitur
1426 385 1710 458 permissio
1731 383 1846 437 hcce

244 489 535 562 probantis
555 503 619 544 ac
638 484 1063 543 commendantis
1082 524 1098 550 ,
1126 481 1222 538 sed
1251 478 1524 536 irridentis
1550 492 1614 532 ac
1646 476 1847 546 impro-

242 583 449 637 bantis.
479 580 613 635 Nam
653 579 706 633 ni
745 579 1182 646 voluptuosorum
1220 581 1455 628 mentem
1481 568 1695 640 egregie
1726 577 1844 623 tan-

246 688 377 741 gere
398 672 676 735 voluisset,
700 668 1121 738 intemperantia:
1141 679 1326 720 vocem
1357 677 1462 716 non
1492 660 1842 726 adhibuisset,

246 781 366 836 qua:
395 773 450 819 et
480 763 771 818 vehemens
796 770 879 816 est
897 801 913 825 ,
951 768 1007 815 et
1032 759 1221 827 ingens
1246 755 1562 826 vituperium
1586 752 1841 808 continet.

251 858 356 912 Cur
381 855 531 910 enim
559 868 666 908 non
698 852 850 917 dixit,
879 851 1105 919 Propter
1124 857 1354 903 vestram
1384 841 1845 900 imbecillitatem?

248 946 401 1014 Quod
430 961 502 1013 ea
533 961 633 1000 vox
664 944 833 1013 magis
854 941 1176 1012 ignoscentis
1202 946 1363 1004 esset,
1392 937 1480 991 illa
1506 950 1634 989 vero
1655 935 1848 988 intem-

246 1038 531 1108 perantiae,
558 1050 824 1091 summam
853 1034 1117 1104 ignaviam
1147 1029 1399 1085 nutantis.
1447 1027 1609 1099 igitur
1648 1025 1844 1080 intem-

246 1131 510 1201 perantia:
535 1138 619 1185 est
641 1169 657 1194 ,
687 1142 795 1182 non
824 1140 981 1196 posse
1006 1140 1035 1178 a
1057 1123 1406 1178 fornicatione
1428 1120 1714 1184 abstinere,
1742 1116 1844 1172 nisi

240 1225 404 1279 uxori
446 1236 665 1291 semper
700 1221 907 1275 haerens
938 1232 1002 1272 ac
1035 1216 1179 1272 coitu
1205 1215 1402 1269 fruare.
1441 1210 1577 1280 Quid
1606 1211 1735 1265 mihi
1760 1209 1845 1264 bic

241 1317 431 1369 dicent
448 1313 538 1383 qui
559 1311 916 1381 virginitatem
939 1320 1387 1377 supervacaneam
1409 1302 1683 1358 statuunt?
1711 1301 1843 1356 Nam

240 1408 365 1459 bzcc
394 1420 503 1474 quo
530 1402 837 1458 contenslor
859 1408 975 1467 est,
1003 1414 1068 1455 eo
1093 1397 1352 1467 majorem
1389 1395 1551 1450 habet
1593 1394 1799 1449 laudem
1827 1411 1840 1447 :

239 1507 301 1552 at
320 1496 745 1556 matrimonium,
775 1492 864 1548 ubi
892 1506 958 1547 eo
982 1491 1101 1561 plus
1128 1490 1256 1545 satis
1282 1497 1453 1552 utare,
1478 1496 1586 1541 tum
1615 1485 1845 1540 maxime

243 1587 425 1643 laudis
448 1586 624 1641 omnis
653 1598 847 1654 expers
862 1593 962 1639 est.
994 1581 1049 1639 id
1068 1582 1233 1648 enim,
1263 1581 1432 1651 inquit
1449 1579 1527 1649 (i.
1546 1578 1663 1633 Cor.
1686 1578 1737 1633 7.
1762 1577 1842 1649 6),

241 1680 372 1733 dico
399 1676 694 1733 secundum
720 1673 1100 1744 indulgentiam
1124 1714 1140 1739 ,
1182 1687 1290 1728 non
1320 1671 1611 1728 secundum
1639 1686 1843 1741 praece-

243 1780 398 1839 ptum
422 1786 439 1832 ;
463 1769 573 1838 jam
603 1767 691 1822 ubi
716 1774 799 1821 est
826 1765 1172 1835 indulgentia,
1197 1762 1341 1818 laudi
1369 1761 1548 1816 nullus
1567 1770 1648 1815 est
1672 1760 1840 1814 locus.

250 1862 320 1913 At
363 1859 509 1913 enim
554 1868 609 1913 et
656 1856 724 1912 de
750 1855 1042 1926 virginibus
1080 1854 1348 1909 disserens
1390 1852 1485 1919 ait,
1527 1849 1843 1920 Praeceptum

253 1951 462 2005 Domini
492 1966 591 2003 non
627 1947 784 2003 habeo
815 1946 931 2019 (Ib.
960 1962 1008 2000 υ.
1037 1946 1108 2001 25
1132 1946 1173 2015 ).
1212 1944 1346 2000 Num
1390 1943 1548 2014 igitur
1594 1956 1706 1997 rem
1745 1956 1843 1996 ex-

245 2042 472 2113 :rquat?
508 2040 722 2096 Minime
745 2039 982 2111 gentium
1009 2055 1023 2092 :
1052 2052 1175 2092 nam
1204 2036 1270 2092 de
1296 2036 1498 2106 virgine
1522 2032 1841 2091 sententiam

251 2133 430 2188 dicit:
454 2132 540 2187 hic
562 2145 875 2186 consensum
912 2129 1021 2183 dat.
1062 2131 1139 2183 Ac
1173 2138 1417 2182 neutrum
1458 2125 1699 2196 prmcipit
1736 2138 1842 2178 non

250 2222 448 2277 eadem
474 2221 541 2277 de
566 2237 757 2288 causa;
792 2220 885 2275 sed
913 2219 1017 2283 hic,
1054 2234 1119 2273 ne
1143 2217 1232 2288 qui
1259 2217 1328 2272 ab
1356 2213 1759 2286 intemperantia
1784 2214 1845 2270 se

247 2311 538 2367 sustollere
560 2311 719 2365 vellet
741 2309 1127 2380 prohiberetur,
1162 2307 1306 2362 velut
1337 2304 1583 2376 praecepti
1606 2302 1845 2360 necessi-

252 2414 362 2458 tate
384 2403 705 2467 obstrictus;
735 2402 860 2466 illic,
893 2417 958 2454 ne
977 2401 1066 2471 qni
1086 2432 1091 2436 ι
1111 2400 1177 2453 ad
1200 2398 1551 2469 virginitatem
1583 2396 1844 2465 attingere

250 2496 581 2566 nequivisset
610 2493 975 2557 damnaretur,
995 2507 1092 2547 ceu
1116 2492 1165 2545 in
1195 2484 1513 2561 prmceptutn
1535 2495 1845 2543 contumax.

251 2585 375 2640 Non
404 2583 678 2655 praecipio,
710 2584 900 2654 inquit,
929 2583 1185 2652 virginem
1216 2596 1364 2646 esse;
1388 2594 1574 2634 vereor
1597 2579 1738 2634 enim
1765 2577 1843 2632 rei

248 2676 650 2731 difficultatem.
679 2673 796 2729 Non
831 2675 1079 2743 lrmcipio
1108 2671 1358 2742 congredi
1391 2671 1694 2741 frequenter
1722 2683 1842 2723 cum

249 2783 423 2824 uxore
454 2787 468 2824 :
501 2768 624 2822 nolo
650 2767 794 2822 enim
818 2766 1214 2822 incontinentiae
1234 2765 1501 2835 legislator
1522 2777 1664 2819 esse.
1698 2759 1842 2827 Dixi,

246 2854 544 2924 Conuenite,
563 2867 810 2914 utvetem
838 2858 888 2912 in
917 2872 1153 2928 praeceps
1179 2856 1326 2920 ferri,
1356 2873 1459 2910 non
1485 2864 1542 2910 ut
1567 2854 1847 2910 sublimius

248 2951 488 3006 studium
516 2950 823 3020 impediam.
873 2948 986 3004 Non
1019 2964 1145 3020 ergo
1174 2950 1191 2980 ¹
1246 2946 1299 3002 id
1337 2947 1603 3017 prmcipue
1633 2946 1761 3008 vult,
1790 2952 1848 3000 ut

247 3041 473 3097 assidue
501 3056 667 3096 uxore
694 3049 926 3103 utamur,
956 3040 1049 3096 sed
1079 3039 1329 3093 nimirum
1360 3038 1411 3092 id
1436 3039 1740 3107 scgniorum
1765 3037 1847 3091 in-

251 3133 608 3204 temperantia
630 3133 823 3187 sanxit.
849 3132 978 3186 Nam
1002 3132 1044 3186 si
1074 3130 1223 3185 Pauli
1245 3130 1566 3183 voluntatem
1589 3128 1725 3183 scire
1744 3128 1845 3192 vis,

249 3225 384 3280 audi
408 3242 527 3294 qua:
554 3226 625 3279 sit
652 3243 665 3278 :
707 3223 857 3290 Volo,
880 3225 1071 3294 inquit,
1101 3239 1270 3278 omnes
1295 3222 1519 3276 homines
1543 3221 1616 3275 sic
1639 3236 1763 3284 esse,
1795 3228 1850 3272 ut

249 3336 350 3390 ego
402 3335 539 3385 sum,
578 3318 884 3371 continentes
934 3317 955 3347 ²
1005 3314 1125 3388 (Ib.
1175 3331 1221 3368 υ.
1272 3313 1367 3384 7).
1418 3313 1581 3382 Igitur
1605 3310 1850 3382 quivclis

250 3424 448 3464 omnes
474 3410 809 3462 continentes
833 3421 973 3473 esse,
1004 3410 1272 3460 neminem
1297 3406 1375 3458 vis
1397 3418 1517 3459 esse
1546 3403 1847 3472 conjugem.

252 3502 374 3557 Non
404 3499 655 3570 equidem
684 3516 698 3552 :
728 3506 782 3553 at
808 3514 913 3552 non
950 3505 1229 3567 propterea
1259 3495 1500 3549 volentes
1527 3503 1649 3548 veto
1677 3500 1731 3548 et
1765 3492 1849 3546 in-

253 3591 477 3657 simulo,
505 3589 601 3645 sed
631 3604 752 3645 cum
781 3597 959 3658 Optem
990 3603 1052 3643 ac
1073 3587 1378 3657 percupiam
1398 3599 1584 3640 omnes
1610 3583 1687 3638 sic
1708 3596 1849 3648 esse,

257 3692 318 3736 ut
356 3696 457 3751 ego
498 3695 638 3739 sum,
671 3688 781 3733 tum
827 3678 956 3733 illud
1002 3686 1219 3747 propter
1261 3675 1662 3730 fornicationem
1690 3675 1849 3730 etiam

257 3774 499 3831 concedo
531 3791 545 3827 :
581 3773 805 3843 ideoque
846 3773 898 3826 in
942 3772 1201 3842 principio
1226 3770 1499 3835 dicebam,
1544 3767 1742 3823 Bonum
1782 3778 1855 3822 est

259 3870 458 3923 bonum
486 3868 745 3921 mulierem
770 3884 870 3920 non
898 3875 1118 3936 tangere,
1148 3864 1289 3935 quia‘
1300 3863 1351 3918 id
1375 3872 1746 3932 prteoptarem.

338 3958 556 4013 XXXV.
608 3950 906 4012 Necessario
937 3955 1162 4010 Paulum
1205 3954 1526 4009 continentia:
1567 3950 1854 4024 exemplum

261 4066 320 4102 se
351 4048 695 4119 proposuisse.
736 4078 808 4087 —
842 4046 947 4103 Sed
985 4061 1151 4115 quare
1197 4044 1283 4100 hic
1330 4044 1410 4098 sui
1457 4044 1698 4099 meminit
1721 4082 1735 4103 ,
1770 4044 1853 4097 in-

261 4142 494 4210 quit-ns,
532 4139 658 4194 Volo
696 4157 868 4193 omnes
910 4139 1134 4192 homines
1172 4138 1244 4193 sic
1286 4153 1424 4201 esse,
1466 4145 1521 4190 ut
1566 4153 1657 4207 ego
1698 4137 1857 4191 sum?

265 4232 423 4303 quod
446 4233 489 4285 si
515 4247 616 4286 non
635 4233 948 4299 addidisset,
973 4231 1054 4285 sui
1076 4246 1203 4285 sane
1225 4230 1545 4285 mentionem
1565 4228 1853 4298 effugisset.

260 4328 386 4382 (an
409 4325 571 4394 igitur
591 4325 806 4396 adjecit,
831 4334 886 4377 ut
910 4341 1001 4395 ego
1028 4338 1141 4377 sum
1157 4323 1183 4375 ?
1206 4321 1320 4376 Non
1342 4337 1448 4391 quo
1471 4336 1529 4374 se
1550 4319 1854 4384 extolleret;

266 4434 397 4473 nam
446 4416 530 4471 hic
577 4416 663 4471 ille
706 4425 820 4481 est,
867 4415 1105 4485 quicum
1152 4411 1541 4482 praedicationis
1590 4410 1859 4465 laboribus

268 4507 531 4576 apostolis
559 4514 857 4576 praestaret,
888 4503 1165 4574 indignum
1196 4517 1255 4557 se
1285 4501 1365 4555 vel
1392 4500 1616 4569 apostoli
1646 4500 1861 4555 nomine

266 4600 566 4653 existimat.
596 4595 730 4651 Cum
759 4598 902 4652 enim
929 4596 1174 4661 dixisset,
1201 4592 1313 4665 Ego
1339 4609 1449 4647 sum
1472 4593 1707 4647 minimus
1734 4609 1862 4664 apo-

267 4693 522 4744 stolorum
553 4688 638 4758 (ι.
667 4686 784 4741 Cor.
814 4687 899 4743 15.
923 4687 997 4755 9),
1028 4686 1172 4742 velut
1207 4685 1381 4753 majus
1409 4684 1662 4755 quiddam
1702 4699 1860 4753 quam

270 4797 374 4853 pro
403 4780 664 4849 dignitate
704 4793 799 4832 sua
838 4778 1124 4846 eloquutus
1144 4818 1160 4840 ,
1190 4775 1368 4830 statim
1396 4789 1454 4828 se
1482 4775 1736 4844 castigat,
1765 4773 1862 4828 ad-

267 4875 435 4939 dens,
503 4871 607 4936 Qui
668 4887 767 4923 non
821 4886 932 4924 sum
989 4869 1171 4939 dignus
1213 4868 1381 4921 vocari
1425 4867 1682 4938 apostolus
1736 4863 1862 4936 (Id.

271 4965 369 5020 13.
411 4963 509 5033 9).
557 4963 664 5016 Cur
706 4961 866 5031 igitur
895 4958 980 5013 hic
1023 4957 1377 5012 cobortationi
1417 4972 1536 5012 sese
1578 4956 1868 5026 proponit?

271 5056 395 5110 Non
425 5063 629 5109 temere
655 5052 706 5107 id
733 5049 968 5121 quidem,
1000 5057 1089 5102 aut
1114 5049 1231 5103 sine
1256 5062 1413 5102 causa
1431 5088 1445 5113 ,
1473 5048 1566 5103 sed
1591 5048 1683 5118 qui
1706 5047 1870 5103 sciret

274 5145 579 5216 discipulos
609 5153 719 5199 tum
756 5143 986 5196 maxime
1024 5139 1090 5194 ad
1136 5143 1498 5209 prtestantium
1530 5154 1709 5194 rerum
1752 5147 1867 5193 stu—

279 5238 433 5293 dium
483 5234 734 5294 incitari.
783 5232 829 5288 si
885 5242 1269 5301 praceptorum
1324 5229 1555 5284 habeant
1604 5229 1867 5297 exempla.

284 5328 475 5399 Itaque
512 5336 574 5382 ut
597 5325 687 5397 qui
727 5325 980 5396 operibus
1007 5338 1204 5378 vacuus
1227 5322 1403 5377 verbis
1429 5322 1599 5376 solum
1634 5320 1872 5391 philoso-

283 5419 506 5491 phatur,
529 5416 670 5472 haud
690 5431 819 5472 sane
843 5415 1068 5471 auditori
1098 5414 1315 5486 prodest
1339 5431 1352 5467 :
1381 5414 1449 5469 ita
1476 5413 1566 5486 qui
1591 5413 1874 5469 consilium

353 5573 371 5603 ³
409 5572 497 5635 tlte
516 5582 612 5620 non
638 5581 785 5633 [rauca
805 5568 1009 5621 deerant
1029 5570 1078 5621 in
1096 5570 1279 5631 MoreL,
1306 5582 1418 5635 qua:
1446 5582 1507 5619 ex
1535 5576 1649 5633 Reg.
1670 5575 1721 5619 et
1735 5567 1874 5620 Savil.

288 5630 832 5756 Ἳηλξιθηνετιηω.
855 5693 1150 5760 contumaces,
1173 5696 1337 5750 deest.

1652 264 1741 323 DE
1781 263 2246 325 VIRGINITATE.

3432 272 3537 328 558

1957 393 1985 431 a
2015 395 2073 435 se
2104 381 2274 451 primo
2317 382 2610 453 perfectum
2640 382 2802 440 habet
2827 383 3207 452 exhibendum,
3243 384 3326 441 vel
3354 384 3453 441 hac
3485 388 3536 442 in

1957 470 2141 538 primis
2163 471 2371 528 ratione
2392 472 2688 528 auditorem
2719 474 2939 530 inducit.
2970 477 3232 532 Prteterea
3260 491 3450 547 purum
3479 491 3539 532 se

1953 561 2022 616 ab
2051 562 2245 617 invidia
2275 573 2434 633 atque
2463 566 2601 619 fastu
2631 566 2883 634 ostendit,
2915 567 3006 637 qui
3041 568 3311 624 excellens
3353 567 3455 624 hoc
3483 579 3537 623 et

1954 655 2280 726 praecipuum
2319 671 2440 712 cum
2489 657 2763 729 discipulis
2792 674 3077 716 commune
3107 675 3226 716 esse
3251 661 3399 727 velit,
3444 676 3537 716 ne-

1953 762 2058 818 que
2085 747 2148 802 iis
2180 757 2436 817 praestare
2463 759 2649 816 curet,
2679 749 2774 805 sed
2804 750 2854 804 in
2882 750 3127 805 omnibus
3165 767 3258 807 eos
3296 752 3393 807 sibi
3438 768 3538 807 ex-

1953 856 2184 909 mqnare.
2220 841 2401 897 Habeo
2428 851 2482 896 et
2509 843 2716 896 tertiam
2746 857 2959 896 causam
2987 843 3182 898 dicere.
3207 843 3539 913 Quamnam?

1953 931 2247 987 Videbatur
2266 948 2354 988 res
2381 931 2612 988 difficilis
2638 948 2775 997 esse,
2801 948 2902 988 nec
2923 934 3102 990 multis
3129 935 3327 1000 facilis;
3357 937 3538 1006 itaque

1951 1025 2141 1080 volens
2169 1040 2286 1081 eam
2317 1025 2526 1081 facilem
2552 1027 2857 1096 declarare,
2887 1044 3007 1084 eum
3030 1070 3043 1092 ,
3073 1030 3160 1100 qui
3190 1029 3242 1084 id
3271 1044 3409 1099 opus
3435 1029 3534 1081 ab-

1953 1118 2224 1183 solvisset,
2254 1118 2305 1172 in
2339 1118 2571 1172 medium
2607 1118 2851 1183 adducit,
2879 1136 2948 1174 ne
2986 1119 3263 1176 admodum
3301 1120 3535 1174 laborio-

1951 1223 2069 1262 sum
2108 1207 2412 1275 crederent,
2455 1208 2549 1264 sed
2575 1208 2764 1263 ducem
2810 1209 3079 1265 intuentes
3119 1220 3172 1264 et
3216 1211 3315 1280 ipsi
3343 1210 3536 1266 animis

1950 1300 2091 1355 aucti
2120 1299 2363 1355 eamdem
2390 1301 2529 1355 viam
2556 1302 2773 1358 inirent.
2819 1302 2960 1359 Idem
2985 1313 3038 1359 et
3062 1302 3184 1358 alibi
3229 1305 3369 1359 facit.
3401 1305 3532 1359 Nam

1951 1389 2161 1444 Galatas
2189 1391 2484 1462 alloquens,
2512 1393 2681 1462 iisque
2709 1393 2839 1463 legis
2869 1395 3110 1450 timorem
3157 1396 3387 1451 eximere
3419 1404 3532 1450 stu-

1951 1482 2116 1547 dens,
2156 1497 2264 1553 quo
2302 1483 2369 1537 ad
2409 1484 2679 1553 antiquam
2720 1487 3157 1542 consuetudinem
3198 1487 3531 1555 ferebantur,

1952 1571 2203 1641 pleraque
2246 1571 2312 1626 ad
2339 1588 2456 1626 eam
2497 1574 2819 1643 pertinentia
2851 1587 3126 1632 servantes
3148 1619 3162 1641 ,
3213 1578 3337 1648 quid
3367 1579 3534 1634 dicit?

1951 1660 2127 1715 Estote
2148 1662 2276 1717 sicut
2303 1679 2396 1734 ego
2414 1705 2429 1730 ,
2457 1664 2576 1732 quia
2600 1673 2649 1718 et
2674 1681 2764 1737 ego
2792 1666 2922 1719 sicut
2945 1683 3032 1721 vos
3063 1666 3204 1737 (Gal.
3228 1670 3280 1723 4.
3312 1669 3424 1739 i2).
3456 1669 3534 1725 Ac

1949 1754 2091 1823 quod
2121 1755 2196 1808 ait
2223 1754 2486 1824 ejusmodi
2516 1764 2597 1811 est
2629 1774 2643 1812 :
2674 1756 2817 1811 Nihil
2844 1757 2934 1824 sit,
2968 1758 3166 1829 inquit,
3199 1759 3338 1829 quod
3383 1760 3533 1815 dicas

1951 1844 2038 1910 lis,
2069 1860 2155 1898 me
2183 1845 2589 1913 resipiscentem
2615 1862 2754 1902 nunc
2777 1847 2886 1916 jam
2917 1863 2947 1902 e
2974 1849 3240 1918 gentibus,
3271 1857 3443 1903 metus
3467 1864 3532 1905 ex

1950 1936 2081 2006 legis
2112 1937 2395 1992 violatione
2438 1938 2676 2007 ignarum
2697 1980 2713 2002 ,
2744 1941 2978 1994 suaviter
3004 1940 3120 1995 ha‘c
3163 1942 3339 1995 omnia
3385 1939 3532 1997 vobis

1949 2028 2345 2098 philosophari;
2392 2038 2446 2084 et
2480 2046 2579 2101 ego
2605 2032 2746 2086 enim
2778 2039 2833 2086 ut
2860 2047 2956 2085 vos
2982 2033 3267 2102 aliquando
3308 2034 3533 2088 servitu-

1951 2129 2057 2172 tem
2098 2118 2234 2173 banc
2265 2120 2494 2186 servivi,
2523 2120 2794 2190 subjectus
2835 2122 2965 2192 legis
3000 2123 3163 2192 jussis
3186 2166 3201 2189 ,
3233 2133 3531 2194 prrccepto-

1949 2225 2065 2264 rum
2101 2210 2504 2266 observationes
2532 2221 2889 2282 exsequutus;
2936 2213 3029 2267 sed
3062 2222 3341 2284 postquam
3371 2230 3534 2285 appac

1959 2305 2068 2356 ruit
2090 2300 2288 2371 gratia,
2317 2309 2487 2351 totum
2526 2315 2610 2351 nte
2645 2303 2712 2352 ab
2748 2302 2836 2353 illa
2868 2304 2934 2356 ad
2968 2304 3107 2356 hanc
3137 2305 3384 2357 contulit.
3423 2304 3532 2358 Nec

1954 2393 2062 2463 jam
2105 2404 2169 2446 ea
2182 2406 2272 2448 res
2295 2400 2380 2448 est
2397 2388 2777 2461 transgressio.
2797 2404 2918 2443 cum
2939 2388 2992 2443 in
3008 2389 3148 2445 alius
3163 2389 3266 2444 viri
3304 2409 3523 2448 Illaﬂltm

1957 2484 2373 2540 convenerimus
2403 2481 2511 2553 (Ib.
2547 2483 2594 2534 1.
2624 2480 2733 2552 15).
2758 2477 2938 2547 Quare
2964 2497 3068 2534 non
3100 2494 3180 2537 ρει
3206 2484 3350 2552 quod
3384 2485 3533 2554 quis-

1947 2587 2106 2643 quam
2129 2571 2292 2640 dicat,
2320 2571 2422 2627 alia
2462 2570 2636 2627 facere
2661 2587 2777 2639 me,
2808 2572 2909 2627 alia
2942 2588 3178 2638 monere,
3209 2583 3299 2628 aut
3324 2574 3531 2630 securi-

1950 2674 2060 2720 tate
2106 2664 2235 2720 mihi
2276 2665 2499 2735 quaesita
2543 2679 2639 2720 vos
2684 2665 2735 2719 in
2784 2665 3073 2735 periculum
3119 2665 3265 2721 dare.
3312 2666 3442 2720 Nam
3486 2666 3532 2722 si

1950 2758 2243 2826 periculum
2284 2770 2562 2829 ageretur,
2593 2773 2698 2813 non
2742 2774 2827 2813 me
2867 2758 3113 2828 equidem
3155 2759 3530 2828 prodidissem,

1952 2866 2056 2904 non
2095 2852 2321 2906 salutem
2365 2867 2535 2907 meam
2584 2852 2958 2921 neglexissem.
3009 2850 3171 2921 Igitur
3217 2860 3273 2904 ut
3320 2850 3429 2905 illic
3474 2864 3535 2905 se

1950 2942 2251 3012 exemplum
2293 2957 2597 3012 preponens
2623 2950 2820 2998 metum
2848 2942 3006 2997 solvit
3034 2960 3048 2997 :
3076 2943 3146 2997 ita
3180 2952 3235 2998 et
3276 2941 3363 2998 hic
3394 2956 3454 2997 se
3479 2942 3533 2996 in

1950 3034 2183 3089 medium
2211 3034 2437 3089 adducto
2460 3035 2817 3090 sollicitudine
2858 3035 3069 3090 liberat.

2022 3123 2263 3181 XXXVI.
2299 3123 2649 3196 Virginitatem
2699 3126 2955 3180 modestia:
3000 3141 3153 3179 causa
3196 3125 3260 3178 ab
3289 3123 3535 3195 Apostolo

1952 3215 2143 3270 donum
2168 3215 2436 3287 appellari.
2453 3244 2524 3257 —
2541 3214 2647 3271 Sed
2667 3214 2846 3281 habet,
2872 3214 3064 3285 inquit,
3090 3215 3359 3285 proprium
3385 3212 3537 3282 quis-

1955 3332 2063 3387 que
2086 3315 2315 3377 donum,
2340 3314 2480 3367 alius
2507 3312 2724 3380 quidem
2747 3311 2847 3371 sic,
2870 3311 3008 3364 alius
3030 3323 3156 3361 vero
3188 3309 3269 3363 sic
3303 3306 3377 3376 (1.
3402 3304 3528 3361 Cor.

1958 3408 2011 3464 7.
2040 3407 2129 3478 7).
2157 3404 2293 3460 Vide
2331 3404 2419 3459 hic
2449 3402 2580 3458 mihi
2612 3401 2924 3471 apostolicae
2955 3399 3281 3452 humilitatis
3312 3397 3530 3466 signum

1957 3513 2223 3569 nusquam
2254 3494 2727 3566 deperditum,sed
2752 3493 2952 3561 ubique
2976 3491 3119 3545 serio
3153 3490 3407 3557 elucens;
3435 3486 3532 3543 Dei

1956 3594 2160 3648 donum
2195 3588 2429 3659 appellat
2461 3599 2614 3641 suam
2649 3584 2937 3647 virtutem,
2970 3590 3025 3637 et
3070 3582 3124 3636 in
3159 3597 3267 3652 quo
3304 3581 3412 3635 u.ul
3439 3596 3533 3636 um

1959 3679 2273 3741 desudavit,
2303 3674 2358 3729 id
2387 3690 2548 3730 omne
2578 3672 2808 3727 Domino
2839 3672 3052 3725 tribuit.
3083 3670 3149 3723 Et
3171 3670 3300 3740 quid
3333 3670 3531 3724 mirum

1957 3769 2003 3822 si
2033 3766 2084 3822 id
2112 3767 2165 3821 in
2194 3765 2521 3823 continentia
2547 3763 2693 3828 facit,
2724 3778 2845 3819 cum
2874 3762 2943 3820 de
2970 3762 3349 3833 prtedicatione
3377 3761 3540 3816 etiam

1958 3857 2248 3923 disserens,
2287 3872 2386 3927 pro
2413 3871 2518 3926 quo
2548 3855 2695 3911 mille
2719 3855 2954 3920 labores,
2984 3862 3267 3924 perpetuas
3294 3851 3542 3906 afflictio-

1961 3966 2093 4017 nes,
2143 3948 2527 4005 inenarrabiles
2578 3961 2883 4012 mrumnas,
2932 3945 3295 4016 quotidianam
3355 3957 3541 3998 necem

1960 4044 2299 4112 suscepisset,
2348 4041 2486 4096 idem
2516 4039 2779 4110 usurpet?
2815 4038 2952 4108 Quid
2995 4054 3122 4107 ergo
3163 4037 3230 4092 de
3269 4052 3334 4091 eo
3374 4036 3546 4089 dicit?

1960 4134 2092 4189 Plus
2117 4133 2220 4188 illis
2248 4132 2474 4188 omnibus
2503 4130 2726 4185 laboraui
2741 4147 2762 4195 ;
2789 4146 2886 4183 non
2912 4145 3003 4200 ego
3029 4138 3195 4181 autem
3215 4168 3230 4190 ,
3261 4126 3352 4179 sed
3380 4125 3547 4195 gratia

1960 4223 2059 4278 Dei
2084 4239 2275 4277 mecum
2301 4223 2374 4294 (i.
2400 4221 2518 4275 Cor.
2545 4222 2633 4275 15.
2660 4219 2770 4289 10).
2798 4218 2912 4272 Non
2936 4219 3123 4286 partim
3152 4229 3327 4278 suum,
3354 4213 3543 4282 partim

1963 4315 2055 4369 Dei
2084 4321 2300 4375 censet,
2330 4309 2423 4365 sed
2454 4319 2620 4364 tutum
2651 4309 2763 4363 Dei.
2797 4307 2909 4362 Hoc
2935 4306 3070 4376 grati
3100 4304 3237 4359 servi
3268 4314 3350 4358 est
3369 4343 3382 4367 ,
3410 4301 3545 4357 nihil

1964 4405 2235 4477 proprium
2258 4404 2474 4468 ducere,
2499 4402 2591 4457 sed
2618 4401 2796 4456 omnia
2822 4401 2934 4455 beri
2957 4415 2972 4464 ;
3003 4397 3132 4453 nihil
3158 4412 3311 4452 suum
3337 4404 3544 4467 putare,

1966 4495 2058 4552 sed
2088 4495 2266 4551 omnia
2295 4494 2521 4549 Domini.
2556 4495 2729 4563 Atque
2755 4491 2896 4547 idem
2938 4490 3062 4545 facit
3087 4489 3232 4544 alibi.
3266 4488 3399 4544 Nam
3426 4502 3546 4542 cum

1966 4588 2210 4653 dixisset,
2242 4585 2495 4640 Habentes
2523 4585 2820 4639 donationes
2844 4583 3124 4638 secundum
3160 4583 3408 4653 gratiam,
3438 4595 3551 4652 qua

1967 4682 2087 4735 data
2114 4690 2185 4735 est
2212 4680 2386 4744 nobis',
2411 4679 2702 4748 dilferentes
2728 4675 2748 4751 (
2769 4677 2922 4733 Rom.
2950 4675 3033 4730 l2.
3066 4672 3134 4746 6)
3154 4716 3170 4739 ,
3196 4675 3251 4729 in
3293 4674 3551 4729 orationis

1969 4785 2257 4842 progressu
2292 4769 2592 4839 magisteria
2614 4810 2627 4832 ,
2675 4766 3043 4822 liberalitatem
3072 4780 3135 4820 ac
3165 4765 3469 4834 largitiones
3496 4762 3554 4817 in

1972 4865 2037 4919 iis
2066 4872 2346 4928 numerat;
2378 4877 2496 4932 qua:
2517 4861 2758 4923 virtutes,
2790 4874 2894 4913 non
2926 4858 3062 4912 dona
3088 4872 3229 4923 esse,
3263 4854 3413 4910 facile
3437 4870 3554 4908 om-

1971 4969 2068 5011 nes
2095 4953 2413 5023 intelligunt.
2445 4950 2571 5006 Haec
2599 4959 2778 5005 autem
2810 4948 2930 5003 ideo
2973 4947 3238 5009 disserui,
3273 4961 3340 4999 ne
3368 4945 3554 4999 dicen-

1974 5055 2079 5100 tem
2108 5044 2327 5099 audiens
2350 5084 2365 5109 ,
2399 5041 2671 5111 Proprium
2703 5039 2909 5109 quisque
2950 5036 3138 5091 donum
3165 5034 3340 5097 habet,
3368 5033 3555 5087 conci-

1974 5136 2106 5203 das,
2150 5149 2212 5189 ac
2255 5143 2427 5189 tecmn
2469 5132 2826 5187 sermociuere
2866 5147 2879 5183 :
2922 5128 3093 5200 Opera
3133 5141 3251 5181 mea
3299 5125 3383 5178 hic
3423 5123 3556 5180 nihil

1976 5241 2111 5297 cpus
2137 5234 2257 5290 est;
2302 5224 2353 5279 id
2393 5224 2587 5278 donum
2616 5221 2807 5276 Paulus
2848 5219 3162 5275 nominavit.
3201 5215 3333 5272 Nam
3375 5214 3559 5271 mode-

1977 5319 2093 5374 stiae
2137 5329 2323 5379 causa,
2375 5328 2479 5369 non
2523 5312 2613 5383 qui
2656 5311 3037 5367 continentiam
3082 5307 3235 5363 donis
3271 5322 3561 5364 accensam

1979 5408 2157 5475 vellet,
2204 5407 2273 5461 ita
2314 5405 2570 5475 loquitur.
2617 5402 2799 5473 Neque
2840 5402 2981 5457 enim
3028 5407 3081 5453 et
3124 5413 3303 5453 secum
3344 5408 3399 5455 et
3438 5414 3561 5455 cum

1983 5498 2196 5555 Christo
2221 5504 2453 5566 pugnat;
2483 5508 2585 5549 non
2613 5507 2733 5548 cum
2749 5489 2963 5548 Christo
2988 5488 3217 5552 dicente,
3242 5489 3378 5545 Sunt
3403 5505 3563 5543 eunu-

1984 5589 2068 5643 chi
2086 5630 2102 5651 ,
2145 5588 2231 5655 qui
2276 5588 2467 5658 seipsos
2515 5596 2721 5656 propter
2769 5599 2982 5653 regnum
3032 5583 3226 5638 caleste
3277 5594 3560 5637 castrorum

1993 5681 2314 5753 (Mettium.
2344 5682 2471 5755 1‘2);
2517 5689 2674 5750 atque
2716 5674 2982 5744 addente,
3026 5674 3127 5746 Qui
3170 5684 3328 5748 potest
3366 5689 3563 5745 capere,
