4056 6208
519 285 624 340 559

518 401 687 468 capiat
709 414 730 453 :
756 411 862 453 non
889 407 1102 460 secum,
1132 395 1222 467 qui
1249 394 1555 450 viduitatem
1579 393 1887 463 amplexas,
1917 391 2012 448 sed
2043 392 2095 447 in

517 504 584 544 eo
630 489 900 560 proposito
945 487 1232 558 persistere
1281 486 1524 541 nolentes
1565 484 1802 540 damnet.
1869 483 2000 539 Nam
2054 485 2100 540 si

516 582 715 637 donum
743 589 824 636 est
843 621 858 646 ,
889 594 985 635 cur
1014 579 1091 636 eis
1129 577 1500 642 comminaris,
1532 575 1718 632 dicens
1749 594 1762 630 :
1793 575 2098 630 Damnatio-

518 693 631 729 nem
652 674 856 741 Itabent,
876 674 994 745 quia
1012 673 1227 744 primum
1246 670 1400 739 ﬁdem
1420 671 1615 725 irritam
1637 672 1860 743 fecerunt
1879 670 1928 738 (I
1942 666 2095 722 .Tim.

519 766 573 820 5.
606 764 748 834 12)?
789 763 1055 832 Nusquam
1084 761 1226 816 enim
1252 758 1494 815 Christus
1523 758 1676 814 doles
1706 775 1809 813 non
1842 758 2099 813 habentes

521 857 757 927 punivit,
801 854 895 910 sed
939 853 1134 924 ubique
1172 853 1333 907 vitam
1376 860 1575 907 rectam
1614 868 1719 907 non
1760 851 2093 917 exhibentes,

516 948 757 1017 adeoque
782 945 925 1016 quod
962 945 1298 1015 potissimum
1336 943 1590 1014 requirit,
1617 944 1724 997 vita
1762 954 1844 999 est
1871 945 2094 1013 Optima,

517 1049 573 1092 et
594 1038 831 1092 actiones
861 1036 1271 1108 irreprehcnsac.
1302 1036 1570 1091 Donorum
1597 1045 1772 1091 autem
1795 1035 2096 1090 distributio

517 1131 687 1201 posita
717 1141 799 1186 est
826 1145 933 1185 non
964 1130 1017 1185 in
1047 1129 1356 1201 accipientis
1384 1129 1621 1199 optione,
1648 1128 1743 1183 sed
1769 1128 1820 1182 in
1848 1128 2096 1182 donantis

513 1222 756 1278 arbitrio.
787 1223 971 1293 Itaque
1000 1222 1236 1292 prodigia
1266 1228 1541 1292 patrantes
1563 1220 1807 1275 Christus
1834 1219 1968 1274 adeo
1990 1234 2094 1273 non

511 1315 691 1370 laudat
721 1313 870 1385 (Luc.
899 1314 984 1370 10.
1012 1312 1112 1387 20)
1136 1350 1152 1381 ,
1182 1322 1238 1368 ιιι
1261 1314 1420 1369 etiam
1449 1312 1738 1382 discipulos
1775 1328 1838 1368 ea
1882 1327 1940 1367 re
1974 1313 2093 1383 glo-

512 1405 713 1460 riantes
737 1406 804 1460 ab
829 1420 897 1460 eo
924 1404 1119 1476 gaudio
1148 1412 1442 1470 removeat,
1474 1418 1696 1458 monens
1718 1418 1783 1457 ne
1802 1403 2095 1473 gauderent

510 1497 775 1553 daemonia
805 1497 904 1552 sibi
931 1496 1141 1567 subjici.
1169 1495 1300 1551 Nam
1328 1496 1417 1566 qui
1444 1495 1584 1551 beati
1606 1495 1959 1566 prmdicantur
1980 1495 2093 1550 ubi-

509 1605 613 1660 que
642 1589 870 1661 (Matth.
893 1590 960 1660 5)
996 1589 1367 1644 misericordes
1407 1596 1562 1651 sunt,
1610 1586 1872 1651 humiles,
1912 1587 2089 1653 mites,

509 1681 688 1735 animo
715 1680 854 1751 puri,
888 1680 1092 1751 pacitiei
1113 1718 1128 1746 ,
1156 1680 1245 1750 qui
1273 1678 1388 1734 hcce
1419 1678 1597 1733 omnia
1621 1686 1781 1750 atque
1808 1679 1872 1732 iis
1898 1677 2090 1732 similia

513 1782 786 1845 prtestant.
814 1773 951 1840 Quin
992 1773 1107 1843 ipse
1135 1772 1294 1827 etiam
1322 1772 1516 1827 Paulus
1556 1771 1810 1840 prmelara
1839 1785 1934 1824 sua
1965 1769 2093 1824 faci-

508 1881 637 1920 nora
666 1879 988 1931 recensens,
1032 1865 1084 1918 in
1129 1864 1192 1919 iis
1235 1872 1291 1919 et
1328 1863 1669 1918 continentiae
1712 1861 1989 1927 meminit;
2026 1861 2092 1916 iis

507 1955 649 2010 enim
674 1955 880 2022 verbis,
907 1952 975 2007 In
999 1955 1159 2008 multa
1182 1954 1453 2024 patientia,
1481 1953 1535 2007 in
1574 1951 2009 2018 tribulationibus,
2037 1956 2089 2006 in

507 2047 904 2113 necessitatibus,
933 2047 986 2099 in
1012 2046 1280 2115 angustiis,
1309 2046 1361 2099 in
1390 2045 1584 2115 plagis,
1615 2045 1670 2098 in
1693 2044 1975 2098 carceribus
1993 2086 2008 2110 ,
2036 2045 2089 2098 in

504 2139 782 2205 laboribus,
815 2139 868 2192 in
892 2138 1241 2202 seditionibus,
1276 2139 1329 2191 in
1359 2138 1561 2207 uigiliis,
1590 2137 1643 2191 in
1658 2138 1895 2209 jejuniis,
1921 2136 2086 2203 addit,

508 2231 573 2287 lu
598 2233 824 2287 castitate
843 2231 921 2304 (2.
946 2230 1064 2287 Cor.
1088 2232 1141 2286 6.
1163 2232 1216 2286 4.
1246 2231 1300 2287 5.
1320 2232 1377 2303 6)
1406 2231 1672 2287 τριηίηἰιηε
1695 2230 1746 2286 id
1766 2231 2015 2297 facturus,
2042 2232 2087 2285 si

504 2325 705 2380 donum
736 2333 901 2381 esset.
932 2324 1042 2380 Cur
1064 2332 1241 2380 autem
1269 2334 1321 2379 et
1352 2324 1561 2379 mordet
1589 2339 1705 2378 eam
1744 2338 1850 2377 non
1882 2321 2088 2377 haben-

503 2428 604 2481 tes,
623 2416 1040 2487 intemperantes
1065 2431 1158 2471 eos
1179 2416 1410 2471 vocans?
1439 2430 1534 2470 cur
1555 2415 1643 2485 qui
1661 2415 1915 2484 virginem
1937 2429 2086 2471 suam

503 2523 611 2562 non
643 2508 850 2574 elocat,
890 2508 1086 2563 rectius
1130 2506 1292 2562 facit?
1335 2523 1430 2562 cur
1457 2507 1663 2562 beatior
1692 2507 1882 2573 vidua,
1924 2507 1971 2561 si
2009 2508 2088 2562 sic

502 2599 802 2653 manserit?
830 2598 961 2653 Nam
987 2598 1128 2667 quod
1149 2597 1258 2666 jam
1287 2597 1422 2663 dixi,
1447 2612 1551 2651 non
1584 2597 1966 2666 prodigiorum,
1992 2598 2086 2653 sed

503 2686 772 2742 actionum
798 2686 1152 2741 beatitudines
1172 2694 1313 2750 sunt,
1344 2685 1791 2756 quemadmodum
1815 2694 1872 2742 et
1892 2701 2083 2757 plenae.

499 2779 619 2847 Quo
647 2786 823 2849 pacto,
855 2777 1067 2847 inquam
1090 2817 1106 2842 ,
1142 2776 1327 2832 eadem
1354 2777 1639 2831 cohortans
1667 2787 1971 2847 perseverat
1992 2818 2008 2845 ,
2039 2778 2085 2833 si

500 2872 554 2926 id
581 2872 631 2924 in
671 2870 823 2925 nobis
854 2886 961 2925 non
989 2878 1102 2936 est,
1145 2885 1242 2925 nec
1267 2880 1387 2939 post
1414 2869 1649 2924 divinum
1689 2870 1927 2926 favorem
1957 2886 2086 2940 ope-

500 2977 617 3017 ram
651 2962 809 3017 etiam
855 2973 1091 3017 nosuam
1132 2960 1445 3017 desiderat?
1486 2961 1550 3016 Ei
1591 2961 1734 3017 enim
1782 2963 2081 3030 sententiae,

512 3051 637 3117 Volo
674 3069 843 3106 omnes
868 3053 1094 3107 homines
1133 3054 1205 3106 sic
1242 3068 1348 3107 esse
1366 3093 1381 3119 ,
1409 3062 1462 3106 ut
1491 3069 1581 3123 ego
1605 3070 1747 3119 sum,
1776 3054 2083 3110 continentes

499 3146 689 3200 iterum
706 3145 904 3212 subdit,
932 3144 1058 3198 Dico
1081 3156 1245 3199 autem
1271 3162 1369 3199 non
1398 3146 1567 3216 nuptis
1606 3155 1654 3200 et
1675 3147 1857 3211 viduis,
1880 3145 2082 3202 Bonum

497 3248 569 3294 est
598 3239 724 3306 illis,
755 3240 797 3294 si
825 3239 900 3293 sic
928 3248 1283 3310 permaneant,
1311 3248 1363 3291 ut
1389 3237 1568 3313 ego(l.
1589 3238 1703 3295 Cor.
1725 3241 1776 3293 7.
1797 3241 1848 3294 7.
1867 3239 1943 3312 8),
1979 3241 2079 3296 ite-

504 3345 619 3385 rum
643 3344 703 3384 se
729 3330 976 3399 preponit
997 3328 1186 3385 eadem
1212 3329 1279 3384 de
1300 3344 1480 3384 causa.
1500 3329 1630 3384 Nam
1657 3332 1744 3402 qui
1769 3332 2079 3402 exemplum

498 3421 757 3476 haberent
783 3420 1079 3489 proximum
1101 3428 1156 3475 et
1185 3430 1449 3491 tamquam
1475 3419 1847 3488 domesticum,
1877 3420 2081 3478 facilius

496 3513 810 3584 virginitatis
855 3514 1063 3568 labores
1106 3522 1259 3568 erant
1301 3513 1502 3568 ausuri.
1548 3512 1700 3580 Quod
1742 3512 1786 3567 si
1830 3522 1883 3568 et
1920 3527 2077 3584 Supra

497 3607 763 3675 inquiens,
805 3604 927 3660 Volo
949 3621 1120 3658 omnes
1145 3606 1218 3659 sic
1239 3620 1363 3668 esse,
1393 3612 1448 3657 ut
1470 3620 1562 3675 ego
1586 3620 1719 3668 sum,
1747 3613 1802 3659 et
1826 3603 1942 3669 hic,
1971 3602 2075 3658 Bo-

494 3713 619 3751 num
645 3705 718 3750 est
738 3738 752 3757 ,
782 3697 825 3750 si
851 3696 925 3749 sic
955 3704 1316 3765 permaneant,
1348 3702 1403 3748 ut
1430 3710 1521 3765 ego
1540 3702 1777 3760 ,1teutro
1804 3695 1922 3749 loco
1945 3709 2078 3749 cau-

494 3802 608 3842 sam
635 3787 850 3855 adjecit,
878 3802 947 3842 ne
972 3787 1202 3852 mirare;
1233 3800 1406 3855 neque
1434 3785 1575 3841 enim
1602 3786 1654 3840 id
1681 3800 1747 3840 ex
1775 3786 2078 3857 arrogantia

492 3878 649 3942 facit,
679 3876 773 3931 sed
816 3885 965 3931 ratus
1007 3877 1136 3931 satis
1174 3890 1294 3930 esse
1331 3890 1505 3931 causa:
1546 3877 1864 3933 sententiam
1902 3891 2072 3942 suam,

489 3982 592 4035 qua
623 3966 813 4021 ductus
841 3981 952 4020 rem
980 3965 1309 4037 perfecisset.

563 4056 829 4111 XXXVII.
851 4055 1045 4112 Multas
1065 4074 1172 4111 esse
1192 4058 1446 4111 molestias
1464 4057 1517 4110 in
1537 4056 1769 4113 secundis
1790 4057 2076 4127 nuptiis.—

490 4148 642 4215 Qnod
675 4149 718 4203 si
749 4150 869 4219 quis
908 4149 1143 4204 rationes
1184 4149 1343 4203 etiam
1381 4148 1646 4217 postulat,
1687 4147 1913 4218 primum
1946 4148 2072 4203 mihi

490 4224 728 4294 omnium
758 4239 1060 4295 mortalium
1085 4237 1555 4303 existimationem,
1582 4248 1689 4292 tum
1717 4253 1836 4308 qua:
1867 4238 1950 4292 hic
1975 4254 2075 4293 usu

489 4332 741 4399 veniant,
772 4330 1002 4401 indaget.
1034 4329 1167 4385 Nam
1194 4344 1314 4384 cum
1346 4327 1724 4401 legumlatores
1752 4343 1854 4385 nec
1892 4329 2078 4383 matri-

492 4421 671 4474 monia
691 4436 751 4475 ea
773 4421 1056 4489 castigent,
1079 4429 1132 4475 et
1158 4419 1467 4491 permittant
1491 4420 1651 4474 etiam
1672 4435 1735 4475 ac
1754 4420 2070 4487 concedant,

492 4510 655 4562 multa
678 4518 732 4565 et
752 4524 781 4562 a
801 4510 982 4564 multis
1004 4526 1124 4564 cum
1146 4510 1312 4577 domi,
1338 4520 1447 4565 tum
1471 4510 1523 4564 in
1546 4509 1662 4565 foro
1685 4511 1738 4565 in
1759 4526 1853 4566 eos
1869 4511 2071 4581 jactan-

491 4606 579 4653 tur
616 4598 858 4666 dicteria,
895 4600 1361 4668 reprehensiones,
1407 4600 1682 4655 maledicta
1718 4602 1953 4671 :quippe
1979 4617 2075 4657 eos

488 4704 641 4760 atque
670 4703 733 4743 ac
778 4688 1020 4759 perjuros
1046 4690 1233 4758 vulgo,
1282 4698 1339 4742 ut
1380 4693 1457 4744 sic
1495 4690 1754 4757 dixerim,
1782 4691 2068 4758 declinant,

494 4795 668 4851 neque
696 4788 789 4834 aut
813 4778 1013 4834 amicos
1045 4779 1260 4844 habere,
1285 4787 1376 4834 aut
1404 4796 1523 4835 cum
1552 4780 1615 4836 iis
1637 4789 1787 4850 pacta
1813 4791 2071 4837 conventa

492 4871 740 4939 firmare,
770 4886 941 4942 neque
967 4871 1110 4927 aliud
1137 4870 1425 4942 quidquam
1464 4872 1662 4928 audent
1687 4872 1928 4929 credere.
1972 4872 2071 4928 Et-

490 4963 632 5017 enim
664 4977 784 5018 cum
812 4976 905 5018 eos
933 4963 1112 5018 vident
1151 4971 1312 5020 tanta:
1340 4962 1737 5019 consuetudinis
1756 5004 1772 5029 ,
1800 4963 2071 5034 amicitite,

490 5052 862 5107 familiaritatis
902 5067 965 5108 ac
1001 5052 1271 5109 societatis
1313 5052 1625 5108 memoriam
1667 5066 1772 5107 tam
1816 5053 1969 5110 facile
2004 5069 2069 5110 ex

493 5144 673 5197 animo
698 5143 987 5213 deponere,
1019 5158 1080 5199 ea
1110 5144 1174 5198 iis
1199 5144 1447 5215 cogitatio
1470 5143 1753 5214 quemdam
1779 5147 1927 5216 quasi
1958 5155 2072 5202 tor-

495 5251 676 5302 porem
703 5234 948 5302 offundit,
973 5245 1029 5290 ut
1053 5250 1158 5291 non
1186 5244 1387 5292 temere
1407 5251 1500 5292 eos
1519 5236 1744 5293 candide
1768 5238 2065 5306 admittant,

494 5340 591 5382 ceu
624 5326 765 5381 leves
805 5338 964 5397 atque
994 5327 1286 5383 versatiles.
1317 5326 1504 5398 Neque
1540 5329 1610 5385 ob
1638 5330 1753 5386 haec
1779 5331 1950 5388 solum
1977 5347 2071 5388 eos

489 5426 841 5486 aversantur,
873 5419 966 5476 scd
1010 5419 1169 5475 etiam
1213 5429 1431 5489 propter
1470 5436 1648 5476 rerum
1677 5431 1947 5491 gestarum
1989 5423 2070 5479 in-

490 5506 824 5563 suavitatem.
853 5509 987 5576 Quid
1011 5511 1175 5575 enim,
1197 5524 1399 5580 quaeso,
1423 5510 1758 5579 injucundius
1780 5522 1885 5581 est,
1908 5497 2067 5584 quam

494 5607 609 5667 post
646 5612 860 5668 gravem
891 5600 1087 5655 luctum
1109 5643 1124 5669 ,
1159 5600 1429 5673 ploratus,
1472 5600 1765 5673 Iaerymas,
1797 5603 2068 5660 sordidam

490 5701 718 5754 cumam,
743 5690 943 5762 pullum
970 5694 1243 5761 amictum,
1269 5692 1443 5750 subito
1472 5691 1707 5766 plausus,
1733 5694 1834 5752 tori
1859 5696 2069 5767 nuptia-

1229 281 1287 339 s.
1327 274 1603 339 JOANNS
1640 270 2117 337 cttuYsosrom
2146 244 2481 339 Ananiae.
2510 280 3044 347 coxsras'rmor.

3679 294 3787 353 560

2211 395 2323 457 les,
2355 398 2607 466 strepitus
2647 414 2679 453 a
2724 400 2886 468 priori
2914 401 3190 469 diversus,
3234 404 3377 459 velut
3421 408 3691 463 actoribus
3734 414 3788 467 in

2207 500 2366 540 scena
2415 487 2756 555 ludentibus,
2809 506 2871 546 ac
2914 491 3017 547 hoc
3054 508 3198 548 nunc
3241 499 3779 564 reprtesentantihus:

2208 576 2339 632 Nam
2368 587 2423 633 et
2452 579 2560 634 illic
2587 581 2832 637 eumdem
2858 581 3043 638 videre
3070 593 3152 639 est
3181 585 3441 641 interdum
3472 604 3669 660 regem.
3700 594 3773 647 itt-

2207 669 2414 723 terdum
2459 670 2695 725 onmium
2745 678 3135 743 pauperrimum
3168 684 3263 731 :et
3295 676 3380 732 hic
3401 720 3417 743 ,
3448 682 3535 750 qui
3581 682 3779 750 pridetr

2204 760 2271 815 ad
2317 762 2574 816 tumulum
2613 764 2985 831 volutabatur,
3035 778 3253 837 repente
3297 771 3469 839 prodit
3514 772 3787 841 Sponsus;

2204 851 2293 922 qui
2324 867 2531 907 comam
2562 854 2824 922 vellebat,
2852 871 3063 911 rursum
3106 858 3293 913 eodem
3333 861 3504 931 capite
3530 879 3790 920 coronam

2202 952 2417 1012 gestat:
2456 945 2694 1014 dejectus
2734 961 2797 1001 ac
2838 961 3107 1013 maerens,
3155 958 3210 1003 et
3249 951 3336 1021 qui
3384 966 3526 1022 azt'pe
3573 955 3792 1023 plorans

2202 1036 2342 1106 apud
2369 1052 2464 1092 eos
2489 1039 2577 1108 qui
2609 1052 2670 1092 se
2698 1040 3108 1095 consolarentur
3133 1041 3393 1097 defuncta:
3421 1044 3603 1101 laudes
3632 1063 3790 1101 usur-

2206 1130 2382 1197 pavit,
2413 1145 2475 1184 ac
2503 1131 2662 1185 vitam
2706 1130 2807 1186 sibi
2836 1133 3045 1188 vitalem
3074 1136 3315 1203 negavit,
3352 1137 3520 1207 iisque
3547 1140 3633 1208 qtti
3666 1155 3725 1194 se
3755 1157 3790 1195 a

2202 1219 2449 1275 lamentis
2478 1220 2806 1277 abducerent
2831 1225 3157 1292 succensuit,
3189 1226 3499 1298 plerumque
3522 1230 3664 1285 inter
3687 1247 3791 1285 eos

2199 1308 2346 1380 ipsos
2376 1311 2566 1367 iterum
2610 1314 2840 1369 comitur
2879 1330 2943 1370 ac
2986 1316 3222 1383 renidet,
3273 1327 3328 1373 et
3369 1319 3537 1374 oculis
3577 1321 3787 1390 pridem

2199 1400 2638 1473 Iacrymantibus,
2662 1404 2850 1460 iisdem
2879 1406 3059 1462 ridens
3077 1423 3171 1463 eos
3196 1409 3450 1476 intuetur,
3473 1426 3535 1466 ac
3556 1428 3660 1483 quo
3684 1428 3789 1469 ore

2198 1500 2389 1547 cuncta
2419 1492 2534 1548 haec
2555 1496 2708 1565 paulo
2727 1504 2852 1552 ante
2878 1498 3173 1567 abjurabat,
3197 1514 3262 1555 eo
3283 1517 3422 1556 nunc
3445 1502 3788 1560 abblanditur

2201 1597 2265 1637 ac
2311 1584 2509 1639 salutat
2559 1600 2766 1642 omnes.
2814 1588 3064 1644 Omnium
3108 1605 3238 1645 vero
3288 1590 3651 1648 tristissimum
3695 1605 3789 1651 est

2205 1673 2402 1730 bellum
2452 1677 2632 1733 liberis
2672 1688 2907 1734 creatum
2931 1721 2948 1746 ,
2992 1681 3199 1738 liliabus
3239 1683 3530 1740 domestica
3573 1686 3783 1754 leazna;

2206 1781 2329 1820 nam
2357 1766 2407 1822 id
2435 1769 2652 1823 omnino
2681 1781 2765 1824 est
2794 1785 3040 1827 noverca.
3068 1773 3202 1827 llinc
3230 1775 3590 1844 quotidianum
3620 1777 3787 1833 dissi-

2197 1854 2343 1910 dium
2368 1865 2529 1927 atque
2564 1874 2775 1928 pugna;
2810 1858 2934 1915 hinc
2960 1860 3206 1917 inusitata
3237 1874 3288 1917 ct
3318 1863 3553 1919 insolens
3582 1865 3772 1922 adver-

2195 1962 2286 2002 sus
2328 1947 2599 2003 innoxiam
2641 1951 2987 2006 concertatio.
3030 1951 3162 2007 Nam
3200 1953 3305 2008 vivi
3348 1963 3403 2009 et
3448 1955 3680 2012 invident
3720 1967 3783 2013 et

2195 2037 2536 2106 invidentur;
2563 2055 2683 2095 cum
2706 2041 2930 2095 mortuis
2950 2042 3108 2097 etiam
3136 2043 3317 2100 hostes
3344 2047 3775 2102 reconciliantur.

2195 2132 2265 2183 At
2308 2144 2415 2185 non
2459 2130 2582 2196 hic,
2630 2132 2725 2188 sed
2771 2133 3045 2203 pulverem
3090 2118 3247 2205 atque
3296 2136 3528 2192 cinerem
3577 2137 3780 2195 invidia

2197 2220 2365 2287 petit;
2408 2221 2590 2276 odium
2623 2222 2675 2277 in
2703 2222 2973 2279 defossam
3002 2226 3207 2295 ingens,
3245 2228 3616 2295 contumelias,
3639 2243 3780 2284 con-

2193 2310 2364 2377 vicia,
2407 2313 2774 2368 accusationes
2816 2315 2865 2369 ei
2905 2332 3021 2385 qua:
3061 2317 3112 2369 in
3157 2328 3348 2371 terram
3388 2318 3642 2374 dissoluta
3680 2322 3771 2386 sit,

2197 2401 2559 2471 implacabiles
2603 2404 2893 2459 inimicitia:
2936 2420 3057 2460 cum
3105 2422 3170 2461 ea
3214 2423 3332 2477 qua:
3376 2408 3505 2463 nihil
3555 2410 3769 2465 lzeserit.

2195 2494 2331 2561 Quid
2365 2497 2597 2552 amentia
2630 2497 2728 2552 hac
2752 2507 2807 2553 et
2843 2499 3086 2557 barbarie
3116 2498 3350 2558 foedius?
3393 2502 3588 2571 lnjuria
3616 2520 3648 2559 a
3674 2504 3774 2561 de-

2195 2583 2371 2638 functa
2408 2602 2515 2640 non
2545 2587 2731 2643 affecta
2766 2606 2778 2642 :
2811 2588 2938 2658 quid
2977 2588 3118 2654 dico,
3166 2590 3354 2661 injuria
3392 2593 3622 2647 allecta?
3667 2595 3775 2650 imo

2189 2690 2321 2731 vero
2346 2679 2462 2747 ejus
2490 2678 2759 2735 laboribus
2790 2678 2970 2735 fruens
3009 2696 3071 2736 ac
3099 2681 3252 2736 bonis
3271 2684 3529 2752 gaudens,
3561 2700 3682 2739 cum
3709 2701 3771 2740 ea

2191 2767 2337 2820 velut
2382 2782 2501 2821 cum
2546 2768 2729 2823 umbra
2772 2768 3114 2840 helligerandi
3162 2770 3320 2825 linem
3354 2773 3552 2828 nullum
3600 2773 3769 2830 facit:

2188 2866 2245 2912 et
2273 2874 2390 2913 eam
2428 2876 2546 2929 quae
2575 2875 2632 2913 se
2673 2860 2805 2915 nihil
2850 2861 3083 2928 laeserit,
3135 2876 3276 2932 scrape
3316 2865 3474 2918 etiam
3527 2864 3631 2919 sibi
3671 2880 3772 2921 nec

2188 2962 2560 3019 conspectam,
2594 2952 2738 3007 mille
2764 2952 2816 3005 in
2845 2952 2957 3006 dies
2986 2953 3280 3009 maledictis
3320 2955 3570 3020 lacessit;
3612 2967 3770 3027 atque

2185 3057 2306 3098 eam
2335 3058 2451 3113 qua:
2494 3061 2598 3098 non
2629 3046 2873 3110 exsistit,
2920 3047 2973 3100 in
3020 3047 3170 3116 prole
3209 3048 3327 3118 ejus
3353 3050 3662 3118 ulciscitur;
3706 3066 3769 3108 ac

2186 3144 2374 3188 contra
2402 3150 2519 3189 eam
2550 3134 2722 3189 virum
2748 3145 2938 3199 armat,
2973 3137 3058 3191 ubi
3097 3136 3210 3207 ipsa
3249 3137 3380 3192 nihil
3413 3140 3635 3208 perlicit.
3668 3142 3765 3194 At-

2184 3239 2289 3293 que
2334 3225 2448 3279 htec
2495 3236 2670 3279 tamen
2717 3226 3020 3281 hominibus
3064 3228 3233 3282 facilia
3275 3238 3430 3298 atque
3474 3230 3765 3285 tolerabilia

2184 3324 2307 3369 sunt
2333 3315 2444 3370 visa
2470 3357 2482 3377 ,
2518 3316 2676 3371 modo
2703 3332 2770 3372 ne
2808 3317 3042 3372 libidinis
3081 3319 3413 3389 tyrannidem
3440 3320 3579 3376 ferre
3600 3337 3761 3392 coge-

2184 3417 2389 3461 rentur.
2417 3410 2487 3461 At
2522 3422 2625 3462 non
2657 3408 2805 3480 virgo
2838 3411 2902 3464 ad
2943 3409 3085 3466 hunc
3122 3410 3425 3467 conflictum
3464 3415 3762 3484 trepidavit,

2184 3513 2282 3553 nec
2307 3499 2549 3568 praelium
2575 3499 2889 3566 declinavit,
2922 3501 3063 3571 quod
3091 3502 3247 3573 vulgo
3274 3502 3406 3558 adeo
3433 3505 3766 3561 intolerabile

2182 3589 2447 3658 videatur,
2475 3590 2569 3646 sed
2596 3591 2804 3648 fortiter
2829 3594 3085 3650 resistens
3107 3603 3310 3650 natura:
3334 3595 3584 3651 insultum
3605 3598 3766 3653 susti-

2182 3683 2316 3738 nuit.
2359 3683 2489 3751 Quis
2529 3684 2688 3754 igitur
2712 3701 2830 3741 eam
2860 3702 2958 3757 pro
3000 3688 3192 3743 merito
3232 3673 3519 3760 suspiciat,
3551 3689 3765 3760 quando

2180 3775 2269 3829 alii
2297 3776 2457 3829 etiam
2488 3775 2670 3832 alteris
2721 3779 2919 3848 nuptiis
2949 3793 3083 3848 opus
3112 3779 3346 3847 habent,
3393 3796 3460 3836 ne
3498 3791 3760 3847 urantur;

2181 3864 2297 3918 haec
2327 3880 2498 3935 neque
2537 3867 2654 3921 uuis
2684 3870 2973 3924 contractis
3011 3882 3268 3940 perpetuo
3309 3883 3489 3927 sancta
3517 3882 3571 3928 et
3595 3873 3761 3929 illmsa

2179 3956 2304 4008 est?
2360 3954 2583 4024 Propter
2632 3956 2748 4012 haec
2795 3967 2849 4013 et
2902 3960 2953 4013 in
3004 3960 3189 4030 primis
3237 3972 3454 4032 propter
3496 3964 3763 4033 repositos

2183 4045 2423 4100 viduitati
2467 4046 2520 4101 in
2571 4049 2717 4104 caalis
2761 4048 3075 4116 thesauros,
3121 4051 3213 4123 qui
3256 4054 3558 4124 loquentem
3602 4054 3655 4109 in
3699 4069 3761 4111 se

2178 4136 2446 4191 Christum
2488 4138 2745 4206 haberet,
2782 4140 3036 4196 dicebat:
3076 4142 3277 4198 Bonum
3320 4155 3392 4199 est
3433 4147 3570 4211 illis,
3601 4146 3646 4199 si
3686 4148 3761 4201 sic

2178 4238 2538 4296 permaneant,
2572 4229 2699 4283 sicut
2743 4240 2792 4283 et
2834 4247 2944 4301 ego.
2995 4232 3109 4286 Non
3159 4236 3373 4303 potuisti
3402 4236 3465 4289 ad
3493 4251 3757 4291 summum

2179 4319 2398 4390 gradum
2431 4322 2792 4379 conscendere
2828 4341 2842 4379 :
2887 4334 2940 4380 at
2980 4328 3220 4395 proximo
3262 4344 3327 4383 ne
3366 4330 3599 4384 excidas.
3648 4332 3760 4384 lloc
3792 4332 3803 4343 ’

2177 4415 2294 4468 solo
2319 4415 2466 4484 virgo
2508 4416 2601 4471 tibi
2644 4426 2879 4486 priestet,
2920 4418 3064 4488 quod
3106 4419 3245 4473 illaut
3285 4420 3446 4474 libido
3486 4436 3553 4473 ne
3587 4424 3755 4476 semel

2177 4505 2393 4575 quidem
2417 4508 2768 4578 expugnavit,
2801 4518 2851 4563 te
2878 4510 3020 4577 prius
3048 4518 3344 4581 superatam
3371 4521 3628 4579 perpetuo
3656 4512 3759 4567 sub

2172 4600 2301 4669 jugo
2333 4611 2514 4655 tenere
2558 4601 2892 4671 nequiverit;
2935 4617 2998 4657 ac
3035 4613 3090 4658 tu
3135 4603 3343 4673 quidem
3384 4603 3517 4658 victa
3558 4604 3755 4669 vicisti,

2176 4692 2266 4746 illa
2308 4694 2581 4748 victoriam
2628 4693 2779 4749 clade
2827 4710 3013 4764 puram
3057 4696 3251 4761 habet,
3293 4712 3356 4752 ac
3395 4707 3567 4753 tecum
3612 4699 3758 4753 exitu

2175 4782 2458 4851 conjuncta
2491 4784 2750 4854 principio
2780 4785 2953 4841 solum
2984 4796 3220 4857 supcrat.

2247 4872 2533 4928 XXXVIII.
2582 4872 2684 4928 Cur
2736 4876 3032 4947 conjugibus
3086 4894 3269 4949 magna
3295 4877 3479 4934 solatia
3505 4920 3522 4944 ,
3576 4880 3760 4951 virgini

2176 4964 2320 5019 nulla
2366 4965 2629 5020 concedat.
2657 4995 2728 5006 —-
2771 4965 2934 5036 Igitur
2971 4969 3226 5038 conjuges
3270 4969 3558 5024 admodum
3606 4986 3756 5025 com-

2176 5054 2334 5110 mode
2382 5063 2591 5123 tractat,
2635 5055 2726 5125 qui
2786 5070 2888 5111 nec
2939 5058 3109 5113 altero
3163 5058 3373 5113 volente
3429 5075 3523 5115 eos
3576 5070 3758 5116 mutua

2175 5146 2559 5202 consuetudine
2616 5146 2928 5214 defraudet,
2990 5164 3089 5204 nec
3148 5148 3612 5206 defraudatinnem
3690 5167 3758 5206 ex

2174 5251 2439 5292 consensu
2479 5237 2687 5308 longius
2730 5238 3023 5307 producat:
3056 5239 3184 5309 quin
3211 5241 3408 5296 alteras
3447 5243 3607 5297 etiam
3653 5260 3759 5298 nu-

2175 5330 2312 5399 ptias
2339 5328 2628 5400 permittit,
2658 5331 2701 5383 si
2729 5330 2924 5395 velint,
2968 5345 3035 5385 ne
3080 5341 3324 5387 urantur.
3354 5336 3423 5389 At
3460 5334 3754 5405 virginibus

2175 5421 2379 5476 nullum
2435 5419 2736 5491 hujusmodi
2788 5420 3035 5476 solatium
3066 5423 3268 5493 pratbet
3301 5464 3315 5488 ,
3348 5423 3444 5479 sed
3487 5424 3607 5480 illos
3635 5435 3755 5481 tan-

2176 5516 2341 5586 tisper
2377 5526 2644 5575 recreatos
2686 5521 2877 5576 iterum
2902 5520 3119 5578 dimittit
3148 5541 3161 5577 :
3193 5524 3327 5578 hanc
3355 5539 3452 5580 nec
3478 5524 3753 5579 minimum

2174 5608 2525 5679 respirantem
2541 5652 2557 5678 ,
2588 5612 2681 5674 sed
2707 5611 2920 5669 assidue
2946 5629 3265 5685 pugnantem
3288 5656 3301 5680 ,
3330 5625 3457 5671 stmt
3497 5626 3757 5687 perpetuo

2181 5706 2324 5756 stare
2349 5741 2366 5768 ,
2411 5715 2473 5758 ac
2514 5702 2894 5774 cupiditatibus
2919 5706 3100 5778 impeti
3124 5748 3141 5776 ,
3174 5722 3272 5763 nec
3297 5707 3378 5764 vel
3408 5707 3629 5764 tantillis
3676 5707 3755 5764 in-
