4056 6208
213 244 293 297 561

205 357 353 413 ductis
390 351 510 406 frui.
559 350 666 406 Cur
706 349 982 404 enimnon
1036 345 1158 401 huic
1211 347 1373 401 etiam
1415 345 1587 414 dixit,
1617 347 1679 402 Si
1720 365 1774 403 se

200 466 288 502 non
322 447 554 510 continet,
582 443 741 497 nnbat
773 443 847 510 (1.
876 440 994 495 Cor.
1022 442 1076 496 7.
1111 439 1208 511 9)?
1230 438 1380 506 Quod
1433 455 1532 494 nec
1557 422 1773 495 athleta:

197 548 322 594 dicat
369 537 690 607 quisquam,
743 543 1022 603 postquam
1087 531 1313 600 disjecto
1350 531 1546 585 amictu
1611 543 1772 602 alque

200 639 363 685 unctus
388 629 438 682 in
467 627 703 683 stadium
734 625 996 696 processit
1025 665 1037 687 ,
1081 639 1245 693 seque
1273 624 1488 692 pulvere
1516 639 1774 695 consper-

198 723 286 782 sit:
311 720 403 775 Abi
439 761 464 789 ,ἢ
500 717 629 789 fuge
657 717 1065 782 adversarium;
1112 715 1206 769 sed
1248 719 1356 784 jam
1392 730 1550 787 porro
1581 729 1771 770 neces-

205 831 294 870 sum
311 817 373 868 sit
396 787 634 866 diiorum
677 811 903 864 alterum
934 850 950 875 ,
982 817 1074 862 aut
1099 818 1410 862 coronatum
1441 848 1455 873 ,
1487 817 1580 861 aut
1623 808 1771 877 deje-

206 917 314 962 etum
332 915 381 958 et
403 903 668 958 infamem
699 901 997 956 discedere.
1017 885 1150 953 Nam
1173 898 1225 952 in
1251 897 1375 952 ludo
1400 913 1461 952 ac
1483 898 1729 968 palmstra
1751 937 1768 964 ,

204 1001 270 1054 ubi
287 1013 394 1052 cum
413 995 776 1050 familiaribus
789 993 1097 1048 exercitium
1120 991 1264 1057 sit,et
1284 1006 1404 1045 cum
1420 991 1604 1046 amicis
1626 991 1772 1046 velut

200 1110 296 1149 cum
331 1090 664 1145 adversariis
708 1103 896 1142 manus
936 1094 1311 1148 conseruntur,
1353 1085 1577 1139 liberum
1608 1093 1690 1138 est
1716 1093 1770 1139 et

192 1184 436 1254 suscipere
462 1182 714 1237 laborem
732 1189 788 1234 et
812 1195 916 1233 non
939 1179 1214 1248 suscipere
1231 1194 1243 1229 :
1261 1185 1317 1232 at
1332 1177 1416 1246 qui
1442 1176 1553 1246 jam
1573 1191 1767 1231 nomen

191 1274 337 1340 dedit,
365 1282 551 1328 coacto
583 1270 860 1342 frequenti
891 1269 1087 1340 populo
1107 1310 1120 1332 ,
1142 1277 1406 1337 praesente
1423 1267 1766 1337 agonotbeta,

191 1367 478 1422 sedentibus
506 1364 912 1436 spectatoribus
935 1405 950 1429 ,
998 1362 1228 1416 adducto
1254 1371 1414 1432 atque
1439 1362 1649 1430 objucto
1670 1361 1767 1414 ad-

189 1459 435 1522 versario,
467 1458 515 1510 ei
563 1455 930 1510 certaminum
975 1454 1057 1508 lex
1116 1453 1421 1506 facultatem
1453 1453 1628 1522 eripit.
1686 1451 1767 1506 Ad

188 1552 413 1607 eumdem
462 1551 691 1606 modum
739 1559 793 1606 et
823 1548 1012 1619 virgini
1087 1548 1211 1601 dum
1270 1546 1536 1602 consultat
1579 1545 1766 1616 prius,

189 1644 470 1698 nubendum
512 1643 584 1696 sit
652 1656 859 1706 necne,
895 1648 1062 1693 tutum
1110 1648 1194 1692 est
1241 1636 1637 1691 matrimonium
1671 1654 1682 1688 :
1716 1643 1767 1690 at

191 1737 268 1791 ubi
312 1735 460 1805 elegit
512 1749 578 1788 ac
611 1733 923 1801 conscripta
967 1739 1086 1794 est,
1134 1747 1194 1785 se
1229 1731 1280 1784 in
1327 1730 1554 1784 stadium
1601 1729 1766 1784 dedit.

194 1827 367 1896 Ecquis
392 1827 548 1896 igitur
575 1825 804 1879 indictis
836 1821 1398 1892 spectaculis,(‘.hristo
1423 1820 1765 1891 agonotheta,

194 1916 371 1988 angelis
413 1931 657 1986 superne
695 1915 1057 1986 spectantibus
1083 1954 1098 1979 ,
1170 1913 1378 1967 furente
1425 1912 1637 1967 diabolo
1706 1927 1770 1966 ac

196 2009 544 2075 fremente,ad
590 2009 907 2077 luctumque
937 2006 1256 2076 complicato
1303 2014 1357 2059 et
1400 2003 1576 2059 medio
1615 2019 1766 2058 com-

193 2101 479 2172 prehenso,
539 2102 595 2155 in
698 2101 930 2155 me'lium
998 2099 1279 2169 prosiliens
1329 2099 1538 2154 edicere
1587 2099 1768 2152 ausit:

193 2195 397 2248 llostem
450 2193 611 2264 fuge,
689 2193 960 2246 laboribus
1024 2191 1351 2262 super-sede,
1411 2189 1768 2260 comprehen-

193 2290 382 2341 sionem
421 2289 610 2341 omitte
635 2327 654 2351 ,
707 2302 774 2339 ne
802 2285 1019 2354 dcjicias
1073 2299 1135 2338 ac
1184 2294 1489 2352 prosternas
1513 2282 1769 2337 adversa-

196 2380 358 2445 rium,
399 2378 489 2433 sed
539 2379 594 2433 ei
667 2378 942 2432 victoriam
995 2376 1202 2430 ecdas?
1254 2377 1320 2428 lit
1365 2375 1490 2445 quid
1539 2375 1770 2445 virgines

193 2471 314 2538 dico,
339 2485 454 2525 cum
478 2486 579 2524 nec
604 2469 798 2522 viduas
817 2468 880 2523 iis
909 2469 1086 2522 verbis
1115 2467 1268 2522 all'ari
1301 2467 1380 2520 fas
1407 2467 1511 2534 sit,
1537 2466 1630 2521 sed
1652 2467 1769 2520 illo-

192 2580 293 2619 rum
334 2565 446 2619 loco
488 2564 576 2619 his
654 2563 896 2618 terrilicis
933 2602 948 2629 ,
991 2561 1118 2616 Cum
1171 2561 1443 2617 luxuriata:
1494 2559 1679 2632 fuerint
1718 2559 1772 2612 in

191 2657 400 2722 Christo,
441 2659 645 2711 nubere
680 2655 852 2710 volunt
908 2654 1284 2708 damnationem
1327 2653 1561 2716 habentes
1585 2693 1598 2716 ,
1652 2653 1772 2721 quia

192 2752 381 2818 primani
407 2752 560 2819 [idem
593 2750 802 2802 irritant
831 2748 1057 2818 fecerunt
1086 2747 1164 2817 (l.
1196 2745 1330 2800 Tim.
1365 2747 1417 2801 5.
1467 2746 1548 2800 11.
1579 2746 1684 2801 121.

250 2839 479 2895 XXXIX.
509 2841 612 2895 Cui
640 2840 827 2904 vidum,
848 2840 928 2892 cui
944 2838 1126 2908 virgini
1149 2837 1334 2891 nubere
1361 2837 1614 2908 permittat
1639 2834 1772 2888 Pau-

189 2935 341 2989 ἔτη.-
372 2935 586 2989 Atenim
619 2948 746 2987 cum
778 2932 953 2997 dicat,
986 2930 1106 2984 Non
1138 2931 1307 3000 nuptis
1355 2938 1401 2983 ct
1431 2929 1591 2983 viduis
1621 2929 1768 2994 diro,

191 3025 368 3080 Bonum
412 3036 482 3079 est
521 3026 676 3089 illis,
709 3024 753 3076 si
777 3024 850 3077 sic
902 3030 1268 3092 permaneant,
1292 3031 1346 3074 ut
1376 3037 1466 3091 ego
1495 3036 1513 3073 :
1545 3020 1681 3092 quod
1727 3019 1772 3073 si

189 3138 277 3174 non
304 3137 354 3174 se
393 3121 667 3174 continent
715 3117 905 3170 nubant
930 3132 949 3169 :
993 3124 1044 3170 et
1074 3129 1284 3170 rursum
1315 3155 1330 3179 ,
1363 3113 1514 3179 Quod
1560 3117 1604 3166 si
1652 3112 1772 3166 dor—

191 3211 334 3264 mierit
360 3212 433 3264 rir
475 3212 620 3280 ejus,
659 3209 868 3262 liberata
892 3215 963 3261 est
987 3221 1004 3259 :
1027 3207 1109 3259 cui
1149 3205 1254 3258 vult
1290 3203 1463 3270 nubat,
1497 3212 1687 3256 tantum
1720 3203 1773 3256 in

191 3299 384 3356 Domino
414 3301 490 3373 (l.
519 3302 655 3356 Cor.
683 3301 740 3357 .7.
768 3299 823 3355 8.
849 3299 902 3356 9.
936 3298 1026 3369 59)
1053 3316 1066 3352 :
1090 3313 1254 3368 quare
1285 3312 1403 3352 eam
1431 3295 1516 3351 cui
1545 3295 1772 3350 liberum

192 3390 332 3460 facit,
359 3395 553 3449 iterum
597 3391 858 3461 castigat,
905 3397 959 3445 et
1000 3388 1222 3458 quodin
1254 3387 1482 3442 Domino
1508 3401 1628 3442 esse
1656 3401 1772 3440 ma-

191 3485 472 3540 trimonium
523 3484 692 3548 dixit,
731 3481 870 3536 idem
914 3495 1010 3536 ceu
1041 3479 1368 3551 illegitimum
1396 3478 1656 3532 damnat?
1697 3477 1775 3532 Ne

194 3590 384 3630 vereare
413 3593 426 3628 :
458 3591 571 3629 non
641 3573 781 3628 idem
807 3613 822 3637 ,
853 3571 948 3627 sed
1001 3570 1163 3624 aliud.
1203 3568 1338 3624 Nam
1383 3577 1442 3623 ut
1489 3567 1732 3638 inquiens
1754 3607 1771 3635 ,

194 3666 249 3723 Si
282 3670 441 3739 nupsit
476 3669 631 3739 virgo
657 3707 672 3731 ,
717 3681 820 3718 non
869 3663 1089 3735 peccavit
1122 3661 1226 3734 (1b.
1253 3679 1302 3716 υ.
1328 3660 1421 3731 28)
1439 3703 1455 3726 ,
1485 3675 1591 3715 non
1620 3659 1687 3714 de
1711 3675 1775 3715 ea

196 3760 403 3830 loquitur
445 3775 573 3831 qua:
632 3756 976 3811 matrimonio
1023 3753 1384 3819 renuntiavit;
1427 3751 1650 3806 evidens
1695 3759 1778 3805 est

197 3851 317 3905 enim
340 3867 452 3906 eam
473 3849 757 3922 piaculum
775 3845 1127 3912 commisisse,
1150 3855 1203 3899 et
1228 3843 1440 3914 quidem
1465 3841 1736 3897 infandum
1759 3859 1772 3896 :

195 3945 276 3997 sed
313 3945 375 3999 de
415 3960 480 4000 ea
533 3959 664 4015 qua:
700 3951 756 3997 et
784 3956 979 4011 expers
1027 3937 1352 3993 matrimonii
1387 3938 1504 4004 sit,
1543 3945 1598 3992 et
1639 3951 1776 3992 non-

193 4034 306 4089 dum
347 4038 445 4092 hoc
492 4048 591 4092 aut
646 4035 772 4090 illud
801 4034 1042 4106 elegerit,
1074 4032 1168 4088 sed
1201 4041 1470 4102 tamquam
1501 4031 1553 4085 in
1599 4032 1776 4086 medi-

194 4129 330 4185 tullio
380 4130 577 4185 harum
609 4128 992 4200 cogitationum
1029 4125 1330 4180 consistat:
1375 4125 1446 4178 ita
1485 4132 1540 4180 et
1565 4123 1778 4178 viduam

190 4221 312 4284 hic.
343 4239 462 4293 qua:
490 4225 670 4278 virum
716 4221 889 4276 solum
937 4235 1044 4274 non
1099 4219 1329 4284 habeat,
1382 4232 1556 4288 neque
1606 4217 1780 4272 adhuc

189 4317 404 4385 optione
431 4330 524 4369 sua
552 4315 804 4370 obstricta
847 4321 1128 4376 teneatur,
1177 4311 1272 4366 sed
1317 4312 1540 4366 liberum
1588 4310 1780 4365 habeat

194 4407 495 4461 alterutrum
541 4409 782 4478 eligere:
813 4406 922 4460 illic
945 4447 962 4472 ,
994 4405 1078 4459 cui
1106 4405 1365 4473 integrum
1416 4418 1521 4456 non
1563 4402 1778 4456 sitcum

195 4498 289 4551 alio
327 4514 529 4568 sponso
579 4498 892 4553 societatem
940 4497 1117 4559 coire,
1172 4493 1265 4549 sed
1328 4494 1380 4547 in
1440 4493 1780 4547 continentiae

196 4599 451 4646 certamen
494 4589 857 4646 descenderit.
888 4589 1072 4642 Potest
1116 4601 1346 4655 namque
1371 4594 1423 4640 et
1453 4584 1607 4638 vidua
1637 4599 1776 4646 eSse,

190 4692 238 4735 et
266 4683 547 4738 viduarum
589 4681 839 4751 dignitati
887 4695 994 4735 non
1033 4677 1302 4734 acccnseri
1327 4716 1342 4740 ,
1383 4677 1427 4730 si
1456 4675 1505 4729 id
1546 4674 1779 4728 nondum

191 4775 503 4843 susceperit.
553 4774 737 4844 Itaque
764 4772 971 4842 inquit,
1016 4768 1180 4822 Vidua
1217 4768 1432 4840 eligatur
1473 4782 1574 4819 non
1619 4766 1784 4818 minor

188 4868 324 4920 annis
351 4867 647 4937 sexaginta,
689 4879 806 4936 qua:
847 4864 996 4917 unius
1020 4861 1113 4916 viri
1136 4877 1264 4914 uxor
1294 4859 1444 4931 fuerit
1497 4858 1514 4889 ⁸
1547 4856 1623 4930 (1.
1649 4856 1780 4910 Tim.

188 4957 238 5010 5.
267 4958 347 5027 9).
377 4958 523 5011 Nam
572 4972 690 5027 quae
727 4955 884 5009 vidua
917 4968 1062 5009 mera
1089 4952 1198 5018 sit,
1221 4951 1271 5006 ei
1296 4993 1310 5017 ,
1341 4951 1386 5004 si
1410 4949 1537 5004 velit
1585 4949 1784 5004 nubere

189 5050 491 5117 permittit;
527 5057 585 5103 at
620 5063 738 5119 qua:
789 5056 1047 5118 perpetuo
1094 5045 1251 5100 vidua
1288 5057 1446 5113 agere
1494 5042 1606 5098 Deo
1658 5057 1785 5112 pro-

187 5143 358 5209 misit,
390 5154 567 5213 atque
590 5143 801 5197 interim
831 5141 999 5204 nubit,
1034 5155 1151 5196 eam
1178 5138 1526 5194 vehementer
1545 5137 1783 5204 damnat,

193 5248 298 5301 qua:
358 5235 536 5290 ictum
580 5248 698 5288 cum
729 5234 842 5289 Deo
884 5241 1094 5302 pactum
1144 5230 1440 5286 conculcet.
1495 5230 1609 5286 Non
1660 5245 1787 5300 ergo

194 5321 270 5378 bis
289 5365 307 5391 ,
335 5325 436 5379 sed
480 5325 593 5379 illis
616 5323 742 5379 dicit
765 5365 783 5391 ,
810 5323 957 5391 Quod
977 5323 1020 5376 si
1044 5339 1142 5376 non
1171 5338 1224 5376 se
1249 5322 1523 5386 continent,
1555 5321 1741 5375 nubant
1767 5337 1786 5376 .'

194 5417 365 5472 melius
395 5426 475 5472 est
504 5417 639 5470 enim
663 5416 850 5470 nubere
869 5457 884 5476 .
915 5432 1068 5484 quam
1107 5415 1188 5468 uri
1231 5415 1310 5484 (1.
1341 5413 1460 5468 Cor.
1489 5414 1540 5466 7.
1581 5411 1661 5482 9).
1694 5411 1790 5466 Vi-

198 5507 286 5564 des
309 5524 590 5581 nusquam
626 5524 724 5582 per
761 5524 820 5565 se
849 5508 1048 5579 suspici
1075 5506 1472 5563 matrimonium
1491 5546 1508 5575 ,
1535 5504 1630 5562 sed
1660 5518 1785 5575 pro-

205 5645 285 5752 ﬁt",
307 5645 476 5756 Burin
511 5649 627 5708 Reg.
650 5651 702 5696 In
719 5641 828 5695 aliis
847 5655 964 5695 vero
977 5643 1316 5697 desiderantur
1340 5643 1443 5692 [nec
1465 5642 1633 5704 verba,
1657 5635 1796 5692 anius

1543 234 1630 290 DE
1671 234 2131 296 VlliGlNlTA’l‘l‘l.

3363 270 3468 327 5ῧῖ

1884 364 2002 456 pter
2035 357 2444 456 fornicationem
2481 408 2495 432 ,
2549 372 2866 430 tentationes
2914 387 3072 450 atque
3102 381 3462 456 intemperati.

1885 449 2056 502 tiam?
2086 450 2214 504 Nam
2270 469 2428 524 supra
2480 457 2596 514 haec
2639 467 2817 521 omnia
2856 449 3097 527 recenset
3140 492 3153 527 :
3205 449 3291 534 hic
3337 496 3466 538 vero

1882 543 2022 608 quod
2050 559 2144 599 eos
2178 550 2429 604 conviciis
2456 553 2591 607 male
2618 557 2929 616 mulctasset
2957 605 2972 628 ,
3005 581 3216 623 rursum
3263 576 3464 642 gratio-

1881 634 2112 692 sioribus
2142 640 2318 694 verbis
2344 645 2585 700 eamdem
2634 665 2747 704 rem
2793 657 3048 723 appellat,
3086 634 3384 722 incendium
3411 679 3467 725 et

1881 728 2125 782 ardorem
2169 734 2468 791 nominans.
2521 737 2850 811 Quamquam
2916 763 3087 819 neque
3136 753 3224 810 hic
3285 762 3465 816 omisit

1881 820 2005 888 quin
2044 822 2339 879 auditorem
2388 827 2567 885 feriret
2598 847 2612 884 :
2638 849 2744 888 non
2783 838 2923 892 enim
2955 841 3128 910 dixit,
3157 846 3248 901 Sin
3292 850 3463 906 libidi~

1879 912 1964 966 nis
2002 914 2108 968 vim
2159 917 2320 971 ullam
2357 923 2624 989 sentiunt,
2655 926 2734 980 sin
2779 934 3064 988 transversi
3117 951 3344 1006 aguntur
3371 982 3387 1010 ,
3418 946 3460 999 si

1878 1019 1984 1102 non
2018 1018 2282 1102 possunt;
2334 1011 2464 1067 nihil
2517 1014 2818 1085 ejusmodi,
2849 1023 2991 1091 quod
3035 1041 3216 1081 eorum
3248 1041 3328 1085 est
3371 1036 3460 1102 qui

1876 1097 2074 1167 aliquid
2106 1099 2321 1169 dignum
2348 1106 2499 1160 venia
2538 1109 2846 1177 patiuntur;
2875 1115 2968 1169 sed
2995 1119 3118 1186 quid
3141 1121 3165 1174 ἶ)
3192 1121 3252 1175 Si
3278 1140 3332 1178 se
3360 1097 3459 1180 non

1877 1190 2134 1281 continent
2160 1208 2178 1245 :
2203 1193 2342 1262 quod
2371 1211 2553 1251 eorum
2585 1209 2666 1254 est
2689 1243 2702 1266 ,
2733 1204 2820 1271 qui
2848 1218 3065 1276 propter
3099 1211 3356 1281 ignaviam
3381 1218 3458 1270 la-

1877 1279 2066 1336 borare
2094 1283 2298 1338 nolunt.
2340 1285 2394 1340 ld
2425 1289 2564 1343 enim
2613 1291 2873 1361 significat
2899 1313 2992 1353 eos
3013 1339 3028 1364 ,
3060 1279 3249 1370 quibus
3291 1322 3378 1362 res
3407 1311 3456 1366 in

1877 1375 2121 1430 manibus
2155 1388 2329 1443 esset,
2364 1379 2711 1439 detrectando
2759 1386 2992 1444 laborem
3047 1409 3162 1447 eam
3193 1412 3296 1452 non
3333 1416 3457 1469 pcr-

1876 1464 2056 1520 ftcerc.
2079 1469 2147 1520 At
2177 1485 2244 1523 ne
2273 1470 2349 1524 sic
2395 1473 2606 1541 quidem
2661 1492 2754 1531 eos
2802 1482 2951 1548 punit
2974 1498 3037 1537 ac
3066 1464 3344 1556 suppliciis
3359 1494 3458 1547 ad-

1874 1556 1999 1610 dicit
2026 1599 2042 1623 ,
2067 1559 2161 1613 sed
2215 1561 2371 1616 laude
2406 1565 2578 1618 solum
2620 1569 2827 1635 privat,
2874 1583 3032 1642 atque
3076 1577 3129 1631 in
3171 1582 3451 1638 verborum

1877 1657 2079 1702 tantum
2117 1651 2382 1722 vituperio
2447 1655 2834 1714 vehementiam
2883 1663 3131 1734 adhibet,
3171 1669 3455 1728 liberorum

1875 1743 2295 1807 procreationem
2323 1787 2336 1809 ,
2379 1746 2708 1814 plausibilem
2742 1751 2877 1807 hanc
2910 1764 2963 1809 et
3006 1761 3301 1826 speciosam
3340 1779 3450 1818 ma-

1877 1833 2110 1887 trimonii
2150 1849 2363 1890 causam
2401 1853 2660 1909 nusquam
2703 1858 3028 1912 memorans,
3062 1849 3156 1904 sed
3184 1852 3454 1921 ardorem,

1875 1924 2366 1995 intemperantiam,
2393 1929 2796 1989 fornicationem
2828 1952 2890 1992 ac
2930 1942 3272 1997 tentationem
3318 1956 3459 2000 sata-

1875 2016 2044 2070 nicam
2070 2060 2085 2083 ,
2115 2033 2283 2088 eaque
2314 2037 2381 2076 ne
2420 2025 2716 2093 evenirent,
2747 2044 2858 2083 rem
2893 2034 3222 2100 permittens.
3249 2038 3312 2092 Et
3331 2041 3454 2109 quid

1876 2116 1985 2160 tum
2027 2111 2248 2177 postea?
2279 2111 2447 2181 inquit
2491 2131 2503 2167 :
2554 2132 2676 2170 nam
2729 2121 2984 2189 quamdiu
3013 2123 3062 2176 id
3108 2139 3136 2176 a
3191 2129 3453 2196 supplicio

1876 2199 2098 2264 liberat,
2126 2205 2368 2271 quamvis
2414 2205 2856 2276 vituperationem
2907 2229 2968 2267 ac
3009 2219 3248 2272 convicia
3303 2219 3458 2277 facile

1876 2292 2110 2347 feremus
2137 2336 2151 2358 ,
2184 2295 2310 2350 dum
2359 2297 2595 2354 deliciari
2645 2310 2803 2372 atque
2842 2307 3056 2362 assidue
3086 2310 3303 2366 libidine
3356 2313 3456 2370 frui

1879 2383 2055 2440 liceat.
2087 2385 2222 2452 Quid
2251 2404 2398 2454 vero,
2426 2389 2564 2446 bone
2593 2393 2673 2446 vir
2703 2434 2718 2458 ,
2765 2395 2808 2448 si
2865 2412 2964 2452 nec
3001 2399 3238 2455 deliciari
3289 2403 3410 2458 licet
3438 2445 3456 2471 ,

1874 2475 2244 2532 conviciumne
2289 2479 2461 2534 solum
2503 2482 2887 2552 percipiemus?
2912 2487 3015 2542 Sed
3045 2491 3343 2559 quomodo,
3372 2495 3456 2548 in-

1875 2569 2027 2638 quit,
2058 2569 2295 2625 deliciari
2323 2588 2427 2626 non
2461 2574 2620 2638 licet,
2651 2591 2771 2630 cum
2804 2579 2945 2632 dicat
2974 2581 3168 2636 Paulus
3192 2622 3208 2648 ,
3241 2583 3389 2649 Quod
3412 2585 3457 2638 si

1873 2677 1927 2715 se
1947 2678 2046 2715 non
2067 2663 2341 2730 continent,
2366 2665 2555 2719 nubant
2579 2667 2604 2720 ?
2630 2668 2764 2722 Audi
2789 2685 2949 2738 porro
2970 2688 3088 2742 quae
3109 2673 3171 2728 iis
3200 2673 3457 2730 hatreant.

1873 2752 2139 2809 Audivisti
2179 2757 2344 2811 satius
2373 2771 2492 2812 esse
2521 2760 2916 2816 matrimonium
2951 2765 3272 2821 contrahere
3295 2783 3454 2836 quam

1874 2845 2083 2900 ardere.
2138 2847 2289 2913 Quod
2345 2849 2638 2918 jucundum
2670 2861 2753 2905 est
2803 2853 3462 2925 probas,permissionem

1875 2937 2104 3005 laudas,
2149 2941 2445 3010 apostolum
2490 2942 2557 2997 de
2605 2943 2932 3014 indulgentia
2962 2947 3231 3017 suspicis:
3278 2957 3334 3004 at
3377 2950 3464 3006 hic

1873 3045 1942 3085 ne
1963 3031 2215 3096 consiste,
2240 3041 2294 3086 et
2319 3048 2436 3102 quae
2458 3042 2854 3103 consequuntur
2868 3051 3020 3104 aeque
3039 3037 3257 3092 admitte
3282 3055 3296 3091 :
3319 3039 3465 3109 ejus-

1877 3121 1998 3176 dem
2024 3123 2166 3178 enim
2196 3133 2278 3179 est
2305 3133 2591 3195 utrumque
2622 3136 2964 3196 praeceptum.
2988 3129 3123 3195 Quid
3150 3131 3310 3202 igitur
3337 3133 3463 3187 sub-

1875 3212 1996 3267 dit?
2025 3213 2334 3285 Conjugibus
2375 3227 2541 3270 autem
2571 3218 2838 3286 praecipio,
2866 3235 2967 3273 non
3014 3236 3103 3291 ego
3123 3263 3138 3286 ,
3167 3222 3255 3275 sed
3280 3221 3462 3276 Domi-

1875 3321 2003 3384 nus,
2037 3305 2179 3360 Uxor
2206 3324 2238 3360 a
2265 3308 2372 3362 viro
2413 3325 2476 3362 ne
2518 3309 2787 3363 divortium
2822 3309 2978 3383 faciat
3006 3328 3027 3366 :
3063 3313 3140 3367 sin
3193 3314 3462 3368 divortium

1875 3399 2088 3468 fecerit,
2117 3409 2316 3454 maneat
2346 3401 2560 3471 innupta
2610 3409 2698 3454 aut
2744 3402 2850 3456 viro
2895 3405 3262 3458 reconcilietur.
3287 3403 3416 3458 Item
3441 3447 3457 3472 ,

1877 3488 1956 3543 vir
1999 3503 2206 3542 uxorem
2232 3506 2294 3543 ne
2312 3489 2542 3560 repudiet
2570 3490 2645 3558 (1.
2674 3491 2791 3545 Cor.
2815 3491 2868 3545 7.
2901 3491 2982 3547 10.
3021 3491 3128 3562 ll).

1949 3581 2062 3636 XL.
2093 3581 2334 3652 Magnam
2358 3599 2466 3638 esse
2493 3593 2539 3637 et
2563 3584 2962 3638 indeclinabile»:
2989 3602 3052 3639 ex
3088 3587 3324 3657 conjugio
3353 3603 3463 3641 ser-

1877 3673 2317 3742 vitutem—Quid
2341 3683 2540 3740 autem,
2571 3674 2616 3728 si
2633 3674 2716 3727 vir
2733 3674 2902 3729 comis
2927 3684 3025 3737 est,
3047 3691 3180 3730 uxor
3202 3675 3464 3744 improba,

1880 3763 2137 3819 maledica
2158 3805 2173 3830 ,
2207 3765 2425 3836 loquax,
2457 3773 2514 3819 et
2541 3764 2682 3835 quod
2712 3779 2994 3820 commune
3023 3767 3256 3820 omnium
3281 3765 3448 3821 vitinn

1880 3863 1961 3911 est
1981 3897 1995 3919 ,
2023 3866 2333 3926 sumptuosa
2363 3895 2382 3926 ,
2412 3857 2636 3928 aliisque
2663 3859 2816 3912 malis
2847 3858 3081 3928 pluribus
3108 3857 3339 3914 referta?
3361 3873 3463 3928 quo

1880 3948 2040 4004 modo
2065 3949 2228 4005 miser
2278 3949 2372 4006 ille
2417 3949 2778 4020 quotidianam
2813 3948 2948 4004 hanc
2994 3950 3292 4006 molestiam
3316 3990 3334 4015 ,
3373 3963 3467 4004 su-

1881 4041 2118 4111 perbiam
2148 4082 2164 4108 ,
2207 4040 2594 4112 impudentiam
2659 4040 2835 4096 feret?
2880 4040 3054 4108 Quid,
3115 4041 3326 4110 inquam
3356 4081 3372 4106 ,
3423 4042 3466 4095 si

1880 4142 2066 4187 contra
2110 4131 2224 4188 haec
2252 4133 2498 4190 modesta
2536 4139 2593 4188 et
2630 4131 2812 4186 sedata
2842 4139 2957 4197 est,
2987 4131 3074 4185 ille
3119 4145 3246 4186 vero
3274 4129 3421 4184 ferox
3447 4171 3464 4195 ,

1882 4224 2146 4294 superbus
2170 4265 2186 4290 ,
2243 4223 2534 4280 iracundus
2557 4263 2572 4288 ,
2605 4224 2798 4278 animis
2841 4224 2889 4278 ei
2932 4223 3121 4293 partim
3169 4222 3420 4291 operibus
3450 4262 3465 4284 ,

1883 4315 2075 4383 partim
2133 4315 2368 4384 potentia
2418 4313 2624 4377 auctis,
2670 4313 2758 4382 qui
2826 4312 3046 4366 liberam
3115 4311 3306 4366 eodem
3353 4311 3471 4366 loco

1884 4406 2076 4461 habeat
2149 4421 2255 4476 quo
2338 4419 2585 4468 servam,
2671 4403 2842 4458 nihilo
2915 4403 2969 4457 in
3019 4417 3135 4459 eam
3198 4417 3358 4473 quam
3419 4403 3471 4457 in

1884 4497 2107 4552 famulas
2153 4497 2400 4568 a-quior?
2421 4511 2526 4565 quo
2573 4503 2728 4564 pacto
2755 4509 2872 4549 eam
2921 4495 3288 4550 necessitatem
3336 4493 3474 4547 vim-

1884 4604 1990 4660 quc
2018 4588 2293 4658 patietur?
2339 4586 2482 4654 Quid
2512 4585 2742 4656 denique
2769 4626 2784 4650 ,
2831 4585 2873 4640 si
2901 4584 2970 4639 ab
2996 4600 3058 4640 ea
3084 4585 3242 4656 plane
3269 4583 3475 4640 alienus

1886 4694 2099 4750 semper
2124 4679 2372 4734 maneat?
2409 4675 2514 4732 Fer
2535 4717 2548 4740 ,
2592 4676 2802 4746 inquit,
2834 4690 3046 4730 omnem
3079 4675 3216 4730 hanc
3243 4675 3478 4730 servitu.

1887 4781 1993 4828 tem
2019 4815 2034 4838 ,
2065 4771 2239 4828 futura
2267 4772 2488 4828 demum
2541 4769 2706 4824 libera
2746 4783 2868 4823 cum
2911 4767 3143 4823 obierit:
3177 4781 3244 4822 eo
3295 4773 3471 4821 autem

1885 4863 2010 4919 vivo
2033 4863 2258 4919 duorum
2284 4865 2520 4920 alterum
2543 4874 2763 4916 necesse
2783 4869 2866 4914 est
2887 4900 2903 4923 ,
2935 4867 3160 4914 auteutn
3190 4857 3337 4912 omni
3367 4867 3480 4911 stu-

1888 4957 1978 5012 dio
2006 4957 2176 5012 lenire
2203 4971 2267 5011 ac
2287 4953 2428 5024 frugi
2456 4952 2700 5015 reddere,
2733 4959 2824 5005 aut
2851 4950 2894 5004 si
2927 4949 2979 5004 id
3007 4949 3348 5020 deSperatum
3374 4955 3476 5011 est,

1889 5049 2207 5104 acerrimum
2239 5044 2513 5118 quoddam
2553 5042 2754 5098 bellum
2781 5052 2940 5112 atque
2982 5040 3210 5097 efferum
3237 5039 3478 5110 praelium

1891 5139 2099 5196 fortiter
2122 5140 2406 5196 sustinere.
2468 5138 2547 5191 Ac
2575 5150 2734 5205 supra
2765 5133 2995 5200 dicebat,
3050 5132 3134 5187 Ne
3187 5129 3485 5201 defraudato

1893 5233 2022 5288 alter
2082 5232 2296 5287 alterum
2324 5272 2340 5298 ,
2404 5228 2502 5282 nisi
2530 5228 2574 5282 si
2621 5227 2743 5298 quid
2779 5243 2842 5282 ea:
2867 5241 3111 5280 consensu
3161 5222 3270 5292 (Ib.
3296 5237 3344 5275 υ.
3377 5218 3479 5293 5);

1895 5324 1982 5381 hic
2001 5325 2342 5396 diremptam,
2370 5321 2454 5380 vel
2483 5320 2702 5375 invitam
2732 5333 2790 5374 se
2815 5332 2975 5390 porro
2993 5315 3144 5387 jubet
3167 5313 3441 5368 continere
3470 5330 3481 5365 :

1898 5417 2126 5485 Maneat,
2176 5417 2364 5486 inquit.
2418 5413 2661 5483 innupta,
2710 5419 2798 5464 aut
2836 5410 2941 5463 viro
2997 5405 3341 5461 reconcilietur
3381 5402 3486 5473 (Ib.

1898 5529 1945 5566 v.
1998 5511 2124 5579 11).
2179 5508 2368 5564 Videu‘
2425 5520 2545 5562 eam
2627 5505 2767 5559 inter
2837 5501 3048 5572 gemina
3099 5497 3234 5552 bella
3298 5495 3490 5565 depre-

1901 5603 2170 5660 hensam?
2199 5601 2332 5658 Nam
2393 5605 2486 5658 aut
2513 5595 2745 5653 libidinis
2791 5592 2899 5648 vim
2939 5591 3081 5648 ferre
3118 5589 3354 5658 cogitur,
3403 5598 3494 5644 aut

1907 5694 1952 5749 si
1980 5692 2030 5748 id
2060 5693 2194 5752 nolit
2223 5735 2240 5755 .
2291 5686 2675 5751 assentaudum
2722 5691 2805 5742 est
2861 5682 3058 5754 injurio
3081 5725 3094 5746 .
3126 5683 3280 5751 eique
3334 5691 3393 5731 se
3429 5677 3493 5732 ad
