4056 6208
583 353 685 408 δεῖς

583 463 831 536 quaelibet
860 456 1242 530 praebendum,
1272 469 1365 508 seu
1399 453 1566 522 plagis
1607 452 1822 506 aflicere
1870 449 1996 503 velit
2021 476 2038 513 -,
2072 464 2166 503 seu

583 553 839 609 conviciis
867 566 1094 614 vexare,
1127 562 1221 602 seu
1259 559 1539 600 vernarum
1585 544 1813 598 ludibrio
1850 556 2115 612 exponere
2149 581 2164 607 ,

583 664 676 702 seu
719 644 862 700 aliud
891 642 1016 713 quid
1048 639 1339 710 ejusmodi:
1369 637 1551 690 multm
1573 636 1714 690 enim
1755 636 1882 688 viris
1908 634 2167 690 ulciscen-

583 740 770 793 darum
809 749 1032 791 uxorum
1060 734 1158 785 via:
1187 730 1487 784 adiuventae
1512 737 1654 784 sunt.
1688 728 1818 795 Qua:
1844 726 1888 781 si
1920 740 2023 780 non
2051 741 2170 794 per-

585 830 764 889 ferat‘,
813 824 1013 894 agenda
1060 822 1382 876 infructuosa
1428 820 1753 874 continentia
1811 827 1893 872 est
1944 834 1957 869 :
2007 816 2172 870 infru-

587 930 770 973 ctuosa
797 956 813 982 ,
847 919 1058 983 inquam
1086 953 1098 973 ,
1127 927 1246 981 qua:
1287 910 1415 965 nihil
1459 908 1825 980 promissionis
1864 907 2170 977 adiunctum

587 1011 798 1063 haheat.
848 1005 1029 1077 Neque
1070 1005 1212 1058 enim
1273 1002 1640 1056 sanctimonia:
1687 999 1862 1054 studio
1927 1009 2172 1068 suscepta

586 1111 706 1161 est,
761 1097 854 1152 sed
910 1105 1126 1166 propter
1175 1094 1453 1148 dissidium
1496 1107 1616 1146 cum
1659 1092 1812 1145 viro:
1847 1105 2008 1154 nam,
2056 1089 2175 1142 Μα-

587 1198 722 1255 neat,
753 1188 955 1257 inquit,
984 1187 1199 1254 innupta
1225 1226 1238 1248 ,
1267 1194 1357 1236 aut
1394 1185 1500 1236 viro
1537 1183 1904 1236 reconcilietur.
1933 1183 2001 1234 At
2023 1180 2172 1250 quid,

588 1285 632 1338 si
668 1284 810 1341 nolet
846 1283 899 1336 in
943 1283 1167 1350 gratiam
1197 1277 1416 1332 redire?
1451 1276 1626 1330 Habes
1655 1275 1879 1329 alterum
1925 1271 2174 1342 elTugium

588 1386 748 1445 atque
778 1373 1102 1428 cvasionem.
1134 1368 1469 1439 Quamnam?
1497 1367 1626 1436 Ejus
1654 1375 1880 1420 mortem
1906 1373 2174 1436 exspecta.

592 1467 659 1523 Ut
685 1467 825 1521 enim
871 1463 1064 1532 virgini
1094 1503 1108 1528 ,
1141 1462 1222 1516 cui
1265 1475 1501 1534 perenne
1526 1461 1712 1516 vivens
1749 1467 1909 1528 atque
1959 1458 2180 1511 immor-

593 1559 712 1623 talis
741 1570 968 1626 sponsus
997 1555 1102 1620 sit,
1145 1553 1345 1607 nubere
1376 1565 1663 1620 numquam
1696 1550 1822 1604 licet
1860 1567 1874 1604 :
1909 1549 1987 1604 sic
2012 1549 2178 1602 mari-

595 1657 714 1704 tatae
743 1658 849 1702 tum
881 1647 1094 1701 demum
1115 1686 1129 1711 ,
1162 1660 1281 1698 cum
1313 1644 1394 1697 vir
1430 1643 1639 1698 abierit.
1667 1641 1799 1696 Nam
1834 1641 1878 1694 si
1908 1639 1988 1695 fas
2013 1649 2176 1704 esset,

593 1754 661 1795 eo
707 1739 864 1798 etiam
893 1738 1012 1791 vivo
1046 1736 1114 1789 ab
1151 1749 1216 1789 eo
1254 1733 1321 1788 ad
1372 1734 1532 1786 alium
1558 1774 1571 1796 ,
1630 1733 1934 1800 iterumque
1977 1731 2045 1785 ab
2090 1729 2180 1783 illo

593 1830 660 1883 ad
703 1830 862 1883 alium
899 1827 1126 1880 transire
1146 1868 1160 1891 ,
1187 1825 1313 1895 quid
1336 1825 1673 1878 matrimonio
1703 1838 1838 1895 opus
1867 1831 2029 1888 esset,
2053 1821 2181 1875 viris

597 1920 898 1990 promiscue
946 1920 1115 1972 altero
1173 1915 1393 1971 alterius
1440 1930 1608 1968 uxore
1665 1914 1970 1980 utentibus,
2023 1924 2182 1983 atque

597 2027 716 2067 cum
743 2011 989 2065 omnibus
1015 2007 1370 2063 coeuntibus?
1400 2005 1516 2073 Quo
1543 2015 1699 2076 pacto
1751 2016 1930 2060 autem
1977 2021 2083 2060 non
2130 2015 2185 2060 et

597 2105 831 2159 studium
879 2117 1005 2172 erga
1057 2100 1463 2155 contubernales
1518 2099 1755 2169 periret,
1811 2097 1915 2151 hoc
1983 2097 2178 2163 hodie,

595 2210 715 2250 cras
745 2195 871 2260 illo,
902 2208 965 2247 ac
992 2207 1200 2247 rursum
1234 2191 1340 2247 alio
1375 2205 1494 2244 cum
1526 2205 1712 2245 eorum
1743 2206 1907 2244 uxore
1956 2205 2182 2244 consue-

598 2285 908 2341 sceutibus?
960 2284 1144 2338 Merito
1173 2282 1224 2336 id
1257 2282 1510 2335 Dominus
1537 2280 1852 2335 adulterium
1883 2280 2110 2334 vocavit.

672 2375 810 2431 XLI.
838 2374 942 2430 Cur
969 2373 1167 2430 Judais
1219 2373 1516 2426 concesserit
1560 2371 1700 2426 Deus
1738 2372 1936 2441 repudii
1965 2372 2187 2426 libellum

601 2466 808 2535 offerre.
833 2496 906 2506 —
927 2465 1035 2520 Cur
1061 2465 1218 2534 igitur
1242 2463 1292 2517 id
1317 2463 1516 2518 ludatis
1546 2463 1823 2532 permisit?
1862 2462 1941 2517 Ne
1961 2463 2100 2519 inter
2127 2477 2186 2518 se

599 2558 951 2636 confligerent
977 2604 992 2627 ,
1033 2571 1102 2610 ne
1153 2571 1386 2628 cognato
1415 2563 1680 2632 sanguine
1701 2556 1844 2612 azdes
1865 2572 1997 2615 suas
2035 2570 2185 2615 com-

604 2656 832 2725 plerent.
861 2653 1004 2707 Cedo
1033 2653 1196 2716 enim,
1225 2659 1404 2704 utrum
1435 2651 1718 2718 priestabat
1741 2692 1757 2718 ,
1779 2651 2005 2706 invisam
2027 2652 2188 2709 domo

602 2746 782 2815 exigi,
843 2760 909 2798 an
958 2744 1095 2797 intra
1136 2741 1367 2811 parietes
1418 2741 1683 2811 jugulari,
1734 2740 1874 2811 quod
1903 2741 2183 2810 fecissent,

604 2838 652 2892 si
678 2853 782 2891 non
814 2837 893 2890 eis
913 2835 1108 2905 ejicere
1137 2835 1415 2888 licuisset?
1445 2835 1621 2903 itaque
1663 2833 1850 2904 inquit,
1885 2834 1948 2889 Si
1975 2836 2190 2890 inrisam

602 2930 771 2996 habes,
802 2927 1200 2996 dimitte'(Deut.
1233 2926 1323 2981 24.
1362 2924 1436 2997 1).
1469 2926 1538 2979 At
1567 2934 1895 2992 mansuetos,
1925 2935 1980 2981 et
1998 2928 2190 2997 quibus

605 3036 706 3077 nec
749 3020 904 3075 irasci
959 3019 1263 3090 permittat,
1321 3017 1597 3087 alloquens
1626 3016 1746 3071 ait:
1779 3016 1877 3072 Sin
1918 3018 2189 3074 divortium

603 3112 794 3186 fecerit,
824 3109 1000 3164 cwlebs
1024 3117 1224 3162 maneto
1263 3108 1340 3177 (1.
1370 3107 1488 3162 Cor.
1521 3108 1572 3161 7.
1606 3109 1716 3176 Ml.
1760 3107 1922 3163 Vides
1951 3111 2188 3166 necessi-

603 3213 803 3269 tatem,
831 3200 1188 3257 inevitabilem
1233 3200 1541 3254 servitutem
1571 3240 1586 3266 ,
1631 3207 1685 3254 et
1726 3198 1995 3254 vinculum
2047 3201 2191 3271 quod

603 3305 890 3364 utrumque
933 3290 1295 3362 constringit?
1338 3289 1479 3346 Vere
1518 3290 1660 3345 enim
1707 3291 1974 3346 vinculum
2005 3293 2190 3346 matri-

603 3389 841 3443 monium
870 3392 982 3453 est,
1010 3400 1117 3438 non
1146 3383 1322 3438 solum
1367 3393 1584 3453 propter
1617 3382 2035 3438 sollicitudinum
2081 3393 2193 3438 tur-

606 3479 727 3534 bam
756 3493 819 3532 ac
857 3475 1194 3547 quotidianas
1223 3475 1512 3541 molestias,
1557 3474 1651 3530 sed
1679 3475 1838 3529 etiam
1877 3475 2020 3545 quod
2062 3491 2194 3532 con.

607 3573 756 3643 iuges
800 3571 988 3641 quovis
1039 3584 1197 3624 servo
1247 3570 1462 3640 gravius
1507 3570 1732 3625 invicem
1781 3571 1971 3641 subjici
2014 3582 2188 3643 cogat.

614 3663 726 3730 Vir,
754 3663 961 3732 inquit,
996 3662 1144 3715 uxori
1190 3660 1480 3715 dominetur
1530 3660 1682 3732 (Gen.
1723 3663 1777 3718 5.
1808 3662 1923 3733 16).
1949 3667 2022 3717 At
2073 3663 2199 3734 quis

611 3755 727 3826 ejus
767 3753 989 3808 dominii
1037 3768 1166 3807 usus
1204 3753 1333 3808 est?
1375 3768 1496 3808 nam
1532 3753 1764 3808 vicissim
1803 3768 1926 3809 eum
1975 3769 2192 3810 servum

607 3847 773 3904 eflicit
810 3846 928 3916 ejus
955 3846 1038 3900 cui
1081 3845 1349 3915 imperet,
1404 3860 1537 3900 nova
1586 3845 1815 3916 quadam
1855 3855 1910 3902 et
1957 3847 2192 3902 inaudita

609 3939 904 4006 excogitata
933 3937 1369 4007 compensatione
1415 3937 1691 3992 servitutis
1720 3955 1734 4005 ;
1764 3953 1827 3994 ac
1868 3941 2018 4007 quasi
2050 3939 2192 4012 fugi-

610 4030 837 4082 tivorum
875 4028 1040 4098 pedes
1067 4036 1122 4082 et
1161 4029 1385 4082 seorsim
1422 4028 1614 4096 vincti,
1655 4039 1708 4083 et
1735 4045 1944 4086 rursum
1971 4031 2110 4088 inter
2135 4049 2193 4090 se

604 4123 796 4191 exigua
833 4120 1061 4191 quadam
1101 4129 1288 4176 catena
1317 4119 1520 4190 bicipiti
1551 4123 1818 4192 utrimque
1871 4123 2070 4193 pedicis
2116 4127 2194 4182 af-

611 4214 715 4268 tisia
768 4213 1084 4279 constricti,
1137 4211 1278 4267 haud
1322 4227 1453 4268 sane
1502 4212 1671 4268 libere
1717 4214 1919 4286 ingredi
1957 4225 2189 4286 queant,

602 4305 752 4378 quod
789 4307 926 4361 alter
962 4305 1191 4360 alterum
1225 4305 1480 4376 consequi
1519 4315 1778 4376 cogantur
1807 4325 1820 4361 :
1850 4307 1916 4362 ad
1946 4308 2193 4364 eumdem

607 4399 824 4454 modum
855 4409 909 4454 et
933 4399 1218 4470 coniugum
1245 4407 1454 4454 mentes
1472 4439 1487 4465 ,
1515 4413 1636 4455 cum
1662 4400 1893 4469 privatas
1920 4415 2074 4456 curas
2102 4401 2194 4455 ha-

605 4490 767 4556 bent,
793 4500 902 4544 tum
933 4490 1034 4544 alia
1061 4489 1380 4544 necessitate
1417 4490 1577 4544 etiam
1599 4506 1666 4546 ex
1697 4500 1874 4547 mutua
1895 4493 2193 4563 colligatio-

609 4597 679 4636 ne
705 4588 971 4644 tenentur,
1003 4595 1120 4649 quae
1143 4593 1236 4634 eos
1265 4580 1411 4634 omni
1441 4588 1626 4636 catena
1657 4583 1854 4638 arctius
1874 4583 2118 4654 stringat,
2141 4592 2196 4639 et

607 4672 822 4740 utrique
846 4670 1144 4726 libertatem
1176 4671 1399 4740 eripiat,
1431 4671 1572 4741 quod
1606 4674 1692 4726 uni
1725 4673 2006 4742 imperium
2035 4689 2195 4730 onme

609 4780 718 4820 non
771 4763 1084 4829 tradiderit,
1123 4763 1217 4818 sed
1279 4763 1394 4834 ejus
1447 4773 1762 4833 potestatem
1813 4766 1864 4819 in
1913 4774 2195 4836 utrumque

610 4857 921 4927 dispertitus
949 4856 1036 4910 sit.
1071 4855 1172 4911 Ubi
1206 4864 1330 4911 sunt
1357 4857 1514 4928 igitur
1548 4857 1638 4927 qui
1688 4858 1855 4927 parati
1891 4869 2014 4913 sunt
2041 4860 2194 4914 volu-

614 4949 775 5019 ptatis
817 4944 990 5003 solatii
1029 4961 1188 5002 causa
1235 4962 1449 5003 omnem
1498 4947 1997 5004 condemnationem
2039 4951 2196 5020 pati?

614 5041 797 5111 Neque
833 5040 976 5094 enim
1003 5054 1189 5109 parum
1229 5038 1296 5094 de
1339 5039 1612 5109 voluptate
1650 5039 1898 5107 decedit,
1929 5041 2195 5098 interdum

612 5133 812 5189 mutuis
850 5132 987 5186 odiis
1019 5147 1081 5186 ac
1106 5130 1340 5186 dissidiis
1382 5133 1434 5186 in
1463 5132 1679 5202 longum
1720 5138 1930 5202 tempus
1955 5133 2197 5189 duranti-

612 5229 730 5283 bus.
767 5225 904 5293 Quin
931 5239 994 5279 ea
1041 5239 1250 5294 quoque
1275 5224 1535 5291 servitus,
1567 5231 1624 5278 ut
1672 5223 1890 5280 alterius
1937 5226 2196 5296 improbi-

614 5329 694 5371 tas
716 5317 868 5371 alteri
896 5315 978 5368 vel
1009 5315 1173 5368 invito
1202 5313 1420 5369 ferenda
1450 5314 1520 5367 sit
1541 5354 1555 5375 ,
1589 5315 1720 5370 satis
1762 5325 1846 5370 est
1889 5325 1946 5370 ut
1975 5318 2197 5373 delicias

615 5424 803 5463 omnes
833 5408 1098 5463 obliteret.
1147 5407 1330 5476 Itaque
1375 5406 1564 5460 beatus
1606 5407 1695 5462 ille
1752 5408 1983 5463 libidinis
2027 5410 2199 5480 impo-

617 5503 837 5558 tentiam
867 5503 1090 5572 primum
1123 5499 1326 5569 asperis
1357 5499 1461 5553 illis
1489 5499 1665 5555 verbis
1695 5505 1952 5569 repressit
1982 5510 2199 5572 propter

614 5595 1022 5650 fornicationem
1044 5636 1059 5661 ,
1092 5593 1550 5662 intemperantiam
1593 5600 1648 5646 et
1671 5592 1923 5658 ardores;
1957 5594 2049 5649 sed
2076 5609 2197 5649 cum

615 5685 822 5740 videret
850 5684 1007 5754 vulgd
1042 5699 1160 5738 eam
1201 5681 1699 5738 condemnationem
1753 5697 1784 5737 a
1814 5684 1997 5739 multis
2047 5683 2200 5740 ﬂocci

617 5776 733 5835 ﬁeri
764 5819 779 5845 ,
819 5774 959 5848 quod
1003 5773 1068 5830 ad
1098 5773 1473 5831 deterrendum
1527 5771 1794 5831 efﬁcacius
1847 5783 1990 5830 esset
2029 5773 2194 5832 addit.

1325 343 1380 398 S.
1420 337 1696 396 JOANNIS
1733 314 2204 391 CHRYSOSTOMI
2243 332 2559 388 AliClllEP.
2601 333 3136 391 CONSTANTINOP.

3765 338 3878 395 56S

2277 448 2400 504 Ideo
2438 448 2682 518 discipuli
2727 449 2898 505 coacti
2951 460 3075 504 sunt
3117 450 3332 517 dicere,
3367 449 3487 504 Non
3539 452 3743 521 expedit
3771 467 3879 506 ιιι-ς

2275 540 2387 593 bere
2415 539 2622 610 (Matth.
2657 540 2743 596 19.
2775 541 2888 605 10).
2918 541 2972 595 ld
3000 553 3177 596 autem
3205 553 3288 597 est
3311 581 3327 607 ,
3355 543 3633 612 coniugem
3661 543 3878 597 nullum

2276 633 2357 688 sui
2393 648 2513 688 esse
2556 633 2712 703 juris.
2745 633 2929 704 Neque
2977 635 3028 689 id
3085 634 3454 689 hortahundus
3504 646 3558 690 et
3598 647 3876 701 tamquam

2277 724 2562 779 consulens
2607 724 2842 794 profert,
2875 724 2967 778 sed
2996 726 3308 794 przecipiens
3339 741 3400 779 ac
3427 725 3710 781 mandans.
3735 725 3877 780 Nam

2280 817 2680 869 matrimonium
2705 814 3023 870 contrahere
3066 826 3155 870 aut
3184 830 3288 869 non
3336 816 3656 871 contrahere
3707 833 3879 886 penes

2281 925 2379 964 nos
2411 917 2493 962 est
2517 927 2528 961 :
2553 924 2671 979 qua:
2699 909 3092 967 matrimonium
3123 921 3524 979 consequuntur
3546 953 3562 975 ,
3591 926 3696 964 non
3718 912 3875 972 item;

2280 999 2375 1054 sed
2417 1001 2643 1054 velimus
2679 1000 2910 1054 nolimus
2951 1000 3162 1055 ferenda
3195 1002 3426 1055 servitus
3455 1010 3556 1056 est.
3585 1000 3723 1070 Quid
3761 1002 3874 1056 ita?

2281 1090 2434 1156 Quod
2460 1107 2566 1144 non
2614 1091 2766 1146 inscii
2794 1106 2910 1145 eam
2959 1092 3189 1160 primum
3235 1090 3569 1160 suscepimus
3592 1133 3606 1157 ,
3637 1090 3734 1145 sed
3790 1092 3878 1146 vel

2284 1181 2448 1252 probe
2495 1183 2612 1251 ejus
2655 1181 2773 1252 jura
2821 1191 2981 1254 atque
3019 1183 3163 1253 leges
3212 1192 3494 1251 tenentes,
3539 1193 3731 1252 sponte
3777 1187 3879 1238 sub

2279 1274 2461 1345 jugum
2505 1289 2604 1329 nos
2646 1273 2987 1344 subjecimus.
3019 1275 3096 1330 Ac
3122 1283 3302 1344 postea
3333 1275 3402 1330 de
3455 1277 3521 1330 iis
3575 1277 3831 1346 loquutus
3860 1319 3875 1339 ,

2285 1365 2374 1435 qui
2409 1363 2652 1419 infideles
2685 1380 2877 1419 uxores
2908 1365 3186 1431 haberent,
3224 1381 3514 1434 omnesque
3552 1368 3876 1422 matrimonii

2287 1456 2428 1525 leges
2469 1466 2716 1511 accurate
2765 1467 3149 1526 persequutus,
3226 1457 3505 1528 interjecta
3571 1459 3638 1513 de
3703 1461 3877 1513 servis

2286 1545 2673 1615 disputatione,
2705 1554 2862 1616 atque
2889 1548 2954 1602 iis
2989 1589 3003 1614 ,
3033 1546 3173 1617 quod
3215 1548 3426 1604 abunde
3471 1549 3663 1604 solatio
3690 1562 3838 1606 esset
3859 1593 3874 1617 ,

2287 1638 2535 1702 monitis,
2583 1639 2960 1708 ingenuitatem
2987 1640 3284 1709 spiritalem
3339 1655 3400 1694 ea
3453 1642 3714 1697 servitute
3766 1659 3870 1695 nou

2289 1729 2528 1783 imminui
2553 1769 2567 1795 ,
2601 1731 2772 1799 pergit
2807 1729 2875 1784 ad
2905 1743 3204 1785 Sermonem
3232 1731 3298 1784 de
3330 1731 3635 1801 virginitate
3663 1775 3678 1798 ,
3711 1749 3869 1804 quem

2290 1820 2491 1889 pridem
2539 1820 2875 1890 parturiebat
2903 1836 2966 1876 ac
3013 1837 3193 1877 serere
3217 1824 3524 1893 satagebat,
3571 1840 3714 1880 nunc
3758 1828 3874 1880 eni—

2289 1920 2407 1966 lens
2433 1929 2446 1972 ;
2478 1913 2577 1966 etsi
2599 1928 2720 1966 eum
2749 1927 2848 1967 nec
2873 1913 2941 1968 de
2970 1915 3308 1970 matrimonio
3334 1915 3605 1970 disserens
3625 1919 3876 1972 sustinuit

2290 2004 2500 2058 silentio
2543 2005 2838 2074 praeterire.
2870 2005 3002 2060 Nam
3033 2007 3267 2062 breviter
3306 2007 3394 2064 ille
3421 2009 3637 2079 quidem
3680 2018 3734 2063 et
3763 2008 3874 2064 obi-

2292 2105 2393 2164 ter,
2424 2097 2520 2153 sed
2553 2106 2730 2153 tamen
2763 2099 2810 2154 ei
2838 2115 3050 2170 quoque
3076 2099 3430 2156 exbortationi
3458 2118 3580 2157 eum
3611 2101 3872 2158 intexuit:

2291 2198 2452 2258 atque
2471 2203 2533 2244 ea
2562 2189 2922 2259 pulcherrima
2967 2193 3173 2248 ratione
3208 2207 3366 2248 aures
3395 2203 3604 2249 nostras
3647 2203 3702 2250 et
3731 2195 3877 2264 inge-

2294 2281 2437 2334 nium
2457 2291 2704 2352 tanquam
2727 2297 3028 2351 praeparans
3043 2299 3104 2338 ac
3125 2285 3500 2353 praemolliens,
3519 2287 3742 2340 orationi
3761 2285 3879 2342 facis

2295 2371 2397 2426 lem
2413 2372 2610 2426 aditum
2630 2373 2846 2427 molitur
2861 2385 2980 2442 post
3000 2375 3421 2430 exhortationem
3440 2377 3507 2431 ad
3525 2392 3728 2432 servos.
3744 2377 3874 2434 Nam

2296 2465 2484 2534 pretio,
2536 2463 2734 2541 inquit.
2771 2467 2926 2542 empti
2949 2467 3068 2524 estis
3098 2483 3117 2520 :
3139 2469 3300 2523 nolite
3322 2469 3431 2543 fieri
3456 2471 3585 2529 servi
3621 2470 3879 2528 hominum

2298 2560 2376 2630 (l.
2400 2562 2516 2615 Cor.
2550 2563 2601 2615 7.
2625 2562 2738 2631 ‘25).
2773 2562 2980 2617 Domini
3009 2563 3160 2618 nobis
3188 2563 3449 2620 beneﬁcio
3478 2565 3528 2618 in
3564 2566 3878 2620 memoriam

2296 2660 2565 2715 revocato,
2577 2653 2917 2723 omniumque
2939 2652 3204 2708 mentibus
3219 2668 3284 2708 eo
3301 2654 3495 2708 erectis
3515 2653 3567 2708 in
3585 2655 3886 2725 caelumque

2296 2742 2519 2797 sublatis
2541 2784 2557 2811 ,
2598 2742 2665 2797 de
2693 2744 2995 2815 virginitate
3021 2744 3435 2814 disputationem
3475 2745 3691 2800 demum
3737 2747 3883 2802 inse-

2296 2834 2366 2888 rit
2411 2833 2494 2889 bis
2545 2834 2769 2890 verbis:
2803 2835 2881 2890 De
2925 2836 3200 2907 virginibus
3233 2848 3399 2891 autem
3443 2839 3654 2892 Domini
3699 2855 3887 2906 prarcev

2298 2932 2438 2994 ptum
2468 2941 2569 2978 non
2612 2925 2768 2980 habeo
2787 2968 2802 2994 ,
2832 2926 2922 2980 sed
2953 2928 3222 2982 consilium
3271 2928 3358 2995 do,
3401 2939 3654 2999 tamquam
3685 2930 3886 2984 miseri-

2297 3016 2522 3069 cordiam
2566 3028 2900 3087 consequutus
2926 3034 2956 3069 a
2976 3017 3198 3076 Domino
3217 3061 3231 3085 ,
3261 3028 3318 3072 ut
3347 3019 3443 3073 sim
3475 3020 3640 3088 ﬁdelis
3665 3020 3740 3093 (l.
3763 3017 3886 3076 Cor.

2299 3105 2352 3173 7,
2377 3106 2495 3177 25).
2523 3108 2624 3172 At,
2657 3110 2745 3179 qui
2785 3110 2852 3164 de
2884 3109 3056 3165 fidelis
3085 3127 3204 3166 cum
3248 3109 3446 3167 infideli
3475 3113 3722 3182 conjugio
3759 3128 3888 3182 pra:-

2297 3209 2510 3268 ceptum
2550 3201 2676 3254 item
2728 3217 2832 3255 non
2885 3202 3142 3271 haberet,
3193 3219 3384 3274 magna
3435 3206 3756 3261 auctoritate
3806 3207 3880 3262 ita

2298 3291 2506 3348 sancit:
2540 3290 2743 3347 Creteris
2792 3303 2958 3347 autem
2984 3311 3074 3366 ego
3125 3296 3319 3360 scribo,
3357 3313 3458 3350 non
3506 3296 3754 3354 Dominus
3779 3314 3798 3353 :
3825 3300 3888 3355 Si

2297 3383 2412 3454 quis
2437 3387 2594 3455 frater
2630 3400 2841 3438 uxorem
2884 3387 3027 3440 habet
3073 3387 3373 3455 inﬁdelem;
3416 3398 3464 3442 et
3509 3390 3614 3444 hac
3643 3393 3888 3446 consentit

2299 3474 2524 3532 habitare
2551 3491 2665 3530 cum
2705 3477 2796 3530 illo
2818 3519 2833 3542 ,
2877 3494 2977 3531 non
3033 3477 3288 3544 dimittat,
3320 3479 3464 3534 illam
3500 3479 3604 3551 (Ib.
3630 3494 3760 3534 vers.
3781 3478 3891 3546 12).

2299 3567 2406 3623 Cur
2430 3583 2534 3622 non
2578 3568 2738 3639 igitur
2763 3576 2818 3624 et
2854 3569 2922 3625 de
2945 3569 3238 3640 virginibus
3267 3571 3447 3627 itidem
3493 3572 3715 3627 sciscis?
3743 3573 3881 3639 Quia

2307 3659 2410 3716 hoc
2437 3658 2680 3716 Christus
2710 3662 2882 3732 palam
2917 3663 3212 3729 constituit,
3231 3673 3417 3719 vetans
3459 3681 3576 3720 eam
3599 3681 3711 3720 rem
3736 3682 3883 3736 pra:-

2298 3757 2437 3827 cepti
2467 3758 2789 3814 necessitate
2814 3757 3045 3813 deﬁniri.
3079 3758 3208 3814 Illud
3255 3774 3484 3830 namque
3512 3801 3528 3826 ,
3577 3759 3678 3825 Qui
3723 3770 3889 3830 potest

2300 3865 2518 3920 capere,
2558 3850 2765 3921 capiat,
2820 3849 3042 3905 liberam
3095 3850 3325 3905 auditori
3379 3853 3647 3923 optionem
3686 3854 3890 3908 condo-

2301 3944 2478 3997 nantis
2521 3951 2624 3996 est.
2657 3941 2843 4011 Itaque
2889 3942 2958 3996 de
3011 3943 3337 3998 continentia
3375 3943 3668 4008 disserens,
3712 3943 3843 4001 Volo
3871 3988 3888 4012 ,

2303 4031 2516 4101 inquit,
2559 4047 2732 4086 omnes
2762 4032 2988 4086 homines
3016 4033 3088 4087 sic
3115 4049 3221 4089 esse
3247 4077 3263 4102 ,
3308 4045 3361 4089 ut
3398 4051 3490 4106 ego
3537 4052 3679 4102 sum,
3718 4039 3890 4090 conti-

2301 4134 2473 4177 nentes
2499 4124 2578 4193 (1.
2601 4122 2721 4179 Cor.
2751 4125 2802 4180 7.
2838 4123 2892 4197 7)
2924 4142 2937 4190 ;
2970 4135 3026 4180 et
3053 4141 3266 4181 rursum
3291 4167 3309 4194 ,
3338 4125 3577 4198 Innuptis
3628 4142 3799 4184 autem
3827 4149 3893 4187 ac

2301 4214 2466 4268 viduis
2496 4215 2608 4268 dico
2635 4213 2874 4270 :Bonum
2917 4227 2992 4271 est
3017 4217 3120 4272 illis
3149 4258 3165 4283 ,
3211 4218 3256 4272 si
3301 4219 3374 4272 sic
3418 4231 3782 4289 permaneant,
3836 4235 3894 4277 ut

2302 4321 2392 4376 ego
2445 4303 2550 4375 (ιδ.
2582 4320 2632 4358 υ.
2659 4305 2737 4375 8).
2762 4306 2831 4360 At
2861 4321 2967 4362 non
3011 4307 3062 4361 in
3091 4319 3339 4362 sermone
3368 4307 3435 4362 de
3469 4309 3770 4379 virginitate
3800 4327 3897 4367 us--

2302 4413 2458 4466 quam
2481 4412 2539 4451 se
2563 4398 2611 4450 in
2635 4398 2934 4467 exemplum
2955 4397 3201 4454 adducit:
3222 4398 3446 4469 ideoque
3459 4400 3742 4455 admodum
3769 4419 3892 4458 mo-

2302 4487 2454 4542 deste
2482 4497 2640 4558 atque
2668 4499 2824 4544 caute
2871 4489 3133 4560 loquitur,
3174 4492 3264 4560 qui
3289 4506 3390 4546 nec
3434 4491 3549 4562 ipse
3577 4507 3638 4546 ea
3667 4493 3895 4560 perfun-

2302 4587 2419 4634 ctus
2446 4587 2608 4634 esset.
2649 4579 2968 4650 Prwceptum
2992 4623 3006 4646 ,
3039 4582 3247 4652 inquit,
3275 4599 3380 4637 non
3431 4583 3610 4638 habeo.
3649 4583 3894 4641 Primum

2303 4687 2612 4742 proponens
2639 4673 2910 4743 optionem
2942 4674 3264 4731 benevolum
3316 4677 3493 4732 reddit
3539 4677 3842 4732 auditorem
3871 4723 3883 4744 ,

2304 4773 2416 4820 tum
2454 4767 2735 4822 consilium
2784 4767 3017 4838 subjicit.
3066 4768 3332 4836 Quoniam
3383 4771 3527 4826 enim
3569 4770 3897 4841 virginitatis

2304 4869 2497 4911 nomen
2532 4857 2794 4927 prolatum
2823 4858 3066 4928 protinus
3105 4860 3374 4930 ingentem
3413 4860 3650 4917 laborem
3701 4860 3896 4920 decla-

2303 4956 2422 5015 ret,
2461 4947 2582 5003 ideo
2617 4963 2722 5003 non
2753 4950 2931 5003 statim
2962 4950 3027 5004 ad
3065 4950 3487 5007 cohortationem
3519 4968 3578 5008 se
3617 4954 3844 5007 contulit
3877 4998 3892 5019 ,

2304 5039 2398 5094 sed
2424 5041 2722 5096 auditorem
2777 5041 2922 5110 prius
2951 5042 3166 5111 optione
3208 5042 3504 5107 deliniens,
3540 5043 3762 5113 ejusque
3807 5045 3892 5098 in.

2303 5133 2518 5203 genium
2546 5134 2692 5189 cicur
2715 5149 2778 5189 ac
2818 5135 3093 5212 tractabile
3125 5135 3355 5190 reddens
3379 5176 3393 5200 ,
3425 5136 3494 5190 ita
3522 5136 3736 5190 demum
3769 5153 3894 5204 pro-

2304 5225 2472 5294 ponit.
2515 5224 2721 5280 Audisti
2750 5225 3104 5296 virginitatem
3125 5267 3140 5291 ,
3184 5242 3376 5280 nomen
3425 5227 3573 5281 multi
3605 5226 3802 5281 laboris
3829 5244 3895 5284 ac

2305 5315 2513 5370 sudoris
2539 5334 2550 5369 :
2581 5332 2649 5372 ne
2674 5326 2881 5381 metue;
2915 5333 3018 5370 non
3046 5328 3369 5388 przeccptum
3398 5317 3606 5388 agitur,
3637 5327 3729 5371 aut
3750 5319 3897 5386 jussi

2307 5409 2596 5464 necessitas
2620 5450 2632 5471 ,
2663 5408 2756 5462 sed
2796 5423 2890 5463 eos
2929 5409 3016 5478 qui
3059 5423 3117 5463 se
3154 5409 3395 5464 volentes
3446 5420 3606 5479 atque
3660 5409 3897 5467 libenter

2308 5501 2696 5566 amplectantur
2725 5541 2738 5563 ,
2781 5500 2871 5554 illa
2902 5501 3012 5554 suis
3055 5499 3212 5555 bonis
3240 5509 3618 5556 remuneratur
3642 5540 3656 5565 ,
3699 5515 3894 5556 eorum

2307 5593 2464 5663 capiti
2492 5591 2821 5662 splendidam
2844 5609 2905 5648 ac
2931 5591 3148 5648 ﬂoream
3173 5610 3426 5650 coronam
3454 5597 3771 5666 imponens;
3798 5597 3890 5667 qui

2307 5695 2557 5739 recusent
2608 5699 2771 5754 seque
2813 5684 3114 5741 adsciscere
3167 5686 3376 5754 nolint,
3438 5702 3538 5741 nec
3589 5689 3740 5760 punit
3791 5701 3894 5743 nec

2311 5776 2504 5830 invitos
2532 5775 2690 5845 cogit.
2731 5774 2912 5837 Ncaue
2940 5790 3004 5832 eo
3031 5777 3201 5833 solum
3227 5779 3520 5836 orationem
3558 5789 3760 5850 gratam
3789 5791 3889 5831 nec
