4056 6208
278 207 382 274 565

270 328 552 387 molestam
580 326 813 385 reddidit
840 369 859 394 ,
883 325 977 383 sed
1014 327 1175 384 etiam
1201 326 1341 397 quod
1385 323 1699 382 beneﬁcium
1747 321 1851 375 hoc

271 436 374 476 non
414 434 617 484 suum,
655 418 751 475 sed
780 418 973 474 Christi
1027 432 1146 475 esse
1193 417 1356 473 dicat.
1401 416 1517 473 Non
1560 414 1704 471 enim
1741 411 1849 475 ait,

270 507 347 566 De
394 509 695 581 virginibus
734 524 837 563 non
886 509 1169 580 praecipio,
1208 508 1303 565 sed
1328 549 1344 575 ,
1390 507 1710 577 Prteceptum
1751 518 1852 557 non

265 601 464 656 habeo:
488 602 642 671 quasi
669 601 874 656 diceret
902 620 918 657 :
948 599 1005 658 Si
1052 601 1300 657 humanis
1343 598 1640 656 rationibus
1677 605 1853 651 motus

264 691 381 762 ipse
418 690 542 747 hsce
564 691 914 756 cohortarer,
952 706 1058 747 non
1096 691 1369 746 ﬁdendum
1413 698 1559 746 esset
1590 706 1604 743 :
1635 696 1692 743 at
1729 701 1852 741 cum

262 781 317 836 id
348 782 465 837 Deo
495 784 671 838 visum
694 784 766 837 sit
786 823 802 847 ,
846 792 1050 838 certum
1079 791 1164 837 est
1200 782 1388 853 pignus
1416 780 1694 836 libertatis.
1727 777 1853 834 Mihi

260 873 489 942 quidem
544 888 610 928 ea
650 873 943 943 imperandi
993 872 1217 930 facultas
1269 881 1353 928 est
1401 879 1625 942 erepta:
1668 870 1763 926 sed
1810 869 1854 924 si

261 962 455 1019 audire
486 962 650 1017 vultis
677 963 822 1017 velut
843 977 1160 1018 conservum
1179 1002 1195 1027 ,
1226 962 1502 1018 Consilium
1530 962 1596 1015 do
1618 1000 1637 1028 ,
1659 960 1851 1030 inquit,

261 1061 532 1123 unquam
568 1053 961 1108 misericordiam
996 1062 1327 1123 consequutus
1352 1069 1385 1105 a
1425 1050 1644 1105 Domino
1672 1060 1726 1104 ut
1762 1049 1858 1102 sint

262 1143 459 1210 ﬁdelis.
495 1144 673 1214 Atque
701 1142 803 1198 hoc
837 1143 955 1199 loco
985 1140 1135 1196 Pauli
1176 1156 1441 1198 summum
1485 1138 1765 1196 artiﬁcium
1794 1152 1858 1194 ac

263 1234 558 1304 prudentia
604 1234 849 1289 miranda
886 1242 1011 1300 est,
1064 1231 1513 1304 quemadmodum
1558 1231 1695 1286 inter
1751 1229 1859 1285 duo

262 1326 609 1394 necessaria,
635 1341 808 1396 eaque
849 1326 1135 1390 contraria,
1162 1324 1520 1394 interceptus,
1569 1332 1678 1379 tum
1724 1329 1859 1375 utso

260 1415 709 1479 commendaret,
738 1431 844 1486 quo
860 1415 1138 1471 consilium
1172 1415 1449 1486 plausibile
1472 1422 1646 1480 esset,
1669 1422 1779 1467 tum
1805 1418 1862 1467 ut

265 1505 408 1561 nihil
434 1506 507 1561 de
535 1521 595 1561 se
625 1521 874 1576 magnum
902 1506 1245 1576 praedicaret,
1272 1506 1468 1578 quippe
1508 1504 1627 1575 ejus
1654 1503 1861 1559 virtutis

264 1610 486 1660 exsors,
544 1595 793 1651 brevibus
822 1580 998 1651 verbis
1042 1604 1327 1668 utrumque
1368 1602 1732 1665 consequutus
1769 1593 1858 1647 sit.

263 1682 407 1739 Nam
433 1685 527 1753 qui
554 1684 718 1751 dicat,
745 1685 1028 1755 Tamquam
1076 1686 1475 1741 misericordiam
1507 1692 1859 1754 consequutus,

264 1775 514 1847 quodam
544 1775 702 1830 modo
726 1790 784 1830 sc
806 1777 1144 1833 commendat
1172 1795 1187 1832 :
1213 1778 1302 1847 qui
1332 1792 1391 1833 se
1427 1777 1619 1847 potiori
1648 1774 1863 1831 nomine

266 1881 380 1920 non
418 1866 801 1933 commendet,
843 1867 1077 1922 vicissim
1111 1882 1169 1922 se
1198 1876 1451 1922 extenuat
1488 1880 1553 1922 ac
1588 1864 1860 1936 deprimit.

336 1953 510 2009 XLII.
539 1952 621 2008 De
647 1953 803 2010 Pauli
829 1957 1127 2013 humilitate.
1158 1987 1230 1999 —
1254 1956 1370 2013 Non
1400 1958 1542 2013 enim
1572 1957 1685 2024 ait,
1716 1957 1861 2012 Con-

264 2043 458 2097 silium
484 2044 573 2108 do,
601 2054 656 2098 ut
682 2043 767 2098 cui
792 2045 1049 2101 creditum
1071 2047 1135 2101 sit
1161 2048 1514 2117 evangelium,
1542 2055 1602 2102 ut
1624 2045 1864 2102 delectus

273 2132 523 2204 gentium
540 2150 731 2204 praeco,
753 2144 810 2190 ut
836 2136 920 2191 cui
951 2137 1003 2191 in
1021 2152 1116 2192 vos
1131 2138 1490 2206 magisterium
1519 2138 1862 2193 commissum

273 2226 370 2290 sit,
403 2235 461 2280 ut
487 2225 672 2282 doctor
692 2236 853 2298 atque
878 2228 984 2283 dux
1010 2244 1026 2295 ;
1057 2228 1151 2285 scd
1175 2230 1345 2300 quid?
1369 2229 1648 2301 Tamquam
1673 2229 1839 2284 miseri
1853 2260 1866 2269 -

267 2317 509 2370 sordium
560 2328 893 2387 consequutus
936 2335 957 2375 :
1005 2334 1176 2390 eoque
1199 2361 1215 2387 ,
1268 2320 1407 2391 quod
1460 2322 1633 2375 minus
1682 2329 1819 2376 esset
1843 2355 1860 2389 ,

269 2407 592 2477 proposito;
625 2423 747 2462 nam
796 2408 972 2464 minus
1017 2420 1101 2466 est
1147 2409 1354 2466 ﬁdelem
1383 2411 1661 2466 dumtaxat
1702 2427 1860 2477 esse,

267 2513 436 2567 quam
486 2496 722 2553 ﬁdelium
766 2501 1097 2570 magistrum.
1140 2501 1418 2571 Aliamque
1460 2516 1667 2557 rursum
1713 2511 1863 2558 este-

268 2587 587 2642 nuationem
614 2587 913 2644 meditatur.
950 2587 1290 2657 Quamnam?
1314 2588 1429 2644 Non
1456 2590 1568 2657 ait,
1601 2590 1666 2646 Ut
1695 2591 1866 2647 ﬁdelis

268 2678 501 2733 cﬂ'cctus
524 2721 540 2742 ,
570 2679 663 2734 sed
688 2722 704 2746 ,
735 2677 1002 2749 Tanquam
1048 2682 1444 2736 misericordiam
1475 2672 1823 2751 consequutus
1843 2723 1864 2751 ,

268 2778 325 2821 ut
351 2769 455 2822 sim
478 2768 664 2837 fidelis.
690 2769 767 2826 Ne
790 2772 1141 2842 apostolatum
1171 2774 1341 2829 solum
1366 2814 1382 2839 ,
1410 2772 1862 2843 prxdicationetn,

270 2868 323 2914 et
354 2860 724 2929 magisterium
755 2861 850 2916 Dei
882 2862 1254 2918 muniﬁcentia:
1280 2873 1459 2935 putate
1490 2880 1504 2917 :
1538 2881 1659 2920 nam
1691 2866 1864 2935 ipsum

269 2950 441 3004 etiam
467 2950 691 3009 credere
720 2952 847 3007 mihi
874 2956 989 3022 ejus
1018 2953 1377 3010 misericordia
1404 2970 1714 3012 concessum
1744 2966 1862 3013 est:

270 3039 397 3094 Non
428 3041 596 3108 extim,
628 3041 817 3112 inquit,
845 3043 983 3113 quod
1012 3044 1201 3116 dignus
1229 3060 1424 3113 essem,
1458 3046 1614 3102 ﬁdem
1643 3049 1820 3118 accepi
1845 3065 1862 3115 ;

270 3133 373 3188 sed
401 3131 546 3202 quod
577 3135 993 3191 misericordiam
1023 3135 1123 3193 sim
1150 3147 1529 3208 consequutus.
1560 3138 1866 3195 Misericor-

272 3224 361 3279 dia
413 3234 595 3280 autcm
642 3228 827 3297 gratia:
871 3237 990 3293 est,
1021 3244 1128 3284 non
1174 3245 1242 3285 ex
1290 3231 1501 3286 merito.
1534 3231 1715 3302 Itaque
1761 3233 1866 3290 nisi

274 3317 509 3372 inultum
537 3319 837 3375 misericors
859 3331 1001 3376 esset
1020 3321 1183 3392 Deus,
1211 3339 1313 3376 non
1343 3332 1542 3378 tantum
1570 3326 1863 3394 apostolus,

272 3407 373 3463 sed
403 3422 474 3463 ne
490 3406 659 3464 ﬁdelis
675 3409 886 3480 quidem
906 3426 1154 3483 umquam
1183 3413 1320 3470 efiici
1349 3417 1658 3484 potuissem.
1679 3417 1864 3473 Viden‘

273 3499 423 3553 servi
449 3507 658 3569 gratum
703 3504 934 3556 animum
981 3512 1139 3573 atque
1166 3505 1450 3559 contritum
1476 3547 1489 3570 ,
1520 3518 1577 3561 ut
1606 3507 1733 3563 nihil
1762 3509 1864 3564 sibi

273 3588 489 3643 ceteris
522 3587 638 3658 plus
681 3601 927 3661 arroget;
957 3593 1085 3664 quin
1134 3594 1184 3648 id
1229 3595 1387 3650 etiam
1433 3597 1572 3666 quod
1601 3598 1699 3652 sibi
1743 3614 1863 3655 cum

276 3676 559 3747 discipulis
582 3694 863 3736 commune
888 3691 1031 3738 esset
1054 3726 1068 3749 ,
1098 3683 1256 3739 ﬁdem
1282 3726 1298 3752 ,
1325 3700 1480 3742 suum
1511 3702 1631 3743 esse
1667 3699 1824 3759 neget
1844 3731 1861 3756 ,

278 3767 376 3822 sed
423 3769 525 3823 Dei
577 3770 955 3829 misericordiae
1000 3785 1053 3831 et
1101 3776 1327 3846 gratiae?
1373 3776 1512 3832 idem
1560 3778 1642 3833 his
1688 3781 1864 3836 verbis

280 3859 591 3929 signiﬁcans
630 3876 692 3917 ac
720 3864 765 3918 si
803 3864 1008 3923 diceret
1041 3886 1052 3920 :
1086 3866 1164 3923 Ne
1187 3867 1542 3939 dedignamini
1583 3871 1863 3927 consilium

280 3964 311 4001 a
354 3965 441 4005 me
491 3951 770 4022 recipere;
818 3971 990 4026 neque
1017 3959 1158 4013 enim
1190 3975 1277 4014 me
1322 3960 1459 4016 Deus
1501 3962 1863 4018 misericordia

281 4055 376 4094 sua
418 4040 739 4112 dedignatus
765 4054 865 4100 cst.
894 4047 960 4102 Et
983 4048 1180 4120 alioqui
1208 4051 1486 4107 consilium
1510 4053 1681 4123 agitur
1700 4094 1719 4123 ,
1758 4070 1863 4109 non

282 4144 606 4200 pnecptum
657 4150 673 4187 :
724 4135 932 4191 Etenim
983 4141 1241 4207 consulo,
1287 4157 1391 4197 non
1440 4144 1642 4199 sancio.
1696 4144 1865 4200 Porro

285 4234 410 4287 qua:
433 4221 624 4291 cuique
661 4236 945 4282 occurrant
972 4229 1114 4283 utilia
1141 4271 1155 4295 ,
1189 4232 1239 4285 in
1270 4231 1501 4288 medium
1530 4235 1765 4304 proferre
1802 4250 1866 4291 ac

285 4323 587 4380 proponere
608 4313 749 4369 nulla
767 4316 848 4371 lex
870 4318 1130 4387 prohibet,
1148 4322 1376 4379 maxime
1391 4323 1475 4378 ubi
1496 4323 1543 4377 id
1565 4324 1866 4381 auditorum

282 4409 472 4471 rogatu
518 4402 613 4457 ﬁat
644 4423 658 4458 :
688 4407 829 4477 quod
874 4410 1084 4480 quidem
1128 4422 1183 4468 ct
1208 4414 1359 4470 vobis
1400 4415 1612 4471 accidit.
1638 4416 1867 4472 Arbitror

282 4489 462 4559 igitur,
481 4492 673 4564 inquit,
695 4497 789 4551 hoc
815 4499 996 4554 bonum
1017 4518 1142 4557 esse.
1164 4502 1319 4561 Vides
1342 4510 1551 4561 rursum
1574 4506 1865 4566 modi-stam

284 4585 608 4653 orationem,
635 4589 704 4642 ah
729 4592 979 4663 omnique
1006 4596 1318 4652 auctoritate
1345 4598 1593 4653 alienam.
1623 4600 1779 4671 Atqui
1811 4603 1863 4657 in

282 4672 422 4730 hanc
453 4680 775 4735 sententiam
802 4682 1065 4741 disserere
1089 4686 1298 4742 interim
1335 4688 1528 4744 licebat
1559 4708 1572 4744 :
1604 4691 1864 4757 Quoniam

282 4765 545 4823 Dominus
570 4771 923 4840 virginitatem
954 4790 1056 4830 non
1085 4779 1352 4848 praecepit,
1382 4780 1500 4835 ideo
1530 4797 1701 4852 neque
1725 4797 1860 4853 ego:

276 4860 508 4913 consulo
555 4871 733 4918 tamen
780 4879 844 4919 ac
887 4862 1140 4923 cohortor
1182 4868 1249 4924 ad
1292 4870 1406 4940 ejus
1453 4872 1724 4940 studium,
1774 4875 1863 4944 qui

274 4953 560 5017 apostolus
600 4965 782 5011 vester
825 4959 948 5012 sim.
994 4960 1448 5027 Quemadmodum
1495 4971 1551 5018 et
1595 4963 1726 5017 infra
1773 4979 1867 5019 eos

273 5041 564 5111 alloquens
608 5046 719 5113 ait,
767 5047 828 5103 Si
868 5050 983 5104 aliis
1030 5068 1131 5104 non
1158 5069 1269 5105 sum
1311 5056 1607 5123 apostolus,
1654 5068 1704 5110 at
1735 5068 1866 5112 certe

274 5133 418 5187 nobis
441 5151 556 5188 sum
580 5137 599 5203 (
621 5139 670 5191 l.
699 5137 815 5193 Cor.
843 5140 897 5195 9.
923 5140 1017 5211 2).
1046 5144 1113 5197 At
1136 5142 1222 5199 hic
1245 5144 1373 5199 nihil
1400 5146 1655 5215 ejusmodi
1682 5148 1862 5214 refert,

273 5223 376 5277 sed
405 5225 694 5281 admodum
722 5232 1021 5287 verecunde
1049 5233 1206 5287 verba
1240 5234 1381 5301 facit,
1414 5236 1526 5306 ejus
1554 5238 1687 5303 vice,
1720 5237 1861 5291 Con-

273 5312 438 5378 sule,
490 5313 803 5372 Sententiam
847 5320 948 5384 do,
997 5323 1279 5394 inquiens;
1324 5326 1438 5394 ejus
1484 5336 1659 5381 autem
1706 5328 1858 5395 vice,

276 5411 442 5469 prout
473 5401 666 5460 doctor
688 5448 702 5473 ,
738 5406 1015 5480 Tarnquam
1057 5415 1451 5470 miscricordiam
1477 5428 1803 5489 consequutus
1831 5436 1863 5474 a

280 5490 544 5562 Domino,
587 5506 647 5551 ut
691 5500 787 5553 sim
831 5503 996 5572 ﬁdelis
1022 5523 1043 5562 :
1071 5509 1329 5581 quasique
1379 5523 1444 5563 ne
1487 5510 1602 5565 haec
1647 5511 1859 5580 quidem

273 5581 412 5636 satis
459 5596 639 5642 essent
665 5590 733 5644 ad
780 5596 1071 5657 orationem
1113 5598 1505 5659 extenuandam
1531 5641 1546 5665 ,
1578 5601 1858 5659 consilium

1604 203 1693 265 DE
1736 198 2195 262 \WBGINITATE.

3424 199 3537 256 560
3589 224 3595 233 .

1958 332 2181 374 exorsus
2207 315 2573 373 auctoritatem
2613 315 2810 373 iterum
2835 314 3063 382 minuit,
3092 314 3181 385 qui
3207 324 3312 370 non
3338 322 3543 371 statuat

1959 411 2129 466 solum
2153 452 2168 474 ,
2208 408 2302 466 sed
2326 409 2487 464 addat
2510 409 2669 464 etiam
2696 410 2957 464 rationem
2986 426 3000 462 :
3032 407 3298 475 Arbitror,
3322 408 3539 478 inquit,

1959 500 2052 553 hoc
2074 499 2257 553 bonum
2279 512 2403 565 esse,
2429 507 2632 569 prapter
2652 499 2918 551 instantem
2941 498 3282 552 necessitatem
3310 496 3386 569 (l.
3414 496 3535 551 Cor.

1961 593 2012 644 7.
2043 589 2174 661 26).
2220 592 2287 645 At
2316 590 2456 644 enim
2499 588 2569 644 de
2606 590 2928 645 continentia
2967 589 3278 656 disserens,
3320 603 3493 659 neque
3516 629 3533 651 ,

1959 680 2177 734 arbitror
2199 720 2213 745 ,
2247 676 2416 749 posuit
2443 721 2457 744 ,
2501 692 2676 748 neque
2716 680 2874 733 ullam
2923 679 3077 748 plane
3105 680 3406 743 rationem;
3438 680 3534 735 sed

1960 770 2089 826 illud
2133 769 2292 826 modo
2314 810 2330 837 ,
2357 769 2554 824 Bonum
2579 779 2654 824 est
2688 767 2791 823 illis
2813 810 2829 836 ,
2859 770 2903 824 si
2943 779 3266 838 permaneant
3288 808 3304 837 ,
3335 770 3464 824 sicut
3489 780 3537 824 et

1960 877 2051 933 ego
2081 876 2100 914 :
2131 860 2215 917 hic
2238 903 2252 925 ,
2279 860 2509 916 Arbitror
2552 862 2648 915 ltoc
2688 861 2873 916 bonum
2898 877 3022 916 esse.
3070 861 3125 916 ld
3166 870 3342 917 autem
3372 862 3496 918 facit
3519 902 3536 928 ,

1963 967 2068 1006 non
2095 952 2184 1022 qui
2210 951 2276 1008 de
2300 967 2366 1007 co
2391 952 2656 1007 dubitaret
2685 991 2701 1018 ,
2726 952 2855 1006 nihil
2883 952 3097 1019 minus;
3125 952 3219 1009 sed
3247 953 3338 1024 qui
3369 962 3536 1008 totum

1960 1041 2258 1095 auditorum
2283 1040 2483 1111 judicio
2505 1043 2812 1111 permittere
2842 1043 3022 1098 vellet.
3044 1042 3175 1097 Nam
3203 1043 3543 1099 consiliarius

1962 1131 2008 1187 is
2034 1141 2155 1196 est,
2184 1146 2291 1188 non
2330 1132 2418 1202 qui
2460 1133 2528 1188 de
2570 1132 2636 1188 iis
2662 1147 2781 1203 qua:
2823 1133 3021 1203 profert
3061 1142 3294 1200 statuat,
3326 1133 3420 1190 sed
3448 1136 3540 1206 qui

1966 1228 2133 1276 totum
2180 1220 2233 1276 in
2281 1222 2580 1278 auditorum
2611 1223 2832 1278 arbitrio
2875 1223 3103 1292 positum
3149 1222 3430 1294 relinquat.

2033 1314 2218 1370 XLIII.
2261 1314 2429 1383 Quam
2469 1316 2740 1372 instantem
2779 1317 3119 1373 necessitatem
3144 1314 3341 1372 Paulus
3376 1319 3544 1372 nomi-

1965 1414 2065 1459 net.
2092 1405 2290 1462 -——Sed
2326 1422 2445 1477 quae
2470 1416 2573 1470 est,
2605 1423 2762 1478 quam
2795 1408 2881 1463 hic
2915 1418 3175 1464 memorat
3211 1408 3549 1466 necessitas?

1964 1509 2117 1564 eane,
2151 1512 2272 1568 quae
2291 1512 2324 1553 a
2352 1507 2536 1553 natura
2563 1498 2772 1568 prodit?
2797 1499 3033 1554 Minime.
3062 1499 3298 1554 Primum
3325 1501 3467 1555 enim
3495 1502 3543 1555 si

1967 1587 2104 1644 hanc
2137 1590 2317 1657 vellet,
2348 1590 2463 1660 ejus
2497 1592 3005 1647 commemoratione
3030 1594 3355 1649 contrarium
3383 1603 3551 1665 atque

1965 1679 2232 1748 cogitabat
2264 1680 2502 1736 efﬁceret
2529 1699 2542 1735 :
2571 1681 2766 1736 etenim
2794 1681 2884 1751 qui
2909 1683 3303 1737 matrimonium
3332 1692 3545 1739 contra-

1968 1767 2095 1823 here
2114 1767 2317 1835 voluut,
2342 1769 2478 1826 hanc
2505 1784 2700 1842 susque
2721 1771 2892 1840 deque
2910 1772 3132 1842 jactant.
3162 1772 3407 1829 Secundo
3425 1788 3547 1830 eam

1965 1860 2236 1914 instantem
2266 1875 2374 1916 non
2408 1870 2653 1929 vocaret;
2683 1876 2786 1916 non
2826 1864 2969 1917 enim
2999 1878 3139 1918 nunc
3164 1864 3417 1934 primum,
3448 1865 3547 1920 sed

1962 1950 2073 2021 jam
2103 1951 2227 2006 olim
2259 1953 2563 2008 mortalium
2592 1954 2775 2023 generi
2811 1954 2967 2008 insita
3001 1964 3103 2021 est,
3132 1963 3291 2026 atque
3317 1963 3433 2011 erat
3458 1957 3545 2011 illa

1966 2042 2180 2112 quidem
2222 2053 2347 2100 alite
2385 2043 2757 2100 vehementior
2795 2055 2848 2101 et
2892 2045 3169 2113 indomita,
3220 2048 3315 2103 sed
3348 2048 3546 2105 Christi

1967 2136 2224 2201 adventu,
2262 2147 2520 2207 auctaque
2543 2137 2652 2208 jam
2692 2138 2910 2205 virtute,
2953 2145 3204 2208 superatu
3251 2140 3418 2196 facilis
3464 2151 3550 2197 est

1966 2225 2179 2284 effecta.
2223 2227 2407 2298 Itaque
2441 2228 2491 2283 ei
2537 2226 2737 2283 nonde
2775 2228 2875 2283 hac
2908 2243 3087 2284 sermo
3118 2238 3221 2296 est,
3266 2230 3361 2285 sed
3388 2232 3547 2287 aliam

1967 2315 2249 2386 quamdam
2276 2316 2467 2384 innuit,
2497 2317 2844 2387 multiplicem
2872 2328 2928 2374 et
2953 2318 3175 2375 variam.
3202 2319 3456 2389 Quantam
3482 2337 3545 2378 ea

1966 2405 2085 2461 est?
2113 2406 2473 2464 Humanarum
2519 2422 2696 2463 rerum
2734 2408 3038 2464 conversio.
3074 2408 3243 2464 Tanta
3281 2411 3423 2465 enim
3464 2423 3546 2467 cst

1966 2498 2225 2562 confusio,
2272 2506 2417 2553 tanta
2461 2499 2718 2571 tyrannis,
2763 2513 2829 2554 ac
2868 2497 3323 2555 circumstantium
3369 2516 3551 2557 rerum

1970 2588 2144 2657 turba,
2184 2598 2242 2643 ut
2282 2590 2337 2644 in
2391 2590 2572 2645 multis
2612 2603 2982 2660 saepenumero
3018 2591 3229 2662 conjugi
3271 2592 3354 2647 vel
3380 2592 3545 2647 invito

1968 2679 2251 2736 errandum
2281 2679 2715 2751 peccaudumque
2743 2681 2832 2736 sit.

2039 2769 2221 2826 XLIV.
2264 2769 2496 2826 Facilius
2541 2788 2647 2827 esse
2689 2772 2933 2844 uirginem
2979 2788 3130 2844 quam
3170 2775 3436 2846 conjugcnt
3470 2793 3545 2833 rs-

1967 2880 2121 2935 gnum
2141 2864 2397 2933 consequi.
2415 2893 2488 2905 —
2513 2863 2722 2919 Etenim
2752 2864 2877 2919 olim
2902 2879 3007 2919 non
3041 2868 3085 2920 is
3113 2877 3227 2922 erat
3262 2868 3418 2923 nobis
3439 2870 3547 2923 vir-

1970 2954 2099 3009 tutis
2127 2954 2432 3024 propositus
2473 2953 2686 3020 modus,
2728 2954 2824 3010 sed
2868 2964 2923 3011 et
2952 2955 3198 3025 injuriam
3242 2957 3448 3027 ulcisci,
3495 2969 3547 3016 et

1967 3045 2265 3101 convicium
2299 3044 2545 3112 reddere,
2573 3054 2629 3101 et
2663 3046 2915 3116 pecunias
2944 3061 3231 3116 procurare
3258 3048 3468 3116 licebat,
3494 3059 3545 3106 et

1967 3148 2150 3194 sancte
2169 3138 2370 3209 jurare,
2397 3148 2453 3194 et
2478 3139 2689 3193 oculum
2718 3154 2817 3209 pro
2841 3142 2996 3194 oculo
3020 3155 3233 3209 eruere,
3275 3150 3332 3196 et
3368 3141 3545 3199 inimi-

1966 3240 2060 3286 cos
2092 3230 2304 3296 odisse;
2343 3244 2517 3301 neque
2550 3237 2645 3285 aut
2681 3229 2885 3286 deliciis
2921 3230 3197 3301 indulgere
3236 3241 3331 3288 aut
3366 3232 3544 3301 irasci,

1966 3331 2059 3377 aut
2082 3337 2305 3378 uxorem
2355 3322 2514 3376 aliam
2549 3321 2764 3391 ejicere,
2807 3322 2962 3377 aliam
3002 3322 3301 3379 adsciscere
3330 3323 3547 3381 interdi-

1967 3419 2111 3466 ctum
2137 3420 2272 3467 erat.
2315 3410 2499 3482 Neque
2524 3410 2576 3465 id
2603 3411 2797 3476 solum,
2827 3411 2922 3466 sed
2950 3412 3084 3468 duas
3108 3413 3267 3467 etiam
3295 3415 3548 3485 conjuges

1967 3502 2125 3557 simul
2156 3501 2351 3557 habere
2382 3502 2463 3556 lex
2491 3500 2717 3565 sinebat,
2740 3511 2959 3573 eratque
2986 3511 3094 3557 tum
3117 3502 3215 3557 hac
3242 3504 3294 3558 in
3324 3518 3404 3567 re.
3433 3513 3543 3560 tum

1969 3591 2022 3646 in
2050 3591 2167 3646 aliis
2205 3591 2449 3646 omnibus
2484 3606 2688 3647 summa
2730 3592 2846 3661 ejus
2874 3591 3115 3648 facilitas.
3162 3593 3234 3647 At
3270 3604 3547 3666 postquam

1967 3680 2211 3737 Christus
2235 3681 2452 3752 prodiit,
2497 3681 2581 3735 via
2609 3680 2765 3751 longe
2808 3680 2939 3735 facta
2981 3693 3063 3737 est
3103 3685 3393 3755 angustior,
3439 3701 3544 3740 non

1967 3773 2138 3827 solum
2166 3772 2307 3843 quod
2338 3771 2762 3843 incomparabilis
2788 3787 2849 3829 ea
2876 3781 2932 3828 et
2960 3772 3144 3844 ingens
3165 3776 3399 3831 omnium
3427 3793 3547 3847 qua:

1968 3863 2082 3919 dixi
2110 3864 2323 3920 licentia
2364 3864 2518 3919 nobis
2543 3878 2576 3920 e
2611 3863 2858 3919 manibus
2890 3873 3069 3934 erepta
3106 3865 3208 3933 sit;
3250 3867 3345 3923 sed
3385 3870 3544 3924 etiam

1968 3956 2111 4026 quod
2136 3971 2285 4022 uxor,
2311 3971 2432 4027 quas
2456 3970 2553 4011 nos
2584 3955 2748 4010 multa
2788 3954 3050 4011 interdum
3080 3957 3164 4012 vel
3186 3957 3378 4014 invitos
3404 3960 3548 4016 desi-

1969 4062 2132 4118 gnare
2173 4048 2388 4103 inducat
2428 4058 2586 4118 atque
2629 4056 2804 4117 cegat,
2848 4046 2990 4101 domi
3038 4057 3294 4119 perpetuo
3342 4051 3413 4106 sit
3446 4050 3543 4106 ha-

1970 4137 2163 4206 benda,
2191 4148 2301 4202 aut,
2343 4137 2391 4191 si
2423 4137 2618 4207 ejicere
2639 4136 2792 4204 velis,
2824 4135 3070 4193 adulterii
3097 4139 3299 4194 crimen
3326 4140 3395 4194 sit
3418 4142 3548 4196 sub-

1970 4230 2223 4284 eundum.
2252 4229 2433 4299 Neque
2457 4230 2559 4285 hoc
2600 4237 2802 4284 tantum
2841 4230 3056 4284 nomine
3094 4231 3259 4285 virtus
3297 4246 3362 4286 ea
3392 4234 3546 4290 nobis

1970 4320 2202 4375 difﬁcilis
2224 4326 2326 4383 est,
2357 4319 2450 4372 sed
2473 4318 2614 4390 quod
2633 4319 2754 4374 licet
2778 4322 2973 4389 coniux
2993 4320 3411 4380 intolerabilibus
3435 4342 3548 4381 ino-

1970 4411 2120 4467 ribns
2144 4411 2233 4478 sit,
2258 4424 2503 4465 curarum
2533 4416 2709 4465 tamen
2739 4425 2858 4480 qute
2880 4426 2978 4466 nos
3000 4419 3218 4483 propter
3252 4424 3373 4470 eam
3398 4417 3544 4487 ejus-

1971 4516 2074 4572 que
2123 4500 2321 4555 liberos
2364 4500 2750 4556 circumfundat
2794 4502 2969 4569 turba,
3015 4516 3116 4558 nec
3161 4504 3440 4561 minimum
3490 4511 3543 4563 in

1971 4593 2157 4648 ctelum
2185 4594 2457 4663 suSpicere
2495 4594 2744 4664 patiatur,
2779 4590 2989 4650 artiums
3014 4604 3226 4652 nostros
3258 4599 3405 4668 quasi
3431 4598 3550 4669 qui-

1971 4684 2092 4740 dam
2135 4693 2323 4740 vortex
2363 4682 2594 4755 undique
2641 4693 2892 4756 torquens
2933 4701 2997 4740 ac
3040 4686 3373 4758 demergens.
3414 4688 3547 4746 Nam

1972 4792 2097 4833 ecce
2134 4778 2282 4848 cupit
2324 4777 2405 4831 vir
2443 4778 2701 4847 privatam
2749 4785 2806 4832 et
2845 4778 3070 4833 otiosam
3107 4781 3267 4834 vitam
3315 4780 3547 4850 degere;

1972 4867 2066 4923 sed
2103 4868 2402 4938 conspectis
2426 4867 2890 4922 circumstantibus
2932 4866 3114 4922 liberis
3137 4876 3297 4938 atque
3322 4870 3547 4940 conjuge

1971 4959 2157 5029 grandi
2184 4966 2399 5031 sumptu
2419 4967 2628 5029 egente,
2645 4958 2728 5013 vel
2753 4958 2945 5012 invitus
2961 4972 3020 5012 se
3045 4958 3095 5012 in
3118 4958 3347 5013 civilium
3370 4976 3544 5013 rerum

1971 5058 2159 5105 aestum
2199 5050 2436 5119 conjicit.
2480 5048 2559 5103 Eo
2595 5058 2770 5103 autem
2815 5048 3057 5119 illapsnm
3100 5048 3201 5103 dici
3240 5062 3344 5103 non
3376 5059 3550 5118 potest

1972 5150 2163 5212 quanta
2183 5140 2255 5196 illi
2284 5154 2504 5210 peccare
2525 5153 2744 5196 necesse
2767 5140 2855 5207 sit,
2881 5140 3154 5208 irascenti,
3173 5139 3394 5209 juranti,
3421 5154 3552 5195 con-

1972 5231 2210 5296 vicianti,
2265 5229 2564 5296 ulciscenti,
2626 5230 2915 5298 simulanti,
2973 5232 3135 5285 multa
3187 5229 3253 5284 ad
3299 5231 3547 5300 gratiam,

1969 5324 2134 5379 multa
2163 5322 2228 5377 ad
2250 5322 2572 5377 simultatem
2599 5321 2828 5378 facienti.
2855 5322 2955 5390 Qui
2983 5321 3122 5375 enim
3153 5330 3344 5390 potest,
3378 5322 3465 5392 qui
3494 5322 3548 5377 in

1971 5415 2130 5470 tantis
2173 5413 2421 5470 fluctibus
2447 5422 2708 5479 versetur,
2752 5420 2909 5482 atque
2947 5412 3067 5467 inde
3093 5413 3318 5483 gloriam
3346 5422 3546 5483 captet,

1970 5523 2076 5564 non
2108 5522 2299 5579 graves
2336 5507 2600 5562 scelerum
2626 5505 2811 5562 sordes
2835 5505 3190 5561 contrahere?
3217 5506 3333 5561 Jam
3359 5509 3404 5561 si
3432 5508 3550 5578 quis

1971 5601 2260 5657 domestica
2298 5599 2543 5667 rimetur,
2586 5596 2772 5655 eadem
2813 5607 2975 5667 atque
3003 5598 3160 5654 etiam
3192 5584 3383 5661 majori
3406 5596 3551 5653 difi-
