4056 6208
476 289 580 347 3367

471 405 674 458 cultate
707 403 862 474 plena
907 401 1140 458 inveniet
1167 409 1385 472 prepter
1425 414 1680 462 uxorem;
1722 398 1882 452 multa
1920 397 2060 451 enim

478 511 541 550 ac
567 497 634 550 de
661 497 840 551 multis
866 504 1014 550 curet
1038 508 1259 550 necesse
1287 504 1387 556 est,
1410 492 1602 562 quibus
1631 492 1852 545 seorsim
1880 491 2056 560 agenti

473 589 590 642 viro
629 586 757 643 nihil
786 603 920 657 opus
960 596 1122 642 esset.
1167 587 1340 654 Atque
1386 584 1500 639 hzcc
1529 584 1764 654 quidem,
1808 584 1851 638 si
1893 584 2059 653 proba

474 689 634 750 atque
655 679 933 734 commoda
961 679 1030 732 sit
1056 693 1224 738 uxor;
1256 677 1337 730 sin
1370 676 1635 744 pervicax.
1670 675 1881 736 acerba,
1918 672 2061 727 difﬁ-

474 771 613 836 cilis,
656 786 760 824 non
784 770 893 838 jam
924 768 974 822 id
1007 770 1296 822 necessitas
1322 766 1502 830 modo,
1527 766 1619 820 sed
1655 781 1806 835 poena
1838 781 1900 818 ac
1929 781 2058 832 sup-

477 861 693 929 plicium
728 859 1024 916 vocandum
1052 857 1174 912 erit.
1204 857 1303 926 Qui
1349 858 1544 927 poterit
1567 872 1694 926 ergo
1735 857 1836 910 iter
1861 855 1926 908 ad
1953 870 2061 909 crc-

475 951 582 1005 lutn
628 951 909 1014 conficere,
947 949 1089 1018 quod
1138 948 1328 1003 solutis
1364 963 1427 1003 ac
1468 948 1769 1018 pernicibus
1812 947 2056 1016 pedibus,

474 1044 651 1097 animo
677 1043 915 1097 accincto
940 1051 993 1096 et
1019 1041 1182 1110 probe
1202 1040 1452 1109 expedito
1480 1040 1698 1110 indiget,
1723 1055 1783 1093 ea
1817 1039 2058 1109 negotio-

402 1197 409 1204 .
475 1149 590 1186 rmn
637 1132 776 1186 mole
821 1132 1088 1200 imposita,
1139 1139 1216 1184 tot
1259 1131 1457 1200 pedicis
1495 1131 1836 1196 constrictus,
1873 1137 2059 1183 eatena

473 1224 593 1289 hac,
636 1223 818 1277 uxoris
871 1224 1084 1292 inquam
1138 1222 1495 1291 improbitate,
1543 1221 1793 1276 deorsum
1847 1218 2060 1274 assidue

475 1315 558 1368 det
569 1314 778 1367 ractus?

544 1403 704 1458 XLV.
749 1404 850 1471 Qui
893 1419 1230 1474 supervacuas
1265 1404 1580 1474 cli/ﬁcullales
1623 1403 1923 1474 excogitant,
1976 1418 2060 1456 eos

472 1495 670 1550 nullum
693 1497 801 1566 ejus
827 1497 901 1552 rei
929 1499 1192 1568 prremium
1221 1513 1444 1551 manere.
1473 1525 1544 1536 —-
1568 1497 1637 1551 At
1673 1497 1814 1566 quod
1852 1507 1932 1550 est
1957 1494 2059 1550 hoc

471 1587 683 1656 sapiens
713 1588 848 1658 vulgi
876 1602 1211 1658 responsum,
1239 1603 1359 1642 cum
1386 1588 1452 1642 ad
1489 1603 1583 1644 eos
1608 1587 1723 1642 haec
1747 1587 1924 1642 omnia
1966 1602 2056 1641 re-

471 1679 790 1733 ccnsemus?
817 1678 1016 1748 Itaque,
1051 1679 1237 1749 inquit,
1267 1679 1454 1748 majori
1486 1679 1703 1748 prtemio
1726 1677 1918 1747 dignus
1959 1678 2060 1732 erit

470 1767 582 1837 qui,
615 1768 713 1822 hac
760 1769 1005 1838 imposita
1039 1769 1374 1832 necessitate,
1416 1777 1562 1824 recte
1606 1784 1666 1824 se
1709 1777 1877 1838 gerat.
1921 1767 2058 1834 Quid

472 1858 568 1924 ita,
599 1857 738 1913 bone
769 1861 865 1924 vir,
899 1868 952 1913 et
972 1859 1528 1930 quamobrem?Quod
1559 1859 1838 1928 majorem,
1867 1859 2056 1928 inquit,

471 1949 708 2006 laborem
739 1960 957 2021 propter
993 1951 1391 2005 matrimonium
1431 1951 1640 2006 subeat.
1676 1951 1738 2004 Et
1774 1951 1891 2020 quis
1934 1964 2056 2005 eum

475 2049 676 2095 tantum
702 2056 836 2096 onus
863 2043 1134 2112 suscipere
1159 2041 1368 2111 coegit?
1399 2057 1519 2095 nam
1549 2041 1592 2095 si
1620 2039 1834 2110 quidem
1872 2039 2058 2095 matri-

473 2133 710 2187 monium
738 2132 968 2187 incundo
991 2141 1309 2203 prteccptum
1329 2133 1592 2201 impleret,
1617 2146 1678 2185 ac
1701 2145 1806 2185 non
1829 2130 2060 2186 ineumlo

473 2225 526 2278 in
554 2223 723 2293 legem
764 2223 1118 2294 delinquerct,
1154 2223 1371 2277 haberet
1397 2224 1445 2276 id
1475 2222 1901 2293 probabilitatem
1937 2222 2056 2277 :sin

471 2327 669 2381 autem,
725 2317 808 2370 cui
864 2317 1088 2372 liberum
1139 2326 1282 2371 esset
1332 2315 1654 2370 matrimonii
1712 2314 1896 2385 jngum
1952 2330 2056 2368 non

471 2408 674 2470 subire,
723 2407 882 2473 ultro,
923 2418 1147 2477 cogente
1195 2407 1359 2474 nullo,
1404 2422 1462 2460 se
1491 2408 1544 2461 in
1584 2421 1677 2462 eas
1719 2405 2059 2460 difficultates

472 2498 727 2552 inducere
763 2498 946 2564 voluit,
993 2515 1098 2568 quo
1139 2500 1348 2568 gravius
1391 2497 1492 2552 sibi
1540 2497 1745 2552 virtutis
1787 2507 2057 2552 certamen

473 2589 806 2652 redderetur,
851 2587 980 2642 nihil
1010 2588 1110 2642 hoc
1147 2587 1214 2641 ad
1253 2588 1648 2658 agonothetam,
1681 2587 1770 2656 qui
1811 2587 1861 2642 id
1895 2603 2056 2641 unmn

470 2679 710 2747 jusserit,
743 2693 861 2732 cum
895 2677 1106 2732 diabolo
1147 2679 1343 2733 bellum
1372 2679 1655 2744 coniicere,
1688 2686 1848 2748 atque
1871 2677 2060 2732 advetv

474 2787 590 2826 srm
630 2772 752 2824 vitia
784 2771 1058 2825 victoriam
1087 2787 1346 2841 quaerere.
1377 2771 1501 2827 Sive
1530 2780 1704 2826 autem
1733 2771 1852 2842 quis
1876 2771 2060 2825 matri-

475 2864 657 2918 monio
677 2863 953 2918 devinctus
979 2879 1040 2917 ac
1069 2863 1272 2919 deliciis
1301 2879 1512 2926 vacans,
1539 2862 1710 2933 deque
1741 2863 1923 2916 multis
1953 2861 2060 2915 sol-

475 2955 648 3009 licitus
701 2956 790 3019 sit,
841 2955 952 3010 sive
999 2955 1262 3009 exercitus
1303 2963 1356 3009 et
1394 2954 1644 3020 afflictus,
1697 2970 1869 3025 neque
1914 2953 2056 3008 aliud

476 3056 732 3114 praeterea
761 3060 973 3112 curans,
1015 3045 1064 3098 id
1103 3044 1229 3098 nihil
1260 3046 1408 3114 pensi
1456 3044 1635 3100 habet.
1667 3045 1914 3100 Victoria:
1937 3044 2056 3115 qui-

473 3135 596 3190 dem
624 3135 861 3202 modum,
896 3145 1055 3205 atque
1082 3135 1147 3189 ad
1181 3143 1435 3205 tr0pteum
1466 3135 1720 3192 ferentem
1748 3136 1910 3202 viam,
1937 3151 2056 3190 eam

473 3228 728 3298 prtedicat
754 3242 873 3298 qua:
910 3229 1068 3282 rebus
1105 3229 1353 3284 omnibus
1382 3229 1626 3284 humanis
1670 3230 1842 3284 soluta
1888 3230 1955 3283 sit
1995 3243 2057 3284 ac

476 3320 642 3375 libera
667 3337 679 3373 :
704 3320 824 3386 quia
855 3329 1030 3374 autem
1064 3329 1117 3373 tu
1145 3336 1264 3374 eum
1293 3336 1457 3375 uxore
1487 3335 1549 3376 ac
1575 3321 1775 3387 liberis,
1801 3321 2056 3389 negotiis-

384 3467 391 3473 ,
472 3429 578 3483 que
609 3413 716 3466 ista
763 3411 1142 3467 comitantibus
1188 3411 1382 3467 bellum
1425 3427 1615 3482 gerere
1659 3427 1721 3467 ac
1770 3411 2056 3482 confligere

475 3505 575 3569 vis,
598 3505 748 3573 quasi
781 3504 923 3572 paria
954 3504 1283 3573 prmstiturus
1312 3514 1469 3574 atque
1498 3505 1533 3559 ii
1570 3505 1658 3574 qui
1685 3504 1754 3558 ab
1782 3504 1864 3557 his
1884 3503 2057 3559 onmi-

477 3599 577 3652 bus
597 3595 825 3666 expediti
852 3605 996 3663 sunt,
1020 3596 1241 3666 ideoque
1262 3597 1447 3666 majori
1471 3596 1804 3651 admirationi
1828 3595 2055 3664 futurus,

455 3706 616 3760 nunc
641 3689 866 3744 fortasse
895 3705 994 3744 nos
1034 3705 1239 3760 magna:
1268 3690 1530 3760 superbia:
1571 3690 1845 3744 insimules
1870 3731 1882 3754 ,
1925 3689 1968 3744 si
2007 3698 2058 3744 te

474 3780 540 3834 ad
570 3779 707 3834 idem
751 3779 818 3834 ad
861 3781 1001 3850 quod
1045 3780 1120 3835 illi
1153 3795 1408 3836 cacun'ien
1448 3780 1706 3850 attingere
1752 3795 1854 3834 non
1899 3794 2056 3850 posse

474 3873 748 3936 dicamus;
793 3872 886 3926 sed
928 3873 1266 3942 praemiorum
1309 3872 1522 3926 demum
1568 3880 1779 3942 tempus
1806 3871 1967 3941 probe
2009 3878 2059 3925 te

479 3976 587 4020 tmn
619 3964 849 4031 docebit,
875 3966 1040 4018 multo
1067 3973 1322 4035 prtestarc
1349 3964 1688 4019 securitatem
1725 3964 1867 4018 inani
1892 3964 2061 4017 ambi-

479 4057 629 4125 tioni,
664 4055 936 4124 satiusque
960 4069 1080 4110 csse
1107 4053 1340 4119 Christo,
1381 4069 1537 4123 quam
1567 4053 1805 4108 futilibus
1839 4054 1948 4108 suis
1975 4053 2058 4108 in-

476 4146 652 4202 ventis
689 4145 929 4201 credere.
972 4145 1182 4200 Etenim
1230 4145 1470 4200 Christus
1500 4154 1657 4216 negat
1698 4144 1764 4198 ad
1808 4145 2058 4199 virtutem

479 4238 640 4294 nobis
661 4238 932 4305 sullicere,
960 4241 1077 4295 suis
1099 4241 1359 4295 omnibus
1384 4239 1729 4298 renuntiare,
1757 4237 1866 4292 nisi
1895 4235 2059 4291 etiam

477 4333 846 4401 nosmetipsos
868 4333 1147 4389 oderimus
1169 4333 1320 4396 (Luc.
1351 4334 1439 4387 14.
1464 4331 1535 4386 26
1554 4332 1593 4399 );
1617 4339 1674 4386 ιιι
1697 4331 1782 4385 his
1803 4328 2062 4384 omnibus

477 4421 785 4488 permistus,
840 4419 918 4474 ais
969 4433 1128 4488 posse
1181 4433 1453 4486 superare.
1500 4417 1628 4480 Sed,
1691 4429 1747 4473 ut
1795 4417 2055 4485 dicebam,

477 4509 644 4578 probe
685 4518 811 4563 tum,
837 4509 1118 4577 intelliges,
1149 4519 1404 4578 quantum
1446 4509 1512 4563 ad
1548 4509 1795 4564 virtutem
1840 4510 2061 4580 impedi-

478 4608 714 4654 mentum
743 4598 811 4652 sit
837 4613 972 4652 uxor
991 4607 1148 4666 atque
1170 4599 1366 4654 uxoria:
1389 4614 1552 4653 curae.

552 4689 736 4744 XLVI.
776 4688 881 4744 Cur
925 4689 1154 4759 adjutrix
1181 4700 1354 4743 vocata
1397 4708 1527 4745 uxor
1553 4708 1666 4762 qua:
1706 4693 2060 4762 impedimento

476 4793 548 4838 est
571 4783 639 4835 ad
666 4782 936 4854 perfectam
962 4782 1135 4835 vitam.
1158 4813 1229 4821 —
1259 4782 1324 4836 Et
1343 4783 1453 4853 qui,
1482 4785 1670 4853 inquit,
1697 4785 2059 4855 adjumentum

480 4887 598 4928 eam
631 4881 783 4927 vocat
809 4887 929 4942 quae
967 4871 1257 4940 impediat?
1285 4888 1403 4925 nam
1435 4872 1731 4942 Faciamus,
1756 4875 1849 4935 ait.
1891 4877 1935 4928 ei
1963 4879 2059 4930 ad-

475 4965 700 5037 jutorem
719 4963 933 5018 similem
963 4963 1059 5034 ipsi
1079 4962 1231 5036 (Gen.
1256 4963 1310 5016 2.
1345 4965 1454 5033 I8).
1486 4964 1599 5034 Ego
1625 4980 1752 5020 vero
1777 4966 1872 5020 abs
1899 4976 1950 5022 le
1976 4969 2058 5022 in-

477 5071 637 5128 super
665 5070 919 5127 quzeraln,
950 5072 1055 5126 quo
1086 5065 1238 5126 pacto
1267 5056 1494 5126 adjutrix
1524 5067 1625 5123 est,
1653 5074 1771 5128 qum.
1800 5061 1969 5115 virum
1992 5077 2057 5116 ea

479 5151 767 5205 securitate
805 5148 1072 5220 spoliavit,
1101 5157 1259 5218 atque
1287 5148 1582 5204 admirabili
1615 5150 1704 5204 illo
1735 5150 1786 5205 in
1818 5153 2060 5221 paradiso

473 5241 745 5296 domicilio
765 5240 1100 5296 exturbatum
1129 5241 1181 5295 in
1207 5242 1482 5310 praesentis
1516 5243 1638 5297 vita:
1670 5244 1850 5299 turbas
1875 5247 2058 5316 conje-

476 5332 587 5386 cit?
615 5333 728 5387 lucc
765 5333 909 5388 enim
941 5341 1063 5386 sunt
1092 5346 1198 5387 non
1223 5332 1582 5400 adjumentum
1613 5337 1935 5404 praestantis,
1963 5339 2058 5394 sed

477 5423 797 5479 insidiantis.
823 5423 866 5477 A
889 5424 1127 5489 muliere,
1173 5423 1344 5494 inquit
1383 5423 1494 5489 ille,
1532 5425 1732 5479 initium
1770 5431 1980 5497 peccati,
2013 5442 2060 5486 et

480 5523 684 5586 propter
707 5514 852 5569 illam
881 5516 1124 5570 morimur
1162 5531 1332 5571 omnes
1358 5513 1544 5584 (Eccli.
1575 5517 1663 5573 25.
1695 5519 1809 5590 53).
1844 5521 1909 5575 Et
1938 5522 2059 5578 hea-

473 5616 564 5660 tus
591 5604 804 5670 Paulus,
833 5605 1018 5673 Adam,
1046 5607 1140 5673 ait,
1167 5623 1267 5661 non
1294 5616 1364 5661 est
1390 5607 1645 5678 deceptus,
1680 5619 1732 5662 at
1762 5612 1932 5666 mulier
1965 5616 2055 5669 de-

473 5706 616 5768 cepta
638 5696 692 5752 in
721 5696 1128 5768 pra’varicatione
1151 5700 1249 5772 fuit
1278 5700 1354 5772 (l.
1386 5699 1515 5754 Tim.
1543 5699 1596 5754 2.
1632 5701 1744 5770 Η).
1775 5704 2051 5771 Quomodo

1180 287 1236 343 S.
1280 283 1561 342 .IOANNIS
1599 279 2076 339 CIIRYSOSTOMI
2121 278 2438 335 ARCIIIEI‘.
2481 279 3014 338 CONSTANTINOP.

3634 314 3636 316 τ
3657 287 3758 342 568

2170 397 2327 466 igitur
2349 397 2574 467 adjutrix
2618 409 2699 454 est
2727 416 2845 470 qua:
2885 401 3058 456 virum
3105 401 3207 457 suh
3234 412 3459 460 mortem
3499 407 3757 476 subjecit?

2169 493 2437 560 quomodo
2463 492 2716 561 adjntrix,
2744 509 2837 563 per
2861 510 3019 564 quam
3044 495 3135 550 Dei
3167 497 3280 563 ﬁlii,
3310 500 3550 569 adeoque
3569 515 3754 555 omnes

2170 591 2280 636 tum
2324 594 2518 637 terram
2563 585 2876 652 incolentes,
2923 601 3044 640 cum
3077 585 3222 653 feris,
3259 589 3583 656 volucribus,
3627 607 3753 646 cun-

2169 676 2373 744 ctisqttc
2394 676 2611 746 reliquis
2624 678 2980 732 animantibus
3002 678 3197 734 diluvio
3213 681 3372 736 deleti
3400 682 3560 736 sunt?
3583 698 3756 738 nonne

2168 784 2230 822 ea
2284 769 2485 836 justum
2529 769 2719 824 Jobum
2770 771 3087 840 perdidisset
3133 773 3277 843 (Job.
3321 774 3390 844 2)
3441 775 3540 829 nisi
3579 775 3624 830 is
3664 776 3756 830 ad;

2168 859 2382 913 modum
2414 875 2472 914 se
2497 861 2666 914 virum
2700 863 3052 930 praebuisset?
3092 881 3269 921 nonne
3299 865 3412 920 [nec
3441 865 3756 923 Samson’cm

2169 951 2397 1018 perdidit
2431 950 2578 1021 (Jud.
2614 953 2746 1021 16)?
2790 969 2968 1009 nonne
3008 970 3069 1010 ea
3101 957 3319 1034 perfecit
3364 970 3420 1013 ut
3449 960 3755 1017 universum

2170 1041 2515 1097 Hebraeorum
2546 1058 2718 1114 genus
2736 1045 3083 1117 Beelphegori
3112 1049 3408 1104 initiaretur
3430 1051 3615 1120 (Num.
3633 1053 3753 1126 25),

2167 1149 2232 1188 ac
2271 1145 2617 1205 eognatormn
2663 1139 2908 1192 manibus
2953 1141 3340 1195 trucidaretur?
3367 1142 3495 1208 Quis
3537 1145 3756 1214 potissi-

2167 1241 2313 1280 mum
2359 1225 2666 1281 Achaaluun
2706 1228 2921 1284 diabolo
2961 1231 3189 1300 prodidit
3235 1233 3309 1301 (5.
3340 1231 3466 1304 Reg.
3506 1234 3598 1291 21.
3629 1235 3754 1306 25),

2167 1326 2328 1385 atque
2352 1325 2474 1371 ante
2500 1333 2620 1371 eum
2646 1318 3105 1390 Salomonem(lb.
3127 1322 3210 1377 ll.
3238 1323 3313 1394 4),
3339 1335 3455 1394 post
3486 1335 3590 1380 tam
3620 1327 3758 1381 insi-

2165 1423 2322 1477 gnem
2368 1408 2679 1479 sapientiam
2713 1427 2776 1466 ac
2814 1412 3219 1468 celebritatem?
3261 1417 3448 1472 Nonne
3487 1418 3759 1489 hodieque

2169 1501 2293 1555 viris
2336 1503 2447 1558 suis
2487 1513 2731 1558 auctores
2759 1513 2884 1559 sunt
2919 1506 3083 1560 multa
3121 1507 3172 1561 in
3207 1509 3369 1564 Deum
3399 1510 3758 1566 admittendi?

2167 1607 2346 1646 nonne
2387 1592 2585 1648 idcirco
2628 1597 2841 1666 sapiens
2877 1597 2967 1652 ille
3012 1598 3267 1668 scriptum
3308 1601 3541 1669 reliquit,
3584 1602 3788 1672 Parva,

2166 1693 2241 1737 est
2277 1685 2463 1752 qumvis
2501 1686 2726 1753 pravitas
2768 1703 2875 1756 prce
2899 1689 3125 1743 mulieris
3157 1691 3398 1759 pravitate
3427 1691 3614 1762 (Eccli.
3657 1694 3754 1750 25.

2165 1774 2256 1846 26)
2278 1777 2301 1830 ?
2327 1777 2604 1844 Quomodo
2631 1779 2810 1850 igitur,
2842 1782 3031 1850 inquit,
3055 1782 3182 1838 dixit
3217 1783 3378 1852 Deus,
3405 1785 3681 1842 Faciamus
3711 1790 3756 1842 ei

2163 1869 2447 1937 adjutorem
2491 1871 2703 1925 similem
2750 1873 2848 1941 ipsi
2897 1872 3048 1944 (Gen.
3096 1874 3152 1928 2.
3193 1877 3327 1946 18)?
3379 1895 3550 1949 neque
3605 1882 3756 1936 enim

2165 1961 2420 2015 mentitur
2445 1962 2604 2017 Deus.
2645 1964 2826 2034 Neque
2857 1965 2907 2019 id
2935 1965 3177 2036 equidem
3220 1985 3469 2039 umquam
3496 1971 3752 2038 dixerim,

2165 2052 2382 2106 minime
2408 2055 2679 2123 gentium;
2710 2056 2802 2110 sed
2835 2072 2952 2126 qum
2989 2073 3049 2112 ea
3081 2058 3148 2114 de
3176 2074 3335 2115 causa
3375 2061 3512 2116 facta
3551 2071 3656 2128 est,
3700 2065 3753 2118 in

2164 2141 2419 2212 dignitate
2453 2159 2546 2199 sua
2594 2147 2878 2214 persistere
2926 2149 3120 2215 noluit;
3165 2152 3611 2220 quemadmodum
3653 2172 3760 2212 nec

2165 2234 2280 2302 ejus
2307 2235 2406 2289 vir.
2439 2234 2568 2290 Nam
2603 2246 2657 2292 et
2698 2254 2818 2292 eum
2849 2239 2914 2294 ad
2952 2241 3230 2312 imaginem
3263 2253 3315 2298 et
3345 2245 3754 2302 similitudinem

2163 2337 2312 2378 suam
2363 2327 2503 2380 Deus
2552 2327 2836 2382 fabricatus
2884 2339 2966 2384 est
2993 2332 3044 2386 ¹;
3079 2347 3199 2386 nam
3227 2334 3319 2401 ait,
3352 2334 3626 2390 Faciamus
3653 2339 3754 2390 Ιιο-

2175 2414 2368 2466 minem
2394 2414 2464 2469 ad
2485 2415 2767 2486 imaginem
2793 2429 2842 2473 et
2861 2421 2931 2472 ad
2951 2422 3352 2478 similitudinem
3373 2436 3614 2480 nostram
3637 2426 3755 2497 (Id.

2138 2496 2221 2560 ’1.
2249 2506 2372 2576 26);
2401 2517 2462 2563 ιιι
2484 2517 2538 2564 et
2567 2510 2728 2576 dixit,
2760 2509 3051 2569 Faciamus
3079 2516 3128 2570 ei
3157 2515 3457 2582 adjutorem
3479 2534 3499 2580 ;
3525 2517 3620 2573 sed
3649 2496 3760 2588 iqu'.

2165 2608 2390 2672 utroque
2433 2602 2688 2671 przeditus
2731 2613 2890 2669 esset,
2932 2613 3213 2677 utrumque
3257 2609 3500 2678 protinus
3548 2611 3756 2665 amisit.

2163 2689 2295 2745 Nam
2348 2706 2448 2747 nec
2496 2692 2895 2750 similitudinem
2949 2698 3304 2764 conservavit,
3361 2701 3449 2771 qui
3502 2701 3758 2757 absurdae

2163 2781 2436 2852 cupiditati
2477 2797 2537 2839 se
2580 2783 2864 2848 dediderit,
2906 2800 2968 2841 ac
3007 2786 3129 2842 dolo
3169 2799 3376 2858 captus,
3422 2791 3757 2861 voluptatem

2163 2874 2382 2930 minime
2430 2874 2674 2946 fregerit;
2725 2886 2777 2933 et
2825 2877 2965 2948 quod
3001 2888 3116 2934 erat
3157 2881 3208 2935 in
3245 2895 3311 2936 eo
3356 2883 3421 2936 ad
3466 2883 3757 2952 imaginem

2166 2966 2283 3029 Dei,
2343 2968 2502 3022 etiam
2556 2969 2756 3022 nolenti
2806 2968 3063 3040 deinceps
3109 2981 3355 3042 ereptum
3411 2983 3512 3029 est.
3566 2974 3759 3045 Neque

2166 3057 2309 3113 enim
2362 3059 2500 3114 Dens
2545 3074 2704 3130 parva
2754 3061 2960 3130 imperii
3007 3072 3156 3132 parte
3201 3079 3322 3118 cum
3359 3065 3650 3135 mulctavit,
3700 3079 3756 3123 et

2164 3164 2284 3203 eum
2328 3151 2416 3220 qui
2473 3151 2719 3205 omnibus
2758 3152 3008 3207 terribilis
3055 3163 3202 3209 esset
3235 3155 3382 3210 velut
3419 3155 3600 3221 herus,
3650 3172 3757 3213 ceu

2165 3242 2426 3312 ingratum
2471 3260 2710 3311 servum,
2742 3246 2830 3315 qui
2868 3247 3142 3302 dominum
3169 3249 3494 3318 offendisset,
3526 3267 3758 3308 conscr-

2164 3334 2245 3395 vis
2272 3334 2650 3404 deSpicabilem
2677 3337 2874 3392 ell‘eeit.
2903 3337 3034 3393 Nam
3065 3340 3219 3396 initio
3239 3343 3396 3396 etiam
3425 3341 3552 3398 feris
3576 3345 3757 3398 omni.

2164 3426 2263 3481 bus
2295 3428 2484 3482 terrori
2525 3436 2674 3494 erat;
2716 3443 2902 3484 omnes
2931 3433 3126 3501 quippe
3163 3433 3304 3487 Deus
3347 3433 3413 3492 ad
3461 3434 3607 3489 illum
3650 3437 3757 3490 ad-

2164 3519 2334 3585 duxit,
2368 3535 2539 3590 neque
2571 3521 2674 3577 ulla
2706 3537 2826 3576 eum
2856 3523 3054 3580 laedere
3095 3539 3158 3579 ac
3199 3525 3448 3582 invadere
3475 3538 3560 3581 est
3586 3542 3754 3591 ausa;

2166 3611 2376 3666 videbat
2403 3613 2598 3682 quippe
2641 3613 2692 3667 in
2732 3628 2798 3668 eo
2837 3613 3165 3670 relucentem
3199 3616 3480 3687 imaginem
3519 3618 3754 3687 regiam.

2165 3703 2308 3771 Quas
2337 3703 2426 3758 ubi
2467 3712 2618 3759 notas
2645 3713 2865 3774 peccato
2891 3704 3226 3773 deformavit,
3261 3722 3382 3762 eum
3411 3707 3549 3762 Deus
3575 3708 3755 3777 impe-

2166 3798 2246 3854 rio
2272 3799 2486 3868 dejecit.
2521 3799 2700 3870 Igitur,
2745 3800 2865 3856 licet
2903 3802 3169 3866 omnibus,
3197 3818 3316 3872 qua:
3346 3803 3397 3857 in
3440 3812 3578 3858 terra
3617 3805 3754 3870 sint,

2165 3888 2299 3942 adeo
2326 3905 2430 3943 non
2460 3890 2703 3959 imperet,
2735 3899 2793 3945 ut
2820 3892 3061 3959 quazdam
3109 3893 3268 3946 etiam
3309 3891 3524 3948 horreat
3551 3909 3614 3949 ac
3641 3894 3757 3950 lur-

2167 3979 2365 4044 midet,
2400 3975 2491 4034 Dei
2517 3981 2834 4035 sententiam
2891 3982 3032 4036 illam
3086 3983 3347 4038 mendacii
3400 3999 3503 4039 non
3550 3988 3751 4056 arguit,

2167 4069 2236 4125 Et
2289 4070 2610 4125 dominentur
2659 4075 2999 4128 animantibus
3056 4085 3201 4130 terra:
3221 4077 3326 4148 (Ib.
3353 4097 3398 4136 v.
3425 4080 3754 4152 28):ncqne

2164 4162 2308 4218 enim
2333 4163 2450 4232 ejus
2479 4163 2567 4234 qui
2595 4164 2762 4231 dedit,
2792 4166 2885 4222 sed
2913 4167 3001 4237 qui
3033 4169 3236 4239 accepit
3264 4171 3391 4225 vitio
3416 4187 3477 4225 ea
3508 4182 3750 4242 potestas

2167 4254 2393 4323 prmcisa
2441 4263 2525 4309 est
2554 4272 2566 4308 :
2599 4255 2669 4310 ita
2706 4270 2805 4311 nec
2843 4257 3050 4312 insidiae
3079 4275 3198 4330 qua:
3226 4260 3352 4316 viris
3390 4261 3457 4316 ab
3492 4263 3754 4319 uxoribus

2166 4354 2463 4411 struuntur,
2498 4345 2599 4401 hoc
2627 4346 2825 4403 dictum
2854 4348 3191 4418 labefactant,
3224 4351 3495 4407 Faciamus
3523 4357 3570 4408 ei
3591 4356 3751 4423 adju-

2168 4445 2324 4490 torem
2348 4437 2560 4491 similem
2587 4440 2685 4507 ipsi
2708 4456 2720 4491 :
2748 4455 2870 4494 nam
2897 4437 2978 4495 ad‘
2995 4440 3094 4496 hoc
3114 4455 3417 4513 comparata
3443 4456 3544 4509 est,
3575 4447 3669 4500 sed
3695 4448 3749 4501 in

2167 4542 2232 4581 eo
2263 4543 2368 4583 non
2399 4532 2706 4599 permansit.
2735 4529 2872 4598 Quin
2916 4532 3046 4588 illud
3077 4544 3338 4604 prmterca
3383 4537 3555 4593 afferri
3582 4539 3751 4594 etiam

2169 4630 2369 4688 posset,
2415 4635 2534 4676 eam
2582 4621 2649 4676 ad
2698 4624 2976 4692 przesentis
3021 4626 3143 4681 vita:
3187 4635 3406 4696 statum,
3459 4629 3750 4684 liberorum

2169 4712 2631 4780 procreationem,
2688 4723 2846 4784 atque
2889 4716 3101 4772 insitam
3143 4719 3195 4773 in
3243 4730 3428 4774 natura
3474 4720 3750 4776 libidinem

2165 4801 2528 4871 adjumentum
2579 4815 2832 4874 prtestare
2870 4825 2888 4860 ί
2921 4807 3013 4862 sed
3061 4823 3181 4863 cum
3231 4818 3284 4864 et
3330 4811 3452 4864 vita:
3483 4811 3660 4881 hujus,
3698 4822 3753 4868 et

2168 4894 2370 4949 sobolis
2413 4896 2794 4964 procreandaa,
2844 4907 2897 4954 et
2952 4899 3184 4955 libidinis
3241 4900 3492 4972 deinceps
3543 4911 3752 4972 tempus

2168 5000 2272 5040 non
2305 4986 2390 5052 sit,
2420 4985 2543 5055 quid
2583 4986 2712 5041 mihi
2761 4989 2876 5058 ejus
2909 4988 3046 5044 hanc
3091 4991 3141 5044 in
3185 5003 3388 5062 partem
3437 4991 3750 5062 adjutricem

2169 5075 2359 5132 frustra
2404 5079 2701 5135 memoras?
2736 5078 2868 5134 Nam
2902 5097 3016 5152 qua:
3059 5081 3123 5136 ad
3167 5083 3384 5138 minima
3424 5085 3593 5138 solum
3633 5087 3752 5140 usui

2167 5169 2254 5236 sit,
2295 5185 2412 5225 eam
2453 5171 2496 5226 si
2545 5172 2610 5226 ad
2655 5188 2845 5244 magna
2887 5176 3085 5229 sociam
3122 5175 3392 5243 adhibeat,
3439 5192 3545 5231 non
3592 5177 3753 5232 modo

2167 5260 2297 5316 nihil
2321 5262 2580 5332 proﬁciet,
2603 5263 2694 5318 sed
2721 5266 2880 5319 etiam
2901 5266 3042 5319 curis
3071 5265 3407 5335 impcdietnr.

2239 5356 2445 5411 XLVII.
2490 5356 2754 5422 Quomodo
2785 5357 2948 5411 virum
2985 5358 3187 5428 adjuvet
3216 5361 3422 5413 uxorin
3465 5361 3752 5430 spirituali-

2167 5451 2522 5518 bus.—Quid
2551 5453 2727 5522 igitur,
2777 5452 2967 5521 inquit,
3009 5452 3076 5508 ad
3117 5453 3336 5509 Paulum
3376 5455 3638 5522 dicemus,
3665 5470 3755 5510 cu-

2160 5541 2250 5610 jus
2289 5542 2446 5596 verba
2490 5541 2607 5596 hmo
2645 5550 2807 5595 sunt:
2838 5541 2937 5608 Qui
2963 5544 3080 5611 scis,
3113 5546 3314 5612 mulier,
3353 5546 3400 5602 si
3443 5547 3604 5601 virum
3641 5547 3750 5600 sal-

2164 5654 2268 5778 sulll
2282 5653 2602 5766 113mm”
2639 5653 2816 5706 desum
2853 5656 2900 5704 ί¹¹
2936 5653 3100 5707 "0m-
3123 5669 3234 5719 (ιυὲ
3275 5671 3336 5708 ex
3365 5665 3481 5721 nec.
3521 5668 3572 5710 et
3610 5657 3750 5710 savtl.
