4056 6208
277 252 388 308 509
761 327 775 339 .

274 385 392 425 eum
423 367 580 438 {acies
615 366 695 435 (Ι.
726 363 841 417 Cor.
871 365 924 417 7.
965 360 1092 431 l6)?
1117 360 1311 431 quique
1348 358 1462 429 ejus
1487 355 1852 427 adjumentum

273 462 434 517 etiam
474 460 529 511 in
566 455 891 525 spiritalibus
934 453 1294 508 necessarium
1320 447 1545 505 censet?
1582 446 1648 502 Et
1678 461 1779 517 ego
1806 445 1856 501 id

274 548 539 605 conﬁteor
582 565 596 600 ε
641 560 748 600 non
791 544 935 599 enim
984 558 1103 597 eam
1145 541 1214 597 ab
1251 541 1398 596 omni
1445 538 1666 609 spiritali
1708 537 1858 608 adju-

271 650 451 695 mento
478 636 739 701 excludo;
780 636 998 690 minime
1024 649 1189 700 vero;
1221 633 1316 688 sed
1356 632 1409 687 in
1457 646 1574 687 eam
1606 640 1859 701 praestare

268 731 411 794 dico,
447 744 553 784 non
583 744 703 783 cum
728 734 944 783 exercet
973 741 1035 781 ea
1066 740 1185 795 qua:
1225 723 1549 779 matrimonii
1586 730 1732 788 sunt,
1763 719 1861 776 sed

268 838 388 877 cum
431 820 681 876 muliebri
719 835 851 875 sexu
896 817 1155 889 praedita,
1197 816 1264 872 ad
1305 816 1581 872 beatorum
1622 815 1860 870 virorum

268 915 521 968 virtutem
558 912 755 969 evadit.
784 911 969 982 Neque
994 911 1137 965 enim
1160 919 1394 979 compta,
1424 908 1670 974 delicata,
1700 920 1862 977 pecu-

266 1004 470 1059 niarias
509 1003 718 1061 reditus
758 1017 791 1057 a
832 1002 947 1058 viro
982 1001 1245 1073 ﬂagitans,
1277 999 1517 1071 prodiga,
1550 1005 1862 1068 sumptuosa

265 1113 386 1152 cum
416 1096 632 1166 eripere
655 1102 837 1165 queat,
859 1092 957 1149 sed
983 1108 1105 1149 cum
1133 1091 1217 1147 his
1245 1091 1405 1147 rebus
1429 1090 1676 1146 omnibus
1699 1088 1865 1144 subli-

267 1181 428 1253 mior,
477 1185 830 1257 apostolicam
870 1185 923 1239 in
963 1200 1024 1241 se
1066 1187 1226 1240 vitam
1274 1181 1547 1251 exprimit,
1598 1194 1861 1234 summam

268 1279 596 1348 probitatem
617 1286 671 1333 ct
693 1276 1031 1344 modestiam,
1044 1286 1097 1331 et
1115 1275 1456 1347 pecuniarum
1475 1280 1861 1341 contemptum,

265 1384 321 1426 et
352 1371 702 1427 tolerantiam
731 1371 1127 1436 demonstrans,
1157 1368 1232 1423 ita
1274 1383 1397 1423 eum
1434 1366 1651 1422 demum
1693 1378 1864 1432 expu-

266 1478 435 1531 gnare
476 1463 674 1532 poterit
702 1480 716 1517 :
745 1478 869 1518 cum
905 1462 1047 1518 dicet
1073 1478 1087 1515 :
1118 1460 1371 1514 Alimenta
1400 1467 1550 1528 atque
1579 1464 1863 1528 tegumenta

271 1556 537 1622 habentes,
568 1554 630 1609 iis
650 1555 871 1608 contenti
895 1570 1070 1609 sumus
1103 1552 1182 1624 (1.
1212 1550 1347 1606 Tim.
1378 1549 1431 1606 6.
1467 1548 1522 1620 8)
1554 1566 1568 1601 :
1601 1563 1722 1604 cum
1750 1546 1867 1601 hare

271 1647 430 1703 rebus
473 1646 607 1716 ipsis
647 1645 959 1712 meditatur,
997 1660 1061 1700 ac
1096 1643 1431 1714 corporalem
1474 1649 1702 1696 mortem
1741 1638 1866 1694 irri-

268 1738 426 1806 dens,
477 1739 640 1792 vitam
673 1737 813 1793 hanc
838 1746 1154 1808 pnesentem
1201 1734 1334 1790 nihil
1377 1748 1500 1789 esse
1542 1732 1713 1788 dicit:
1742 1746 1864 1784 cum

270 1846 492 1885 onmem
514 1831 639 1885 vita:
655 1829 812 1901 hujus
830 1828 1056 1899 gloriam
1083 1825 1374 1883 secundum
1400 1823 1716 1896 prophetam
1737 1820 1866 1878 lani

271 1927 462 1980 florem
489 1924 761 1981 existimat
790 1921 942 1995 (ικαὶ.
974 1922 1064 1978 40.
1091 1922 1166 1991 7).
1196 1919 1310 1975 Non
1342 1918 1501 1990 igitur
1522 1932 1641 1987 qua:
1668 1914 1866 1970 mulie-

272 2015 443 2071 briter
469 2031 594 2070 cum
616 2014 731 2069 viro
751 2019 1087 2079 consuescat,
1116 2012 1194 2067 sic
1212 2010 1385 2065 virum
1405 2022 1623 2064 servare
1650 2004 1865 2076 poterit,

278 2106 372 2161 sed
430 2104 556 2160 dum
601 2104 964 2175 evangelicam
1006 2104 1170 2158 vitam
1221 2097 1531 2173 praestabit;
1578 2096 1684 2153 hoc
1719 2094 1866 2151 enim

280 2197 469 2251 multae
493 2197 655 2251 etiam
679 2196 820 2251 citra
839 2194 1249 2249 matrimonium
1279 2194 1548 2247 fecerunt.
1577 2188 1713 2245 Nam
1746 2188 1866 2244 Pri-

285 2287 471 2353 scilla,
504 2284 690 2355 inquit
730 2285 875 2355 (Act.
914 2285 1025 2355 l8),
1048 2284 1285 2340 ascitum
1314 2282 1509 2353 Apollo
1531 2296 1627 2353 per
1650 2295 1869 2337 omnem

272 2382 519 2441 veritatis
549 2382 688 2437 viam
729 2379 971 2437 deduxit.
1013 2378 1165 2447 Quod
1212 2377 1259 2432 si
1302 2390 1445 2432 nunc
1492 2390 1599 2430 non
1632 2374 1778 2438 licet.
1813 2380 1873 2429 at

273 2464 506 2545 possunt
546 2472 759 2528 interim
802 2486 929 2542 erga
969 2469 1224 2525 mulieres
1266 2467 1408 2525 idem
1458 2466 1694 2522 studium
1733 2481 1871 2536 pra:-

268 2577 442 2631 siare,
492 2561 849 2632 eamdemque
889 2560 1119 2616 fructum
1165 2559 1376 2624 facere;
1425 2573 1549 2612 nam
1590 2555 1734 2628 quod
1757 2555 1868 2627 jam

266 2657 401 2724 dixi,
440 2669 642 2724 neque,
674 2653 763 2708 illa
801 2651 1054 2722 quoniam
1097 2650 1293 2722 conjux
1337 2658 1441 2716 est,
1472 2648 1649 2704 virum
1683 2647 1868 2703 trahit.

272 2744 492 2816 Ali-qni
520 2743 653 2798 nihil
678 2751 900 2807 vetaret,
933 2741 1201 2797 neminem
1236 2754 1303 2795 ex
1345 2738 1413 2795 iis
1439 2737 1528 2808 qui
1557 2752 1779 2793 uxorem
1809 2736 1871 2790 ﬁ—

268 2838 450 2893 delem
478 2835 713 2889 habeant
747 2832 1013 2888 inﬁdelem
1044 2845 1284 2897 manere,
1316 2829 1360 2885 si
1381 2827 1597 2900 quidem
1637 2841 1868 2883 consuc-

271 2928 401 2984 tudo
426 2942 498 2981 ac
525 2925 803 2981 convictus
828 2940 942 2980 rem
965 2924 1213 2980 ell'cctam
1244 2922 1417 2977 daret.
1449 2922 1520 2975 At
1548 2935 1654 2975 non
1683 2919 1754 2974 ita
1782 2932 1869 2975 res

270 3036 330 3075 se
354 3019 558 3085 habet;
586 3015 682 3073 scd
698 3017 743 3072 si
759 3016 977 3072 multam
990 3013 1376 3086 philosophiam
1392 3024 1553 3085 atque
1566 3009 1872 3083 patientiam

272 3107 611 3175 exhibeat,si
623 3108 851 3180 conjugii
867 3105 1194 3162 calamitates
1203 3104 1461 3171 derideat,
1473 3114 1631 3174 atque
1642 3102 1692 3158 id
1707 3116 1872 3157 unum

271 3202 495 3258 assidue
533 3200 803 3271 negotium
837 3199 1018 3265 ducat,
1057 3196 1111 3252 id
1152 3210 1281 3253 vero
1324 3204 1409 3252 est
1431 3194 1571 3266 quod
1598 3192 1715 3264 ejus
1750 3207 1872 3249 cum

270 3312 379 3366 quo
427 3293 639 3348 habitat
679 3292 922 3346 animum
968 3291 1174 3345 salvum
1212 3295 1463 3359 prwstet:
1495 3286 1580 3341 sin
1624 3286 1874 3357 persistat

274 3384 565 3440 muliebria
609 3383 899 3454 postulare,
941 3381 991 3437 ei
1036 3388 1195 3435 nocet
1236 3379 1404 3450 magis
1436 3392 1596 3449 quam
1632 3377 1869 3448 prodest.

274 3478 391 3532 lam
425 3491 558 3532 vero
586 3476 667 3531 vel
696 3476 774 3530 sic
815 3490 929 3530 rem
974 3474 1026 3528 in
1055 3474 1242 3544 primis
1270 3472 1544 3528 difﬁcilem
1578 3486 1717 3536 esse,
1747 3470 1871 3526 audi

276 3570 401 3639 quid
448 3568 596 3623 dit-at
626 3587 640 3622 :
667 3567 768 3633 Qui
813 3567 913 3621 scis
956 3566 1108 3629 enim,
1148 3564 1352 3632 mulier,
1398 3564 1443 3619 si
1481 3564 1644 3618 virum
1678 3564 1876 3617 salttum

281 3662 485 3733 (Mica?
523 3676 631 3731 quo
673 3657 1033 3729 interrogandi
1071 3671 1266 3727 genere
1311 3655 1387 3711 uti
1422 3654 1659 3711 solemus
1705 3652 1758 3708 itt
1810 3653 1875 3709 iis

279 3770 398 3823 qua:
444 3750 741 3807 ittSolenter
767 3749 1034 3804 accidunt.
1075 3747 1213 3815 Quid
1254 3761 1383 3802 vero
1425 3753 1544 3817 post
1580 3744 1670 3800 illa
1704 3744 1876 3800 dicit?

282 3844 541 3916 Alligatus
569 3859 619 3896 es
646 3841 834 3895 uxori?
862 3840 967 3894 noli
991 3854 1213 3910 quwrere
1236 3838 1577 3900 solutionem;
1600 3838 1793 3891 solatus
1824 3851 1877 3890 es

282 3936 344 3988 ab
385 3935 594 3989 uxore?
636 3933 743 3986 noli
780 3947 1005 4003 qumrere
1042 3946 1270 3985 uxorem.
1311 3929 1491 3991 Vides,
1542 3937 1601 3983 ut
1635 3928 1877 3984 assiduas

287 4026 631 4081 transitiones
659 4023 836 4089 laciat,
865 4030 919 4078 et
946 4023 1196 4092 frequens
1221 4020 1440 4076 omnino
1464 4020 1482 4051 ¹
1499 4019 1773 4089 utriusque
1787 4032 1878 4074 co-

287 4116 608 4171 hortationis
641 4115 786 4170 velut
814 4112 1321 4184 temperamentum?
1349 4110 1481 4166 Nam
1513 4119 1571 4165 ut
1593 4109 1663 4166 de
1691 4109 1878 4164 matri-

289 4208 472 4261 monio
490 4203 840 4276 disputationi
867 4203 935 4258 de
953 4201 1279 4257 continentia
1308 4214 1610 4256 sermonem
1637 4199 1877 4268 interpo-

295 4299 421 4364 suit,
448 4297 749 4351 auditorem
779 4294 990 4350 interim
1021 4299 1258 4349 cxcitaus
1279 4309 1293 4346 :
1314 4292 1389 4347 ita
1415 4299 1470 4347 et
1492 4288 1581 4345 hic
1603 4288 1878 4344 tractatio-

294 4407 412 4445 nem
443 4389 516 4444 de
550 4389 893 4444 matrimonio
918 4386 1150 4442 vicissim
1194 4385 1400 4450 inserit,
1441 4397 1566 4440 eum
1605 4396 1876 4439 recreans.

293 4481 534 4537 Exorsus
560 4495 592 4533 a
620 4478 945 4549 virginitate,
981 4489 1266 4548 antequam
1292 4475 1359 4532 de
1399 4490 1462 4531 ea
1486 4472 1686 4546 aliquid
1709 4472 1879 4528 dixis-

292 4582 394 4639 set,
438 4572 621 4626 statim
674 4570 741 4624 ad
788 4568 1180 4624 matrimonium
1238 4566 1503 4622 recurrit:
1532 4564 1662 4621 illud
1710 4564 1877 4631 enim,

298 4664 617 4734 l’rtrceptum
668 4679 771 4717 non
818 4660 1009 4724 habeo,
1052 4658 1492 4715 matrimonium'
1528 4656 1882 4728 permittentis

292 4767 348 4811 et
371 4754 759 4811 introducentis
778 4763 881 4808 est.
911 4752 1045 4808 Tum
1070 4751 1158 4806 ubi
1187 4750 1254 4805 ad
1285 4749 1641 4820 virginitatem
1665 4756 1879 4803 ventum

291 4859 397 4913 est,
426 4848 757 4918 dictumque,
783 4846 1013 4900 Arbitror
1039 4846 1132 4898 hoc
1152 4844 1335 4898 bonum
1368 4857 1497 4908 esse,
1526 4856 1648 4897 cum
1675 4839 1884 4895 videret

292 4940 411 5009 ejus
437 4954 632 4994 nomen
663 4936 878 4992 assidue
904 4944 1213 5005 usurpatum
1234 4932 1475 4989 delicatis
1503 4932 1718 4988 auribus
1744 4932 1885 4987 mul~

294 5046 405 5084 tam
441 5029 788 5085 acerbitatem
829 5027 1040 5091 aﬂ’erre.
1078 5041 1184 5082 non
1226 5025 1517 5080 identidem
1557 5024 1611 5080 id
1652 5024 1881 5096 repetit;

292 5123 423 5192 quin
454 5121 720 5191 explicata
763 5121 896 5175 satis
934 5118 1086 5190 gravi
1123 5132 1284 5174 causa
1318 5116 1386 5172 ad
1411 5117 1526 5187 ejus
1557 5115 1766 5172 labores
1791 5130 1883 5172 so-

295 5212 508 5280 Iandos,
539 5211 593 5266 id
613 5220 715 5277 est,
743 5212 963 5267 instanti
988 5209 1324 5275 necessitate,
1352 5223 1421 5263 ne
1442 5208 1521 5263 sic
1543 5206 1759 5278 quidem
1784 5222 1884 5262 au-

296 5320 391 5359 sus
434 5313 521 5360 est
567 5304 927 5374 virginitatem
978 5302 1171 5356 iterum
1222 5300 1532 5367 nominare;
1577 5300 1674 5356 scd
1714 5299 1886 5370 quid?

306 5393 500 5450 Bonum
548 5405 622 5450 est
660 5395 852 5449 honuni
897 5394 971 5449 sic
1007 5409 1135 5451 esse.
1178 5391 1363 5465 Neque
1406 5407 1524 5450 eam
1567 5391 1887 5449 sententiam

301 5490 666 5561 prosequitur,
709 5489 804 5545 sed
846 5504 909 5545 ea
938 5490 1232 5561 interrupta
1280 5496 1335 5545 et
1362 5487 1552 5557 incisa,
1582 5488 1890 5559 priusquam

370 5635 386 5695 ἰ
422 5633 494 5682 sic
511 5632 652 5695 juxta
666 5631 884 5695 SaviLtn
908 5641 955 5687 Β.
970 5671 985 5695 ,
1008 5632 1142 5686 ιη·ευί
1163 5628 1429 5685 intervallo.
1510 5638 1564 5679 tt.

371 5694 394 5726 ι
428 5702 547 5759 vos,
564 5694 927 5765 mummium,
949 5694 1095 5753 deest
1122 5701 1174 5751 in
1198 5702 1318 5758 tteg.

1611 240 1700 297 DE
1742 241 1776 294 ν
1788 238 2195 297 ιιωιΝιΤΑΤε.

2330 140 2352 169 Ι

3443 238 3548 295 570

1966 355 2145 427 gravis
2177 353 2468 421 videretur,
2497 354 2566 410 de
2605 355 2946 412 matrimonio
2980 372 3193 413 rursum
3220 357 3434 416 disserit
3462 360 3545 416 his

1965 446 2181 503 verbis:
2211 444 2464 516 Alligatus
2518 462 2570 500 es
2606 446 2792 501 uxori?
2824 448 2928 503 noli
2978 464 3201 518 quiet-ere
3248 451 3547 507 solutionem

1964 538 2040 610 (l.
2064 539 2182 595 Cor.
2215 542 2266 596 7.
2299 537 2412 607 27).
2443 540 2574 596 Nam
2602 541 2657 597 ni
2687 542 2738 597 id
2770 550 2934 608 esset,
2963 541 3061 597 nisi
3088 542 3140 597 id
3182 541 3269 598 hic
3296 542 3547 599 solatium

1966 645 2156 700 parare
2189 635 2480 705 cogitaret,
2508 638 2744 706 ineptum
2769 643 2913 691 esset
2958 636 3310 706 virginitatem
3349 651 3548 693 consu-

1968 721 2167 779 lentem
2205 725 2274 780 de
2314 727 2651 783 matrimonio
2688 728 3074 798 philosophari.
3122 729 3323 785 Deinde
3358 730 3549 785 iterum

1968 812 2034 869 ad
2060 814 2411 885 virginitatem
2442 818 2664 884 transit;
2712 834 2774 873 ac
2818 835 2884 872 ne
2924 835 3063 874 nunc
3090 820 3307 890 quidem
3338 822 3551 891 proprio

1969 907 2185 964 nomine
2208 908 2463 978 appellat,
2489 908 2583 966 sed
2610 909 2771 979 quid?
2798 909 3013 965 Solutus
3039 927 3091 964 es
3119 911 3181 964 ab
3216 927 3374 966 tutore
3395 914 3421 966 ?
3446 913 3553 966 noli

1967 1015 2189 1070 quareret
2231 1016 2461 1055 uxorem.
2493 1003 2563 1056 At
2587 1001 2732 1056 enim
2772 1015 2840 1057 ne
2868 1016 3117 1066 vereare;
3144 1016 3250 1056 non
3288 1002 3339 1056 id
3366 1013 3553 1058 censet

1968 1100 2127 1160 atque
2150 1090 2325 1145 sancit
2351 1107 2364 1143 :
2400 1106 2567 1161 prope
2593 1101 2677 1148 cst
2704 1092 2849 1147 enim
2877 1107 3087 1147 rursum
3116 1094 3184 1147 de
3210 1093 3554 1148 matrimonio

1970 1197 2168 1248 sermo,
2219 1192 2477 1238 terrorem
2523 1198 2643 1239 cum
2689 1183 2905 1240 solvens
2952 1183 3037 1240 bis
3069 1185 3286 1240 verbis:
3320 1184 3469 1252 Quod
3508 1185 3555 1241 si

1971 1273 2175 1327 duxeris
2199 1312 2215 1337 ,
2265 1290 2366 1328 non
2394 1275 2609 1343 peccasti
2640 1273 2797 1345 (Ibid.
2822 1291 2871 1328 υ.
2900 1273 3015 1347 28).
3062 1275 3131 1330 At
3153 1290 3252 1330 nec
3283 1275 3392 1345 jam
3417 1291 3550 1330 con-

1970 1365 2122 1431 cide;
2153 1380 2273 1420 nam
2303 1367 2494 1423 iterant
2532 1375 2583 1422 te
2610 1367 2676 1423 ad
2708 1367 3062 1438 virginitatem
3092 1368 3273 1424 trahit.
3301 1370 3477 1439 Atque
3498 1368 3552 1424 id

1968 1466 2055 1512 est
2077 1457 2219 1527 quod
2244 1457 2378 1525 vult,
2408 1457 2630 1525 docens,
2657 1457 2749 1529 qui
2789 1458 3188 1514 matrimonium
3228 1458 3432 1526 ineant,
3458 1473 3555 1515 eos

1972 1548 2191 1603 multam
2236 1547 2289 1603 iu
2333 1562 2496 1603 carne
2536 1548 2931 1611 tribulationem
2972 1549 3257 1607 sustinere.
3296 1549 3365 1606 Ut
3408 1550 3553 1605 enim

1973 1640 2156 1711 optimi
2185 1641 2380 1711 quique
2410 1641 2599 1698 medici
2626 1650 2682 1697 et
2704 1642 2917 1712 benigni
2937 1656 3178 1697 amarum
3196 1642 3554 1698 medicamen-

1975 1742 2084 1786 tum
2114 1741 2205 1786 aut
2246 1733 2539 1788 sectionem
2582 1743 2674 1788 aut
2709 1733 3083 1790 ustulationem
3119 1743 3213 1789 aut
3249 1735 3424 1790 simile
3455 1736 3552 1789 διες

1973 1823 2097 1894 quid
2143 1824 2454 1892 adhibituri,
2497 1840 2605 1882 non
2648 1826 2900 1885 continuo
2931 1836 3100 1883 totum
3144 1836 3420 1899 peragunt,
3460 1830 3554 1884 sed

1972 1915 2095 1970 data
2126 1915 2337 1972 interim
2363 1932 2506 1988 agro
2535 1918 2906 1987 respiratione,
2939 1918 3012 1974 ita
3034 1932 3249 1988 semper
3266 1920 3411 1989 quod
3429 1920 3554 1974 reli-

1973 2021 2135 2074 quum
2170 2014 2254 2061 est
2291 2005 2598 2063 adducunt:
2624 2007 2692 2063 ad
2731 2008 2979 2065 eumdem
3023 2010 3239 2065 modum
3280 2020 3334 2066 et
3367 2010 3557 2069 beatus

1976 2095 2172 2150 l‘aulns
2198 2096 2513 2166 virginitatis
2551 2099 2830 2152 consilium
2861 2113 2966 2157 non
3004 2099 3124 2155 sine
3163 2099 3557 2157 intermissione

1974 2194 2027 2240 et
2051 2193 2306 2255 perpetuo
2331 2201 2397 2242 ac
2419 2196 2810 2257 consequenter
2834 2188 3118 2259 pertexuit,
3150 2189 3245 2245 scd
3271 2190 3338 2246 de
3372 2191 3557 2246 matri-

1974 2278 2159 2335 monio
2197 2280 2480 2336 sententiis
2522 2280 2575 2335 id
2602 2280 2815 2337 assidue
2843 2282 3255 2352 interrumpens,
3297 2292 3456 2354 atque
3484 2284 3557 2340 ita

1975 2368 2233 2424 molestia:
2276 2368 2418 2426 illius
2443 2385 2662 2428 sensum
2698 2370 2954 2440 eripiens.
2982 2371 3234 2428 blandam
3270 2388 3337 2429 ac
3360 2373 3556 2443 plausi-

1975 2458 2139 2517 bilem
2166 2461 2466 2517 orationem
2500 2460 2757 2518 reddidit.
2785 2462 2868 2521 0b
2905 2462 2958 2518 id
2986 2464 3148 2534 igitur
3172 2465 3314 2520 varia
3339 2475 3557 2522 sentcn-

1975 2552 2170 2607 tiarum
2209 2553 2363 2622 quasi
2395 2554 2629 2611 miscella
2670 2554 2809 2611 facta
2847 2563 2951 2611 est.
2979 2555 3087 2612 Sed
3122 2570 3300 2627 operte
3326 2549 3559 2627 pretium

1977 2661 2140 2716 porro
2158 2655 2242 2701 est
2256 2646 2370 2715 ipsa
2384 2647 2547 2703 etiam
2564 2647 2723 2703 verba
2741 2647 3014 2719 indagare.
3030 2648 3285 2720 Alligatus
3305 2668 3359 2706 es
3376 2652 3524 2706 uxori
3534 2653 3561 2707 2

1978 2738 2169 2809 inquit,
2200 2738 2306 2794 noli
2331 2754 2555 2809 eumue
2588 2740 2907 2796 solutionem.
2948 2741 3064 2798 Hoc
3092 2757 3201 2798 non
3241 2753 3349 2798 tam
3374 2758 3559 2800 consu-

1976 2831 2138 2886 lentis
2174 2840 2284 2897 est,
2324 2846 2486 2902 quam
2529 2832 2730 2889 vinculi
2777 2834 3115 2890 tenacitatem
3154 2850 3220 2891 ac
3253 2835 3560 2893 ﬁrmitatem

1977 2922 2416 2980 demonstrantis.
2453 2924 2810 2990 Quamobrem
2855 2936 3034 2981 autem
3061 2942 3167 2984 non
3204 2927 3360 2997 dixit,
3387 2928 3563 2986 Habes

1979 3012 2240 3069 uxorem?
2270 3030 2338 3070 ne
2364 3029 2483 3070 eam
2510 3014 2728 3081 desere;
2767 3030 2890 3072 cum
2932 3016 3020 3071 illa
3057 3018 3375 3089 conjunctus
3400 3020 3557 3087 vivis,

1982 3121 2053 3162 ne
2077 3104 2312 3173 discede,
2355 3105 2450 3162 sed
2480 3106 2751 3162 vinculum
2791 3106 3096 3178 conjugium
3124 3110 3376 3164 vocavit?
3400 3110 3563 3166 nimi-

1979 3214 2099 3254 rum
2127 3207 2184 3254 ut
2206 3197 2285 3254 rei
2309 3197 2652 3255 acerbitatem
2674 3197 2761 3254 hic
2785 3197 3113 3255 ostenderet.
3132 3198 3396 3269 Quoniam
3417 3201 3562 3256 enim

1981 3289 2050 3344 ad
2086 3290 2484 3346 matrimonium
2523 3305 2626 3346 ceu
2666 3291 2734 3347 ad
2773 3292 2981 3347 facilius
3019 3292 3175 3362 vulgo
3217 3304 3564 3359 concurrunt,

1983 3381 2239 3454 eotijuges
2262 3382 2500 3439 declarat
2525 3382 2659 3438 nihil
2681 3398 2711 3436 a
2736 3383 2930 3439 vinctis
2954 3381 3205 3451 dili‘erre;
3236 3400 3358 3440 nam
3383 3394 3442 3440 et
3477 3384 3567 3440 hic

1981 3490 2314 3546 quocumque
2345 3476 2483 3531 alter
2508 3477 2701 3542 trahat,
2723 3476 2877 3532 alteri
2902 3476 3234 3547 sequendum
3271 3487 3376 3544 est,
3397 3487 3491 3533 aut
3517 3480 3567 3534 si

1983 3582 2214 3637 pugnam
2241 3575 2472 3631 moveat,
2503 3582 2624 3623 cum
2647 3582 2714 3622 eo
2743 3583 2844 3623 una
2876 3568 3229 3638 pereundum.
3249 3568 3390 3637 Quid
3415 3584 3565 3638 vero,

1984 3656 2175 3726 inquit,
2212 3655 2258 3711 si
2288 3659 2371 3711 vir
2404 3656 2698 3712 dissolutus
2738 3656 2846 3722 sit,
2893 3673 2994 3727 ego
3017 3658 3300 3715 continens
3320 3673 3444 3715 esse
3471 3675 3566 3716 ve-

1985 3750 2076 3806 lim
2098 3751 2122 3805 ?
2144 3749 2378 3807 Necesse
2419 3759 2524 3817 est,
2550 3760 2608 3805 ut
2637 3761 2691 3806 tu
2722 3751 2869 3807 illum
2906 3751 3182 3820 sequaris;
3226 3752 3281 3806 id
3324 3753 3470 3809 enim
3508 3764 3569 3808 ut

1984 3842 2069 3897 vel
2106 3842 2298 3898 nolens
2332 3842 2511 3909 facias,
2534 3841 2767 3913 jucunda
2806 3842 3130 3898 matrimonii
3162 3851 3353 3898 catena
3380 3843 3564 3910 trahit,

1986 3936 2054 3991 ad
2082 3951 2310 4007 eumque
2335 3935 2477 4006 cogit
2515 3936 2606 4007 qui
2633 3946 2806 3991 tecum
2833 3934 2984 3991 initio
3024 3934 3304 3991 devinctus
3330 3945 3414 3991 est
3443 3953 3456 3990 :
3483 3936 3567 3991 sin

1986 4028 2228 4084 obnitare
2253 4043 2317 4084 ac
2350 4038 2402 4083 te
2425 4029 2693 4099 sejungas,
2734 4036 2791 4085 et
2825 4036 2877 4083 te
2913 4028 3135 4085 vinculis
3163 4042 3269 4084 non
3296 4028 3566 4095 exsolves,

1986 4129 2042 4177 et
2067 4122 2121 4175 in
2143 4128 2441 4176 extremum
2468 4121 2783 4190 supplicium
2809 4119 3085 4189 conjicies.

2058 4212 2290 4269 XLVIII.
2321 4213 2452 4279 Qua:
2468 4212 2622 4267 incito
2640 4213 2746 4267 viro
2765 4212 3027 4267 continens
3043 4210 3127 4277 sit,
3146 4211 3403 4280 graviores
3416 4228 3570 4282 quam

1988 4305 2031 4359 is
2055 4303 2142 4373 qui
2181 4301 2430 4358 adulterat
2445 4317 2624 4371 prunas
2647 4302 2997 4357 daturam.-—
3013 4299 3223 4359 ﬁenim
3244 4317 3368 4374 qua:
3396 4301 3570 4358 invito

1989 4397 2106 4451 viro
2138 4394 2433 4451 continens
2452 4401 2538 4450 est
2558 4433 2576 4462 ,
2607 4407 2713 4449 non
2744 4392 2921 4450 solum
2956 4393 3298 4450 conﬂuentis:
3334 4395 3571 4467 muniis

1989 4497 2136 4544 caret
2159 4528 2176 4554 ,
2204 4486 2301 4544 sed
2341 4485 2484 4541 illius
2514 4485 2676 4541 etiam
2704 4483 3021 4541 adulterium
3050 4486 3265 4555 gravius
3291 4499 3455 4558 quam
3483 4486 3572 4544 illo

1993 4578 2104 4636 luet
2127 4592 2191 4634 ac
2229 4577 2513 4649 plectetur.
2539 4574 2675 4644 Quid
2704 4576 2814 4632 ita?
2839 4575 2992 4645 Quod
3015 4590 3139 4631 eum
3164 4574 3400 4647 legitimo
3426 4577 3570 4633 coitu

1991 4670 2318 4736 fraudatum,
2347 4671 2402 4725 iu
2425 4668 2658 4726 lascivia:
2686 4667 2993 4726 barathrum
3014 4667 3333 4725 deturbarit.
3362 4668 3494 4724 Nam
3522 4669 3569 4724 si

1992 4780 2060 4823 eo
2086 4765 2304 4821 nolente
2333 4778 2433 4820 nec
2461 4763 2740 4820 minimum
2779 4762 2833 4818 id
2869 4761 3047 4818 facere
3087 4762 3443 4832 permittitur,
3466 4776 3572 4831 qua

1992 4862 2144 4917 venia
2171 4860 2327 4932 digna
2351 4859 2424 4915 sit
2447 4874 2568 4930 quae
2589 4873 2711 4914 eum
2738 4857 2926 4912 solatio
2954 4855 3057 4911 hoc
3080 4864 3337 4926 perpetuo
3363 4854 3578 4923 privat?

1996 4952 2065 5008 Et
2082 4951 2235 5023 quid,
2268 4951 2458 5019 inquit,
2485 4965 2550 5006 ea
2574 4947 2892 5005 necessitate
2917 4962 2981 5002 ac
3006 4947 3220 5002 miseria
3242 4945 3430 5000 durius
3454 4958 3577 5014 pos-

1994 5043 2065 5099 sit
2088 5041 2369 5100 accidere?
2391 5040 2461 5096 Et
2480 5053 2582 5110 ego
2603 5039 2743 5094 idem
2767 5037 2961 5093 sentio.
2990 5037 3101 5093 Cur
3122 5046 3174 5093 te
3199 5035 3502 5090 necessitati
3524 5036 3578 5090 ei

1995 5133 2254 5205 subjieist
2276 5132 2553 5188 enimvero
2578 5144 2699 5186 eam
2724 5129 2984 5185 rationem
3011 5142 3116 5183 non
3144 5134 3303 5196 post,
3330 5124 3426 5180 sed
3452 5135 3580 5180 ante

2000 5223 2396 5281 matrimonium
2416 5223 2730 5279 subductam
2742 5220 3043 5291 oportebat.
3064 5217 3243 5289 itaque
3261 5218 3421 5274 etiam
3442 5216 3581 5272 Pau-

1999 5316 2083 5372 bts
2110 5314 2383 5386 proposita
2410 5313 2626 5370 domum
2655 5311 2850 5369 vinculi
2875 5309 3192 5368 necessitate
3215 5349 3232 5375 ,
3263 5308 3331 5365 de
3352 5307 3579 5363 solutio-

2000 5422 2070 5463 ne
2090 5405 2479 5463 sermocinatur
2495 5423 2509 5460 :
2524 5405 2580 5462 ei
2598 5404 2899 5471 sententia,
2918 5400 3173 5472 Alligatus
3189 5416 3244 5455 es
3262 5402 3409 5456 tutori
3427 5400 3453 5455 .’
3475 5397 3586 5453 noli

1997 5513 2222 5568 sacrae
2239 5498 2560 5564 solutionem,
2578 5497 2724 5553 illam
2741 5494 2997 5563 subdens,
3015 5492 3229 5549 Solutus
3245 5510 3299 5548 es
3314 5493 3378 5548 ab
3393 5489 3589 5547 uxore!

2001 5604 2064 5644 tte
2089 5605 2256 5659 qurere
2284 5606 2512 5645 uxorem.
2541 5588 2598 5646 ω
2636 5596 2814 5643 autem
2839 5587 2996 5654 facit,
3024 5594 3087 5641 ut
3109 5593 3220 5641 tute
3250 5586 3398 5656 prius
3425 5597 3586 5639 accu-

2004 5690 2118 5739 rate
2139 5689 2420 5755 pcrspccta
2437 5695 2500 5738 ac
2518 5679 2729 5753 cognita
2748 5677 3075 5737 matrimonii
3091 5677 3143 5734 vi
3165 5672 3372 5734 facilius
3393 5676 3460 5733 de
3483 5683 3591 5727 ca-
