4056 6208
393 281 488 337 5⁸71

391 403 558 458 Ξὶιιιιιιι
584 402 879 459 orationem
906 399 1170 454 admittas.
1199 395 1346 464 Quod
1366 395 1407 448 si
1426 391 1635 453 duxisti,
1660 391 1847 462 inquit,
1876 406 1974 445 non

391 499 650 562 neccusti;
677 506 723 550 et
749 497 794 551 si
822 499 990 566 nupsit
1014 494 1173 564 virgo,
1205 508 1304 544 non
1331 488 1571 561 peccavit.
1603 488 1682 542 Eu
1712 487 1885 556 magni
1917 487 1977 540 il-

393 590 495 644 lius
520 589 790 654 facinoris,
813 586 1132 642 matrimonii
1158 583 1380 648 scilicet,
1402 582 1624 646 exitum,
1647 589 1702 635 ut
1727 595 1830 635 non
1855 593 1977 635 reus

391 684 589 751 egeris,
620 694 724 734 non
752 688 808 733 ut
835 677 1168 733 admirationi
1202 674 1476 739 habearis;
1508 672 1559 727 id
1591 673 1730 727 enim
1761 680 1843 726 est
1872 671 1977 725 vir-

391 771 624 843 ginitatis
655 786 669 825 :
696 778 946 825 cwtcrum
975 764 1187 836 conjugi
1218 764 1346 819 satis
1375 765 1443 817 sit
1466 761 1648 816 audire
1674 803 1688 825 ,
1721 775 1974 843 eunrnon

391 838 662 934 peccasse.
706 862 815 916 Cur
855 859 1010 930 igitur
1034 899 1049 923 ,
1092 856 1302 928 inquit,
1339 855 1570 908 hortaris
1609 868 1827 907 uxorem
1855 838 1974 906 ἰιοιι

390 953 669 1023 quaerere?
693 949 843 1018 Quod
871 948 1038 1004 semel
1064 947 1311 1003 deviucto
1331 985 1345 1012 ,
1378 944 1510 1000 solvi
1541 944 1687 998 nefas
1712 943 1800 1010 sit,
1832 941 1973 1012 quod

391 1048 445 1101 in
474 1061 538 1100 eo
574 1045 644 1099 sit
674 1045 857 1113 ingens
885 1040 1124 1096 miseria.
1151 1038 1383 1094 Hoccine
1420 1035 1592 1091 solum
1617 1076 1632 1101 ,
1658 1048 1842 1105 quaeso
1864 1075 1878 1099 ,
1908 1048 1975 1088 ex

389 1138 688 1209 virginitate
713 1142 949 1205 quaestus
975 1133 1182 1198 faciam,
1215 1139 1272 1185 ut
1297 1129 1539 1184 miserias
1566 1128 1660 1182 has
1688 1124 1976 1196 eiiugiam?

390 1240 444 1286 et
469 1230 586 1299 quis
611 1227 966 1297 virginitatem
991 1225 1171 1279 colere
1191 1221 1449 1277 sustineat
1470 1218 1668 1274 tantilla
1697 1216 1975 1272 mercede?

388 1322 510 1392 quis
536 1321 586 1373 in
612 1328 815 1374 tantum
837 1321 1110 1372 certamen
1135 1312 1459 1369 descendere
1479 1311 1714 1366 animum
1738 1309 1979 1375 inducat,

391 1420 659 1466 tantorum
687 1408 941 1464 sudorum
969 1409 1068 1462 hoc
1093 1406 1262 1460 solum
1291 1403 1564 1474 praemium
1592 1401 1884 1471 capturus?

461 1501 646 1556 XLIX.
689 1499 792 1555 Cur
827 1499 890 1553 ab
926 1498 1079 1568 Imjus
1117 1497 1231 1551 vita
1259 1493 1504 1565 jucundis
1537 1492 1606 1546 ad
1640 1492 1976 1561 virginitatem

389 1595 686 1664 iustiget.—
701 1590 835 1660 Quid
852 1589 1024 1645 dicis?
1041 1603 1161 1644 cum
1181 1601 1266 1642 me
1289 1585 1355 1641 ad
1378 1599 1607 1656 pugnam
1629 1599 1750 1639 cum
1765 1583 1972 1638 deamo-

391 1689 546 1742 nihus
574 1698 850 1755 provocas.
882 1682 992 1737 Nec
1019 1682 1151 1736 enim
1175 1679 1316 1734 nobis
1338 1679 1471 1732 lucta
1496 1687 1568 1734 est
1591 1678 1829 1731 adversus
1852 1692 1972 1730 san-

390 1777 590 1849 guinem
621 1786 667 1830 et
695 1791 895 1830 carnem
928 1772 946 1845 (
970 1773 1160 1843 Epltcs.
1185 1773 1237 1827 6.
1264 1770 1332 1826 i2
1353 1769 1372 1840 )
1393 1813 1407 1836 ,
1439 1784 1556 1824 cum
1580 1778 1781 1823 natura:
1809 1767 1971 1821 furori

387 1870 648 1925 obsistere
680 1867 870 1938 jubes,
903 1881 1024 1921 eum
1064 1879 1224 1920 carne
1258 1871 1312 1918 et
1349 1861 1605 1932 sanguine
1634 1860 1972 1915 constitutam

389 1960 723 2030 incorporeis
743 1958 1040 2014 Virtutibus
1067 1957 1210 2026 paria
1241 1962 1492 2024 prtestare
1525 1951 1768 2017 hortaris,
1801 1960 1970 2006 terre-

389 2068 456 2109 na
487 2066 752 2107 memoras
781 2051 918 2106 bona
943 2091 957 2116 ,
985 2049 1226 2118 dicisque
1253 2061 1350 2101 nos
1381 2044 1701 2099 matrimonii
1731 2041 1973 2098 miserias

389 2160 496 2201 non
524 2142 760 2198 laturas?
784 2140 915 2196 Nam
947 2155 1043 2194 cur
1083 2154 1186 2194 non
1218 2138 1293 2192 sic
1321 2136 1396 2191 ait
1423 2153 1436 2190 :
1468 2134 1619 2203 Quod
1650 2135 1693 2189 si
1735 2133 1974 2204 nupserit

389 2239 557 2307 virgo,
587 2250 692 2290 non
721 2233 980 2304 peccavit,
1009 2230 1103 2286 sed
1133 2227 1450 2300 virginitatis
1475 2226 1689 2282 coronis
1713 2241 1771 2281 se
1795 2225 1972 2296 priva-

392 2328 467 2382 vit
484 2369 499 2393 ,
527 2325 734 2397 magnis
768 2325 873 2379 illis
904 2332 957 2376 et
983 2321 1192 2376 arcanis
1219 2320 1419 2376 bonis?
1445 2318 1554 2374 Cur
1579 2333 1686 2373 non
1713 2317 1929 2388 praemia
1953 2358 1970 2384 ,

387 2433 508 2488 quae
538 2425 658 2487 post
685 2424 954 2471 certamen
986 2429 1077 2468 cas
1103 2419 1373 2478 maneant,
1399 2409 1685 2478 recensuit,
1715 2417 1771 2463 ut
1797 2409 1848 2464 in
1877 2423 1971 2463 oc-

387 2524 601 2564 cursum
629 2506 890 2578 prodeant
907 2519 1125 2574 Sponso,
1149 2512 1206 2558 ut
1229 2502 1533 2572 splendidas
1554 2503 1798 2557 lucernas
1823 2501 1974 2557 habi-

387 2608 521 2652 tunc
546 2598 652 2652 sint
670 2636 685 2662 ,
713 2604 772 2649 ut
801 2608 1008 2648 summa
1038 2608 1158 2647 cum
1187 2593 1352 2662 gloria
1382 2607 1446 2646 ac
1474 2591 1664 2646 fiducia
1692 2591 1890 2662 Regem
1919 2593 1969 2645 in

389 2690 677 2744 thalamum
703 2687 1026 2742 comitentur
1048 2725 1062 2751 ,
1089 2694 1147 2739 ut
1171 2684 1406 2738 omnium
1435 2685 1674 2754 proxime
1697 2683 1812 2754 ejus
1835 2683 1972 2739 solio

387 2791 441 2838 et
481 2780 642 2850 regiis
684 2779 815 2834 toris
855 2776 1180 2848 eii‘ulgeant?
1221 2775 1326 2831 Sed
1369 2775 1437 2831 de
1475 2775 1559 2831 his
1597 2790 1665 2831 ne
1704 2775 1972 2832 levissime

387 2871 599 2942 quidem
627 2870 892 2937 meminit;
920 2869 1148 2939 vitaeque
1173 2867 1504 2923 miseriarum
1527 2867 1839 2922 vacuitatem
1858 2881 1972 2922 sur-

388 2982 507 3021 sum
534 2964 890 3035 deorsumque
910 2963 1093 3033 jactat.
1120 2961 1369 3026 Arbitror,
1395 2960 1583 3030 inquit,
1605 2960 1660 3013 id
1683 2960 1866 3013 bonum
1888 2975 1970 3014 es-

387 3074 439 3115 se
467 3074 486 3112 :
516 3071 579 3112 ac
617 3057 793 3112 dicere
832 3057 1139 3126 negligens,
1191 3061 1407 3122 propter
1444 3051 1615 3106 futura
1657 3050 1827 3115 bona,
1857 3050 1966 3117 ait,

387 3151 607 3222 PrOpter
633 3151 901 3205 instantem
927 3148 1285 3204 necessitatem.
1314 3144 1516 3201 Deinde
1555 3159 1764 3198 rursum
1795 3157 1860 3197 eo
1884 3141 1970 3196 di—

387 3251 474 3297 cto
497 3281 514 3306 ,
548 3241 697 3306 Quod
722 3241 766 3294 si
794 3240 1022 3310 nupserit
1050 3239 1191 3309 uirgo
1209 3279 1226 3305 ,
1257 3253 1356 3290 non
1387 3237 1606 3306 peccavit
1626 3277 1640 3300 ,
1668 3233 1970 3290 caelestibus

388 3334 642 3406 prmmiis,
664 3333 856 3403 quibus
880 3346 938 3384 se
961 3330 1198 3399 privarit,
1222 3327 1437 3384 silentio
1458 3325 1761 3395 praeteritis,
1787 3324 1971 3378 Tribu-

388 3427 646 3492 iationem,
675 3424 867 3494 inquit,
895 3425 1062 3476 carnis
1089 3420 1337 3475 habebunt
1364 3419 1677 3491 lmjusmodi.
1707 3417 1888 3487 Neque
1917 3417 1970 3471 id

389 3522 645 3575 hactenus
669 3517 864 3583 solum,
897 3515 992 3570 sed
1019 3514 1085 3569 ad
1118 3515 1276 3568 finem
1305 3527 1472 3582 usque
1502 3511 1628 3566 facit
1647 3551 1660 3575 ,
1689 3522 1742 3566 et
1771 3511 1968 3566 omissa

386 3612 504 3680 ejus
530 3624 558 3663 a
585 3607 774 3663 futuris
798 3607 954 3662 bonis
978 3603 1440 3660 commendatione
1462 3645 1476 3666 ,
1502 3602 1695 3658 iterum
1725 3602 1788 3656 ad
1820 3617 1969 3657 eam-

388 3703 507 3757 dem
547 3714 764 3756 causam
806 3697 1078 3768 confugit,
1113 3695 1333 3764 Tempus
1371 3696 1513 3749 breue
1545 3702 1616 3748 est
1639 3735 1654 3761 ,
1685 3694 1966 3764 inquiens;

389 3795 613 3865 ejusque
637 3793 775 3857 loco,
805 3791 940 3846 Volo
963 3805 1059 3845 vos
1086 3791 1136 3844 in
1161 3789 1294 3844 cmlo
1321 3787 1685 3857 reSplendere,
1713 3796 1766 3842 et
1792 3788 1970 3858 nuptis

389 3889 559 3944 multo
604 3886 917 3940 illustriores
961 3883 1180 3946 haberi,
1223 3895 1434 3936 rursum
1477 3881 1645 3936 liazret
1687 3879 1964 3950 inquiens,

396 3977 524 4034 Volo
545 3986 711 4031 autem
736 3991 820 4030 vos
844 3975 952 4029 sine
973 3972 1311 4027 sollicitudine
1335 3987 1458 4026 esse.
1480 3971 1666 4042 Neque
1692 3971 1743 4026 id
1772 3971 1858 4025 hic
1883 3987 1972 4025 so-

390 4067 496 4126 lum
528 4067 651 4123 facit
677 4107 692 4135 ,
723 4065 818 4123 sed
849 4065 1007 4121 etiam
1038 4077 1145 4134 quo
1175 4063 1292 4118 loco
1326 4063 1373 4117 ei
1409 4063 1478 4118 de
1505 4063 1709 4131 injuriis
1737 4061 1971 4117 ferendis

388 4175 566 4219 sermo
595 4167 679 4216 est
697 4199 713 4226 ,
741 4157 982 4214 eamdem
1010 4155 1217 4211 consilii
1244 4155 1384 4208 viam
1413 4153 1550 4207 iniit.
1581 4153 1710 4208 Nam
1737 4168 1860 4208 cum
1886 4153 1970 4208 di-

390 4253 558 4309 xisset
575 4292 589 4318 ,
621 4250 684 4306 Si
711 4250 862 4303 esurit
886 4248 1118 4302 inimicus
1143 4257 1260 4301 tuus
1279 4288 1294 4313 ,
1317 4244 1426 4300 ciba
1451 4245 1632 4310 illum;
1654 4245 1698 4299 si
1725 4245 1846 4310 sitit,
1877 4260 1971 4314 po-

394 4354 501 4399 tum
525 4346 592 4398 da
617 4343 694 4397 illi
714 4342 889 4414 (Rom.
915 4339 1001 4395 12.
1028 4339 1121 4410 20)
1148 4358 1161 4394 :
1184 4338 1273 4410 qui
1299 4353 1410 4394 rem
1437 4346 1635 4392 tantam
1664 4339 1966 4408 imperaret,

391 4447 681 4505 contraque
719 4440 921 4488 natura:
950 4431 1323 4486 necessitatem
1353 4429 1447 4484 niti
1483 4428 1728 4500 juberet,
1763 4444 1824 4483 ac
1850 4445 1970 4484 cum

391 4542 523 4598 rogo
570 4535 677 4579 tam
722 4521 1042 4578 intolerabili
1083 4521 1392 4588 decertare,
1423 4519 1512 4576 ubi
1560 4520 1626 4575 ad
1668 4521 1970 4576 mercedem

393 4629 611 4673 ventum
636 4622 720 4670 est
737 4654 752 4678 ,
779 4613 847 4668 de
871 4612 1005 4666 carlo
1029 4625 1093 4666 ac
1117 4610 1418 4665 caelestibus
1442 4611 1736 4675 silentium;
1770 4620 1972 4665 tantum

392 4711 510 4780 ejus
537 4725 568 4763 a
598 4723 704 4780 quo
733 4707 892 4762 lmsus
918 4705 993 4760 sis
1011 4704 1208 4760 damno
1237 4705 1720 4758 remunerationem
1749 4701 1968 4756 deﬁnit:

398 4802 465 4856 Id
499 4801 632 4855 enim
669 4799 891 4870 faciens,
922 4794 1128 4866 inquit,
1159 4793 1397 4849 carbones
1425 4795 1557 4866 ignis
1596 4794 1652 4846 in
1676 4793 1786 4863 ejus
1823 4802 1972 4862 caput

395 4888 631 4955 congeris
669 4885 900 4956 (lbid.).
929 4883 1066 4949 Quid
1098 4882 1264 4952 igitur
1291 4897 1356 4937 eo
1399 4881 1577 4938 solatii
1616 4894 1816 4951 genere
1845 4893 1977 4934 usus

395 4979 515 5032 est?
565 4976 682 5032 Non
744 4976 964 5030 inscitia
1023 4990 1197 5046 neque
1254 4975 1471 5046 ignarus
1524 4971 1974 5040 quemadmodum

397 5069 716 5124 alliciendus
750 5075 916 5136 atque
949 5065 1284 5121 inducendus
1319 5066 1392 5119 sit
1420 5063 1664 5128 auditor,
1702 5062 1794 5117 sed
1835 5063 1980 5132 quod

399 5160 633 5215 maxime
658 5160 904 5220 omnium
930 5157 1241 5212 mortalium
1265 5157 1367 5211 hac
1394 5156 1594 5210 virtute
1618 5153 1879 5224 praeditus
1903 5169 1986 5211 es-

400 5263 503 5314 set,
535 5249 924 5321 persuadendi,
959 5249 1204 5318 inquam.
1242 5245 1400 5303 Unde
1431 5247 1484 5302 id
1519 5247 1778 5317 apparet?
1813 5244 1891 5300 Ex
1918 5246 1986 5302 iis

401 5358 522 5409 quae
537 5341 780 5397 disserit.
800 5340 926 5408 Qui,
941 5349 996 5397 et
1008 5339 1312 5411 quomodo?
1325 5337 1625 5394 Corinthiis
1642 5338 1990 5409 loquebatur;

404 5438 563 5516 prius
590 5436 734 5491 enim
753 5435 856 5489 hoc
869 5435 937 5490 de
952 5433 1263 5505 virginitate
1276 5447 1340 5487 ex
1347 5432 1446 5501 ped
1456 5429 1988 5497 iemus;Corinthiis,

407 5529 655 5599 inquam,
675 5525 816 5597 apud
839 5541 981 5596 quos
1003 5533 1276 5582 statuerat
1295 5523 1433 5579 nihil
1457 5524 1620 5586 scire,
1656 5524 1761 5579 nisi
1797 5521 1990 5578 Jesum

406 5619 722 5685 Christum,
743 5625 796 5674 et
825 5634 950 5675 eum
968 5617 1289 5674 cruciﬁxum
1319 5617 1394 5688 (ί.
1424 5615 1548 5671 Cor.
1579 5614 1632 5668 2.
1656 5613 1747 5685 2);
1774 5629 1912 5685 quos
1934 5619 1995 5667 ut

415 5712 733 5792 spiritualcs
757 5712 962 5786 alloqui
983 5728 1092 5770 non
1110 5720 1382 5791 potuerat,
1407 5709 1628 5788 etquod
1647 5709 1898 5772 carnales
1914 5721 1996 5767 ειη

1121 285 1176 339 S.
1217 279 1494 338 JOANNIS
1526 274 2001 334 CllRYSOSTOMl
2043 273 2365 335 ARCIIIEP.
2407 277 2947 337 CONSTANTINOP.

3562 280 3665 337 572

2088 403 2207 449 sent
2247 392 2456 459 adhuc,
2507 395 2640 449 lacte
2680 395 2921 461 aluerat;
2962 393 3155 465 quibus
3195 394 3352 450 etiam
3393 409 3512 450 cum
3559 397 3672 452 hac

2086 485 2365 551 scriberet,
2397 486 2509 539 haec
2540 486 2667 543 vitio
2689 486 2886 553 dabat,
2918 486 3022 542 Sed
3051 503 3112 540 ne
3137 503 3272 540 nunc
3299 487 3501 557 quidem
3528 500 3668 558 pote-

2084 578 2209 642 stis;
2235 576 2404 633 adhuc
2437 579 2568 632 enim
2595 579 2826 634 comatos
2861 581 2980 634 estis
2999 621 3014 647 ,
3045 589 3091 634 et
3114 579 3390 634 secundum
3420 579 3669 634 hominem

2084 667 2353 722 ambulatis
2387 667 2460 739 (1.
2494 669 2611 722 Cor.
2640 669 2693 723 3.
2723 667 2804 742 2).
2840 668 2960 724 Ideo
2985 683 3014 722 a
3041 669 3202 725 rebus
3233 669 3476 734 terrenis,
3509 685 3671 740 aspe-

2082 758 2362 815 ctabilibus
2381 775 2444 815 ac
2465 761 2806 817 sensibilibus
2823 803 2837 827 ,
2860 776 2954 817 eos
2975 770 3026 818 et
3046 745 3113 817 ad
3139 763 3491 833 virginitatem
3516 764 3669 817 insti-

2081 861 2192 923 gat,
2219 861 2272 907 et
2299 866 2330 907 a
2361 853 2700 909 matrimonio
2723 853 2940 910 abducit
2967 872 2980 909 :
3003 855 3145 926 quod
3177 856 3341 926 probe
3365 856 3548 922 sciret,
3571 856 3669 911 de-

2081 942 2255 1014 jectos
2279 953 2437 1014 atque
2463 959 2662 1015 pronos
2685 954 2736 1001 et
2764 946 2816 1000 in
2845 956 3038 1001 terram
3063 947 3238 1002 adhuc
3257 947 3535 1003 inclinatos
3565 957 3672 1002 ter-

2082 1037 2225 1091 renis
2269 1036 2427 1092 rebus
2473 1039 2641 1107 magis
2683 1038 2813 1094 cieri
2855 1053 2919 1094 ac
2957 1039 3151 1109 pellici.
3191 1039 3327 1108 Quid
3364 1049 3446 1096 est
3485 1041 3662 1103 enim,
3741 1117 3744 1120 ἢ

2079 1142 2263 1199 quaeso
2283 1170 2296 1194 ,
2327 1129 2467 1199 quod
2499 1129 2740 1187 homines
2763 1132 2978 1202 quidem
3003 1133 3187 1188 rustici
3215 1148 3279 1190 ac
3304 1134 3526 1205 pingues
3554 1145 3665 1191 tum

2087 1221 2262 1291 parvis
2289 1264 2304 1289 ,
2337 1234 2447 1277 tum
2479 1226 2684 1294 magnis
2712 1225 2764 1279 in
2791 1226 2950 1282 rebus
2987 1241 3177 1282 secure
3204 1227 3370 1282 Deum
3400 1237 3454 1284 et
3484 1229 3666 1299 jurant

2081 1323 2134 1368 et
2164 1314 2432 1385 pejerant;
2465 1317 2516 1372 in
2553 1318 2728 1388 capite
2765 1333 2892 1374 vero
2919 1320 3145 1376 filiorum
3169 1321 3351 1392 jurare
3377 1339 3665 1393 numquam

2079 1406 2314 1462 animum
2335 1407 2626 1465 inducant?
2642 1425 2868 1480 cumque
2890 1421 2941 1466 et
2964 1412 3257 1483 perjurium
3275 1422 3328 1469 et
3345 1417 3662 1485 supplicium

2080 1499 2180 1556 hoc
2205 1500 2334 1556 illud
2361 1502 2516 1574 longe
2542 1504 2754 1574 gravius
2778 1504 2888 1572 sit,
2925 1515 3100 1562 tamen
3144 1505 3246 1562 hoc
3272 1522 3429 1578 quam
3457 1509 3551 1564 illo
3571 1510 3663 1579 jn-

2077 1592 2363 1662 rejurando
2403 1596 2572 1666 magis
2609 1586 2964 1654 continentur.
2995 1600 3152 1669 Atqui
3191 1599 3257 1655 ad
3288 1615 3552 1674 pauperes
3574 1603 3664 1673 ju-

2058 1683 2285 1769 ’vandos
2313 1699 2417 1739 non
2448 1686 2670 1755 perinde
2698 1687 3033 1743 sermonibus
3059 1689 3126 1745 de
3154 1705 3318 1760 regno
3344 1693 3662 1757 excitantur,

2078 1773 2177 1828 etsi
2225 1774 2535 1845 frequenter
2575 1776 2822 1844 audiant,
2867 1787 3024 1849 atque
3065 1793 3161 1850 spe
3203 1783 3558 1852 consequendi
3610 1783 3662 1840 iu

2079 1867 2327 1937 prmsenti
2355 1867 2460 1922 vita
2487 1867 2586 1922 sibi
2609 1877 2697 1922 aut
2716 1869 2901 1925 liberis
2925 1869 3070 1925 boni.
3094 1870 3274 1941 itaque
3295 1881 3405 1927 tum
3431 1875 3662 1930 maxime

2084 1959 2138 2013 in
2180 1959 2263 2014 his
2301 1959 2620 2030 adjumentis
2659 1962 2924 2019 ambitiosi
2968 1963 3128 2029 fiunt,
3171 1964 3261 2020 ubi
3303 1980 3368 2020 ex
3411 1965 3664 2022 diuturno

2077 2049 2267 2106 morbo
2306 2051 2704 2116 convaluerint,
2747 2053 2836 2108 ubi
2880 2053 3173 2123 periculum
3219 2054 3539 2126 effugerint,
3571 2057 3660 2113 ubi

2077 2141 2447 2211 magistratum
2482 2142 2710 2212 aliquem
2730 2152 2786 2198 et
2821 2141 3104 2212 imperium
3134 2145 3273 2198 nacti
3303 2146 3442 2211 sint;
3473 2147 3660 2216 plane-

2076 2245 2182 2301 que
2205 2232 2372 2287 multo
2401 2232 2576 2302 plures
2602 2233 2697 2300 iis,
2729 2248 2847 2303 qua:
2875 2242 2999 2288 ante
3025 2234 3189 2304 pedes
3213 2235 3352 2302 sint,
3385 2238 3552 2307 magis
3577 2239 3661 2292 in-

2077 2321 2227 2375 citari
2252 2320 2642 2392 deprehendas.
2668 2323 2794 2378 l-lrec
2819 2339 3048 2394 namque
3071 2333 3125 2380 et
3151 2325 3204 2380 in
3232 2325 3478 2383 secundis
3499 2329 3662 2386 vehe-

2077 2415 2309 2470 mentius
2335 2414 2678 2473 exsdmulant
2701 2457 2716 2483 ,
2744 2427 2799 2474 et
2837 2418 2888 2472 in
2926 2418 3165 2475 adversis
3204 2426 3406 2476 terrent
3443 2423 3618 2477 acrius
3640 2463 3659 2488 ,

2075 2505 2217 2576 quod
2247 2506 2436 2562 horum
2466 2522 2678 2564 sensum
2713 2494 3145 2579 propinquiorcm
3190 2511 3438 2566 habeant.
3483 2511 3661 2579 Quare

2075 2607 2130 2654 et
2157 2612 2276 2653 cum
2307 2597 2601 2655 Corinthiis
2629 2599 2706 2654 sic
2734 2599 3023 2664 disseruit,
3059 2609 3111 2655 et
3143 2600 3414 2657 Romanos
3442 2618 3469 2656 a
3501 2604 3660 2657 rebus

2077 2689 2428 2759 przesentihus
2471 2689 2538 2745 ad
2581 2690 2786 2760 injuria:
2825 2691 3132 2762 patientiam
3171 2693 3426 2747 exercuit.
3468 2693 3659 2749 Anima

2075 2781 2218 2838 enim
2260 2780 2469 2836 inﬁrma
2507 2781 2749 2837 lacessita
2774 2823 2789 2847 ,
2822 2799 2926 2837 non
2960 2794 3064 2838 tam
3096 2783 3247 2840 facile
3273 2785 3364 2839 irae
3395 2802 3657 2844 venenum

2074 2873 2318 2940 remittit,
2347 2873 2390 2928 si
2419 2873 2486 2929 de
2513 2889 2677 2945 regno
2702 2875 2899 2941 audiat,
2927 2885 3084 2946 atque
3115 2877 3164 2931 in
3192 2893 3339 2949 spem
3367 2880 3543 2934 veniat
3571 2898 3660 2937 re-

2074 2974 2276 3020 motam
2302 3007 2317 3032 ,
2347 2980 2504 3036 quam
2541 2968 2584 3021 si
2622 2966 2737 3035 ejus
2773 2967 2860 3036 qui
2889 2968 3132 3038 injuriam
3169 2969 3376 3025 dederit
3408 2971 3660 3032 ultionem

2075 3066 2365 3128 exspectet.
2394 3057 2572 3128 Itaque
2593 3059 2777 3114 volens
2795 3059 3102 3129 injuriarum
3129 3062 3506 3118 recordationis
3529 3065 3663 3119 radi-

2074 3164 2189 3204 cem
2217 3150 2542 3216 convellere,
2575 3159 2733 3221 atque
2763 3151 2892 3226 iram
2917 3167 3166 3208 amovere
3186 3196 3200 3221 ,
3228 3155 3367 3225 quod
3393 3154 3662 3210 efficacius

2076 3247 2193 3295 erat
2217 3240 2284 3294 ad
2311 3255 2432 3296 eum
2458 3240 2548 3310 qui
2573 3241 2733 3296 laesus
2754 3250 2897 3297 esset
2921 3243 3198 3297 solandum
3228 3245 3446 3314 profert,
3474 3263 3576 3300 non
3604 3259 3660 3301 ut

2075 3345 2197 3386 eum
2237 3331 2484 3401 repositis
2521 3332 2576 3386 in
2608 3331 2784 3386 futuro
2822 3341 3062 3403 tempore
3102 3335 3331 3403 pra‘miis
3371 3336 3658 3406 fraudaret,

2074 3421 2166 3476 sed
2196 3431 2253 3476 ut
2281 3437 2491 3492 quoque
2530 3422 2690 3478 modo
2720 3423 2774 3478 in
2814 3423 3166 3494 philosophice
3206 3427 3342 3481 viam
3380 3428 3660 3484 induceret

2074 3522 2232 3584 atque
2272 3515 2338 3569 ad
2381 3515 2870 3571 reconciliationem
2911 3518 3103 3573 ostium
3144 3520 3392 3588 aperiret.
3435 3521 3565 3575 Nam
3607 3523 3656 3575 in

2079 3603 2226 3658 omni
2257 3605 2508 3674 prmclara
2543 3605 2810 3661 [iunctione
2849 3606 3054 3661 initium
3090 3607 3263 3664 facere
3290 3609 3660 3672 difficillimum

2073 3705 2190 3764 est;
2224 3706 2344 3769 post
2383 3698 2679 3768 ingressum
2719 3713 2780 3753 ea
2821 3714 2924 3753 non
2968 3716 3118 3771 aeque
3158 3711 3239 3755 est
3277 3703 3560 3758 laboriosa.
3591 3708 3661 3762 At

2074 3802 2181 3842 non
2227 3787 2482 3841 Dominus
2522 3798 2703 3843 noster
2739 3788 2892 3844 Jesus
2927 3790 3169 3845 Christus
3209 3791 3347 3846 idem
3387 3791 3528 3858 facit,
3563 3811 3661 3850 nec

2073 3893 2193 3933 cum
2225 3877 2293 3933 de
2321 3879 2625 3949 virginitate
2649 3919 2664 3944 ,
2699 3895 2796 3935 nec
2828 3895 2948 3934 cum
2980 3881 3046 3936 de
3085 3881 3294 3952 injuriis
3320 3883 3551 3938 ferendis
3566 3881 3664 3937 dis.

2074 3977 2254 4040 putat;
2295 3972 2390 4026 sed
2417 3972 2522 4026 illic
2539 3972 2753 4027 ctrleste
2777 3987 2992 4042 regnum
3036 3975 3315 4043 proponit:
3340 3975 3472 4030 Sunt
3493 3977 3656 4042 enim,

2075 4061 2283 4130 inquit,
2312 4065 2559 4126 eunuchi,
2587 4065 2676 4134 qui
2715 4063 2903 4135 scipsos
2941 4076 3144 4136 praplcr
3178 4084 3385 4138 regnum
3423 4069 3660 4122 ca'lorum

2073 4163 2362 4207 castrartmt
2387 4155 2405 4224 (
2434 4153 2620 4208 Matth.
2654 4154 2741 4210 19.
2777 4155 2840 4209 12
2866 4152 2885 4226 )
2912 4173 2924 4208 :
2952 4170 3071 4209 cum
3110 4171 3238 4214 vero
3282 4173 3378 4226 pro
3418 4157 3661 4213 hostibus

2076 4248 2280 4316 precari
2311 4256 2532 4314 monet,
2565 4262 2664 4303 nec
2699 4247 3002 4303 detrimenti
3035 4262 3218 4303 eorum
3249 4250 3336 4320 qui
3379 4251 3617 4305 lzeserint
3640 4292 3656 4317 ,

2075 4353 2177 4393 nec
2209 4339 2483 4409 igneorum
2513 4338 2804 4394 carbonum
2837 4338 3115 4405 meminit,
3144 4339 3236 4395 sed
3269 4355 3329 4394 ea
3357 4341 3532 4394 omnia
3561 4357 3661 4410 pu-

2075 4428 2355 4484 sillanimis
2383 4442 2446 4482 ac
2493 4428 2702 4484 miseris
2727 4427 2946 4483 dicenda
2978 4429 3213 4493 mittens,
3241 4429 3353 4500 ipse
3379 4447 3472 4486 cos
3497 4431 3662 4502 majo~

2077 4519 2224 4574 ribus
2265 4519 2500 4589 praemiis
2539 4519 2746 4575 invitat.
2788 4519 3152 4586 Quibusnam?
3185 4521 3250 4576 Ut
3287 4523 3476 4578 similes
3513 4524 3657 4589 sitis,

2076 4609 2268 4679 inquit,
2303 4608 2475 4663 Patris
2499 4611 2646 4664 uestri
2669 4611 2756 4681 qui
2779 4611 2832 4664 in
2857 4611 2992 4665 cazlis
3015 4621 3087 4665 est
3117 4613 3328 4684 (Matth.
3352 4614 3397 4670 5.
3433 4615 3546 4683 45).
3572 4614 3663 4668 Vi-

2077 4698 2145 4754 de
2170 4708 2424 4770 quantum
2460 4700 2770 4768 praemium;
2805 4715 2925 4756 nam
2959 4700 3226 4756 auditores
3257 4713 3406 4757 erant
3436 4703 3622 4758 Petrus
3641 4743 3660 4773 ,

2076 4790 2325 4859 Jacobus,
2352 4789 2606 4856 Joannes,
2635 4801 2932 4862 caeteraque
2960 4792 3320 4861 apostolorum
3351 4793 3502 4848 turba
3529 4813 3541 4848 :
3566 4794 3664 4848 ita-

2078 4892 2182 4952 que
2221 4897 2314 4936 eos
2353 4882 2679 4952 spiritalibus
2719 4884 2954 4954 prcemiis
2996 4885 3178 4939 allicit.
3212 4887 3384 4955 Atque
3429 4886 3568 4942 idem
3611 4897 3665 4943 ct

2079 4972 2272 5027 Paulus
2294 4970 2522 5038 fecisset,
2540 4971 2581 5026 si
2595 4987 2715 5026 cum
2729 4972 2989 5042 ejusmodi
3007 4984 3280 5030 tractasset
3300 4993 3313 5029 :
3332 4976 3424 5031 sed
3442 4979 3663 5046 quicum

2078 5064 2366 5120 Corinthiis
2391 5074 2602 5135 ageret,
2633 5065 2805 5121 adhuc
2836 5066 3016 5121 rudius
3040 5066 3242 5123 aﬂcclis
3263 5109 3277 5133 ,
3303 5068 3410 5138 jam
3439 5070 3560 5124 inde
3588 5071 3668 5124 eis

2079 5156 2318 5212 laborum
2371 5155 2601 5211 fructum
2651 5158 2939 5226 proponit,
2984 5174 3090 5228 quo
3137 5159 3348 5215 virtutis
3397 5161 3666 5230 negotium

2078 5245 2388 5312 promptius
2412 5244 2634 5296 inirent.
2659 5243 2846 5312 Neque
2873 5245 3034 5298 aliam
3054 5245 3124 5300 ob
3146 5261 3370 5304 causam
3400 5249 3543 5304 Deus
3572 5249 3672 5304 Ju-

2080 5331 2212 5387 dmis
2235 5333 2416 5401 (Deut.
2441 5333 2556 5403 98),
2579 5335 2784 5389 omissa
2811 5335 3045 5391 caelestis
3074 5341 3226 5410 regni
3244 5341 3668 5410 pollicitatione,

2077 5437 2300 5488 terrena
2319 5424 2996 5498 bonalargiebatur,etpro
3014 5431 3320 5486 sceleribus
3339 5447 3446 5486 non
3467 5435 3673 5501 gehen-

2076 5530 2233 5581 nam,
2266 5517 2363 5572 sed
2408 5517 2506 5571 aevi
2553 5518 2716 5586 hujus
2750 5519 3114 5586 calamitates,
3164 5533 3402 5593 pestem,
3433 5526 3629 5580 famem
3652 5567 3669 5593 ,

2076 5607 2322 5676 morbos,
2353 5607 2521 5672 bella,
2555 5609 2833 5675 exsilium,
2862 5610 3187 5683 reliquaque
3213 5615 3412 5669 similia
3439 5617 3666 5670 connni-

2077 5700 2330 5767 nabatur,
2362 5700 2447 5757 his
2475 5700 2622 5757 enim
2653 5703 2992 5762 carnaliores
3016 5706 3190 5780 magis
3214 5707 3575 5764 continentur
3604 5723 3671 5768 ac
3744 5752 3757 5772 .
