4056 6208
282 269 395 325 573

287 375 707 444 perterrebant;
735 376 806 434 de
833 377 895 434 iis
920 393 1047 436 vero
1072 396 1192 451 qum
1219 391 1492 453 aspectum
1520 384 1720 455 fugiant
1738 427 1754 453 ,
1785 402 1887 442 nec

288 476 496 537 insto
521 469 649 536 sint,
674 470 850 525 minus
875 483 1160 541 anguntur.
1183 472 1360 541 Quare
1379 475 1574 532 Paulus
1597 475 1651 531 in
1684 476 1750 531 iis
1773 492 1888 532 ma-

284 560 374 629 gis
396 560 598 625 haeret,
621 576 739 630 qua:
760 576 946 617 eorum
970 564 1269 620 tarditatem
1294 568 1625 637 potissimum
1646 567 1886 624 ferirent.

291 650 570 706 i’raaterea
598 652 725 707 illud
754 669 966 724 quoque
990 657 1275 713 ostendere
1298 658 1543 726 volebat,
1574 668 1888 716 eraterat-tun

287 743 556 797 virtutum
585 743 843 814 quasdam
872 746 959 800 ltic
988 761 1086 802 nos
1118 748 1297 804 multis
1324 749 1593 806 laboribus
1614 765 1888 821 exercere,

287 845 348 889 et
378 833 616 891 fructum
647 852 862 893 onmem
893 838 944 895 in
971 838 1203 897 futurum
1234 850 1443 913 tempus
1468 841 1703 900 condere
1733 860 1747 898 :
1776 843 1889 899 vir-

286 928 573 999 ginitatem
605 943 755 998 vero,
782 930 944 987 etiam
970 931 1099 989 dum
1133 933 1344 1003 colitur,
1375 949 1479 990 non
1518 935 1691 992 levem
1726 936 1882 992 nobis

289 1021 790 1091 compensationem
820 1022 1064 1091 reddere,
1088 1040 1207 1094 qum
1231 1039 1332 1081 nos
1357 1032 1436 1081 tot
1454 1026 1708 1083 aerumnis
1730 1035 1891 1096 atque

290 1114 442 1169 curis
469 1113 680 1169 liberet.
709 1115 884 1185 Atque
912 1116 1132 1186 insuper
1156 1123 1211 1173 et
1235 1117 1448 1175 tertium
1472 1117 1727 1189 quiddam
1748 1134 1889 1189 prm-

290 1205 458 1261 stitit.
486 1205 791 1274 Quidnam?
818 1206 896 1263 Ne
934 1224 1020 1264 res
1050 1210 1394 1280 impossibilis
1422 1210 1766 1280 crederetur,
1796 1211 1891 1267 sed

291 1295 383 1350 vel
412 1295 468 1349 in
498 1295 686 1365 primis
714 1294 905 1351 facilis.
936 1296 991 1353 id
1017 1307 1194 1355 autem
1219 1298 1403 1367 efficit,
1430 1299 1605 1356 inesse
1629 1301 1683 1356 in
1708 1301 1895 1356 matri-

291 1386 486 1442 monio
523 1386 643 1457 plus
683 1386 1049 1444 dfticultatum
1096 1388 1250 1447 facile
1290 1390 1703 1458 demonstrans;
1742 1393 1892 1463 quasi

291 1476 509 1533 diceret
547 1497 562 1534 :
598 1478 926 1536 Erumnosa
969 1482 1065 1538 tibi
1109 1497 1173 1538 ac
1213 1483 1477 1539 laboriosa
1520 1498 1609 1540 res
1648 1484 1890 1541 videtur!

293 1569 551 1639 equidem
585 1585 712 1625 vero
741 1583 1022 1643 pr0pterea
1052 1573 1475 1646 persequendam
1499 1590 1718 1640 censeo,
1748 1574 1892 1646 quod

293 1662 440 1716 adeo
470 1662 600 1718 levis
626 1664 712 1727 sit,
746 1676 802 1718 ut
830 1667 1162 1736 negotiorum
1193 1667 1359 1722 multo
1387 1667 1563 1722 minus
1586 1683 1745 1743 quam
1775 1682 1893 1723 tua-

297 1754 613 1808 trimonium
641 1755 897 1826 pra-beat.
926 1756 1058 1812 Nam
1086 1772 1207 1812 cum
1240 1759 1391 1813 vobis
1419 1774 1658 1830 paream,
1686 1758 1892 1830 inquit,

298 1859 406 1901 nec
423 1846 585 1900 velim
608 1847 852 1903 miserias
871 1847 1095 1914 habere,
1119 1860 1363 1921 optarem
1384 1866 1479 1907 vos
1498 1851 1895 1907 matrimonium

300 1954 411 1992 non
440 1941 781 1996 contrahere.
806 1940 977 2008 Quam
1004 1942 1313 1997 miseriam?
1333 1942 1476 1999 dicat
1501 1941 1727 1998 fortasse
1751 1943 1897 2013 quis-

300 2030 489 2099 piam;
517 2030 623 2085 imo
656 2045 787 2086 vero
826 2032 1082 2102 grandem
1121 2033 1532 2090 oblectationem
1573 2049 1639 2090 ac
1677 2034 1896 2092 delicias

304 2119 512 2176 habere
539 2120 889 2177 inveniemus.
920 2125 1095 2194 Atque
1133 2125 1185 2178 in
1225 2125 1410 2194 primis
1436 2140 1643 2180 summa
1673 2140 1794 2181 cum
1827 2126 1894 2181 li-

304 2214 486 2270 centia
509 2215 849 2286 cupiditatem
874 2218 1112 2289 explere,
1142 2233 1241 2274 nec
1264 2219 1381 2290 cogi
1409 2226 1614 2274 natura:
1639 2218 1896 2289 impetum

300 2305 453 2365 ferre
491 2322 596 2362 non
625 2309 906 2365 minimum
934 2309 1062 2366 facit
1087 2310 1154 2367 ad
1192 2311 1497 2368 facilitatem
1529 2330 1543 2367 :
1572 2310 1898 2384 insuperque

300 2396 511 2468 reliqua
538 2400 713 2455 omnis
738 2399 845 2455 vita
870 2416 902 2456 a
931 2416 1165 2459 maerore
1189 2416 1253 2458 ac
1275 2402 1522 2473 squalore
1546 2402 1736 2472 libera,
1762 2403 1898 2460 hila-

300 2490 482 2546 ritatis
503 2534 522 2559 ,
558 2493 729 2558 risus,
772 2493 951 2565 gaudii
990 2496 1144 2565 plena
1178 2504 1285 2551 est.
1319 2495 1533 2553 Etenim
1566 2505 1623 2553 et
1657 2498 1893 2568 Opiparis

300 2585 530 2649 mensis,
549 2594 603 2640 et
621 2585 863 2642 delicatis
877 2588 1132 2654 vestibus,
1150 2598 1202 2644 et
1224 2588 1369 2644 molli
1394 2597 1532 2657 toro,
1552 2596 1608 2645 et
1627 2590 1897 2661 perpetuis

298 2674 515 2730 balneis
540 2717 557 2741 ,
588 2685 643 2731 et
670 2677 952 2749 unguentis
971 2719 988 2745 ,
1016 2686 1073 2734 et
1104 2679 1227 2734 vino
1255 2689 1527 2752 unguento
1554 2681 1719 2737 nihilo
1742 2681 1896 2738 dete-

299 2763 461 2829 riori,
483 2765 691 2836 aliaque
714 2768 880 2822 multa
898 2782 961 2823 ac
981 2769 1126 2824 varia
1151 2768 1391 2840 impensa
1411 2784 1605 2842 corpus
1623 2770 1895 2842 curantes,

302 2857 432 2913 inde
463 2873 700 2916 summas
724 2860 774 2915 ci
796 2859 1018 2917 delicias
1045 2871 1377 2934 comparant.

377 2946 444 3001 L.
478 2947 685 3003 Deliciae
708 2950 920 3021 perinde
941 2952 992 3005 in
1022 2949 1186 3007 Veteri
1209 2962 1360 3025 atque
1378 2953 1430 3008 in
1453 2951 1603 3008 Nova
1625 2952 1762 3026 Lege
1779 2970 1898 3025 pro-

303 3039 502 3093 hibita.
528 3070 597 3080 —
617 3041 688 3096 At
714 3056 848 3097 vero
876 3058 1047 3115 neque
1073 3042 1188 3098 [nec
1212 3043 1393 3112 licent,
1420 3053 1476 3100 et
1502 3045 1898 3101 matrimonium

302 3131 483 3186 coitus
501 3131 673 3187 solum
697 3132 986 3198 licentiam.
1008 3149 1115 3191 non
1137 3136 1295 3190 etiam
1316 3135 1628 3192 deliciarum
1647 3146 1901 3207 praestare

302 3222 451 3278 solet
479 3238 492 3278 :
528 3222 579 3276 id
607 3225 792 3279 beatus
824 3224 1019 3280 Paulus
1048 3235 1271 3281 testatur
1300 3226 1384 3282 liis
1408 3228 1585 3283 verbis
1603 3269 1619 3295 ,
1654 3228 1782 3296 Qui:
1807 3244 1901 3282 au-

304 3326 409 3370 tem
431 3316 485 3369 in
504 3316 699 3371 deliciis
717 3326 810 3383 est,
836 3318 1001 3373 uiuens
1021 3328 1219 3374 mortua
1244 3328 1318 3374 est
1338 3319 1413 3390 (1.
1440 3318 1574 3374 Tim.
1596 3319 1649 3375 5.
1669 3319 1745 3391 6).
1769 3319 1899 3389 Quae

303 3408 351 3461 si
378 3406 453 3461 de
481 3407 654 3461 viduis
676 3407 867 3464 effatus
890 3419 989 3475 est,
1019 3410 1141 3465 audi
1168 3410 1294 3480 quid
1318 3410 1385 3466 de
1408 3411 1589 3482 nuptis
1609 3410 1792 3466 itidem
1818 3410 1900 3466 di-

304 3508 395 3553 cat
431 3515 447 3552 :
481 3484 724 3554 Mulieres
752 3500 924 3553 habitu
949 3500 1173 3556 modesto
1197 3540 1212 3565 ,
1234 3517 1349 3556 cum
1372 3502 1510 3557 omni
1539 3502 1836 3556 verecundia
1853 3510 1901 3556 et

306 3588 581 3643 sobrietate
602 3599 837 3645 amantes
857 3606 929 3656 se,
959 3607 1060 3645 non
1085 3591 1352 3654 cincinnis,
1373 3600 1459 3645 aut
1482 3607 1629 3658 auro,
1652 3602 1741 3646 aut
1766 3608 1903 3646 mar-

307 3679 510 3752 geritis,
529 3689 619 3733 aut
641 3689 932 3747 sumptuoso
956 3683 1154 3744 uestitu,
1181 3681 1269 3736 sed
1296 3693 1347 3737 ut
1375 3682 1590 3752 {carinas
1618 3685 1775 3747 decet,
1795 3683 1903 3753 pic-

311 3782 467 3826 tatent
495 3781 633 3827 recte
659 3773 807 3844 [actis
834 3774 1125 3843 proﬁtentes
1146 3773 1225 3842 (l.
1252 3771 1384 3827 Tim.
1414 3773 1469 3827 2.
1497 3773 1551 3829 9.
1575 3773 1686 3841 10).
1718 3772 1905 3844 Neque

312 3861 402 3919 hic
428 3863 629 3931 solum,
656 3863 751 3918 sed
780 3864 908 3920 alibi
938 3879 1148 3934 quoque
1179 3865 1229 3919 in
1257 3879 1322 3919 eo
1346 3864 1500 3919 valde
1529 3864 1778 3934 frequens
1799 3874 1902 3932 est,

313 3952 448 4007 nilnil
465 3954 626 4024 plane
640 3953 825 4008 harum
849 3968 1023 4029 rerum
1039 3968 1361 4025 magnopere
1381 3970 1442 4009 cx
1452 3954 1734 4024 petendum
1753 3956 1906 4012 nobis

313 4060 462 4100 esse.
492 4045 562 4099 Et
604 4045 731 4115 quid
771 4044 990 4101 Paulum
1034 4046 1155 4101 dico
1195 4046 1254 4099 ‘?
1283 4046 1370 4116 qui
1410 4062 1530 4102 cum
1574 4055 1628 4102 et
1683 4063 1908 4103 summa:

313 4136 676 4192 accurationis
714 4146 923 4207 tempus
957 4146 1130 4204 esset,
1160 4148 1214 4193 et
1240 4139 1425 4208 ingens
1453 4139 1670 4209 spiritus
1691 4142 1861 4212 gratia
1884 4180 1902 4207 ,

318 4231 443 4283 hare
479 4229 706 4285 dicebat.
736 4230 904 4285 Amos
940 4230 1104 4297 enim,
1133 4232 1222 4302 qui
1259 4230 1487 4288 infantes
1518 4232 1734 4289 Judtuos
1769 4233 1905 4289 allo-

319 4318 620 4389 qucbatur,
647 4337 751 4393 qua
779 4330 1093 4394 tempestate
1114 4321 1339 4390 deliciae,
1369 4324 1558 4393 luxus,
1590 4324 1872 4394 omniaque
1890 4365 1907 4391 ,

321 4424 379 4466 ut
409 4416 488 4467 sic
515 4413 689 4468 dicam
712 4455 731 4479 ,
760 4428 1154 4486 supervacanea
1190 4418 1448 4487 permissa
1487 4425 1640 4473 erant
1661 4457 1676 4481 ,
1702 4416 1823 4473 audi
1854 4425 1912 4473 ut

322 4504 532 4560 deliciis
556 4505 798 4561 addictos
824 4506 967 4562 serio
994 4517 1173 4579 tangat
1199 4526 1214 4563 :
1254 4507 1340 4564 l'tc
1366 4510 1452 4580 qui
1473 4511 1542 4564 ad
1562 4509 1696 4564 diem
1720 4509 1912 4564 malum

323 4598 609 4667 confluunt,
636 4598 721 4669 qui
750 4598 883 4667 falsa
909 4598 1115 4655 sabbata
1143 4600 1458 4672 frequentant
1484 4610 1633 4669 atque
1659 4609 1909 4667 tractant;

323 4686 411 4755 qui
436 4687 488 4739 in
518 4687 658 4741 lectis
680 4687 920 4743 cubantes
945 4690 1194 4757 eburneis,
1217 4689 1539 4767 luxuriantur
1563 4690 1617 4743 in
1639 4689 1744 4744 suis
1770 4688 1912 4743 rubi-

326 4779 481 4844 libas,
512 4790 561 4834 et
589 4781 795 4836 acilium
827 4784 996 4837 ltrrdos
1014 4824 1033 4850 ,
1062 4794 1109 4838 et
1134 4800 1197 4839 ea:
1219 4784 1381 4838 medio
1410 4780 1650 4838 bovilium
1679 4782 1915 4840 lactentes

327 4872 513 4925 titulos
552 4873 856 4939 comedunt;
880 4875 965 4941 qui
990 4875 1059 4930 ad
1083 4884 1387 4947 organorum
1414 4891 1595 4929 sonum
1622 4876 1872 4947 plaudunt
1896 4915 1913 4942 ,

328 4965 545 5035 [ηςίιὶιια
574 4981 667 5031 pro
690 4966 834 5020 statis
863 4966 1118 5030 habentes,
1145 4966 1315 5019 vinum
1342 4964 1641 5035 defwcatum
1664 4967 1880 5022 bibentes
1897 5007 1914 5038 ,

329 5068 374 5110 et
404 5057 665 5126 primariis
692 5058 961 5129 unguentis’
986 5057 1193 5111 delibuti
1220 5056 1394 5128 (Amos
1422 5056 1475 5112 6.
1502 5053 1641 5127 Δρϐ).

402 5150 485 5205 LI.
527 5149 665 5203 Licet
693 5150 922 5205 deliciari
961 5151 1262 5220 permissum
1300 5159 1461 5216 esset,
1506 5149 1817 5204 matrimonii
1841 5159 1913 5203 ta-

333 5258 445 5296 men
477 5244 737 5298 nulestias
777 5244 899 5299 satis
924 5258 1033 5298 esse
1061 5259 1172 5310 qua:
1218 5258 1329 5297 eam
1370 5241 1676 5313 voluptatem
1730 5242 1923 5296 castiu-

334 5332 780 5407 guant.-—ltaque
811 5333 950 5407 quod
980 5333 1219 5389 dicebam
1248 5333 1298 5389 in
1329 5332 1533 5406 primis,
1561 5347 1661 5389 nec
1683 5330 1921 5387 deliciari

397 5491 414 5523 ¹
452 5498 636 5552 tteg....
662 5489 801 5557 {vobis
818 5504 921 5541 esse
944 5503 968 5557 :_
988 5490 1221 5543 Habentes
1243 5489 1370 5542 enim
1385 5485 1577 5557 ,_inq_uit
1594 5522 1610 5547 ,
1632 5482 1859 5557 alimenta
1879 5489 1926 5557 et

336 5544 636 5613 “emneatu,
660 5551 736 5603 his
761 5553 968 5603 contenti
988 5566 1167 5604 sumus.
1194 5563 1314 5605 :an
1336 5544 1421 5614 qui
1442 5544 1605 5620 volunt
1624 5544 1928 5659 (timetisjieri

338 5613 558 5659 luridum
578 5613 629 5659 in
652 5615 973 5659 tentatirmem.
994 5622 1041 5659 et
1059 5615 1111 5659 in
1132 5616 1354 5659 frmummt
1377 5610 1555 5659 diabolt
1570 5649 1584 5659 .
1609 5617 1655 5659 t’l
1678 5609 1711 5659 ά
1819 5620 1928 5658 crta

338 5613 558 5682 l'triztmn
578 5609 639 5682 iu
648 5615 973 5682 tetuatimem,
994 5615 1111 5668 etin
1132 5609 1359 5679 laqueum
1377 5610 1557 5682 diaboli
1570 5649 1584 5672 ,
1609 5617 1655 5682 et
1678 5609 1929 5682 desideria

335 5678 493 5735 mata
516 5676 705 5746 intuma
726 5673 1103 5746 (inminentia:
1123 5673 1582 5746 mergunt/iamiam
1605 5673 1655 5723 in
1673 5673 1927 5746 ῂιιεζὶιωη

340 5732 386 5799 .t
406 5739 726 5806 ρετάέιίοκακ
748 5740 818 5805 (t.
841 5732 1018 5794 mea
1034 5747 1085 5798 δ.
1102 5745 1175 5813 υ).
1199 5732 1254 5799 ei
1275 5739 1400 5814 mea
1428 5736 1629 5792 ι’ωιωη
1650 5733 1762 5786 dico
1776 5732 1861 5790 ἓνο-

1633 273 1724 330 DE
1760 271 2227 331 VIRGINI‘I‘A'I‘E.
3036 300 3063 319 η.

3470 278 3573 332 574

2000 387 2151 443 licet.
2173 385 2312 454 Quin
2348 397 2410 441 ut
2435 383 2567 441 nihil
2596 386 2785 442 borum
2812 388 3033 444 vetitum
3063 397 3207 443 esset
3226 430 3243 455 ,
3273 387 3369 444 sed
3396 394 3579 444 omnia

1996 492 2272 543 concessa,
2301 486 2357 532 at
2381 489 2506 532 sunt
2527 475 2631 531 alia
2665 477 2734 533 ad
2779 479 3085 534 maestitiam
3114 494 3179 534 ac
3222 479 3462 534 dolorem
3492 481 3574 534 liis
3606 466 3611 470 ’

1997 569 2243 639 aujualia,
2273 568 2382 623 imo
2412 577 2558 624 tanto
2582 576 2637 623 et
2659 569 2809 638 plura
2833 576 2892 624 et
2915 571 3138 638 majora,
3158 579 3214 624 ut
3242 569 3452 625 illorqu
3477 582 3581 623 nec

1999 665 2275 720 minimum
2305 664 2519 735 quidem
2557 679 2775 720 sensum
2803 664 3076 735 capiamus
3104 705 3121 731 ,
3164 663 3261 720 sed
3286 662 3464 720 omnis
3507 676 3573 717 ex

1998 755 2066 810 iis
2093 755 2337 825 voluptas
2360 754 2609 811 facessat.

2068 846 2177 902 ιιι.
2209 846 2465 914 Quantum
2495 846 2685 900 malum
2714 846 2779 901 sit
2801 846 3072 917 selotypia.
3099 874 3173 886 —
3198 844 3255 901 Si
3286 844 3426 901 enim
3452 844 3574 914 quis

1998 946 2187 993 natura
2235 938 2306 994 sit
2351 936 2420 992 ad
2464 937 2783 1009 zelOtypiam
2826 951 3121 1007 propensus
3148 977 3165 1005 ,
3206 944 3391 992 ante:
3415 949 3575 991 causa

1998 1029 2107 1085 ulla
2137 1028 2357 1085 minime
2383 1043 2509 1085 vera
2534 1042 2601 1084 eo
2626 1028 2769 1083 malo
2786 1028 3110 1097 corripiatur
3139 1068 3156 1095 ,
3185 1028 3375 1098 ecquid
3394 1027 3574 1082 anima

1998 1118 2300 1189 huiusmodi
2327 1118 2683 1175 miserabilius
2705 1119 2815 1175 sit?
2854 1117 2911 1175 Si
2939 1118 3136 1173 bellum
3170 1126 3332 1188 atque
3373 1127 3579 1185 tempe-

1996 1220 2189 1268 statem
2208 1227 2327 1267 cum
2345 1211 2428 1268 bis
2441 1211 3347 1280 redibuscomparemus,accuratam
3360 1208 3581 1279 huiusce

2000 1304 2077 1360 rei
2099 1318 2491 1376 consequemur
2511 1304 2793 1376 imaginem
2822 1321 2835 1358 :
2859 1304 3035 1359 omnia
3058 1303 3304 1367 tristitiae.
3320 1302 3580 1371 suspicio-

1998 1397 2106 1466 nis,
2147 1398 2412 1463 rixarum,
2431 1397 2604 1454 turbas
2627 1397 2779 1466 plena
2808 1405 2948 1452 sunt.
2988 1395 3119 1450 Nam
3137 1395 3226 1466 qui
3254 1393 3353 1451 hac
3373 1394 3576 1449 insania

1998 1487 2138 1544 ictus
2148 1488 2290 1558 sit,ei
2303 1488 2471 1545 nihilo
2487 1488 2678 1544 melius
2692 1497 2956 1559 est,quam
2971 1487 3311 1542 dannoniacis
3326 1501 3390 1541 ac
3402 1495 3579 1565 mente

1998 1580 2187 1649 captis:
2200 1581 2337 1636 adeo
2351 1579 2565 1637 assidue
2588 1578 2980 1646 cxsilit,resilit,
2994 1579 3048 1634 in
3064 1593 3253 1634 omnes
3273 1577 3579 1634 stomacho-

2001 1679 2090 1727 tur
2111 1672 2163 1729 in
2186 1681 2498 1740 praesentes,
2520 1687 2616 1728 seu
2642 1686 2850 1737 servus,
2877 1687 2971 1726 seu
2998 1680 3159 1725 natus
3180 1710 3196 1736 ,
3219 1684 3315 1726 seu
3343 1670 3582 1740 quisquis

1999 1766 2137 1821 alius
2159 1765 2248 1829 sit,
2271 1766 2616 1821 immerentes
2630 1764 2776 1831 licet,
2790 1764 3054 1819 irascitur.
3090 1762 3346 1833 Voluptas
3363 1776 3582 1832 prorsus

2000 1855 2491 1928 fugatur,mmrore.
2512 1856 2678 1924 luctu,
2697 1856 3017 1911 insuavitate
3038 1855 3214 1910 omnia
3227 1853 3420 1910 referta
3433 1862 3577 1908 sunt:

2000 1962 2096 2009 ﬁcu
2118 1947 2264 2004 domi
2290 1955 2522 2013 maneat,
2552 1963 2646 2003 seu
2672 1948 2726 2002 in
2754 1947 2926 2003 forum
2952 1946 3206 2019 prodeat,
3236 1960 3331 2000 seu
3360 1946 3462 2000 iter
3487 1943 3581 1997 ad-

1997 2050 2190 2105 ornet,
2218 2039 2414 2110 ubique
2441 2040 2581 2095 malo
2607 2040 2838 2108 tangitur
2863 2079 2879 2103 ,
2923 2038 3158 2093 animum
3187 2036 3239 2093 ei
3265 2035 3457 2107 quovis
3479 2034 3580 2089 sti-

1999 2131 2148 2187 mulo
2174 2130 2351 2186 acrius
2372 2138 2642 2201 pungente
2660 2144 2726 2185 ac
2743 2137 2970 2185 vexante
3000 2169 3017 2194 ,
3062 2142 3163 2183 nec
3199 2127 3479 2198 quiescere
3502 2126 3580 2181 si-

2000 2228 2164 2278 nente
2186 2237 2200 2275 :
2224 2236 2398 2291 neque
2422 2221 2567 2276 enim
2597 2220 2682 2275 hic
2707 2219 2924 2276 morbus
2951 2217 3220 2275 tristitiam
3246 2216 3418 2272 οοιωη
3439 2258 3455 2284 ,
3484 2216 3582 2271 sed

2002 2312 2168 2369 etiam
2198 2310 2587 2367 intolerabilem
2614 2308 2852 2365 furorem
2873 2323 3063 2380 parere
3082 2307 3238 2363 solet.
3270 2305 3447 2377 Atque
3468 2306 3583 2361 have

2000 2403 2085 2460 vel
2105 2401 2309 2472 singula
2330 2402 2706 2473 satissintquae
2717 2400 2819 2456 hoc
2839 2401 3027 2457 morbo
3040 2408 3252 2471 captum
3272 2399 3580 2455 conficiant:

2001 2494 2084 2552 sin
2125 2490 2303 2549 autem
2348 2493 2509 2550 simul
2563 2493 2844 2563 conjuncta
2884 2497 3237 2563 oppugnent,
3280 2504 3406 2546 eum
3440 2491 3580 2545 assi-

1944 2646 1948 2656 ,
2000 2584 2107 2641 due
2130 2584 2419 2655 prementia
2443 2623 2459 2648 ,
2494 2598 2596 2640 nec
2631 2582 2908 2638 minimum
2952 2582 3003 2638 ei
3050 2580 3347 2653 respirandi
3376 2589 3586 2652 tempus

2004 2675 2285 2734 tribuentis
2309 2714 2327 2743 ,
2364 2690 2468 2746 qua
2495 2690 2603 2732 non
2631 2681 2804 2731 morte
2822 2673 2878 2728 id
2904 2672 3152 2729 acerbius
3179 2672 3285 2729 sit?
3328 2672 3463 2728 Nam
3491 2686 3585 2727 seu

2000 2778 2297 2827 extremam
2322 2776 2613 2839 egestatem
2639 2806 2657 2834 ,
2683 2782 2779 2822 seu
2804 2766 3153 2821 insanabilem
3180 2766 3422 2821 morbum
3447 2805 3462 2827 ,
3488 2777 3582 2817 seu

2003 2860 2200 2929 ignem,
2221 2874 2318 2915 seu
2343 2858 2546 2914 ferrum
2573 2857 2843 2925 nomines,
2854 2856 2987 2912 nilnil
3012 2872 3109 2927 par
3132 2857 3331 2912 dixeris
3362 2873 3376 2910 :
3407 2855 3458 2909 id
3482 2853 3586 2910 soli

2002 2951 2213 3022 experti
2236 2949 2402 3021 probe
2420 2951 2614 3004 sciunt.
2640 2948 2794 3004 Nulla
2816 2955 2900 3004 est
2918 2947 3060 3004 enim
3081 2947 3290 3003 dicendi
3313 2955 3455 3000 tanta
3481 2946 3584 3004 vis.

2002 3061 2123 3115 qua:
2169 3044 2292 3099 mali
2330 3043 2649 3115 gravitatem
2684 3050 3060 3110 consequatur.
3085 3040 3294 3094 Etenim
3319 3053 3443 3092 cum
3467 3052 3587 3092 osu-

2005 3138 2151 3195 uium
2182 3136 2512 3192 carissimam
2543 3175 2560 3201 ,
2590 3142 2645 3189 et
2686 3148 2786 3203 pro
2827 3147 2935 3203 qua
2974 3132 3163 3187 lubens
3186 3128 3270 3184 vel
3297 3128 3457 3182 vitam
3486 3128 3586 3180 im-

2006 3229 2235 3302 pendat,
2278 3235 2578 3298 suspectam
2608 3225 2807 3281 habere
2839 3238 3053 3293 semper
3088 3221 3316 3292 cogitur,
3337 3217 3465 3290 quid
3507 3227 3592 3273 cst

2006 3322 2226 3378 omnino
2251 3318 2395 3390 quod
2420 3318 2580 3375 solari
2617 3332 2741 3374 eum
2772 3315 2983 3386 possit?
3029 3313 3135 3369 Seu
3162 3326 3394 3382 namque
3431 3326 3575 3367 sont-

2006 3430 2134 3470 nnm
2161 3412 2316 3479 inire,
2346 3427 2440 3466 seu
2464 3410 2643 3467 cibum
2666 3418 2955 3481 potumque
2979 3420 3172 3475 capere
3197 3418 3474 3460 necessum
3494 3404 3586 3468 sit,

2008 3519 2246 3562 mensam
2274 3502 2518 3558 letalibus
2542 3500 2763 3557 venenis
2797 3499 2976 3570 potius
3003 3513 3161 3568 quam
3183 3495 3587 3553 cduliisinstrm

2008 3604 2148 3651 ctam
2172 3593 2387 3650 credet:
2420 3592 2477 3648 in
2505 3592 2644 3648 lecto
2661 3606 2761 3646 nec
2781 3589 2866 3646 vel
2895 3598 3169 3644 momento
3195 3586 3465 3657 quiescet,
3495 3584 3588 3638 sed

2011 3697 2262 3758 tauquam
2292 3684 2548 3755 subjectis
2579 3683 2765 3755 prunis
2784 3680 3029 3737 mstuabit
3055 3693 3117 3733 ac
3142 3676 3460 3747 iactabitur:
3491 3688 3588 3730 ne-

2011 3792 2115 3849 que
2138 3785 2230 3833 aut
2254 3776 2548 3832 amicorum
2578 3786 2914 3845 congressus,
2942 3777 3038 3824 aut
3066 3766 3399 3837 negotiorum
3437 3779 3586 3828 cura,

2009 3878 2105 3927 aut
2124 3870 2479 3942 periculorum
2497 3875 2688 3930 metus,
2712 3873 2803 3919 aut
2828 3864 3017 3934 ingens
3041 3860 3304 3930 voluptas,
3327 3866 3418 3912 aut
3442 3854 3587 3911 aliud

2011 3963 2297 4035 quidquam
2325 3961 2394 4015 ab
2416 3973 2483 4014 eo
2505 3967 2641 4012 testu
2677 3954 2945 4011 hominem
2974 3952 3239 4009 abducere
3260 3956 3473 4021 potest,
3493 3945 3589 4002 sed

2013 4056 2245 4129 procella
2272 4053 2388 4109 bzcc
2419 4051 2666 4108 omnibus
2693 4057 2748 4106 et
2767 4046 3019 4120 iucundis
3045 4055 3101 4103 et
3133 4043 3374 4100 tristibus
3403 4049 3590 4112 potenc

2014 4152 2120 4207 tius
2156 4148 2393 4203 animum
2436 4144 2694 4216 possidet.
2742 4143 2867 4197 Haec
2905 4156 3026 4197 cum
3051 4137 3301 4210 perspexi
3316 4146 3411 4190 :set
3440 4134 3594 4189 Salo.

2014 4258 2161 4308 mou,
2188 4241 2400 4295 dicebat
2423 4256 2438 4292 :
2466 4238 2638 4292 Durus
2657 4237 2785 4291 sicut
2810 4236 3036 4305 infernus
3063 4230 3199 4284 zelus
3218 4225 3388 4300 (Cant.
3415 4227 3468 4283 8.
3498 4223 3591 4295 6):

2014 4346 2071 4392 et
2095 4348 2323 4398 rursum,
2356 4330 2550 4386 Flentes
2578 4328 2713 4384 enim
2736 4327 2833 4381 seti
2860 4326 2969 4397 ejus
2995 4322 3089 4377 uiri
3108 4325 3275 4391 furor,
3300 4335 3400 4373 non
3426 4325 3596 4388 parcet

2015 4427 2161 4484 indie
2165 4424 2378 4497 iudicii,
2392 4438 2483 4478 nec
2505 4419 2846 4489 redemptione
2868 4414 2975 4471 ulla
2996 4411 3287 4468 inimicitias
3312 4418 3595 4480 componet,

2017 4537 2109 4578 nec
2131 4518 2407 4591 quantisuis
2445 4515 2592 4570 donis
2620 4512 2903 4582 placabitur
2920 4506 3105 4582 (Prov.
3129 4506 3184 4563 6.
3208 4507 3298 4563 3i.
3313 4506 3427 4576 55).
3450 4504 3499 4560 Is
3517 4511 3601 4561 est

2017 4615 2160 4670 enim
2187 4610 2358 4667 morbi
2376 4608 2534 4679 liuius
2562 4606 2732 4668 furor,
2750 4594 2819 4658 ἰιι
2844 4617 2943 4658 nec
2960 4609 3175 4670 sumpto
3196 4597 3266 4654 de
3293 4612 3359 4654 eo
3386 4596 3479 4668 qui
3507 4596 3603 4651 ite.

2018 4706 2152 4780 serit
2176 4703 2462 4775 supplicio,
2490 4698 2733 4757 dolorem
2765 4696 2987 4752 missum
3013 4694 3189 4749 faciat.
3220 4691 3401 4761 Itaque
3425 4688 3598 4756 multi,

2019 4799 2263 4856 adultero
2287 4796 2499 4853 sublato
2531 4833 2547 4857 ,
2588 4793 2720 4848 iram
2759 4797 2921 4860 atque
2950 4800 3236 4843 interorem
3278 4784 3467 4840 tollere
3494 4795 3601 4837 non

2020 4897 2328 4963 potuerunt.
2354 4888 2490 4944 Sunt
2513 4894 2570 4943 et
2598 4884 2689 4956 qui
2714 4882 2867 4938 cassis
2890 4880 3003 4936 suis
3021 4876 3336 4949 coniugibus
3358 4916 3374 4941 ,
3405 4888 3560 4944 atque
3585 4912 3602 4939 ,

2023 4984 2132 5039 imo
2155 4981 2344 5052 magis,
2376 4993 2443 5036 eo
2468 4992 2597 5047 rogo
2621 4972 2937 5031 exarserint.
2967 4973 3045 5025 Ac
3069 4972 3149 5024 vir
3184 4967 3399 5039 quidem
3439 4965 3494 5020 in
3524 4964 3606 5018 ltis

2025 5075 2180 5133 malis
2203 5073 2384 5142 degit,
2436 5071 2596 5126 etiam
2643 5081 2768 5123 cum
2807 5064 2937 5121 nihil
2978 5077 3163 5120 verum
3205 5061 3293 5114 sit.
3339 5058 3607 5113 Caeterum

2026 5167 2223 5222 misera
2252 5163 2343 5218 illa
2369 5170 2425 5218 et
2445 5145 2748 5216 arumnosa
2774 5156 2858 5212 vel
2874 5155 2989 5212 viro
3011 5152 3223 5226 gravius
3249 5146 3607 5204 escruciatur.

2025 5257 2158 5315 Nam
2186 5272 2308 5310 cum
2333 5268 2456 5310 eum
2488 5293 2506 5318 ,
2537 5252 2628 5322 qui
2676 5261 3037 5307 aerumnarum
3080 5242 3316 5299 omnium
3362 5238 3610 5297 solatium

2025 5364 2151 5409 esse
2177 5347 2401 5413 debeat,
2455 5353 2511 5401 ct
2545 5342 2687 5398 unde
2710 5339 3023 5413 prcsidinm
3050 5330 3467 5404 exspectandum
3497 5329 3562 5385 sit
3593 5369 3611 5396 ,

2029 5442 2253 5501 eﬂ'erum
2281 5450 2442 5509 atque
2481 5436 2719 5493 omnium
2770 5435 2821 5489 in
2872 5448 2933 5487 se
2976 5426 3337 5484 inimicissime
3363 5422 3614 5482 allectqu

2030 5535 2225 5601 cernit,
2264 5549 2370 5604 quo
2390 5532 2501 5601 iam
2532 5545 2591 5585 se
2615 5526 2822 5585 vertat?
2866 5523 2931 5577 ad
2950 5538 3109 5592 quem
3133 5516 3444 5588 confugiat?
3473 5514 3615 5570 unde

2030 5627 2295 5684 malorqu
2321 5624 2583 5680 auxilium
2608 5630 2789 5693 petat,
2814 5627 2968 5686 portu
2994 5615 3043 5668 ei
3071 5618 3420 5683 pracStructo,
3449 5620 3504 5662 ct
3533 5607 3584 5664 iu
3604 5634 3618 5643 -
3670 5630 3679 5635 -

2038 5720 2458 5785 numerabilibus
2491 5714 2725 5790 εεοικιιὶε
2752 5709 2987 5770 referto?
3029 5707 3164 5769 Tum
3191 5715 3246 5763 et
3281 5703 3424 5767 Servi
3448 5710 3498 5759 et
3522 5714 3620 5765 ων
