4056 6208
451 359 557 415 575

451 475 588 529 cilla:
628 475 678 529 in
705 489 823 530 eam
864 475 980 528 viro
1022 475 1519 528 contumeliosiorcs
1565 484 1708 527 sunt.
1755 473 1850 526 Est
1886 473 2028 527 enim

454 581 622 633 genus
649 567 748 620 hoc
777 566 1048 620 hominum
1072 606 1086 629 ,
1120 580 1239 618 cum
1267 565 1462 634 alioqui
1487 565 1839 634 suspiciosum
1867 572 1920 618 et
1949 566 2030 617 in—

455 668 664 724 gratum
694 699 708 720 ,
744 666 851 711 tum
883 657 1110 712 licentia:
1137 657 1252 725 plus
1278 655 1416 710 nacti
1442 697 1456 722 ,
1487 655 1730 724 interque
1757 670 1815 710 se
1840 655 2032 708 adverv

459 763 549 801 sos
591 747 750 801 heros
775 748 1161 816 conspicientes
1185 787 1201 812 ,
1232 761 1300 800 ex
1340 761 1526 800 eorum
1565 745 1704 800 bello
1729 760 1835 798 non
1864 745 2034 800 levem

463 839 815 906 improbiuuis
841 853 950 892 sua:
975 853 1160 892 ansam
1188 839 1421 908 capiunt.
1468 837 1600 892 Nam
1643 848 1752 892 tum
1781 837 1845 892 iis
1878 836 2036 906 quid-

460 928 749 996 quidlubet
770 944 972 983 summa
989 928 1300 998 impunitate
1322 929 1517 1000 ﬁngere
1539 938 1696 998 atque
1707 927 2036 983 comminisci

467 1017 588 1072 licet
610 1057 624 1080 ,
667 1027 720 1072 et
747 1018 1104 1086 suSpicionem
1135 1019 1414 1073 calumniis
1443 1020 1557 1073 suis
1588 1019 2038 1074 conﬁrmatiorem

466 1109 708 1162 reddere.
741 1109 964 1163 Animus
1003 1111 1144 1164 enim
1185 1111 1354 1164 semel
1397 1109 1498 1164 hoc
1545 1110 1808 1179 pestilenti
1855 1112 2042 1165 morbo

465 1210 758 1268 occupatus
775 1242 789 1265 ,
841 1201 994 1255 facile
1023 1213 1209 1256 cuncta
1234 1202 1440 1267 credit,
1466 1211 1520 1257 et
1545 1218 1673 1257 aure
1699 1202 1948 1257 omnibus
1975 1217 2042 1257 ex

465 1307 619 1362 :rquo
648 1303 828 1363 aperta
855 1334 871 1358 ,
905 1294 1260 1364 sycophantas
1293 1309 1323 1348 a
1353 1308 1455 1349 non
1481 1296 1822 1366 syc0phautis
1846 1295 2048 1350 discer-

469 1401 596 1441 nere
628 1402 729 1440 non
756 1390 1002 1453 sustinet,
1034 1388 1126 1442 sed
1160 1388 1193 1441 ii
1223 1389 1398 1458 potius
1422 1404 1544 1442 vera
1574 1388 1755 1442 dicere
1777 1387 2042 1453 videntur,

467 1479 559 1545 qui
603 1480 958 1550 suspicionem
1003 1489 1218 1549 augent,
1250 1495 1409 1549 quam
1434 1479 1522 1550 qui
1550 1479 1734 1534 tollere
1759 1488 2043 1532 cernantur.

474 1567 655 1637 Itaque
680 1567 882 1638 fugitivi
906 1570 1003 1637 illi,
1035 1585 1327 1640 eorumque
1356 1583 1573 1634 uxores,
1599 1569 1766 1622 nihilo
1793 1568 1968 1621 minus
1997 1567 2048 1622 ei

471 1675 630 1729 quam
657 1661 1057 1716 contubernalis
1086 1663 1304 1716 timendi
1326 1671 1377 1718 et
1400 1661 1651 1716 horrendi
1685 1669 1841 1726 sunt,
1869 1673 2050 1714 suum-

471 1767 574 1820 que
600 1751 702 1806 illis
730 1751 903 1806 locum
929 1752 1087 1807 cedat
1125 1754 1178 1807 in
1206 1753 1523 1823 illorumque
1543 1751 1786 1806 ordinem
1819 1759 2052 1805 transeat

472 1853 701 1914 oportet.
729 1844 794 1898 Et
813 1845 1025 1914 quando
1043 1845 1158 1899 sine
1180 1846 1430 1917 lacrymis
1452 1860 1608 1915 agere
1638 1843 1872 1915 poterit?
1891 1858 2050 1914 quam

475 1933 730 1987 noctem?
759 1949 915 2004 quem
955 1933 1138 1990 diem?
1185 1935 1326 2001 quod
1383 1935 1617 1988 festum?
1664 1933 1877 2004 quando
1921 1934 2054 1987 citra

471 2024 725 2092 gemitum
750 2066 766 2093 ,
789 2025 1041 2094 cjulatum
1072 2067 1088 2094 ,
1134 2026 1398 2080 lamenta?
1428 2026 1581 2080 Mina:
1611 2067 1627 2094 ,
1671 2025 2006 2081 contumelia:
2037 2065 2053 2093 ,

476 2116 714 2169 convicia
798 2126 1053 2187 perpetuo
1101 2159 1118 2184 ,
1188 2127 1296 2172 tum
1371 2133 1400 2171 a
1470 2119 1584 2173 viro
1657 2127 1857 2174 temere
1929 2133 2055 2174 sau-

475 2208 560 2260 cio
588 2249 602 2271 ,
649 2215 757 2261 ttnn
788 2209 854 2264 ab
881 2209 1103 2279 impuris
1148 2210 1359 2265 famulis
1391 2229 1404 2264 :
1435 2211 1690 2266 custodia:
1731 2228 1851 2266 una:
1895 2222 2055 2282 atque

475 2298 660 2352 alterae
690 2317 702 2352 :
735 2301 912 2354 omnia
938 2303 1160 2355 terroris
1181 2316 1245 2356 ac
1274 2303 1640 2372 trepidationis
1666 2304 1840 2374 plena.
1872 2303 2058 2374 Neque

475 2391 619 2444 enim
647 2392 823 2446 exitus
862 2393 1034 2447 solum
1064 2403 1118 2449 et
1149 2396 1420 2465 ingressus
1449 2437 1464 2460 ,
1496 2395 1591 2451 sed
1621 2404 1675 2451 et
1694 2397 1852 2452 verba
1885 2404 1940 2451 et
1962 2397 2060 2452 ob-

477 2491 623 2538 tutus
644 2493 696 2537 et
721 2485 949 2555 suspiria
976 2494 1226 2540 accurate
1265 2494 1424 2556 atque
1453 2488 1663 2542 curiose
1689 2487 2056 2556 explorantur,

477 2584 530 2627 et
557 2575 636 2628 vel
669 2575 813 2628 saxis
840 2574 1148 2644 rigidior-em
1188 2576 1402 2630 silentio
1429 2586 1617 2631 cuncta
1641 2576 1802 2643 ferre,
1844 2591 1908 2632 ac
1939 2577 2052 2631 tha-

482 2662 620 2720 lamo
644 2676 898 2736 perpetuo
922 2667 1134 2722 affixam
1153 2683 1272 2722 esse
1295 2668 1470 2722 vincto
1496 2667 1682 2722 durius
1710 2683 1929 2724 necesse
1951 2676 2056 2735 est,

479 2757 563 2811 vel
593 2757 758 2826 loqui,
781 2757 1073 2826 suspirare,
1105 2758 1286 2828 egredi
1315 2759 1584 2814 volentem
1611 2801 1627 2826 ,
1659 2760 1896 2814 omnium
1927 2776 2060 2816 cau-

477 2863 592 2904 sam
623 2849 803 2905 dicere
829 2849 970 2920 apud
1001 2859 1286 2920 corruptos
1321 2865 1416 2907 eos
1440 2851 1648 2922 judices
1672 2893 1688 2918 ,
1722 2851 1948 2906 famulas
1975 2853 2059 2906 in-

479 2956 636 3008 quam
663 2950 714 2995 et
742 2956 1016 2996 servormn
1047 2942 1278 2996 turbam.
1308 2943 1503 3013 Igitur,
1535 2944 1579 2998 si
1607 2944 1794 3014 placet,
1824 2961 1946 2999 cum
1976 2943 2062 3000 his

481 3031 634 3086 malis
659 3041 714 3086 et
738 3047 868 3102 opes
910 3033 1149 3104 iungentes
1183 3043 1237 3089 et
1274 3033 1586 3104 Splendidas
1629 3050 1840 3090 mensas
1864 3046 1918 3091 et
1943 3051 2060 3091 sero

480 3135 668 3176 verum
695 3137 909 3194 gregem
934 3165 949 3189 ,
993 3125 1208 3195 generis
1254 3125 1594 3196 Splendorem
1623 3167 1637 3192 ,
1666 3127 1916 3196 potentia:
1947 3142 2063 3182 ma-

481 3216 810 3285 guitudiuem
835 3259 850 3284 ,
880 3218 1104 3289 gloriam
1125 3234 1385 3274 summam
1408 3261 1422 3286 ,
1469 3219 1732 3290 majorum
1763 3221 2060 3277 claritatem

480 3307 696 3375 confer;
725 3324 909 3365 eorum
939 3327 1058 3380 qua:
1084 3312 1246 3366 vitam
1274 3312 1408 3367 hanc
1448 3313 1629 3368 studio
1655 3313 2061 3369 desiderabilem

483 3401 716 3456 efliciant
742 3401 873 3455 nihil
902 3403 1272 3470 prtetermitte,
1297 3403 1391 3458 sed
1423 3404 1600 3458 omnia
1627 3403 1908 3474 diligenter
1936 3404 2055 3459 col-

483 3493 615 3547 lecta
645 3491 814 3546 dolori
861 3493 983 3546 huic
1006 3507 1217 3561 oppone
1254 3509 1267 3547 :
1299 3509 1430 3551 sane
1466 3494 1794 3564 voluptatem
1839 3511 1958 3565 qua:
1995 3511 2062 3552 ex

483 3585 548 3640 iis
569 3594 752 3639 manat
771 3600 872 3640 nec
900 3593 1245 3656 apparentem
1278 3587 1494 3657 quidem
1519 3602 1708 3642 cernes
1732 3627 1749 3654 ,
1800 3596 1959 3658 atque
1989 3587 2061 3642 ita

483 3675 846 3746 proﬂigatam,
875 3685 932 3731 ut
957 3677 1187 3732 scintilla
1221 3678 1272 3732 in
1300 3687 1506 3733 vastum
1534 3694 1716 3750 tequor
1745 3679 1932 3748 illapsa
1962 3695 2061 3734 ex-

483 3767 785 3836 stinguitur.
825 3767 890 3821 Et
916 3767 1030 3822 haec
1057 3767 1271 3838 quidem
1294 3769 1380 3822 ubi
1410 3769 1489 3823 vir
1516 3770 1778 3841 zelotypia
1803 3769 1959 3826 fuerit
1978 3770 2062 3825 af-

491 3857 680 3914 fectus.
717 3858 809 3914 Sin
837 3860 904 3915 ad
927 3877 1151 3916 uxorem
1185 3862 1448 3932 aegritudo
1472 3879 1536 3918 ea
1563 3863 1818 3933 pervadat
1847 3863 1866 3936 (
1890 3880 2062 3935 neque

482 3952 624 4006 enim
657 3952 707 4007 id
732 3969 853 4008 raro
877 3955 1092 4009 evenire
1118 3955 1254 4010 solet
1279 3955 1298 4026 )
1325 3997 1340 4021 ,
1368 3971 1488 4010 cum
1512 3957 1782 4028 illequam
1813 3974 1934 4012 cum
1965 3958 2065 4014 hac

486 4043 677 4097 melius
717 4053 938 4114 agetur:
986 4044 1081 4100 scd
1110 4045 1163 4100 in
1193 4046 1330 4101 hanc
1361 4048 1609 4103 miseram
1641 4065 1853 4105 rursum
1895 4051 2064 4119 major

483 4133 724 4188 dolorum
751 4150 874 4205 pars
904 4135 1221 4192 redundabit
1245 4156 1260 4193 :
1289 4153 1463 4209 neque
1487 4141 1629 4194 enim
1663 4143 1740 4196 fas
1769 4151 1851 4197 est
1873 4143 2062 4198 iisdem

483 4225 648 4280 armis
678 4226 730 4280 in
757 4237 1061 4297 suspectum
1087 4230 1182 4282 uti.
1231 4229 1361 4285 Nam
1406 4231 1524 4302 quis
1567 4249 1788 4288 uxorem
1819 4233 1955 4289 ferat
1980 4235 2067 4304 ju-

484 4317 695 4374 beutcm
724 4319 867 4374 domi
894 4321 1107 4376 assidue
1141 4324 1398 4378 manere?
1433 4325 1551 4395 quis
1581 4340 1612 4380 e
1661 4326 1830 4381 servis
1878 4327 2062 4382 herum

483 4413 767 4468 observare
801 4415 977 4480 ausit,
1009 4417 1134 4484 quin
1165 4417 1418 4470 continuo
1471 4417 1536 4471 ad
1588 4417 1894 4472 barathrum
1925 4419 2066 4474 abri-

486 4503 694 4572 piatur?
725 4503 904 4574 Itaque
928 4521 1028 4560 nec
1058 4506 1141 4561 his
1172 4507 1612 4564 machinamentis
1649 4511 1811 4564 solari
1849 4526 1908 4566 se
1946 4526 2068 4580 pos-

463 4595 573 4656 .sit,
602 4610 701 4649 nec
727 4595 860 4649 iram
899 4597 1078 4651 verbis
1120 4597 1343 4654 efferre:
1391 4599 1484 4653 sed
1523 4601 1608 4654 vir
1642 4601 1813 4656 semel
1842 4602 2065 4656 fortasse

488 4686 783 4754 iterumque
845 4686 1237 4756 vitilitigantem
1309 4689 1582 4756 patietur;
1639 4691 1723 4744 sin
1789 4691 2065 4746 criminari

488 4775 757 4844 persistat,
785 4778 962 4831 statim
993 4777 1224 4844 docebit,
1246 4788 1502 4848 praestare
1518 4795 1582 4834 ea
1608 4781 1822 4835 silentio
1843 4780 1982 4835 ferre
2004 4795 2067 4836 ac

489 4870 782 4924 tabescere.
820 4874 994 4941 Atque
1019 4871 1134 4925 tunc
1163 4872 1376 4940 quidem
1427 4872 1472 4926 si
1520 4871 1756 4940 suspicio
1785 4873 1874 4926 sit.
1899 4873 2067 4928 Porro

487 4964 532 5020 si
561 4965 757 5019 malum
799 4965 898 5018 hoc
924 4981 1107 5020 verum
1138 4966 1207 5020 sit
1233 5007 1249 5034 ,
1297 4967 1409 5036 jam
1443 4979 1665 5019 uxorem
1711 4980 1919 5020 nemoe
1947 4965 2062 5020 laesi

497 5061 740 5115 manibus
777 5060 969 5130 eripiat
997 5102 1012 5126 ,
1045 5061 1168 5129 quin
1201 5060 1344 5129 leges
1383 5059 1706 5130 Opitulantcs
1737 5069 1922 5114 nactus
1947 5073 2066 5114 om-

489 5154 632 5206 uiutu
664 5152 761 5206 sibi
783 5152 1112 5206 carissimam
1150 5153 1200 5204 in
1219 5151 1476 5221 judicium
1504 5150 1784 5205 adductam
1818 5152 2064 5206 trucidet:

495 5254 746 5299 caterum
767 5245 852 5299 vir
877 5245 1050 5314 legum
1081 5258 1266 5313 pmnas
1292 5244 1473 5314 effugit
1492 5285 1508 5311 ,
1538 5245 1750 5299 sublimi
1781 5259 1843 5298 ac
1871 5245 2065 5299 divina:

489 5337 766 5391 sententia:
791 5347 1054 5392 servatus.
1093 5338 1288 5391 Verum
1320 5337 1372 5391 id
1396 5337 1462 5391 ad
1494 5337 1707 5392 misera:
1741 5338 2067 5392 consolatio-

491 5447 728 5486 ncmnon
753 5433 968 5498 sufﬁcit;
985 5432 1080 5488 sed
1109 5447 1328 5488 necesse
1356 5442 1437 5487 est
1460 5433 1668 5503 longam
1695 5433 1978 5502 quamdam
2007 5446 2070 5486 ac

492 5524 848 5579 miserandam
880 5535 1106 5580 mortem
1128 5524 1309 5580 subire
1328 5566 1342 5590 ,
1372 5539 1468 5594 per
1489 5526 1880 5579 incantamenta
1911 5534 2068 5594 atque

496 5619 743 5674 vcncﬁcia
763 5660 778 5684 ,
809 5635 926 5688 qua:
950 5619 1210 5674 adultera:
1237 5616 1488 5672 mulieres
1515 5626 1811 5687 prteparaut
1838 5632 1851 5667 :
1883 5615 2069 5684 plertn-

491 5727 592 5780 que
615 5711 774 5765 etiam
807 5724 905 5764 nec
932 5709 1136 5764 insidiis
1163 5709 1215 5764 in
1253 5723 1346 5764 eas
1369 5721 1500 5778 quas
1529 5707 1791 5763 lacessant
1813 5721 1949 5776 Opus
1977 5705 2071 5759 ha-

493 5805 837 5876 buerunt,scd
861 5805 962 5862 ill-.e
975 5805 1223 5863 maeroris
1239 5804 1576 5864 vehementia
1594 5804 1745 5877 prius
1765 5801 2065 5872 exstincta,

1147 361 1205 420 S.
1244 361 1518 418 1ΙΟΑΝΝΙΞ
1555 359 2027 416 CIIIlYSOSTOMI
2069 358 2384 414 ARCHIEP.
2427 359 2958 416 CONST.\NTINOP.

3608 357 3710 413 576

2137 474 2278 542 ipsas
2305 482 2704 541 pr.everterunt.
2754 474 2827 528 Ita
2861 482 2916 526 ut
2941 471 3281 543 quantumvis
3307 473 3404 526 viri
3431 487 3616 528 omnes
3645 473 3709 526 ad

2139 564 2532 617 matrimonium
2555 563 2903 630 conﬂuerent,
2931 563 3142 618 feminis
3173 563 3223 617 id
3269 578 3375 618 non
3417 564 3487 618 sit
3530 579 3716 635 perse-

2139 657 2429 726 quendum.
2457 656 2589 710 Nam
2618 673 2717 711 nec
2747 657 2920 712 inesse
2954 657 3004 711 in
3049 671 3107 710 se
3132 665 3331 710 tantam
3362 656 3597 714 libidinis
3617 657 3720 710 im-

2143 748 2429 818 potentiam
2460 757 2680 817 possunt
2703 747 2881 802 dicere
2903 788 2920 815 ,
2967 757 3022 802 et
3043 747 3290 802 dolorum
3315 749 3403 818 qui
3434 763 3500 802 ex
3527 762 3593 802 eo
3619 748 3719 801 im-

2144 837 2407 908 pendeant
2433 836 2553 906 plus
2581 838 2794 906 capiunt
2825 854 2837 890 :
2866 837 3007 907 quod
3039 837 3252 907 quidem
3270 837 3377 907 jam
3405 846 3486 892 est
3513 853 3544 890 a
3569 837 3722 891 nobis

2143 928 2583 984 demonstratum.
2603 928 2738 996 Quid
2757 929 2930 1000 igitur,
2959 929 3162 999 inquit,
3185 928 3238 984 id
3266 929 3316 984 in
3349 928 3495 983 omni
3523 929 3712 982 matri-

2145 1020 2325 1074 monio
2366 1019 2625 1074 estiNec
2674 1034 2803 1075 vero
2850 1019 3002 1074 abest
3027 1020 3094 1074 ab
3123 1019 3268 1074 omni
3305 1035 3320 1072 :
3371 1027 3627 1073 cmterum
3657 1017 3726 1071 ab

2147 1112 2290 1169 omni
2321 1113 2616 1183 virginitate
2637 1112 2792 1183 longe
2809 1121 2964 1182 atque
2985 1112 3164 1182 procul
3191 1120 3290 1167 est.
3320 1111 3396 1166 Ac
3413 1123 3574 1180 nupta
3602 1110 3727 1164 licet

2149 1207 2200 1260 in
2229 1205 2425 1260 malum
2456 1221 2562 1260 non
2588 1205 2823 1273 incidat,
2850 1214 2905 1260 at
2931 1206 2981 1260 iu
3006 1206 3127 1260 mali
3155 1215 3350 1259 metum
3379 1203 3573 1258 incidet
3597 1222 3610 1258 :
3642 1219 3728 1258 ne-

2149 1312 2252 1366 que
2297 1299 2438 1351 enim
2470 1305 2683 1365 potest,
2711 1297 2792 1351 cui
2826 1312 2945 1350 cum
2973 1297 3090 1351 viro
3116 1294 3571 1351 consuesceudum
3620 1295 3725 1354 sit.

2152 1403 2255 1463 non
2287 1402 2387 1441 una
2412 1403 2530 1442 cum
2559 1387 2942 1442 consuetudine
2970 1387 3106 1440 mala
3133 1387 3310 1440 omnia
3341 1401 3520 1441 secum
3542 1394 3727 1454 putare

2151 1491 2214 1532 ac
2241 1487 2478 1533 metuere
2507 1495 2520 1532 :
2559 1479 2706 1548 virgo
2730 1485 2903 1532 autem
2935 1492 3040 1532 non
3069 1477 3238 1531 solum
3261 1491 3288 1529 a
3313 1476 3570 1530 molestiis
3593 1517 3609 1542 ,
3636 1475 3728 1528 sed

2153 1568 2311 1622 etiam
2333 1583 2361 1621 a
2391 1567 2694 1638 suSpicione
2721 1568 2884 1622 libera
2912 1576 3012 1623 est.
3047 1567 3118 1620 At
3143 1565 3244 1621 hoc
3271 1581 3373 1619 non
3403 1576 3484 1620 est
3511 1567 3560 1618 in
3587 1565 3732 1618 omni

2155 1660 2512 1713 matrimonio.
2543 1659 2658 1713 Non
2697 1658 2942 1729 equidem
2973 1657 3024 1712 id
3050 1657 3167 1712 dico
3191 1699 3207 1724 ,
3251 1657 3343 1710 sed
3388 1659 3632 1726 quamvis
3681 1655 3730 1708 id

2158 1765 2263 1804 non
2289 1750 2432 1816 insit,
2459 1751 2557 1804 alia
2588 1750 2766 1804 insunt
2789 1749 2974 1814 multa,
3000 1763 3060 1802 ac
3080 1747 3204 1803 licet
3233 1747 3319 1801 illa
3349 1745 3588 1815 effugias,
3619 1760 3735 1798 om.

2157 1841 2244 1896 nia
2271 1841 2427 1911 plane
2451 1840 2684 1912 effugere
2715 1856 2820 1895 non
2843 1841 3017 1911 possis
3041 1855 3055 1906 ;
3089 1838 3183 1894 sed
3210 1839 3352 1893 velut
3381 1837 3432 1890 in
3459 1835 3732 1897 sentibus,

2157 1951 2276 2003 qua:
2301 1934 2630 1989 vestimentis
2658 1933 2966 1988 adhaereant
2991 1972 3005 1996 ,
3033 1930 3124 2001 qui
3150 1944 3330 1998 sepem
3359 1925 3690 1982 transcendit
3718 1967 3733 1990 ,

2158 2027 2225 2082 ad
2246 2043 2400 2083 unam
2423 2026 2750 2082 evellendam
2772 2039 3079 2089 conversus,
3103 2023 3219 2076 aliis
3243 2020 3478 2091 pluribus
3505 2026 3736 2073 tenetur:

2159 2119 2232 2174 ita
2260 2127 2314 2174 et
2343 2119 2395 2174 in
2427 2135 2486 2174 re
2512 2119 2696 2174 uxoria
2719 2159 2735 2183 ,
2764 2117 2853 2188 qui
2886 2116 2987 2170 hoc
3025 2113 3319 2185 perrumpit
3350 2154 3365 2177 ,
3400 2111 3492 2166 illo
3525 2125 3736 2164 rursum

2161 2212 2402 2278 lmditur;
2449 2212 2538 2282 qui
2569 2225 2697 2266 vero
2726 2209 2849 2265 illud
2877 2208 3136 2271 evaserit,
3167 2205 3310 2260 aliud
3341 2204 3559 2258 uﬁ'cudit
3586 2222 3598 2256 :
3640 2217 3740 2256 nec

2160 2303 2316 2359 facile
2345 2305 2738 2358 matrimonium
2768 2303 3005 2356 invenias
3035 2301 3176 2353 omni
3211 2298 3447 2351 molestia
3479 2296 3734 2349 solutum.

2233 2395 2362 2449 Llll.
2397 2393 2698 2464 Conjugium
2738 2393 2948 2446 divitum
2983 2389 3307 2460 expetendum
3334 2404 3431 2440 non
3459 2401 3597 2450 esse,
3639 2385 3740 2436 imo

2163 2503 2441 2557 pauperum
2469 2485 2714 2539 connubio
2744 2484 3000 2538 molestius
3024 2498 3147 2536 esse.
3167 2509 3236 2521 —-
3263 2478 3457 2534 Verum
3478 2520 3493 2543 ,
3524 2477 3568 2530 si
3596 2475 3742 2530 vidc-

2164 2591 2268 2649 tur,
2305 2579 2545 2634 infaustis
2574 2578 2806 2633 dimissis
2829 2619 2843 2644 ,
2873 2575 3014 2645 quod
3041 2575 3091 2628 in
3123 2590 3187 2628 eo
3218 2580 3298 2626 ter
3326 2571 3534 2626 beatum
3558 2568 3742 2623 existi-

2164 2682 2358 2736 metur,
2391 2679 2445 2724 et
2483 2668 2653 2734 multi,
2681 2669 2922 2736 adeoque
2949 2681 3134 2720 (mines
3161 2672 3342 2733 optent
3373 2660 3654 2730 consequi,
3690 2659 3740 2712 id

2164 2778 2304 2817 nunc
2330 2763 2382 2816 in
2412 2760 2645 2816 medium
2674 2759 2988 2830 productum
3029 2758 3374 2827 Itlf|llil‘3lllll$.
3399 2754 3657 2820 Quidnam
3688 2751 3740 2806 id

2163 2856 2282 2911 est?
2309 2854 2405 2922 Qui
2443 2868 2662 2924 pauper,
2695 2851 2942 2917 humilis,
2976 2849 3212 2919 abjectus
3241 2847 3314 2902 sis
3336 2887 3351 2913 ,
3383 2862 3450 2901 ex
3475 2845 3647 2914 ampla
3679 2859 3742 2898 ac

2165 2947 2365 3018 potenti
2409 2952 2463 3000 et
2506 2943 2766 3014 locuplete
2803 2942 2964 2996 domo
2991 2955 3208 2995 uxorem
3239 2939 3454 2994 ducere.
3494 2938 3563 2990 At
3601 2934 3740 3002 hoc,

2163 3036 2305 3107 quod
2332 3033 2686 3106 expetendum
2712 3033 2939 3098 videtur,
2972 3047 3076 3086 non
3123 3030 3417 3084 minorilms
3437 3069 3450 3092 ,
3483 3043 3640 3098 quam
3682 3027 3742 3080 il-

2165 3129 2284 3195 lud,
2317 3128 2456 3201 quod
2496 3141 2742 3197 perosum
2773 3134 2854 3180 est
2873 3166 2886 3188 ,
2916 3122 3303 3179 calamitatibus
3333 3121 3620 3174 obnoxium
3649 3116 3743 3172 de-

2165 3221 2577 3293 prehendemus.
2610 3219 2703 3274 Est
2730 3219 2870 3272 cnim
2903 3215 3102 3286 alioqui
3125 3229 3246 3270 cum
3277 3211 3548 3266 hominum
3574 3225 3744 3280 geuus

2165 3313 2661 3375 insolentissimum,
2695 3320 2803 3364 tum
2830 3309 2882 3362 in
2911 3307 2973 3363 iis
2997 3307 3266 3369 mulieres,
3295 3318 3359 3359 eo
3385 3301 3598 3374 quidem
3626 3315 3743 3354 ma-

2163 3408 2266 3478 gis,
2296 3399 2403 3478 quo
2443 3404 2840 3474 impotentiores
2871 3408 3012 3454 sunt.
3040 3399 3216 3466 Quare
3240 3405 3296 3452 et
3323 3395 3508 3450 morbo
3537 3395 3636 3447 hoc
3667 3391 3746 3446 fa-

2165 3499 2320 3554 cilius
2347 3495 2666 3565 capiuntur:
2693 3493 2738 3547 si
2765 3505 2891 3546 vero
2917 3489 3178 3560 superbia:
3207 3501 3394 3558 graves
3418 3485 3574 3539 etiam
3613 3497 3745 3537 cau-

2165 3607 2253 3647 sas
2298 3589 2564 3656 habeant,
2596 3586 2724 3642 nihil
2753 3593 2834 3640 est
2869 3582 3008 3654 quod
3033 3595 3124 3637 eas
3150 3581 3202 3635 in
3241 3577 3420 3633 oflicio
3443 3577 3744 3639 contineat;

2166 3683 2264 3739 sed
2293 3681 2443 3753 quasi
2473 3680 2683 3735 flamma
2711 3677 2984 3735 materiam
3015 3683 3164 3728 nacta
3186 3713 3200 3736 ,
3227 3672 3296 3724 ita
3323 3671 3551 3724 immane
3574 3682 3745 3737 quan-

2167 3785 2280 3830 tum
2311 3790 2368 3830 se
2391 3773 2698 3836 sustollunt,
2727 3769 2967 3824 ordinem
2995 3767 3258 3820 invertunt
3279 3803 3293 3828 ,
3321 3775 3523 3816 summa
3550 3758 3750 3812 inﬁmis

2168 3876 2394 3923 mutant.
2428 3864 2557 3919 Nam
2587 3862 2760 3917 virum
2789 3874 2923 3914 uxor
2961 3857 3149 3926 capitis
3189 3853 3362 3909 locum
3408 3860 3589 3905 tenere
3637 3864 3748 3902 non

2167 3961 2312 4025 sinit,
2341 3959 2434 4013 sed
2461 3973 2562 4028 qua
2588 3965 2670 4011 est
2692 3951 3020 4008 contumacia
3045 3957 3202 4020 atque
3229 3949 3385 4012 fastu,
3407 3945 3474 4000 de
3495 3961 3560 3999 eo
3581 3942 3748 4014 gradu

2167 4052 2432 4123 dejectum
2473 4051 2523 4104 in
2555 4063 2707 4102 suum
2729 4088 2743 4112 ,
2774 4045 2824 4099 id
2853 4053 2934 4100 est
2961 4042 3029 4098 ad
3058 4040 3439 4110 subjectiouem
3463 4079 3476 4101 ,
3502 4034 3750 4104 compel-

2169 4143 2258 4206 lit,
2302 4143 2519 4210 ipsaque
2549 4139 2607 4192 ﬁt
2633 4145 2792 4206 caput
2834 4149 2896 4189 ac
2920 4133 3046 4189 dux.
3078 4131 3144 4186 Et
3173 4129 3299 4200 quid
3329 4144 3391 4182 ea
3417 4127 3755 4181 absurditate

2167 4227 2379 4298 gravius
2406 4239 2524 4278 esse
2561 4221 2774 4292 potest?
2814 4227 2869 4272 ut
2896 4217 3026 4272 nihil
3063 4215 3271 4278 dicam,
3316 4211 3588 4276 convicia,
3618 4225 3756 4264 con-

2171 4316 2414 4371 tumelias
2432 4357 2446 4380 ,
2477 4311 2861 4374 insuavitatem,
2891 4323 3008 4378 qua:
3035 4307 3272 4361 omnium
3295 4313 3418 4359 sunt
3443 4303 3753 4358 durissima.

2241 4406 2374 4463 LIV.
2409 4403 2738 4470 Quantuuwis
2771 4401 3043 4471 subjectum
3085 4413 3292 4452 uxorem
3330 4395 3616 4466 opulentam
3655 4393 3759 4445 Im-

2171 4501 2307 4565 bcus,
2347 4499 2521 4567 ingens
2559 4493 2930 4548 incommodum
2970 4506 3096 4544 esse.
3124 4518 3194 4528 —
3222 4486 3339 4542 Jam
3375 4485 3418 4540 si
3448 4484 3566 4555 quis
3607 4482 3759 4536 dicat.

2171 4596 2319 4664 (nam
2363 4589 2608 4659 equidem
2652 4585 2853 4639 multos
2885 4583 3065 4638 dicere
3107 4579 3304 4644 audivi,
3336 4593 3455 4633 cum
3486 4574 3756 4647 ejusmodi

2171 4697 2450 4740 sermones
2479 4675 2741 4746 incidunt)
2772 4694 2786 4730 :
2819 4675 3046 4729 Tantum
3078 4672 3226 4726 dives
3252 4679 3306 4725 et
3344 4681 3622 4723 nummosa
3657 4666 3758 4733 sit,

2172 4775 2318 4830 nullo
2347 4771 2558 4843 negotio
2577 4770 2692 4840 ejus
2722 4767 2886 4822 fastus
2907 4764 3232 4834 deprimetur
3264 4775 3328 4815 ac
3355 4759 3633 4829 dejicictur
3661 4771 3675 4808 :
3709 4757 3762 4810 si

2172 4865 2311 4936 quis,
2357 4865 2595 4933 inquam,
2641 4861 2756 4916 haec
2803 4859 2966 4923 dicat,
3013 4873 3095 4911 na:
3142 4855 3230 4910 ille
3274 4856 3501 4923 primum
3548 4851 3763 4921 ignorat

2171 4958 2323 5014 valde
2345 4956 2396 5010 id
2421 4953 2637 5011 difﬁcile
2656 4967 2810 5016 esse;
2832 4949 3024 5005 deinde
3050 4958 3104 5003 ut
3126 4947 3415 5015 contingat,
3438 4959 3546 4998 non
3568 4956 3760 5013 parum

2171 5049 2342 5106 adfert
2365 5046 2690 5104 detrimenti.
2723 5044 2935 5100 Etenim
2961 5041 3011 5096 vi
3045 5053 3099 5096 et
3125 5041 3396 5094 timentem
3425 5052 3487 5091 ac
3514 5045 3761 5090 coactam

2172 5144 2288 5198 viro
2315 5141 2526 5211 subjici,
2555 5139 2765 5208 gravius
2806 5147 2965 5206 atque
2992 5131 3328 5204 iujucundius
3357 5138 3458 5193 est,
3489 5143 3644 5199 quam
3671 5128 3766 5182 vel

2173 5249 2382 5293 summa
2413 5233 2726 5288 auctoritate
2763 5230 2814 5284 ei
2856 5229 3136 5298 imperare.
3173 5223 3310 5290 Quid
3347 5222 3458 5277 ita?
3503 5219 3653 5288 Quod
3691 5235 3766 5275 ea

2173 5330 2253 5385 vis
2281 5326 2568 5384 amicitiam
2591 5337 2802 5378 omnem
2831 5336 2894 5375 ac
2921 5319 3245 5388 voluptatem
3276 5312 3544 5384 expellat:
3574 5310 3768 5363 amici-

2175 5421 2261 5476 tia:
2286 5428 2462 5474 autem
2489 5424 2647 5486 atque
2686 5413 2846 5470 studii
2886 5412 3056 5465 vicem
3098 5417 3304 5464 terrore
3347 5420 3410 5460 ac
3437 5401 3767 5459 necessitate

2174 5515 2454 5576 subeunte,
2480 5509 2662 5582 quanti
2693 5507 2802 5578 jam
2838 5503 2965 5559 illud
2993 5501 3150 5557 fuerit
3182 5497 3579 5554 matrimonium
3605 5493 3762 5548 msti-

2174 5605 2463 5664 mandumi

2247 5699 2357 5756 LV.
2390 5692 2714 5752 Intolerabile
2744 5692 2932 5746 malum
2969 5707 3074 5744 esse
3112 5687 3283 5742 ditiori
3315 5685 3421 5740 viro
3455 5683 3656 5736 nubere.
3687 5706 3758 5718 —-

2179 5797 2354 5867 Atque
2380 5792 2493 5848 haec
2513 5788 2725 5861 quidem
2748 5787 2792 5841 si
2819 5799 2951 5840 uxor
2975 5783 3224 5854 epuleuta
3241 5779 3328 5835 sit.
3347 5777 3442 5834 Sin
3460 5777 3753 5844 contingat,
