4056 6208
185 157 296 212 575

177 272 450 367 καιέὄιβ]
469 276 680 330 οἰκέται
699 279 793 367 καὶ
814 278 1138 352 θεράπαιναι
1163 285 1382 358 τάνδρὸς
1404 289 1860 367 ὑϐριστικώτερον

169 359 316 430 αὐτῇ
341 361 638 455 κέχρηνται
657 382 681 455 ’ᾗ
707 365 945 422 ὕποπτον
970 369 1068 439 μὲν
1097 371 1204 444 γάρ
1241 375 1334 428 καὶ
1357 359 1532 442 ἄλλως
1552 381 1644 433 καὶ
1664 359 1861 455 ἀχά-ρι-

343 447 504 504 τοῦτο
526 451 592 504 τὸ
619 453 811 522 γένος,
851 456 981 510 ὅταν
1025 457 1082 511 δὲ
1114 461 1211 514 καὶ⁹
1251 465 1562 536 παρρησίας
1616 447 1861 540 μείζονος

164 533 532 630 ἐπιλάϐηται,
558 541 654 595 καὶ
679 543 1160 612 διαστασιάζοντας
1190 533 1705 630 πρὸς-ἀλλήλουςῖδῃ
1721 533 1858 624 τοὺς

163 625 518 716 κρατοῦντας
541 630 740 696 αὐτῶν,
765 633 827 686 οὑ
850 634 1051 706 μικράν
1063 637 1316 710 ἀφορμὴν
1327 641 1428 710 τῆς
1447 625 1654 708 οἰκείας
1673 625 1859 716 βδελυ-

164 710 290 804 ρίας
323 724 348 748 ⁸
378 714 487 804 τὸν
515 717 740 804 ἐκείνων
781 720 1118 792 λαμϐάνουσι
1147 726 1404 798 πόλεμον.
1445 731 1558 784 Καὶ
1587 710 1698 804 γάρ
1729 750 1859 787 συν-

159 798 376 854 τιθέναι
400 803 504 856 καὶ
525 803 786 861 πλάττειν
811 808 1020 881 ὅσαπερ
1043 809 1110 864 ἀν
1141 812 1402 868 ἐθέλωσιν
1427 798 1637 881 ἔξεστιν
1664 798 1859 885 αὐτοῖς

341 889 544 978 ἀδείας
569 893 791 966 ἀπάσης
829 895 974 960 τότε,
1011 897 1107 952 καὶ
1145 900 1245 970 τὴν
1285 901 1520 972 ὑποψίαν
1565 908 1688 969 ταῖς
1725 910 1856 978 παρ’

161 977 347 1030 αὐτῶν
371 977 662 1067 διαϐολαῖς
701 982 1078 1057 δυνατωτέραν
1129 989 1327 1043 ποιεῖν.
1361 989 1426 1044 Ἦ
1463 991 1570 1064 γάρ
1603 991 1754 1060 ἅπαξ
1786 977 1854 1067 τῇ

160 1066 384 1138 πονηρᾷ
411 1067 595 1141 ταύτῃ
631 1069 772 1141 νόσῳ
807 1072 1209 1142 κατασχεθεῖσα
1236 1075 1385 1148 ψυχὴ
1415 1079 1592 1133 πάντα
1619 1066 1857 1147 εὐκόλως

157 1151 448 1220 πείθεται,
471 1156 572 1210 καὶ
604 1158 772 1212 πᾶσιν
811 1160 1204 1216 ἀναπετάσασα
1237 1163 1295 1231 ἐξ
1341 1164 1466 1236 ίσης
1512 1167 1613 1238 τὴν
1655 1168 1852 1240 ἀκοὴν,

149 1240 251 1294 οὐκ
271 1241 550 1313 ἀνέχεται
574 1245 870 1316 διακρίνειν
902 1250 1029 1313 τοὺς
1060 1251 1402 1320 συκοφάντας
1429 1253 1540 1308 τῶν
1573 1253 1650 1326 μὴ
1677 1255 1854 1310 τοιού-

149 1345 283 1394 των,
314 1330 470 1385 ἀλλά
491 1332 587 1386 καὶ
613 1333 767 1388 αὐτοὶ
794 1333 1028 1404 μάλιστα
1056 1337 1225 1392 πιστά
1245 1338 1426 1407 λέγειν
1443 1340 1712 1406 δοκοῦσιν,
1735 1343 1852 1397 ὅσοι

147 1415 250 1484 τήν
301 1416 560 1487 ὑποψίαν
605 1419 954 1492 ἐπαίρουσιν,
999 1422 1032 1493 ἢ
1082 1423 1198 1477 ὅσοι
1244 1425 1641 1490 σπουδάζουσιν
1682 1429 1853 1503 αὐτὴν

148 1501 449 1561 καθελεῖν.
491 1504 770 1560 Ἐντεῦθεν
805 1508 988 1562 λοιπον
1035 1511 1250 1584 ἀνάγκη
1277 1513 1576 1569 δεδοικέναι
1609 1516 1703 1570 καὶ
1729 1501 1854 1588 τρέε

151 1607 278 1660 μειν
303 1591 414 1644 τοῦ
436 1591 810 1659 συνοικοῦντος
837 1596 936 1668 οὑχ
951 1591 1112 1668 ἦττον
1135 1601 1262 1664 τοὺς
1281 1601 1554 1673 δραπέτας
1579 1603 1846 1669 ἐκείνους,

148 1678 244 1730 καὶ
273 1678 387 1740 τὰς
405 1680 640 1736 ἐκείνων
659 1685 943 1751 γυναῖκας,
964 1687 1059 1740 καὶ
1082 1687 1184 1758 τήν
1205 1688 1343 1761 αὐτῇ
1363 1691 1681 1761 πρέπουσαν
1699 1691 1852 1758 τάξιν

149 1767 486 1838 προεμένην
520 1768 550 1809 δ
577 1771 783 1837 αὐτοῖς,
828 1770 925 1842 τήν
959 1773 1184 1830 ἐκείνων
1221 1775 1550 1832 ἀντιλαϐεῖν.
1591 1779 1729 1832 Πότε
1758 1775 1852 1834 οὖν

146 1853 435 1924 ἀδακρυτὶ
479 1855 766 1926 διαγαγεῖν
817 1857 1144 1931 δυνήσεται;
1205 1861 1367 1916 ποίαν
1425 1864 1634 1932 νύκτα;
1689 1867 1852 1921 ποίαν

146 1941 410 2011 ήμέρανς
440 1943 602 1998 ποίαν
620 1945 819 2016 ἑορτήν
839 1962 854 2010 ;
882 1947 1013 2000 πότε
1035 1949 1358 2020 στεναγμῶν
1380 1952 1550 2024 χωρὶς
1581 1953 1676 2006 καί¹
1695 1953 1853 2027 ὀδυρ-

147 2027 266 2098 μῶν
306 2030 419 2083 καὶ
445 2029 688 2101 θρήνων;
725 2033 972 2088 Ἀπειλαὶ
998 2037 1093 2090 καὶ
1115 2035 1304 2108 ὕϐρεις
1327 2040 1422 2093 καὶ
1443 2039 1704 2113 λοιδορίαι
1730 2043 1850 2098 διαο

147 2117 398 2181 παντὸς,
430 2119 487 2171 al
515 2120 608 2189 μὲν
641 2120 796 2193 παρά
825 2123 921 2176 τοῦ
945 2125 1292 2196 τετρωμένου
1333 2128 1511 2198 μάτην
1549 2130 1766 2202 ἀνδρὸς,
1792 2131 1850 2186 at

141 2203 199 2256 δὲ
216 2205 396 2276 παρά
416 2205 525 2260 τῶν
545 2209 757 2280 μιαρῶν
779 2209 1130 2281 θεραπόντων
1148 2231 1163 2244 ο
1183 2214 1446 2284 φυλακαὶ,
1469 2218 1846 2289 προφυλακαὶ,

146 2291 241 2344 καὶ
273 2291 510 2348 ἅπαντα
541 2295 696 2361 δέους
728 2299 824 2352 καὶ
859 2298 1064 2370 τρόμου
1109 2301 1304 2372 μεστά.
1345 2303 1422 2356 Οὐ
1455 2305 1566 2376 γάρ
1597 2310 1622 2346 ε
1653 2307 1848 2362 εἴσοδοι

146 2380 240 2432 καὶ
257 2379 454 2446 ἔξοδοι
485 2383 1072 2455 πολυπραγμονοῦνται
1105 2388 1292 2460 μόνον,
1320 2389 1458 2444 ἀλλά
1495 2393 1590 2446 καὶ
1630 2393 1851 2465 ῥήματα

146 2469 236 2522 καὶ
276 2468 590 2542 βλέμματα
621 2473 716 2526 καὶ
741 2474 1042 2545 στεναγμὸς
1076 2476 1214 2546 μετά
1253 2477 1457 2551 πολλῆς
1488 2479 1846 2550 βασανίζεται

144 2557 241 2643 τῆς
277 2558 607 2630 ἀκριϐείας,
640 2561 737 2614 καί⁵
786 2561 1003 2634 ἀνάγκη
1049 2563 1221 2636 ῆτῶν
1258 2565 1424 2621 λίθων
1457 2569 1849 2643 ἀκινητοτέραν

144 2639 307 2712 εῖναι,
347 2646 456 2701 καὶ
494 2650 624 2720 σιγῇ
667 2647 844 2702 πάντα
889 2651 1076 2722 φέρειν
1099 2693 1114 2715 ,
1149 2654 1244 2708 καὶ
1292 2653 1372 2726 τῷ
1405 2639 1636 2729 θαλάμιρ
1673 2639 1845 2731 προσ-

147 2733 408 2804 ηλῶσθαι
420 2734 716 2800 διαπαντὸς
728 2735 1008 2808 δεσμώτου
1038 2741 1240 2813 χεῖρον,
1265 2741 1298 2816 ἢ
1325 2739 1658 2816 βουλομένην
1683 2745 1851 2816 φθέγ-

146 2821 348 2889 γεσθαι
387 2822 491 2876 καὶ
527 2823 739 2877 στένειν
769 2825 864 2880 καὶ
884 2825 1107 2891 ἐξιέναι,
1133 2829 1354 2884 πάντων
1371 2831 1605 2898 εὐθύνας
1623 2833 1848 2905 ὑπέχειν

147 2912 238 2964 κα).
267 2910 470 2979 λόγον,
492 2911 551 2964 ἐν
570 2915 684 2976 τοῖς
712 2912 1130 2984 διεφθαρμένοις
1145 2916 1378 2986 ἐκείνοις
1395 2918 1701 2985 δικασταῖς,
1725 2923 1849 2986 ταῖς

147 2996 512 3069 θεραπαινίσι
540 2997 685 3067 λέγω
714 3000 809 3054 καὶ
841 2999 920 3071 τῷ
947 3001 1143 3073 πλήθει
1167 3003 1278 3058 τῶν
1313 3005 1564 3060 οἰκετῶν.
1603 3007 1845 3074 Τούτων,

147 3087 196 3138 εί
219 3085 440 3156 βούλει,
477 3087 684 3157 μεταξὺ
705 3087 817 3141 τῶν
843 3087 1034 3144 δεινῶν
1063 3089 1202 3144 τίθει
1228 3091 1326 3145 καὶ
1353 3091 1587 3148 πλοῦτον
1613 3093 1846 3164 ἄφατον,

149 3175 240 3226 καὶ
269 3175 574 3246 τραπέζης
601 3174 971 3242 πολυτέλειαν,
1013 3177 1108 3231 καὶ
1139 3177 1368 3233 οἰκετῶν
1405 3179 1631 3249 ἀγέλας,
1655 3181 1848 3250 γένους

149 3254 547 3328 λαμπρότητα,
570 3257 889 3322 δυναστείας
919 3257 1179 3329 μέγεθος,
1204 3260 1364 3326 δόξαν
1395 3261 1619 3332 πολλὴν,
1645 3265 1850 3335 προγό-

150 3357 252 3392 νων
279 3341 662 3412 περιφάνειαν
681 3358 696 3372 ·
737 3343 904 3413 μηδὲν
926 3343 1066 3406 ὅλως
1085 3344 1232 3416 ἀφῇς
1266 3343 1378 3398 τῶν
1408 3345 1713 3400 δοκούντων
1743 3347 1848 3420 ζη-

151 3424 316 3482 λωτόν
361 3427 462 3480 τὸν
494 3427 742 3500 παρόντα
777 3428 891 3500 βίον
941 3431 1140 3494 ποιεῖν,
1187 3431 1328 3485 ἀλλά
1377 3431 1556 3486 πάντα
1603 3433 1850 3504 ἀκριϐῶς

153 3509 512 3579 συναγαγὼν.
539 3510 754 3576 ἀντίθες
775 3511 948 3586 ταύτῃ
967 3515 1032 3586 τῇ
1055 3513 1222 3586 λύπῃ,
1252 3517 1345 3568 καὶ
1369 3515 1493 3569 οὐδὲ
1512 3517 1849 3590 φαινομένην

150 3590 268 3660 ὄψει
302 3595 414 3664 τὴν
450 3593 517 3658 ἐξ
553 3593 776 3648 ἐκείνων
815 3594 1028 3668 ἡδονήν,
1067 3595 1184 3650 ἀλλ’
1229 3595 1404 3660 οὕτως
1435 3598 1845 3672 ἠφανισμένην,

153 3677 342 3754 ὥσπερ
395 3682 459 3734 ἐν
491 3681 720 3752 πελάγει
757 3682 938 3755 πολλῷ
980 3685 1256 3756 σπινθῆρα
1297 3687 1494 3758 μικρὸν
1536 3687 1850 3760 ἐμπεσόντα

158 3765 319 3822 σϐεσθ
333 3769 462 3839 ῆναι
497 3770 666 3834 εἰκός.
697 3771 808 3824 Καὶ
831 3771 1006 3826 ταῦτα
1037 3773 1136 3844 μὲν
1165 3773 1293 3828 ὅταν
1318 3774 1346 3827 6
1373 3774 1514 3846 ἀνὴρ
1537 3773 1812 3850 ζηλοτυπῇ
1832 3793 1847 3808 ο

154 3855 204 3906 εί
232 3855 288 3909 δὲ
320 3856 420 3910 ἐπὶ
451 3855 555 3925 τὴν
578 3857 812 3926 γυναῖκά
833 3875 964 3912 ποτε
999 3858 1267 3931 μεταϐαίη
1298 3860 1362 3914 16
1395 3861 1568 3926 πάθος
1591 3861 1713 3928 (οὐκ
1737 3862 1850 3917 ὀλι-

154 3944 316 4011 γάκις
349 3943 409 3997 δέ
429 3943 592 3998 τοῦτο
621 3943 780 3998 εἴωθε
810 3943 1101 4017 γίνεσθαι),
1129 3948 1339 4012 ἐκεῖνος
1361 3948 1463 4020 μὲν
1494 3950 1626 4022 ῥᾷον
1649 3950 1852 4005 διακείο

155 4047 310 4085 σεται
341 4033 445 4104 τῆς
473 4033 754 4100 γυναικὸς,
784 4033 847 4088 16
883 4033 942 4088 δέ
980 4034 1144 4089 πλέον
1177 4035 1278 4106 τῆς
1318 4036 1514 4110 ὀδύνης
1555 4037 1720 4092 πάλιν
1757 4039 1850 4092 ἐπὶ

153 4121 252 4190 τήν
283 4119 356 4174 ἀθ
369 4121 492 4174 λίαν
535 4121 753 4194 ἐκείνην
799 4121 1099 4193 μετέπεσεν
1123 4139 1139 4156 ο
1178 4123 1304 4178 οὔτε
1349 4125 1460 4198 γὰρ
1505 4129 1618 4191 τοῖς
1663 4126 1850 4191 αὐτοῖς

153 4207 345 4271 ὅπλοις
371 4207 677 4277 χρήσασθαι
707 4210 802 4263 ἐπί⁵
827 4209 922 4265 τδν
961 4210 1370 4266 ὑποπτευθέντα
1403 4212 1730 4284 δυνήσεται·
1761 4213 1848 4278 τίς

155 4293 268 4367 γάρ
293 4294 556 4359 ἀνέξεται
576 4297 838 4366 γυναικὸς
867 4297 1197 4370 κελευούσης
1224 4299 1365 4355 οίκοι
1403 4299 1588 4372 μένειν
1613 4300 1847 4356 διαπαν-

157 4383 282 4448 τόςς
315 4382 402 4448 τίς
443 4382 504 4437 δέ
539 4383 634 4439 τὸν
665 4385 934 4458 δεσπότην
965 4387 1230 4460 τολμήσει
1261 4387 1702 4460 παρατηρεῖσθαι
1738 4386 1850 4443 τῶν

159 4470 410 4534 οἰκετῶν,
447 4471 544 4525 καὶ⁹
567 4473 670 4527 οὐκ
696 4473 898 4539 εὐθέως
925 4475 1020 4529 ἐπὶ
1049 4475 1111 4528 16
1131 4473 1406 4548 βάραθρον
1428 4474 1808 4548 ἀπαχθήσεται
1831 4493 1846 4543 ;

159 4556 298 4611 Οὖτε
354 4554 454 4614 ὦν
495 4560 707 4626 τούτοις
755 4562 1044 4635 δυνήσεται
1093 4564 1292 4636 ἑαυτήν
1337 4563 1848 4637 παραμυθήσασθαι

157 4646 272 4708 τοῖς
304 4649 730 4720 μηχανήμασιν,
754 4649 880 4704 οὐτε
915 4649 993 4722 τῷ
1013 4651 1112 4722 τὴν
1139 4651 1311 4724 ὀργὴν
1336 4651 1426 4706 διὰ
1449 4651 1566 4706 τῶν
1586 4651 1848 4723 ῥημάτων

157 4733 498 4803 £5911szm
541 4737 657 4792 ἀλλ’
694 4737 842 4804 ἅπαξ
893 4740 993 4811 μὲν
1035 4739 1204 4812 αὐτὴν
1257 4740 1389 4804 ἴσως
1413 4739 1850 4812 χαλεπαίνουσαν

157 4823 294 4876 οῖσει
315 4826 424 4878 καὶ
446 4824 573 4889 δὶςό
587 4825 726 4899 ἀνήρ
747 4845 761 4859 ο
779 4825 952 4898 ἐὰνδὲ
979 4829 1237 4902 ἐπιμείνη
1255 4827 1494 4898 συνεχῶς
1515 4828 1849 4899 ἐγκαλοῦσα,

159 4908 363 4977 διδάξει
405 4912 620 4983 ταχέως
650 4913 840 4987 αὐτὴν,
867 4915 951 4970 ὅτι
981 4915 1188 4987 βέλτιον
1233 4917 1362 4988 σιγῇ
1399 4916 1469 4969 τά
1500 4917 1725 4970 τοιαῦτα
1758 4916 1852 4988 φέ-

165 5012 278 5066 ρειν
312 4999 418 5053 καὶ
457 5000 741 5072 τήκεσθαι.
782 5003 894 5056 Καὶ
937 5001 1112 5056 ταῦτα
1146 5001 1246 5074 μέν
1285 5004 1342 5056 ἐν
1383 5004 1505 5067 ταῖς
1555 5002 1849 5074 ὑποψίαις⁸

162 5085 366 5140 ὅτανδέ
399 5087 602 5158 ἀληθὲς
623 5087 684 5141 ὃν
706 5087 848 5162 τύχῃ
873 5089 935 5143 16
952 5088 1143 5154 δεινὸν,
1165 5088 1265 5161 τὴν
1301 5087 1402 5160 μὲν
1425 5092 1660 5159 γυναῖκα
1679 5091 1854 5156 οὐδεὶς

165 5171 525 5246 ἐξαιρήσεται
549 5175 660 5230 τῶν
685 5176 780 5230 τοῦ
805 5177 1140 5249 ἠδικημένου
1169 5176 1390 5250 χειρῶν,
1411 5177 1562 5251 [514]
1579 5179 1696 5233 ἀλλ’
1715 5179 1853 5250 ἔχων

167 5257 316 5329 αὐτῷ
355 5258 691 5331 βοηθοῦντας
719 5263 844 5327 τοὺς
868 5263 1068 5334 νόμους
1091 5265 1192 5334 τὴν
1213 5263 1467 5319 ἀπάντων
1495 5264 1644 5337 αὑτῷ
1666 5267 1856 5336 φιλτά-

169 5360 268 5415 την
299 5348 382 5412 είς
409 5347 760 5420 δικαστήριον
783 5350 1006 5418 ἀγαγὼν
1038 5350 1378 5422 κατέσφαξεν
1396 5368 1410 5382 ·
1441 5350 1470 5403 6
1506 5350 1564 5406 δέ
1585 5351 1725 5424 ἀνὴρ
1754 5351 1854 5425 τήν

173 5431 276 5500 μὲν
297 5433 411 5488 ἀπὸ
442 5433 553 5489 τῶν
583 5435 765 5508 νόμων
795 5436 1079 5509 διαφεύγει
1107 5439 1401 5514 τιμωρίαν,
1436 5441 1504 5510 τῇ
1546 5439 1603 5492 δέ
1646 5439 1854 5495 ἀνωθεν

177 5519 274 5572 καὶ
313 5525 380 5595 τῇ
419 5523 516 5578 τοῦ
557 5524 694 5578 Θεοῦ
720 5523 750 5565 (ι
787 5529 1086 5600 τετήρηται
1124 5528 1313 5604 ψήφῳ.
1362 5527 1501 5582 Ἀλλ’
1530 5528 1630 5598 οὐχ
1671 5527 1856 5583 ἱκανὸν

179 5606 340 5664 τοῦτο
363 5612 872 5684 παραμυθήσασθαι
893 5614 992 5688 τὴν
1014 5616 1202 5674 ἀθλίαν
1225 5615 1469 5687 ἐκείνην,
1495 5615 1613 5670 ἀλλ’
1637 5614 1852 5688 ἀνάγκη

244 5688 277 5768 ξ
299 5691 423 5768 ξας.
448 5692 853 5768 λοιδορίαςηιιιίτα
872 5696 998 5768 ἰάειη
1019 5702 1077 5751 ἂν
1099 5704 1365 5768 βούλοιντο,
1387 5700 1562 5756 ἔξεστιν
1581 5697 1761 5756 αὐταῖς.

245 5746 280 5845 ξ
448 5746 610 5832 αὐτοῖς
631 5746 902 5845 πρέπουσξν

249 5813 278 5868 .‘
301 5813 426 5879 Rei.
451 5817 533 5866 καὶ
553 5813 683 5881 μιτά
693 5820 952 5883 σφραγίδων
1290 5813 1405 5891 γάρ.

1633 177 1736 254 οι),
1759 179 2222 239 vmcmmm.

3524 195 3630 251 576

1973 299 2184 370 μακρόν
2211 316 2332 354 τινα
2372 300 2465 352 καὶ
2507 301 2736 356 ἐλεεινδν
2782 305 3077 377 ὑπομένειν
3124 306 3376 372 θάνατον,
3409 307 3500 363 τδν
3532 310 3644 364 ἀπο

1966 387 2076 442 τῶν
2118 389 2489 459 μαγγανειῶν.
2531 391 2622 444 τὸν
2671 393 2780 446 ἀπὸ
2818 394 2926 449 τῶν
2973 397 3354 468 φαρμακειῶν,
3407 397 3552 470 άπερ
3576 399 3632 452 al

1967 477 2360 548 πορνευόμεναι
2383 481 2639 547 γυναῖκες
2661 485 3177 548 κατασκευάζουσιν.
3200 487 3321 540 Είσὶ
3333 486 3390 540 δέ
3407 481 3498 550 αἷς
3511 483 3638 541 οὐτε

1966 563 2258 636 ἐπιϐουλῆς
2305 566 2398 618 ἐπὶ⁷
2434 566 2534 629 τὰς
2568 569 2904 638 ὴδικημένας
2945 572 3196 644 ἐδέησεν,
3244 573 3359 627 ἀλλ’
3393 573 3653 642 ἔφθασαν

1964 651 2169 706 ἐκεῖναι
2202 653 2741 726 προαναρπασθεῖσαι
2770 660 2836 728 τῇ
2869 660 2966 731 τῆς
2997 659 3236 730 ἀθυμίας
3273 661 3633 732 σφοδρότητιο

1964 739 2104 794 ὥστε
2137 743 2186 795 εί
2217 743 2312 796 καὶ
2340 741 2540 806 πάντες
2562 742 2754 815 ἄνδρες
2777 747 3069 819 ἐπέτρεχον
3102 747 3177 818 τῷ
3207 748 3390 819 γάμῳ,
3415 748 3516 812 τὰς
3539 755 3634 817 γυ-

1964 831 2158 893 ναῖκας
2184 829 2284 884 οὐκ
2316 832 2482 902 ἐχρῆν
2523 832 2686 886 αὐτὸν
2736 833 2975 888 διώκειν.
3024 833 3162 888 Οὔτε
3201 835 3314 906 γὰρ
3355 833 3421 888 ἃν
3458 834 3642 906 ἔχοιεν

1964 916 2136 970 εἰπεῖν
2161 918 2238 982 ὡς
2261 921 2496 992 τοσαύτη
2517 923 2646 994 παρ’
2669 921 2859 984 αὑταῖς
2881 921 2977 986 τῆς
2994 921 3151 974 ἐπιθυ
3159 921 3334 992 μίαςή
3355 921 3633 994 τυραννὶς,

1964 1005 2059 1058 καὶ
2081 1005 2190 1059 τῶν
2217 1007 2308 1059 τοῦ
2339 1009 2664 1080 πράγματος
2686 1007 2871 1062 κακῶν
2901 1009 2960 1062 16
2985 1008 3146 1062 πλέον
3176 1009 3342 1064 αὑταὶ⁸
3358 1010 3636 1081 καρποῦν-

1961 1107 2054 1143 ται
2083 1091 2269 1162 μέρος.
2295 1092 2484 1164 ὥσπερ
2503 1090 2596 1148 οὖν
2625 1094 2720 1148 καὶ
2758 1095 2786 1146 ό
2812 1094 2970 1161 λόγος
2994 1094 3266 1160 ἀπέδειξε.
3298 1095 3364 1148 Τί
3391 1091 3508 1160 οὖν,
3531 1111 3636 1167 φη-

1964 1177 2068 1241 σὶν,
2099 1177 2270 1232 ἅπασι
2299 1179 2458 1234 τοῦτο
2488 1182 2748 1252 πρόσεστι
2770 1183 2884 1244 τοῖς
2903 1181 3132 1251 γάμοις;
3174 1181 3316 1234 Ἀλλ’
3345 1181 3467 1234 οὐδὲ
3495 1181 3637 1236 πάν-

1960 1281 2068 1318 των
2107 1265 2324 1331 ἄπεστι,
2369 1268 2668 1340 παρθενίας
2709 1267 2766 1321 δὲ
2812 1267 3002 1341 πόρρω
3043 1267 3139 1320 καὶ
3187 1268 3406 1340 μακράν
3451 1268 3636 1342 πάσης

1961 1351 2100 1406 ἐστί.
2130 1355 2290 1425 Καὶή
2321 1355 2420 1424 μέν
2450 1355 2779 1426 γαμηθεῖσα,
2798 1354 2901 1408 κᾶν
2933 1353 3007 1426 μὴ
3040 1353 3126 1424 τῷ,
3151 1353 3310 1424 δεινῴ
3336 1357 3632 1428 περιπέσῃ.

1960 1438 2095 1492 ἀλλά
2122 1441 2187 1512 τῇ
2215 1440 2310 1494 τοῦ
2331 1441 2505 1496 δεινοῦ
2530 1443 2824 1514 προσδοκία
2843 1445 3221 1513 περιπεσεῖται
3239 1463 3250 1474 ο
3284 1443 3345 1495 οὐ
3377 1443 3488 1515 γάρ
3517 1443 3635 1496 ἐστι

1957 1526 2056 1598 τήν
2073 1528 2226 1598 ἀνδρὶ
2255 1528 2550 1598 μέλλουσαν
2575 1529 2804 1601 ὁμιλεῖν,
2830 1527 2902 1600 μὴ
2929 1529 3067 1600 μετά
3087 1530 3185 1602 τῆς
3204 1529 3424 1600 ὁμιλίας
3453 1531 3636 1584 πάντα

1959 1613 2372 1683 ἀναλογίζεσθαι
2405 1618 2498 1671 καὶ
2528 1615 2828 1671 δεδοικέναι
2865 1617 2936 1671 τὰ
2979 1617 3163 1672 δεινά’
3195 1619 3228 1688 ή
3263 1617 3320 1670 δέ
3365 1617 3638 1688 παρθένος

1957 1701 2021 1756 οὐ
2053 1703 2211 1774 μόνον
2239 1703 2348 1758 τῶν
2367 1705 2646 1776 δυσχερῶν
2675 1704 3041 1778 πραγμάτων,
3091 1702 3230 1760 ἀλλά
3263 1705 3358 1759 καὶ
3410 1705 3510 1776 τῆς
3535 1705 3638 1760 ὐπ-

1949 1790 2119 1871 ⁷οιιιίας
2150 1792 2515 1864 ἀπήλλακται.
2536 1794 2610 1848 Οὐ
2640 1793 2899 1864 πρόσεστι
2931 1791 3088 1847 τοῦτο
3123 1794 3255 1846 πᾶσι
3275 1795 3386 1858 τοῖς
3413 1793 3636 1866 γάμοις.

1959 1879 2095 1934 Οὐδὲ
2123 1881 2232 1953 γὰρ
2267 1881 2377 1951 ἐγὼ
2415 1881 2572 1936 τοῦτό
2607 1899 2770 1954 φημι,
2805 1881 2922 1935 ἀλλ’
2951 1880 3047 1934 ἐὰν
3087 1879 3248 1934 τοῦτο
3299 1882 3376 1952 μή
3431 1883 3636 1954 προσῇ,

1961 1965 2133 2020 πολλὰ
2159 1967 2324 2038 ἕτερα
2352 1969 2638 2040 πρόσεστι·
2681 1968 2786 2024 κᾶν
2823 1969 3007 2022 ἐκεῖνά
3053 1985 3138 2032 τις
3163 1967 3424 2040 διαφύγῃ,
3455 1969 3637 2023 πάντα

1873 2105 1876 2109 λ
1959 2052 2142 2118 ἁπλῶς
2187 2053 2468 2124 διαφυγεῖν
2501 2056 2561 2109 οὐ
2611 2055 2922 2128 δυνήσεται.
2971 2054 3110 2108 Ἀλλ’
3145 2053 3338 2126 ῶσπερ
3383 2057 3478 2110 ἐπὶ
3523 2056 3635 2111 τῶν

1957 2141 2212 2195 ἀκανθῶν
2245 2141 2354 2196 τῶν
2381 2146 2495 2208 τοῖς
2535 2143 2774 2214 ἱματίοις
2809 2142 3319 2215 προσπηγνυμένων
3351 2145 3412 2196 ἐν
3437 2143 3516 2215 τῷ
3539 2145 3640 2209 τάς

1957 2229 2224 2302 αἱμασιὰς
2251 2231 2570 2292 διαϐαίνειν.
2597 2233 2727 2286 ὅταν
2765 2233 3072 2302 ἐπιστραφῇ
3114 2249 3198 2295 τις
3229 2231 3328 2302 τὴν
3363 2231 3490 2303 μίαν
3548 2232 3639 2297 ἐξ·

1959 2319 2124 2386 ελεῖν,
2155 2321 2376 2395 ἑτέραις
2403 2321 2694 2391 κατέχεται
2729 2321 2989 2383 πλείοσιν,
3015 2321 3156 2374 οὕτω
3182 2321 3277 2374 καὶ
3292 2322 3384 2374 ἐπὶ
3405 2321 3512 2375 τῶν
3539 2320 3635 2374 τοῦ

1957 2407 2137 2478 γάμου
2173 2407 2516 2480 πραγμάτων
2540 2408 2569 2460 6
2593 2407 2754 2462 τοῦτο
2777 2407 3018 2478 διαδράς,
3038 2407 3234 2478 ἐκείνῳ
3250 2408 3636 2480 περιπείρεται

1959 2494 2122 2549 πάλιν
2140 2511 2154 2526 ’
2196 2497 2294 2549 καὶ
2317 2497 2346 2549 6
2373 2493 2532 2548 τοῦτο
2560 2495 2762 2558 διαδὺς,
2788 2495 2934 2564 ἀλλῳ
2960 2494 3350 2567 προσέπταισε,
3372 2496 3466 2549 καὶ
3497 2495 3633 2559 ὅλως

1956 2585 2058 2637 οὐκ
2085 2583 2166 2638 ενι
2194 2583 2370 2653 γάμον
2399 2584 2580 2654 πάσης
2601 2583 2779 2653 εὑρεῖν
2809 2583 3004 2655 ἀηδίας
3031 2583 3338 2655 ἐλεύθερον.

2028 2672 2154 2729 Nl".
2171 2671 2332 2737 Ἀλλ’,
2348 2673 2398 2726 εί
2415 2671 2616 2743 βούλει,
2629 2672 2700 2726 τά
2714 2671 2951 2742 δυσχερῆ
2962 2671 3102 2735 τέως
3115 2671 3344 2741 ἀφέντες
3365 2669 3429 2724 τὸ
3445 2669 3639 2726 δοκοῦν

1957 2755 2098 2816 εἶναι
2124 2761 2182 2814 ἐν
2211 2760 2362 2832 αὐτῷ
2385 2759 2742 2832 μακαριστόν,
2761 2761 2856 2814 καὶ
2877 2755 2939 2812 οὑ
2970 2758 3157 2812 πολλοὶ
3183 2758 3468 2822 πολλάκις,
3495 2757 3636 2828 μᾶλ-

1956 2848 2048 2902 λον
2077 2848 2134 2902 δέ
2168 2847 2372 2912 πάντες
2414 2847 2668 2918 εὔχονται
2701 2847 3003 2918 ἐπιτυχεῖν,
3036 2847 3198 2900 τοῦτο
3226 2846 3526 2916 ἀγαγόντες
3555 2847 3636 2910 είς

1959 2937 2126 3006 μέσον
2159 2935 2503 3006 ἐξετάσωμεν
2536 2935 2650 2989 νῦν.
2688 2934 2755 2988 Τί
2799 2934 2862 3007 δὴ
2905 2933 3061 2987 τοῦτό
3098 2935 3284 3000 ἐστιν;
3315 2935 3389 2991 Τὸ
3424 2933 3636 3004 πένητα

1957 3025 2088 3078 ὄντα
2117 3023 2213 3089 καὶ
2239 3023 2434 3093 εὐτελῆ
2457 3022 2549 3076 καὶ
2581 3020 2837 3074 ταπεινὸν
2867 3021 2975 3074 ἀπὸ
3007 3020 3258 3090 μεγάλων
3279 3019 3370 3072 καὶ
3393 3019 3636 3074 δυνατῶν

1957 3111 2052 3164 καὶ
2084 3109 2254 3164 πολλὰ
2281 3112 2544 3182 χρήματα
2572 3109 2928 3179 κεκτημένων
2957 3110 3190 3176 γυναῖκα
3223 3105 3432 3160 λαϐεῖν.
3474 3106 3636 3162 Ἀλλά

1955 3197 2116 3252 τοῦτο
2151 3197 2212 3252 τδ
2239 3196 2478 3268 ζηλωτὸν
2509 3195 2720 3250 ἐκείνου
2764 3195 2858 3248 τοῦ
2905 3191 3180 3250 ἀπευκτοῦ
3227 3194 3332 3248 οὐκ
3377 3193 3636 3260 ἐλάττους

1955 3285 2263 3356 εὑρήσομεν
2289 3284 2411 3354 ἕχον
2433 3282 2532 3347 τὰς
2562 3281 2868 3354 συμφοράς.
2895 3283 3052 3335 Ἔστι
3081 3281 3179 3352 μὲν
3203 3279 3313 3354 γὰρ
3339 3281 3434 3334 καὶ
3454 3281 3631 3346 ἄλλως

1955 3371 2016 3426 16
2047 3371 2154 3426 τῶν
2181 3371 2481 3444 ἀνθρώπων
2497 3371 2654 3440 γένος
2673 3381 2696 3410 θ
2718 3367 3256 3442 ὑπεροπτικώτατον,
3274 3369 3371 3422 καὶ
3399 3371 3456 3422 ἐν
3482 3367 3634 3441 αὑτῷ

1955 3459 2132 3531 τούτῳ
2163 3459 2361 3532 μᾶλλον
2380 3459 2443 3512 16
2471 3458 2581 3512 τῶν
2617 3456 2912 3528 γυναικῶν,
2942 3458 3052 3527 ὅσῳ
3079 3457 3172 3510 καὶ
3205 3456 3594 3528 ἀσθενέστερον
3615 3471 3633 3489 ο

1955 3547 2041 3602 διὸ
2067 3548 2162 3602 καὶ
2196 3547 2396 3620 μᾶλλον
2431 3547 2537 3601 ὑπὸ
2570 3547 2666 3601 τοῦ
2707 3546 2914 3610 πάθους
2953 3545 3237 3600 ἁλίσκεται
3257 3561 3272 3575 ·
3302 3545 3432 3598 ὅταν
3461 3545 3519 3598 δὲ
3541 3545 3638 3600 καὶ

1957 3635 2213 3708 ἀφορμάς
2243 3635 2339 3708 ἔχη
2371 3636 2471 3705 τῆς
2493 3633 2792 3708 ὑπεροψίας
2817 3633 3036 3698 πολλάς,
3067 3633 3222 3687 οὐδέν
3265 3633 3384 3687 ἐστι
3415 3633 3476 3688 τὸ
3499 3651 3637 3688 κατ-

1957 3721 2082 3794 έχον
2131 3723 2333 3788 αὐτάς’
2377 3722 2567 3795 ῶσπερ
2610 3721 2744 3794 ὐλης
2780 3721 2923 3786 τινος
2961 3721 3236 3794 λαϐομένη
3278 3721 3430 3790 φλὸξ,
3463 3721 3639 3788 οὕτως

1959 3811 2041 3875 τίς
2070 3810 2204 3882 ὕψος
2231 3810 2436 3881 ἄφατον
2463 3811 2730 3882 αἴρονται,
2766 3810 2863 3863 καὶ
2889 3808 2988 3880 τὴν
3013 3809 3164 3875 τάξιν
3195 3808 3632 3880 ἀντιστρέφουσι,

1959 3899 2054 3952 καὶ
2083 3897 2153 3952 τά
2187 3897 2298 3952 ἀνω
2341 3897 2492 3951 κάτω
2529 3896 2792 3952 ποιοῦσιν.
2837 3897 2912 3950 Οὐ
2945 3896 3056 3967 γὰρ
3089 3895 3315 3968 ἀφίησιν
3347 3897 3405 3950 ἐν
3431 3899 3498 3968 τῇ
3531 3896 3636 3969 τῆς

1958 3986 2204 4058 κεφαλῆς
2235 3983 2390 4058 χώρᾳ
2418 3985 2598 4056 μένειν
2621 3986 2710 4039 τὸν
2739 3985 2906 4057 ἀνδρα
2941 3985 2973 4056 ἡ
3011 3987 3172 4056 γυνὴ,
3207 3984 3322 4040 ἀλλ’
3365 3985 3468 4039 ὑπὸ
3503 4002 3638 4056 φρο-

1957 4076 2198 4146 νήματος
2242 4073 2334 4128 καὶ
2379 4073 2638 4136 ἀπονοίας
2675 4073 3016 4144 ἀπωσαμένη
3061 4073 3162 4144 τῆς
3212 4073 3420 4140 τάξεως
3467 4071 3636 4128 αὐτὸν

1959 4163 2200 4234 ἐκείνης,
2225 4163 2318 4217 καὶ
2343 4165 2423 4226 εἰς
2451 4161 2552 4233 τήν
2573 4162 2710 4234 αὐτῇ
2739 4163 3125 4234 προσήκουσαν
3157 4160 3390 4237 ἄγουσα,
3415 4161 3513 4234 τὴν
3533 4161 3636 4232 τῆς

1959 4249 2259 4318 ὑποταγῆς,
2283 4247 2422 4317 αὐτὴ
2456 4245 2666 4315 γίνεται
2685 4245 2892 4316 κεφαλὴ
2923 4247 3016 4299 καὶ
3039 4246 3284 4316 ἀρχή.Τί
3310 4240 3403 4300 οὖν
3431 4245 3636 4319 ταύτης

1956 4335 2060 4408 τῆς
2077 4335 2397 4406 ἀνωμαλίας
2408 4335 2591 4406 χεῖρον
2619 4332 2817 4403 γένοιτ’
2834 4332 2936 4400 ἀν;
2973 4332 3086 4386 Καὶ
3109 4331 3300 4386 σιωπῶ
3335 4332 3404 4388 τά
3431 4333 3633 4405 ὀνείδη,

1957 4423 2057 4488 τάς
2099 4421 2317 4494 ὑϐρεις,
2359 4421 2458 4486 τὰς
2487 4420 2700 4492 ἀηδίας,
2727 4419 2764 4474 ἀ
2799 4419 3018 4474 πάντων
3045 4419 3195 4475 ἐστὶν
3227 4421 3634 4495 ἀφορητότερα·

2029 4511 2154 4567 NA'.
2195 4511 2257 4564 Εί
2287 4510 2346 4564 δέ
2367 4507 2514 4578 λέγοι
2537 4526 2622 4572 τις
2647 4507 2890 4580 (καὶγὰρ
2904 4507 3116 4562 πολλῶν
3135 4509 3345 4580 ῆκουσα
3366 4509 3638 4579 λεγόντων

1959 4597 2090 4668 ἐγὼ,
2130 4598 2260 4652 ὅταν
2291 4597 2524 4650 τοιοῦτοι
2573 4595 2832 4666 γίνωνται
2893 4595 3083 4668 λόγοι)·
3130 4597 3437 4651 Πλουτείτω
3475 4597 3637 4668 μόνον

1961 4680 2113 4756 [διδ]
2137 4681 2230 4736 καὶ
2243 4678 2474 4753 εὔπορος
2495 4679 2657 4744 ἔστω,
2685 4681 2780 4734 καὶ
2799 4681 2949 4734 οὐδὲν
2971 4680 3133 4753 ἔργον
3148 4681 3265 4734 ἐστὶ
3285 4683 3636 4749 κατενεγκεῖν

1959 4765 2131 4836 αὐτῆς
2162 4765 2257 4819 καὶ
2286 4763 2622 4818 ταπεινῶσαι
2654 4764 2714 4818 τὸ
2737 4764 3008 4835 φρόνημα·
3040 4762 3096 4816 εί
3120 4779 3206 4826 τις
3232 4757 3326 4816 οὖν
3355 4763 3530 4816 ταῦτα
3555 4762 3638 4816 λέ-

1959 4862 2068 4915 γοι,
2105 4845 2321 4918 πρῶτον
2355 4847 2452 4919 μὲν
2475 4847 2660 4916 ἀγνοεῖ
2685 4847 2767 4900 ὅτι
2792 4847 2901 4900 τῶν
2933 4846 3134 4918 σφόδρα
3159 4845 3434 4898 δυσκόλων
3463 4845 3634 4900 ἐστίν’

1960 4929 2150 4985 ἔπειτα
2176 4932 2258 4984 ὅτι
2293 4930 2394 4986 κᾶν
2425 4929 2654 5001 γένοιτο,
2687 4931 2747 4984 οὐ
2783 4929 2987 5002 μικρὰν
3017 4928 3132 5000 ἔχει
3169 4929 3272 5000 τὴν
3305 4927 3532 5000 ζημίαν.
3561 4928 3636 4984 T6

1960 5015 2070 5086 γάρ
2107 5015 2322 5088 ἀνάγκῃ
2357 5013 2453 5067 καὶ
2482 5013 2781 5066 δεδοικυῖαν
2820 5012 2915 5066 καὶ
2949 5012 3088 5083 μετά
3116 5009 3235 5082 βίας
3271 5008 3636 5080 ὑποτετάχθαι

1961 5095 2038 5166 τῷ
2077 5095 2233 5167 ἀνδρὶ
2267 5094 2361 5148 τοῦ
2401 5093 2540 5164 μετά
2572 5095 2754 5164 πάσης
2787 5091 3038 5158 ἐξουσίας
3085 5093 3392 5146 ἐπιτάττειν
3423 5103 3450 5132 ο
3485 5093 3636 5166 αὐτῷ

1965 5179 2263 5250 βαρύτερον
2287 5177 2440 5231 ἔσται
2467 5177 2561 5230 καὶ
2583 5176 2930 5248 ἀηδέστερον.
2962 5175 3028 5229 Τί
3049 5176 3283 5246 δήποτες
3312 5175 3435 5230 Ὀτι
3454 5177 3634 5232 πᾶσαν

1962 5262 2214 5317 ἐκϐάλλει
2257 5261 2441 5332 φιλίαν
2471 5261 2566 5315 καὶ
2599 5259 2789 5330 ἡδονὴν
2827 5257 2964 5330 αὐτη
2995 5260 3028 5330 ή
3061 5258 3172 5328 βίαν
3219 5256 3406 5328 φιλίας
3445 5258 3504 5315 δέ
3533 5261 3636 5316 οὐκ

1962 5347 2130 5418 οὔσης
2161 5345 2282 5400 οὐδέ
2306 5344 2494 5410 πόθου,
2519 5344 2634 5398 ἀλλ’
2657 5344 2779 5397 ἀντὶ
2807 5342 3014 5398 τούτων
3045 5341 3212 5412 φόϐου
3245 5345 3340 5398 καὶ
3365 5345 3636 5421 ἀνάγκης,

1965 5431 2106 5493 τίνος
2131 5431 2160 5482 ό
2178 5427 2416 5492 τοιοῦτος
2437 5428 2583 5495 ἀξιος
2605 5427 2756 5482 ἔσται
2787 5427 2966 5497 γάμος
2987 5425 3175 5480 λοιπόν
3197 5444 3212 5488 ς

2014 5513 2060 5566 Ν
2067 5513 2140 5568 E'.
2159 5511 2268 5565 Καὶ
2280 5511 2450 5564 ταῦτα
2471 5511 2567 5582 μὲν
2583 5513 2616 5582 ή
2635 5510 2770 5580 γυνὴ
2788 5511 2921 5564 ὅταν
2937 5507 3305 5586 εὖποροςῇΕί
3319 5511 3374 5566 δὲ
3395 5510 3637 5585 συμϐαίη

1965 5593 2168 5665 ταύτην
2205 5593 2304 5665 μὲν
2335 5593 2498 5666 μηδὲν
2523 5592 2688 5664 ἔχειν,
2729 5591 2820 5645 τὸν
2857 5592 2916 5646 δὲ
2961 5593 3128 5666 ἄνδρα
3176 5594 3445 5664 πλουτεῖν,
3477 5591 3640 5664 θερά-

2031 5690 2057 5758 ξι
2086 5694 2210 5758 Bng.
2235 5692 2410 5758 ἀνωθεν
2429 5693 2558 5756 παρά
2577 5691 2663 5758 τοῦ
2691 5688 2835 5758 θεοῦ.

2031 5754 2058 5818 '_
2095 5753 2215 5818 ἰαθῇ.
2240 5756 2296 5818 τὸ
2315 5759 2415 5803 τῶν
2429 5753 2662 5818 γυναικῶν
2680 5753 2828 5818 γένος.

2039 5811 2058 5850 ί
2091 5811 2222 5869 εἰρνε
2247 5811 2541 5882 Savilio'pro
2567 5811 2856 5864 ὑποτάττειν.
2887 5815 3020 5866 lim-1'.
