4056 6208
412 295 519 351 577

409 422 576 460 παινα
607 402 707 476 μέν
734 390 853 459 ἀντί
877 401 1147 472 γαμετῆς,
1182 402 1277 454 καὶ
1311 403 1343 472 ἡ
1376 399 1636 471 ἐλευθέρα
1662 398 1868 467 γίνεται
1890 396 2074 476 δούλη,

411 482 506 535 καὶ
534 474 631 552 τὴν
672 483 806 552 αὐτῇ
836 483 1216 553 προσήκουσαν
1248 478 1561 550 παρρησίαν
1606 477 1944 539 ἀπολέσασα,
1965 474 2076 530 τῶν

409 564 811 635 ἀργυρωνήτων
839 562 990 615 οὐδὲν
1017 562 1240 632 ἄμεινον
1255 559 1609 622 διακείσεται,
1630 558 1765 612 ἀλλά
1791 558 1898 613 κάν
1920 557 2080 612 ἀσελι

407 641 635 707 γαίνειν,
688 639 794 694 κάν
830 641 1106 711 παροινεῖν
1147 639 1353 700 ἐκεῖνος
1402 636 1586 708 ἐθέλῃ,
1630 636 1735 691 κᾶν
1786 636 1874 690 ἐπ’
1909 635 2081 707 αὐτὴν

408 722 567 789 ἀγειν
597 721 698 791 τὴν
736 719 951 792 ἐκείνης
986 717 1149 788 εὐνὴν
1179 715 1605 790 ἐταιριξομένων
1655 716 1863 786 πλῆθος
1891 734 2081 786 γυναι·

409 803 541 866 κῶν,
564 801 745 856 πάντα
769 800 956 872 φέρειν
989 800 1201 870 ἀνάγκη
1226 798 1321 852 καὶ
1354 797 1693 868 ἀσμενίζειν,
1715 798 1750 868 ἦ
1774 798 1873 867 τῆς
1902 797 2079 862 οἰκίας

408 881 683 934 ἐκπεσεῖν.
720 880 832 933 Καὶ
863 880 924 932 οὐ
962 877 1119 932 τοῦτο
1164 876 1323 948 μόνον
1367 878 1484 930 ἐστὶ
1532 876 1593 930 τὸ
1633 876 1825 939 δεινὸν,
1858 876 1974 930 ἀλλ’
1999 876 2082 928 ὅτι

409 958 634 1029 τάνδρὸς
662 958 804 1011 οὕτω
829 957 1197 1028 διακειμένου,
1233 954 1357 1010 οὐτε
1378 955 1637 1020 οἰκέταις,
1662 955 1784 1010 οὐτε
1813 955 2081 1027 θεραπαι-

417 1038 515 1090 δίσι
564 1039 678 1106 μετ’
720 1036 1031 1107 ἐλευθερίας
1066 1036 1373 1090 ἐπιτάττειν
1404 1036 1716 1107 δυνήσεται,
1746 1034 1860 1088 ἀλλ’
1893 1033 2083 1102 ὥσπερ

410 1116 468 1166 ἐν
498 1113 795 1184 ἀλλοτρίοις
815 1113 984 1178 ζῶσα,
1022 1114 1116 1167 καὶ
1141 1113 1250 1166 τῶν
1277 1112 1338 1166 οὐ
1368 1113 1757 1184 προσηκόντων
1780 1110 2083 1166 ἀπολαύου-

411 1210 500 1258 σα,
537 1193 630 1246 καὶ
656 1193 891 1265 δεσπότῃ
931 1193 1190 1265 μᾶλλονὴ
1226 1193 1382 1266 ἀνδρὶ
1423 1191 1767 1256 συνοικοῦσα,
1806 1190 1953 1245 οὕτω
1988 1191 2083 1245 καὶ

409 1272 670 1343 πράττειν
709 1273 804 1326 καί¹
839 1274 1068 1344 πάσχειν
1106 1270 1323 1325 ἅπαντα
1356 1270 1749 1339 ἀναγκάζεται.
1791 1267 1855 1322 Εἰ
1903 1269 1960 1323 δέ
1987 1269 2085 1323 καὶ

408 1352 469 1418 ἐξ
491 1352 693 1421 ὁμοίων
712 1368 798 1415 τις
824 1351 997 1405 ἐθέλοι
1016 1350 1237 1421 γαμεῖν,
1263 1348 1429 1403 πάλιν
1453 1347 1532 1418 τῷ
1549 1347 1653 1419 τῆς
1687 1347 1964 1418 ὑποταγῆς
1992 1345 2083 1402 νό-

412 1429 594 1500 μῳ,τά
614 1431 716 1501 τῆς
740 1429 1029 1501 όμοτιμίας
1049 1429 1388 1499 λυμαίνεται,
1415 1429 1510 1483 τοῦ
1535 1428 1634 1499 τῆς
1663 1427 1853 1491 οὐσίας
1883 1427 2082 1498 μέτρου

410 1510 689 1571 πείθοντος
740 1508 910 1579 αὐτὴν
961 1507 1272 1575 ἐξισοῦσθαι
1317 1508 1400 1580 τῷ
1437 1508 1615 1580 ἀνδρί.
1653 1508 1721 1561 Τί
1769 1503 1866 1561 οὖν
1893 1507 1963 1561 ἀν
1999 1522 2086 1570 τις

410 1589 658 1660 ποιήσειε
688 1586 955 1659 τοσαύτης
985 1587 1274 1651 δυσκολίας
1311 1587 1594 1659 πανταχοῦ
1629 1586 1832 1659 οὕσηςς
1856 1586 1950 1657 Μὴ
1971 1585 2089 1657 γάρ

414 1685 525 1739 μοι,
555 1666 710 1720 εἵπου
738 1666 943 1736 σφόδρα
971 1666 1143 1735 ὀλίγοι
1173 1667 1267 1721 καὶ
1299 1667 1657 1739 εὐαρίθμητοι
1699 1665 1873 1720 ταῦτα
1897 1665 2083 1732 διέφυ-

411 1764 509 1814 γον
535 1746 724 1815 γάμοι,
751 1744 976 1809 τούτους
1015 1747 1097 1808 είς
1133 1744 1299 1816 μέσον
1332 1744 1568 1817 ἀγάγῃς·
1598 1745 1660 1797 ού
1694 1744 1804 1816 γάρ
1833 1742 1941 1797 ἀπὸ
1970 1741 2084 1795 τῶν

413 1824 801 1888 σπανιζόντων,
831 1822 944 1876 ἀλλ’
976 1822 1087 1876 ἀπὸ
1111 1823 1218 1877 τῶν
1259 1823 1347 1877 ἀεὶ
1371 1822 1780 1893 συμϐαινόντων
1806 1841 2087 1895 χαρακτη-

414 1905 583 1974 ρίζειν
606 1903 674 1957 τά
711 1901 1010 1973 πράγματα
1042 1904 1330 1975 προσήκει.
1367 1902 1491 1955 Ἐπὶ
1527 1902 1628 1973 μὲν
1663 1902 1776 1974 γάρ
1803 1903 1903 1974 τῆς
1938 1920 2085 1975 παρ·

411 1981 594 2046 θενίας
621 1981 876 2036 δύσκολον
913 1981 1085 2037 ταῦτα
1125 1981 1403 2051 γενέσθαι,
1446 1981 1647 2052 μᾶλλον
1695 1983 1754 2036 δέ
1802 1981 2085 2048 ἀδύνατον,

412 2062 507 2116 ἐπὶ
533 2062 591 2116 δὲ
610 2061 721 2116 τῶν
750 2062 945 2133 γάμων
965 2059 1223 2116 δύσκολον
1260 2061 1337 2133 μὴ
1365 2058 1642 2130 γενέσθαι.

482 2194 627 2265 NG”.
648 2197 712 2251 El
731 2195 787 2250 δὲ
819 2196 911 2250 ἐπὶ
937 2199 1050 2261 τοῖς
1065 2195 1314 2252 δοκοῦσιν
1346 2192 1488 2253 εἶναι
1513 2199 1792 2271 χρηστοῖς,
1824 2195 2085 2252 τοσαῦται

410 2275 685 2331 τίκτονται
707 2275 888 2348 ἀηδίαι
912 2278 1006 2330 καὶ
1029 2277 1390 2351 συμφοραὶ,τί
1418 2278 1486 2334 ἀν
1512 2297 1597 2344 τις
1624 2278 1718 2333 ἐπὶ
1737 2280 1852 2343 τοῖς
1874 2277 2084 2349 ώμολο-

410 2356 671 2428 γημένοις
697 2356 839 2409 είποι
860 2354 1158 2427 λυπηροῖς;
1190 2356 1266 2409 υύ
1297 2356 1407 2429 γάρ
1432 2357 1574 2430 ὑπὲρ
1606 2358 1724 2422 ἐνὸς
1756 2358 1961 2413 δέδοικε
1997 2355 2088 2410 θα-

413 2436 575 2489 νάτου
605 2435 784 2505 μόνον,
818 2433 993 2488 καίτοι
1016 2452 1081 2504 γε
1109 2433 1259 2500 ἅπαξ
1280 2437 1545 2507 μέλλουσα
1567 2434 2018 2491 ἐναποθανεῖσθαι
2041 2444 2082 2498 ⁸,

411 2514 532 2569 οὐδέ
551 2514 689 2587 ὑπὲρ
724 2516 853 2584 μιᾶς
872 2515 1151 2583 φροντίζει
1178 2515 1356 2587 ψυχῆς
1379 2519 1508 2588 μίαν
1539 2516 1739 2588 ἔχουσα
1778 2518 1967 2588 μόνην,
1989 2516 2087 2568 ἀλ-

414 2592 481 2649 λά
513 2594 703 2665 τρέμει
746 2593 846 2663 μὲν
889 2595 1029 2664 ὑπὲρ
1070 2594 1285 2667 ἀνδρὸς,
1323 2596 1518 2667 τρέμει
1568 2597 1626 2650 δέ
1677 2597 1819 2669 ὑπὲρ
1855 2595 2086 2660 παίδων,

411 2673 604 2745 τρέμει
655 2674 713 2728 δέ
759 2673 901 2745 ὑπὲρ
944 2674 1054 2727 τῶν
1103 2674 1334 2739 ἐκείνοις
1386 2677 1779 2748 προσηκόντων
1805 2675 2086 2747 γυναικῶν

412 2752 577 2806 πάλιν
608 2754 702 2807 καὶ
735 2752 962 2818 παίδων,
989 2753 1085 2807 καὶ
1113 2752 1330 2825 ὅσῳπερ
1358 2753 1426 2808 ἂν
1452 2756 1532 2819 είς
1558 2754 1814 2818 πλείονας
1838 2755 2088 2825 ἐκτείνη-

414 2846 505 2887 ται
562 2832 788 2897 κλάδους
843 2835 877 2903 ἡ
931 2832 1076 2905 ῥίζα,
1108 2831 1348 2905 τοσούτῳ
1394 2834 1681 2899 πλεονάζει
1738 2833 1834 2890 καί
1878 2835 1949 2890 τά
1981 2834 2088 2889 τῶν

414 2913 710 2986 φροντίδων
746 2913 904 2985 αὐτῇ
951 2914 1045 2966 καὶ⁵
1089 2912 1212 2967 καθ’
1246 2912 1477 2971 ἕκαστον
1526 2914 1729 2969 τούτων
1768 2914 1878 2968 είτε
1915 2915 2089 2986 ζημία

415 2993 732 3064 χρημάτων,
754 2992 864 3046 εἴτε
899 2990 1151 3063 σώματος
1176 2992 1480 3064 ἀρρωστία,
1508 2994 1617 3047 εἴτε
1646 2992 1835 3067 ἔτερόν
1858 3011 1912 3048 τι
1949 3010 2089 3065 συμ-

415 3073 541 3143 ϐαίη
570 3072 680 3126 τῶν
709 3070 1043 3143 ἀϐουλήτων,
1071 3071 1284 3144 ἀνάγκη
1315 3073 1610 3128 κόπτεσθαι
1631 3074 1725 3129 καὶ
1745 3074 1964 3146 θρηνεῖν
1979 3074 2089 3127 τῶν

414 3152 732 3223 πασχόντων
771 3151 870 3223 οὐχ
909 3148 1072 3224 ἦττον
1113 3152 1314 3207 αὐτῶν·
1356 3153 1463 3209 κάν
1504 3155 1602 3225 μὲν
1668 3154 2088 3227 προαπέλθωσιν

416 3233 675 3299 ἅπαντες,
710 3232 982 3304 ἀφόρητον
1015 3233 1076 3287 τὸ
1109 3232 1322 3298 πένθοςο
1354 3233 1420 3288 ἂν
1448 3234 1506 3287 δὲ
1535 3236 1583 3288 οἱ
1618 3236 1716 3306 μὲν
1749 3236 2008 3307 μένωσιν,
2037 3234 2086 3288 οί

415 3308 476 3363 δὲ
491 3311 692 3384 ἀώροις
721 3311 1058 3382 ἀπενεχθῶσι
1094 3312 1364 3377 θανάτοις,
1387 3313 1510 3367 οὐδέ
1539 3312 1682 3367 οὕτω
1714 3314 1962 3387 καθαράν
1997 3312 2089 3366 εὐ·-

419 3407 502 3463 ροι
536 3406 620 3453 τις
649 3388 715 3443 ἂν
743 3387 1114 3460 παραμυθίαν.
1162 3391 1223 3443 '0
1262 3392 1373 3463 γὰρ
1404 3391 1546 3463 ὑπὲρ
1588 3391 1697 3445 τῶν
1734 3389 1951 3455 ζώντων
1997 3392 2088 3446 ἀεὶ

415 3471 581 3541 φόϐος
627 3470 935 3523 κατασείων
983 3470 1082 3541 τὴν
1123 3470 1302 3543 ψυχὴν
1340 3473 1440 3525 οὐκ
1468 3472 1706 3527 ἐλάττων
1732 3471 1830 3543 τῆς
1853 3472 1945 3525 ἐπὶ
1974 3475 2088 3535 τοῖς

415 3550 826 3617 τετελευτηκόσι
869 3552 1075 3622 γίνεται
1105 3551 1301 3624 λύπης,
1336 3553 1451 3607 ἀλλ’
1476 3556 1526 3608 εί
1566 3555 1647 3609 δεί
1672 3572 1727 3609 τι
1754 3554 1848 3608 καί⁵
1876 3554 2088 3625 θαυμα-

417 3635 541 3688 στὸν
569 3635 762 3700 εἰπεῖν,
791 3632 1188 3706 χαλεπώτερος.
1216 3633 1325 3704 τὴν
1363 3634 1463 3703 μὲν
1503 3633 1611 3706 γάρ
1640 3633 1732 3688 ἐπὶ
1758 3637 1872 3698 τοῖς
1906 3650 2089 3688 κεκοι-

419 3714 682 3785 μημένοις
719 3714 957 3785 ἀθυμίαν
991 3713 1020 3765 0
1052 3711 1245 3784 χρόνος
1282 3712 1543 3783 ἐμάλαξε,
1582 3714 1681 3777 τάς
1714 3713 1772 3767 δὲ
1810 3713 1949 3786 ὐπέρ
1977 3714 2088 3768 τῶν

417 3792 634 3857 ζώντων
674 3792 957 3865 φροντίδας
994 3790 1174 3860 μένειν
1207 3793 1419 3863 ἀνάγκη
1455 3792 1770 3855 διαπαντὸς,
1807 3792 1840 3863 ἢ
1870 3786 2104 3863 θανάτῳ⁹

417 3871 727 3926 παύσασθαι
755 3870 920 3944 μόνῳ.
958 3870 1017 3923 Ei
1049 3870 1107 3923 δέ
1149 3873 1264 3934 τοῖς
1299 3871 1522 3936 οἰκείοις
1558 3873 1659 3925 οὐκ
1701 3870 1849 3944 11516]
1882 3868 2087 3942 ἀρκοῦ-

420 3965 520 4019 μεν
553 3950 770 4014 πάθεσι,
808 3951 960 4002 ποῖον
997 3947 1307 4019 βιωσόμεθα
1339 3948 1453 4019 βίον
1492 3947 1589 4011 τάς
1622 3949 1826 4021 ἐτέρων
1875 3949 2087 4005 πενθεῖν

416 4027 847 4098 ἀναγκαζόμενοι
873 4028 1188 4098 συμφοράς;
1214 4025 1413 4089 Πολλαὶ
1447 4027 1705 4092 πολλάκις
1737 4027 1983 4096 ἐγένοντο
2004 4046 2091 4096 γο-

416 4107 552 4160 νέων
578 4105 865 4180 λαμπρῶν,
897 4108 1278 4179 ἀνετράφησαν
1308 4105 1450 4177 μετά
1481 4105 1683 4178 πολλῆς
1709 4106 1809 4177 τῆς
1845 4107 2083 4177 τρυφῆς,

417 4186 739 4257 ἐξεδόθησάν
788 4203 895 4240 τινι
939 4185 1048 4241 τῶν
1102 4184 1311 4257 μεγάλα
1344 4185 1657 4256 δυναμένων
1698 4184 1930 4256 ἀνδρῶν,
1967 4182 2088 4241 εἶτα

420 4265 678 4338 ἐξαίφνης
700 4264 829 4338 πρὶν
853 4264 946 4318 ἐπὶ
967 4262 1178 4328 τούτοις
1209 4265 1636 4336 μακαρισθῆναι,
1667 4263 1916 4319 κινδύνου
1943 4266 2088 4330 τινὸς

417 4346 667 4416 καθάπερ
697 4345 1009 4415 καταιγίδος
1040 4343 1075 4416 ἡ
1108 4343 1420 4416 πνεύματος
1469 4346 1899 4418 προσπεσόντος,
1952 4362 2088 4399 κατ-

417 4423 611 4477 έδυσαν
647 4424 741 4477 καὶ
774 4420 956 4486 αὗται,
998 4424 1095 4477 καὶ
1124 4421 1234 4476 τῶν
1275 4424 1369 4479 τοῦ
1415 4425 1678 4495 ναυαγίου
1706 4425 2086 4496 συμμετέσχσν

418 4501 627 4569 δεινῶν,
652 4505 748 4557 καὶ
780 4503 985 4574 μυρίων
1012 4502 1120 4572 πρὸ
1143 4499 1238 4553 τοῦ
1274 4504 1454 4573 γάμου
1482 4502 1662 4559 καλῶν
1690 4503 2084 4570 ἀπολαύουσαι,

417 4581 555 4651 πρὸς
576 4584 675 4651 τὴν
702 4582 936 4651 ἐσχάτην
969 4579 1076 4632 ἀπὸ
1097 4577 1191 4632 τοῦ
1221 4579 1400 4651 γάμου
1431 4581 1738 4635 κατέπεσαν
1777 4584 2081 4655 συμφοράν.

432 4659 572 4712 Ἀλλ’
594 4660 656 4712 οὐ
688 4659 881 4721 ταῦτα,
913 4657 1068 4729 φησὶ,
1096 4658 1284 4720 πᾶσιν,
1317 4658 1438 4713 οὐδὲ
1482 4660 1570 4715 ἀεὶ
1598 4660 1930 4731 συμπίπτειν
1963 4661 2086 4715 εἴω-

421 4740 533 4802 θεν,
557 4736 670 4792 axx
699 4737 818 4790 οὐδὲ
848 4736 1062 4789 πάντων
1081 4733 1410 4807 κεχώρισται
1439 4739 1555 4806 (καὶ
1583 4738 1692 4808 γάρ
1719 4737 1829 4807 ἐγὼ
1855 4738 1922 4791 τά
1945 4739 2085 4793 αὐτά

420 4821 583 4875 πάλιν
611 4818 766 4892 ἐρῶ),
801 4816 937 4871 ἀλλά
962 4817 1075 4878 τοῖς
1102 4815 1201 4885 μὲν
1227 4817 1321 4869 καὶ
1343 4816 1430 4870 διὰ
1457 4817 1558 4887 τῆς
1582 4818 1780 4888 πείρας
1825 4817 2079 4888 ἐπῆλθον,

418 4899 534 4953 ὅσοι
558 4898 616 4952 δὲ
644 4889 741 4963 τὴν
767 4896 961 4967 πεῖραν
984 4894 1262 4964 διέφυγον,
1284 4894 1505 4955 τούτους
1525 4896 1614 4950 διὰ
1631 4896 1732 4966 τῆς
1759 4898 2084 4969 προσδοκίας

418 4978 629 5049 ἠνίασε.
654 4974 927 5047 Παρθένος
944 4972 1000 5026 δέ
1025 4973 1174 5027 πᾶσα
1208 4972 1302 5027 καὶ
1328 4976 1426 5047 τῆς
1450 4974 1644 5047 πείρας
1670 4976 1765 5031 καὶ
1788 4976 1886 5047 τῆς
1916 4995 2086 5050 προσ-

420 5058 604 5121 δοκίας
624 5056 773 5111 ἐστίν
803 5052 1072 5125 ἀνωτέρα.

480 5181 603 5235 NZ’.
622 5175 768 5247 Πλὴν
781 5174 894 5231 ἀλλ’
915 5175 965 5228 εί
991 5173 1138 5230 δοκεῖ
1161 5174 1343 5231 ἐκεῖνα
1372 5178 1670 5249 ἀφέντες,ἀ
1696 5180 2080 5251 συγκεκλείφω-

414 5285 507 5324 ται
539 5267 700 5339 φύσει
725 5265 807 5338 τῷ
830 5262 1015 5336 γάμῳ,
1050 5264 1146 5318 καὶ
1174 5264 1319 5337 άπερ
1347 5267 1523 5332 οὐδεὶς
1555 5269 1623 5322 ἂν
1641 5267 1764 5323 οὐτε
1790 5269 1933 5325 ἐκὼν
1955 5271 2078 5326 οὐτε

416 5357 563 5411 ἄκων
603 5354 875 5425 διαφύγοι,
913 5350 1086 5406 ταῦτα
1127 5353 1545 5425 διασκεψώμεθα
1580 5355 1676 5410 νῦν
1704 5358 1752 5412 δ.
1813 5357 1947 5412 Τίνα
1988 5355 2082 5415 οὖν

418 5450 536 5501 ἐστι
558 5442 762 5510 ταῦτα;
803 5442 1000 5506 Ὠδῖνες
1045 5441 1139 5496 καί⁵
1187 5441 1337 5494 τόκοι
1379 5443 1473 5496 καὶ
1518 5445 1725 5500 παιδία.
1761 5446 1981 5501 Μᾶλλον
2023 5447 2081 5527 δέ

416 5533 671 5604 ἀνωτέρω
709 5533 802 5587 τὸν
837 5533 990 5600 λόγον
1025 5531 1343 5601 ἀγάγωμεν,
1382 5535 1475 5585 καὶ
1511 5531 1580 5585 τά
1618 5534 1724 5605 πρὸ
1761 5534 1856 5588 τού
1896 5535 2077 5608 γάμου

475 5757 500 5786 ⁸
528 5755 641 5805 "me
665 5764 742 5821 es;
766 5756 1003 5821 scriptura
1027 5758 1214 5811 Savilii.
1232 5761 1345 5812 Alio
1370 5767 1438 5814 et.
1464 5766 1519 5811 ut
1541 5763 1754 5821 \‘idt-lur,
1785 5764 1948 5812 minus
1970 5762 2077 5812 ido-

407 5833 504 5889 ηερ
525 5819 864 5889 gensu‘Momf:
899 5822 1121 5889 καίτοιγε
1141 5823 1243 5882 μέλ.
1276 5826 1652 5875 ἐναποθανεῖσθαι
1842 5829 1975 5878 Eutr.

469 5880 503 5931 δ
528 5881 645 5939 Reg.
675 5882 1038 5941 ἐπισκεψώμεθα
1059 5880 1158 5930 νῦν.

1263 285 1321 342 S.
1359 282 1648 341 JOANNIS
1683 272 2172 337 CHRYSOSTOLH
2211 275 2529 334 ARCIIIEP.
2576 273 3123 335 CONSTANTINOP.

3751 268 3859 331 573

2182 394 2591 466 καταμάθωμεν
2626 393 2704 458 ('0;
2737 392 2983 448 δυνατόν’
3017 391 3155 464 μετά
3203 392 3492 465 ἀκριϐείας
3522 391 3632 464 γάρ
3669 394 3721 446 οί
3750 411 3861 448 πα-

2182 474 2367 539 θόντες
2410 474 2557 528 ἴσασι
2598 474 2768 544 μόνοι.
2823 473 3059 542 Ἐπέστη
3090 472 3192 542 τῆς
3234 472 3527 543 μνηστείας
3574 474 3604 525 0
3641 473 3862 542 xatpk"

2184 557 2281 610 καὶ
2303 555 2584 628 φροντίδες
2620 551 2821 616 εὐθέως
2844 552 3136 622 ἐπάλληλοι
3174 552 3268 605 καὶ
3305 551 3567 614 ποικίλαι,
3601 553 3724 606 τίνα
3753 554 3864 624 ἀρα

2179 635 2409 708 λήψεται
2448 632 2639 704 ἄνδρα,
2688 634 2763 705 μὴ
2809 631 3063 702 δυσγενῇ
3103 632 3179 703 μὴ
3224 631 3334 686 τῶν
3359 631 3575 702 ἀτίμων
3605 632 3751 696 τινὰ,
3788 633 3865 707 μὴ

2180 714 2409 788 αὐθάδη,
2442 713 2519 787 μὴ
2548 712 2863 779 ἀπατεῶνα,
2904 712 2977 784 μὴ
3000 710 3257 776 ἀλαζόνα,
3294 711 3369 784 μὴ
3403 710 3633 784 θρασὺν,
3662 712 3739 784 μὴ
3759 713 3864 785 ζη-

2178 796 2433 860 λότυπον,
2480 793 2555 864 μὴ
2588 791 2909 865 μικρολόγον
2941 789 3085 853 ma,
3126 790 3201 862 μὴ
3244 791 3436 863 εὐὴθη,
3484 792 3560 865 μὴ
3600 793 3863 865 πονηρὸν,

2185 873 2260 945 μὴ
2289 871 2544 944 σκληρὸν,
2584 871 2658 943 μὴ
2694 870 2973 940 ἄνανδρον.
3011 870 3198 924 Ταύτα
3229 871 3339 942 γάρ
3368 870 3585 925 ἅπαντα
3626 873 3864 945 συμϐαί-

2184 975 2295 1013 νειν
2327 957 2425 1027 μὲν
2455 954 2555 1011 οὐκ
2598 956 2812 1028 ἀνάγκη
2854 958 2974 1021 ταῖς
3016 957 3395 1026 γαμουμέναις
3446 957 3710 1023 άπάσαις,
3761 976 3862 1030 με-

2188 1037 2384 1108 ριμνᾷν
2418 1035 2476 1090 δέ
2508 1037 2723 1105 ἀνάγκη
2750 1035 2845 1089 καὶ
2883 1034 3191 1105 φροντίζειν
3220 1035 3438 1090 ἅπαντα
3468 1047 3519 1075 θ’
3559 1036 3712 1092 οὔπω
3752 1040 3867 1113 γὰρ

2183 1114 2336 1178 ὄντος
2377 1116 2471 1169 τοῦ
2498 1114 2989 1187 κληρωθησομένου
3019 1113 3198 1185 δήλου,
3224 1115 3340 1169 ἀλλ’
3365 1115 3448 1169 ἐτι
3491 1117 3587 1189 τῆς
3641 1115 3866 1185 ἐλπίδος

2188 1193 2464 1267 μετεώρου
2500 1194 2788 1267 μενούσης,
2817 1196 2995 1251 πάντα
3024 1199 3057 1267 ἡ
3087 1196 3234 1268 ψυχὴ
3255 1195 3464 1252 δέδοικε
3511 1200 3608 1253 καὶ
3641 1200 3861 1273 τρέμει,

2185 1277 2277 1331 καί
2296 1277 2449 1332 οὐδέν
2467 1276 2616 1330 ἐστιν
2639 1275 2777 1348 ὅπερ
2798 1276 2859 1330 οὐ
2881 1276 3151 1345 λογίζεται
3179 1278 3403 1333 τούτων.
3430 1278 3492 1333 Εἰ
3515 1278 3572 1333 δέ
3601 1279 3753 1350 λέγοι
3778 1299 3869 1347 τις

2183 1358 2265 1412 ὅτι
2294 1358 2388 1411 καὶ
2411 1356 2479 1410 τὰ
2503 1356 2720 1410 ἐναντία
2744 1357 3102 1429 προσδοκῶσα
3125 1357 3509 1428 εὐφραίνεσθαι
3534 1359 3744 1415 δύναιτ’
3775 1362 3866 1426 ἀν,

2185 1435 2245 1494 εὖ
2281 1440 2413 1493 ἵστω
2431 1437 2514 1491 ὅτι
2539 1437 2639 1509 οὐχ
2670 1436 2845 1501 οὕτως
2872 1438 3018 1508 ἡμᾶς
3039 1438 3094 1492 αί
3121 1436 3229 1491 τῶν
3263 1438 3484 1507 ἀγαθῶν
3513 1440 3730 1506 ἐλπίδες
3757 1460 3868 1496 πα-

2188 1514 2573 1589 ραμυθοῦνται,
2594 1516 2679 1579 ὡς
2716 1516 2773 1570 αί
2805 1515 2914 1570 τῶν
2944 1517 3197 1589 πονηρῶν
3248 1517 3567 1588 προσδοκίαι
3605 1519 3863 1575 λυποῦσι.

2185 1598 2267 1651 Τά
2303 1596 2403 1668 μέν
2430 1596 2540 1668 γάρ
2577 1596 2762 1664 ἀγαθά
2804 1597 2935 1650 ὅταν
2977 1597 3208 1667 ἐλπισθῇ
3248 1596 3503 1667 βεϐαίως,
3534 1597 3658 1652 τότε
3698 1600 3871 1670 μόνον

2183 1676 2357 1730 τίκτει
2387 1676 2487 1747 τὴν
2518 1675 2730 1748 ἡδονήνο
2765 1674 2836 1728 τὰ
2873 1674 2933 1728 δὲ
2981 1674 3129 1730 κακά
3171 1674 3274 1729 κᾶν
3312 1676 3627 1749 ὐποπτευθῇ
3678 1678 3866 1749 μόνον.

2185 1755 2385 1819 εὐθέως
2422 1756 2643 1826 συνέχεε
2693 1756 2787 1810 καὶ
2822 1755 3154 1827 συνετάραξε
3198 1756 3299 1829 τὴν
3330 1756 3530 1828 ψυχήν.
3567 1758 3784 1830 Ὥσπερ
3806 1759 3868 1813 δὲ

2186 1834 2280 1888 ἐπὶ⁹
2317 1833 2424 1888 τῶν
2452 1833 2802 1905 ἀνδραπόδων
2837 1835 2871 1906 ἡ
2900 1835 3008 1888 τῶν
3038 1834 3312 1907 ἐσομένων
3356 1836 3552 1908 ἀδηλία
3584 1836 3872 1892 δεσποτῶν

2184 1913 2285 1968 οὐκ
2307 1912 2529 1984 ἀφίησιν
2557 1909 2835 1985 ἠρεμῆσαι
2864 1913 2963 1985 τὴν
2989 1914 3213 1968 ἐκείνων
3237 1912 3438 1987 ψυχὴν,
3469 1914 3613 1970 οὕτω
3639 1917 3735 1970 καὶ
3769 1917 3869 1970 ἐπὶ

2184 1992 2291 2047 τῶν
2347 1992 2632 2063 παρθένων
2685 1993 2865 2047 πάντα
2908 1993 3000 2047 τὸν
3046 1992 3154 2048 ἀπὸ
3188 1995 3291 2064 τῆς
3331 1993 3627 2064 μνηστείας
3666 1994 3870 2066 καιρόν

2184 2072 2570 2146 χειμαζομένῳ
2615 2072 2788 2143 πλοίῳ
2844 2072 3165 2146 προσέοικεν
3224 2071 3405 2129 αὐτῶν
3453 2073 3688 2145 ἡψυχὴ,
3736 2075 3867 2128 καθ’

2187 2153 2423 2223 ἐκάστην
2475 2150 2691 2223 ἡμέραν
2744 2151 2852 2205 τῶν
2891 2152 3095 2221 γονέων
3140 2153 3269 2218 τοὺς
3298 2154 3397 2225 μέν
3440 2152 3864 2223 κρατούπωνά,

2184 2233 2312 2296 τούς
2333 2231 2392 2285 δέ
2421 2229 2814 2285 ἐκϐαλλόντων.
2839 2232 2945 2283 Τὸν
2968 2232 3080 2302 γὰρ
3098 2233 3399 2303 νικήσαντα
3426 2232 3553 2303 χθές
3579 2231 3690 2284 τῶν
3723 2250 3866 2302 μνη-

2188 2314 2403 2384 στὴρων
2434 2311 2673 2382 σήμερον
2701 2309 3174 2381 παρευδοκίμησεν
3198 2312 3403 2383 ἕτερος,
3430 2310 3526 2364 καὶ
3551 2310 3740 2364 τοῦτον
3758 2313 3868 2364 πά-

2185 2389 2269 2443 λιν
2301 2388 2556 2456 ἐξέὸαλεν
2585 2387 2765 2452 ἀλλος.
2812 2390 2967 2442 Ἔστι
2997 2389 3055 2443 δὲ
3085 2390 3176 2443 ὅτε
3210 2392 3307 2444 καὶ
3355 2389 3495 2460 πρὸς
3528 2390 3718 2452 αὐταῖς
3763 2388 3869 2444 τοῦ

2186 2468 2368 2540 γάμου
2396 2471 2514 2532 ταῖς
2553 2467 2743 2538 θύραις
2773 2468 2804 2520 0
2842 2469 2944 2538 μέν
2977 2467 3371 2541 προσδοκηθείς
3408 2468 3639 2538 νυμφίος
3674 2470 3869 2531 κεναῖς

2186 2547 2398 2618 ἀπῆλθε
2435 2546 2611 2618 χερσὶ,
2640 2544 2717 2616 τῷ
2745 2545 2811 2598 δέ
2852 2547 2927 2618 μὴ
2960 2546 3267 2601 ἐλπισθέντι
3296 2547 3395 2617 τὴν
3426 2547 3594 2618 κόρην
3616 2546 3873 2616 παρέδω-

2187 2643 2289 2681 καν
2322 2628 2370 2680 οί
2400 2628 2595 2696 γονεῖς.
2627 2627 2703 2679 υύ
2738 2627 2994 2693 γυναῖκες
3037 2626 3094 2679 δέ
3137 2625 3320 2697 μόνον,
3354 2624 3488 2681 ἀλλά
3540 2626 3634 2680 καὶ
3672 2627 3873 2700 ἀνδρες

2187 2707 2430 2780 χαλεπάς
2473 2707 2655 2778 έχουσι
2689 2707 2789 2771 τὰς
2826 2706 3133 2778 φροντίδας.
3179 2706 3415 2772 Τούτους
3459 2706 3560 2779 μέν
3603 2708 3712 2777 γὰρ
3769 2707 3871 2760 καὶ

2188 2788 2665 2861 πολυπραγμονεῖν
2704 2787 2901 2853 ἔνεστι,
2946 2787 3045 2859 τὴν
3083 2787 3138 2841 δὲ
3172 2786 3319 2841 ἔνδον
3358 2787 3874 2858 συγκεκλεισμένην

2186 2867 2480 2931 διαπαντὸς
2528 2864 2646 2931 πῶς
2672 2869 2742 2922 ἀν
2779 2885 2863 2932 τις
2902 2871 3324 2940 περιεργάσαιτο
3352 2868 3570 2940 τρόπων
3604 2868 3793 2923 ⁴ένεκεν
3825 2868 3867 2938 ἤ

2191 2946 2438 3018 μορφῆς;
2467 2946 2578 2999 Καὶ
2594 2946 2767 3001 ταῦτα
2799 2946 2899 3018 μὲν
2924 2948 3064 3001 κατά
3088 2951 3179 3002 τὸν
3199 2948 3298 3020 τῆς
3324 2948 3621 3021 μνηστείας
3643 2947 3866 3018 καιρόνο

2186 3027 2314 3080 ὅταν
2340 3025 2397 3079 δέ
2426 3026 2455 3079 0
2480 3023 2575 3079 τοῦ
2603 3025 2784 3095 γάμου
2809 3028 3201 3098 παραγίνηται,
3232 3027 3541 3082 ἐπιδίδωσιν
3564 3032 3598 3099 ἡ
3628 3028 3862 3096 ἀγωνία,

2188 3104 2283 3157 καὶ
2313 3104 2412 3175 τῆς
2442 3105 2637 3176 ἡδονῆς
2668 3105 2867 3160 πλείων
2900 3107 2929 3159 0
2963 3106 3147 3176 φόϐος,
3191 3109 3400 3178 μὴποτε
3432 3107 3527 3161 ἀπ’
3561 3109 3729 3180 αὐτῆς
3762 3108 3867 3178 τῆς

2188 3180 2430 3256 ἐσπέρας
2458 3184 2628 3257 ἀηδὴς
2658 3202 2744 3248 τις
2770 3180 2908 3238 εἶναι
2937 3185 3086 3258 δόξῃ,
3115 3187 3209 3240 καὶ
3236 3186 3338 3257 τῆς
3370 3188 3701 3259 προσδοκίας
3733 3187 3871 3240 πολ-

2187 3262 2267 3334 λῷ
2294 3263 2712 3335 καταδεεστέρα.
2736 3264 2848 3335 Τὴν
2883 3265 2982 3335 μὲν
3006 3265 3116 3337 γάρ
3143 3265 3297 3335 παρά
3321 3266 3419 3338 τὴν
3449 3268 3621 3339 ἀρχὴν
3647 3268 3865 3322 εὐδοκι-

2192 3344 2444 3415 μήσασαν
2474 3342 2703 3414 ὕστερον
2736 3344 3217 3415 καταφρονηθῆναι
3242 3347 3498 3418 φορητόν·
3527 3351 3655 3401 ὅταν
3684 3349 3739 3401 δὲ
3764 3346 3868 3401 ἀπ’

2189 3423 2383 3493 αὐτῆς,
2414 3422 2491 3487 ῶς
2525 3424 2593 3479 ἂν
2623 3426 2767 3478 είποι
2804 3440 2910 3488 τις.
2953 3424 3054 3494 τῆς
3097 3427 3363 3497 γραμμῆς
3404 3426 3558 3499 [517]
3603 3428 3867 3497 φαίνηται

2190 3503 2524 3574 προσκορης,
2567 3503 2699 3557 πότε
2739 3503 3027 3573 δυνήσεται
3065 3503 3442 3577 θαυμασθῆναι
3498 3508 3715 3572 λοιπόνς
3750 3510 3865 3562 Καὶ

2192 3583 2267 3653 μή
2311 3600 2400 3652 μοι
2442 3582 2602 3637 τοῦτο
2637 3581 2817 3659 εἴπῃς,
2856 3585 2922 3638 Τί
2955 3585 3035 3644 δέ.
3075 3585 3142 3639 ἀν
3179 3583 3452 3656 εὔμορφος
3499 3583 3632 3640 οὖσα
3686 3588 3863 3658 τύχῃ;

2190 3661 2324 3715 Οὐδὲ
2357 3660 2466 3733 γὰρ
2494 3661 2636 3716 οὕτω
2666 3663 2867 3735 ταύτης
2894 3663 3235 3735 ἀπήλλακται
3261 3666 3361 3737 τῆς
3389 3667 3690 3737 φροντίδος.
3719 3669 3861 3722 Πολ-

2189 3739 2279 3794 λαὶ
2332 3740 2462 3810 γοῦν
2502 3742 2875 3814 διαλάμψασαι
2924 3743 3129 3815 σφόδρα
3167 3743 3308 3797 κατά
3350 3745 3450 3815 τὴν
3482 3744 3575 3799 τοῦ
3608 3744 3865 3816 σώματος

2189 3817 2339 3891 ὥραν
2375 3820 2476 3873 οὐκ
2515 3821 2741 3892 ἴσχυσαν
2772 3824 2898 3885 τοὺς
2932 3822 3130 3893 ἀνδρας
3156 3823 3363 3879 ἑαυτῶν
3389 3825 3546 3891 ἑλεῖν,
3580 3825 3717 3878 ἀλλά
3753 3827 3861 3893 ἀφ-

2191 3901 2340 3965 έντες
2370 3901 2537 3973 αὐτάς
2559 3903 2753 3955 ἐκεῖνοι
2782 3905 2901 3965 ταῖς
2925 3903 3128 3974 σφόδρα
3163 3903 3512 3974 λειπομέναις
3542 3905 3722 3959 αὐτῶν
3768 3907 3859 3972 ἐξ·

2189 3979 2397 4035 έδωκαν
2427 3982 2669 4044 ἑαυτούς.
2706 3981 2816 4035 Καὶ
2854 3983 3056 4051 ταύτης
3084 3981 3140 4034 δὲ
3168 3983 3268 4053 τῆς
3298 3985 3574 4054 φροντίδος
3604 3986 3862 4055 λυθείσης

2190 4060 2353 4131 ἑτέρα
2385 4059 2548 4118 πάλιν
2582 4062 2960 4132 ἐπεισέρχεται
2988 4061 3150 4131 ἀηδία
3184 4063 3243 4115 ἐν
3269 4065 3335 4133 τῇ
3368 4063 3469 4131 τῆς
3497 4064 3722 4134 προικὸς
3761 4082 3863 4120 κα-

2188 4138 2410 4209 ταϐολῇ,
2452 4139 2482 4192 ὃ
2520 4156 2580 4192 τε
2620 4139 2889 4210 κηδεστὴς
2924 4141 2986 4193 οὐ
3020 4141 3159 4211 μετὰ
3197 4142 3506 4213 προθυμίας
3553 4144 3862 4209 ἀποδιδοὺς,

2189 4225 2285 4279 at;
2315 4228 2514 4296 προῖκα
2535 4227 2867 4291 κατατιθείς,
2907 4228 2937 4281 ὅ
2965 4245 3027 4281 τε
3055 4228 3289 4299 νυμφίος
3321 4220 3496 4283 πάντα
3521 4229 3619 4301 μὲν
3647 4230 3861 4284 ἀπολα-

2188 4307 2302 4363 ϐεῖν
2342 4308 2607 4375 σπεύδων,
2651 4309 2750 4380 τὴν
2789 4309 2846 4364 δέ
2874 4310 3159 4384 εἴσπραξιν
3197 4310 3336 4383 μετὰ
3374 4312 3558 4377 αίδούς
3584 4314 3861 4368 ποιεῖσθαι

2187 4392 2646 4464 ἀναγκαζόμενος.
2673 4394 2707 4463 ἦ
2734 4409 2793 4447 τε
2815 4394 2950 4464 γυνὴ
2982 4396 3040 4448 ἐν
3067 4398 3132 4465 τῇ
3160 4395 3261 4465 τῆς
3284 4395 3538 4459 ἐκτίσεως
3577 4407 3601 4437 ο
3621 4397 3863 4469 ἀναϐολῇ

2187 4476 2553 4547 αίσχυνομένη
2598 4475 2694 4531 καὶ
2734 4475 3044 4548 ἐρυθριῶσα
3089 4478 3182 4533 τὸν
3213 4479 3381 4549 ἀνδρα
3416 4478 3616 4544 παντὸς
3652 4480 3863 4559 μᾶλλον

2187 4559 2500 4631 ἀγνώμονος
2534 4560 2830 4630 ὁφειλέτου·
2866 4560 3103 4633 παρίημι
3132 4560 3250 4616 νῦν.
3300 4562 3461 4617 Ἀλλά
3492 4564 3601 4635 γὰρ
3638 4564 3862 4635 ἐκείνης

2185 4638 2283 4709 τῆς
2314 4640 2590 4711 φροντίδος
2619 4640 2873 4711 λυθείσης
2900 4643 2928 4695 0
2951 4643 3049 4713 τῆς
3081 4641 3337 4706 ἀπαιδίας
3377 4641 3580 4707 εὐθέως
3608 4644 3864 4715 ἐπεισέρ-

2186 4738 2341 4792 χεται
2381 4722 2564 4791 φόϐος,
2590 4724 2685 4778 καὶ
2719 4724 2855 4796 πρὸς
2889 4724 3063 4798 τούτῳ
3092 4726 3252 4782 πάλιν
3285 4727 3319 4798 ἡ
3351 4726 3455 4798 τῆς
3497 4726 3862 4792 πολυπαιδίας

2187 4805 2429 4875 φροντὶς,
2459 4806 2551 4860 καὶ
2571 4807 2782 4871 οὐδενὸς
2805 4810 2972 4862 όντων
2994 4810 3200 4863 τούτων
3221 4810 3435 4864 οὐδέπω
3457 4810 3715 4881 φανεροῦ,
3733 4814 3861 4875 ταῖς

2185 4889 2511 4959 ἀμφοτέρων
2554 4890 2616 4954 ἐξ
2648 4891 2825 4960 ἀρχῆς
2869 4893 3230 4964 ταράττονται
3286 4894 3553 4964 φροντίσι.
3600 4893 3719 4947 Κάν
3755 4893 3862 4962 μὲν

2184 4972 2386 5036 εὐθέως
2417 4976 2614 5045 κυὴσῃ.
2671 4976 2809 5045 μετά
2858 4978 3022 5045 φόϐου
3065 4977 3227 5031 πάλιν
3282 4979 3316 5046 ἡ
3351 4978 3492 5048 χαρά
3525 4977 3705 5043 (οὐδὲν
3744 4977 3861 5049 γάρ

2184 5055 2294 5110 τῶν
2327 5058 2387 5110 ἐν
2412 5055 2491 5127 τῷ
2519 5059 2682 5130 γάμῳ
2706 5061 2886 5114 καλῶν
2908 5061 3075 5130 φόϐου
3098 5061 3310 5133 χωρίς)·
3336 5062 3366 5113 0
3389 5061 3445 5115 δέ
3469 5060 3649 5130 φόϐος,
3679 5062 3863 5132 μήπο-

2182 5154 2242 5190 τε
2287 5140 2588 5210 γενομένης
2624 5142 2958 5212 άμϐλώσεως
2996 5144 3268 5217 διαφθαρῇ
3307 5145 3405 5215 μέν
3434 5144 3495 5198 τὸ
3526 5144 3858 5215 πλληφθέν,

2184 5225 2499 5300 κινδυνεύσῃ
2528 5230 2585 5283 δέ
2607 5231 2735 5304 περὶ
2758 5231 2868 5284 τῶν
2896 5232 3136 5302 ἐσχάτων
3162 5235 3194 5305 ἡ
3225 5233 3451 5288 κύουσα.
3477 5233 3573 5285 Ἂν
3592 5232 3648 5285 δὲ
3684 5233 3862 5297 πολὺς

2187 5315 2388 5383 μεταξὺ
2420 5318 2644 5395 γένηται
2680 5320 2891 5391 χρόνος,
2917 5321 3367 5392 ἀπαρρησίαστος
3404 5325 3438 5394 ἡ
3472 5323 3630 5395 γυνὴ,
3659 5320 3860 5395 ῶσπερ

2184 5400 2320 5473 αὐτὴ
2351 5404 2512 5475 κυρία
2540 5402 2674 5460 οὖσα
2699 5406 2795 5459 τού
2817 5411 3012 5462 τεκεῖν.
3043 5410 3213 5464 Ὅταν
3230 5410 3284 5463 δέ
3307 5413 3335 5465 0
3357 5411 3450 5464 τοῦ
3473 5411 3633 5465 τόκου
3659 5411 3859 5486 καιρὸς

2183 5488 2399 5561 ἐπιστῇ,
2434 5492 2785 5548 διακόπτουσι
2817 5495 2916 5564 μὲν
2940 5499 3035 5551 καὶ
3054 5496 3324 5552 διασπῶσι
3353 5499 3451 5571 τὴν
3484 5499 3575 5553 ἐπὶ
3609 5499 3859 5571 τοσούτῳ

2246 5710 2269 5773 ἢ
2299 5710 2421 5773 Reg.
2444 5710 2667 5768 ἅπαντας.

2242 5770 2268 5808 Α
2294 5770 2415 5839 ljvé.
2443 5782 2497 5839 (fl
2527 5775 2675 5839 {SaviL
2702 5775 3023 5839 ἐγκρινὸντων.

2180 5835 2418 5958 Πέρίιὲῐῖ.
2443 5835 2680 5888 ἐκτίσεωε.
2708 5835 2857 5889 Paulo
2878 5851 2984 5902 post
3006 5844 3128 5905 Reg.
3156 5843 3396 5907 ὀφειλέτω
3419 5844 3593 5909 πατρὸς
3611 5842 3851 5909 τυχοῦσα,
