4056 6208
219 191 319 245 δη

218 315 284 355 ea
309 300 446 358 nihil
477 301 728 368 habente,
761 304 934 362 virum
957 305 1174 362 divitem
1203 320 1349 374 esse,
1377 305 1570 363 famula
1597 309 1700 363 erit
1720 324 1818 380 pro

219 394 477 464 conjuge,
498 405 551 450 et
572 412 695 465 quae
720 398 946 466 ingenua
971 407 1056 454 est
1080 413 1236 454 serva
1261 400 1542 464 eflicietur,
1572 414 1635 454 ac
1655 415 1714 454 se
1737 399 1818 454 di-

216 501 322 555 gna
341 486 631 542 libertatee
644 489 888 544 manibus
905 491 1124 558 amissa,
1143 492 1397 562 emptitiis
1419 492 1583 548 nihilo
1597 502 1820 563 prtcsta-

221 577 338 641 bit;
371 577 469 634 sed
499 583 844 647 quantumvis
882 584 962 638 vir
999 583 1258 650 lasciviat,
1296 585 1636 655 quantumvis
1674 585 1820 642 fero-

217 673 351 734 riat,
381 673 730 740 quantumvis
759 677 1100 731 meretricum
1142 693 1361 732 manum
1399 677 1454 732 in
1497 679 1613 749 ejus
1641 688 1820 734 torum

219 765 515 826 adsciscat,
546 766 725 819 omnia
765 769 872 837 pati
911 783 975 823 ac
1017 767 1242 839 benigne
1271 771 1514 840 accipere
1541 785 1820 826 necessum

216 858 346 917 erit.
369 867 466 911 aut
490 857 652 912 domo
677 861 892 915 cedere.
921 860 1105 931 Neque
1142 863 1194 916 id
1225 863 1396 917 solum
1425 871 1509 918 est
1537 864 1818 929 molestiae,

220 949 319 1002 sed
356 950 520 1003 etiam
555 951 697 1020 quod
734 954 850 1006 viro
883 953 961 1008 sic
999 953 1210 1020 affecto,
1244 968 1343 1010 nec
1369 956 1568 1020 servis,
1600 970 1700 1010 nec
1725 971 1822 1010 au-

225 1041 365 1096 rillis
414 1042 584 1098 libere
632 1045 890 1101 mandare
935 1047 1153 1116 poterit,
1209 1047 1302 1102 sed
1349 1047 1491 1104 velut
1536 1049 1591 1104 in
1634 1049 1822 1105 alienis

218 1133 455 1203 degens,
485 1135 657 1205 iisque
700 1153 820 1205 quze
857 1138 923 1192 ad
965 1152 1024 1193 se
1067 1155 1172 1192 non
1217 1139 1518 1208 pertineant
1553 1147 1726 1206 utens,
1769 1147 1822 1194 et

219 1224 362 1278 hero
400 1225 575 1293 potius
604 1242 764 1296 quam
796 1229 914 1282 viro
937 1229 1247 1296 convivens,
1283 1230 1352 1284 ita
1381 1231 1558 1285 omnia
1585 1239 1640 1285 et
1663 1246 1823 1302 agere

218 1326 282 1371 et
312 1319 425 1388 pati
468 1321 694 1389 cogitur.
721 1320 876 1388 Quod
913 1322 956 1375 si
997 1322 1216 1392 aqualis
1252 1322 1575 1378 conditionis
1602 1338 1821 1378 uxorem

220 1409 420 1472 ducas,
457 1410 806 1479 subjectionis
839 1428 1047 1467 rursum
1080 1415 1248 1483 legem
1277 1413 1552 1484 aequalitas
1579 1430 1822 1485 pessum-

221 1499 404 1566 dahit,
425 1515 546 1553 cum
571 1501 880 1556 facultatum
909 1503 1098 1558 modus
1122 1505 1368 1572 postulet,
1399 1515 1450 1557 ut
1477 1521 1538 1560 ea
1568 1521 1688 1560 cum
1712 1506 1826 1560 viro

221 1602 495 1660 mquetur.
535 1592 672 1660 Quid
706 1594 865 1664 igitur
895 1604 971 1649 tot
1001 1595 1195 1665 ubique
1232 1596 1635 1652 difficultatibus
1661 1599 1825 1668 agas?

223 1680 418 1751 Neque
443 1683 589 1736 enim
630 1685 781 1750 mihi,
810 1687 856 1740 si
885 1703 1003 1756 qua:
1033 1704 1258 1758 nsquam
1289 1703 1452 1758 pauca
1483 1690 1823 1745 matrimonia

228 1775 350 1828 lure
391 1775 711 1845 emigerunt,
749 1793 814 1833 ea
854 1779 906 1833 in
951 1781 1188 1835 medium
1230 1782 1438 1852 profer;
1483 1798 1606 1837 nam
1655 1798 1718 1838 ex
1762 1785 1827 1840 iis

228 1881 352 1934 qua:
373 1867 592 1921 assidue
619 1870 952 1940 contingant,
987 1886 1097 1926 non
1121 1887 1240 1943 qua:
1268 1873 1546 1928 insolentia
1576 1874 1704 1941 sint,
1736 1889 1825 1931 res

229 1957 601 2012 describendae
626 1970 770 2014 sunt.
802 1961 925 2016 llzec
951 1977 1183 2033 namque
1205 1964 1260 2018 in
1285 1965 1585 2034 virginitate
1605 1964 1826 2022 difficile

226 2057 320 2101 est
344 2050 578 2112 evenire,
601 2051 709 2105 imo
734 2067 798 2106 ea
825 2053 1066 2110 accidere
1087 2065 1384 2126 nequeunt;
1416 2055 1468 2111 in
1488 2057 1828 2112 matrimonio

231 2141 464 2196 difficile
488 2152 566 2198 est
590 2159 699 2199 non
727 2149 968 2200 evenire.

310 2233 444 2288 LVI.
484 2234 675 2306 Nupta:
711 2254 916 2308 gravem
949 2238 1143 2292 doloris
1171 2240 1512 2294 necessitatem
1539 2241 1826 2310 impositam

229 2341 358 2379 esse.
383 2355 454 2365 -
473 2325 627 2392 Quod
657 2328 700 2380 si
731 2328 784 2381 in
815 2329 878 2382 iis
903 2344 1024 2398 quze
1041 2329 1272 2398 jucunda
1301 2331 1602 2398 videantur,
1621 2341 1824 2386 tantum

228 2417 408 2470 oritur
452 2418 788 2472 miseriarum
823 2427 878 2474 et
913 2419 1293 2484 calamitatum,
1326 2421 1451 2489 quid
1490 2421 1557 2474 de
1602 2421 1667 2475 iis
1707 2437 1826 2490 qua:

232 2506 376 2560 haud
402 2507 569 2562 dubie
603 2510 795 2563 acerba
823 2519 966 2576 sunt,
995 2510 1281 2565 dicendum
1312 2511 1446 2566 erit?
1473 2511 1656 2582 Neque
1683 2514 1825 2567 enim

227 2616 358 2654 cum
397 2601 513 2656 sola
556 2603 812 2656 moritura
849 2603 939 2667 sit,
984 2619 1142 2658 unam
1184 2604 1354 2658 solum
1397 2614 1624 2660 mortem
1663 2621 1826 2674 expa-

229 2692 428 2756 vescit,
459 2708 560 2747 nec
585 2709 704 2762 quae
725 2708 882 2748 unam
907 2694 1098 2750 habeat
1122 2695 1356 2750 animam
1379 2695 1446 2750 de
1473 2686 1573 2748 una
1597 2695 1825 2750 sollicita

227 2794 335 2846 est,
362 2783 458 2839 sed
487 2793 544 2839 et
566 2786 683 2840 viro
710 2795 766 2841 et
791 2786 974 2842 liberis
997 2788 1151 2843 timet
1183 2803 1480 2859 eorumque
1509 2787 1826 2859 conjugibus

227 2891 399 2947 atque
419 2879 614 2945 soboli,
642 2896 705 2936 ac
725 2896 830 2952 quo
856 2882 1006 2937 radix
1034 2883 1086 2937 in
1115 2883 1294 2953 plures
1313 2898 1494 2939 ramos
1513 2884 1822 2950 effunditur,

231 2980 386 3024 tanto
410 2971 462 3025 ei
489 2980 540 3026 et
569 2986 818 3027 curarum
849 2973 968 3044 plus
996 2975 1222 3030 accedit.
1255 2974 1454 3030 Horum
1483 2977 1706 3047 singulis
1730 2991 1824 3031 seu

233 3077 580 3115 nummorum
606 3061 835 3132 jactura,
867 3079 962 3119 seu
991 3065 1231 3135 corporis
1264 3065 1530 3132 valetudo,
1559 3081 1651 3121 seu
1680 3067 1824 3121 aliud

232 3151 435 3220 aliquid
479 3153 696 3208 accidat
737 3154 1020 3225 ingratum,
1053 3157 1100 3210 ei
1139 3171 1414 3211 macerare
1450 3169 1510 3211 se
1539 3170 1606 3211 ac
1644 3156 1826 3228 lugere

234 3257 460 3296 necesse
479 3243 585 3298 erit
606 3245 772 3299 nihilo
794 3247 992 3312 minus,
1011 3259 1168 3316 quam
1193 3247 1261 3302 iis
1280 3247 1369 3316 qui
1395 3245 1510 3302 haec
1532 3247 1822 3317 patiuntur.

233 3337 310 3389 Ac
341 3335 388 3389 si
417 3335 637 3406 quidem
665 3353 850 3392 omnes
871 3349 998 3394 ante
1019 3353 1138 3394 eam
1161 3339 1443 3406 decedant,
1473 3340 1826 3397 intolerabilis

233 3428 335 3481 erit
365 3427 545 3482 iactus
563 3443 579 3492 ;
600 3429 682 3483 sin
703 3429 820 3483 aliis
840 3430 1217 3500 superstitibus
1235 3431 1324 3486 alii
1348 3432 1626 3487 immatura
1654 3443 1826 3489 morte

236 3523 536 3590 rapiantur,
570 3537 639 3578 ne
676 3524 754 3578 sic
791 3523 1004 3604 quidem
1050 3525 1297 3581 solatium
1330 3543 1528 3598 purum.
1562 3528 1821 3584 invenias.

235 3611 366 3666 Nam
397 3612 470 3668 de
501 3613 636 3668 vivis
665 3624 837 3672 metus
866 3617 1080 3672 assidue
1106 3618 1334 3673 animam
1363 3621 1615 3675 concicus
1639 3620 1824 3678 dolore

235 3705 302 3759 de
331 3705 561 3759 mortuis
587 3705 726 3761 haud
753 3721 882 3764 sane
902 3708 1072 3765 levior
1090 3718 1201 3771 est;
1235 3711 1360 3780 quin
1383 3711 1426 3766 si
1452 3713 1640 3766 mirutn
1670 3712 1826 3782 quid-

238 3796 356 3850 dam
385 3798 573 3854 dicere
602 3798 682 3853 fas
705 3800 794 3865 sit,
823 3801 982 3856 etiam
1020 3803 1251 3872 gravior.
1284 3801 1414 3856 Nam
1453 3802 1822 3858 defunctorum

239 3902 529 3942 maerorem
575 3897 782 3960 tempus
825 3892 1034 3963 mitigat
1070 3909 1085 3948 :
1129 3891 1196 3948 de
1238 3893 1372 3948 vivis
1413 3894 1822 3950 sollicitudinem

240 3990 497 4047 ναῖκιυο
524 3995 743 4036 manere
771 3993 1000 4052 oportet,
1038 3993 1131 4039 aut
1173 3995 1346 4040 morte
1381 3985 1492 4040 sola
1536 3987 1824 4058 exstingui.

237 4069 391 4133 Quod
430 4071 478 4124 si
516 4086 616 4126 nec
656 4075 885 4143 propriis
927 4075 1082 4130 malis
1120 4075 1434 4142 sufficimus,
1472 4091 1630 4146 quam
1660 4079 1824 4134 vitam

236 4176 484 4232 agemus,
527 4165 752 4220 aliorum
801 4168 1133 4224 calamitates
1172 4169 1354 4239 lugere
1399 4170 1609 4225 coacti?
1650 4169 1826 4227 Multa:

237 4268 389 4322 smpe
427 4253 581 4308 claris
607 4257 896 4325 majoribus
930 4270 1082 4324 ortae,
1118 4259 1399 4315 admodum
1427 4259 1654 4316 delicate
1690 4259 1825 4316 edu-

238 4352 416 4410 catae,
478 4344 593 4400 viro
644 4348 874 4416 cuipiam
926 4351 1238 4418 prmpotenti
1292 4351 1548 4416 elocataa,
1603 4360 1824 4421 repente

241 4434 549 4504 priusquam
599 4436 663 4490 iis
703 4438 864 4492 rebus
902 4440 1148 4507 beentur,
1189 4441 1424 4510 periculo
1465 4441 1644 4512 aliquo
1685 4450 1825 4496 tam-

247 4537 396 4591 quam
431 4525 661 4586 procella
697 4541 761 4580 ac
790 4528 1000 4583 turbine
1029 4529 1290 4598 ingruenti
1317 4539 1370 4584 et
1408 4531 1537 4600 ipsae
1564 4529 1826 4587 demersa:

244 4613 499 4684 naufragii
540 4615 799 4671 malorum
838 4618 1125 4687 participes
1157 4622 1308 4686 fiunt,
1336 4629 1390 4676 et
1429 4636 1547 4691 quae
1591 4621 1825 4692 innupta:

243 4703 384 4758 mille
407 4703 565 4759 bonis
589 4705 918 4776 fruebantur,
949 4719 1126 4779 nuptze
1155 4709 1209 4765 in
1235 4720 1530 4768 extremam
1557 4713 1826 4768 calamita-

245 4805 349 4849 tem
405 4797 679 4853 decidunt.
723 4801 792 4854 At
838 4815 943 4856 non
987 4801 1125 4867 bare,
1183 4805 1372 4875 inquit,
1421 4806 1687 4872 omnibus,
1730 4816 1827 4862 aut

243 4902 458 4957 semper
499 4890 718 4946 evenire
756 4892 953 4948 solent.
984 4893 1168 4964 Neque
1196 4909 1327 4950 vero
1363 4896 1432 4951 ab
1467 4897 1713 4952 omnibus
1741 4913 1827 4953 re-

244 4991 383 5035 mota
409 4991 568 5044 sunt;
598 4993 721 5038 nam
749 4985 994 5054 equidem
1027 5004 1237 5058 quoque
1266 4987 1407 5044 idem
1434 5000 1672 5060 repetam
1693 5007 1708 5056 ;
1731 4991 1824 5046 sed

244 5084 359 5124 cum
392 5073 589 5140 partim
620 5075 737 5127 usui
765 5085 1059 5142 venerunt,
1091 5085 1204 5131 tum
1233 5078 1424 5148 quibus
1452 5079 1572 5133 usui
1601 5095 1708 5135 non
1737 5096 1828 5136 ve-

248 5161 470 5228 nissent,
513 5178 608 5220 eos
645 5166 726 5220 sui
754 5175 902 5222 metu
929 5169 1236 5224 cruciarent
1266 5186 1280 5223 :
1311 5178 1568 5226 ueterum
1597 5171 1746 5244 virgo
1773 5181 1828 5227 et

247 5257 614 5326 experimento
642 5269 696 5313 et
713 5269 861 5316 metu
880 5261 1028 5317 omni
1048 5263 1327 5318 sublimior
1343 5273 1445 5319 est.

315 5349 471 5404 LVII.
502 5348 586 5405 De
609 5354 849 5409 molestiis
877 5371 990 5426 qua:
1024 5372 1140 5409 cum
1174 5356 1310 5410 omni
1350 5356 1669 5411 matrimonio
1709 5373 1828 5411 con-

242 5436 430 5504 itmch
457 5443 576 5498 sint.
607 5473 679 5484 —
705 5445 811 5501 Sed
849 5447 990 5502 enim
1020 5449 1064 5504 si
1095 5447 1288 5520 placet,
1323 5449 1407 5504 his
1445 5449 1679 5517 omissis,
1710 5465 1829 5520 quae

253 5544 428 5587 natura
456 5535 796 5592 matrimonio
825 5540 1017 5597 tributa
1045 5543 1174 5611 sint,
1202 5557 1376 5613 neque
1397 5557 1427 5596 a
1452 5555 1718 5612 quoquam
1745 5558 1830 5596 vo-

254 5618 386 5678 lente
427 5624 647 5683 nolrnte
675 5629 825 5685 vitari
865 5637 1087 5704 possint,
1121 5637 1174 5693 in
1215 5633 1500 5709 prmsentia
1542 5632 1831 5706 pet-lustre-

1565 191 1652 248 DE
1697 191 2158 250 \‘lRGlNiTATE.

3407 194 3514 253 578

1927 323 2065 364 mus.
2094 309 2349 376 Quantam
2377 322 2438 364 ea
2467 309 2627 364 sunt?
2653 307 2874 367 Dolores
2898 317 3101 382 partus,
3127 311 3376 366 intautes.
3408 311 3518 367 bno

1927 415 2057 454 vero
2095 400 2255 454 altius
2288 400 2585 456 orationem
2628 411 2957 472 repetamus,
2993 411 3048 456 ct
3083 417 3202 473 qua:
3238 401 3518 456 matrimo-

1927 491 2073 545 nium
2099 492 2436 559 antccedaut,
2458 501 2716 562 quantum
2738 493 2817 549 fas
2841 503 2924 549 est
2947 508 3332 564 cognoscamus
3353 511 3368 556 ;
3393 509 3513 548 nam

1925 593 2176 639 accurate
2196 584 2294 640 soli
2319 586 2522 654 experti
2543 586 2756 642 callent.
2783 586 2946 642 Adest
2966 588 3353 657 sponsaliorum
3385 599 3518 642 tem-

1928 688 2058 744 pus;
2107 675 2287 744 itaque
2323 676 2563 744 protinus
2596 691 2725 732 cura
2767 691 2964 747 anceps
2993 688 3153 748 atque
3186 677 3328 732 varia
3359 694 3516 748 quem

1926 766 2098 820 virmu
2118 775 2338 836 captura
2367 769 2458 834 sit,
2486 784 2552 823 an
2584 769 2894 837 obscurum,
2917 785 2984 824 an
3006 769 3280 835 infamem,
3303 787 3368 826 an
3397 786 3515 840 per-

1927 858 2189 922 vieacem,
2219 876 2287 913 an
2313 858 2556 915 fallacem
2584 869 2639 916 et
2657 872 3016 932 arrogantem,
3047 879 3115 916 an
3145 863 3424 928 audacem,
3451 881 3518 917 an

1928 952 2256 1022 zelotypum,
2299 969 2366 1007 an
2399 955 2658 1009 trivialem
2700 955 3022 1024 quempiam,
3059 970 3126 1008 an
3171 955 3418 1018 bardum,
3451 971 3519 1009 an

1929 1041 2250 1112 improbum,
2273 1059 2341 1098 an
2366 1045 2580 1112 durum,
2603 1062 2670 1100 an
2700 1045 2992 1102 imbellem.
3021 1047 3148 1101 llatc
3173 1047 3316 1102 enim
3339 1049 3518 1102 omnia

1928 1143 2123 1203 nuptas
2149 1135 2406 1205 consequi
2440 1151 2544 1191 non
2573 1145 2656 1191 est
2685 1151 2930 1204 necesse,
2960 1137 3133 1193 vereri
3153 1138 3329 1192 omnia
3359 1153 3424 1193 ac
3451 1140 3518 1192 ti-

1930 1240 2077 1279 mere
2117 1241 2338 1282 necesse
2377 1238 2462 1283 est
2494 1247 2508 1283 :
2535 1229 2731 1300 quippe
2772 1245 2894 1284 cum
2937 1230 3171 1284 nondum
3213 1239 3418 1286 certum
3447 1232 3517 1284 sit

1929 1333 2088 1388 quem
2117 1319 2186 1374 sit
2211 1321 2483 1384 sortitura,
2509 1321 2602 1377 sed
2629 1322 2802 1378 adhuc
2827 1337 2922 1392 spe
2949 1331 3217 1392 tamquam
3245 1338 3276 1376 e
3302 1323 3519 1378 sublimi

1931 1411 2247 1468 imminente
2287 1412 2496 1467 animus
2521 1414 2698 1468 omnia
2741 1425 2895 1484 pavet
2936 1429 3000 1470 ac
3041 1413 3311 1478 formidat,
3344 1429 3520 1484 neque

1933 1500 2119 1557 borum
2147 1503 2436 1574 quidquam
2461 1512 2543 1557 est
2569 1505 2709 1574 quod
2743 1520 2850 1558 non
2877 1505 3095 1574 cogitet.
3124 1505 3217 1560 Sin
3242 1506 3390 1559 dicat
3415 1505 3518 1558 ali-

1930 1595 2069 1665 quis,
2098 1608 2217 1648 eam
2246 1605 2644 1664 exspectantem
2670 1595 2938 1650 contraria
2962 1595 3130 1650 laetari
3152 1596 3312 1650 etiam
3337 1609 3517 1664 posse,

1929 1687 2066 1741 sciat
2087 1700 2192 1740 non
2220 1693 2328 1740 tam
2356 1699 2454 1740 nos
2479 1686 2742 1741 bonorum
2775 1701 2926 1756 spem
2953 1686 3135 1749 solari,
3160 1701 3322 1756 quam
3349 1685 3520 1740 malo-

1930 1792 2054 1832 rum
2092 1786 2290 1834 metum
2333 1792 2552 1848 angere.
2595 1777 2727 1832 Nam
2769 1778 2909 1833 bona
2952 1778 3166 1834 demum
3213 1793 3334 1833 cum
3370 1789 3521 1834 certo

1931 1878 2236 1938 sperantur,
2264 1869 2588 1939 voluptatem
2613 1871 2856 1938 pariunt;
2884 1871 3042 1935 mala,
3067 1870 3155 1924 ubi
3178 1869 3259 1925 vel
3285 1869 3522 1939 suspicio

1933 1960 2022 2024 sit,
2052 1959 2324 2030 extemplo
2352 1969 2585 2015 mentem
2617 1961 2948 2015 confundunt
2988 1975 3052 2015 ac
3082 1960 3417 2030 perturbant.
3452 1960 3522 2016 Ut

1931 2052 2072 2107 enim
2113 2052 2380 2122 mancipia
2407 2052 2475 2107 de
2502 2052 2692 2106 futuris
2735 2052 2880 2106 heris
2909 2053 3110 2108 incerta
3145 2054 3324 2106 animo
3362 2053 3518 2122 quie-

1930 2155 2080 2197 scere
2105 2156 2210 2196 non
2236 2151 2455 2211 possunt
2479 2159 2492 2196 :
2521 2141 2590 2196 ita
2612 2150 2666 2198 et
2689 2143 2950 2212 virginum
2973 2157 3145 2208 mens,
3171 2159 3237 2198 ex
3255 2159 3360 2212 quo
3382 2142 3518 2198 facta

1929 2233 2148 2303 sponsio
2177 2243 2281 2298 est,
2304 2232 2614 2289 fluctuantis
2639 2235 2833 2305 navigii
2861 2235 3050 2290 similis
3078 2244 3182 2301 est,
3207 2235 3518 2304 parentibus

1931 2324 1983 2378 iu
2005 2325 2120 2379 dies
2140 2326 2274 2379 alios
2298 2325 2672 2392 retinentibus,
2705 2326 2843 2380 alios
2862 2325 3216 2395 exigentibus.
3245 2325 3377 2380 Nam
3400 2324 3517 2380 heri

1931 2416 2187 2471 victorem
2219 2431 2440 2486 procum
2469 2417 2628 2473 hodie
2667 2417 2836 2488 gratia
2875 2417 3042 2472 vincit
3078 2417 3236 2483 alius,
3277 2427 3333 2473 et
3374 2417 3516 2472 hunc

1930 2524 2140 2563 rursum
2161 2509 2406 2564 exturbat
2431 2509 2589 2563 alius.
2617 2508 2755 2577 Quin
2784 2509 3097 2579 plerumque
3125 2509 3175 2562 in
3199 2508 3316 2578 ipso
3336 2509 3518 2562 matri-

1932 2598 2095 2653 monii
2131 2607 2403 2668 tamquam
2434 2598 2637 2664 limine,
2673 2598 2762 2669 qui
2792 2612 3021 2669 sponsus
3045 2608 3303 2668 speretur,
3337 2599 3521 2653 vacuis

1929 2692 2175 2748 manibus
2205 2692 2451 2757 discedit,
2484 2693 2657 2762 puclla
2688 2707 2717 2746 a
2755 2693 3065 2762 parentibus
3094 2694 3364 2762 insperato
3392 2692 3517 2750 cui-

1931 2784 2071 2853 piam
2105 2783 2314 2837 tradita.
2343 2783 2451 2840 Nec
2477 2783 2688 2840 feminte
2711 2784 2905 2849 solum,
2936 2783 3030 2840 sed
3054 2785 3215 2840 etiam
3237 2785 3336 2839 viri
3362 2800 3516 2840 accr-

1929 2873 2028 2929 bas
2054 2889 2210 2929 curas
2251 2875 2468 2929 habent.
2511 2873 2566 2928 lu
2605 2873 2704 2930 bos
2748 2889 2977 2944 namque
3019 2874 3329 2944 perquirere
3363 2875 3519 2931 facile

1929 2975 2034 3033 est;
2063 2967 2204 3022 illius
2233 2982 2362 3022 vero
2389 2982 2510 3036 qua:
2537 2966 2753 3022 assidue
2792 2967 2936 3021 intus
2970 2966 3222 3020 conclusa
3252 2975 3512 3029 teneatur,

1929 3072 2110 3114 mores
2137 3069 2298 3129 atque
2327 3057 2552 3113 formam
2593 3065 2699 3128 quo
2727 3066 2884 3127 pacto
2912 3058 3314 3128 exploraveris?
3341 3060 3517 3128 Atque

1930 3147 2048 3204 haec
2073 3148 2290 3218 quidem
2319 3147 2653 3217 sponsalium
2682 3156 2944 3217 tempore.
2971 3148 3042 3202 At
3069 3147 3155 3201 ubi
3179 3146 3290 3217 jam
3318 3157 3521 3218 praesto

1929 3246 2014 3294 est
2039 3237 2362 3293 matrimonii
2403 3245 2648 3308 tempus,
2675 3237 2872 3293 crescit
2913 3237 3248 3305 sollicitudo,
3276 3253 3340 3293 ac
3368 3238 3517 3292 volu—

1929 3340 2074 3401 ptate
2093 3333 2264 3400 major
2288 3341 2459 3387 metus
2479 3339 2582 3398 est,
2612 3346 2680 3387 ne
2707 3345 2772 3386 ex
2801 3345 2870 3386 eo
2895 3330 3013 3401 ipso
3053 3345 3278 3400 vespere
3305 3331 3512 3402 ingrata

1929 3430 1986 3478 et
2008 3422 2176 3476 multo
2200 3423 2598 3492 exspectatione
2620 3421 2860 3478 deterior
2884 3421 3150 3477 videatur.
3179 3421 3392 3477 Etenim
3436 3422 3518 3477 iu-

1931 3515 2028 3570 itio
2055 3515 2324 3576 laudatam
2346 3523 2467 3586 post
2493 3515 2786 3581 contemni,
2806 3515 3084 3570 ferendum
3115 3525 3227 3580 est;
3249 3523 3308 3569 at
3331 3529 3455 3570 cum
3484 3531 3514 3568 a

1932 3607 2180 3664 curriculi
2205 3607 2529 3670 carceribus,
2563 3618 2621 3661 ut
2648 3607 2718 3661 ita
2744 3607 2944 3672 dicam,
2975 3604 3191 3660 fastidio
3216 3619 3338 3661 esse
3363 3605 3519 3661 vide-

1933 3710 2038 3765 tur,
2079 3698 2294 3770 quando
2331 3698 2530 3768 suspici
2578 3699 2808 3768 poterit?
2854 3698 3036 3768 Neque
3084 3697 3171 3753 hic
3212 3697 3341 3752 mihi
3385 3697 3516 3752 illud

1929 3806 2313 3856 commemora,
2353 3791 2490 3859 Quid
2529 3805 2676 3857 vero,
2718 3791 2762 3846 si
2807 3790 2979 3861 lepida
3023 3791 3125 3844 sit?
3169 3804 3289 3845 nam
3331 3805 3399 3846 ne
3439 3791 3520 3845 sic

1927 3885 2144 3955 quidem
2165 3899 2292 3939 cura
2315 3884 2415 3938 hac
2439 3883 2611 3938 soluta
2637 3892 2693 3940 et
2713 3883 2882 3938 libera
2908 3891 3010 3938 est.
3035 3883 3210 3938 Multa:
3233 3884 3376 3939 enim
3396 3897 3516 3938 cor-

1929 3979 2076 4049 poris
2095 3985 2375 4033 venustate
2390 3975 2678 4032 admodum
2697 3975 3001 4046 conspicuae
3020 3977 3164 4030 viros
3179 3990 3304 4030 suos
3323 3990 3519 4045 capere

1929 4069 2304 4141 nequiverunt,
2335 4067 2428 4124 sed
2459 4068 2493 4122 ii
2519 4068 2638 4124 aliis
2666 4068 2824 4139 longe
2854 4083 2914 4123 se
2939 4066 3280 4122 inferioribus
3317 4066 3513 4121 addicti

1929 4160 2074 4230 ipsas
2114 4160 2463 4229 reliquerunt.
2492 4157 2611 4214 Jam
2639 4173 2702 4214 ea
2743 4158 2903 4214 etiam
2939 4171 3066 4212 cura
3107 4156 3378 4225 expedita,
3407 4155 3513 4209 alia

1929 4267 2140 4307 rursum
2181 4251 2404 4306 molesta
2433 4249 2672 4305 succedit
2708 4249 2762 4303 in
2797 4247 2938 4303 dotis
2978 4245 3250 4316 pensione,
3288 4260 3498 4311 socero,

1929 4343 2082 4413 quasi
2105 4344 2269 4413 gratis
2298 4351 2564 4408 numeret,
2588 4339 2728 4394 haud
2758 4353 2887 4394 sane
2905 4338 3135 4394 comiter
3159 4337 3434 4401 reddente,
3461 4348 3516 4393 et

1929 4450 2147 4506 sponso,
2175 4435 2265 4506 qui
2295 4443 2463 4489 totum
2501 4432 2733 4488 nancisci
2771 4431 3014 4499 studeat,
3045 4445 3167 4486 cum
3198 4429 3517 4486 verecundia

1930 4528 2142 4598 exigere
2166 4535 2375 4590 coacto,
2399 4535 2454 4580 et
2483 4539 2615 4580 nova
2646 4535 2811 4594 nupta
2836 4523 3116 4579 solutionis
3141 4522 3395 4578 dilatione
3417 4539 3516 4594 pu-

1929 4620 2159 4687 defacta,
2187 4618 2357 4674 virum
2401 4618 2592 4688 quovis
2629 4617 2871 4688 improbo
2900 4617 3139 4672 debitore
3168 4617 3336 4688 magis
3362 4632 3517 4673 reve-

1930 4723 2082 4767 reute
2114 4728 2129 4765 :
2160 4726 2279 4781 quae
2307 4711 2460 4764 mitto
2503 4709 2556 4764 in
2588 4710 2890 4780 prtesentia.
2931 4711 3001 4765 At
3037 4710 3178 4764 enim
3221 4709 3321 4764 hac
3347 4711 3522 4765 soluta

1929 4819 2081 4870 cura,
2129 4803 2384 4858 continuo
2430 4801 2724 4856 sterilitatis
2765 4808 2938 4855 metus
2986 4799 3216 4869 ingruit;
3262 4809 3520 4869 praeterea

1929 4902 2108 4949 autem
2128 4901 2182 4948 et
2210 4893 2436 4962 prolium
2472 4890 2782 4960 frequentiae
2820 4890 3059 4944 anxietas
3091 4906 3104 4942 :
3137 4904 3312 4960 neque
3346 4887 3521 4943 adhuc

1930 4985 2124 5042 borum
2155 5000 2421 5056 quoquam
2459 4984 2755 5055 explorato,
2787 4991 3069 5052 utramque
3094 4982 3146 5037 in
3175 4991 3378 5052 partem
3406 4981 3518 5050 jam

1931 5080 2056 5136 inde
2079 5079 2148 5134 ab
2173 5079 2322 5134 initio
2345 5079 2646 5134 turbantur.
2671 5074 2825 5143 Quod
2845 5075 2888 5131 si
2911 5075 3060 5130 brevi
3087 5083 3296 5129 uterum
3322 5081 3519 5143 gestet,

1931 5187 2144 5232 rursum
2165 5187 2286 5228 cum
2327 5181 2531 5227 terrore
2564 5170 2782 5236 lzetitia;
2815 5168 2948 5226 nihil
2967 5177 3050 5224 est
3078 5167 3220 5225 enim
3241 5167 3520 5221 matrimo-

1932 5267 2006 5322 nii
2050 5267 2313 5321 bonorum
2361 5277 2587 5317 vacuum
2636 5270 2873 5328 terrore;
2924 5270 3121 5326 terror,
3169 5258 3406 5329 inquam,
3454 5273 3522 5313 ne

1932 5359 2120 5413 abortu
2147 5354 2413 5410 incidente
2449 5365 2502 5409 et
2541 5353 2678 5424 quod
2707 5361 3020 5424 conceptum
3063 5359 3146 5406 est
3187 5351 3437 5412 intereat.
3465 5360 3521 5406 ct

1932 5447 2148 5520 gravida
2190 5447 2242 5502 in
2281 5456 2578 5502 extremum
2607 5445 2892 5501 discrimen
2920 5442 3118 5500 veniat.
3173 5441 3267 5498 Sin
3295 5441 3517 5496 multum

1933 5541 2191 5612 temporis
2233 5539 2462 5604 intersit,
2501 5553 2636 5592 uxor
2664 5537 2869 5592 hiscere
2909 5549 3014 5590 non
3044 5533 3240 5601 audet,
3271 5531 3423 5604 quasi
3450 5533 3519 5586 sit

1935 5631 2134 5687 arbitra
2162 5631 2273 5703 ipsa
2305 5627 2564 5701 pariendi.
2594 5627 2782 5684 Partus
2809 5635 2988 5682 autem
3017 5623 3521 5692 momentoimpcn—
