4056 6208
565 251 669 307 579
1329 244 1384 300 s.
1428 241 1705 300 JOANNIS
1741 234 2220 296 cnnvsosrom
2259 237 2576 296 ARClllEP.
2618 240 3153 302 CONSTANTINOP.

553 365 712 418 dente
752 362 928 417 alvum
969 371 1115 416 tanto
1154 362 1261 429 jam
1295 369 1535 428 tempore
1577 355 1881 410 afﬂictatam
1921 352 2135 408 dolores

552 457 894 523 disrumpunt
932 467 994 506 ac
1021 451 1298 514 divelluut,
1328 449 1416 517 qui
1449 447 1533 501 vel
1562 445 1662 500 soli
1703 459 1915 499 onmem
1957 443 2139 498 matri-

553 545 715 600 monii
768 546 1090 614 voluptatem
1129 543 1407 598 offuscent.
1450 538 1584 607 Quin
1632 547 1685 593 et
1727 538 1846 592 alia:
1887 537 2137 605 deinceps

550 651 695 690 cura:
737 651 855 690 eam
900 634 1206 688 sollicitant.
1247 629 1457 684 Etenim
1502 628 1693 683 misera
1737 637 1792 682 et
1837 641 2136 681 aerumnosa

553 725 747 793 puella,
783 725 880 779 etsi
916 721 1378 779 vehementissime
1422 721 1485 774 iis
1521 719 1841 773 cruciatibus
1883 717 2134 782 distenta,

551 817 716 871 nihilo
746 817 828 869 his
857 815 1029 869 minus
1061 812 1328 875 formidat,
1363 828 1429 865 ne
1459 826 1554 880 pro
1581 810 1816 880 perfecto
1841 818 1895 862 et
1929 809 2137 877 integro

552 907 775 960 vitiosus
817 915 975 973 atque
1015 905 1232 959 mutilus
1261 903 1434 958 infans
1463 901 1704 972 prodeat,
1746 916 1814 954 ne
1857 913 1954 968 pro
1990 912 2136 953 mare

553 1000 766 1050 femina.
801 996 980 1066 Neque
1008 997 1150 1050 enim
1189 995 1302 1050 haec
1341 1009 1433 1049 eas
1461 991 1760 1047 sollicitudo
1801 991 1968 1046 levius
1999 998 2132 1054 tum,

551 1102 718 1159 quam
761 1087 996 1150 dolores,
1043 1095 1289 1149 exercet;
1331 1101 1448 1155 qua:
1492 1100 1599 1140 non
1651 1083 1808 1138 modo
1851 1086 1901 1136 in
1945 1081 2136 1151 quibus

551 1190 745 1231 noxam
791 1180 1147 1243 committant,
1197 1178 1292 1234 sed
1338 1178 1496 1234 etiam
1549 1177 1601 1230 in
1645 1175 1838 1246 quibus
1887 1177 2062 1227 absint
2103 1186 2134 1226 a

553 1269 730 1339 culpa,
756 1269 806 1322 in
838 1268 922 1322 bis
948 1285 1053 1324 non
1081 1271 1257 1324 minus
1285 1284 1444 1338 quam
1475 1268 1526 1321 in
1558 1267 1662 1322 illis
1690 1267 1832 1320 viros
1863 1272 2131 1328 metuant;

553 1359 604 1412 in
645 1376 816 1430 eaque
857 1369 1168 1431 tempestate
1211 1362 1394 1416 salutis
1429 1375 1539 1415 sua:
1583 1359 1759 1413 studio
1800 1359 2020 1418 omisso,
2067 1369 2136 1410 ne

552 1451 678 1521 quid
721 1454 836 1507 viro
875 1455 1085 1509 accidat
1123 1455 1410 1525 ingratum,
1442 1461 1716 1508 verentur.
1746 1451 1863 1506 Jam
1906 1449 2051 1504 edito
2079 1448 2132 1502 in

551 1557 713 1598 auras
754 1541 973 1609 infante,
1005 1560 1069 1599 ac
1097 1547 1319 1616 primam
1353 1559 1537 1599 vocem
1563 1543 1744 1607 effeto,
1775 1542 1893 1596 alia:
1921 1554 2132 1595 rursum

551 1648 694 1687 cura-
715 1636 986 1704 excipiunt
1007 1637 1386 1691 incolumitatis
1409 1648 1567 1706 atque
1592 1633 1940 1690 educationis.
1972 1631 2028 1687 Si
2055 1631 2135 1685 iu-

551 1726 673 1782 dole
699 1738 780 1782 est
811 1728 1014 1783 liberali
1043 1739 1097 1784 et
1125 1729 1190 1784 ad
1217 1731 1464 1784 virtutem
1489 1739 1818 1800 comparata,
1848 1729 2040 1781 iterum
2078 1725 2133 1780 in

553 1825 697 1870 metu
725 1829 990 1887 parentes,
1016 1836 1082 1875 ne
1112 1821 1236 1890 quid
1259 1822 1532 1875 sinistrum
1560 1821 1812 1890 patiatur,
1846 1834 1912 1873 ne
1941 1819 2132 1871 imma-

553 1918 670 1962 tura
710 1921 884 1966 morte
923 1912 1100 1979 obeat,
1142 1929 1210 1968 ne
1248 1914 1300 1968 in
1338 1914 1521 1968 vitium
1556 1911 1768 1982 aliquod
1807 1911 2129 1980 degeneret;

553 2017 673 2055 nam
700 2019 804 2058 non
827 2005 997 2058 solum
1026 2021 1089 2058 ex
1120 2005 1374 2073 improbis
1402 2005 1574 2075 probi,
1602 2005 1695 2059 sed
1723 2005 1881 2058 etiam
1912 2018 1977 2058 ex
2009 2017 2133 2072 pro-

552 2092 633 2146 bis
660 2094 885 2162 improbi
915 2111 978 2150 ac
1017 2095 1262 2166 flagitiosi
1302 2096 1453 2150 fiunt.
1485 2097 1722 2164 Quorum
1754 2097 1798 2150 si
1838 2094 1964 2166 quid
2003 2107 2131 2148 eve-

555 2187 665 2240 niat
690 2187 937 2254 invisum,
970 2189 1354 2246 intolerabilius
1393 2191 1590 2245 malum
1626 2199 1727 2254 est,
1759 2205 1916 2260 quam
1947 2188 1990 2243 si
2017 2187 2134 2244 hic

551 2279 616 2333 ab
646 2279 794 2333 initio
811 2282 1190 2352 contigissent:
1215 2283 1295 2337 sin
1317 2283 1495 2336 omnia
1517 2283 1570 2336 in
1598 2297 1663 2337 eo
1691 2282 1942 2352 przeclara
1962 2280 2131 2334 stabi-

551 2371 616 2424 lia
639 2385 1000 2441 pcrmaueaut,
1016 2385 1071 2429 at
1085 2376 1389 2430 mutationis
1411 2376 1567 2430 timor
1581 2375 1792 2430 assidue
1810 2381 2004 2444 prmsto
2025 2381 2128 2438 est,

551 2476 826 2533 parentum
850 2467 1057 2522 animos
1084 2482 1304 2521 versans
1325 2481 1676 2536 magnamque
1701 2465 1987 2534 voluptatis
2013 2479 2132 2533 par-

549 2566 654 2610 tem
695 2556 1036 2612 detruncans.
1084 2559 1154 2612 At
1193 2573 1299 2613 non
1342 2559 1590 2612 omnibus
1629 2559 1832 2612 maritis
1870 2557 2132 2627 contingit

547 2647 746 2701 liberos
776 2647 994 2702 habere.
1024 2649 1205 2718 Itaque
1243 2649 1372 2702 mihi
1411 2649 1570 2703 aliam
1611 2663 1822 2703 rursum
1861 2647 2125 2717 inquietu-

545 2735 684 2790 diuis
709 2751 926 2791 causam
968 2752 1172 2792 narras.
1197 2737 1372 2805 Quare
1401 2739 1446 2792 si
1481 2748 1538 2792 et
1566 2738 1826 2807 susceptis
1856 2737 2038 2792 liberis
2065 2751 2129 2792 ac

547 2841 651 2879 non
675 2827 959 2896 susceptis,
989 2837 1042 2882 et
1066 2828 1243 2897 probis
1263 2843 1325 2882 ac
1345 2827 1640 2898 ﬂagitiosis,
1669 2827 1833 2881 variis
1853 2825 2127 2881 doloribus

544 2925 704 2986 atque
725 2917 866 2971 euris
891 2919 1250 2985 continentur,
1276 2920 1415 2974 unde
1437 2920 1546 2989 jam
1572 2934 1734 2992 porro
1758 2918 2125 2974 suavissimam

543 3009 826 3080 conjugum
866 3013 1030 3066 vitam
1077 3013 1423 3068 vocabimus?
1452 3013 1568 3068 Jam
1611 3013 1656 3068 si
1696 3012 1964 3083 conjugati
1993 3027 2124 3067 con-

542 3103 734 3158 cordes
770 3104 932 3159 vitam
973 3106 1205 3178 exigant,
1245 3106 1472 3161 formido
1499 3107 1600 3161 erit
1642 3122 1711 3162 ne
1739 3107 1952 3162 irruens
1981 3121 2126 3162 mors

541 3193 868 3262 voluptatem
918 3195 1169 3266 dissipet;
1222 3197 1332 3251 imo
1382 3212 1508 3252 vero
1557 3212 1663 3252 non
1715 3197 1943 3252 formido
1986 3197 2121 3262 erit,

543 3300 714 3355 neque
756 3285 810 3340 id
858 3287 1055 3342 malum
1095 3289 1443 3344 metuendum
1483 3289 1760 3344 dumtaxat
1802 3288 1979 3353 fuerit,
2027 3287 2122 3343 sed

541 3376 761 3430 omnino
800 3378 1090 3432 necessitas
1118 3380 1221 3434 erit
1258 3379 1542 3450 aliquando
1578 3380 1631 3434 in
1658 3388 1832 3435 actum
1869 3379 2118 3451 prodire;

541 3483 700 3521 nemo
715 3469 856 3522 enim
875 3470 1047 3538 potuit
1070 3478 1351 3543 utrumque
1371 3487 1478 3527 uno
1498 3472 1586 3528 die
1605 3473 1921 3528 exstinctum
1943 3480 2124 3528 osten-

539 3557 684 3612 dere.
715 3559 867 3624 Quod
891 3561 934 3615 si
959 3576 1064 3615 non
1081 3563 1372 3633 contingat,
1400 3563 1541 3634 quod
1563 3574 1805 3634 superest
1828 3564 2122 3619 necessitas

538 3651 639 3702 erit
670 3651 749 3704 vel
789 3662 960 3707 morte
997 3654 1322 3710 acerbiorem
1367 3657 1526 3710 vitam
1571 3658 1857 3723 sustinere,
1898 3672 1992 3713 seu
2030 3658 2120 3713 diu

540 3756 656 3795 cum
700 3756 761 3796 ea
790 3747 1087 3812 consuevit,
1119 3760 1214 3801 seu
1259 3763 1468 3817 parum.
1509 3747 1639 3802 Nam
1683 3747 1770 3802 ille
1809 3764 1916 3818 quo
1952 3751 2118 3819 magis

538 3831 830 3898 periculum
878 3834 1023 3896 fecit,
1051 3851 1118 3890 eo
1148 3837 1406 3906 majorem
1447 3837 1604 3893 habet
1643 3837 1917 3904 dolorem,
1962 3840 2117 3910 longa

535 3925 920 3981 consuetudine
969 3928 1306 3985 intolerabile
1353 3931 1632 3985 dissidium
1681 3931 1939 3985 reddente
1981 3948 1994 3983 :
2029 3931 2116 3985 hic

535 4016 840 4086 priusquam
868 4031 1102 4073 amorem
1123 4021 1419 4091 gustaverit
1442 4037 1504 4076 ac
1525 4023 1840 4089 expleverit,
1871 4020 2114 4080 fervente

533 4106 706 4162 adhuc
748 4108 1014 4164 desiderio
1054 4126 1116 4166 ea
1161 4112 1436 4182 spoliatus,
1484 4112 1712 4181 idipsum
1744 4113 2113 4169 vehementius

535 4199 707 4270 luget;
737 4209 898 4270 atque
920 4217 983 4256 ex
1005 4203 1286 4257 contrariis
1305 4204 1478 4259 causis
1503 4205 1685 4259 eadem
1712 4213 1933 4274 uterque
1954 4205 2113 4261 mise-

533 4291 607 4344 ria
639 4300 862 4345 tenetur.
894 4291 1028 4360 Quid
1055 4292 1163 4362 jam
1203 4293 1407 4359 dicam,
1438 4309 1557 4364 quae
1592 4294 1805 4350 interim
1847 4293 2108 4362 incidunt,

530 4383 911 4450 separationes,
948 4383 1226 4439 diuturnas
1267 4386 1740 4456 peregrinationes,
1781 4402 2008 4456 angores
2046 4388 2110 4442 iis

529 4471 862 4539 conjunctos,
892 4474 1144 4528 morbos?
1172 4475 1308 4542 Quid
1336 4476 1436 4531 hoc
1463 4477 1529 4532 ad
1559 4477 1995 4532 matrimonium?
2023 4479 2106 4531 in-

527 4561 660 4628 quit.
689 4558 847 4616 Ccrte
876 4565 1055 4618 multae
1081 4580 1224 4635 smpe
1243 4566 1360 4635 ejus
1389 4581 1551 4636 opera
1576 4567 1942 4636 aegritudinem
1973 4582 2105 4623 con-

531 4661 803 4708 traxcrunt
840 4672 852 4707 :
896 4655 1086 4725 injuria
1131 4658 1272 4712 enim
1317 4657 1521 4713 affecta:
1563 4668 1616 4713 et
1655 4660 1875 4714 irritata:
1913 4661 2102 4728 partim

529 4743 624 4808 ira,
661 4745 848 4812 partim
882 4762 1131 4812 iizterore,
1158 4750 1376 4818 gravem
1420 4750 1606 4804 febrim
1641 4751 1996 4804 concitarunt.
2025 4751 2103 4806 Ac

524 4838 768 4903 quamvis
807 4853 872 4892 eo
902 4850 1164 4908 praesente
1203 4840 1333 4894 nihil
1374 4840 1633 4910 ejusmodi
1675 4842 1963 4912 patiantur,
2005 4843 2100 4898 scd

525 4924 660 4980 [ιρίιὶ
697 4938 952 4997 perpetuo
980 4937 1210 4993 utantur,
1248 4930 1770 5000 peregrinationibus
1797 4932 1849 4987 in
1877 4948 1937 4987 ea
1962 4933 2100 4989 mala

523 5032 732 5072 rursum
776 5031 1060 5088 coguntur.
1102 5020 1206 5077 Sed
1248 5020 1361 5076 hmc
1405 5023 1582 5076 omnia
1628 5023 1790 5078 missa
1821 5024 2095 5096 faciamus,

522 5122 620 5162 nec
657 5110 1052 5165 matrimonium
1078 5111 1351 5182 culpemus
1385 5129 1398 5167 :
1437 5121 1493 5166 at
1535 5128 1640 5168 non
1680 5114 1781 5169 hoc
1818 5130 1968 5185 teque
1995 5116 2098 5170 cri-

526 5212 645 5252 men
677 5199 910 5270 effugere
951 5202 1138 5268 possit.
1177 5200 1494 5267 Quodnam?
1535 5201 1686 5270 Quod
1725 5218 1910 5260 sanum
1951 5221 2096 5275 :rgro

520 5287 684 5340 nihilo
725 5290 912 5345 melius
941 5291 1188 5345 affectum
1225 5291 1488 5358 demittat,
1535 5293 1630 5348 sed
1667 5294 1732 5349 ad
1775 5309 1954 5365 parem
1997 5294 2094 5351 de-

515 5378 784 5433 cumbenti
814 5382 1230 5451 inquietudinem
1263 5384 1569 5453 compellat.

588 5472 766 5526 LVIII.
813 5474 1191 5531 Matrimonium
1219 5477 1332 5531 licet
1360 5494 1530 5533 omnes
1573 5478 1802 5534 miserias
1843 5477 2050 5550 effugiat
2073 5521 2088 5546 ,

515 5563 640 5616 nihil
671 5580 902 5633 magnum
925 5567 1359 5624 habere—Visne
1390 5568 1504 5623 hzec
1524 5570 1678 5622 etiam
1701 5580 1886 5625 cuncta
1916 5569 2093 5624 dimit-

513 5662 718 5724 tamus,
760 5669 822 5709 ac
849 5671 964 5726 qua:
995 5657 1108 5714 fieri
1146 5670 1408 5730 nequeant
1457 5675 1814 5732 supponamus
1836 5703 1849 5724 .
1891 5670 1946 5716 et
1975 5675 2088 5717 ma-

3696 256 3784 313 580

2247 353 2550 409 trimonium
2598 355 2790 412 demus
2840 359 3017 412 omnia
3063 359 3222 414 simul
3265 359 3400 416 bona
3439 362 3785 435 complexum,

2240 445 2447 514 prolem
2487 462 2826 502 numerosam
2855 489 2872 516 ,
2910 451 3074 505 scitos
3099 451 3293 507 liberos
3321 493 3338 519 ,
3367 468 3491 522 opes
3515 495 3530 519 ,
3561 464 3787 511 matrem»

2243 533 2467 591 familias
2494 536 2626 607 frugi
2651 579 2666 602 ,
2698 537 2985 594 formosam
3007 582 3022 606 ,
3051 551 3319 598 strenuam
3341 585 3356 608 ,
3379 545 3758 600 consensionem
3773 589 3786 612 ,

2243 624 2536 696 longazvam
2587 631 2955 686 senectutem?
2999 632 3138 688 addo
3167 643 3220 688 et
3245 635 3454 704 generis
3489 635 3787 702 claritatem,

2241 726 2296 771 et
2336 719 2583 788 potentize
2625 722 3040 788 magnitudinem
3073 742 3087 778 :
3140 739 3238 778 nec
3273 721 3354 779 vel
3397 739 3667 781 commune
3706 727 3790 781 hoc

2242 818 2444 863 natura:
2471 811 2671 870 malum
2701 827 2796 868 eos
2837 814 3120 878 sollicitet,
3153 814 3341 870 harum
3381 831 3554 870 rerum
3596 832 3784 872 convcr-

2241 899 2409 954 sionis
2433 900 2658 956 formido
2674 941 2691 969 ,
2731 904 2827 958 sed
2852 905 3025 958 omnis
3053 907 3298 960 mmroris
3317 948 3330 970 ,
3359 908 3532 962 omnis
3555 917 3716 964 metus
3741 924 3792 963 ac

2240 1006 2491 1048 curarum
2541 1008 2698 1049 eausa
2725 1000 3016 1066 proscripta
3065 999 3164 1063 sit,
3211 1014 3383 1069 neque
3429 1008 3518 1052 aut
3558 999 3656 1053 alia
3703 1000 3791 1054 ulla

2241 1083 2354 1147 vis,
2396 1092 2488 1137 aut
2532 1100 2678 1139 mors
2721 1087 3000 1141 immatura
3029 1091 3421 1144 matrimonium
3449 1090 3683 1152 dirimat.
3711 1091 3790 1144 sed

2240 1190 2357 1230 eam
2387 1192 2599 1246 quoque
2627 1194 2814 1235 onmes
2842 1180 3032 1235 eodem
3069 1181 3156 1236 die
3185 1182 3379 1236 obeant
3401 1223 3416 1248 ,
3453 1193 3542 1236 aut
3573 1182 3703 1252 quod
3737 1197 3795 1236 eo

2239 1265 2398 1334 longe
2425 1266 2740 1323 fortunatius
2770 1270 3010 1337 videtur,
3052 1271 3200 1326 liberi
3230 1272 3468 1327 hzrredes
3513 1273 3792 1342 supersint,

2239 1366 2511 1424 parentem
2536 1368 2822 1430 utrumque
2860 1361 2911 1414 in
2941 1371 3177 1417 extrema
3203 1372 3476 1417 senectute
3501 1363 3652 1417 simul
3675 1379 3794 1432 pra:-

2238 1448 2452 1502 mittant
2480 1467 2493 1503 :
2520 1465 2677 1519 quem
2711 1451 2926 1507 tandem
2969 1452 3128 1507 finem
3168 1463 3594 1524 consequentur,
3622 1463 3673 1508 et
3703 1469 3794 1523 quo

2237 1535 2450 1592 demum
2481 1556 2546 1594 ex
2573 1540 2673 1596 hac
2702 1552 2845 1597 tanta
2870 1543 3139 1614 voluptate
3167 1555 3390 1614 accepto
3419 1545 3760 1606 emolumento
3779 1585 3793 1609 ,

2237 1641 2303 1682 eo
2343 1629 2664 1687 discedent?
2712 1633 2845 1688 Nam
2876 1635 3072 1690 multos
3115 1636 3312 1692 liberos
3340 1636 3648 1707 reliquisse,
3676 1649 3792 1690 uxo-

2236 1734 2349 1774 rem
2378 1735 2655 1779 venustam
2695 1742 2817 1782 cum
2863 1727 3068 1783 deliciis
3095 1729 3412 1800 ueterisque
3432 1730 3674 1784 omnibus
3693 1743 3795 1798 qua

2234 1809 2346 1880 jam
2387 1817 2666 1883 percensui
2699 1828 2986 1884 tractasse,
3019 1824 3086 1874 ad
3133 1831 3404 1877 senectam
3449 1822 3654 1892 longam
3690 1835 3793 1874 eva-

2235 1904 2391 1970 sisse,
2424 1908 2612 1977 ecquid
2644 1911 2798 1966 nobis
2819 1911 2886 1966 ad
2930 1913 3157 1968 tribunal
3187 1914 3313 1969 illud
3358 1915 3590 1985 pnesidii
3628 1913 3797 1968 aﬂ'erre

2237 1997 2435 2065 possit,
2491 1999 2542 2053 in
2595 2001 2736 2056 veris
2788 2003 3105 2074 teternisque
3150 2004 3362 2060 rebus?
3423 2004 3584 2060 Nihil.
3636 2002 3800 2072 itaque

2236 2087 2423 2144 umbra
2468 2099 2591 2145 sunt
2621 2091 2774 2160 hmo,
2818 2104 2976 2163 atque
3015 2097 3318 2162 somnium;
3371 2098 3567 2168 quippe
3609 2109 3721 2150 eum
3753 2093 3798 2148 in

2236 2180 2557 2248 perennibus
2599 2181 2702 2237 illis
2749 2185 2993 2251 smculis,
3044 2200 3163 2254 qua:
3211 2194 3324 2240 tum
3375 2201 3476 2242 nos
3520 2185 3798 2255 excipient,

2234 2269 2364 2324 nihil
2391 2285 2456 2324 ex
2484 2269 2568 2326 his
2596 2271 2796 2327 fructus
2815 2315 2829 2338 ,
2857 2275 2984 2328 nihil
3011 2275 3185 2329 solatii
3228 2276 3557 2344 Sperandum
3584 2275 3682 2340 sit;
3719 2274 3798 2343 qui

2235 2358 2319 2413 his
2359 2361 2554 2428 potitus
2580 2369 2684 2428 est,
2727 2363 2916 2419 eodem
2948 2365 3062 2420 loco
3083 2375 3165 2421 est
3193 2366 3473 2423 habendus
3496 2382 3602 2438 quo
3629 2379 3805 2434 exper-

2235 2460 2334 2506 tes.
2364 2451 2548 2523 Neque
2573 2455 2715 2510 enim
2746 2457 2790 2511 si
2817 2458 2934 2526 quis
2967 2460 3018 2513 in
3051 2459 3198 2514 mille
3230 2460 3396 2515 annis
3421 2470 3634 2516 noctem
3661 2473 3808 2513 uuam

2232 2558 2396 2600 suave
2439 2548 2704 2602 somnium
2753 2549 2921 2618 vidit,
2961 2551 3078 2621 plus
3105 2552 3356 2622 quiddam
3418 2553 3616 2610 habere
3643 2550 3809 2608 dicen-

2232 2634 2332 2690 dus
2370 2646 2478 2700 est,
2518 2653 2675 2707 quam
2717 2641 2807 2709 qui
2833 2641 2949 2710 ejus
2975 2643 3073 2698 visi
3106 2657 3304 2713 expers
3327 2643 3524 2700 fuerit.
3567 2644 3673 2698 lmo
3698 2657 3810 2697 vero

2231 2742 2334 2784 nec
2356 2739 2608 2799 quantum
2633 2733 2873 2788 volebam
2904 2735 3155 2804 loquutus
3181 2751 3319 2792 sum.
3352 2736 3498 2792 Nam
3538 2753 3635 2793 nec
3661 2750 3803 2806 quam

2233 2827 2342 2872 tum
2371 2823 2508 2875 veris
2526 2821 2726 2878 distant
2748 2825 2950 2879 somnia
2969 2867 2985 2894 ,
3011 2836 3210 2882 tantum
3237 2826 3352 2883 hate
3373 2829 3456 2885 ab
3479 2829 3586 2884 illis
3602 2828 3806 2888 absunt,

2229 2911 2322 2966 sed
2351 2912 2516 2968 multo
2541 2916 2769 2985 amplius
2793 2934 2807 2971 τ
2855 2933 2955 2973 nec
2981 2918 3123 2989 quod
3153 2919 3204 2974 in
3233 2920 3375 2975 mille
3406 2922 3566 2976 annis
3592 2935 3691 2976 una
3713 2934 3808 2974 nox

2228 3015 2342 3072 est,
2376 3008 2700 3064 tantumdem
2733 3009 2835 3066 hoc
2857 3011 2923 3065 ad
2971 3011 3201 3067 futurum
3248 3014 3517 3070 smculum
3571 3022 3684 3078 est,
3722 3010 3807 3068 sed

2229 3095 2316 3151 hic
2359 3112 2571 3154 rursum
2598 3101 2756 3156 etiam
2785 3103 2904 3172 plus
2934 3103 3152 3159 interest
3181 3105 3534 3162 discriminis.
3568 3109 3638 3162 At
3664 3106 3808 3176 virgio

2227 3186 2367 3241 nitas
2412 3202 2517 3244 non
2555 3199 2638 3246 est
2679 3191 2980 3262 ejusmodi;
3026 3196 3151 3264 quin
3178 3195 3317 3250 facto
3366 3198 3566 3265 grandi
3614 3205 3809 3268 qumstu

2226 3279 2467 3336 discedit.
2494 3281 2598 3340 Sed
2630 3299 2740 3339 rem
2768 3300 2980 3341 omnem
3008 3301 3037 3340 a
3067 3288 3238 3357 capite
3266 3287 3652 3358 disquiramus.

2312 3369 2446 3425 LIX.
2516 3373 2862 3452 Virginitatem
2909 3377 3110 3446 facilem
3159 3394 3385 3433 esse.—
3412 3380 3535 3436 Non
3598 3392 3810 3437 necesse

2227 3460 2387 3517 habet
2416 3463 2468 3517 in
2500 3479 2752 3534 sponsum
2787 3465 3054 3536 inquirere
3074 3511 3088 3533 ,
3118 3483 3214 3522 nec
3241 3467 3422 3523 fucum
3460 3472 3647 3528 timet:
3679 3471 3808 3525 Deus

2225 3560 2308 3605 est
2348 3553 2488 3608 enim
2536 3569 2642 3610 non
2683 3554 2873 3620 homo,
2919 3557 3176 3627 Dominus
3213 3574 3319 3612 non
3369 3573 3691 3617 conservus.
3739 3561 3811 3615 Ac

2223 3655 2539 3711 sponsorum
2585 3645 2684 3700 hoc
2711 3646 2998 3703 discrimen
3025 3657 3108 3704 est
3137 3667 3150 3704 :
3181 3648 3300 3704 vide
3323 3659 3508 3706 autem
3539 3661 3597 3708 et
3625 3653 3810 3723 quibus

2223 3733 2384 3789 rebus
2430 3735 2880 3805 despondeantur.
2930 3739 3046 3794 Non
3069 3741 3327 3810 mancipia
3353 3783 3368 3806 ,
3403 3758 3514 3800 non
3543 3753 3705 3801 terra:
3730 3744 3811 3813 ju-

2221 3838 2379 3894 gera,
2431 3842 2535 3882 non
2585 3838 2662 3883 tot
2703 3844 2765 3884 ac
2813 3831 3029 3886 totidem
3065 3833 3178 3886 auri
3211 3833 3438 3902 talenta,
3473 3838 3573 3893 sed
3602 3838 3723 3893 cazli
3760 3846 3810 3892 et

2221 3917 2449 3972 ctelestia
2477 3919 2643 3986 bona,
2677 3935 2886 3990 sponsae
2917 3922 3072 3992 hujus
3096 3924 3292 3979 dotalia
3334 3937 3482 3983 sunt.
3543 3931 3812 3986 Prmterca

2219 4009 2411 4078 conjux
2475 4021 2698 4067 mortem
2751 4014 3006 4083 trepidat',
3060 4029 3182 4070 cum
3232 4027 3452 4087 propter
3507 4022 3654 4090 alia,
3704 4032 3812 4076 tum

2217 4103 2358 4173 quod
2405 4118 2464 4159 se
2491 4119 2522 4158 a
2564 4107 2926 4163 contubernali
2954 4107 3236 4180 disjungat.
3285 4110 3446 4182 Virgo
3485 4123 3545 4169 et
3576 4124 3812 4171 mortem

2217 4194 2517 4262 desiderat,
2547 4204 2603 4250 et
2626 4197 2728 4252 vita
2771 4209 3051 4268 gravatur,
3081 4214 3335 4270 sponsum
3383 4217 3635 4272 prtesens
3678 4219 3816 4277 prte-

2215 4295 2419 4341 sentem
2451 4287 2679 4356 intueri,
2709 4304 2876 4360 eaque
2905 4290 3071 4361 gloria
3099 4290 3200 4347 frui
3230 4307 3545 4362 properans.

2285 4377 2401 4432 LX.
2454 4378 2798 4450 Virginitatem
2837 4382 3026 4437 nullius
3053 4399 3197 4453 egere
3222 4385 3356 4453 quod
3396 4384 3448 4436 in
3474 4383 3632 4438 nobis
3675 4386 3821 4455 posi-

2215 4476 2320 4520 tum
2359 4485 2458 4522 non
2504 4471 2681 4524 sil.--
2722 4470 2832 4525 Nec
2861 4487 2988 4527 vero
3011 4473 3089 4536 ei,
3134 4481 3193 4527 ut
3230 4473 3281 4526 in
3325 4471 3719 4539 matrimonio,
3772 4475 3825 4530 in

2213 4557 2389 4626 inopia
2437 4557 2634 4628 degere
2675 4559 2962 4632 quidquam
3016 4562 3187 4618 fraudi
3243 4577 3363 4618 esse
3404 4568 3633 4630 potest;
3691 4567 3824 4636 quin

2214 4648 2389 4716 potius
2429 4649 2569 4719 quod
2612 4651 2754 4706 ultro
2795 4655 3088 4721 sustineat,
3133 4668 3329 4724 sponso
3374 4653 3426 4709 id
3467 4665 3598 4708 eam
3635 4656 3824 4712 reddit

2213 4741 2514 4809 cariorem:
2560 4756 2661 4796 nec
2715 4743 2930 4799 sordide
2981 4756 3158 4800 natam
3209 4760 3358 4811 esse,
3403 4759 3504 4799 nec
3557 4750 3818 4816 corporis

2212 4843 2490 4888 venustate
2557 4849 2664 4889 non
2711 4836 3028 4903 excellere;
3091 4852 3264 4905 neque
3318 4835 3461 4888 aliud
3505 4837 3815 4908 quidquam

2208 4925 2403 4981 simile.
2452 4926 2518 4982 Et
2541 4926 2668 4996 quid
2713 4927 2827 4982 hare
2875 4926 3443 4982 commemoroiNam
3493 4935 3552 4980 et
3604 4930 3654 4983 si
3714 4945 3819 4985 nec

2208 5015 2372 5070 libera
2403 5017 2512 5082 sit,
2553 5031 2726 5087 neque
2752 5016 2803 5072 id
2831 5016 3048 5087 quidem
3096 5016 3212 5085 ejus
3261 5016 3606 5086 sponsalibus
3649 5020 3818 5075 dero—

2205 5116 2331 5178 gat,
2372 5108 2466 5164 sed
2494 5107 2690 5164 sufficit
2721 5109 2956 5165 animum
2997 5107 3275 5178 pulchrum
3305 5118 3562 5178 praestare
3582 5153 3599 5176 ,
3636 5122 3700 5167 ut
3729 5113 3818 5167 vel

2207 5199 2406 5269 primas
2429 5209 2803 5270 consequatur.
2838 5199 2954 5254 Non
2990 5199 3077 5255 hic
3107 5199 3367 5272 zelotypia
3411 5201 3657 5255 timenda
3687 5211 3812 5269 est,

2206 5308 2311 5348 non
2357 5294 2574 5348 alterius
2641 5293 2890 5360 femina,
2938 5301 2997 5348 ut
3034 5293 3246 5348 clariori
3287 5293 3402 5348 viro
3449 5293 3810 5364 conjugataz,

2203 5385 2397 5441 invidia
2435 5386 2765 5442 dolendum:
2808 5401 2978 5455 neque
3006 5385 3148 5441 enim
3193 5386 3241 5441 ei
3287 5386 3564 5456 quisquam
3607 5387 3814 5442 similis

2203 5489 2361 5550 atque
2387 5494 2482 5548 par
2504 5487 2620 5542 est,
2653 5495 2753 5534 nec
2799 5493 2927 5534 vero
2966 5493 3129 5548 parvo
3172 5478 3448 5551 intervallo
3491 5479 3810 5547 proximus.

2202 5572 2271 5624 At
2309 5571 2360 5624 in
2402 5570 2740 5624 matrimonio
2781 5580 3118 5640 quanlumws
3144 5569 3468 5639 praedivitem
3494 5577 3546 5622 et
3579 5583 3809 5638 praepo-

2205 5670 2403 5718 tentem
2432 5663 2601 5717 virum
2631 5662 2820 5716 mulier
2848 5671 2998 5717 nacta
3031 5662 3127 5730 sit,
3155 5661 3310 5716 aham
3349 5671 3526 5715 tamen
3555 5661 3812 5729 reperiet
