4056 6208
116 247 196 310 ιτς

106 369 258 441 χρόνῳ
306 363 642 437 πονηθεισαν
680 362 845 436 νηδὺν
894 361 1105 429 ὠδῖνες,
1150 361 1205 419 αῖ
1240 364 1334 420 καὶ
1377 365 1538 436 μόναι
1580 369 1766 422 ἱκαναὶ

1514 248 1606 306 DE
1645 247 2114 309 VIRGINITATE.

3431 256 3537 313 580

1875 368 1944 423 τά
1979 367 2241 432 ἀδύνατα,
2274 368 2369 422 καλ⁵
2399 367 2846 440 συγχωρήσωμεν
2873 367 3126 437 γενέσθαι
3155 368 3331 440 γάμον
3363 369 3538 426 πάντα

104 456 259 510 πάντα
309 454 607 508 συσκιάσαι
645 452 716 507 τὰ
759 451 855 507 τοῦ
890 454 1071 523 γάμου
1101 454 1334 524 χρηστά.
1364 452 1665 524 Θορυϐοῦσι
1709 454 1766 509 δὲ
1866 456 2004 527 ὁμοῦ
2040 456 2233 527 ἔχοντα
2255 455 2326 510 τά
2370 455 2576 524 ἀγαθὰ,
2616 455 2998 521 πολυπαιδίαν,
3035 455 3345 523 εὐπαιδίαν,
3377 454 3542 511 πλοῦ-

102 542 251 614 αὑτὴν
276 542 377 595 καὶ
405 540 562 595 ἀλλαι
599 540 741 613 μετά
770 540 977 595 τούτων
1005 542 1307 613 φροντίδες.
1347 542 1416 595 Ἦ
1457 540 1568 613 γὰρ
1610 542 1770 596 ἀθλία

99 632 176 684 καὶ
212 629 570 702 ταλαίπωρος
609 629 773 702 κόρη,
809 630 985 684 καίτοι
1032 628 1178 683 οὓτω
1224 629 1475 702 σφοδρῶς
1526 627 1633 684 ὑπὸ
1661 628 1770 685 τῶν

98 719 396 791 ἀλγηᾶόνων
446 718 670 773 ἐκείνων
702 717 1160 790 κατατεινομένη,
1193 718 1401 773 δέδοικε
1430 717 1639 771 τούτων
1669 716 1769 787 οὐχ

96 804 265 879 ἦττον,
310 809 525 879 μήποτε
562 807 942 880 λελωϐημένον
968 808 1067 863 καὶ
1099 807 1384 879 ἀνάπηρον
1417 808 1541 861 ἀντὶ
1574 806 1765 876 ἀρτίου

98 897 173 950 καὶ
198 895 401 963 ὑγιοῦς
452 894 715 966 προέλθῃ,
767 895 975 966 μήποτε
1021 894 1144 947 ἀντὶ
1193 894 1428 966 ἄρρενος
1469 892 1623 965 θῆλυ.
1659 892 1771 946 Καὶ

98 984 184 1054 γὰρ
208 982 362 1053 αῦτη
393 982 494 1052 οὐχ
519 977 683 1053 ἦττον
714 981 884 1041 αὑτὰς
914 981 1024 1035 τῶν
1047 980 1253 1035 ὠδίνων
1292 982 1326 1050 ἡ
1364 979 1574 1050 ἀγωνία
1606 979 1771 1053 θορυ-

100 1072 166 1124 ϐεῖ
192 1071 351 1123 τότε⁶
395 1069 520 1122 οὐδὲ
566 1069 675 1139 γάρ
714 1070 772 1121 ὲν
798 1062 882 1130 οἷς
921 1071 1059 1121 εἰσιν
1088 1067 1383 1121 ὑπεύθυνοι
1422 1065 1604 1137 μόνον,
1634 1064 1772 1120 ἀλλά

98 1159 173 1211 καὶ
191 1151 277 1213 ὧν
307 1156 416 1227 τῆς
444 1155 627 1220 αίτίας
660 1156 931 1224 ἀφεῖνται,
958 1157 1061 1209 κάν
1094 1154 1308 1218 τούτοις
1341 1152 1614 1207 δεδοίκασι
1644 1153 1773 1217 τοὺς

99 1247 284 1318 ἄνδρας
316 1246 421 1298 οὐκ
450 1243 669 1297 ἔλαττον
712 1241 746 1315 ἡ
788 1245 846 1297 ὲν
878 1243 1128 1307 ἐκείνοις,
1163 1242 1258 1296 καὶ
1289 1240 1390 1312 τὴν
1430 1240 1775 1310 ίδίαν⁹ἀσφά-

97 1337 233 1389 λειαν
282 1335 511 1404 ἀφεῖσαι
555 1334 777 1387 σκοπεῖν
823 1334 880 1386 ὲν
904 1329 1146 1403 τοσούτῳ
1177 1329 1429 1394 κλύδωνι,
1457 1327 1769 1400 μεριμνῶσι

99 1426 159 1496 μή
197 1441 258 1476 τι
304 1421 498 1494 τάνδρὶ
531 1420 642 1475 τῶν
672 1419 989 1491 ἀϐουλήτων
1025 1418 1271 1490 γένηται.
1304 1416 1412 1471 Τοῦ
1456 1416 1512 1471 δὲ
1555 1414 1771 1469 παιδίου

97 1510 348 1574 πεσόντος
372 1512 454 1574 είς
480 1508 579 1581 τὴν
599 1510 703 1581 γῆν
733 1509 829 1562 καὶ⁵
849 1507 1071 1580 πρώτην
1095 1507 1324 1577 ἀφέντος
1350 1505 1554 1577 φωνὴν,
1581 1505 1769 1576 ἕτεραι

96 1602 248 1655 πάλιν
280 1600 622 1669 διαδέχρνται
657 1597 955 1668 φροντίδες,
985 1599 1039 1649 αί
1068 1599 1168 1668 τῆς
1198 1595 1492 1666 σωτηρίας,
1529 1595 1585 1647 αἱ
1613 1594 1715 1665 τῆς
1743 1604 1771 1633 α

96 1689 420 1760 ἀνατροφῆς.
463 1686 584 1740 Κάν
623 1685 722 1757 μὲν
756 1684 956 1754 εὐφυὲς
990 1683 1050 1737 ὃν
1082 1683 1221 1756 τύχῃ
1256 1682 1351 1737 καὶ
1398 1681 1537 1755 πρὸς
1568 1681 1771 1753 ἀρετὴν

97 1778 420 1848 ἐπιτήδειον,
448 1773 612 1829 πάλιν
641 1776 699 1827 ὲν
728 1772 912 1842 φόϐοις
943 1772 992 1824 οί
1014 1771 1267 1834 τεκόντες
1305 1771 1377 1842 μὴ
1408 1787 1463 1823 τι
1491 1767 1642 1841 πάθῃ
1666 1768 1774 1822 δει-

98 1866 176 1919 νὸν
197 1867 262 1919 τὸ
284 1863 505 1934 τεχθὲν,
538 1862 614 1932 μὴ
641 1861 871 1914 θάνατον
895 1860 1074 1931 ἄωρον
1111 1860 1349 1930 ὑποστῇ,
1386 1857 1461 1930 μὴ
1492 1856 1773 1929 μεταϐάλῃ

97 1955 228 2026 πρὸς
252 1952 459 2007 κακίαν
479 1949 622 2004 τινά.
652 1949 789 2005 Οὐδὲ
822 1947 930 2020 γάρ
969 1951 1034 2001 ὲκ
1063 1947 1315 2018 πονηρῶν
1338 1946 1565 2018 χρηστοὶ⁵
1592 1945 1773 2015 γίνον-

98 2060 180 2095 ται
209 2040 395 2112 μόνον,
419 2037 555 2091 ἀλλά
586 2038 684 2090 καὶ
713 2034 821 2090 ἀπὺ
845 2033 1152 2088 σπουδαίων
1182 2031 1378 2103 φαῦλοι
1400 2033 1497 2088 καὶ
1525 2050 1659 2104 πονη
1670 2032 1771 2103 ροί.

100 2130 238 2192 Κάν,
250 2127 353 2198 μὲν
382 2125 583 2178 τούτων
611 2139 667 2176 τι
696 2123 920 2193 γένηται
950 2120 1057 2176 τῶν
1084 2119 1396 2187 ἀπευκτῶν,
1439 2120 1776 2192 ἀφορητοτέ-

101 2234 193 2284 ραν
221 2215 341 2286 ἔχει
370 2213 468 2283 τὴν
494 2211 690 2283 λύπην,
716 2209 750 2280 ἢ
780 2212 829 2263 εί
872 2209 1021 2281 παρά
1062 2209 1162 2281 τὴν
1203 2209 1379 2281 ἀρχὴν
1413 2208 1590 2263 ταῦτα
1648 2226 1777 2262 συν-

100 2307 313 2359 έπεσεν·
332 2302 399 2358 ἄν
420 2303 477 2356 δὲ
499 2302 716 2356 ἅπαντα
757 2299 894 2373 μένῃ
919 2299 990 2353 τά
1013 2297 1228 2370 χρηστά
1253 2297 1469 2369 βέϐαια,
1484 2296 1656 2366 όγοῦν
1669 2297 1780 2351 ἀπδ

99 2395 190 2463 τῆς
220 2389 528 2463 μεταϐολῆς
578 2388 667 2441 ἀεὶ⁵
714 2387 976 2457 πάρεστιν
1017 2386 1201 2449 αύτοῖς
1248 2384 1437 2455 φόϐος,
1474 2384 1779 2438 κατασείων

99 2479 191 2549 τὴν
235 2478 415 2549 ψυχὴν
461 2474 573 2529 τῶν
615 2473 906 2538 τεκόντων,
941 2472 1036 2526 καὶ
1068 2472 1203 2527 πολὺ
1232 2472 1334 2542 τῆς
1360 2471 1555 2543 ἡδονῆς
1582 2471 1780 2524 ὑποτε-

104 2568 367 2639 μνόμενος
405 2564 596 2635 μέρος.
649 2562 787 2616 Ἀλλ’
810 2562 872 2615 οὐ
898 2562 1039 2614 πᾶσι
1064 2563 1181 2624 τοῖς
1202 2558 1548 2630 γεγαμηκόσι
1586 2558 1781 2622 παῖδας

100 2656 240 2727 ἔχειν
269 2651 588 2723 συμϐαίνει.
625 2649 835 2704 υύκοῦν
863 2648 1059 2720 ἑτέραν
1108 2664 1197 2719 μοι
1226 2648 1410 2717 λέγεις
1444 2646 1607 2720 πάλιν
1645 2646 1779 2700 ἀθυ-

104 2745 228 2815 μίας
250 2741 533 2796 ὑπόθεσιν.
565 2740 736 2793 Ὅταν
761 2734 855 2791 οῦν
884 2737 979 2791 καὶ
1010 2736 1216 2790 παίδων
1238 2735 1410 2789 όντων
1444 2734 1541 2789 καὶ
1572 2734 1673 2787 οὐκ
1693 2733 1781 2787 όν-

98 2848 224 2895 των,
258 2829 359 2884 καὶ
396 2825 656 2899 χρηστῶν
685 2824 992 2896 γενομένων
1038 2823 1132 2877 καὶ
1181 2820 1457 2894 πονηρῶν,
1499 2821 1784 2891 διαφόροις

104 2919 435 2988 συνέχωνται
462 2914 662 2976 λύπαις
689 2913 786 2966 καὶ
816 2912 1087 2985 φροντίσι,
1126 2911 1289 2965 πόθεν
1323 2910 1512 2965 λοιπὸν
1557 2909 1783 2980 ἡδίστην

100 3006 402 3077 καλέσομεν
442 3004 544 3075 τὴν
577 3002 635 3055 ὲν
677 3000 757 3072 τῷ
785 3000 948 3072 γάμῳ
976 2998 1152 3072 ζωὴν;
1180 2999 1371 3065 Πάλιν,
1414 2998 1482 3053 ἂν
1513 2997 1615 3071 μὲν
1649 2999 1784 3069 ὁμο-

104 3094 344 3157 νοοῦντες
378 3088 530 3163 [518]
556 3092 606 3144 οί
638 3087 1013 3151 συνοικοῦντες
1036 3087 1342 3151 διατελῶσι,
1366 3087 1532 3157 φόϐος
1570 3087 1647 3159 μὴ
1686 3085 1784 3140 θά-

102 3200 256 3247 νατος
301 3178 563 3253 ἐμπεσὼν
610 3177 846 3250 διακόψῃ
878 3176 980 3248 τὴν
1019 3176 1234 3248 ἡδονὴν⁶
1268 3175 1469 3246 μᾶλλον
1510 3175 1568 3228 δὲ
1600 3175 1787 3230 οὐκέτι

105 3271 263 3341 φόϐος
293 3268 457 3324 τοῦτο
488 3266 668 3338 μόνον,
697 3265 817 3320 οὐδὲ
843 3264 1007 3336 μέχρι
1036 3263 1370 3335 προσδοκίας
1389 3263 1450 3317 τὸ
1478 3263 1673 3328 δεινὸν,
1701 3265 1790 3318 άλ-

104 3359 172 3415 λά
189 3361 284 3415 καὶ
312 3360 399 3421 είς
418 3357 582 3429 ἔργον
607 3354 740 3409 αὑτὸ
768 3352 1050 3424 προελθεῖν
1071 3352 1290 3416 πάντως
1326 3352 1562 3424 ἀνάγκη.
1599 3352 1789 3417 Οὐδεὶς

108 3449 209 3520 γάρ
230 3448 393 3518 ἔσχεν
424 3443 694 3507 ἐπιδεῖξαί
722 3458 853 3495 ποτε
884 3442 943 3494 ὲν
966 3441 1152 3512 ἡμέρᾳ
1189 3441 1291 3511 μιᾷ
1317 3440 1664 3511 ἀμφοτέρους
1702 3458 1790 3494 τε-

108 3537 493 3606 λευτήσαντας
524 3530 716 3584 τούτου
748 3528 806 3582 δὲ
829 3528 931 3581 οὐκ
957 3526 1111 3591 ὄντος
1132 3527 1194 3581 τὸ
1223 3526 1547 3598 λειπόμενον
1569 3526 1786 3596 ἀνάγκη

112 3625 236 3677 πολῦ
267 3620 365 3676 τοῦ
401 3617 636 3673 Θανάτου
679 3615 1065 3687 χαλεπωτέραν
1097 3614 1392 3685 ὑπομένειν
1429 3612 1599 3686 ζωὴν,
1628 3614 1695 3668 άν
1725 3631 1783 3667 τε

112 3711 270 3765 πολὺν
315 3707 461 3780 τύχῃ
489 3702 821 3776 συνῳκηκὼς
858 3701 1070 3775 χρόνον,
1102 3702 1168 3756 ἀν
1203 3718 1264 3755 τε
1294 3701 1495 3771 ὀλίγον.
1543 3701 1790 3766 Ἐκεῖνος

120 3799 209 3865 μὲν
234 3797 346 3868 τὰρ
372 3797 488 3864 ὅσῳ
511 3792 737 3848 πλείονα
754 3790 854 3863 τὴν
877 3792 1073 3862 πεῖραν
1093 3788 1277 3855 ἔλαϐε,
1300 3788 1542 3861 τοσούτῳ
1568 3790 1791 3860 μείζονα

114 3888 220 3956 ἔχει
240 3886 339 3955 τὴν
366 3882 586 3953 ὀδύνην,
621 3880 723 3950 τῆς
750 3878 955 3950 πολλῆς
987 3877 1278 3948 συνηθείας
1304 3878 1582 3949 ἀφόρητον
1612 3876 1793 3931 ποιού-

117 3990 210 4042 σης
231 3974 329 4027 τὸν
349 3968 650 4041 χωρισμόν·
674 3968 704 4020 ό
724 3966 782 4020 δὲ
810 3967 941 4037 πρὶν
966 3966 1000 4039 ἢ
1026 3966 1327 4035 γεύσασθαι
1353 3966 1449 4020 καὶ
1471 3965 1793 4038 ἐμπλησθῆ-

115 4078 196 4114 ναι
234 4060 340 4129 τῆς
380 4057 586 4127 φιλίας,
620 4052 978 4125 ἀκμαζούσης
1010 4052 1092 4107 ἔτι
1142 4056 1241 4125 τῆς
1275 4052 1594 4123 ἐπιθυμίας,
1622 4051 1793 4123 αὐτὴν

115 4146 454 4218 ἀφαιρεθεὶς,
487 4144 620 4199 αὐτὸ
654 4141 813 4197 τοῦτο
864 4141 1063 4214 μᾶλλον
1110 4141 1321 4196 ἐκείνου
1364 4140 1572 4205 πενθεῖ,
1618 4140 1712 4194 καὶ
1734 4139 1795 4204 ἐξ

116 4233 425 4295 ὑποθέσεως
452 4232 483 4272 δ
514 4229 775 4284 ἐναντίων
803 4228 940 4292 ἴσοις
980 4227 1281 4299 ἀμφότεροι
1316 4222 1795 4298 συνέχονται³τοῖς

118 4322 403 4394 λυπηροῖς.
436 4317 504 4371 Τί
533 4318 588 4371 δὲ
621 4318 730 4389 χρὴ
760 4316 943 4384 λέγειν
968 4317 1096 4378 τοὺς
1129 4316 1187 4368 ὲν
1223 4314 1302 4387 τῷ
1340 4314 1546 4387 μεταξὺ
1575 4313 1796 4384 γινομέ-

121 4425 231 4471 νους
269 4406 613 4477 χωρισμοὺς,
660 4416 759 4468 τας
801 4403 1019 4476 μακράς
1054 4403 1385 4474 ἀποδημίας,
1419 4402 1520 4466 τάς
1549 4401 1798 4467 συνεζευ-

118 4512 315 4564 γμενας
343 4496 531 4557 αὐτοῖς
554 4491 816 4562 ἀγωνίας,
841 4490 940 4555 τὰς
966 4491 1192 4556 νόσους;
1232 4491 1342 4545 Καὶ
1378 4489 1431 4545 τί
1460 4488 1621 4544 τοῦτο
1658 4490 1797 4563 πρὸς

117 4585 202 4635 τὸν
223 4584 437 4653 γάμονς
465 4579 620 4650 φησί.
652 4578 909 4632 Μάλιστα
939 4578 1038 4648 μὲν
1072 4578 1168 4631 καὶ
1208 4577 1316 4631 ἀπὸ
1347 4578 1446 4649 τῆς
1482 4577 1661 4641 αίτίας
1697 4578 1798 4650 τῆς

115 4669 301 4723 τούτου
331 4668 530 4722 πολλαὶ
556 4665 818 4733 πολλάκις
843 4664 1230 4738 ἡρρὡτησαν.
1257 4666 1369 4719 Καὶ
1398 4664 1505 4737 γάρ
1529 4665 1801 4737 ὑϐρισθείς

118 4775 200 4811 σαι
246 4759 349 4812 καὶ
383 4755 726 4828 όργισθεῖσαι
753 4754 878 4808 τοτὲ
909 4755 1008 4825 μὲν
1046 4753 1151 4807 ὑπὸ
1181 4749 1275 4806 τοῦ
1313 4752 1510 4825 θυμοῦ,
1543 4754 1664 4807 τοτὲ
1690 4753 1747 4807 δὲ
1771 4765 1794 4794 ο

114 4844 214 4901 ὑπό
238 4846 348 4916 τῆς
372 4842 616 4913 ἀθυμίας
645 4842 875 4906 πολλοὺς
909 4840 1098 4894 ἔτεκον
1118 4840 1406 4911 πυρετούς.
1456 4841 1582 4896 Ἐἀν
1615 4842 1672 4895 δὲ
1703 4843 1799 4896 καὶ

117 4932 383 5005 παρόντος
417 4930 591 5002 μηδὲν
612 4929 829 4984 πάθωσι
862 4927 1129 4994 τοιοῦτον,
1166 4927 1303 4982 ἀλλά
1330 4929 1641 5001 προσηνοῦς
1663 4929 1799 4983 ἀπο-

116 5020 356 5075 λαύσωσι
380 5018 699 5082 διαπαντὸς,
734 5017 842 5071 ὑπὸ
864 5016 967 5086 τῆς
986 5015 1302 5087 ἀποδημίας
1323 5018 1404 5082 είς
1432 5017 1609 5072 ταῦτα
1637 5017 1800 5073 πάλιν

115 5108 498 5177 περιίστανται
528 5106 600 5160 τά
633 5102 802 5159 κακά.
841 5103 989 5173 Πλὴν
1014 5102 1150 5157 ἀλλά
1175 5103 1348 5157 ταῦτα
1388 5104 1568 5159 πάντα
1607 5104 1801 5178 παρεί-

118 5194 241 5259 σθω,
274 5195 381 5248 καὶ
416 5191 590 5263 μηδὲν
636 5190 959 5261 ἐγκαλῶμεν
1003 5189 1082 5262 τῷ
1129 5190 1313 5261 γάμῳ,
1346 5190 1460 5244 ἀλλ’
1495 5192 1616 5262 οὐχὶ
1661 5191 1801 5263 μετά

116 5280 314 5337 τούτων
330 5278 599 5349 κάκείνης
619 5278 781 5333 αὑτὸν
803 5277 1113 5345 ἀπαλλάξαι
1128 5277 1468 5349 δυνησόμεθα
1482 5280 1581 5351 τῆς
1599 5278 1796 5343 αἰτίας.

119 5366 279 5432 Ποίας
322 5369 393 5440 δὴ
430 5366 675 5437 ταύτης;
710 5368 835 5421 Ὅτι
872 5365 966 5420 τὸν
1008 5365 1321 5435 ὑγιαίνοντα
1372 5366 1525 5420 οὐδὲν
1574 5366 1803 5438 ἀφίησιν

120 5452 337 5522 ἄμεινον
373 5453 472 5507 τοῦ
515 5453 821 5524 κάμνοντος
859 5452 1186 5514 διακεῖσθαι,
1226 5452 1344 5506 ἀλλ’
1377 5455 1456 5518 είς
1500 5453 1599 5526 τὴν
1631 5454 1802 5526 αὐτὴν

122 5540 193 5609 τῷ
211 5542 461 5614 κειμένῳ
496 5540 819 5612 καθίστησιν
846 5539 1110 5612 ἀθυμίαν.

174 5632 306 5684 XB'.
320 5631 517 5684 Βούλει
534 5628 813 5687 καὶταῦτα
829 5629 1010 5684 πάντα
1022 5629 1347 5695 ἐκϐαλόντες
1360 5628 1544 5701 θῶμεν
1560 5629 1645 5702 τῷ
1659 5629 1802 5705 λόγῳ

175 5757 203 5822 ῗ
225 5758 355 5822 Βεε-
388 5760 511 5822 ὑπὲρ
528 5764 615 5816 τῆς
634 5757 871 5821 σωτηρίας
892 5758 1088 5817 καὶτῆς.

179 5880 200 5907 ⁸
225 5876 353 5942 lci.
377 5883 492 5930 τότε
513 5882 599 5941 μὶν
619 5881 714 5929 ὒπὸ
736 5876 823 5928 τοῦ
844 5881 1026 5947 ἀνδρὸς,
1049 5884 1158 5934 τότε
1187 5885 1255 5936 δέ.

539 5967 806 6028 Pyrum.
852 5972 960 6036 Gn.
1003 5975 1256 6043 XLVIII.

1868 561 1981 609 τον,
2027 543 2290 613 γυναικὸς
2331 544 2710 617 σωφροσύνην,
2742 542 2961 607 κάλλος,
2996 543 3232 611 σύνεσιν,
3260 543 3539 616 ὁμόνοιαν,

1871 633 2047 703 γῆρας
2080 632 2324 703 μακρόν;
2360 631 2643 705 προσέστω
2670 632 2765 685 καὶ
2795 631 2987 701 γένους
3040 633 3392 705 περιφάνεια,
3443 634 3541 694 καί⁸

1869 720 2193 784 δυναστείας
2230 721 2481 792 μέγεθος,
2510 721 2605 775 καὶ
2646 719 2781 792 μηδὲ
2805 720 2867 773 τὸ
2898 721 3078 775 κοινὸν
3110 720 3269 775 τοῦτο
3299 722 3402 792 τῆς
3433 719 3539 790 φύ-

1876 824 2016 867 σεως
2059 808 2285 879 ὀχλείτω
2312 808 2503 873 πάθος,
2552 809 2583 861 ὁ
2612 807 2779 877 φόϐος
2823 808 2922 879 τῆς
2960 807 3165 862 τούτων
3211 808 3535 880 μεταϐολῆς,

1873 894 1986 948 ἀλλ’
2018 894 2301 967 ὲξωρίσθω
2345 897 2496 950 πᾶσα
2542 896 2640 966 μὲν
2687 894 2928 966 ἀθυμίας
2977 895 3257 959 ὑπόθεσις,
3299 896 3452 949 πᾶσα
3478 895 3537 948 δὲ

1873 983 2152 1054 φροντίδος
2196 984 2292 1037 καὶ
2330 983 2602 1055 μερίμνης
2643 982 2897 1055 ἀφορμὴ,
2943 982 3037 1036 καὶ
3082 982 3224 1054 μήτε
3268 981 3405 1052 άλλη
3457 999 3543 1045 τις

1873 1072 2042 1134 αἰτία,
2083 1073 2219 1143 μήτε
2272 1071 2502 1135 θάνατος
2552 1071 2732 1144 ἄωρος
2780 1068 3149 1139 διαζευγνύτω
3190 1068 3283 1123 τὸν
3334 1069 3537 1139 γάμον,

1873 1158 2011 1213 ἀλλὰ
2049 1160 2146 1213 καὶ
2172 1158 2362 1214 τοῦτον
2397 1162 2454 1212 έν
2489 1160 2587 1231 μιᾷ
2616 1157 2819 1220 πάντες
2849 1155 3190 1228 δεχέσθωσαν
3230 1156 3436 1229 ἡμέρᾳ,
3480 1155 3541 1227 ἢ,

1873 1244 1902 1300 ὃ
1930 1245 2137 1299 τούτων
2175 1245 2355 1317 πολλῷ
2406 1244 2821 1318 μακαριώτερον
2853 1239 2993 1298 εἶναι
3024 1244 3190 1309 δοκεῖ,
3232 1243 3544 1314 μενέτωσαν

1877 1332 1977 1404 μὲν
2004 1334 2052 1387 οί
2093 1333 2280 1399 παῖδες
2333 1333 2682 1405 κληρονόμοι,
2731 1333 2860 1396 τοὺς
2895 1332 2953 1385 δὲ
2986 1332 3168 1400 γονεῖς
3200 1330 3546 1402 ἀμφοτέρους

1874 1420 2010 1492 ὁμοῦ
2056 1420 2495 1493 προπεμπόντων
2529 1420 2555 1461 ά
2596 1419 2734 1492 μετά
2784 1420 2964 1492 γῆρας
2996 1419 3206 1491 μακρόν
3232 1435 3246 1450 ’
3278 1419 3373 1473 καὶ
3399 1417 3453 1472 τί
3479 1417 3541 1472 τὸ

1875 1509 2048 1579 πέρας
2075 1526 2089 1575 ;
2120 1510 2272 1563 ποῖον
2301 1508 2363 1582 τρ
2400 1508 2589 1581 κέρδος
2610 1510 2676 1562 ὲκ
2719 1508 2925 1579 ταύτης
2967 1510 3067 1579 τῆς
3113 1506 3316 1578 ’πολλῆς
3355 1506 3546 1580 ἡδονῆς

1874 1595 2089 1666 ἔχοντες
2112 1595 2503 1651 ἀπελεύσονται
2536 1597 2687 1662 ἐκεῖ;
2718 1596 2793 1650 Τὸ
2818 1596 2926 1667 γὰρ
2959 1594 3189 1659 πολλοὺς
3219 1595 3418 1660 παῖδας
3446 1613 3550 1648 κα-

1871 1682 2124 1737 ταλιπεῖν
2153 1684 2248 1737 καὶ
2292 1682 2468 1754 καλῆς
2505 1682 2816 1737 ἀπολαῦσαι
2861 1680 3121 1751 γυναικὸς
3164 1681 3304 1753 μετὰ
3335 1680 3548 1753 τρυφῆς

1875 1772 1970 1825 καὶ
2006 1769 2115 1825 τῶν
2147 1771 2320 1827 ἀλλων
2349 1771 2604 1826 ἁπάντων
2627 1763 2703 1824 ὧν
2721 1770 2844 1842 ἄρτι
2865 1770 3104 1840 διῆλθον,
3135 1772 3230 1827 καὶ⁵
3258 1772 3338 1834 είς
3367 1769 3551 1842 γῆρας

1875 1859 2069 1916 ἐλάσαι
2095 1859 2329 1932 μακρὸν,
2366 1859 2421 1912 τί
2450 1858 2588 1931 πρὸς
2620 1858 2682 1912 τὸ
2703 1858 3058 1931 δικαστήριον
3084 1860 3234 1932 ἡμᾶς
3262 1855 3548 1927 ὠφελῆσαι

1874 1948 2160 2021 δυνήσεται
2194 1949 2372 2001 έκεῖνο
2404 1950 2462 2002 ἐν
2497 1949 2610 2010 τοῖς
2643 1947 2887 2010 αἰωνίοις
2918 1932 3211 2019 πράγμασι
3234 1946 3329 2001 καὶ
3356 1942 3547 2017 ἀληθιο

1876 2038 2024 2101 νοϊς;
2061 2035 2246 2088 Οὐδέν.
2281 2032 2490 2089 Οὐκοῦν
2522 2035 2648 2089 σκιά
2696 2032 2868 2087 ταῦτα
2906 2035 3000 2088 καὶ
3042 2034 3198 2104 δναρ.
3237 2033 3405 2086 Ὅταν
3441 2031 3552 2102 γάρ

1877 2124 1936 2177 ὲν
1966 2125 2082 2187 τοῖς
2113 2123 2232 2176 ἐκεῖ
2258 2121 2655 2193 διαδεξομένοις
2702 2121 2853 2192 ἡμᾶς
2896 2119 3059 2173 αἰῶσι
3103 2120 3199 2172 καὶ
3232 2118 3408 2192 πέρας
3451 2119 3553 2172 οῦκ

1879 2211 2061 2284 ἔχουσι
2091 2210 2255 2283 μηδὲν
2277 2210 2385 2265 ἀπὸ
2401 2209 2605 2263 τούτων
2632 2208 2947 2281 δυνηθῶμεν
2969 2207 3250 2280 κερδᾶναι,
3285 2208 3423 2280 μήτε
3447 2224 3553 2261 πα-

1881 2299 2156 2375 ραμυθίας
2191 2299 2499 2355 ἀπολαῦσαί
2540 2315 2706 2361 τινος,
2738 2298 2796 2351 ὲν
2825 2297 2926 2367 ἴσῳ
2965 2298 3080 2357 τοῖς
3120 2296 3181 2349 οὐ
3220 2293 3554 2367 μετασχοῦσι

1879 2390 1983 2442 τὸν
2002 2386 2341 2460 μετασχόντα
2368 2385 2573 2440 θετέον.
2604 2385 2739 2438 Οὐδὲ
2768 2382 2877 2456 γὰρ
2897 2382 2951 2436 εί
2972 2401 3057 2447 τις
3089 2385 3148 2437 ὲν
3188 2382 3383 2454 χιλίοις
3407 2381 3556 2437 ἔτεσι

1884 2477 2016 2547 μίαν
2045 2475 2219 2530 νύκτα
2248 2474 2417 2545 μόνην
2447 2469 2588 2527 εἶδεν
2616 2472 2750 2545 όναρ
2793 2470 3058 2544 χρηστὸν,
3091 2470 3254 2525 πλέον
3285 2488 3338 2523 τι
3364 2470 3556 2524 τοῦτον

1882 2564 2026 2634 ἔχειν
2067 2564 2312 2635 φήσομεν
2349 2560 2444 2616 τοῦ
2485 2561 2560 2633 μὴ
2589 2560 2794 2632 ταύτης
2816 2557 3248 2622 ἀπολελαυκότος
3273 2555 3428 2629 [519]
3457 2556 3559 2627 τῆς

1882 2652 2077 2721 ὅψεως.
2110 2651 2302 2704 Καίτοι
2340 2666 2405 2718 γε
2440 2648 2561 2702 οὐδὲ
2585 2648 2710 2701 ὅσον
2747 2644 3052 2717 ἐϐουλόμην
3083 2640 3258 2698 εἶπον.
3284 2643 3421 2697 Ούδὲ
3450 2643 3559 2715 γάρ

1883 2739 2008 2793 ὅσον
2041 2740 2109 2793 τά
2150 2738 2402 2810 ὀνείρατα
2451 2735 2809 2790 ἀπολείπεται
2845 2734 2947 2806 τῆς
2975 2732 3260 2806 ἀληθείας,
3306 2729 3561 2785 τοσοῦτον

1882 2826 1954 2881 τά
1992 2825 2224 2880 ἐνταῦθα
2275 2824 2556 2896 ἀφέστηκε
2594 2822 2704 2876 τῶν
2727 2824 2866 2888 ἐκεῖ,
2898 2821 3017 2876 ἀλλ’
3042 2821 3122 2876 ἔτι
3172 2820 3404 2893 μᾶλλονο
3436 2817 3560 2873 οὐδὲ

1882 2916 2021 2987 ὅπερ
2049 2913 2199 2968 ἐστὶν
2228 2913 2286 2965 ὲν
2314 2911 2457 2965 ἔτεσι
2500 2910 2695 2982 χιλίοις
2726 2910 2827 2981 μία
2870 2910 2987 2977 νὺξ,
3014 2909 3269 2964 τοσοῦτον
3310 2911 3341 2962 ό
3370 2905 3561 2977 παρὼν

1885 3004 2021 3057 αίὼν
2054 3002 2192 3073 πρὸς
2233 2999 2325 3053 τὸν
2357 2999 2638 3071 μέλλοντα,
2667 2997 2804 3052 ἀλλά
2829 2998 2933 3052 κάν
2962 2996 3143 3068 τούτῳ
3173 2995 3353 3067 πολλῷ
3393 2994 3559 3048 πλέον

1887 3093 2047 3146 πάλιν
2071 3091 2133 3144 τὸ
2165 3090 2349 3161 μέσον.
2395 3088 2536 3161 Ἀλλ’
2557 3087 2619 3141 ού
2639 3086 2711 3139 τά
2731 3087 2829 3157 τῆς
2856 3084 3128 3156 παρθένου
3156 3083 3404 3145 τοιαῦτα,
3425 3082 3561 3141 ἀλλά

1887 3182 2088 3252 πολλὴν
2115 3180 2334 3235 ἄπεισιν
2364 3177 2564 3249 ἔχουσα
2590 3175 2689 3249 τὴν
2722 3174 3019 3248 ἐμπορίαν*
3051 3173 3252 3251 μᾶλλον
3271 3173 3327 3228 δὲ
3352 3172 3444 3227 τὸν
3472 3172 3560 3227 λόρ
3585 3190 3601 3213 κ

1887 3288 1984 3342 γον
2016 3269 2224 3326 ἀνωθεν
2251 3267 2619 3339 ἐξετάσωμεν.

1943 3357 2193 3413 ΝΘ’.οὒκ
2201 3356 2572 3426 ἀναγκάζεται
2589 3357 3067 3428 πολυπραγμονεῖν
3080 3353 3171 3408 τὸν
3184 3369 3247 3407 νυ
3255 3349 3562 3423 μφίον,οὑδὲ

1893 3447 1967 3517 μὴ
1987 3462 2112 3501 τινα
2140 3444 2357 3515 ἀπάτην
2383 3444 2653 3515 ὑπομείνῃ
2678 3444 2916 3498 δέδοικεν
2935 3460 2951 3475 ο
2983 3441 3117 3506 Θεὸς
3145 3440 3257 3511 γάρ
3285 3441 3433 3493 ἐστιν
3464 3437 3566 3492 οὐκ

1889 3533 2195 3605 ἄνθρωπος.
2224 3530 2494 3603 δεσπότης
2518 3531 2619 3602 οὐχ
2646 3530 2957 3602 όμόδουλος.
2995 3529 3106 3583 Καὶ
3140 3527 3248 3583 τῶν
3288 3527 3387 3599 μὲν
3423 3543 3565 3598 νυμ-

1891 3622 2030 3692 φίων
2056 3621 2118 3676 τὸ
2148 3620 2311 3692 μέσον
2338 3618 2591 3674 τοσοῦτον
2611 3634 2625 3649 ο
2659 3619 2852 3673 σκόπει
2885 3618 2943 3671 δὲ
2969 3618 3064 3672 καὶ
3097 3616 3190 3670 ἐπὶ
3222 3614 3366 3669 τίσιν
3393 3614 3568 3687 ἀρμό-

1896 3710 2105 3776 ζονται.
2132 3709 2208 3763 Οὐ
2240 3708 2349 3780 γὰρ
2377 3706 2706 3779 ἀνδράποδα,
2744 3705 2863 3760 οὐδὲ
2897 3704 3004 3775 γῆς
3019 3703 3253 3775 πλέθρα,
3283 3701 3404 3755 οὐδὲ
3432 3700 3566 3754 τόσα

1892 3799 1988 3853 καὶ
2007 3799 2140 3853 τόσα
2164 3797 2389 3869 χρυσίου
2415 3795 2675 3860 τάλαντα,
2704 3792 2819 3847 ἀλλ’
2849 3792 3073 3865 οὐρανοὶ
3098 3790 3195 3845 κα).
3218 3788 3287 3843 τὰ
3313 3789 3371 3841 ὲν
3403 3787 3568 3858 ούρα-

1893 3888 2005 3952 νοίς
2036 3884 2219 3955 ἀγαθά
2253 3884 2325 3939 τά
2348 3884 2475 3939 ἕδνα
2500 3881 2709 3955 ταύτης
2737 3880 2840 3952 τῆς
2866 3881 3087 3952 νύμφης
3113 3876 3248 3931 έστί.
3276 3874 3421 3948 Πρὸς
3446 3872 3569 3927 τού-

1892 3992 2004 4039 τοις
2032 3975 2067 4046 ἡ
2116 3973 2218 4045 μὲν
2256 3971 2610 4044 γεγαμηκυία
2650 3969 2866 4043 φρίττει
2912 3967 3003 4022 τὸν
3057 3962 3290 4021 θάνατον
3343 3961 3453 4016 τῶν
3507 3979 3569 4014 τε

1895 4061 2069 4116 ἄλλων
2096 4060 2304 4123 ἕνεκεν,
2335 4061 2430 4114 καὶ
2458 4061 2542 4113 ὃτι
2567 4056 2662 4112 τοῦ
2694 4054 3071 4117 συνοικοῦντος
3102 4051 3271 4123 αὐτὴν
3310 4061 3333 4089 ο
3356 4049 3570 4113 διαζευ-

1895 4166 2083 4218 γνυσιν
2101 4163 2115 4178 ⁸
2145 4151 2179 4219 ἡ
2215 4148 2273 4202 δὲ
2307 4147 2574 4219 παρθένος
2602 4145 2698 4199 καὶ
2728 4143 2889 4197 ποθεῖ
2910 4142 3011 4212 τὴν
3041 4138 3319 4208 τελευτὴν,
3350 4136 3445 4190 καὶ
3474 4135 3569 4205 βα-

1898 4237 2118 4309 ρύνεται
2141 4239 2209 4306 τῇ
2237 4236 2373 4307 ζωῇ,
2406 4233 2712 4287 σπεύδουσα
2741 4231 2834 4285 τὸν
2862 4228 3096 4299 νυμφίον
3123 4226 3253 4280 ἰδεῖν
3276 4223 3569 4292 πρόσωπον

1896 4323 2034 4396 πρὸς
2066 4322 2380 4394 πρόσωπον,
2421 4320 2518 4373 καλ⁵
2544 4320 2644 4390 τῆς
2669 4317 2828 4388 δόξης
2853 4312 3161 4370 ἀπολαῦσαι
3196 4312 3435 4385 ἐκείνης.

1958 4412 2032 4465 Ξ’.
2047 4409 2184 4463 υῦτε
2203 4409 2260 4461 δὲ
2284 4408 2345 4461 τὸ
2375 4407 2535 4479 πενίᾳ
2563 4406 2731 4478 συζῇν
2761 4404 3012 4476 καθάπερ
3035 4401 3129 4456 ἐπὶ
3145 4400 3242 4456 τοῦ
3261 4400 3442 4472 γάμου
3465 4418 3571 4455 πα-

1900 4496 2174 4571 ραϐλάψαι
2210 4494 2416 4550 δύναιτ’
2450 4494 2518 4549 ἂν
2566 4493 2760 4563 αὐτὴν,
2792 4491 2930 4546 ἀλλά
2966 4490 3063 4546 καὶ
3097 4489 3298 4563 μᾶλλον
3326 4487 3570 4542 ποθεινο·

1898 4587 2061 4660 τέραν
2089 4583 2166 4656 τῷ
2196 4582 2417 4656 νυμφίῳ
2443 4584 2540 4655 τὴν
2571 4579 2804 4636 ἑκοῦσαν
2832 4579 2990 4634 τοῦτο
3006 4578 3383 4650 ὑπομένουσαν
3405 4578 3568 4641 ποιεῖ,

1898 4674 2021 4730 οὔτε
2059 4674 2122 4728 τὸ
2147 4675 2212 4727 ὲκ
2243 4671 2516 4728 ταπεινῶν
2545 4670 2847 4741 γεγονέναι,
2881 4668 3005 4723 οὔτε
3038 4667 3101 4721 τὸ
3138 4665 3213 4739 μὴ
3238 4664 3572 4749 διαλάμπειν

1898 4764 1997 4836 τὴν
2033 4763 2126 4817 τοῦ
2160 4761 2413 4834 σώματος
2449 4760 2622 4833 ὥραν,
2658 4756 2783 4814 οὔτε
2812 4756 2939 4814 ἀλλο
2974 4756 3082 4811 τῶν
3114 4754 3371 4809 τοιούτων
3399 4752 3570 4807 οὐδέν.

1898 4854 2010 4908 Καὶ
2036 4850 2089 4906 τί
2114 4848 2259 4922 λέγω
2282 4850 2453 4905 ταῦτα
2478 4867 2491 4915 ;
2519 4849 2625 4904 κᾶν
2663 4847 2771 4918 γὰρ
2804 4846 2939 4919 μηδὲ
2963 4843 3222 4916 ἐλευθέρα
3251 4839 3388 4897 οὖσα
3410 4842 3570 4913 τύχῃ.

1905 4941 2027 4996 οὑδὲ
2059 4936 2219 4995 τοῦτο
2256 4938 2426 5010 αὐτῆς
2456 4937 2778 5010 λυμαίνεται
2806 4934 2905 5007 τὴν
2930 4933 3248 5004 μνηστείαν,
3274 4931 3389 4985 ἀλλ’
3415 4932 3577 5001 ἀρκεῖ

1898 5029 2075 5101 ψυχὴν
2112 5026 2483 5094 ἐπιδείξασθαι
2518 5025 2710 5096 καλὴν,
2757 5024 2853 5077 καὶ
2884 5022 2993 5075 τῶν
3039 5020 3324 5093 πρωτείων
3365 5020 3569 5088 τυχεῖν.

1902 5118 2017 5172 Οὐκ
2053 5108 2201 5170 ἔστιν
2240 5117 2358 5168 ἐκεῖ
2382 5112 2685 5183 φοϐηθῆναι
2716 5109 3074 5182 ζηλοτυπίαν,
3104 5109 3204 5164 οὐκ
3224 5106 3373 5161 ἔστιν
3404 5105 3574 5176 ἀλγῆ-

1902 5221 1994 5258 σαι
2019 5201 2482 5272 διαφθονουμένην
2509 5200 2673 5271 ἑτέρα
2701 5198 2921 5267 γυναικὶ
2951 5198 3028 5261 ὡς
3059 5195 3429 5267 λαμπροτέρῳ
3456 5212 3575 5248 συν·

1904 5289 2209 5362 εζευγμένῃ
2232 5289 2408 5359 ἀνδρί.
2447 5287 2523 5341 Ού
2553 5286 2663 5359 γάρ
2695 5288 2844 5341 ἐστιν
2883 5288 3071 5357 ὅμοιος
3102 5283 3251 5353 αὐτῷ
3296 5283 3417 5337 οὐδὲ
3452 5284 3574 5346 ἴσος

1902 5378 2100 5443 οὐδεὶς,
2134 5376 2248 5431 ἀλλ’
2290 5375 2412 5429 οὐδὲ
2453 5375 2594 5429 κατά
2630 5374 2830 5447 μικρὸν
2870 5373 3073 5441 ιγγύςυ
3118 5374 3177 5425 ὲν
3207 5371 3265 5426 δὲ
3293 5370 3372 5442 τῷ
3411 5372 3576 5443 γάμῳ

1905 5465 2009 5519 κᾶν
2051 5464 2161 5519 τῶν
2196 5462 2401 5535 σφόδρα
2432 5463 2808 5518 πλουτούντων
2856 5462 2950 5515 καὶ
3005 5459 3219 5531 μεγάλα
3257 5459 3574 5531 δυναμένων

1904 5554 2001 5623 ἔχῃ
2050 5568 2137 5615 τις
2188 5549 2378 5622 ἀνδρα,
2416 5550 2531 5606 ἀλλ’
2584 5552 2736 5621 ὅμως
2760 5545 2981 5602 δύναιτ’
3022 5545 3090 5601 ἀν
3140 5546 3336 5623 έτέραν
3392 5541 3576 5613 εὑρεῖν

1906 5620 2085 5710 πολλῷ
2130 5620 2352 5711 μείζονα
2381 5620 2633 5712 ἔχουσαν.
2646 5639 2774 5709 εοὺχ
2817 5634 2894 5698 ὡς
2936 5633 3097 5707 ἔτυχε
3128 5620 3188 5688 δὲ
3232 5634 3446 5689 ἐλαττοῖ
3477 5628 3577 5698 τὴν

1970 5755 1998 5795 ιι
2018 5754 2192 5805 Mure].
2217 5761 2269 5803 et
2289 5754 2441 5807 Savil.
2471 5758 2519 5806 in
2545 5760 2687 5805 textu
2708 5754 3101 5817 προπεμπόντων,
3124 5750 3253 5816 Reg.
3276 5755 3328 5801 et
3350 5747 3502 5797 Sam.
3527 5754 3579 5789 In

1907 5830 2057 5928 manii
2074 5818 2502 5882 ⁴προπεμπέτωσαν.
2586 5843 2601 5851 ο

1974 5889 1997 5917 ο
2063 5890 2149 5928 (Ὶζ.
2174 5881 2279 5928 ’.Ὸὺς
2312 5876 2601 5928 συνοικοῦντι

1974 5889 1997 5917 ο
2012 5876 2149 5941 Ἡοέ.
2174 5876 2279 5934 ’.οὓς
2312 5876 2643 5936 συνοικοῦντας
2667 5880 2806 5936 αύτῆ,

3147 5956 3199 6019 σε
