4056 6208
283 262 378 319 581

277 383 451 438 multo
490 378 680 451 majori
726 388 963 450 nuptam.
1011 378 1125 434 Non
1174 394 1360 450 parum
1399 390 1575 437 autem
1606 383 1872 437 minorum

277 472 608 546 przestantia:
627 470 972 542 voluptatem,
991 471 1252 541 majorum
1274 473 1631 541 praecellentia
1661 474 1871 530 minuit.

278 566 484 622 Verum
523 564 711 634 ingens
752 563 908 630 auri,
955 567 1217 632 vestium,
1263 580 1500 631 mensae,
1545 566 1877 636 aliarumque

274 671 463 712 rerum
500 654 669 724 copia:
696 654 853 709 luxus
876 695 893 721 ,
922 655 1161 710 animum
1190 642 1449 712 inescabit
1472 665 1527 712 et
1550 657 1787 713 alliciet?
1817 658 1881 712 Et

270 755 411 817 quot
438 745 692 800 mulieres
716 744 780 799 iis
800 744 1112 815 potiuntur?
1137 747 1564 816 quandoquidem
1589 748 1761 819 major
1784 748 1882 803 bo-

272 837 489 892 minum
532 850 656 906 pars
685 836 740 890 in
784 836 961 907 inopia
984 879 1000 905 ,
1029 838 1284 894 :erumnis
1317 853 1380 894 ac
1410 839 1681 895 laboribus
1709 840 1874 911 degit.

271 932 439 1000 Quod
462 931 510 988 si
538 932 729 1002 aliqua:
754 932 821 987 iis
850 934 1152 1003 potiuntur,
1184 934 1473 989 admodum
1494 944 1620 991 sunt
1646 950 1827 1004 paucae
1853 977 1869 1004 ,

271 1033 332 1080 et
362 1039 508 1095 quas
541 1022 697 1080 facile
720 1025 792 1078 sit
829 1040 1148 1091 numerare,
1179 1041 1364 1097 eteque
1392 1028 1521 1096 ipsae
1548 1036 1742 1097 prteter
1785 1028 1882 1084 Dei

270 1113 607 1171 sententiam
634 1113 867 1182 faciunt;
900 1116 1029 1170 nulli
1057 1117 1199 1171 enim
1227 1118 1306 1173 las
1335 1127 1419 1174 est
1442 1118 1495 1174 in
1518 1119 1584 1174 iis
1607 1118 1842 1175 deliciari
1862 1161 1879 1188 ,

269 1209 434 1280 quod
463 1220 522 1266 et
549 1211 792 1280 superius
832 1211 1183 1267 ostendimus.
1477 1223 1487 1229 '

342 1302 497 1358 LXI.
539 1303 733 1358 Aurum
769 1320 939 1373 gerere
976 1313 1137 1359 metus
1162 1320 1316 1372 quam
1340 1305 1611 1375 uoluptatis
1640 1305 1753 1376 plus
1791 1305 1884 1359 Ita-

268 1392 498 1449 bere.â€”
512 1392 619 1450 Sed
635 1408 734 1464 age
754 1394 1057 1464 disputandi
1082 1395 1275 1451 iterum
1292 1410 1452 1452 causa
1478 1404 1535 1451 et
1556 1395 1652 1450 has
1668 1395 1885 1452 delicias

270 1498 574 1539 concessas
603 1499 884 1554 ponamus,
915 1500 1089 1555 neque
1108 1495 1199 1541 aut
1220 1485 1536 1558 prophetam
1554 1496 1644 1541 aut
1660 1486 1884 1542 Paulum

272 1575 591 1631 luxuriosas
648 1576 900 1631 mulieres
948 1576 1126 1632 odisse
1167 1594 1181 1630 :
1231 1592 1490 1647 quorsum
1557 1578 1674 1632 auri
1738 1577 1885 1633 vim?

270 1667 491 1738 Nempe
511 1668 645 1722 nihil
670 1668 772 1724 nisi
799 1668 995 1723 invidia
1030 1677 1133 1736 est,
1164 1683 1292 1725 cura
1312 1678 1368 1725 et
1393 1680 1568 1725 metus
1597 1668 1739 1725 haud
1762 1670 1885 1726 vul-

272 1760 450 1829 garis.
480 1758 617 1814 Nam
660 1767 717 1814 et
753 1775 819 1817 eo
856 1762 911 1815 in
948 1760 1221 1832 capsulam
1250 1760 1495 1831 conjecto
1522 1775 1586 1817 ac
1609 1770 1765 1817 nocte
1800 1761 1885 1816 in-

274 1863 513 1925 gruente
538 1856 686 1910 curis
727 1865 1014 1926 anguntur,
1062 1864 1119 1912 et
1144 1871 1212 1912 eo
1238 1856 1434 1912 indutae
1463 1865 1622 1927 atque
1656 1856 1886 1912 interdiu

276 1960 464 2016 mque,
504 1946 615 2003 imo
638 1947 802 2003 etiam
842 1948 1032 2019 magis,
1072 1948 1445 2003 sollicitantur.
1487 1948 1701 2004 Etenim
1738 1955 1795 2004 et
1830 1947 1884 2003 in

278 2035 498 2092 balneis
521 2046 575 2092 et
600 2037 655 2092 in
678 2037 891 2108 templis
911 2046 1108 2109 prasto
1135 2049 1262 2093 sunt
1279 2037 1490 2094 feminae
1511 2054 1629 2110 quin
1654 2039 1709 2094 id
1731 2053 1885 2096 com-

280 2130 468 2201 piluit
491 2147 509 2184 :
532 2144 595 2186 ac
630 2130 766 2186 citra
794 2146 888 2187 eas
916 2146 1129 2202 quoque
1153 2132 1412 2203 aurigam
1444 2147 1473 2185 a
1503 2118 1657 2187 turba
1683 2144 1886 2203 pressae

284 2232 350 2279 et
387 2223 632 2294 impulsas
678 2238 782 2280 nec
834 2225 1072 2281 sentiunt
1117 2225 1331 2297 quidem
1382 2225 1499 2280 auri
1535 2224 1638 2280 sibi
1686 2223 1885 2294 aliquid

279 2315 552 2384 elapsum.
607 2314 789 2386 itaque
840 2316 1023 2372 multae
1065 2331 1172 2373 non
1211 2317 1327 2374 hinc
1361 2317 1556 2381 solum,
1590 2316 1687 2372 sed
1717 2316 1885 2372 multo

277 2406 449 2460 etiam
478 2406 802 2476 pretiosiora
826 2406 1067 2473 monilia,
1098 2415 1154 2463 et
1176 2406 1466 2463 rarissimis
1484 2406 1711 2478 gemmis
1726 2406 1885 2462 ador-

279 2507 437 2562 nata,
461 2498 680 2554 revulsa
703 2513 770 2555 ac
787 2499 1008 2570 delapsa
1036 2499 1402 2570 perdiderunt.

352 2589 527 2645 LXII.
558 2590 733 2646 Aurea
767 2602 1069 2646 ornamenta
1101 2601 1149 2647 et
1182 2595 1362 2663 format
1393 2607 1590 2657 nocere,
1629 2602 1676 2647 et
1698 2608 1886 2663 augere

275 2680 686 2751 deformitatem.
711 2712 785 2725 --
808 2684 921 2754 Age
945 2697 1077 2739 vero
1113 2699 1288 2753 neque
1317 2682 1407 2739 hic
1446 2692 1621 2739 terror
1658 2683 1748 2750 sit,
1788 2683 1884 2739 sed

278 2776 406 2833 haec
424 2777 586 2834 etiam
603 2792 731 2833 cura
745 2785 990 2848 exempta
1003 2778 1073 2833 sit
1091 2795 1105 2832 :
1123 2779 1213 2848 qui
1234 2776 1433 2833 refert?
1450 2776 1878 2848 Viditquispiam,

276 2871 481 2941 inquit,
532 2884 598 2926 ac
633 2872 856 2925 miratus
893 2879 995 2927 est.
1032 2871 1103 2925 At
1139 2885 1246 2925 non
1290 2878 1555 2937 ornatam,
1596 2868 1693 2925 sed
1719 2883 1883 2924 orna-

276 2970 491 3028 menta,
531 2961 680 3017 illam
719 2970 898 3017 autem
935 2975 1079 3031 saepe
1112 2962 1199 3016 vel
1238 2960 1308 3016 oh
1335 2975 1398 3016 ea
1426 2960 1739 3016 criminatus
1777 2968 1881 3025 est,

278 3052 444 3121 quasi
469 3060 667 3121 prteter
693 3051 1005 3122 dignitatem
1032 3052 1096 3107 iis
1122 3061 1386 3107 ornatam.
1422 3050 1555 3106 Nam
1584 3051 1628 3106 si
1651 3051 1883 3107 formosa

280 3143 378 3207 sit,
408 3148 616 3196 natura:
652 3142 1105 3212 pulchritudinem
1150 3142 1329 3212 perdit
1359 3159 1373 3194 :
1403 3141 1664 3212 siquidem
1696 3142 1884 3213 ingens

281 3235 380 3290 ille
410 3234 643 3290 mundus
666 3250 785 3290 eam
814 3234 1013 3290 nudam
1038 3249 1300 3305 apparere
1323 3251 1428 3290 non
1457 3235 1734 3304 permittit,
1767 3250 1883 3289 ma-

278 3338 448 3394 gnam
487 3324 608 3394 ejus
637 3336 841 3394 partem
874 3325 1121 3381 auferens
1152 3343 1169 3379 :
1211 3327 1294 3381 sin
1338 3334 1475 3381 tetra
1514 3341 1580 3381 ac
1603 3325 1880 3393 deformis,

281 3416 371 3469 vel
405 3428 472 3469 eo
492 3414 790 3485 turpiorem
819 3431 879 3470 se
905 3416 1491 3472 exhibetuDeformitas
1526 3417 1666 3471 enim
1692 3417 1885 3488 ubique

281 3505 403 3560 sola
441 3519 731 3575 apparens,
770 3515 1197 3577 quantacumque
1240 3517 1341 3575 est,
1378 3515 1601 3578 apparet
1627 3516 1832 3564 tantum
1866 3527 1879 3563 :

282 3596 431 3667 quod
458 3598 505 3651 si
531 3598 861 3668 gemmarum
891 3598 1164 3670 splendor,
1205 3607 1298 3656 aut
1331 3602 1551 3659 alterius
1569 3602 1881 3673 cujusquam

283 3686 529 3742 materiae
549 3686 890 3757 pulchritudo
904 3689 1267 3757 admoveatur,
1296 3690 1552 3748 foeditatis
1577 3693 1694 3762 plus
1722 3694 1881 3749 etiam

288 3777 581 3832 contrahit.
630 3777 763 3833 Nam
802 3787 856 3834 et
886 3781 1130 3851 corporis
1171 3792 1404 3837 atrorem
1433 3782 1601 3838 multo
1628 3785 1880 3840 atriorem

287 3869 578 3927 imminens
611 3873 911 3944 margarita:
944 3873 1146 3940 lumen,
1184 3883 1236 3930 et
1266 3883 1533 3946 tamquam
1571 3878 1623 3931 in
1650 3876 1883 3933 tenebris

286 3960 515 4025 micans,
556 3972 929 4030 repraesentat,
972 3973 1027 4018 et
1052 3964 1164 4020 oris
1200 3966 1513 4034 pravitatem
1542 3966 1768 4023 vestium
1797 3967 1882 4023 di-

288 4053 429 4107 versi
452 4052 669 4109 colores
689 4054 844 4125 longe
873 4055 1149 4112 tetriorem
1171 4056 1558 4125 demonstrant,
1585 4058 1675 4129 qui
1706 4059 1883 4116 vultus

286 4141 518 4199 formam
550 4156 582 4197 a
616 4146 1005 4215 spectatoribus
1044 4149 1267 4203 seorsim
1303 4149 1511 4205 censeri
1548 4164 1655 4205 non
1681 4150 1879 4219 sinant,

288 4234 526 4291 sedeam
547 4237 643 4294 illo
667 4245 786 4294 arte
811 4239 1036 4308 quzesito
1061 4241 1360 4312 eximioque
1383 4241 1579 4298 decore
1602 4243 1879 4299 collatam:

291 4326 439 4383 unde
476 4327 551 4394 fit,
604 4337 663 4385 ut
711 4332 881 4402 magis
922 4335 1163 4403 superari
1202 4333 1462 4389 videatur.
1499 4335 1702 4389 Aurum
1738 4335 1881 4391 enim

290 4418 493 4487 passim
521 4420 763 4477 vestibus
785 4422 1110 4492 inspersum,
1151 4431 1311 4495 atque
1335 4424 1470 4480 varii
1497 4425 1674 4495 operis
1700 4424 1879 4481 diver-

292 4511 420 4566 sitas
447 4513 735 4585 omnisque
758 4514 995 4586 reliquus
1025 4525 1244 4572 ornatus
1270 4526 1352 4574 est
1373 4518 1524 4588 quasi
1549 4518 1760 4589 quidam
1784 4533 1882 4588 pu-

291 4593 360 4671 gil
381 4602 526 4661 bono
565 4604 753 4661 habitu
779 4620 842 4662 ac
872 4605 1147 4674 robustus,
1185 4608 1277 4679 qui
1308 4608 1557 4666 scabrum
1596 4609 1879 4679 quemdam

290 4701 343 4747 et
377 4702 592 4766 turpem
632 4711 695 4752 ac
731 4698 1018 4769 strigosum
1060 4699 1425 4755 adversarium
1462 4700 1722 4770 repulerit
1762 4718 1776 4755 :
1811 4702 1881 4758 ad

288 4787 534 4844 eumdem
562 4788 781 4845 modum
801 4800 1023 4846 ornatus
1050 4792 1156 4859 ille,
1180 4793 1357 4848 vultus
1384 4793 1669 4864 splendore
1693 4804 1879 4865 erepto

287 4882 448 4947 atque
472 4876 739 4947 detracto,
773 4881 1014 4936 omnium
1044 4881 1098 4937 in
1127 4897 1188 4938 se
1212 4883 1380 4938 oculis
1408 4885 1701 4949 conversis,
1732 4885 1875 4939 illam

289 4968 457 5037 magis
485 4968 802 5038 ridiculum,
832 4984 892 5027 se
927 4973 981 5026 in
1013 4973 1199 5041 primis
1228 4974 1621 5044 suspiciendum
1653 4975 1874 5045 pra-bet.

354 5057 543 5116 Î¹Î¹á¿Î¹Î¹.
591 5061 719 5128 Qui:
740 5063 1034 5134 tirginitatis
1044 5066 1252 5121 mundus
1279 5079 1321 5121 ct
1340 5085 1449 5135 qua:
1465 5066 1877 5139 pulchritudo.â€”

287 5150 356 5205 At
382 5165 491 5207 non
521 5151 785 5222 ejusmodi
810 5161 894 5210 est
919 5155 1235 5226 virginitatis
1264 5164 1501 5221 ornatus,
1530 5173 1700 5229 neque
1725 5157 1880 5212 indu-

288 5250 391 5295 tam
410 5240 693 5298 defraudat
718 5260 731 5295 :
753 5244 843 5314 qui
873 5260 972 5301 nec
990 5247 1283 5316 corporalis
1297 5247 1384 5313 sit,
1403 5247 1496 5303 sed
1525 5250 1685 5305 animi
1715 5259 1873 5306 totus.

288 5325 470 5403 itaque
485 5346 585 5389 seu
606 5331 863 5391 deformis
885 5336 975 5403 sit,
1000 5339 1239 5407 protinus
1261 5338 1650 5396 deformitatem
1682 5352 1872 5411 mutat,

288 5422 526 5479 adhibito
549 5425 952 5497 incomparabili
982 5441 1172 5487 ornatu
1203 5450 1216 5485 :
1244 5447 1339 5487 seu
1366 5443 1585 5488 venusta
1608 5445 1661 5489 et
1686 5435 1872 5502 nitida,

290 5510 631 5572 illustriorem
653 5517 845 5573 reddit.
874 5518 1146 5591 Siquidem
1173 5539 1279 5579 non
1317 5538 1541 5595 gemma:
1582 5534 1636 5579 et
1663 5540 1871 5593 aurum,

292 5615 396 5660 non
422 5607 655 5663 vestium
698 5609 876 5677 luxus,
913 5628 1014 5670 non
1056 5615 1296 5672 colorum
1341 5614 1502 5670 liores
1544 5615 1675 5670 varii
1715 5626 1874 5688 atque

294 5699 738 5769 sumptuosihnon
759 5700 859 5760 alia
879 5702 927 5759 id
947 5719 1107 5779 genus
1123 5725 1209 5768 res
1230 5706 1453 5774 caduca,
1468 5706 1673 5763 animos
1690 5717 1862 5771 ornat,

1617 269 1706 326 DE
1748 269 2208 329 VIRGINITATE.

3462 282 3565 337 58?.

1982 384 2076 440 sed
2108 401 2292 443 eorum
2324 387 2441 445 loco
2484 389 2704 461 jejunio,
2759 403 2941 451 sancta
2982 396 3274 469 pervigilia,
3323 398 3567 464 comitas,

1984 475 2266 546 modestia,
2298 492 2604 549 paupertas,
2638 480 2915 550 fortitudo,
2948 485 3239 555 humilitas,
3264 489 3570 551 tolerantia,

1983 568 2219 622 omnium
2263 570 2419 637 plane
2445 571 2568 626 vita:
2611 572 2769 644 hujus
2803 575 2982 631 rerum
3014 576 3318 648 despectus.
3351 580 3486 635 Nam
3518 591 3574 637 et

1984 659 2168 715 oculus
2194 661 2242 715 ei
2274 669 2380 717 tam
2407 664 2630 732 pulcher
2652 674 2811 737 atque
2837 668 3043 738 lepidus
3063 681 3161 736 est,
3197 682 3253 727 ut
3278 688 3374 743 pro
3401 672 3573 729 homi-

1983 750 2141 807 nibus
2161 752 2503 823 incorporeas
2532 755 2787 824 Virtutes,
2831 774 3124 831 earumque
3158 763 3443 820 Dominum
3472 764 3569 820 ha-

1982 840 2107 896 beat
2139 852 2430 901 amatorem
2467 864 2481 900 :
2522 857 2625 902 tam
2649 858 2903 920 purgatus
2947 866 3011 906 ac
3038 853 3341 922 perspicax,
3385 863 3446 910 ut
3474 850 3571 925 pro

1983 947 2246 1006 corporea
2275 937 2645 1008 incorpoream
2673 941 3122 1010 pulchritudinem
3148 943 3331 1000 videre
3355 946 3526 1015 possit
3556 964 3571 1000 :

1987 1034 2094 1080 tam
2123 1028 2298 1082 suavis
2317 1044 2381 1083 ac
2407 1044 2649 1097 serenus,
2670 1040 2727 1087 ut
2752 1047 2849 1088 nec
2869 1033 3151 1089 adversum
3169 1034 3381 1091 assidue
3407 1036 3575 1091 laces-

1986 1126 2166 1173 sentes
2189 1133 2254 1175 ac
2267 1120 2518 1176 molestos
2538 1121 2787 1178 ellâ€˜eretur
2813 1133 2868 1179 et
2893 1124 3148 1194 insurgat,
3181 1124 3275 1179 sed
3300 1139 3392 1180 eos
3412 1125 3572 1180 etiam

1985 1209 2178 1267 blande
2193 1221 2352 1283 atque
2375 1218 2600 1270 comiter
2616 1217 2894 1285 inspectet.
2918 1216 3035 1272 Jam
3052 1233 3179 1272 vero
3204 1233 3265 1273 ea
3291 1226 3373 1273 est
3393 1217 3575 1272 mode-

1987 1303 2108 1371 stia,
2139 1313 2199 1359 ut
2227 1306 2315 1361 vel
2356 1307 2606 1377 impudici
2646 1310 2861 1380 quique,
2898 1311 2944 1365 si
2984 1310 3035 1364 in
3074 1326 3190 1366 eam
3218 1320 3465 1367 accurate
3494 1313 3577 1366 in-

1966 1404 2256 1464 tueantur,
2308 1399 2581 1468 pudeliant
2622 1408 2677 1456 et
2705 1401 3021 1457 erubescant
3058 1417 3122 1457 ac
3159 1400 3395 1458 furorem
3420 1419 3574 1458 suum

1987 1490 2282 1545 remittant.
2330 1493 2409 1547 Ac
2451 1492 2597 1548 velut
2651 1494 2842 1549 ancilla
2887 1493 3130 1550 honestae
3181 1493 3571 1550 matrifamilias

1988 1581 2248 1665 serviens,
2273 1582 2387 1650 ipsa
2411 1597 2623 1653 quoque
2642 1584 2769 1639 velit
2800 1584 2935 1639 nolit
2953 1583 3216 1654 ejusmodi
3233 1585 3303 1639 sit
3327 1593 3571 1655 oportet:

1988 1670 2061 1726 ita
2090 1680 2145 1727 et
2170 1686 2363 1742 corpus
2402 1673 2595 1730 animae
2622 1682 2731 1729 tam
2760 1674 3091 1745 philosopha:
3127 1674 3195 1730 ad
3231 1677 3349 1746 ejus
3390 1684 3573 1730 nutum

1988 1777 2176 1819 omnes
2195 1775 2371 1821 motus
2396 1779 2523 1821 suos
2548 1765 2743 1836 dirigat
2775 1758 3008 1835 oportet.
3038 1764 3170 1820 Nam
3199 1774 3255 1821 et
3281 1765 3488 1833 oculus,
3521 1776 3577 1822 et

1989 1854 2190 1926 lingua,
2218 1865 2274 1912 et
2306 1858 2536 1924 habitus,
2568 1866 2623 1913 et
2651 1859 2941 1930 ingressus,
2968 1865 3023 1913 et
3056 1857 3275 1915 omnino
3303 1857 3480 1913 omnia
3508 1856 3578 1913 ad

1989 1946 2254 2002 internam
2306 1947 2642 2019 disciplinam
2689 1949 3123 2017 conformantur,
3170 1950 3429 2021 quasique
3474 1965 3577 2004 un-

1987 2046 2241 2109 guentum
2258 2042 2572 2111 pretiosum,
2603 2045 2943 2113 quantumvis
2958 2043 3014 2099 in
3029 2058 3126 2099 vas
3148 2044 3429 2110 inclusum,
3451 2057 3580 2099 aere

1990 2129 2273 2201 fragrantia
2295 2146 2389 2188 sua
2411 2141 2681 2204 tamquam
2704 2134 2961 2201 delibuto,
2982 2150 3088 2190 non
3111 2134 3386 2190 intraneos
3401 2133 3575 2189 solum

1987 2231 2042 2278 et
2080 2226 2374 2293 proximos,
2419 2225 2514 2280 sed
2552 2234 2838 2282 extraneos
2870 2226 3032 2282 etiam
3075 2240 3265 2281 omnes
3305 2225 3578 2295 voluptate

1988 2315 2198 2385 replet:
2240 2316 2311 2370 ita
2355 2325 2410 2372 et
2436 2316 2656 2387 virginis
2695 2317 2889 2372 animae
2917 2317 3203 2388 fragrantia
3242 2331 3432 2372 sensus
3473 2316 3577 2370 cir-

1988 2403 2284 2461 cumfluens
2314 2407 2455 2461 intus
2482 2406 2708 2476 positam
2730 2406 2980 2462 virtutem
3004 2407 3267 2472 ostendit,
3316 2415 3370 2462 et
3397 2406 3577 2462 aureis

1988 2497 2266 2554 modestiae
2293 2497 2461 2554 frenis
2510 2498 2756 2554 omnibus
2803 2498 3015 2569 injectis
3048 2512 3218 2568 equos
3257 2497 3495 2568 singulos
3521 2497 3576 2551 in

1988 2604 2196 2645 summa
2223 2591 2582 2647 concinnitate
2613 2597 2792 2647 tuetur
2823 2607 2837 2644 :
2870 2603 3044 2660 neque
3078 2598 3170 2644 aut
3190 2590 3427 2659 linguam
3451 2586 3579 2643 sinit

1989 2681 2249 2737 absonum
2279 2682 2478 2752 aliquid
2515 2691 2570 2738 et
2607 2683 3020 2753 incompositum
3047 2680 3218 2749 eliari,
3245 2691 3338 2736 aut
3365 2680 3576 2736 oculum

1989 2772 2079 2827 vel
2109 2772 2450 2843 impudenter
2476 2788 2541 2829 ac
2564 2774 2862 2845 suspiciose
2891 2783 3155 2844 spectare,
3186 2781 3279 2829 aut
3302 2787 3461 2828 aures
3489 2772 3578 2828 in-

1988 2854 2186 2918 decens
2214 2863 2429 2934 aliquod
2468 2878 2684 2919 carmen
2711 2864 3015 2921 admittere.
3055 2865 3194 2932 Quin
3224 2871 3282 2921 et
3302 2864 3497 2935 pedum
3526 2864 3575 2919 ei

1986 2969 2115 3011 cura
2142 2964 2244 3022 est,
2285 2971 2354 3012 ne
2393 2956 2683 3013 dissolutus
2716 2966 2877 3028 atque
2905 2956 3106 3024 mollis,
3141 2956 3234 3012 sed
3277 2956 3503 3027 simplex
3522 2967 3580 3012 et

1988 3046 2321 3104 inalfectatus
2366 3051 2441 3104 sit
2482 3050 2756 3116 incessus;
2820 3049 3071 3119 omnique
3117 3049 3346 3104 vestium
3383 3059 3578 3104 ornatu

1987 3138 2203 3211 abjecto'
2231 3142 2436 3196 vultum
2467 3156 2679 3212 quoque
2706 3140 2921 3196 assidue
2965 3148 3167 3206 monet,
3206 3154 3276 3196 ne
3323 3139 3432 3196 risu
3467 3138 3573 3195 dif-

1988 3233 2151 3289 ï¬‚uat:
2183 3232 2291 3289 imo
2328 3241 2388 3289 ut
2412 3247 2512 3289 nec
2535 3233 2723 3289 leviter
2748 3232 2939 3301 rideat,
2971 3232 3065 3289 sed
3092 3247 3252 3303 grave
3284 3246 3497 3303 semper
3520 3242 3577 3287 et

1987 3334 2262 3381 austerum
2288 3324 2631 3395 supercilium
2659 3331 3028 3394 repraesentet,
3061 3322 3130 3378 ad
3156 3323 3420 3394 lacrymas
3448 3336 3573 3393 per-

1989 3426 2150 3487 petuo
2174 3425 2380 3487 parata,
2406 3416 2474 3472 ad
2501 3418 2666 3472 risum
2698 3429 3008 3487 numquam.
3038 3424 3043 3429 â€™

2057 3505 2244 3563 LXIV.
2277 3506 2405 3575 Quae
2431 3518 2636 3578 propter
2668 3505 2923 3563 Christum
2960 3507 3208 3579 patimur,
3248 3522 3306 3560 ea
3335 3505 3449 3560 licet
3486 3505 3577 3559 tri-

1987 3598 2085 3652 stia
2109 3600 2208 3652 sint
2228 3598 2539 3668 uoluptatem
2565 3598 2841 3652 habere.â€”-
2860 3599 3034 3668 Atque
3060 3597 3148 3653 hic
3170 3612 3291 3652 cum
3310 3597 3574 3668 lacrymas

1987 3688 2161 3755 audis,
2185 3687 2317 3745 nibll
2342 3690 2588 3745 tetricum
2615 3687 2757 3760 finge
2785 3706 2799 3744 :
2828 3686 3030 3745 habent
3052 3688 3195 3744 enim
3221 3704 3299 3745 etc
3323 3689 3575 3760 lacryma:

1987 3787 2187 3835 tantam
2219 3780 2564 3851 voluptatem,
2601 3790 2852 3851 quantam
2889 3795 2989 3837 nec
3017 3779 3174 3851 hujus
3200 3780 3385 3836 mundi
3410 3781 3571 3836 risus.

1986 3872 2081 3928 Sin
2106 3872 2325 3938 diffidis,
2352 3873 2474 3929 audi
2500 3873 2764 3930 dicentem
2786 3874 3007 3942 Lucam,
3029 3874 3336 3931 verberatos
3359 3883 3575 3946 aposto-

1987 3964 2066 4019 los
2091 3964 2244 4020 lmtos
2274 3979 2339 4021 ex
2365 3966 2594 4022 concilio
2627 3967 2941 4023 discessisse
2980 3965 3116 4037 (Act.
3143 3968 3197 4025 5.
3220 3968 3333 4040 40).
3374 3968 3444 4022 At
3467 3982 3573 4024 non

1985 4071 2048 4111 ea
2077 4066 2160 4111 est
2185 4057 2466 4112 verberum
2492 4066 2683 4113 natura
2711 4074 2725 4112 :
2755 4073 2861 4113 non
2883 4058 3025 4113 enim
3048 4058 3367 4127 voluptatem
3397 4072 3462 4113 ac
3486 4058 3575 4112 la:-

1986 4147 2176 4214 titiam,
2220 4148 2316 4203 sed
2345 4148 2559 4205 dolores
2596 4149 2939 4219 laboremque
2976 4147 3166 4203 afferre
3198 4149 3405 4204 solent.~
3431 4146 3573 4203 Sane

1985 4254 2093 4293 non
2128 4254 2190 4292 ea
2217 4249 2302 4294 est
2329 4238 2611 4294 verberum
2649 4247 2858 4301 natura,
2902 4237 2996 4293 sed
3025 4235 3324 4293 Christiana
3350 4236 3481 4291 fides
3509 4251 3574 4291 ea

1985 4337 2087 4396 est,
2119 4340 2177 4383 ut
2196 4329 2296 4397 ipsi
2313 4329 2473 4384 etiam
2495 4344 2673 4383 rerum
2697 4338 2902 4382 naturae
2929 4328 3173 4398 imperet.
3200 4325 3352 4397 Quod
3375 4326 3423 4381 si
3448 4341 3573 4382 ver-

1984 4420 2110 4476 bera
2139 4420 2463 4493 voluptatem
2515 4418 2793 4490 pariebant
2835 4427 3051 4489 propter
3105 4416 3397 4485 Christum,
3446 4416 3574 4487 quid

1985 4513 2176 4568 mirum
2195 4513 2239 4568 si
2262 4522 2317 4568 et
2336 4513 2586 4584 lacryma:
2613 4511 2751 4567 i'dem
2775 4518 3028 4582 praestent
3050 4519 3265 4581 propter
3288 4508 3574 4565 eumdem?

1984 4603 2163 4675 Itaque
2188 4619 2345 4675 quam
2368 4612 2644 4673 angustam
2672 4609 2725 4657 et
2740 4617 3098 4657 :erumnosam
3117 4602 3255 4680 viam
3277 4600 3429 4665 dixit,
3452 4615 3571 4654 eam

1983 4713 2193 4753 rursum
2218 4707 2271 4751 et
2295 4697 2481 4767 jugum
2520 4711 2688 4753 suave
2728 4704 2782 4751 et
2810 4711 2944 4750 onus
2969 4696 3088 4750 leve
3116 4694 3350 4764 appellat
3390 4710 3403 4745 :
3438 4680 3572 4747 nam
3601 4732 3607 4740 .

1984 4788 2059 4843 rei
2090 4787 2305 4858 quidem
2335 4788 2449 4843 haec
2484 4797 2671 4842 natura
2706 4796 2809 4854 est,
2852 4785 2947 4840 sed
2976 4786 3151 4839 studio
3179 4792 3336 4853 atque
3362 4797 3455 4851 Spe
3481 4798 3572 4835 eo-

1982 4896 2099 4934 rum
2126 4880 2215 4950 qui
2268 4879 2647 4950 perfungantur
2684 4878 2969 4933 admodum
3010 4877 3067 4930 lit
3108 4876 3237 4931 levis
3268 4874 3482 4945 (Matth.
3512 4874 3567 4926 7.

1985 4972 2073 5027 15.
2104 4981 2150 5025 et
2182 4971 2269 5026 ll.
2306 4972 2418 5043 50).
2452 4970 2629 5038 Quare
2672 4969 2963 5024 alacriores
3012 4967 3173 5022 etiam
3214 4965 3432 5031 videas,
3481 4965 3570 5034 qui

1982 5071 2182 5116 arctam
2209 5070 2266 5116 ct
2300 5076 2654 5117 aerumnosam
2686 5063 2824 5114 viam
2851 5060 2958 5113 sint
2995 5057 3247 5129 amplexi,
3284 5070 3444 5126 quam
3481 5055 3571 5123 qui

1981 5152 2142 5206 latam
2189 5160 2349 5221 atque
2390 5151 2701 5221 spatiosam,
2752 5150 2853 5205 iter
2881 5148 3092 5213 facere;
3142 5140 3247 5201 noit
3284 5144 3427 5215 quod
3465 5160 3568 5198 non

1980 5243 2325 5310 afï¬‚ictentur,
2355 5243 2449 5297 sed
2480 5242 2620 5313 quod
2653 5241 3085 5298 afflictationibus
3113 5237 3451 5295 sublimiores
3483 5237 3566 5291 ni-

1979 5336 2053 5392 hil
2082 5338 2150 5392 ab
2180 5337 2244 5392 iis
2287 5335 2548 5407 ejusmodi
2589 5337 2878 5407 patiantur,
2930 5348 3049 5404 qua:
3093 5332 3267 5387 solent
3301 5329 3390 5384 alii
3435 5330 3567 5400 pati.

1980 5428 2151 5482 Habet
2175 5428 2317 5482 enim
2354 5442 2505 5498 atque
2532 5436 2587 5482 et
2615 5427 2729 5482 haec
2758 5428 2860 5481 vita
2889 5424 3277 5489 afï¬‚ictationes,
3324 5421 3419 5477 sed
3447 5437 3568 5494 quse

1980 5522 2025 5577 si
2053 5536 2174 5576 cum
2205 5522 2311 5576 illis
2346 5523 2671 5578 matrimonii
2696 5522 3054 5585 conferantur,
3090 5534 3159 5575 ne
3194 5517 3574 5573 afï¬‚ictationcs

1979 5614 2192 5685 quidem
2221 5616 2327 5670 sint
2354 5615 2615 5672 dicendte.

2052 5708 2211 5765 LXV.
2260 5708 2479 5768 Labores
2505 5709 2801 5781 virginitatis
2842 5708 3057 5763 minores
3093 5705 3345 5765 doloribus
3383 5716 3566 5775 partus
