4056 6208
517 252 624 308 585

517 367 604 433 qui
632 369 927 441 coniugium
955 372 1277 432 comitantur.
1298 408 1371 419 —
1395 379 1531 448 Quid
1557 366 1721 448 enim,
1749 400 1931 456 quteso
1953 431 1969 454 ,
1999 389 2104 445 tale

516 473 613 527 per
637 475 848 516 onmem
876 464 1035 519 vitam
1065 467 1214 539 virgo
1244 471 1491 538 sustinet,
1513 474 1670 543 quale
1696 489 1832 544 pene
1853 477 1905 532 in
1935 492 2104 536 annos

518 550 707 621 eonjux
744 554 1017 613 doloribus
1053 570 1234 630 partus
1268 576 1333 618 ac
1374 561 1621 623 lamentis
1666 569 1938 624 cruciata?
1970 571 2103 627 Nam

517 647 662 696 tanta
692 652 771 699 est
790 644 905 714 ejus
934 650 1199 706 cruciatus
1225 651 1585 723 vehementia,
1618 666 1676 713 ut
1703 672 1871 715 sacra:
1912 660 2100 730 literae,

517 749 637 788 cum
666 738 937 807 exsilium,
970 742 1185 811 famem,
1217 753 1445 814 pestem,
1478 757 1533 804 et
1561 749 1916 808 intolerabilia
1961 756 2101 810 mala

513 826 795 898 designare
819 831 1017 897 volunt,
1058 850 1119 886 ea
1147 838 1325 892 omnia
1353 838 1566 896 dolores
1590 852 1773 912 partus
1802 846 2099 901 nominent.

515 914 656 972 Deus
678 934 888 990 quoque
918 921 968 975 id
991 925 1236 993 supplicii
1266 942 1328 984 ac
1351 929 1737 988 maledictiouis
1760 936 1875 990 vice
1893 936 2103 992 mulieri

513 1006 784 1077 irrogavit.
819 1026 925 1064 non
966 1028 1171 1082 parcre,
1224 1016 1459 1087 inquam,
1490 1021 1584 1076 sed
1622 1024 1700 1077 sic
1729 1038 1939 1093 parere,
1979 1041 2101 1080 cum

516 1102 769 1157 a‘rumnis
823 1112 870 1160 el
925 1105 1240 1162 doloribus:
1283 1109 1411 1165 Cum
1464 1112 1639 1168 dolore
1694 1117 1868 1184 enim,
1910 1118 2098 1189 inquit,

512 1191 679 1260 paries
710 1193 845 1260 [ilics
871 1192 1022 1267 (Gen.
1052 1199 1105 1253 5.
1140 1199 1249 1270 16).
1282 1201 1353 1255 At
1382 1203 1531 1272 virgo
1558 1205 1624 1259 iis
1661 1206 1792 1261 diris
1816 1223 1881 1263 ac
1914 1208 2103 1265 dolore

517 1283 781 1339 excelsior
814 1295 896 1343 est
927 1305 942 1343 :
973 1304 1095 1344 nam
1124 1291 1213 1361 qui
1250 1293 1383 1364 legis
1408 1294 1551 1351 diras
1585 1301 1894 1370 antiquavit,
1925 1309 1980 1356 et
2004 1300 2101 1356 has

516 1389 617 1427 una
641 1375 799 1429 etiam
823 1380 1053 1434 sustulit.

591 1464 770 1519 LXVI.
810 1465 1099 1526 Jucundius
1134 1475 1482 1544 essepedibus
1524 1476 1599 1530 ire
1629 1494 1778 1546 quam
1807 1480 1957 1536 mulis
1997 1482 2100 1537 cir—

511 1558 760 1610 cumvehi.
790 1588 861 1599 --
887 1559 992 1616 Sed
1025 1561 1183 1618 mulis
1208 1565 1262 1619 in
1303 1566 1419 1622 foro
1447 1568 1772 1627 circumvehi
1807 1571 2098 1641 jucundum

511 1656 615 1703 est.
638 1647 747 1704 Imo
777 1650 828 1705 id
869 1651 1040 1708 inanis
1084 1664 1285 1711 tantum
1330 1658 1498 1715 fastus
1535 1669 1617 1715 est
1652 1662 1920 1736 voluptate
1955 1665 2102 1719 omni

512 1756 704 1796 carens
722 1760 734 1796 :
754 1751 914 1814 atque
929 1753 990 1799 ut
1009 1761 1109 1802 nec
1130 1749 1363 1805 tenebrae
1378 1765 1534 1820 quam
1551 1752 1661 1817 lux,
1679 1768 1778 1808 nec
1793 1754 2101 1810 conclusum

512 1848 670 1901 quam
701 1834 932 1891 solutum
989 1852 1127 1903 esse,
1176 1856 1274 1896 nec
1318 1843 1498 1898 multis
1537 1860 1696 1915 quam
1727 1846 1874 1901 nullo
1919 1862 2098 1919 egere,

512 1926 703 1982 melius
729 1937 811 1983 est
838 1946 850 1982 :
881 1931 959 1985 sic
987 1929 1110 1987 huic
1146 1949 1356 2004 quoque
1393 1935 1505 1991 suis
1543 1937 1766 2006 pedibus
1797 1954 1900 1993 non
1932 1939 2098 1995 utenti

511 2016 679 2072 nihilo
719 2018 910 2075 melius
945 2030 1047 2076 est.
1093 2023 1293 2077 Omitto
1328 2025 1469 2079 enim
1510 2027 1786 2083 molestias
1815 2045 1948 2100 quas
1976 2029 2102 2086 hinc

511 2108 777 2165 sustinere
802 2117 885 2165 est
920 2125 1160 2167 necesse.
1196 2112 1327 2167 Nam
1370 2129 1468 2170 nec
1502 2131 1624 2171 eum
1671 2117 1803 2183 vult,
1848 2118 1898 2173 ei
1942 2119 2103 2175 domo

512 2200 727 2268 prodire
753 2201 896 2269 licet,
921 2202 1015 2257 sed
1031 2203 1342 2277 plerumque
1362 2222 1483 2261 cum
1508 2216 1565 2262 ut
1580 2207 1706 2263 inde
1725 2219 1887 2265 exeat
1911 2225 2100 2281 magna

510 2291 687 2362 aliqua
717 2292 914 2349 utilitas
939 2294 1212 2366 efﬂagitat,
1241 2296 1383 2352 domi
1413 2314 1629 2355 manere
1668 2300 1896 2372 cogitur,
1926 2302 2099 2370 velut,

511 2382 740 2438 mendici
770 2384 860 2454 qui
893 2385 1113 2454 pedibus
1135 2388 1304 2442 mutili
1329 2403 1434 2443 non
1459 2388 1657 2445 habent
1682 2406 1787 2461 quo
1811 2391 2099 2447 vehantur.

511 2474 662 2544 Quod
705 2476 749 2531 si
781 2477 862 2531 vir
903 2478 1079 2532 mulos
1122 2478 1212 2534 alii
1253 2482 1373 2536 usui
1422 2481 1785 2550 mandaverit,
1836 2483 2098 2551 simultas,

511 2568 803 2631 contentio,
836 2570 1078 2637 pertinax
1119 2570 1429 2625 silentium:
1462 2571 1544 2626 sin
1586 2573 1697 2641 ipsa
1734 2572 1894 2628 futuri
1921 2575 2099 2644 ignara

512 2655 652 2711 idem
694 2655 899 2725 fecerit,
942 2659 1142 2713 omisso
1172 2659 1308 2726 viro,
1352 2660 1406 2714 in
1431 2675 1490 2716 se
1515 2661 1647 2715 iram
1674 2663 1852 2731 vertit,
1890 2663 2102 2719 assidue

512 2763 575 2803 ea
602 2763 660 2804 se
698 2749 890 2819 injuria
924 2766 1267 2807 consumens.
1295 2752 1360 2807 Et
1386 2734 1584 2824 quanto
1614 2754 1778 2809 satius
1806 2763 1922 2810 erat
1952 2755 2103 2831 pedi-

512 2837 614 2893 bus
643 2847 877 2895 utentem
901 2839 1046 2914 (nam
1068 2857 1128 2906 ea
1150 2858 1311 2898 causa
1336 2844 1491 2899 nobis
1524 2860 1618 2900 eos
1648 2845 1786 2900 Deus
1814 2845 2102 2901 fabricatus

512 2927 617 2999 est)
646 2928 776 2983 nihil
806 2930 996 2985 horum
1018 2931 1281 2988 malorum
1309 2933 1510 3001 subire,
1535 2950 1693 3005 quam
1723 2936 1949 2991 mollitie
1979 2936 2097 3003 hac,

508 3019 567 3073 in
607 3028 805 3076 tant-im
841 3022 1070 3078 miseriae
1094 3038 1158 3079 ac
1182 3025 1430 3080 mmroris
1455 3028 1828 3083 necessitatem
1858 3029 2102 3086 se‘induo

506 3113 672 3168 cere?
699 3112 883 3185 Neque
911 3118 1052 3170 enim
1081 3118 1161 3170 ha:
1181 3116 1311 3171 sola:
1329 3132 1502 3173 causa:
1531 3133 1623 3174 eas
1642 3118 1790 3176 domi
1807 3121 2099 3188 continent;

506 3203 609 3257 sed
639 3217 731 3259 seu
759 3213 1005 3277 uterque,
1034 3223 1128 3262 seu
1163 3208 1302 3264 alter
1328 3208 1464 3264 forte
1489 3210 1667 3265 mulus
1689 3211 1912 3281 pedibus
1933 3212 2099 3283 dolet,

518 3296 660 3351 idem
691 3298 949 3369 contingit
980 3316 993 3352 :
1035 3309 1090 3355 ει
1116 3315 1237 3354 cum
1268 3301 1322 3355 in
1349 3316 1540 3372 pascua
1560 3303 1891 3358 dimittuntur
1916 3304 1996 3375 (fit
2015 3320 2104 3359 au-

516 3398 624 3444 tem
656 3386 710 3443 id
734 3390 1040 3459 quotannis,
1070 3400 1229 3462 atque
1257 3390 1323 3467 in\
1335 3393 1532 3448 multos
1558 3391 1717 3465 dies),
1743 3409 1952 3449 rursum
1976 3404 2101 3469 tam-

513 3495 674 3550 quam
703 3482 896 3536 vinctze
920 3481 1064 3539 domi
1090 3484 1411 3540 manendum
1433 3493 1533 3550 est,
1556 3495 1725 3541 etnec
1750 3487 1962 3558 negotio
1984 3491 2100 3560 qui—

515 3571 637 3625 dem
668 3572 971 3628 necessario
994 3584 1216 3630 vocante
1242 3575 1445 3632 aedibus
1469 3577 1853 3647 prodeundum.
1884 3580 2036 3649 Quod
2056 3583 2101 3637 si

513 3662 632 3731 quis
657 3663 816 3730 dicat,
840 3679 957 3719 eam
987 3680 1017 3719 a
1046 3667 1384 3722 salutantium
1429 3669 1584 3724 turba
1626 3671 1926 3741 expeditam
1957 3688 2098 3739 esse,

514 3767 622 3806 non
670 3763 909 3809 coactam
945 3765 1197 3811 notorum
1225 3757 1392 3812 oculis
1423 3769 1605 3828 patere
1645 3775 1709 3815 ac
1746 3760 2022 3831 pudefieri,
2056 3763 2101 3817 is

515 3845 670 3900 valde
707 3846 953 3917 ignorare
1003 3848 1132 3902 mihi
1178 3848 1407 3917 videtur,
1451 3866 1568 3920 quae
1612 3852 1854 3907 muliebri
1894 3860 2103 3908 natura:

517 3935 772 4005 pudorem
805 3946 860 3992 et
881 3938 1116 3993 adimant
1159 3948 1212 3993 et
1235 3939 1503 3995 afferant:
1548 3932 1807 4012 siquidem
1846 3957 1952 3998 non
1971 3958 2102 4000 con-

516 4025 647 4096 spici
685 4035 777 4081 aut
811 4028 976 4083 latere
1010 4028 1064 4083 id
1092 4030 1280 4098 efﬁcit,
1321 4031 1416 4086 sed
1457 4032 1587 4086 illud
1630 4034 1917 4103 petulantia
1959 4034 2103 4091 intus

517 4119 750 4174 atriolum
782 4120 1079 4190 possidens,
1130 4120 1233 4177 hoc
1279 4122 1535 4178 modesda
1564 4134 1722 4194 atque
1762 4126 2099 4183 verecundia.

513 4210 699 4282 Itaque
724 4213 904 4268 multa:
933 4229 994 4269 ea
1022 4216 1258 4271 custodia
1283 4217 1489 4283 solutae,
1521 4232 1584 4273 ac
1613 4233 1710 4288 per
1733 4219 1961 4275 mediam
1990 4229 2103 4277 tur-

520 4302 641 4357 bam
668 4303 722 4358 in
763 4304 881 4359 foro
919 4304 1242 4375 gradientes,
1274 4322 1379 4361 non
1407 4308 1576 4362 solum
1609 4309 1661 4362 in
1687 4324 1746 4365 se
1769 4320 2106 4369 accusatores

519 4409 625 4448 non
652 4394 1008 4471 concitarunt,
1039 4395 1133 4450 sed
1168 4396 1362 4453 multos
1387 4398 1544 4452 etiam
1572 4400 1847 4455 modestia":
1876 4402 2106 4458 admira-

520 4494 666 4540 tores
720 4487 1030 4544 habuerunt
1067 4506 1080 4540 :
1141 4502 1258 4556 qua:
1296 4499 1349 4542 et
1374 4486 1554 4543 habitu
1581 4499 1635 4546 et
1662 4492 1902 4562 ingressu
1929 4501 1985 4547 et
2010 4509 2103 4549 ve-

519 4574 680 4627 stium
721 4574 963 4645 neglectu
998 4575 1323 4632 luculentum
1352 4586 1617 4650 tamquam
1647 4581 1854 4637 radium
1881 4583 2106 4638 interna:

522 4666 801 4735 probitatis
825 4667 1130 4722 emitterent
1157 4684 1170 4720 :
1196 4686 1296 4725 nec
1323 4658 1503 4741 pauca:
1528 4674 1669 4729 intus
1697 4675 1996 4731 desidentes
2030 4678 2102 4730 si-

520 4755 744 4809 nistram
795 4755 896 4810 sibi
943 4757 1248 4827 Opinionem
1303 4769 1699 4817 contraxerunt.
1744 4764 1924 4819 Potest
1962 4765 2102 4819 enim

521 4864 640 4919 qua:
663 4850 911 4905 conclusa
936 4850 1040 4925 sit,
1088 4850 1245 4905 etiam
1276 4854 1440 4922 magis
1474 4869 1632 4923 quam
1676 4869 1793 4924 qua:
1823 4854 2101 4925 prodeant,

523 4942 823 4997 volentibus
851 4943 1062 5012 egregie
1093 4945 1413 5012 petulantem
1441 4960 1499 4999 se
1535 4955 1587 5001 et
1625 4946 1983 5019 impudentem
2006 4963 2105 5035 cx-

525 5033 727 5088 hibero.

596 5123 804 5180 LXVII.
847 5123 1119 5180 Molestum
1164 5143 1268 5181 esse
1296 5128 1477 5183 multas
1522 5128 1740 5198 famulas
1789 5130 1987 5184 habere.
2031 5160 2101 5171 —

530 5216 636 5276 Sed
664 5217 839 5272 forsan
865 5219 1173 5274 ancillarum
1195 5235 1324 5291 grex
1345 5220 1611 5290 jucundus
1635 5233 1735 5277 est.
1761 5222 1869 5277 IIac
1893 5223 2106 5292 quidem

468 5344 471 5347 μ
533 5309 800 5378 voluptate
828 5309 960 5371 nihil
991 5312 1164 5382 pejus,
1189 5322 1390 5366 tantum
1415 5311 1573 5367 habet
1597 5328 1878 5371 curarum:
1907 5329 2028 5369 nam
2054 5325 2110 5369 et

526 5397 843 5468 aegritudine
883 5402 1140 5472 cujusque
1176 5410 1231 5456 et
1252 5411 1424 5457 morte
1454 5403 1654 5457 turbari
1682 5414 1839 5473 atque
1879 5404 2000 5475 angi
2028 5414 2110 5460 est

529 5504 769 5545 necesse.
797 5492 874 5546 Ae
901 5503 1023 5548 sunt
1053 5494 1168 5549 haec
1210 5493 1345 5549 forte
1391 5493 1701 5560 tolerabilia,
1747 5511 1954 5552 necnon
1991 5512 2109 5565 qum

531 5580 618 5638 his
641 5583 799 5639 etiam
816 5587 1055 5655 graviora
1077 5595 1217 5654 sunt,
1242 5586 1477 5658 qustidie
1500 5589 1640 5643 curis
1665 5588 1913 5655 distendi,
1936 5590 2111 5658 segni-

536 5675 659 5729 tiem
699 5676 1022 5749 castigando,
1071 5679 1353 5749 nequitiam
1388 5678 1640 5744 tollendo,
1678 5680 1819 5734 rixas
1854 5679 2101 5744 sedando,

1239 259 1295 315 S.
1335 258 1611 318 JOANNIS
1647 265 2123 332 CIIRYSOSTOMI
2157 272 2473 334 ARCHIEP.
2514 278 3048 342 CONSTAN'I‘INOP.

2212 407 2534 466 omnemque
2559 397 2813 468 reliquam
2835 401 3175 458 vitiositatem
3203 405 3555 477 corrigendo:
3581 418 3634 466 at
3661 413 3788 473 illud

2210 493 2355 542 certe
2384 488 2620 543 omnium
2643 492 3013 560 gravissimum
3044 504 3145 561 est,
3172 497 3312 567 quod
3333 499 3545 568 quidem
3572 504 3649 559 vel
3675 521 3788 561 ma-

2210 576 2353 632 xime
2380 578 2434 632 in
2460 579 2722 648 ejusmodi
2763 581 3008 640 famulitii
3050 587 3204 657 copia
3246 591 3462 646 evenire
3485 594 3639 662 solet,
3667 597 3713 651 si
3740 598 3787 654 in

2207 682 2276 723 eo
2302 684 2463 741 grege
2500 673 2674 743 aliqua
2725 687 2947 733 venusta
2989 679 3091 735 sit:
3123 680 3177 735 id
3215 683 3360 737 enim
3387 686 3608 742 omnino
3644 688 3698 744 in
3727 707 3786 747 ea

2208 761 2545 818 multitudine
2573 765 2814 822 accidere
2839 782 3060 826 necesse
3095 779 3199 837 est,
3243 771 3493 830 divitibus
3519 791 3623 830 non
3649 780 3788 834 mul-

2209 857 2292 903 tas
2316 851 2509 918 solum,
2541 854 2635 919 sed
2659 856 2819 911 etiam
2845 873 2996 928 asque
3020 861 3277 918 formosas
3302 864 3539 921 studiose
3557 871 3788 937 paranti-

2208 938 2326 994 bus.
2372 940 2554 1013 ltaque
2581 944 2626 999 si
2656 946 2795 1002 inter
2817 962 2911 1004 eas
2940 950 3044 1005 ulla
3071 962 3329 1022 praestans
3356 954 3444 1021 sit,
3488 972 3583 1012 seu
3611 973 3790 1017 amore

2210 1034 2288 1086 sui
2337 1033 2523 1089 herum
2555 1038 2748 1106 capiat,
2779 1054 2873 1095 seu
2903 1040 3033 1096 nihil
3072 1044 3292 1099 ulterius
3320 1048 3519 1116 possit,
3549 1064 3707 1118 quam
3734 1058 3790 1107 ut

2207 1127 2546 1184 admirationi
2586 1132 2676 1195 sit,
2707 1132 2834 1187 hera
2860 1149 3012 1205 teque
3038 1136 3257 1202 dolebit,
3290 1139 3429 1207 quod
3454 1140 3521 1195 ab
3545 1156 3607 1196 ea
3630 1156 3786 1213 supe-

2206 1227 2375 1286 retur,
2402 1220 2449 1274 si
2491 1235 2594 1275 non
2620 1236 2823 1292 amore,
2852 1235 2904 1278 at
2928 1228 3170 1296 corporis
3207 1238 3483 1285 venustate
3509 1240 3675 1302 atque
3696 1234 3788 1289 ad-

2209 1311 2507 1368 miratione.
2540 1314 2716 1381 Quare
2738 1316 2781 1370 si
2810 1316 2864 1371 in
2895 1317 2959 1372 iis
2995 1335 3114 1389 qua:
3157 1322 3297 1389 apud
3341 1337 3435 1378 eos
3475 1324 3705 1382 illustria
3728 1343 3788 1383 ac

2206 1401 2460 1467 prmclara
2491 1402 2804 1472 habeantur,
2838 1416 3042 1463 tantum
3081 1409 3218 1465 inest
3255 1426 3635 1481 mrumnarum,
3667 1418 3785 1487 quid

2205 1491 2272 1545 de
2293 1493 2500 1548 acerbis
2519 1495 2799 1550 dicendum
2821 1496 2842 1550 ?

2278 1582 2505 1637 LXVIII.
2545 1583 2626 1639 De
2645 1588 3010 1657 tranquillitate
3035 1605 3147 1660 qua:
3171 1592 3441 1663 virginitati
3461 1594 3609 1652 inest.
3633 1625 3707 1636 —
3724 1598 3786 1652 At

2208 1690 2314 1730 non
2339 1675 2488 1746 virgo
2535 1676 2723 1733 horum
2754 1679 3040 1750 quidquam
3086 1683 3304 1752 patitur,
3333 1684 3458 1755 quin
3485 1694 3539 1741 et
3562 1685 3786 1742 domun-

2207 1766 2325 1822 cula
2358 1766 2527 1823 turbis
2555 1769 2719 1824 libera
2764 1778 2866 1839 est,
2906 1780 2961 1827 et
3002 1772 3417 1830 clamor-omnis
3442 1776 3784 1847 proﬂigatus:

2206 1859 2464 1931 quasique
2491 1859 2544 1915 in
2574 1863 2854 1933 tranquillo
2892 1864 3121 1935 quodam
3152 1878 3305 1936 portu
3344 1870 3520 1923 omnia
3547 1871 3694 1926 intus
3721 1872 3787 1926 si-

2207 1948 2428 2004 lentium
2458 1951 2715 2022 possidet,
2737 1961 2793 2007 ει
2820 1955 2902 2009 vel
2930 1956 3144 2011 silentio
3180 1957 3352 2027 major
3375 1960 3609 2014 animum
3642 1974 3788 2017 sere-

2206 2039 2365 2106 nitas,
2393 2042 2590 2113 quippe
2620 2042 2748 2098 nihil
2772 2043 3061 2100 lmmanum
3091 2055 3425 2112 tractantem,
3456 2048 3549 2104 sed
3576 2050 3789 2106 assidue

2206 2144 2327 2186 cum
2359 2132 2468 2188 Deo
2495 2134 2910 2204 colloquentem,-
2938 2145 3097 2206 atque
3126 2138 3177 2191 in
3218 2153 3340 2193 cum
3385 2139 3488 2192 fise
3526 2148 3787 2194 contuen-

2210 2230 2336 2276 tem.
2372 2222 2435 2277 Et
2461 2224 2581 2292 quis
2617 2239 2736 2279 eam
2782 2226 3107 2296 voluptatem
3151 2227 3433 2282 metiatur?
3473 2244 3591 2299 qua:
3619 2231 3787 2286 oratio

2206 2314 2403 2368 mentis
2445 2314 2523 2368 sic
2564 2314 2767 2370 affecta:
2813 2316 3047 2372 laetitiam
3094 2319 3475 2387 repraasentct?
3522 2319 3782 2390 Equidem

2207 2403 2374 2469 nulla,
2423 2404 2518 2458 sed
2554 2404 2587 2458 ii
2618 2406 2713 2460 soli
2750 2407 2837 2476 qui
2868 2407 2919 2460 in
2951 2407 3060 2462 Deo
3106 2408 3323 2463 delicias
3364 2418 3563 2478 ponant
3604 2425 3789 2466 earnm

2208 2494 2626 2564 magnitudinem
2654 2497 2846 2561 sciunt,
2891 2507 2944 2553 et
2968 2507 3167 2568 quanto
3191 2514 3402 2554 omnem
3427 2502 3787 2570 comparatio-

2206 2600 2328 2640 nem
2369 2587 2583 2642 vineant
2608 2598 2921 2658 agnoscunt.
2956 2590 3023 2644 At
3069 2591 3257 2661 ingens
3285 2594 3489 2662 argenti
3521 2594 3600 2646 vis
3631 2593 3790 2647 undi-

2205 2691 2309 2746 que
2340 2679 2630 2748 ‘conspicua
2659 2678 2809 2733 valde
2835 2680 3019 2734 oculos
3045 2680 3296 2748 oblectat,
3337 2691 3391 2736 et
3429 2690 3633 2751 quanto
3660 2698 3792 2754 pra)-

2206 2766 2396 2822 clarius
2432 2776 2512 2823 est
2542 2768 2593 2821 in
2620 2767 2813 2824 caelum
2844 2769 3141 2838 suspicere,
3189 2777 3347 2839 atque
3376 2770 3498 2825 inde
3527 2774 3789 2841 majorem

2207 2855 2361 2927 longe
2389 2857 2708 2927 voluptatem
2734 2858 2957 2925 capere?
3001 2858 3134 2914 Nam
3164 2868 3361 2930 quanto
3386 2877 3573 2915 aurum
3598 2872 3793 2919 stanno

2205 2953 2261 3000 et
2303 2945 2533 3015 plumbo,
2589 2955 2735 3001 tanto
2775 2946 2965 3003 calum
3008 2964 3158 3014 auro,
3200 2959 3419 3019 argento
3443 2960 3603 3021 atque
3648 2954 3789 3008 omni

2206 3039 2426 3092 materia
2459 3038 2713 3093 illustrius
2739 3053 2803 3093 ac
2822 3039 3151 3108 splendidius
3175 3052 3253 3094 est
3276 3057 3290 3094 :
3310 3041 3434 3108 quin
3455 3043 3791 3113 contempla-

2211 3128 2282 3182 tio
2312 3128 2426 3183 harc
2453 3130 2596 3183 curis
2623 3144 2787 3184 vacua
2808 3138 2909 3195 est,
2940 3130 3027 3184 illa
3055 3129 3338 3184 admodum
3369 3132 3613 3200 sollicita,
3652 3133 3791 3205 quod

2184 3220 2418 3290 quidem
2452 3221 2537 3275 vel
2563 3222 2790 3275 maxime
2819 3221 3298 3291 concupiscentiam
3325 3221 3559 3279 cohibet.
3588 3226 3669 3280 At
3688 3242 3789 3281 non

2206 3312 2287 3366 vis
2307 3312 2359 3366 in
2385 3310 2575 3367 caelum
2601 3304 2881 3382 spectare?
2908 3312 3030 3367 licet
3055 3312 3353 3382 depositum
3380 3314 3431 3368 in
3454 3313 3571 3369 foro
3598 3330 3793 3387 argen-

2207 3411 2316 3458 tum
2347 3418 2589 3459 cernere.
2632 3400 2712 3456 Ad
2754 3404 3104 3458 verecundiam
3146 3415 3360 3459 vestram
3411 3407 3524 3461 dico
3558 3407 3636 3477 (Ι.
3676 3407 3789 3463 Car.

2206 3494 2261 3550 6,
2289 3493 2368 3565 5),
2398 3502 2455 3548 ιιι
2478 3509 2599 3549 cum
2638 3493 2795 3548 beato
2821 3495 2984 3549 Paulo
3005 3496 3508 3577 ,loquarsquoniam
3538 3500 3792 3567 pecunia-

2207 3600 2322 3640 rum
2352 3601 2535 3640 amore
2563 3596 2669 3640 tam
2699 3586 2828 3641 estis
2856 3586 3072 3656 stupidi.
3112 3588 3285 3656 Atque
3324 3588 3411 3642 hic
3439 3587 3563 3658 quid
3606 3588 3787 3645 dicam

2206 3677 2405 3731 nescio.
2435 3676 2603 3747 Valde
2628 3677 2769 3731 enim
2800 3691 2887 3732 me
2924 3678 3203 3745 serupulus
3242 3678 3457 3747 quidam
3487 3682 3788 3748 suspendit,

2206 3782 2307 3821 nec
2348 3765 2524 3831 video,
2569 3782 2665 3821 cur
2693 3781 2851 3822 omne
2881 3781 3016 3836 pene
3046 3767 3316 3821 hominum
3345 3783 3531 3836 genus,
3559 3783 3687 3824 cum
3718 3771 3791 3824 fa-

2207 3857 2311 3913 cile
2353 3872 2417 3912 ae
2452 3857 2687 3927 jucunde
2725 3857 2977 3912 oblectari
3010 3858 3186 3925 liceat,
3218 3858 3269 3913 id
3298 3874 3397 3913 nec
3423 3860 3475 3912 in
3518 3860 3794 3930 voluptate

2208 3949 2422 4020 quidem
2459 3958 2687 4020 ponant;
2738 3950 2790 4004 in
2834 3949 3211 4016 sollicitudine,
3258 3950 3601 4007 distractione
3626 3961 3794 4024 atque

2209 4041 2352 4097 curis
2377 4042 2708 4110 potissimum
2754 4040 3039 4112 gaudeant.
3069 4040 3200 4095 Nam
3245 4055 3341 4095 cur
3381 4058 3487 4096 non
3515 4056 3609 4096 eos
3637 4058 3795 4113 usque

2210 4131 2508 4202 depositum
2543 4131 2593 4185 in
2620 4129 2736 4185 foro
2764 4139 3039 4199 argentum
3070 4145 3133 4186 ac
3156 4130 3510 4186 domesticum
3534 4131 3791 4198 obiectat,

2208 4221 2350 4292 quod
2375 4220 2586 4291 quidem
2610 4229 2663 4275 et
2682 4220 2955 4290 probatius
2982 4222 3072 4287 sit,
3095 4231 3149 4276 et
3172 4225 3404 4278 animum
3426 4236 3623 4293 angore
3642 4224 3794 4279 omni

2210 4314 2435 4369 liberum
2460 4312 2725 4368 dimittat?
2766 4312 3050 4379 Quoniam,
3082 4313 3272 4381 inquit,
3319 4312 3447 4366 illud
3475 4327 3651 4367 meum
3684 4329 3792 4370 non

2210 4413 2313 4471 est,
2345 4403 2448 4459 hoc
2475 4418 2649 4459 meum
2690 4412 2791 4458 cst.
2836 4402 3069 4457 Avaritia
3115 4402 3273 4471 igitur
3300 4400 3526 4470 jucunda
3553 4404 3653 4465 om,
3686 4417 3795 4458 non

2215 4496 2418 4565 argenti
2450 4502 2669 4550 natura:
2697 4493 2837 4564 quod
2865 4492 2911 4548 si
2939 4501 3099 4560 esset,
3130 4492 3253 4547 inde
3272 4492 3431 4547 etiam
3460 4505 3611 4558 aeque
3637 4492 3797 4547 oblc-

2211 4587 2342 4641 ctari
2370 4585 2668 4655 oportebat.
2698 4584 2791 4638 Sin
2817 4583 2982 4648 dicas,
3016 4598 3139 4638 usus
3163 4585 3352 4653 gratia,
3382 4580 3549 4637 multo
3572 4592 3800 4652 prrestat

2209 4679 2442 4732 vitrum:
2472 4684 2630 4744 atque
2659 4675 2710 4729 id
2739 4674 2930 4729 divites
2973 4673 3071 4743 ipsi
3118 4673 3454 4737 coalirmant,
3499 4675 3591 4742 qui
3629 4686 3700 4727 ex
3731 4688 3795 4728 ea

2212 4766 2432 4820 materia
2477 4764 2664 4833 pocula
2706 4774 2764 4818 ut
2810 4764 3094 4834 plurinntm
3146 4773 3355 4832 parant.
3386 4762 3539 4830 Quod
3577 4762 3622 4818 si
3655 4762 3797 4818 fastu

2211 4855 2439 4926 quodam
2464 4846 2623 4909 ctiam
2652 4870 2719 4910 ex
2764 4861 2982 4923 argento
3031 4852 3276 4907 fabricari
3321 4862 3596 4922 cogantur,
3645 4854 3798 4922 prius

2196 4947 2348 5000 *vitro
2393 4945 2618 5000 interius
2655 4946 2941 5000 constituto
2980 4944 3051 4998 ita
3081 4951 3301 5013 argento
3347 4944 3583 4998 exterius
3620 4942 3801 4997 obdua

2212 5050 2356 5103 cunt,
2390 5035 2730 5091 ostendentes
2769 5034 2897 5089 illud
2923 5034 2988 5089 ad
3021 5043 3200 5104 potum
3232 5035 3448 5115 suavius
3473 5042 3527 5088 et
3553 5046 3797 5088 commo-

2214 5130 2332 5183 dius
2352 5145 2487 5193 esse,
2519 5128 2620 5183 hoc
2645 5126 2709 5181 ad
2742 5126 2935 5180 fastum
2961 5126 3132 5180 solum
3157 5133 3211 5179 et
3239 5127 3450 5179 inanem
3474 5124 3793 5178 ostentatio-

2220 5238 2360 5275 nem.
2391 5220 2526 5288 Quid
2553 5228 2633 5273 εει
2654 5228 2829 5274 autem
2859 5217 2978 5284 hoc,
3012 5217 3186 5271 Meum
3218 5225 3271 5271 et
3297 5231 3402 5271 non
3433 5212 3794 5270 meum?Nam

2215 5314 2462 5384 equidem
2492 5328 2611 5366 cum
2663 5311 2822 5366 verba
2869 5310 2984 5364 lucc
3010 5310 3305 5363 accuratius
3344 5306 3611 5377 expende,
3634 5318 3797 5360 voces

2215 5415 2415 5459 tantum
2440 5418 2557 5458 esse
2578 5403 2703 5455 mihi
2732 5402 2992 5457 videntur.
3024 5400 3167 5454 Multi
3191 5399 3331 5455 enim
3352 5397 3481 5454 illud
3503 5395 3796 5453 dominium

2216 5513 2371 5551 suum
2394 5495 2657 5565 refugiens
2679 5509 2777 5549 nec
2801 5494 2908 5548 vivi
2936 5493 3163 5547 retinere
3184 5498 3499 5561 potuerunt;
3526 5498 3579 5543 et
3598 5487 3792 5557 quibus

2217 5587 2280 5640 ad
2311 5586 2467 5640 linem
2496 5599 2665 5652 usque
2691 5597 2998 5651 permansu.
3030 5582 3063 5637 ii
3085 5589 3324 5638 volentes
3347 5581 3591 5635 nolentes
3612 5579 3798 5632 mortis

2221 5689 2451 5748 tempore
2484 5677 2598 5745 ejus
2624 5684 2881 5745 potestate
2907 5674 3237 5731 exciderunt.
3271 5672 3379 5728 Nec
3404 5671 3577 5727 solum
3622 5669 3671 5724 in
3709 5686 3790 5723 ar.
