4056 6208
381 308 481 364 585

382 422 651 494 λουτρῶν,
668 424 764 478 καὶ
810 424 902 478 ἐπὶ
929 424 1038 480 τῶν
1068 426 1432 497 παραδείσων,
1464 427 1556 481 zeal
1604 430 1663 481 ἐν
1705 430 1830 494 ταῖς
1852 430 2053 494 οίκίαις

378 509 442 563 τὸ
476 511 637 582 Ἐμὸν
673 514 770 568 zeal
808 513 909 567 οὐκ
938 514 1093 584 ἐμὸν,
1120 514 1279 568 τοῦτο
1311 514 1464 586 ῥῆμα
1493 516 1560 570 ἄν
1585 534 1675 582 τις
1730 518 1830 572 ῖδοι
1891 518 2051 589 μόνον

380 598 553 667 ψιλόν.
597 600 661 654 Ἡ
702 601 804 672 μὲν
828 602 936 673 7&9
959 602 1156 674 χρῆσις
1183 602 1335 673 κοινὴ
1384 603 1605 659 πάντων
1627 607 1798 670 ἐστὶν,
1829 606 2052 659 πλεονε-

382 686 570 740 κτοῦσι
601 686 658 740 δέ
684 689 734 741 οί
766 688 1054 753 δοκοῦντες
1075 688 1254 743 αὐτῶν
1297 685 1437 745 εἶναι
1476 691 1659 765 κύριοι
1692 693 1804 747 τῶν
1836 694 1938 746 οὐκ
1964 692 2053 746 όν-

371 789 490 847 ,των
512 775 611 845 τὴν
634 775 774 848 ὑπὲρ
808 776 988 830 αὐτῶν
1040 777 1315 847 φροντίδα.
1346 780 1410 831 Ol
1437 780 1538 848 μὲν
1579 782 1688 854 γάρ
1718 781 2052 835 ἀπολαύουσι

379 860 546 931 μόνον
573 863 772 930 αὐτῶν,
787 867 834 918 οἱ
860 866 916 918 δὲ
940 864 1080 934 μετά
1106 865 1201 920 τοῦ
1222 868 1497 922 ποιεῖσθαι
1514 870 1714 942 πολλὴν
1732 871 1828 943 τὴν
1854 870 2051 942 ἐπιμέ-

382 946 532 1004 λειαν
566 952 628 1005 τὸ
660 952 792 1005 αὐτὸ
834 952 992 1006 τοῦτο
1039 954 1401 1027 καρποῦνται,
1430 957 1459 1011 6
1485 958 1624 1029 μετά
1648 959 1761 1031 ,τῆς
1791 958 2053 1030 ἀμελείας

382 1039 599 1095 ἐκεῖνοι.

433 1126 555 1181 ΞΘ’.
575 1129 637 1182 El
661 1128 720 1181 δέ
740 1147 826 1194 τις
839 1131 937 1204 τὴν
956 1132 1155 1206 πολλὴν
1178 1133 1450 1206 θαυμάζοι
1469 1137 1702 1208 τρυφὴν,
1724 1144 1834 1189 οἱον
1853 1137 1914 1189 τὸ
1943 1136 2052 1190 τῶν

379 1219 878 1289 κατακοπτομένων
899 1222 1107 1294 πλῆθος
1134 1225 1339 1296 κρεῶν,
1369 1225 1469 1298 τὴν
1502 1226 1764 1299 περιττὴν
1793 1226 1887 1280 τοῦ
1906 1226 2052 1280 οἴνου

377 1302 643 1377 δαπάνην,
668 1308 778 1361 τῶν
799 1311 1236 1383 καρυκευμάτων
1277 1314 1377 1383 τὴν
1406 1315 1754 1387 περιεργίαν,
1777 1316 2053 1387 τραπεζο-

378 1393 550 1448 ποιῶν
577 1396 671 1448 zeal
700 1398 990 1453 σιτοποιῶν
1032 1399 1231 1472 τέχνας
1272 1414 1322 1467 α,
1363 1402 1681 1474 παρασίτων
1730 1404 1826 1457 zeal
1873 1404 2055 1457 δαιτυ-

380 1481 560 1552 μόνων
610 1484 785 1555 δχλον,
820 1482 880 1542 εὖ
916 1488 1047 1542 ίστω
1091 1489 1174 1542 ὅτι
1214 1488 1323 1544 τῶν
1381 1490 1660 1562 μαγείρων
1689 1491 1872 1546 αὐτῶν
1898 1490 2052 1545 οὐδὲν

376 1571 598 1643 ἄμεινον
614 1574 671 1627 ἐν
684 1576 793 1638 τοῖς
810 1575 1067 1640 τοιούτοις
1090 1577 1140 1630 οἱ
1163 1576 1518 1641 πλουτοῦντες
1539 1578 1858 1632 διάκεινται.
1874 1578 2055 1633 Καθά-

379 1677 487 1731 περ
537 1661 646 1732 γὰρ
692 1664 899 1728 ἐκεῖνος
950 1665 1078 1727 τοὺς
1115 1664 1404 1733 δεσπότας,
1443 1665 1587 1720 οῦτω
1616 1667 1746 1731 τοὺς
1773 1667 2051 1739 κεκλημέ-

377 1764 503 1812 νους
550 1751 706 1803 αὐτοὶ
740 1751 1033 1818 δεδοίκασι,
1073 1753 1147 1824 μή
1187 1770 1334 1818 τινος
1367 1754 1734 1809 ἐπιλάϐωνται
1764 1755 1876 1809 τῶν
1912 1756 2052 1828 μετά

379 1835 576 1889 πολλοῦ
616 1837 785 1893 πόνου
820 1838 916 1893 zeal
938 1839 1185 1911 δαπάνης
1218 1841 1789 1914 παρασκευασθέντων
1839 1843 2048 1907 αὐτοῖς.

377 1922 490 1977 Καὶ
522 1923 698 1996 τούτῳ
727 1925 825 1996 μὲν
845 1925 1147 1991 ἐξισοῦνται
1171 1931 1286 1993 τοῖς
1318 1929 1604 2001 μαγείροις
1636 1930 1689 1997 ιι,
1725 1929 1847 1984 καθ’
1864 1930 2051 2003 ἕτερον

377 2010 436 2065 δὲ
460 2011 565 2065 zeal
584 2013 998 2070 πλεονεκτοῦσιν
1028 2017 1208 2071 αὐτῶν
1230 2033 1245 2047 ·
1281 2019 1343 2072 οὐ
1370 2019 1480 2090 7&9
1513 2018 1675 2090 μόνον
1709 2020 2052 2092 κατηγόρους

377 2101 596 2166 ἐκεῖνοι,
637 2102 775 2157 ἀλλὰ
813 2104 908 2157 καὶ
961 2105 1267 2174 βασκάνους
1313 2106 1608 2162 δεδοίκασι.
1665 2108 1891 2174 Πολλοῖς
1938 2108 2049 2183 7&9

377 2189 641 2256 πολλάκις
667 2192 776 2246 ἀπὸ
817 2193 927 2246 τῶν
954 2194 1211 2249 τοιούτων
1249 2196 1569 2267 συμποσίων
1593 2196 2042 2271 ἐτέχθηκφθόνος,

376 2278 471 2331 καὶ
527 2280 589 2332 οὐ
631 2280 900 2352 πρότερον
936 2281 1105 2354 ἔστη,
1147 2282 1255 2347 ἕως
1296 2283 1578 2348 κινδύνους
1618 2285 1873 2356 ἐπήγαγε
1921 2288 2060 2353 τοὺς

376 2365 658 2435 ἐσχάτους.
696 2367 856 2422 Ἀλλά
890 2369 1156 2424 σιτεῖσθαι
1177 2369 1350 2424 πολλὰ
1367 2370 1628 2437 πολλάκις
1641 2372 1763 2445 ήδύ.
1794 2375 2009 2444 Ἀπαγε
2031 2392 2047 2407 ·

374 2452 503 2509 ὅταν
535 2455 892 2528 καρηϐαρίαι,
931 2458 1024 2511 zeal
1053 2458 1292 2530 γαστρὸς
1318 2459 1587 2526 διάτασις,
1610 2462 1706 2514 zeal
1737 2461 2049 2535 πνεύματος

376 2538 668 2612 ἕμφραξις,
702 2543 797 2597 zeal
827 2545 1169 2611 σκοτοδινίαι,
1201 2546 1298 2599 zeal
1322 2545 1545 2615 ῐλιγγοι,
1580 2549 1677 2601 zeal
1701 2547 1924 2619 ἀχλύες,
1952 2551 2049 2604 zeal

375 2627 444 2682 τά
478 2626 561 2680 ἐτι
587 2628 792 2684 τούτων
817 2630 1142 2703 ἀτοπώτερα
1171 2632 1280 2686 ἀπὸ
1304 2633 1403 2704 τῆς
1436 2635 1651 2705 τρυφῆς
1677 2635 1884 2708 ταύτης
1911 2638 2046 2691 ἀνα-

375 2711 651 2788 ϐλαστάνῃ
675 2716 845 2771 δεινά.
886 2718 997 2772 Καὶ
1018 2718 1130 2772 εἴθε
1159 2719 1322 2791 μέχρι
1344 2719 1453 2774 τῶν
1477 2723 1607 2793 παρ’
1631 2722 1847 2794 ἡμέραν
1874 2724 2050 2796 λυπη-

383 2799 494 2870 ρῶν
541 2802 612 2856 τά
654 2803 753 2874 τῆς
796 2804 1185 2877 ἀσχημοσύνης
1224 2807 1442 2878 ἐκείνης
1487 2810 1584 2863 zeal
1614 2809 1684 2864 τὰ
1715 2811 1814 2883 τῆς
1843 2811 2047 2883 ζημίας

375 2889 565 2943 ἵστατο
616 2890 809 2961 μόνον·
842 2892 961 2947 νυνὶ
987 2892 1045 2946 δὲ
1073 2894 1131 2947 al
1174 2893 1410 2965 μάλιστα
1442 2894 1552 2949 τῶν
1604 2896 1776 2951 νόσων
1807 2899 2046 2954 δυσίατοι

373 2977 484 3032 ἀπὸ
511 2977 621 3032 τῶν
651 2978 908 3033 τοιούτων
935 2979 1226 3053 τραπεζῶν
1247 2981 1430 3054 έχουσι
1456 2982 1554 3055 τὴν
1576 2983 1774 3057 ἀρχήν.
1805 2987 1918 3043 Kal
1940 2988 2047 3061 7&9

373 3065 680 3134 ποδαλγίαι,
716 3066 814 3121 zeal
861 3068 1023 3141 φθόη,
1078 3069 1174 3123 zeal
1227 3069 1402 3138 νόσος,
1454 3071 1549 3126 zeal
1579 3073 1908 3147 παράλυσις,
1954 3078 2045 3131 καὶ

374 3152 544 3208 πολλά
576 3153 657 3210 ἐτι
688 3155 890 3212 τούτων
912 3157 1274 3230 χαλεπώτερα
1296 3159 1638 3216 ἀπολαϐόντα
1676 3163 1737 3217 τὸ
1768 3164 1930 3237 σῶμα
1959 3183 2049 3220 που

372 3239 582 3313 λιορκεῖ
601 3244 683 3308 είς
707 3244 944 3316 ἐσχάτας
970 3246 1271 3311 άναπνοάς.
1295 3247 1430 3300 Τίνα
1450 3244 1543 3302 οὖν
1576 3248 1642 3302 ἄν
1663 3267 1749 3314 τις
1781 3251 1895 3323 ἔχοι
1924 3243 2049 3307 τού-

372 3345 480 3383 των
509 3331 838 3405 ἀντίρροπον
867 3333 977 3387 τῶν
1023 3333 1217 3391 κακῶν
1256 3334 1456 3406 ἡδονήν
1508 3337 1718 3404 είπεῖν;
1776 3340 1935 3394 ποίαν
1988 3333 2054 3395 δὲ’

370 3416 472 3472 οὐκ
498 3417 565 3472 άν
588 3437 673 3483 τις
691 3419 865 3475 ἐλοιτο
892 3422 1316 3495 σκληραγωγίαν
1349 3423 1489 3495 ὑπὲρ
1518 3425 1619 3496 τῆς
1635 3425 1840 3483 τούτων
1869 3429 2048 3483 ἀπαλ-

371 3503 569 3577 λαγῆς;

425 3597 502 3650 0'.
522 3594 662 3649 Ἀλλ’
678 3596 777 3668 οὐχ
794 3598 828 3669 ή
850 3598 1096 3655 εὐτέλεια
1109 3601 1354 3675 τοιαύτη,
1376 3602 1512 3659 ἀλλά
1522 3605 1710 3678 πόρρω
1724 3606 1926 3661 τούτων
1942 3608 2042 3677 ἀφ-

372 3681 571 3754 έστηκε
584 3683 690 3740 τῶν
704 3685 1002 3759 δυσχερῶν,
1026 3689 1240 3759 ὑγιείας
1256 3691 1351 3746 καὶ
1376 3690 1590 3759 εὐεξίας
1602 3689 1662 3749 οῦ
1671 3711 1737 3747 σα
1758 3697 2042 3766 ποιητική.

369 3770 437 3825 Εἰ
464 3771 524 3826 δὲ
555 3773 871 3857 καὶνήδονήν
908 3778 1337 3854 τις-ἐπιζητοίη,
1373 3783 1469 3838 zeal
1493 3784 1701 3855 ταύτην
1748 3786 1881 3855 παρ’
1904 3786 2042 3857 αὐτῇ

375 3858 600 3930 μείζονα
612 3856 778 3919 οὖσαν
799 3866 1024 3938 εὑρήσει
1046 3870 1145 3940 τῆς
1162 3871 1378 3943 τρυφῆς
1396 3888 1411 3903 ·
1444 3872 1542 3926 zeal
1570 3872 1787 3944 πρῶτον
1813 3874 1911 3945 μὲν
1939 3856 2047 3929 ἀπδ

370 3946 465 4032 τοῦ
487 3949 760 4022 ἐρρῶσθαι
774 3954 870 4008 zeal
898 3955 1086 4026 μηδενὶ
1104 3957 1213 4012 τῶν
1229 3959 1417 4014 κακῶν
1439 3960 1776 4032 ἐνοχλεῖσθαι
1797 3963 2042 4028 ἐκείνων,

372 4027 450 4090 ὧν
496 4035 727 4094 ἕκαστον
756 4042 851 4096 zeal
888 4044 1011 4099 καθ’
1062 4046 1229 4123 ἑαυτὸ
1292 4050 1475 4103 πᾶσαν
1510 4027 1698 4103 ἱκανὸν
1728 4050 1919 4104 σϐέσαι
1950 4027 2046 4105 zeal

373 4123 676 4198 ἀνατρέψαι
701 4130 766 4184 ἐκ
795 4131 1010 4204 βάθρων
1032 4135 1256 4207 ἡδονήν·
1293 4136 1546 4209 δεύτερον
1592 4138 1650 4192 δὲ
1679 4139 1775 4191 zeal
1804 4139 1912 4192 ἀπὸ
1938 4140 2045 4195 τῶν

372 4212 560 4270 σιτίων
609 4218 811 4275 αὐτῶν.
841 4221 996 4290 Πῶς;
1034 4225 1155 4278 Ὅτι
1198 4225 1392 4298 ἡδονῆς
1424 4225 1708 4297 ποιητικὸν
1741 4226 2035 4298 ἐπιθυμία·

370 4300 670 4390 ἐπιθυμίαν
702 4309 758 4364 δὲ
786 4312 886 4383 οὐχ
912 4315 940 4368 6
970 4313 1149 4385 κόρος,
1184 4316 1307 4369 οὐδέ
1345 4317 1379 4388 ή
1406 4315 1728 4389 πλησμονὴ,
1754 4317 1872 4371 ἀλλ’
1902 4319 1936 4390 ἡ
1961 4317 2050 4372 ἐν-

370 4388 489 4446 δεια
515 4394 609 4448 zeal
636 4397 670 4468 ή
703 4400 898 4464 σπάνις
939 4404 1105 4457 ποιεῖ.
1146 4401 1296 4477 Αὕτη
1330 4404 1387 4458 δὲ
1435 4406 1537 4459 οὐκ
1562 4407 1620 4460 ἐν
1665 4388 1900 4472 ἐκείνοις
1926 4388 2048 4473 τοῖς

244 4511 262 4523 ~
374 4483 702 4551 συμποσίοις
730 4490 845 4551 τοῖς
868 4489 978 4544 τῶν
995 4490 1391 4561 πλουτούντων,
1425 4494 1539 4548 ἀλλ’
1574 4496 1634 4548 ἐν
1660 4498 1772 4558 τοῖς
1801 4496 1913 4551 τῶν
1944 4515 2042 4551 πε-

371 4569 613 4640 νομένων
632 4572 720 4627 ἀεὶ⁸
739 4576 993 4647 πάρεστι,
1017 4580 1219 4644 παντὸς
1237 4584 1636 4653 τραπεζοποιοῦ
1659 4587 1755 4639 καὶ
1779 4588 2045 4657 μαγείρου

376 4658 576 4728 μᾶλλον
600 4662 968 4727 ἐπιστάζουσα
994 4667 1131 4720 πολύ
1168 4671 1282 4733 τοῖς
1313 4673 1697 4743 προκειμένοις
1715 4674 1778 4727 τδ
1811 4674 1953 4746 μέλι.
1982 4677 2045 4732 Οί

376 4746 475 4815 μὲν
507 4748 616 4821 7&9
640 4748 999 4816 πλουτοῦντες
1022 4753 1148 4808 οὐτε
1170 4757 1469 4822 πεινῶντες
1489 4760 1753 4822 ἐσθίουσι,
1769 4764 1863 4816 zeal
1876 4764 2048 4835 χωρὶς

372 4835 467 4889 τοῦ
498 4837 672 4908 διψεῖν
709 4836 949 4907 πίνουσι,
987 4843 1081 4896 zeal
1107 4844 1237 4914 πρὶν
1278 4845 1526 4916 σφοδρῶς
1577 4847 1764 4912 αὐτοῖς
1794 4849 2045 4907 ἐπελθεῖν

377 4921 530 4996 [5‘25]
559 4926 659 4996 τὴν
703 4927 950 5000 ἀνάγκην
977 4930 1072 4984 τοῦ
1100 4930 1268 4985 ῦπνου
1319 4933 1674 4988 καθεύδουσιν
1696 4951 1708 4966 ·
1732 4928 1878 4991 οῦτοι
1898 4937 1955 4991 δὲ
1986 4940 2045 4995 ἐν

372 5012 533 5085 χρείᾳ
561 5014 766 5069 τούτων
789 5015 1179 5089 καθιστάμενοι
1208 5021 1470 5094 πρότερον
1484 5022 1658 5087 οὕτως
1681 5024 1861 5081 αὐτῶν
1918 5043 2046 5097 μετ-

372 5103 621 5171 έχουσιν·
655 5102 684 5156 6
709 5104 946 5175 μάλιστα
980 5107 1197 5161 πάντων
1225 5107 1377 5177 αῦξει
1404 5109 1475 5165 τά
1495 5110 1595 5183 τῆς
1613 5111 1828 5183 ἡδονῆς.
1863 5114 1962 5169 Διά
1990 5115 2045 5168 τί

373 5189 504 5262 γὰρ,
552 5192 675 5246 εἰπέ
724 5210 837 5264 μοι,
871 5194 967 5248 zeal
1011 5196 1041 5249 6
1088 5196 1342 5267 Σολομὼν
1372 5198 1466 5253 τὸν
1495 5197 1662 5255 ὕπνον
1715 5200 1807 5255 τοῦ
1855 5201 2042 5256 δούλου

376 5277 542 5349 φησὶν
556 5274 696 5334 εἶναι
712 5282 862 5353 ήδὺν,
877 5282 1080 5337 οὐτωσὶ
1099 5284 1297 5354 λέγων,
1321 5286 1494 5353 Ἠδὺς
1514 5288 1701 5356 ὕπνος
1723 5286 1802 5351 τῷ
1821 5289 2043 5359 δούλῳ,

376 5362 457 5418 ἄν
480 5381 544 5418 τε
569 5367 749 5434 πολὺ,
777 5368 855 5423 ἄν
882 5387 947 5425 τε
971 5371 1182 5441 ὀλίγον
1206 5373 1407 5444 φάγῃς
1449 5370 1600 5448 1Ἀρα
1623 5376 1712 5430 διά
1742 5377 1839 5449 τὴν
1878 5396 2048 5450 στρωο

380 5451 520 5522 μνὴν
552 5452 652 5523 τὴν
678 5454 929 5527 ἁπαλήν;
954 5458 1066 5513 Kal
1092 5459 1200 5531 μὴν
1235 5461 1328 5514 ἐπὶ
1359 5462 1641 5535 ἐδάφουςῆ
1671 5466 1763 5518 ἐπὶ
1794 5466 2045 5532 στιϐάδος

375 5537 428 5591 οῖ
458 5537 679 5603 πλείους
730 5542 1107 5601 καθεύδουσιν.
1160 5547 1324 5602 Ἀλλὰ
1359 5549 1447 5604 διὰ
1484 5551 1584 5624 τὴν
1628 5554 1847 5620 ἄδειαν;
1902 5555 2044 5608 Ἀλλ’

375 5624 500 5681 οὐδὲ
536 5629 741 5714 μικρᾶς
775 5631 970 5703 καιροῦ
1008 5635 1183 5707 ῥοπῆς
1211 5639 1318 5691 εἰσι
1366 5636 1569 5710 κύριοι.
1612 5642 1774 5696 Ἀλλα
1819 5641 1908 5697 διὰ
1945 5642 2043 5714 τὴν

276 5778 291 5795 ⁸
383 5712 703 5802 ῥαστώνηη
745 5718 884 5773 Ἀλλ’
912 5721 974 5775 οὐ
1003 5723 1424 5797 διαλιμπάνουσι
1467 5729 1689 5801 μόχθοις
1718 5712 2044 5805 κοπτόμενοι

437 5841 468 5918 ξ
488 5843 612 5918 ﬁes.
635 5849 892 5918 σιτοποιῶν
914 5850 994 5897 καὶ
1003 5852 1251 5918 ’μαγείρων
1272 5856 1456 5918 ⁴ιήέχνοις.

440 5900 471 5946 δ
490 5900 614 5971 Reg.
639 5909 737 5968 τοῖς
758 5910 976 5972 οἰκέταις,
1002 5900 1173 5964 Hlor'el:
1192 5900 1253 5965 Vol
1274 5900 1547 5976 εέἶίῖῖτοῖς
1570 5919 1822 5986 μαγείροις.

1206 308 1263 364 S.
1303 308 1589 366 JOANNIS
1627 309 2123 369 CHRYSOSTOMI
2161 313 2484 373 ARCHIEP.
2525 305 3078 375 CONSTANTINOP.

3721 320 3828 379 588

2154 430 2251 484 zeal
2278 432 2695 505 ταλαιπωρίαις.
2720 434 2787 487 Τί
2814 435 2934 487 ποτ’
2960 426 3055 486 οῦν
3092 434 3212 485 ἐστι
3241 432 3303 485 τὸ
3332 433 3520 488 ποιοῦν
3539 435 3633 488 τὸν
3657 434 3831 494 ὕπνον

2159 518 2308 588 ἡδὺν,
2331 520 2365 591 ἢ
2396 520 2458 573 τὸ
2476 521 2742 593 πρότερον
2771 522 2849 585 είς
2878 521 3068 593 χρείαν
3091 532 3114 560 ο
3142 520 3519 587 καταστάντας
3537 520 3713 588 οὕτως
3731 523 3835 577 αὐ-

2156 605 2251 658 τοῦ
2276 607 2750 677 μεταλαμϐάνειν;
2784 609 2926 672 Τοὺς
2972 609 3032 663 δέ
3070 597 3442 673 πλουτοῦνταξ
3474 609 3544 664 ἂν
3575 609 3653 682 μὴ
3685 610 3833 683 μέθῃ

2160 691 2554 762 βαπτισθέντας
2574 697 2607 766 ή
2631 695 2729 762 νὺξ
2746 696 3053 769 καταλάϐῃ,
3089 696 3306 765 ἀνάγκη
3334 696 3631 761 διαπαντὸς
3654 698 3834 769 ἀγρυ-

2159 783 2312 834 πνεῖν
2360 783 2456 835 zeal
2493 782 2923 854 ἐπιστρέφεσθαι
2948 785 3045 839 zeal
3076 784 3263 838 ἀλύειν
3291 785 3522 839 ἐπὶτῶν
3563 783 3835 856 μαλακῶν

2157 868 2443 939 κειμένους
2471 870 2829 942 στρωμάτων.

2228 955 2350 1010 ΟΔ’.
2387 957 2543 1028 Ἐνῆν
2566 958 2662 1012 zeal
2678 958 2944 1030 ἑτέρωθεν
2968 958 3138 1025 δεῖξαι
3166 960 3265 1031 τῆς
3282 961 3495 1032 τρυφῆς
3512 960 3613 1033 τὴν
3628 959 3832 1032 ἀηδίαν

2157 1044 2252 1099 zeal
2307 1046 2409 1116 τὴν
2463 1045 2668 1118 ζημίαν
2706 1048 2802 1101 zeal
2854 1046 2953 1119 τὴν
3004 1048 3431 1120 ἀσχημοσύνην,
3485 1049 3585 1113 τὰς
3633 1048 3830 1111 νόσους

2157 1131 2523 1203 καταλέγοντα
2575 1136 2708 1199 ὅσας
2784 1134 3257 1207 ἐναπομόργνυται
3309 1139 3377 1208 τῇ
3437 1135 3583 1208 ψυχῇ
3645 1135 3832 1207 πολλῷ

2157 1221 2377 1286 πλείους
2434 1222 2529 1276 zeal
2578 1221 2970 1294 χαλεπωτέρας
3004 1221 3172 1287 οὔσας
3192 1223 3301 1277 τῶν
3335 1221 3685 1294 σωματικῶν.
3715 1223 3832 1277 Kal

2157 1308 2268 1380 7&9
2294 1309 2591 1380 μαλακοὺς,
2627 1310 2723 1363 zeal
2744 1309 3061 1381 ἀνάνδρους,
3089 1312 3185 1365 zeal
3222 1311 3463 1383 θρασεῖς,
3498 1312 3595 1365 zeal
3623 1310 3831 1374 ἀλαζό-

2159 1414 2282 1464 νας,
2305 1400 2401 1452 zeal
2439 1397 2710 1467 ἀσελγεῖς,
2745 1399 2840 1452 zeal
2876 1393 3159 1470 ὑϐριστὰς,
3199 1400 3294 1454 zeal
3329 1399 3690 1464 ἀκολάστους,
3731 1400 3835 1453 zeal

2160 1485 2510 1557 ἀκροχόλους,
2543 1485 2640 1538 zeal
2683 1484 2889 1555 ὠμοὺς,
2919 1485 3017 1539 zeal
3043 1486 3277 1555 ἀγενεῖς,
3336 1485 3432 1541 zeal
3465 1486 3829 1555 πλεονέκτας,

2156 1572 2253 1627 zeal
2283 1572 2693 1644 δουλοπρεπεῖς,
2726 1572 2821 1626 zeal
2851 1573 2986 1644 πρὸς
3010 1572 3155 1629 ἅπαν
3184 1576 3358 1628 εἰπεῖν
3386 1572 3496 1629 τῶν
3529 1575 3829 1647 χρησίμων

2157 1660 2252 1713 zeal
2266 1660 2577 1729 ἀναγκαίων
2595 1661 2901 1732 ἀχρήστους
2916 1661 3257 1732 καθίστησιν·
3275 1654 3350 1717 ὧν
3365 1663 3624 1717 τάναντία
3646 1663 3834 1719 πάντα

2155 1746 2190 1816 ή
2219 1746 2521 1818 αὐτάρκεια
2547 1750 2710 1800 ποιεῖ.
2755 1747 2915 1801 Ἀλλά
2943 1746 3041 1802 νῦν
3077 1748 3215 1820 πρὸς
3231 1748 3419 1822 ἕτερον
3451 1749 3582 1820 ἡμῖν
3608 1751 3638 1804 6
3664 1750 3833 1820 λόγος

2156 1832 2438 1902 ἐπείγεται
2461 1850 2476 1866 ·
2513 1833 2595 1889 διὸ
2623 1834 2784 1907 μόνον
2807 1836 2985 1889 ἐκεῖνο
3022 1835 3350 1907 προσθέντες
3391 1836 3502 1891 τῶν
3531 1838 3834 1892 ἀποστολι-

2155 1919 2269 1975 κῶν
2299 1921 2463 1977 πάλιν
2482 1920 2750 1993 ἁψώμεθα
2777 1922 3059 1995 ῥημάτων.
3085 1924 3150 1977 El
3173 1922 3285 1995 7&9
3312 1924 3383 1979 τὰ
3395 1924 3659 1979 δοκοῦντα
3683 1923 3835 1981 εἶναι

2158 2006 2373 2079 ζηλωτὰ
2398 2009 2667 2063 τοσούτων
2702 2011 2861 2081 γέμει
2894 2009 3103 2070 κακῶν.
3138 2011 3233 2065 zeal
3279 2011 3537 2067 τοσοῦτον
3573 2016 3642 2085 τῇ
3664 2012 3831 2087 ψυχῇ

2147 2075 2250 2150 ικαὶ
2267 2095 2346 2168 τῷ
2372 2096 2584 2169 σώματι
2612 2075 2952 2168 τδνννίφετὸν
2980 2098 3179 2166 ἐπάγει
3203 2098 3317 2153 τῶν
3340 2075 3692 2172 νοσημάτων,

2153 2183 2224 2239 τὰ
2266 2183 2487 2258 λυπηρά
2531 2185 2808 2257 θήσομεν;
2859 2179 2971 2239 οἷον
3020 2182 3298 2258 ἀρχόντων
3357 2187 3590 2256 φόϐους,
3635 2188 3832 2261 δήμων

2145 2265 2351 2343 ’ὁρμὰς,
2375 2273 2730 2343 συκοφαντῶν
2747 2273 2843 2327 zeal
2866 2272 3153 2343 βασκάνων
3179 2273 3475 2340 ἐπιϐουλάς
3492 2292 3507 2307 ·
3525 2274 3562 2331 ἀ
3590 2276 3834 2347 μάλιστα

2152 2359 2280 2425 τοὺς
2307 2360 2676 2426 πλουτοῦντας
2710 2360 3204 2432 περιστοιχίζεται·
3250 2364 3310 2416 ἐν
3348 2357 3431 2427 οἷς
3462 2363 3681 2428 καὶτὰς
3724 2381 3833 2434 γυ-

2153 2450 2347 2513 ναῖκας
2377 2448 2640 2521 μειζόνως
2653 2448 2763 2503 τῶν
2793 2448 2979 2504 κακῶν
3002 2448 3214 2521 ἀνάγκη
3248 2453 3527 2505 κοινωνεῖν
3543 2451 3632 2506 διά
3654 2451 3721 2507 τὸ
3744 2454 3828 2526 μὴ

2155 2536 2414 2606 γενναίως
2435 2537 2537 2601 τὰς
2559 2536 2818 2602 τοιαύτας
2845 2536 3032 2609 φέρειν
3060 2536 3386 2609 μεταϐολάς.

2205 2625 2325 2679 OB'.
2344 2625 2454 2679 Kal
2479 2625 2534 2680 τί
2557 2625 2700 2694 λέγω
2717 2627 2985 2695 γυναῖκας
3002 2642 3018 2692 ;
3040 2626 3136 2680 zeal
3155 2625 3264 2698 7&9
3283 2626 3437 2681 αὐτοὶ
3455 2629 3505 2681 οἱ
3524 2627 3721 2700 ἄνδρες
3738 2646 3838 2684 1a—

2149 2710 2447 2785 λαιπώρως
2473 2713 2579 2767 ὐπὸ
2604 2713 2715 2769 τῶν
2733 2713 2992 2767 τοιούτων
3025 2714 3362 2770 ἁλίσκονται.
3404 2714 3464 2770 '0
3494 2716 3594 2787 μὲν
3625 2717 3740 2789 γὰρ
3769 2720 3838 2773 ἐν

2158 2800 2453 2874 αὐταρκείᾳ
2486 2799 2593 2866 ζῶν
2618 2801 2875 2873 οὐδεμίαν
2917 2801 3269 2873 μετάπτωσιν
3320 2801 3558 2858 δέδοικεν
3579 2821 3593 2835 ·
3624 2806 3654 2859 6
3673 2804 3737 2859 δὲ
3770 2806 3838 2860 ἐν

2139 2888 2346 2960 -ἐκείνῳ
2360 2887 2440 2961 τῷ
2466 2888 2617 2961 ὑγρῷ
2636 2889 2731 2943 zeal
2749 2889 3128 2961 διακεχυμένῳ
3143 2888 3243 2962 βίῳ
3263 2889 3617 2962 δαπανηθεὶς,
3632 2891 3830 2947 εἴποτε

2139 2966 2393 3049 ’συμϐαίη
2424 2977 2569 3031 κατά
2599 2977 2922 3049 περίστασίν
2954 2995 3078 3033 τινα
3104 2978 3200 3031 καὶ
3229 2978 3483 3049 ἀνάγκην
3511 2980 3838 3051 παραδοθῆ-

2149 3077 2237 3117 ναι
2265 3065 2448 3137 πενίᾳ,
2471 3063 2792 3137 τεθνήξεται
2818 3066 3084 3137 πρότερον
3115 3064 3150 3137 ἦ
3183 3065 3388 3138 ταύτην
3423 3066 3561 3121 οἴσει
3601 3066 3700 3141 τὴν
3732 3085 3838 3139 με·-

2147 3151 2404 3224 ταϐολὴν,
2438 3151 2527 3206 διὰ
2549 3152 2610 3205 τὸ
2638 3152 2971 3224 ἀμελέτητον
2998 3153 3093 3206 zeal
3125 3153 3615 3226 ἀγύμναστον.Διά
3647 3154 3835 3210 ταῦτα

2148 3241 2177 3292 6
2210 3240 2477 3313 μακάριος
2527 3239 2740 3305 Παῦλος
2774 3240 2926 3309 ἐλεγε
2947 3257 2960 3271 ·
2994 3240 3216 3310 Θλῐψιν
3253 3240 3332 3312 τῇ
3355 3242 3537 3311 σαρκὶ
3568 3242 3833 3309 ἕξουσιν

2148 3332 2201 3384 οἱ
2237 3327 2491 3382 τοιοῦτοι
2511 3344 2527 3358 ·
2565 3326 2680 3397 ἐγὼ
2701 3327 2772 3380 δὲ
2807 3326 2980 3397 ὑμῶν
3004 3328 3299 3399 φείδομαι.
3330 3325 3464 3384 Εἶτα
3493 3330 3635 3401 μετὰ
3665 3331 3833 3387 τοῦτό

2149 3431 2345 3487 φησιν·
2385 3415 2447 3469 '0
2490 3414 2696 3485 καιρὸς
2733 3415 3231 3487 συνεσταλμένος
3261 3417 3329 3471 τὸ
3379 3419 3602 3472 λοιπόν
3628 3419 3833 3477 ἐστιν.

2220 3503 2340 3558 ΟΡ.
2372 3504 2485 3559 Kal
2507 3504 2562 3559 τί
2592 3502 2750 3559 τοῦτο
2775 3504 2911 3576 πρὸς
2931 3504 3022 3558 τὸν
3050 3505 3266 3576 γάμον;
3301 3505 3431 3569 ἴσως
3461 3505 3528 3559 ἂν
3549 3505 3693 3560 είποι
3721 3525 3836 3574 τις.

2151 3584 2265 3641 Kal
2279 3587 2487 3659 σφόδρα
2503 3587 2601 3660 μὲν
2624 3583 2718 3643 οῦν
2739 3588 2876 3659 πρὸς
2890 3588 3071 3642 αὐτόν.
3090 3589 3152 3641 El
3168 3587 3278 3658 7&9
3307 3589 3364 3641 ἐν
3385 3587 3464 3660 τῷ
3483 3590 3714 3661 παρόντι
3729 3591 3836 3664 βίῳ

2151 3667 2590 3737 συγκέκλεισται,
2623 3670 2680 3722 ἐν
2708 3668 2767 3721 δέ
2798 3666 2877 3739 τῷ
2931 3668 3180 3739 μέλλοντι
3229 3666 3353 3722 οὐτε
3389 3664 3665 3741 γαμοῦσιν
3697 3670 3832 3726 οὔτε

2148 3748 2493 3819 γαμίζονται,
2521 3750 2550 3802 6
2573 3747 2632 3801 δὲ
2655 3745 2846 3820 παρὼν
2870 3745 3064 3820 καιρὸς
3091 3747 3232 3820 πρὸς
3256 3748 3319 3801 τὸ
3342 3748 3497 3814 τέλος
3517 3750 3829 3820 ἐπείγεται,

2150 3828 2244 3880 zeal
2273 3827 2367 3881 ἐπὶ
2394 3825 2589 3897 θύραις
2620 3824 2692 3879 τά
2717 3825 2820 3895 τῆς
2847 3826 3198 3890 ἀναστάσεως
3224 3824 3482 3898 ἕστηκεν,
3533 3828 3594 3881 οὐ
3623 3830 3832 3900 γάμων

2149 3908 2341 3981 καιρὸς
2367 3908 2487 3962 οὐδὲ
2512 3906 2829 3978 κτημάτων,
2858 3905 2973 3959 ἀλλ’
2993 3906 3202 3971 ἐνδείας
3225 3907 3321 3960 zeal
3341 3907 3442 3978 τῆς
3473 3906 3643 3980 ἄλλης
3672 3910 3831 3979 φιλο-

2150 3986 2342 4057 σοφίας
2370 3987 2590 4057 ἀπάσης
2621 3986 2721 4056 τῆς
2774 3987 2894 4041 ἐκεῖ
2936 3988 3385 4060 χρησιμευούσης
3423 3989 3577 4059 ἡμῖν.
3612 3989 3834 4062 ’Ὠσπερ

2148 4064 2256 4136 7&9
2288 4067 2322 4136 ἠ
2344 4063 2614 4136 παρθένος
2642 4063 2748 4127 ἕως
2775 4063 2873 4135 μὲν
2892 4061 2959 4116 ἂν
2974 4064 3111 4120 οἴκοι
3140 4065 3274 4137 μένῃ
3304 4063 3442 4135 μετά
3467 4065 3568 4136 τῆς
3596 4061 3830 4139 μητρὸς,

2148 4143 2350 4215 πολλὴν
2392 4142 2500 4197 τῶν
2532 4141 2798 4197 παιδικῶν
2833 4141 3088 4195 ἁπάντων
3131 4146 3365 4196 ποιεῖται
3420 4143 3703 4214 φροντίδα,
3736 4147 3833 4200 καὶ

2137 4220 2401 4286 ,κιϐώτιον
2424 4223 2483 4275 ἐν
2510 4220 2588 4292 τῷ
2630 4220 2866 4291 ταμιείῳ
2921 4219 3271 4292 καταθεμένη
3313 4220 3422 4274 τῶν
3443 4222 3833 4294 ἀποκειμένων

2150 4302 2287 4368 ἐκεῖ,
2334 4301 2430 4355 καὶ
2464 4300 2566 4374 τήν
2599 4300 2748 4354 κλεῖν
2776 4299 2915 4372 αὐτὴ
2967 4298 3253 4372 κέκτηται,
3293 4300 3388 4354 zeal
3429 4299 3529 4372 τὴν
3574 4299 3832 4367 ἐξουσίαν

2150 4381 2368 4436 ἃπασαν
2399 4380 2534 4453 ἔχει,
2560 4381 2656 4435 zeal
2682 4378 2953 4450 τοσαύτην
2987 4379 3128 4449 ὑπὲρ
3157 4377 3259 4449 τῆς
3286 4377 3396 4432 τῶν
3422 4378 3637 4450 μικρῶν
3671 4378 3829 4432 ὲκεί-

2148 4476 2255 4513 νων
2309 4460 2405 4514 zeal
2452 4458 2673 4528 φαύλων
2709 4457 2858 4531 [526]
2891 4456 3139 4528 φυλακῆς
3167 4455 3486 4528 ἀναδέχεται
3523 4457 3826 4528 μέριμναν,

2148 4538 2279 4608 ὅσην
2314 4540 2364 4591 οί
2405 4537 2505 4602 τὰς
2540 4537 2781 4609 μεγάλας
2827 4539 3313 4608 ἐπιτροπεύοντες·
3348 4536 3565 4591 ἐπειδὰν
3600 4536 3660 4589 δὲ
3688 4554 3833 4607 μνη-

2150 4616 2435 4671 στεύεσθαι
2472 4618 2568 4690 δέῃ
2613 4617 2707 4672 zeal
2735 4616 2764 4669 6
2793 4615 2886 4670 τοῦ
2933 4616 3115 4687 γάμου
3166 4616 3358 4686 καιρὸς
3402 4615 3690 4685 ἀναγκάζῃ
3726 4615 3831 4686 τὴν

2149 4696 2408 4769 πατρῴαν
2463 4697 2642 4751 οἰκίαν
2688 4698 2932 4767 ἀφεῖναι,
2984 4696 3107 4749 τότε
3159 4697 3258 4766 τῆς
3295 4694 3573 4759 εὐτελείας
3604 4693 3831 4764 ἐκείνης

2148 4776 2522 4845 ἀπαλλαγεῖσα
2560 4776 2657 4830 zeal
2685 4776 2785 4846 τῆς
2815 4775 3227 4846 ταπεινότητος,
3262 4774 3439 4838 οἰκίας
3465 4772 3828 4845 προστασίαν,

2147 4857 2242 4909 καὶ
2272 4857 2568 4927 κτημάτων
2591 4854 2686 4908 καὶ
2715 4854 3064 4925 ἀνδραπόδων
3112 4853 3335 4923 πλῆθος,
3375 4853 3471 4907 zeal
3501 4851 3697 4929 ἀνδρὸς
3735 4851 3830 4904 θε-

2151 4936 2413 5006 ραπείαν,
2465 4934 2561 4989 zeal
2615 4934 2686 4988 τὰ
2737 4933 2874 4989 ἄλλα
2917 4934 2985 4989 τά
3022 4932 3230 4987 τούτων
3270 4933 3496 5005 μείζονα
3552 4932 3831 5003 μεριμνᾷν

2147 5015 2550 5085 ἀναγκάζεται·
2579 5011 2724 5067 οὕτω
2754 5014 2848 5067 zeal
2877 5015 3026 5085 ἡμᾶς
3061 5012 3189 5085 χρὴ,
3221 5012 3411 5084 ἐπειδὴ
3445 5013 3582 5083 πρὸς
3613 5011 3707 5064 τὸν
3736 5010 3831 5062 τέο

2147 5094 2289 5148 λειον
2318 5094 2561 5166 ἀγόμεθα
2592 5093 2705 5164 βίον
2733 5094 2828 5148 zeal
2851 5094 2944 5147 τὸν
2964 5093 3192 5165 ἀνδράσι
3228 5095 3598 5165 προσήκοντα,
3628 5090 3699 5143 τά
3732 5090 3830 5142 ἐπὶ

2146 5174 2249 5245 τῆς
2280 5176 2383 5244 γῆς
2416 5175 2596 5229 πάντα
2630 5173 2870 5243 ἀφέντας
2901 5174 2969 5227 τὰ
3014 5174 3184 5237 ὄντως
3240 5173 3469 5229 παιδικὰ
3506 5170 3828 5242 ἀθύρματα,

2149 5252 2515 5322 φαντάζεσθαι
2546 5251 2641 5307 τὸν
2689 5252 2919 5324 οὐρανὸν
2965 5252 3058 5305 zeal
3088 5252 3187 5324 τῆς
3234 5253 3354 5307 ἐκεῖ
3388 5249 3674 5322 διατριϐῆς
3724 5249 3828 5320 τὴν

2146 5331 2506 5405 λαμπρότητα
2542 5332 2638 5386 zeal
2670 5331 2769 5402 τὴν
2799 5331 2958 5397 δόξαν
3000 5331 3238 5386 ἃπασαν.
3281 5329 3671 5402 Ἦρμόσθημεν
3713 5329 3830 5398 γὰρ

2147 5415 2241 5468 zeal
2286 5416 2448 5485 ἡμεῖς
2488 5412 2706 5483 νυμφίῳ
2744 5409 2919 5474 οὕτως
2965 5409 3220 5481 ζητοῦντι
3246 5413 3378 5482 παρ’
3402 5410 3561 5482 ήμῶν
3597 5410 3827 5477 ἀγαπᾶ-

2148 5496 2293 5558 σθαι,
2321 5495 2396 5557 ὡς
2421 5493 2495 5563 μὴ
2526 5492 2716 5562 τῶνκέν
2737 5492 2803 5560 τῇ
2825 5492 2897 5561 γῇ
2933 5493 3113 5562 μόνον,
3140 5491 3275 5562 μηδὲ
3307 5490 3417 5544 τῶν
3448 5487 3665 5562 μικρῶν
3697 5486 3828 5541 τού-

2146 5592 2256 5628 των
2275 5574 2370 5627 zeal
2396 5570 2652 5634 εὐτελῶν,
2685 5568 2822 5622 ἁλλὰ
2850 5569 3059 5638 καὶτῆς
3091 5572 3269 5643 ψυχῆς
3292 5571 3462 5642 αὐτῆς
3489 5566 3828 5636 ἀφίστασθαι

2145 5655 2211 5709 δι’
2241 5653 2423 5718 αὐτὸν,
2450 5652 2578 5706 ὅταν
2598 5649 2716 5722 δέῃ.
2769 5648 2923 5701 Ἐπεὶ
2949 5644 3042 5703 οῦν
3080 5651 3196 5704 ἐκεῖ
3227 5650 3412 5705 λοιπὸν
3446 5648 3665 5703 ἀπιέναι
3691 5648 3825 5719 χρὴ,

2148 5732 2544 5802 ἀπαλλάξωμεν
2570 5727 2795 5791 ἑαυτοὺς
2824 5723 2925 5798 τῆς
2959 5729 3236 5801 φροντίδος
3262 5730 3363 5801 τῆς
3391 5727 3663 5798 εὐτελοῦς.
3684 5727 3827 5782 Οὐδὲ

2150 5820 2259 5893 γὰρ
2284 5820 2364 5881 είς
2386 5814 2662 5888 βασιλείαν
2695 5810 3050 5883 μεθίστασθαι
3083 5814 3368 5885 μέλλοντες
3403 5813 3513 5869 ἀπὸ
3558 5813 3827 5885 πενιχρᾶς

2215 5923 2238 5952 θ
2262 5919 2381 5982 Reg.
2406 5916 2550 5975 ἡδύνς
2572 5919 2616 5966 οἱ
2637 5914 2790 5965 πόνοι.
2813 5912 2893 5962 καὶ
2916 5913 2972 5964 τὸ
2996 5915 3222 5982 πρότερον
3244 5918 3307 5974 είς
3325 5915 3503 5982 χρείαν.
