4056 6208
217 254 322 307 585

207 367 377 429 gento
399 365 453 413 et
473 370 627 423 auro,
661 355 756 412 sed
778 355 828 410 in
859 353 1062 410 balneis
1093 368 1324 425 quoque,
1356 351 1548 419 hortis,
1580 353 1803 417 :edibus,

210 449 391 504 leum
415 457 471 503 et
497 462 606 502 non
626 462 826 513 meum,
851 445 1013 501 verba
1040 445 1213 500 solum
1242 459 1389 500 mera
1415 443 1803 514 deprehendas.

207 540 342 595 Nam
369 551 506 594 usus
525 537 772 593 omnibus
800 536 1100 593 communis
1124 543 1238 590 est:
1263 542 1466 590 tantum
1493 534 1581 604 qui
1607 533 1807 589 domini

207 631 522 696 videantur,
550 629 653 685 hoc
681 629 802 699 plus
825 627 1024 683 habent
1049 643 1208 697 quam
1229 627 1318 697 qni
1341 641 1446 681 non
1474 627 1602 692 sint,
1621 639 1806 680 eorum

208 725 435 793 inquam
455 735 663 776 curam.
686 720 749 774 Hi
775 720 918 775 enim
944 717 1193 773 fruuntur
1215 725 1446 784 tantum;
1475 716 1548 770 illi
1568 711 1808 769 adhibito

207 812 404 884 grandi
431 813 615 868 studio
637 810 969 867 tantumdem
991 818 1412 879 consequuntur,
1452 815 1709 878 quantum
1753 805 1808 860 bi

208 906 342 962 citra
364 905 637 962 studium.

273 997 480 1054 LXIX.
523 998 860 1069 Sumptuosas
872 1012 1072 1050 mensas
1087 1007 1286 1066 magna:
1305 991 1622 1048 insuavilatis
1638 991 1814 1062 plenas

211 1107 330 1154 me.
360 1121 443 1130 —
471 1088 628 1158 Quod
666 1089 714 1143 si
750 1088 870 1158 quis
900 1101 1137 1144 summas
1164 1086 1388 1143 delicias
1413 1085 1657 1150 miretur,
1689 1092 1811 1153 puta

210 1184 559 1240 :oncisarum
581 1182 821 1236 carnium
842 1180 1256 1248 multitudinem,
1277 1178 1516 1234 inutilem
1538 1178 1645 1232 vini
1671 1193 1817 1231 sum-

205 1287 386 1348 ptum,
423 1272 691 1345 exquisita
720 1273 1084 1339 condimenta,
1128 1280 1450 1327 structorum
1477 1285 1574 1325 seu
1602 1284 1815 1324 mensa-

206 1368 427 1420 riorum
458 1373 515 1420 et
545 1365 804 1434 pistorum
825 1364 842 1395 ¹
888 1363 1132 1429 artificia,
1177 1363 1530 1432 parasitorum
1559 1370 1614 1415 et
1637 1361 1818 1416 convi-

208 1472 412 1511 varum
444 1456 676 1522 turbam,
700 1455 854 1522 sciat,
885 1453 1076 1509 divites
1095 1455 1150 1508 in
1177 1453 1262 1508 bis
1283 1452 1450 1507 nihilo
1467 1451 1674 1507 meliori
1696 1466 1818 1506 esse

209 1550 334 1605 loco
353 1563 526 1618 quam
551 1561 774 1618 coquos.
799 1545 933 1603 Nam
957 1554 1018 1602 ut
1041 1545 1096 1601 bi
1118 1544 1388 1611 dominos,
1419 1543 1498 1599 sic
1535 1544 1610 1598 illi
1638 1543 1819 1612 ltOSpi-

212 1650 295 1695 tes
321 1647 615 1704 verentur,
645 1653 713 1693 ne
739 1637 868 1708 quid
905 1651 1092 1693 eorum
1133 1651 1252 1707 qua)
1299 1650 1526 1706 operose
1568 1643 1624 1690 et
1668 1649 1821 1689 sum-

214 1741 417 1801 ptuose
442 1731 510 1786 iis
536 1739 789 1800 appara-ta
806 1730 933 1796 sint,
961 1728 1360 1800 reprehendant.
1381 1735 1436 1783 et
1462 1736 1700 1798 carpant.
1724 1731 1820 1782 At-

216 1837 322 1892 que
350 1821 461 1876 hac
490 1821 542 1874 in
575 1831 725 1890 parte
760 1820 985 1890 coquis'
1013 1828 1362 1889 exaequantur
1388 1837 1401 1873 :
1434 1818 1488 1873 in
1525 1819 1629 1874 alia
1660 1819 1821 1874 etiam

221 1918 510 1982 superant.
540 1911 724 1982 Neque
749 1911 895 1967 enim
920 1911 1093 1965 solum
1137 1917 1498 1976 accusatores,
1529 1909 1625 1964 sed
1650 1925 1821 1964 aemu-

223 2005 306 2058 los
327 2004 502 2059 etiam
527 2002 753 2058 timent:
788 2002 1048 2073 siquidem
1079 2001 1261 2059 multis
1289 2016 1432 2070 saepe
1467 2017 1536 2056 ex
1561 2001 1822 2071 ejusmodi

223 2095 498 2150 conviviis
536 2093 732 2149 invidia
761 2103 942 2148 creata
982 2101 1085 2160 est,
1130 2107 1230 2147 nec
1254 2101 1378 2147 ante
1416 2091 1641 2156 destitit,
1665 2107 1823 2161 quam

224 2200 326 2242 eos
369 2186 428 2241 in
463 2186 648 2256 capitis
677 2187 971 2256 periculum
1008 2185 1246 2240 adduxit.
1296 2187 1369 2240 At
1415 2184 1637 2240 helluari
1685 2201 1828 2254 scepe

225 2291 401 2332 suave
424 2285 532 2332 est.
555 2279 848 2347 Apagesis:
879 2277 1094 2348 quando
1114 2291 1183 2332 ex
1203 2275 1306 2332 boc
1331 2276 1457 2331 luxu
1486 2285 1541 2330 ct
1567 2276 1822 2347 gravedo,

227 2381 279 2424 et
305 2370 519 2425 ventris
538 2370 794 2436 obesitas,
812 2379 867 2426 et
886 2370 1105 2440 spiritus
1129 2369 1444 2436 obstruetio,
1475 2376 1530 2424 et
1551 2369 1826 2424 oculorum

228 2463 563 2530 obscuritas,
594 2471 650 2518 et
674 2464 902 2534 vertigo,
942 2471 998 2518 et
1042 2463 1234 2533 caligo,
1277 2463 1488 2532 aliaque
1536 2462 1622 2518 his
1666 2462 1828 2517 etiam

227 2555 465 2609 ftediora
496 2553 633 2608 mala
659 2555 940 2626 pullulant.
971 2553 1144 2624 Atque
1171 2554 1375 2609 utinam
1407 2568 1470 2609 ea
1500 2553 1828 2608 immodera-

232 2648 306 2700 tio
329 2661 407 2700 ac
441 2645 654 2716 jactura
698 2647 1019 2717 quotidianis
1056 2655 1261 2702 tantum
1293 2645 1567 2702 doloribus
1595 2646 1827 2702 circum-

229 2740 438 2810 scripta
467 2740 575 2794 sit:
605 2755 747 2795 nunc
775 2740 946 2795 morbi
977 2739 1087 2795 fere
1114 2738 1433 2794 incurabiles
1467 2753 1534 2794 ex
1564 2737 1648 2792 his
1673 2752 1830 2793 men-

229 2830 306 2884 sis
354 2830 628 2900 originem
671 2829 922 2895 trahunt;
954 2845 1077 2885 nam
1108 2838 1164 2886 et
1191 2828 1446 2900 podagra,
1492 2839 1547 2884 et
1577 2828 1747 2896 tabes,
1778 2839 1833 2884 et-

231 2935 398 2978 saeer
420 2922 664 2989 morbus,
693 2929 748 2976 et
791 2921 1070 2993 paralysis,
1102 2922 1372 2992 multaque
1415 2922 1500 2975 his
1525 2921 1685 2976 etiam
1712 2935 1832 2991 gra-

231 3015 389 3070 viora
417 3027 620 3084 corpus
658 3028 909 3084 aggressa
957 3013 1023 3068 ad
1064 3024 1362 3070 extremum
1405 3013 1648 3083 spiritum
1694 3013 1832 3068 infe-

232 3115 404 3163 stant.
435 3106 642 3173 Quibus
673 3106 827 3161 malis
855 3121 974 3176 qua:
1018 3120 1114 3175 par
1151 3105 1403 3176 explicari
1433 3105 1675 3174 voluptas
1706 3120 1832 3174 pos-

235 3198 344 3254 sit?
371 3213 498 3267 quze
523 3213 633 3252 non
659 3197 781 3252 vita:
803 3196 1026 3253 durities
1047 3196 1115 3251 ad
1139 3210 1325 3252 eorum
1353 3194 1606 3266 effugium
1643 3194 1830 3250 ineun-

236 3288 300 3341 da
328 3286 449 3342 sit?

307 3378 486 3435 LXX.
527 3379 861 3436 Sobrietatem
896 3379 1093 3434 deliciis
1120 3387 1168 3433 et
1193 3378 1447 3433 utiliorem
1482 3388 1530 3432 ct
1554 3377 1836 3434 suaviorem

239 3491 367 3530 esse.
397 3503 478 3514 —
496 3474 569 3529 At
593 3472 856 3544 ejusmodi
873 3487 980 3529 non
1005 3481 1088 3530 est
1113 3471 1406 3543 frugalitas,
1437 3470 1532 3526 sed
1557 3470 1624 3526 ab
1650 3470 1734 3526 bis
1754 3471 1836 3525 in-

241 3566 433 3621 faustis
454 3565 644 3635 procul
671 3572 898 3631 remota,
927 3563 1172 3620 sanitatis
1196 3572 1355 3634 atque
1379 3560 1695 3622 valetudinis
1709 3575 1836 3617 cau-

243 3671 322 3711 sa.
349 3655 510 3723 Quod
541 3656 588 3710 si
624 3656 744 3726 quis
770 3656 1094 3725 voluptatem
1138 3654 1300 3709 etiam
1345 3653 1602 3723 requirat,
1653 3653 1706 3707 in
1749 3666 1834 3719 ea,

247 3765 404 3820 quam
430 3750 489 3804 in
517 3749 670 3814 luxu,
702 3748 959 3818 majorem
1004 3747 1267 3802 inveniet:
1299 3761 1363 3801 ac
1391 3745 1619 3815 primum
1659 3760 1726 3800 ex
1770 3759 1837 3800 eo

248 3841 387 3911 quod
419 3841 591 3897 homo
617 3841 815 3907 valeat,
843 3854 1017 3910 neque
1049 3839 1238 3894 borum
1276 3837 1542 3893 malorum
1571 3850 1839 3906 quoquam

248 3932 574 4002 exagitetur,
596 3930 928 4000 quorum‘vel
954 3929 1164 3999 singula
1189 3928 1416 3983 seorsim
1444 3927 1576 3981 satis
1595 3927 1703 3988 sint
1720 3941 1839 3996 qua:

250 4024 579 4093 voluptatem
607 4022 969 4092 exstinguant,
1017 4029 1071 4076 et
1113 4028 1382 4089 tamquam
1410 4033 1442 4073 a
1479 4016 1841 4074 fundamentis

247 4123 526 4170 evertant:
556 4113 751 4170 deinde
776 4129 842 4168 ex
868 4113 1003 4169 cibis
1029 4111 1179 4182 ipsis.
1209 4111 1327 4179 Quo
1355 4110 1546 4181 pacto?
1581 4108 1845 4180 Volupta~

249 4215 365 4260 tem
389 4204 554 4260 efficit
589 4206 890 4275 appetitus:
917 4202 1210 4274 appetitum
1237 4217 1343 4257 non
1377 4202 1629 4257 saturitas
1668 4216 1733 4256 ac
1757 4215 1848 4258 sa-

253 4298 435 4363 tietas,
463 4297 558 4354 sed
585 4307 796 4368 egestas
823 4306 878 4352 et
906 4296 1083 4366 inopia
1128 4295 1287 4364 parit.
1329 4294 1405 4348 Ea
1443 4301 1622 4348 autem
1652 4308 1758 4348 non
1785 4293 1847 4348 in

255 4388 499 4456 divitum,
531 4389 632 4444 sed
660 4389 714 4444 in
744 4403 1033 4459 pauperum
1080 4387 1250 4444 ctenis
1279 4384 1492 4442 assidue
1519 4392 1712 4454 praesto
1739 4393 1846 4455 est,

259 4482 426 4549 epulis
449 4480 644 4550 quovis
663 4489 928 4535 strnctore
949 4487 1006 4535 et
1024 4493 1196 4549 coquo
1215 4477 1415 4549 gratius
1436 4476 1542 4531 mel
1555 4473 1841 4530 instillaus.

259 4571 532 4642 Siquidem
564 4571 758 4627 divites
782 4587 882 4627 nec
921 4570 1218 4626 esurientes
1237 4555 1438 4624 ‘cibum
1480 4565 1718 4637 capiunt,
1745 4580 1846 4621 nec

258 4666 501 4721 sitientes
530 4664 739 4731 bibunt,
761 4672 816 4719 et
838 4673 1122 4733 antequam
1150 4661 1438 4717 vehemens
1465 4660 1636 4714 somni
1663 4672 1848 4713 neces-

258 4757 386 4812 sitas
411 4757 495 4812 eis
511 4754 1137 4826 ingruat,consopiuntur
1160 4770 1174 4806 :
1199 4753 1251 4807 hi
1280 4766 1466 4808 eorum
1483 4749 1635 4820 prius
1657 4748 1842 4818 indigi,

257 4845 329 4900 ita
355 4846 666 4902 demumea
695 4846 992 4916 percipiunt
1031 4861 1045 4896 :
1075 4842 1220 4914 quod
1259 4841 1470 4912 quidem
1521 4839 1847 4908 voluptatem

256 4948 418 5008 auget
446 4939 701 4993 maxime.
732 4939 838 4993 Cur
863 4938 1005 4993 enim
1051 4945 1107 4992 et
1149 4935 1401 4991 Salomon
1437 4931 1576 4989 servi
1600 4946 1847 4988 somnum

258 5028 474 5085 dulcem
503 5029 784 5085 continuat
814 5029 898 5084 bis
924 5029 1138 5084 verbis:
1171 5025 1348 5080 Dulcis
1367 5034 1438 5080 est
1456 5039 1596 5080 sert'o
1620 5039 1845 5088 somnus,

257 5121 363 5174 sive
387 5119 608 5173 multant
632 5123 733 5174 sive
759 5136 938 5191 parum
976 5119 1246 5173 comederit
1278 5116 1502 5187 (Eccles.
1530 5115 1584 5171 5.
1615 5115 1740 5187 ll)?
1769 5115 1850 5169 An

261 5219 484 5280 propter
512 5210 728 5265 mollem
759 5212 972 5265 torum?
1000 5212 1070 5264 At
1095 5209 1262 5276 humi,
1311 5217 1404 5263 aut
1446 5223 1608 5278 super
1649 5206 1853 5276 cespite

264 5308 323 5354 ut
345 5302 637 5370 plurimum
661 5301 952 5357 dormiunt.
977 5303 1054 5356 An
1078 5310 1296 5373 propter
1313 5299 1646 5356 libertatem?
1673 5301 1742 5354 At
1758 5313 1854 5354 nec

267 5395 527 5463 temporis
572 5405 902 5449 momentum
957 5395 1158 5451 habent
1211 5395 1460 5450 liberum.
1501 5395 1584 5449 An
1639 5402 1855 5464 propter

271 5486 477 5540 otium?
505 5489 574 5540 At
601 5486 870 5543 laboribus
899 5498 950 5544 ct
975 5488 1231 5545 atrumnis
1257 5486 1470 5545 assidue
1513 5485 1848 5543 alﬂictantur.

336 5641 356 5713 ἶ
389 5647 532 5713 negl,
553 5646 598 5690 et
617 5653 874 5713 fautorum
895 5646 1116 5713 artiﬁcia.

335 5702 356 5732 θ
385 5703 460 5751 sic
483 5701 648 5752 lorel.
671 5701 723 5753 et
741 5702 873 5756 savii.
896 5701 1029 5778 Regi,
1051 5709 1266 5779 famulis.

1582 238 1672 293 DE
1715 236 2173 294 VIBGINITATE.

3371 214 3505 288 ἐίεῦ
3540 269 3543 271 -

1919 352 2056 421 Quid
2088 362 2170 408 est
2189 353 2347 423 igitur
2372 354 2512 423 quod
2543 369 2788 408 somnum
2817 354 3024 409 dulcem
3073 353 3264 416 reddit,
3312 351 3412 407 nisi
3442 354 3505 404 ad

1918 444 2293 498 necessitatem
2324 444 2468 513 prius
2492 444 2799 512 compulsos
2824 443 2896 498 ita
2924 458 3048 498 cum
3076 441 3310 512 denique
3337 441 3472 495 inire
3487 441 3511 492 ’ἔ

1919 534 2187 590 Caeterum
2215 533 2464 589 divitibus
2493 534 2593 589 nisi
2617 533 2779 589 ebriis
2805 549 2908 589 nox
2932 535 3160 604 ingruat,
3181 531 3512 602 pervigilan-

1921 624 2047 678 dum
2073 634 2172 688 est,
2203 633 2256 679 et
2285 627 2336 678 in
2370 625 2618 680 mollibus
2645 625 3146 696 stragulisjacentes
3169 623 3510 680 aestuandum

1921 729 1983 769 ac
2001 715 2309 770 dolendum.

1991 804 2180 859 LXXI.
2219 806 2453 859 Animam
2499 807 2647 860 etiam
2687 797 3054 861 iwdi'deliciis.
3084 837 3155 847 —
3180 807 3426 862 Poteram
3460 815 3516 860 et

1921 897 2137 953 aliunde
2165 897 2475 953 deliciarum
2512 899 2912 964 insuavitatem,
2939 899 3295 965 incommoda,
3346 897 3508 955 foedi--

1924 999 2087 1045 tatem
2130 990 2436 1062 ostendere,
2485 991 2721 1059 morbos,
2765 991 2959 1060 quibus
2981 991 3214 1045 animam
3245 992 3505 1056 imbuant,

1923 1082 2290 1151 corporalibus
2318 1082 2473 1152 longe
2502 1091 2555 1137 et
2583 1083 2763 1153 plures
2789 1092 2844 1137 et
2860 1084 3132 1152 graviores
3160 1097 3506 1154 percensens.

1927 1173 2135 1227 Etenim
2166 1174 2376 1238 molles,
2406 1173 2762 1241 effeminatos,
2787 1174 3039 1241 audaces,
3066 1182 3400 1244 arrogantes,
3431 1173 3529 1227 ιαμ-

1924 1266 2119 1333 scivos,
2150 1265 2392 1337 injurios,
2424 1266 2743 1337 impudicos,
2774 1267 3076 1331 iracundos,
3113 1266 3379 1332 crudeles,
3407 1265 3514 1320 illi-

1925 1359 2154 1427 berales,
2180 1375 2390 1427 avaros,
2421 1359 2686 1426 sordidos,
2714 1360 2781 1415 ad
2807 1370 2996 1416 cuncta
3033 1361 3183 1414 utilia
3226 1373 3290 1415 ac
3320 1372 3512 1414 necesp

1925 1456 2064 1511 saria
2093 1457 2300 1526 ineptos
2321 1465 2576 1526 praestat:
2607 1456 2804 1527 quibus
2831 1456 3041 1511 diversa
3065 1454 3248 1510 omnia
3290 1452 3511 1524 frugali-

1927 1557 2010 1606 tas
2030 1549 2215 1606 effieit.
2244 1549 2351 1606 Sed
2374 1549 2486 1621 jam
2515 1549 2622 1605 alio
2646 1549 2778 1604 mihi
2821 1555 3073 1620 properat
3109 1547 3299 1602 oratio.
3331 1545 3515 1616 Itaque

1929 1642 2031 1697 hoc
2052 1657 2158 1697 uno
2177 1641 2379 1708 addito,
2399 1657 2613 1697 rursum
2636 1642 2926 1712 apostolica
2944 1640 3110 1696 verba
3138 1647 3513 1694 retractemus.

1927 1733 2080 1801 Quod
2106 1734 2150 1788 si
2181 1748 2300 1804 qua:
2326 1732 2623 1803 expetenda
2651 1731 2954 1799 videantur,
2989 1739 3066 1786 tot
3089 1729 3245 1785 malis
3273 1737 3398 1784 sunt
3423 1743 3517 1784 re-

1930 1827 2084 1893 ferta,
2119 1835 2293 1882 tantas
2314 1837 2368 1882 et
2396 1826 2577 1882 animo
2613 1833 2668 1881 et
2709 1825 2920 1894 corpori
2947 1822 3257 1878 morborum
3299 1821 3519 1890 pruinas

1930 1926 2242 1983 accersunt,
2291 1933 2400 1987 quo
2425 1919 2543 1974 loco
2569 1915 2761 1972 acerba
2790 1915 2896 1970 sint
2924 1914 3164 1970 habenda
3188 1957 3205 1980 ,
3237 1913 3518 1983 magistra-

1932 2019 2079 2064 tuum
2127 2017 2322 2077 tcrror,
2353 2010 2668 2080 populorum
2713 2018 2912 2074 motus,
2962 2007 3409 2079 schphantat-um
3465 2015 3519 2058 et

1934 2101 2248 2156 :emulorum
2297 2101 2503 2156 insidia:
2545 2115 2666 2170 qua:
2708 2099 2767 2154 in
2823 2099 3007 2169 primis
3051 2097 3244 2152 divites
3290 2096 3520 2149 circum-

1932 2194 2113 2247 stant?
2141 2192 2346 2260 Quibus
2374 2191 2533 2246 malis
2559 2189 2814 2246 mulieres
2853 2202 2985 2243 sane
3031 2189 3194 2243 etiam
3232 2185 3520 2239 vehemen-

1934 2285 2038 2338 tius
2061 2285 2180 2353 angi
2207 2293 2289 2339 est
2315 2296 2557 2350 necesse,
2588 2280 2730 2352 quod
2771 2293 2865 2336 eas
2903 2277 3296 2333 vicissitudines
3345 2276 3516 2345 impo-

1934 2376 2132 2434 tentius
2158 2376 2352 2432 ferant.

2004 2468 2215 2524 LXXII.
2257 2467 2481 2522 Delicias
2498 2481 2614 2522 cum
2632 2464 2750 2520 aliis
2773 2464 2922 2520 malis
2941 2463 3059 2518 vita:
3079 2461 3520 2517 commutationem

1933 2561 2137 2630 afferre.
2165 2591 2238 2604 —
2266 2560 2336 2615 Et
2371 2558 2501 2631 quid
2547 2559 2799 2614 mulieres
2839 2556 2984 2624 dico,
3013 2570 3134 2610 cum
3174 2553 3260 2609 vel
3288 2551 3387 2608 viri
3413 2552 3522 2608 mi-

1933 2668 2055 2711 sere
2082 2653 2148 2710 iis
2173 2652 2482 2723 capiantur;
2509 2665 2634 2706 nam
2668 2649 2759 2721 qui
2802 2648 3077 2721 frugaliter
3105 2647 3254 2714 vivit,
3282 2661 3524 2702 commu-

1941 2746 2200 2802 tationem
2226 2744 2425 2799 nullam
2455 2743 2670 2810 horret;
2701 2741 2792 2813 qui
2821 2740 3066 2813 frigidam
3087 2740 3231 2794 illam
3252 2754 3315 2794 ac
3340 2737 3518 2793 disso-

1936 2839 2101 2894 lutam
2119 2837 2286 2892 vitam
2312 2836 2497 2907 exigit,
2525 2850 2646 2890 eum
2674 2835 2844 2904 siqua
2875 2832 3119 2889 incidens
3139 2831 3414 2886 calamitas
3442 2838 3521 2884 at-

1935 2947 2040 3002 que
2057 2930 2138 2986 vis
2157 2929 2351 2998 inopiae
2368 2927 2562 2996 tradat,
2580 2934 2766 2997 utpote
2787 2925 2878 2996 qui
2902 2924 3051 2980 rudis
3068 2935 3122 2980 et
3142 2923 3523 2978 inexercitatus

1935 3022 2026 3091 sit,
2051 3029 2176 3077 ante
2200 3019 2476 3085 moriatur,
2522 3032 2679 3089 quam
2729 3016 2878 3072 vices
2917 3029 3010 3072 eas
3051 3013 3304 3085 perferat.
3345 3013 3528 3082 Itaque

1935 3115 2122 3171 beatus
2143 3111 2340 3170 Paulus
2360 3110 2456 3179 ait,
2479 3097 2878 3165 Tribulatiartem
2897 3105 3065 3162 carnis
3084 3105 3329 3160 habebunt
3346 3106 3528 3174 hujus-

1936 3207 2094 3274 modi,
2121 3221 2214 3277 ego
2241 3214 2406 3259 autem
2429 3201 2567 3258 vobis
2605 3217 2758 3272 parco
2790 3201 2864 3272 (l.
2897 3197 3015 3255 Cor.
3056 3199 3111 3253 7.
3151 3195 3284 3266 28):
3314 3211 3377 3251 ac
3404 3203 3530 3265 post

1937 3297 2106 3363 addit,
2133 3295 2356 3367 Tempus
2375 3294 2518 3348 breve
2547 3300 2640 3348 est.
2672 3323 2684 3337 ι

2011 3389 2245 3446 LXXIlI.
2289 3387 2412 3442 Non
2439 3402 2548 3442 esse
2573 3395 2768 3455 tempus
2787 3383 2880 3437 hoc
2902 3379 3210 3436 matrimonii
3236 3389 3525 3450 tempus.—

1939 3482 2006 3536 Et
2033 3479 2161 3551 quid
2190 3478 2293 3534 hoc
2317 3478 2385 3533 ad
2413 3474 2850 3533 matrimonium?
2875 3473 3017 3528 dicat
3043 3471 3328 3543 quispiam.
3356 3469 3524 3525 Valde

1940 3585 2069 3628 sane
2086 3571 2153 3626 ad
2182 3571 2354 3642 ipsum
2387 3567 2650 3639 pertinet;
2682 3566 2725 3620 si
2768 3566 2911 3620 enim
2937 3564 3043 3618 vita
3081 3562 3182 3618 hac
3211 3561 3525 3616 conclusum

1941 3674 2043 3731 est,
2070 3672 2125 3720 et
2149 3664 2202 3718 in
2224 3661 2402 3718 futuro
2429 3675 2532 3716 nec
2559 3659 2760 3715 ducunt
2784 3673 2884 3713 nec
2909 3656 3194 3720 ducuntur,
3237 3661 3398 3724 atque
3424 3652 3530 3708 hoc

1942 3768 2177 3825 praesens
2207 3762 2416 3822 tempus
2443 3751 2510 3806 ad
2537 3749 2694 3805 finem
2724 3746 2980 3814 decurrit,
3003 3744 3262 3816 quasique
3280 3757 3379 3813 pro
3401 3741 3530 3796 fori-

1941 3847 2043 3905 bus
2078 3845 2401 3904 resurrectio
2429 3851 2531 3910 est,
2574 3857 2680 3896 non
2719 3841 2830 3910 jam
2862 3847 3072 3906 tempus
3097 3844 3180 3891 est
3205 3834 3529 3890 matrimonii

1944 3957 2006 3998 ac
2023 3925 2387 4013 pecuniarum,
2411 3937 2506 3992 sed
2531 3933 2802 4005 egestatis,
2825 3939 2879 3986 et
2904 3928 2958 3984 id
2983 3943 3150 4000 genus
3169 3926 3388 3998 reliqua:
3405 3925 3529 3996 phio

1943 4033 2223 4104 losophiae,
2249 4045 2368 4102 quae
2386 4029 2494 4086 illic
2519 4027 2673 4082 nobis
2692 4023 2964 4096 profutura
2991 4022 3082 4077 sit.
3109 4019 3246 4076 Nam
3272 4017 3536 4089 quemad-

1943 4123 2162 4181 modum
2204 4121 2353 4190 virgo
2401 4116 2652 4190 quamdiu
2697 4115 2842 4171 domi
2891 4120 3072 4168 manet
3112 4109 3250 4180 apud
3279 4119 3525 4170 matrem,

1944 4228 2190 4284 magnam
2220 4211 2503 4281 puerilium
2528 4207 2764 4262 omnium
2789 4218 2973 4259 curam
3002 4201 3244 4269 suscipit,
3271 4208 3325 4254 et
3349 4199 3552 4253 arcula.

1946 4305 2001 4360 in
2027 4317 2224 4373 penum
2244 4300 2481 4372 deposita
2508 4311 2696 4353 eorum
2721 4310 2840 4366 qna:
2856 4293 2964 4348 illic
2988 4289 3200 4348 condita
3225 4290 3332 4344 sint
3351 4289 3548 4344 etclao-

1947 4409 2067 4452 vem
2087 4396 2200 4466 ipsa
2227 4392 2483 4465 possidet,
2511 4401 2564 4446 et
2583 4388 2857 4444 arbitrium
2873 4400 3034 4441 omne
3059 4391 3222 4450 tenet,
3246 4383 3313 4438 de
3333 4383 3546 4438 levium

1949 4489 2160 4543 illorum
2183 4495 2237 4540 et
2257 4484 2483 4540 futilium
2505 4480 2745 4538 custodia
2765 4492 2916 4550 aeque
2939 4476 3163 4533 sollicita
3184 4491 3246 4531 ac
3262 4474 3350 4546 qui
3370 4490 3529 4545 gran-

1948 4583 2071 4637 dem
2101 4580 2350 4635 familiam
2371 4575 2773 4640 administrant;
2797 4588 2917 4628 cum
2946 4580 3123 4627 autem
3150 4569 3421 4640 sponsalia
3441 4567 3534 4621 ad-

1950 4680 2096 4739 sunt,
2143 4679 2394 4742 paternas
2434 4667 2580 4724 aedes
2623 4665 2892 4722 dimittere
2934 4669 3140 4728 coacta,
3172 4670 3284 4715 tum
3311 4673 3441 4714 vero
3471 4657 3533 4713 iis

1953 4763 2106 4835 nugis
2155 4771 2211 4818 et
2259 4760 2500 4817 minutiis
2547 4759 2790 4823 liberata,
2839 4754 3032 4810 domus
3073 4750 3531 4822 gubernationem,

1953 4870 2102 4925 opes,
2133 4862 2190 4910 et
2213 4852 2536 4923 mancipium
2563 4860 2927 4912 numerosum,
2953 4843 3050 4900 viri
3079 4841 3302 4904 cultum,
3324 4837 3536 4906 aliaque

1955 4947 2040 5003 his
2067 4946 2269 5018 majora
2293 4950 2546 5016 procuret
2584 4953 2806 4996 necesse
2835 4945 2916 4992 est
2940 4950 2955 4989 :
2979 4935 3050 4988 ita
3080 4942 3135 4988 et
3163 4929 3318 4986 nobis
3339 4927 3537 4982 adultis

1955 5051 2115 5112 atque
2137 5046 2300 5094 aetate
2323 5035 2483 5101 virili,
2527 5031 2758 5088 terrenis
2784 5026 3051 5090 omnibus,
3090 5036 3221 5079 vere
3245 5018 3537 5091 puerilibus

1957 5110 2195 5196 ludicris,
2226 5127 2460 5189 omissis,
2488 5125 2556 5180 de
2581 5123 2711 5178 ezclo
2739 5120 3072 5186 cmlestisque
3095 5115 3217 5168 vitae
3253 5110 3540 5182 splendore

1957 5236 2012 5282 ct
2037 5225 2204 5296 gloria
2223 5219 2559 5294 cogitandum
2586 5227 2690 5274 est.
2718 5209 2976 5283 Desponsi
2999 5209 3141 5264 enim
3165 5219 3350 5262 sumus
3366 5212 3420 5259 et
3441 5217 3540 5257 nos

1959 5295 2178 5390 sponso,
2207 5332 2328 5372 eum
2354 5329 2383 5368 a
2409 5313 2564 5368 nobis
2588 5322 2824 5365 amorem
2847 5301 3124 5375 ﬂagitanti,
3145 5308 3201 5354 nt
3226 5313 3332 5354 non
3361 5295 3537 5351 solum

1961 5388 2304 5465 terrestribus
2332 5403 2615 5460 ctlcvibus
2659 5400 2742 5455 his
2785 5397 3040 5459 futilibus,
3094 5391 3189 5447 sed
3237 5391 3396 5445 etiam
3429 5388 3541 5442 vita

1963 5509 2180 5574 propter
2205 5516 2350 5567 eum,
2382 5499 2425 5554 si
2452 5513 2583 5567 Opus
2613 5496 2701 5563 sit,
2733 5491 3002 5547 cedamus.
3049 5486 3224 5555 Quare
3268 5498 3388 5538 cum
3420 5481 3542 5536 illuc

1965 5573 2346 5650 discedendum
2375 5593 2461 5656 sit,
2491 5589 2682 5644 exilem
2716 5585 2851 5640 hanc
2879 5597 3062 5638 curam
3090 5595 3117 5632 a
3147 5577 3296 5632 nobis
3323 5573 3538 5645 propul—

1966 5702 2180 5756 semus;
2221 5700 2344 5742 nam
2374 5699 2469 5742 nec
2508 5681 2561 5737 in
2589 5691 2809 5751 regnum
2849 5690 2914 5733 ex
2953 5672 3094 5744 inopi
3123 5670 3282 5727 domo
3309 5664 3542 5722 transfe-
