4056 6208
473 250 573 304 587

471 362 642 430 rendi,
671 364 736 419 de
765 361 1030 426 ﬁctilibus,
1059 362 1232 434 lignis,
1280 361 1610 430 utensilibus,
1649 371 1705 418 et
1726 363 1928 434 reliqua
1952 363 2048 417 do-

471 455 689 512 mestica
721 455 977 509 tenuitate
1005 453 1387 510 laboraremus.
1419 454 1596 524 Itaque
1619 469 1718 510 nec
1741 454 1852 524 jam
1875 464 2048 509 terre-

474 561 538 600 na
566 562 835 611 curemus,
865 556 1106 618 tempore
1135 562 1233 602 nos
1257 547 1366 618 jam
1395 547 1462 602 ad
1491 547 1678 603 ctelum
1707 558 1962 613 vocante;
1993 557 2049 602 ut

469 645 525 692 et
567 637 754 692 beatus
795 638 986 693 Paulus
1031 638 1284 694 Romanis
1311 638 1547 693 scribens
1589 639 1682 702 ait,
1724 637 1878 691 Nunc
1917 639 2048 692 enim

473 729 680 798 propior
727 738 800 783 est
843 738 1014 783 nostra
1055 729 1212 796 salus,
1242 745 1393 800 quam
1422 745 1536 782 cum
1576 728 1881 782 credidimus
1903 744 1922 782 :
1946 744 2049 781 non;

473 821 747 887 prtecessit,
793 821 899 875 dies
940 829 1106 874 autent
1134 822 1552 891 appmpinquavit
1593 819 1766 890 (Rom.
1799 821 1885 874 15.
1920 820 2045 890 11);

471 919 526 965 et
568 927 798 974 rursum,
844 910 1066 982 Tempus
1091 911 1234 965 breue
1259 920 1332 965 est
1372 912 1448 980 (1.
1493 910 1610 964 Cor.
1645 911 1696 964 7.
1724 909 1840 983 29),
1871 919 1927 964 ut
1957 911 2047 980 qui

473 1015 664 1055 uxores
686 1000 882 1055 habent
909 1000 1126 1071 perinde
1152 1001 1258 1055 sint
1285 1016 1348 1056 ac
1371 1002 1414 1055 si
1442 1017 1545 1055 non
1574 1000 1849 1056 baberent.
1871 1000 2046 1068 Quor-

471 1107 587 1146 sum
619 1091 776 1162 igitur
803 1093 1197 1148 matrimonium
1226 1109 1292 1149 eo
1320 1109 1426 1148 non
1468 1095 1664 1158 usuris,
1709 1093 1802 1149 sed
1830 1093 2048 1163 perinde

471 1198 534 1238 ac
557 1185 602 1238 si
629 1199 734 1239 non
779 1184 1035 1240 haberent
1063 1185 1287 1240 futuris?
1322 1200 1575 1255 quorsum
1603 1185 1768 1254 opes?
1793 1199 2046 1256 quorsum

471 1278 703 1348 praedia?
723 1294 974 1348 quorsum
997 1280 1116 1334 vitae
1137 1279 1401 1349 praesidia,
1425 1295 1649 1350 quorum
1671 1293 1796 1334 usus
1816 1279 2048 1334 caducus

472 1388 630 1442 porro
651 1381 808 1443 atque
837 1374 1242 1444 intempestivus
1270 1374 1375 1428 sit?
1406 1373 1538 1428 Nam
1576 1374 1621 1428 si
1649 1373 1790 1442 apud
1834 1387 1931 1427 nos
1957 1372 2047 1442 qui

465 1464 680 1534 judiciis
703 1465 924 1520 sistendi
953 1473 1094 1533 sunt,
1129 1467 1390 1522 scelerum
1421 1483 1634 1522 causam
1658 1466 1872 1532 dicturi,
1899 1466 2047 1534 capi-

469 1557 560 1611 tali
581 1557 668 1614 die
695 1556 911 1613 instanti
940 1574 1044 1614 non
1072 1563 1256 1615 uxoris
1284 1569 1508 1626 tantum,
1548 1560 1642 1615 sed
1669 1560 1826 1614 etiam
1865 1558 1966 1613 cibi
1995 1566 2049 1613 et

469 1657 648 1719 potus,
675 1659 834 1719 atque
859 1651 1001 1705 omni
1042 1652 1342 1721 posthabita
1370 1667 1524 1716 cura,
1558 1651 1926 1707 defensionem
1956 1664 2048 1704 so-

468 1738 578 1792 lum
599 1741 853 1809 cogitant,
879 1741 1044 1794 multo
1072 1741 1239 1810 magis
1266 1741 1437 1806 nobis,
1471 1755 1574 1794 non
1605 1751 1815 1795 terreno
1838 1739 2046 1795 cuidam

468 1826 609 1893 foro,
632 1828 725 1884 sed
756 1829 957 1884 caelesti
989 1830 1237 1885 tribunali
1267 1830 1538 1893 sistendis,
1566 1839 1621 1884 et
1640 1831 1921 1896 dictorum,
1951 1837 2046 1899 ge-

468 1928 694 1984 storum,
719 1921 1067 1990 cogitatorum
1091 1921 1348 1976 rationem
1376 1920 1678 1986 reddituris,
1710 1921 1777 1975 ab
1801 1921 2048 1975 omnibus

468 2009 842 2066 abstinendum
869 2020 972 2078 est,
996 2020 1051 2068 et
1077 2012 1270 2082 gaudio
1297 2021 1351 2066 et
1373 2012 1581 2067 tristitia
1609 2027 1786 2067 rerum
1812 2026 2049 2081 prasen-

470 2101 623 2168 tium,
647 2115 712 2156 ac
735 2103 874 2157 circa
905 2102 1192 2158 terribilem
1232 2102 1376 2156 illam
1417 2103 1556 2158 diem
1601 2103 1757 2158 unice
1799 2111 2043 2157 metuen-

468 2190 618 2248 dum.
649 2193 711 2248 Si
737 2193 848 2262 quis
875 2194 1040 2259 enim,
1065 2194 1252 2264 inquit,
1281 2196 1411 2249 venit
1435 2195 1502 2248 ad
1529 2211 1631 2262 me,
1653 2211 1743 2250 nec
1771 2211 1917 2248 suum
1949 2211 2044 2266 pa-

469 2294 616 2351 trem,
641 2293 688 2338 et
712 2294 940 2351 matrem,
963 2295 1009 2340 et
1030 2303 1257 2353 uxorem,
1286 2297 1333 2342 et
1359 2287 1514 2356 ﬁlios,
1536 2296 1583 2342 et
1603 2287 1806 2356 fratres,
1832 2295 1880 2340 et
1904 2302 2046 2340 soro-

467 2391 569 2440 res,
597 2376 804 2446 insuper
824 2385 871 2431 et
894 2377 1116 2430 animant
1147 2393 1290 2432 suam
1317 2378 1443 2446 odit,
1474 2395 1576 2432 non
1597 2386 1757 2448 potest
1784 2394 1922 2431 meus
1941 2393 2048 2432 esse

471 2466 770 2536 discipulus.
800 2465 866 2520 Et
882 2467 969 2535 qui
989 2483 1090 2520 non
1111 2476 1276 2536 portat
1307 2483 1504 2521 crucem
1519 2484 1682 2532 suam,
1707 2477 1754 2521 et
1782 2483 1860 2521 me
1881 2469 2046 2534 sequi-

468 2566 570 2624 tur,
601 2574 700 2610 non
728 2567 886 2626 potest
906 2574 1046 2611 meus
1073 2573 1180 2611 esse
1203 2557 1482 2627 discipulus
1512 2557 1661 2628 (Luc.
1693 2558 1779 2612 H.
1810 2557 1901 2613 26.
1926 2555 2041 2628 27).

465 2647 548 2701 'l‘u
576 2662 703 2702 vero
726 2648 903 2717 segnis
929 2649 1112 2702 uxoris
1140 2647 1434 2716 cupiditati,
1465 2648 1617 2714 risui,
1649 2648 1911 2715 mollitiei,
1944 2648 2044 2704 de-

465 2735 602 2790 liciis
649 2736 844 2792 vacas?
894 2734 1146 2791 Dominus
1196 2754 1352 2808 prape
1377 2747 1485 2792 est:
1520 2739 1648 2792 nihil
1697 2739 1899 2793 solliciti
1937 2739 2044 2794 sitis

468 2823 725 2896 (Philipp.
752 2826 808 2880 4.
848 2826 901 2882 5.
932 2825 1009 2897 6).
1039 2826 1118 2883 Tu
1147 2826 1214 2882 de
1242 2829 1478 2898 pecuniis
1501 2843 1656 2883 curas
1695 2843 1758 2884 ac
1785 2829 2044 2884 sollicitus

465 2915 560 2972 es?
599 2915 823 2972 Czeleste
850 2933 1068 2987 regnum
1100 2918 1280 2973 instat.
1313 2919 1389 2973 Tu
1419 2919 1584 2988 aedes,
1610 2920 1790 2975 luxum
1825 2928 1880 2974 et
1919 2920 2046 2975 reli-

464 3023 622 3080 quam
641 3008 964 3080 voluptatem
981 3010 1232 3080 dispicis?
1255 3009 1489 3065 Praeterit
1506 3012 1674 3083 ﬁgura
1698 3012 1850 3080 hujus
1867 3011 2044 3065 mundi

465 3100 542 3172 (l.
570 3098 686 3154 Cor.
716 3101 768 3155 7.
795 3099 907 3172 51).
937 3100 1074 3170 Quid
1102 3111 1154 3158 te
1177 3101 1246 3157 de
1270 3102 1453 3156 mundi
1482 3103 1641 3158 rebus
1661 3119 1764 3159 non
1795 3103 2044 3174 perenni-

463 3192 583 3259 bus,
607 3192 699 3247 sed
722 3192 954 3259 caducis,
983 3194 1295 3262 perennium
1309 3209 1374 3249 ac
1390 3194 1655 3249 stabilium
1681 3195 1898 3263 oblitus,
1921 3211 2044 3252 cru-

462 3282 608 3338 cias?
626 3283 874 3354 Nonjam
900 3285 1320 3350 matrimonium,
1353 3301 1460 3340 non
1482 3286 1694 3342 dolores
1711 3296 1912 3357 partus,
1933 3303 2040 3344 non

461 3376 705 3445 voluptas
733 3385 786 3432 et
814 3377 1006 3444 coitus,
1039 3393 1143 3433 non
1188 3379 1488 3433 divitiarum
1538 3381 1711 3450 copia,
1754 3396 1861 3436 non
1899 3395 2040 3451 prat-

463 3469 671 3525 diorum
693 3469 948 3536 studium,
974 3486 1079 3527 non
1101 3471 1271 3537 cibus,
1299 3488 1402 3527 non
1422 3481 1746 3544 tegumenta,
1775 3489 1878 3528 non
1901 3474 2041 3544 agri-

462 3563 671 3616 cultura
691 3578 754 3618 ac
779 3565 1064 3634 navigatio,
1089 3580 1194 3620 non
1218 3574 1362 3621 artes
1381 3575 1436 3621 et
1458 3566 1702 3634 azdificia,
1731 3582 1836 3622 non
1858 3567 2036 3636 urbes,

464 3669 568 3708 non
595 3653 755 3720 aedes,
785 3655 879 3710 sed
908 3655 1044 3710 alius
1068 3656 1282 3727 quidam
1322 3667 1491 3713 status
1528 3669 1688 3728 atque
1716 3660 1823 3714 vita
1851 3674 2040 3715 conse-

460 3751 684 3813 quetur;
715 3745 829 3801 haec
854 3747 1015 3817 paulo
1052 3757 1172 3818 post
1210 3757 1405 3804 cuncta
1444 3749 1752 3805 interibunt.
1794 3750 1850 3806 ld
1894 3752 2038 3807 enim

462 3848 563 3904 est,
602 3837 830 3894 Prwterit
856 3841 1022 3910 ﬁgura
1054 3841 1205 3910 hujus
1231 3842 1428 3896 mundi.
1459 3843 1595 3911 Quid
1626 3845 1783 3914 igitur
1811 3846 1955 3901 velut
1982 3846 2036 3900 in

461 3930 639 3984 omnia
667 3929 861 3984 sarcula
892 3930 976 3984 hic
1003 3932 1261 3996 mansuri,
1295 3933 1366 3986 ita
1408 3933 1462 3987 in
1505 3948 1687 3987 earum
1720 3951 1894 3989 rerum
1926 3943 2039 3990 stu-

460 4021 568 4086 dio,
599 4036 628 4074 a
658 4021 848 4091 quibus
869 4036 1012 4092 smpe
1039 4033 1163 4079 ante
1193 4039 1472 4094 vesperam
1499 4024 1902 4082 desciscendum
1945 4029 2034 4096 sit,

460 4127 664 4165 summa
695 4127 796 4182 Ope
825 4114 1082 4169 nitimur?
1120 4115 1248 4186 quid
1287 4115 1608 4171 laboriosam
1640 4118 1803 4172 vitam
1846 4119 2037 4190 deligi-

459 4215 595 4266 mus,
620 4200 830 4258 Christo
853 4202 920 4257 ad
957 4205 1182 4259 otiosam
1210 4221 1306 4261 nos
1339 4207 1595 4261 vocante?
1627 4206 1750 4263 Volo
1774 4210 1936 4278 enim,
1959 4212 2038 4266 in-

459 4290 594 4358 quit,
623 4305 708 4345 vos
733 4293 841 4346 sine
865 4293 1206 4349 sollicitudine
1229 4311 1356 4351 esse.
1387 4295 1490 4363 Qui
1507 4297 1616 4352 sine
1634 4313 1791 4354 uxore
1813 4310 1903 4368 est,
1927 4299 2038 4356 Do-

459 4379 581 4434 mini
608 4397 688 4434 res
707 4393 850 4436 curat
880 4384 956 4453 (1.
984 4383 1101 4439 Cor.
1132 4386 1183 4439 7.
1214 4385 1330 4457 52).

529 4465 760 4526 LXXIV.
800 4471 903 4526 Cur
924 4490 1040 4528 cum
1065 4478 1181 4531 uelit
1207 4496 1299 4533 nos
1325 4482 1434 4536 sine
1458 4484 1792 4538 sollicitudine
1813 4487 2038 4556 esse,ju-

456 4561 569 4613 beat
594 4577 700 4615 esse
720 4561 982 4618 sollicitos.
1005 4595 1074 4605 —
1098 4566 1376 4634 Quomodo
1401 4571 1560 4642 igitur
1583 4588 1682 4628 nos
1706 4574 1820 4629 sine
1839 4576 2038 4630 sollici-

460 4649 640 4706 tudine
660 4665 779 4708 esse
795 4652 896 4720 vis,
919 4669 1053 4725 quos
1073 4655 1125 4711 in
1152 4658 1308 4714 aliam
1329 4661 1520 4717 iterum
1546 4679 1724 4719 curam
1747 4667 2036 4736 conjicias?

457 4747 588 4812 Quia
604 4749 704 4806 hoc
713 4765 779 4807 ne
794 4766 981 4809 curare
992 4753 1203 4824 quidem
1216 4766 1317 4823 est,
1331 4760 1773 4830 quemadmodum
1792 4779 1890 4819 nec
1904 4763 2038 4818 affli-

455 4841 587 4896 ctari
615 4853 832 4915 propter
855 4846 1124 4904 Christum
1155 4849 1431 4918 afllictari;
1460 4869 1567 4909 non
1597 4864 1794 4910 mutata
1821 4857 2033 4928 quidem

456 4948 632 4988 rerum
653 4945 862 5005 natura,
886 4939 979 4994 sed
1001 4955 1186 4998 eorum
1211 4944 1300 5013 qui
1325 4959 1386 5000 ea
1411 4959 1530 5000 cum
1553 4946 1818 5017 voluptate
1835 4950 2038 5019 patian-

457 5035 545 5082 tur
572 5028 748 5084 studio
774 5031 857 5086 vel
886 5047 1064 5089 rerum
1105 5045 1348 5091 naturam
1380 5037 1646 5094 vincente.
1686 5039 1816 5094 Nam
1844 5041 1932 5110 qui
1971 5057 2034 5096 ea

455 5128 640 5186 curet,
669 5123 860 5193 quibus
887 5140 992 5180 non
1025 5127 1236 5198 longum
1269 5139 1478 5201 tempus
1507 5132 1760 5188 fruiturus
1788 5134 1892 5200 sit,
1927 5135 2036 5190 imo

454 5224 597 5281 saepe
628 5229 725 5269 nec
751 5215 1050 5287 minimum,
1078 5234 1268 5277 curare
1307 5223 1500 5279 merito
1523 5224 1763 5291 dicetur;
1793 5227 1882 5296 qui
1908 5238 2036 5282 vero

455 5317 485 5356 e
511 5303 656 5359 curis
694 5306 949 5376 majorem
979 5309 1205 5367 fructum
1249 5323 1500 5384 capturus
1529 5318 1629 5383 sit,
1659 5318 1804 5373 omni
1831 5319 2035 5375 ratione

456 5394 593 5450 inter
607 5411 700 5452 cos
720 5400 807 5469 qui
829 5401 944 5459 sine
963 5405 1315 5462 sollicitudine
1335 5416 1459 5463 sunt
1483 5411 1862 5467 numerabitur.
1892 5413 2036 5469 Prce-

454 5496 598 5543 terca
624 5499 798 5549 autem
829 5497 1099 5568 utriusque
1127 5515 1268 5556 cura:
1305 5510 1506 5558 tantum
1533 5514 1618 5559 est
1639 5504 1944 5572 discrimen,
1978 5515 2035 5562 ut

455 5577 570 5636 luec
597 5595 717 5638 cum
745 5584 834 5640 illa
872 5601 1176 5659 comparata
1219 5609 1287 5650 ne
1328 5609 1453 5651 cura
1483 5597 1696 5667 quidem
1741 5598 2030 5664 habeatur;

453 5669 587 5729 adeo
613 5673 700 5731 illa
725 5682 779 5734 et
803 5676 970 5736 levior
990 5689 1093 5753 est,
1114 5691 1168 5741 et
1192 5685 1372 5744 multis
1394 5687 1633 5760 partibus
1653 5688 1875 5746 facilior.
1903 5689 2029 5758 Quae

1170 245 1232 304 S.
1271 249 1549 309 JOANNIS
1577 248 2050 307 CHRYSOSTOMI
2088 248 2402 307 ARCHIEP.
2443 249 2973 329 CONSTANTINQP.

3631 247 3731 301 588

2153 379 2250 418 nos
2271 368 2448 418 omnia
2470 365 2716 434 superius
2737 364 3086 418 ostendimus.
3102 361 3201 427 Qui
3221 362 3340 416 sine
3359 377 3529 416 uxore
3551 372 3648 429 eat,
3667 367 3770 420 sol-

2152 459 2318 511 licitus
2337 470 2408 512 est
2439 474 2553 528 qua:
2582 457 2785 511 Domini
2817 465 2969 520 sunt;
3007 456 3092 526 qui
3120 465 3294 509 autem
3333 470 3456 508 cum
3485 470 3651 508 uxore
3667 465 3764 514 est,

2150 549 2396 603 sollicitus
2423 557 2496 601 est
2523 564 2635 618 qua:
2660 556 2776 601 sunt
2804 547 2999 600 mundi.
3031 547 3100 600 At
3133 545 3218 600 hic
3248 545 3406 609 abit,
3439 544 3534 599 ille
3563 561 3764 601 manet.

2152 642 2342 695 Annon
2366 640 2522 710 igitur
2542 641 2626 695 vel
2654 641 2754 696 hoc
2777 640 2948 694 solum
2970 638 3197 694 sufficiat
3219 638 3294 692 ad
3325 637 3664 706 virginitatis
3689 636 3767 691 di-

2151 732 2408 802 gnitatem
2433 731 2999 788 commonstrandam?
3026 731 3231 798 Quanto
3254 729 3410 784 enim
3437 729 3589 783 Deus
3615 744 3764 782 mun-

2153 822 2222 876 do
2253 831 2498 890 prastat,
2532 830 2677 876 tanto
2707 821 2823 878 haec
2865 822 2952 875 illa
2982 821 3155 892 potior
3180 833 3316 874 cura
3346 827 3457 873 est.
3502 819 3616 873 Cur
3639 834 3765 888 ergo

2153 912 2546 966 matrimonium
2576 913 2850 983 permittit,
2878 912 3019 982 quod
3046 921 3099 967 et
3122 912 3268 966 curis
3300 925 3408 965 nos
3439 911 3762 980 obstringat,
3831 941 3836 948 η

2152 1011 2206 1056 et
2234 1017 2264 1056 a
2293 1002 2653 1072 spiritualibus
2681 1002 2946 1059 abducat?
2975 1001 3096 1056 ideo
3125 1003 3270 1056 enim
3296 1042 3312 1068 ,
3351 1000 3576 1071 inquit,
3609 1001 3714 1054 dixi
3747 1018 3760 1054 :

2151 1094 2222 1150 Ut
2241 1096 2329 1166 qui
2355 1110 2547 1149 uxores
2577 1094 2776 1149 habent
2799 1093 3018 1164 perinde
3037 1097 3143 1149 sint
3167 1108 3230 1148 ac
3258 1092 3309 1146 si
3337 1107 3454 1147 non
3481 1091 3761 1158 haberent,

2152 1195 2210 1241 ut
2238 1187 2327 1256 qui
2360 1186 2470 1255 jam
2495 1185 2656 1240 vincti
2686 1193 2849 1253 sunt,
2879 1194 2970 1240 aut
2995 1194 3116 1254 post
3145 1183 3427 1239 vinciendi
3456 1191 3625 1247 sunt,
3657 1183 3763 1237 alio

2151 1279 2399 1347 quopiam
2421 1277 2579 1332 modo
2596 1276 2862 1331 vinculum
2889 1277 3148 1331 relaxent.
3171 1274 3306 1330 Nam
3333 1275 3602 1344 quoniam
3622 1273 3758 1328 haud

2151 1369 2232 1424 fas
2251 1379 2335 1425 est
2357 1369 2519 1424 semel
2545 1369 2942 1437 circumjectum
2970 1381 3238 1438 rumpere,
3269 1365 3622 1421 tolerabilius
3644 1364 3761 1418 red-

2151 1460 2239 1516 de.
2265 1459 2537 1531 Siquidem
2567 1460 2713 1524 licet,
2743 1459 2789 1514 si
2818 1459 3064 1522 velimus,
3091 1471 3435 1526 supervacua
3467 1455 3652 1510 omnia
3672 1470 3758 1509 re-

2149 1553 2330 1608 cidere
2349 1593 2363 1618 ,
2395 1567 2493 1608 nec
2522 1563 2700 1608 nostra
2730 1553 2965 1622 ipsorum
2991 1549 3200 1620 ignavia
3228 1549 3337 1604 alia
3366 1548 3534 1604 nobis
3563 1546 3756 1602 addere

2152 1645 2217 1701 iis
2244 1645 2406 1712 curis,
2436 1661 2569 1715 quas
2599 1643 2675 1699 rei
2703 1652 2890 1698 natura
2919 1640 3106 1711 pariat,
3132 1640 3365 1710 majora.

2221 1739 2430 1796 LXXV.
2452 1739 2586 1805 Quid
2598 1739 2662 1792 sit
2679 1737 2940 1791 habentem
2959 1751 3165 1790 uxorem
3181 1750 3284 1789 non
3301 1733 3596 1788 habere.--
3607 1731 3753 1798 Quod

2151 1833 2194 1889 si
2220 1833 2340 1904 quis
2360 1833 2518 1886 etiam
2539 1831 2737 1886 clarius
2763 1829 3062 1898 intelligere
3083 1827 3216 1893 vult,
3241 1825 3376 1896 quid
3400 1825 3496 1890 sit,
3523 1823 3753 1880 Uxorem

2155 1926 2436 1981 habentem
2463 1923 2683 1994 perinde
2705 1937 2825 1978 esse
2849 1935 2914 1976 ac
2941 1921 2987 1976 si
3015 1935 3121 1974 non
3142 1918 3396 1984 haberet,
3424 1918 3473 1971 is
3499 1915 3632 1970 mihi
3652 1928 3753 1968 non

2153 2016 2414 2071 habentes
2451 2024 2610 2084 atque
2638 2013 2928 2068 crucifixos
2956 2011 3184 2080 cogitet,
3223 2007 3511 2079 quomodo
3541 2007 3752 2076 degant.

2151 2106 2428 2175 Quomodo
2456 2106 2615 2176 igitur
2640 2103 2872 2174 degunt?
2900 2101 3015 2158 Non
3044 2114 3267 2156 necesse
3299 2098 3515 2154 habent
3539 2096 3753 2152 ancilla-

2151 2216 2269 2254 rum
2305 2213 2518 2270 gregem
2560 2211 2839 2262 coemere,
2869 2209 2974 2250 non
3017 2209 3206 2248 aurum
3247 2207 3314 2246 ac
3360 2191 3625 2255 monilia,
3657 2202 3757 2243 non

2149 2290 2293 2346 :edes
2318 2289 2625 2362 magniﬁcas
2644 2297 2699 2344 et
2726 2287 2949 2356 amplas,
2976 2301 3084 2341 non
3113 2293 3190 2339 tot
3214 2298 3277 2338 ac
3302 2291 3399 2338 tot
3429 2292 3592 2363 terrae
3613 2283 3758 2351 juge-

2150 2400 2239 2449 ra;
2271 2383 2366 2439 sed
2391 2384 2457 2438 iis
2477 2382 2724 2438 omnibus
2749 2379 2983 2435 dimissis
3009 2377 3261 2431 amictum
3287 2389 3474 2429 unum
3502 2383 3662 2443 atque
3684 2372 3758 2426 vi-

2149 2481 2621 2544 ctum-procurant.
2653 2471 2802 2526 Licet
2826 2478 3000 2524 autem
3031 2481 3252 2522 uxorem
3290 2465 3530 2521 habenti
3554 2462 3620 2518 ad
3643 2477 3752 2516 eam

2149 2581 2209 2622 se
2247 2565 2637 2637 philosophiam
2673 2563 2949 2618 reducere.
2977 2560 3108 2616 Nam
3147 2557 3288 2630 quod
3330 2573 3512 2628 supra
3547 2557 3649 2622 ait,
3676 2553 3756 2607 Ne

2149 2659 2449 2730 defraudate
2484 2657 2612 2711 alter
2635 2657 2851 2710 alterunt
2879 2653 2928 2728 (1
2951 2692 2964 2706 .
2996 2651 3116 2709 Cor.
3144 2653 3196 2706 7.
3229 2651 3320 2722 5),
3351 2652 3434 2706 de
3460 2652 3607 2706 coitu
3636 2647 3752 2702 solo

2148 2750 2347 2806 dictum
2377 2756 2459 2804 est
2487 2765 2502 2805 :
2531 2748 2584 2802 in
2611 2763 2678 2803 eo
2707 2746 2847 2802 enim
2876 2745 3100 2800 invicem
3128 2742 3346 2812 obsequi
3374 2742 3555 2812 jubet,
3587 2753 3750 2808 neque

2147 2845 2463 2900 alterutrum
2485 2843 2566 2898 sui
2590 2841 2865 2897 dominum
2894 2854 3015 2895 esse
3039 2839 3164 2893 sinit
3195 2852 3208 2889 :
3240 2837 3290 2891 in
3320 2837 3546 2906 reliquo
3578 2831 3742 2904 philo-

2147 2935 2352 3005 sbphize
2375 2933 2649 3000 exercitio,
2682 2932 2897 2995 vestitu,
2930 2931 3090 2996 victu,
3123 2937 3281 2998 atque
3309 2927 3441 2982 aliis
3467 2923 3735 2984 omnibus,

2147 3027 2284 3081 alter
2303 3026 2456 3080 alteri
2478 3040 2583 3079 non
2611 3033 2694 3079 est
2713 3021 3008 3092 obnoxius,
3024 3019 3116 3074 sed
3140 3028 3193 3074 et
3217 3018 3346 3072 viris
3373 3018 3460 3072 fas
3482 3025 3565 3072 est
3583 3027 3745 3069 uxore

2146 3117 2311 3174 invita
2331 3117 2550 3173 delicias
2575 3129 2763 3172 omnes
2787 3130 2851 3169 ac
2873 3111 3326 3168 circumﬂuentem
3348 3123 3608 3165 curarum
3631 3114 3740 3160 tur-

2146 3212 2268 3268 bam
2289 3211 2527 3276 amoliri;
2549 3218 2604 3265 et
2629 3208 2782 3263 uxori
2807 3205 3038 3261 vicissim
3067 3219 3173 3258 non
3198 3211 3280 3257 est
3308 3216 3563 3266 necesse,
3586 3199 3630 3254 si
3650 3211 3742 3252 no-

2146 3304 2223 3370 lit,
2247 3304 2405 3369 comi,
2430 3303 2640 3357 inanem
2667 3299 2893 3370 gloriam
2918 3303 3152 3367 captare,
3174 3308 3511 3362 supervacua
3532 3302 3734 3346 curare.

2144 3394 2256 3450 Nec
2283 3393 2506 3464 injuria;
2535 3407 2657 3447 nam
2683 3389 2946 3460 cupiditas
2970 3385 3184 3458 quidem
3214 3384 3305 3439 illa
3331 3381 3599 3439 naturalis
3625 3387 3735 3443 est;

2144 3486 2323 3556 itaque
2345 3484 2396 3540 ei
2425 3478 2666 3539 nonnihil
2695 3479 3054 3537 condonatum
3096 3485 3212 3540 est,
3253 3490 3354 3530 nec
3398 3481 3582 3544 potest
3607 3471 3736 3526 alter

2144 3577 2365 3632 alterum
2394 3576 2661 3630 nolentem
2699 3570 3015 3628 defraudare
3040 3585 3056 3635 ;
3098 3568 3211 3623 haec
3241 3581 3368 3621 vero
3396 3566 3731 3624 deliciarum,

2144 3667 2456 3738 supervacui
2480 3666 2674 3733 cultus,
2709 3663 2906 3720 inutilis
2922 3676 3082 3726 curat,
3109 3674 3211 3714 non
3237 3673 3268 3712 a
3291 3667 3484 3712 natura
3515 3653 3727 3727 prolici-

2144 3760 2328 3826 scitur,
2347 3759 2440 3815 sed
2458 3773 2522 3813 ex
2540 3755 2747 3828 ignavia
2765 3763 2820 3810 et
2856 3752 3045 3823 insigni
3062 3749 3294 3820 nequitia
3321 3756 3525 3803 manat.
3545 3746 3719 3814 Quare

2145 3867 2317 3923 neque
2337 3852 2389 3906 in
2417 3851 2521 3917 his,
2546 3859 2601 3904 ut
2626 3850 2680 3904 in
2703 3848 2827 3914 illis,
2849 3845 3102 3915 conjuges
3128 3843 3350 3898 invicem
3375 3841 3546 3896 teneri
3567 3837 3726 3907 cogit.

2142 3944 2257 4000 Hoc
2285 3943 2444 4014 igitur
2470 3949 2586 4008 est,
2619 3939 2848 3996 Uxorem
2891 3936 3147 3991 habentes
3188 3933 3408 4004 perinde
3445 3946 3567 3988 esse
3594 3943 3656 3983 ac
3684 3940 3728 3979 ει

2143 4051 2252 4090 non
2288 4033 2579 4098 haberent,
2608 4042 2966 4100 supervacuas
2995 4027 3114 4081 illas
3139 4033 3354 4095 propter
3382 4036 3606 4078 uxorum
3645 4018 3730 4071 fu-

2143 4143 2262 4183 cum
2290 4141 2352 4181 ac
2385 4125 2666 4180 mollitiem
2705 4137 2863 4178 curas
2901 4136 3006 4177 non
3049 4119 3330 4175 admittere
3350 4159 3366 4186 ,
3396 4117 3490 4173 sed
3523 4124 3726 4171 tantum

2142 4235 2392 4276 curarum
2419 4217 2711 4273 auctarium
2739 4215 3011 4285 suscipere
3034 4254 3048 4280 ,
3077 4221 3331 4283 quantum
3361 4225 3454 4280 par
3475 4209 3547 4263 sit
3570 4206 3727 4262 unius

2143 4311 2330 4382 capitis
2355 4307 2739 4374 additaniento,
2766 4315 2926 4376 atque
2951 4306 3068 4374 ejus
3093 4301 3453 4373 phil050pbice
3476 4312 3541 4352 ac
3563 4295 3728 4350 tenui-

2143 4414 2225 4460 ter
2247 4403 2410 4458 vitam
2440 4401 2784 4456 instituentis.
2816 4398 2870 4452 ld
2901 4398 3041 4452 enim
3069 4410 3127 4450 se
3154 4395 3291 4449 velle
3314 4390 3595 4446 corollario
3623 4385 3729 4440 hoc

2142 4495 2434 4566 signiﬁcat,
2469 4492 2534 4547 Et
2559 4493 2645 4561 qui
2681 4492 2802 4560 ﬂent
2839 4497 3093 4557 tamquam
3129 4501 3228 4538 non
3255 4484 3428 4552 ﬂentes
3458 4476 3641 4550 (Ibid.
3672 4491 3723 4528 υ.

2141 4588 2266 4659 30),
2295 4596 2350 4642 et
2373 4586 2460 4656 qni
2491 4585 2542 4638 in
2576 4580 2787 4652 praediis
2817 4577 3068 4648 gaudent,
3097 4589 3161 4629 ac
3188 4574 3232 4627 si
3262 4587 3366 4626 non
3385 4567 3724 4642 gauderent:

2141 4695 2260 4734 nam
2279 4694 2376 4733 nec
2388 4677 2474 4748 qni
2493 4690 2594 4729 non
2607 4672 2855 4744 gaudent,
2874 4669 3070 4740 prandia
3087 4666 3374 4730 curabunt;
3395 4679 3493 4720 nec
3508 4661 3600 4732 qui
3619 4674 3724 4714 non

2141 4771 2300 4833 flent,
2333 4775 2424 4821 aut
2452 4765 2683 4834 inopiam
2711 4763 2930 4817 horrere
2949 4804 2963 4828 ,
2990 4768 3081 4814 aut
3106 4757 3457 4827 frugalitatem
3481 4751 3722 4809 aversari

2141 4866 2408 4932 poterunt.
2437 4857 2548 4911 Iloc
2581 4870 2708 4910 vero
2746 4863 2828 4909 est
2860 4866 3080 4908 uxorem
3121 4851 3318 4905 habere
3354 4863 3452 4903 nec
3483 4845 3680 4900 habere
3702 4881 3719 4908 ,

2139 4953 2336 5010 mundo
2364 4951 2439 5019 uti
2467 4964 2567 5005 nec
2588 4947 2752 5002 abuti.
2785 4947 2885 5014 Qui
2921 4963 3036 4999 cum
3061 4960 3217 4999 uxore
3243 4953 3353 5009 est,
3381 4941 3626 4998 sollicitus
3651 4945 3722 4991 est

2139 5061 2252 5116 qua:
2278 5051 2394 5098 sunt
2418 5041 2592 5096 mundi
2619 5039 2781 5111 (Ibid.
2823 5055 2872 5092 υ.
2898 5037 3022 5109 33).
3055 5037 3236 5106 Itaque
3282 5051 3405 5090 cum
3444 5045 3497 5091 ct
3541 5034 3626 5088 hic
3664 5038 3717 5084 et

2139 5137 2248 5193 illic
2272 5143 2506 5201 curetur,
2528 5143 2687 5205 atque
2711 5132 2797 5187 hic
2819 5132 2976 5186 etiam
3009 5138 3205 5184 temere
3227 5139 3281 5184 et
3302 5129 3514 5193 frustra,
3540 5128 3645 5181 imo
3665 5131 3718 5177 ct

2138 5232 2362 5286 moleste
2389 5239 2444 5284 et
2469 5228 2664 5283 misere
2697 5227 2850 5299 (nam
2895 5223 3282 5277 Tribulationem
3311 5222 3488 5296 [Ibid.
3515 5237 3562 5275 υ.
3585 5217 3651 5273 28
3669 5213 3706 5287 ],

2137 5325 2327 5396 inquit,
2355 5323 2522 5378 carnis
2551 5320 2798 5376 habebunt
2827 5318 3119 5389 hujusmodi
3137 5318 3176 5387 ),
3207 5318 3334 5382 illic,
3366 5315 3504 5386 quod
3535 5315 3714 5381 ingens

2135 5416 2333 5471 bonum
2367 5417 2455 5483 sit,
2485 5431 2581 5470 cur
2609 5429 2714 5469 non
2743 5413 2884 5468 illam
2912 5411 3089 5483 potius
3126 5409 3471 5466 adsciscimus
3495 5416 3670 5459 curam
3693 5438 3708 5464 ,

2137 5521 2256 5576 quae
2283 5521 2389 5559 non
2418 5506 2590 5560 solum
2623 5514 2698 5559 tot
2727 5518 2790 5558 ac
2819 5512 2992 5558 tantas
3020 5500 3478 5558 remunerationes
3505 5495 3708 5554 habeat,

2137 5595 2357 5652 sedhac
2386 5607 2574 5650 natura
2614 5597 2774 5650 etiam
2811 5596 2978 5651 levior
3007 5593 3106 5650 sit?
3131 5592 3266 5662 Quid
3289 5591 3432 5647 enim
3457 5594 3608 5644 curat
3637 5584 3711 5637 in-

2139 5689 2343 5760 nupta?
2370 5703 2436 5744 an
2466 5704 2615 5764 opes,
2643 5705 2710 5745 an
2736 5705 2928 5746 vernas
2951 5730 2966 5757 ,
2997 5705 3063 5745 an
3089 5698 3417 5752 (econon.os,
3449 5698 3515 5738 an
3535 5690 3703 5750 agros,
