  <div class='ocr_page' id='page_1' title='image "/cluster/home/n/w/nwhite01/storage/ocr_20150623/48/hvd.32044073501892/067.png"; bbox 0 0 4056 6208; ppageno 0'>
   <div class='ocr_carea' id='block_1_1' title="bbox 413 341 516 398">
    <p class='ocr_par' dir='ltr' id='par_1_1' title="bbox 413 341 516 398">
     <span class='ocr_line' id='line_1_1' title="bbox 413 341 516 398; baseline 0.019 -2"><span class='ocrx_word' id='word_1_1' title='bbox 413 341 516 398; x_wconf 83' lang='grc'>589</span> 
     </span>
    </p>
   </div>
   <div class='ocr_carea' id='block_1_2' title="bbox 420 453 2084 530">
    <p class='ocr_par' dir='ltr' id='par_1_2' title="bbox 420 453 2084 530">
     <span class='ocr_line' id='line_1_2' title="bbox 420 453 2084 530; baseline -0.005 -17"><span class='ocrx_word' id='word_1_2' title='bbox 420 460 697 530; x_wconf 84' lang='grc' dir='ltr'>μαγείροις</span> <span class='ocrx_word' id='word_1_3' title='bbox 740 456 1033 529; x_wconf 82' lang='grc' dir='ltr'>ἐφέστηκε,</span> <span class='ocrx_word' id='word_1_4' title='bbox 1067 456 1161 510; x_wconf 75' lang='grc' dir='ltr'>καὶ</span> <span class='ocrx_word' id='word_1_5' title='bbox 1205 456 1486 526; x_wconf 81' lang='grc' dir='ltr'>ὑφάνταις,</span> <span class='ocrx_word' id='word_1_6' title='bbox 1512 456 1607 508; x_wconf 78' lang='grc' dir='ltr'>καὶ</span> <span class='ocrx_word' id='word_1_7' title='bbox 1633 457 1699 525; x_wconf 80' lang='grc' dir='ltr'>τῇ</span> <span class='ocrx_word' id='word_1_8' title='bbox 1727 455 1886 525; x_wconf 81' lang='grc' dir='ltr'>λοιπῇ</span> <span class='ocrx_word' id='word_1_9' title='bbox 1921 453 2084 524; x_wconf 84' lang='grc' dir='ltr'>θερα-</span> 
     </span>
    </p>
   </div>
   <div class='ocr_carea' id='block_1_3' title="bbox 413 540 2083 616">
    <p class='ocr_par' dir='ltr' id='par_1_3' title="bbox 413 540 2083 616">
     <span class='ocr_line' id='line_1_3' title="bbox 413 540 2083 616; baseline -0.006 -13"><span class='ocrx_word' id='word_1_10' title='bbox 413 543 572 616; x_wconf 73' lang='grc' dir='ltr'>πείας</span> <span class='ocrx_word' id='word_1_11' title='bbox 604 545 852 615; x_wconf 78' lang='grc' dir='ltr'>Ἄπαγε·</span> <span class='ocrx_word' id='word_1_12' title='bbox 893 544 1046 599; x_wconf 81' lang='grc' dir='ltr'>οὐδὲν</span> <span class='ocrx_word' id='word_1_13' title='bbox 1098 544 1306 598; x_wconf 82' lang='grc' dir='ltr'>τούτων</span> <span class='ocrx_word' id='word_1_14' title='bbox 1354 545 1434 607; x_wconf 81' lang='grc' dir='ltr'>εἰς</span> <span class='ocrx_word' id='word_1_15' title='bbox 1479 542 1609 597; x_wconf 85' lang='grc' dir='ltr'>νοῦν</span> <span class='ocrx_word' id='word_1_16' title='bbox 1650 542 1923 613; x_wconf 77' lang='grc' dir='ltr'>βάλλεται,</span> <span class='ocrx_word' id='word_1_17' title='bbox 1966 540 2083 595; x_wconf 88' lang='grc' dir='ltr'>ἀλλ’</span> 
     </span>
    </p>
   </div>
   <div class='ocr_carea' id='block_1_4' title="bbox 411 629 2081 705">
    <p class='ocr_par' dir='ltr' id='par_1_4' title="bbox 411 629 2081 705">
     <span class='ocr_line' id='line_1_4' title="bbox 411 629 2081 705; baseline -0.002 -20"><span class='ocrx_word' id='word_1_18' title='bbox 411 629 471 687; x_wconf 77' lang='grc' dir='ltr'>ιν</span> <span class='ocrx_word' id='word_1_19' title='bbox 502 632 774 704; x_wconf 77' lang='grc' dir='ltr'>φροντίζει</span> <span class='ocrx_word' id='word_1_20' title='bbox 807 633 986 704; x_wconf 85' lang='grc' dir='ltr'>μόνον,</span> <span class='ocrx_word' id='word_1_21' title='bbox 1031 632 1131 705; x_wconf 82' lang='grc' dir='ltr'>τὴν</span> <span class='ocrx_word' id='word_1_22' title='bbox 1167 631 1339 703; x_wconf 82' lang='grc' dir='ltr'>αὐτῆς</span> <span class='ocrx_word' id='word_1_23' title='bbox 1367 631 1670 703; x_wconf 77' lang='grc' dir='ltr'>οἰκοδομεῖν</span> <span class='ocrx_word' id='word_1_24' title='bbox 1695 643 1722 671; x_wconf 74' lang='grc' dir='ltr'><strong>ο</strong></span> <span class='ocrx_word' id='word_1_25' title='bbox 1749 630 1950 701; x_wconf 81' lang='grc' dir='ltr'>ψυχὴν,</span> <span class='ocrx_word' id='word_1_26' title='bbox 1988 629 2081 682; x_wconf 80' lang='grc' dir='ltr'>τὸν</span> 
     </span>
    </p>
   </div>
   <div class='ocr_carea' id='block_1_5' title="bbox 415 717 2085 790">
    <p class='ocr_par' dir='ltr' id='par_1_5' title="bbox 415 717 2085 790">
     <span class='ocr_line' id='line_1_5' title="bbox 415 717 2085 790; baseline -0.002 -17"><span class='ocrx_word' id='word_1_27' title='bbox 415 719 539 774; x_wconf 85' lang='grc' dir='ltr'>ναδν</span> <span class='ocrx_word' id='word_1_28' title='bbox 585 722 790 774; x_wconf 89' lang='grc' dir='ltr'>ἐκεῖνον</span> <span class='ocrx_word' id='word_1_29' title='bbox 844 719 938 773; x_wconf 80' lang='grc' dir='ltr'>τὸν</span> <span class='ocrx_word' id='word_1_30' title='bbox 985 720 1138 788; x_wconf 82' lang='grc' dir='ltr'>ἆγιον</span> <span class='ocrx_word' id='word_1_31' title='bbox 1183 720 1407 790; x_wconf 75' lang='grc' dir='ltr'>κοσμεῖν</span> <span class='ocrx_word' id='word_1_32' title='bbox 1440 720 1540 773; x_wconf 81' lang='grc' dir='ltr'>οὐκ</span> <span class='ocrx_word' id='word_1_33' title='bbox 1582 720 1641 771; x_wconf 86' lang='grc' dir='ltr'>ἐν</span> <span class='ocrx_word' id='word_1_34' title='bbox 1690 718 2003 788; x_wconf 79' lang='grc' dir='ltr'>πλέγμασιν</span> <span class='ocrx_word' id='word_1_35' title='bbox 2050 717 2085 789; x_wconf 80' lang='grc' dir='ltr'>ἢ</span> 
     </span>
    </p>
   </div>
   <div class='ocr_carea' id='block_1_6' title="bbox 409 805 2086 881">
    <p class='ocr_par' dir='ltr' id='par_1_6' title="bbox 409 805 2086 881">
     <span class='ocr_line' id='line_1_6' title="bbox 409 805 2086 881; baseline -0.002 -19"><span class='ocrx_word' id='word_1_36' title='bbox 409 807 598 881; x_wconf 83' lang='grc' dir='ltr'>χρυσῷ</span> <span class='ocrx_word' id='word_1_37' title='bbox 626 808 659 879; x_wconf 76' lang='grc' dir='ltr'>ἢ</span> <span class='ocrx_word' id='word_1_38' title='bbox 694 806 1083 881; x_wconf 74' lang='grc' dir='ltr'>μαργαρίταις,</span> <span class='ocrx_word' id='word_1_39' title='bbox 1114 805 1214 859; x_wconf 88' lang='grc' dir='ltr'>ούκ</span> <span class='ocrx_word' id='word_1_40' title='bbox 1246 806 1651 878; x_wconf 87' lang='grc' dir='ltr'>ἐπιτρίμμασιν</span> <span class='ocrx_word' id='word_1_41' title='bbox 1681 806 1803 860; x_wconf 81' lang='grc' dir='ltr'>οὐδὲ</span> <span class='ocrx_word' id='word_1_42' title='bbox 1839 807 2086 877; x_wconf 82' lang='grc' dir='ltr'>ὑπογρα-</span> 
     </span>
    </p>
   </div>
   <div class='ocr_carea' id='block_1_7' title="bbox 413 892 2085 965">
    <p class='ocr_par' dir='ltr' id='par_1_7' title="bbox 413 892 2085 965">
     <span class='ocr_line' id='line_1_7' title="bbox 413 892 2085 965; baseline -0.002 -15"><span class='ocrx_word' id='word_1_43' title='bbox 413 899 560 964; x_wconf 84' lang='grc' dir='ltr'>φαῖς,</span> <span class='ocrx_word' id='word_1_44' title='bbox 607 897 667 950; x_wconf 87' lang='lat'>06</span> <span class='ocrx_word' id='word_1_45' title='bbox 698 899 818 959; x_wconf 87' lang='grc' dir='ltr'>ταῖς</span> <span class='ocrx_word' id='word_1_46' title='bbox 847 895 1036 959; x_wconf 83' lang='grc' dir='ltr'>ἄλλαις</span> <span class='ocrx_word' id='word_1_47' title='bbox 1067 893 1379 958; x_wconf 87' lang='grc' dir='ltr'>δυσκολίαις</span> <span class='ocrx_word' id='word_1_48' title='bbox 1404 896 1500 949; x_wconf 76' lang='grc' dir='ltr'>καὶ</span> <span class='ocrx_word' id='word_1_49' title='bbox 1553 892 1905 965; x_wconf 83' lang='grc' dir='ltr'>μοχθηρίαις,</span> <span class='ocrx_word' id='word_1_50' title='bbox 1948 893 2085 947; x_wconf 85' lang='grc' dir='ltr'>ἀλλά</span> 
     </span>
    </p>
   </div>
   <div class='ocr_carea' id='block_1_8' title="bbox 408 979 2087 1055">
    <p class='ocr_par' dir='ltr' id='par_1_8' title="bbox 408 979 2087 1055">
     <span class='ocr_line' id='line_1_8' title="bbox 408 979 2087 1055; baseline -0.002 -18"><span class='ocrx_word' id='word_1_51' title='bbox 408 984 476 1055; x_wconf 80' lang='grc' dir='ltr'>τῇ</span> <span class='ocrx_word' id='word_1_52' title='bbox 509 982 782 1055; x_wconf 80' lang='grc' dir='ltr'>ἁγιωσύνῃ</span> <span class='ocrx_word' id='word_1_53' title='bbox 812 986 880 1055; x_wconf 80' lang='grc' dir='ltr'>τῇ</span> <span class='ocrx_word' id='word_1_54' title='bbox 926 982 1070 1038; x_wconf 87' lang='grc' dir='ltr'>κατά</span> <span class='ocrx_word' id='word_1_55' title='bbox 1119 982 1278 1054; x_wconf 89' lang='grc' dir='ltr'>σῶμα</span> <span class='ocrx_word' id='word_1_56' title='bbox 1325 982 1421 1037; x_wconf 79' lang='grc' dir='ltr'>καὶ</span> <span class='ocrx_word' id='word_1_57' title='bbox 1467 982 1610 1036; x_wconf 83' lang='grc' dir='ltr'>κατά</span> <span class='ocrx_word' id='word_1_58' title='bbox 1640 979 1879 1051; x_wconf 84' lang='grc' dir='ltr'>πνεῦμα.</span> <span class='ocrx_word' id='word_1_59' title='bbox 1923 982 1985 1035; x_wconf 83' lang='grc' dir='ltr'>Ἡ</span> <span class='ocrx_word' id='word_1_60' title='bbox 2017 980 2087 1033; x_wconf 82' lang='grc' dir='ltr'>δὲ</span> 
     </span>
    </p>
   </div>
   <div class='ocr_carea' id='block_1_9' title="bbox 411 1067 2084 1142">
    <p class='ocr_par' dir='ltr' id='par_1_9' title="bbox 411 1067 2084 1142">
     <span class='ocr_line' id='line_1_9' title="bbox 411 1067 2084 1142; baseline -0.001 -18"><span class='ocrx_word' id='word_1_61' title='bbox 411 1072 740 1141; x_wconf 71' lang='grc' dir='ltr'>γαμήσασα</span> <span class='ocrx_word' id='word_1_62' title='bbox 764 1072 815 1135; x_wconf 68' lang='grc' dir='ltr'>ι),</span> <span class='ocrx_word' id='word_1_63' title='bbox 844 1071 1014 1142; x_wconf 82' lang='grc' dir='ltr'>φησὶ,</span> <span class='ocrx_word' id='word_1_64' title='bbox 1066 1068 1324 1142; x_wconf 78' lang='grc' dir='ltr'>μεριμνᾷ</span> <span class='ocrx_word' id='word_1_65' title='bbox 1363 1069 1490 1136; x_wconf 81' lang='grc' dir='ltr'>πῶς</span> <span class='ocrx_word' id='word_1_66' title='bbox 1508 1069 1727 1142; x_wconf 34' lang='grc' dir='ltr'>νάρέσει</span> <span class='ocrx_word' id='word_1_67' title='bbox 1776 1067 1856 1133; x_wconf 82' lang='grc' dir='ltr'>τῷ</span> <span class='ocrx_word' id='word_1_68' title='bbox 1888 1068 2084 1137; x_wconf 81' lang='grc' dir='ltr'>ἀνδρί.</span> 
     </span>
    </p>
   </div>
   <div class='ocr_carea' id='block_1_10' title="bbox 417 1155 2085 1231">
    <p class='ocr_par' dir='ltr' id='par_1_10' title="bbox 417 1155 2085 1231">
     <span class='ocr_line' id='line_1_10' title="bbox 417 1155 2085 1231; baseline -0.002 -19"><span class='ocrx_word' id='word_1_69' title='bbox 417 1159 631 1231; x_wconf 84' lang='grc' dir='ltr'>Σφόδρα</span> <span class='ocrx_word' id='word_1_70' title='bbox 667 1161 905 1224; x_wconf 82' lang='grc' dir='ltr'>συνετῶς</span> <span class='ocrx_word' id='word_1_71' title='bbox 934 1160 1037 1213; x_wconf 78' lang='grc' dir='ltr'>οὒκ</span> <span class='ocrx_word' id='word_1_72' title='bbox 1084 1155 1249 1230; x_wconf 80' lang='grc' dir='ltr'>ἦλθεν</span> <span class='ocrx_word' id='word_1_73' title='bbox 1291 1158 1385 1211; x_wconf 74' lang='grc' dir='ltr'>ἐπὶ</span> <span class='ocrx_word' id='word_1_74' title='bbox 1431 1158 1531 1229; x_wconf 84' lang='grc' dir='ltr'>τὴν</span> <span class='ocrx_word' id='word_1_75' title='bbox 1580 1157 1689 1210; x_wconf 87' lang='grc' dir='ltr'>τῶν</span> <span class='ocrx_word' id='word_1_76' title='bbox 1742 1157 2085 1229; x_wconf 78' lang='grc' dir='ltr'>πραγμάτων</span> 
     </span>
    </p>
   </div>
   <div class='ocr_carea' id='block_1_11' title="bbox 409 1242 2086 1315">
    <p class='ocr_par' dir='ltr' id='par_1_11' title="bbox 409 1242 2086 1315">
     <span class='ocr_line' id='line_1_11' title="bbox 409 1242 2086 1315; baseline -0.002 -15"><span class='ocrx_word' id='word_1_77' title='bbox 409 1247 587 1301; x_wconf 81' lang='grc' dir='ltr'>αὐτῶν</span> <span class='ocrx_word' id='word_1_78' title='bbox 665 1246 935 1312; x_wconf 84' lang='grc' dir='ltr'>ἐξέτασιν,</span> <span class='ocrx_word' id='word_1_79' title='bbox 987 1247 1109 1300; x_wconf 84' lang='grc' dir='ltr'>ούδέ</span> <span class='ocrx_word' id='word_1_80' title='bbox 1154 1242 1307 1300; x_wconf 76' lang='grc' dir='ltr'>εἶπεν</span> <span class='ocrx_word' id='word_1_81' title='bbox 1354 1247 1456 1299; x_wconf 85' lang='grc' dir='ltr'>ὃσα</span> <span class='ocrx_word' id='word_1_82' title='bbox 1509 1245 1776 1315; x_wconf 83' lang='grc' dir='ltr'>πάσχουσι</span> <span class='ocrx_word' id='word_1_83' title='bbox 1831 1247 2086 1313; x_wconf 88' lang='grc' dir='ltr'>γυναῖκες</span> 
     </span>
    </p>
   </div>
   <div class='ocr_carea' id='block_1_12' title="bbox 409 1330 2086 1407">
    <p class='ocr_par' dir='ltr' id='par_1_12' title="bbox 409 1330 2086 1407">
     <span class='ocr_line' id='line_1_12' title="bbox 409 1330 2086 1407; baseline -0.003 -19"><span class='ocrx_word' id='word_1_84' title='bbox 409 1336 550 1407; x_wconf 83' lang='grc' dir='ltr'>ὑπὲρ</span> <span class='ocrx_word' id='word_1_85' title='bbox 601 1334 702 1405; x_wconf 85' lang='grc' dir='ltr'>τῆς</span> <span class='ocrx_word' id='word_1_86' title='bbox 735 1335 816 1399; x_wconf 91' lang='grc' dir='ltr'>εἰς</span> <span class='ocrx_word' id='word_1_87' title='bbox 856 1335 985 1398; x_wconf 82' lang='grc' dir='ltr'>τοὺς</span> <span class='ocrx_word' id='word_1_88' title='bbox 1030 1334 1229 1406; x_wconf 86' lang='grc' dir='ltr'>ἀνδρας</span> <span class='ocrx_word' id='word_1_89' title='bbox 1274 1332 1568 1404; x_wconf 81' lang='grc' dir='ltr'>ἀρεσκείας</span> <span class='ocrx_word' id='word_1_90' title='bbox 1616 1330 1822 1402; x_wconf 78' lang='grc' dir='ltr'>καὶτῷ</span> <span class='ocrx_word' id='word_1_91' title='bbox 1873 1330 2086 1402; x_wconf 89' lang='grc' dir='ltr'>σώματι</span> 
     </span>
    </p>
   </div>
   <div class='ocr_carea' id='block_1_13' title="bbox 407 1419 2086 1494">
    <p class='ocr_par' dir='ltr' id='par_1_13' title="bbox 407 1419 2086 1494">
     <span class='ocr_line' id='line_1_13' title="bbox 407 1419 2086 1494; baseline -0.002 -17"><span class='ocrx_word' id='word_1_92' title='bbox 407 1424 503 1477; x_wconf 71' lang='grc' dir='ltr'>καὶ</span> <span class='ocrx_word' id='word_1_93' title='bbox 541 1425 608 1494; x_wconf 77' lang='grc' dir='ltr'>τῇ</span> <span class='ocrx_word' id='word_1_94' title='bbox 642 1423 825 1494; x_wconf 80' lang='grc' dir='ltr'>ψυχῇ,</span> <span class='ocrx_word' id='word_1_95' title='bbox 867 1422 930 1476; x_wconf 90' lang='lat'>16</span> <span class='ocrx_word' id='word_1_96' title='bbox 971 1424 1068 1494; x_wconf 83' lang='grc' dir='ltr'>μὲν</span> <span class='ocrx_word' id='word_1_97' title='bbox 1114 1422 1499 1493; x_wconf 81' lang='grc' dir='ltr'>βασανίζουσαι</span> <span class='ocrx_word' id='word_1_98' title='bbox 1531 1422 1628 1477; x_wconf 77' lang='grc' dir='ltr'>καὶ</span> <span class='ocrx_word' id='word_1_99' title='bbox 1681 1419 1945 1475; x_wconf 88' lang='grc' dir='ltr'>κονιῶσαι</span> <span class='ocrx_word' id='word_1_100' title='bbox 1991 1420 2086 1474; x_wconf 74' lang='grc' dir='ltr'>καὶ</span> 
     </span>
    </p>
   </div>
   <div class='ocr_carea' id='block_1_14' title="bbox 408 1508 2084 1583">
    <p class='ocr_par' dir='ltr' id='par_1_14' title="bbox 408 1508 2084 1583">
     <span class='ocr_line' id='line_1_14' title="bbox 408 1508 2084 1583; baseline -0.001 -19"><span class='ocrx_word' id='word_1_101' title='bbox 408 1511 620 1583; x_wconf 78' lang='grc' dir='ltr'>ἑτέραις</span> <span class='ocrx_word' id='word_1_102' title='bbox 660 1510 917 1565; x_wconf 80' lang='grc' dir='ltr'>κολάσεσι</span> <span class='ocrx_word' id='word_1_103' title='bbox 955 1512 1406 1577; x_wconf 84' lang='grc' dir='ltr'>κατατείνουσαι,</span> <span class='ocrx_word' id='word_1_104' title='bbox 1444 1511 1545 1581; x_wconf 81' lang='grc' dir='ltr'>τὴν</span> <span class='ocrx_word' id='word_1_105' title='bbox 1587 1510 1646 1564; x_wconf 85' lang='grc' dir='ltr'>δὲ</span> <span class='ocrx_word' id='word_1_106' title='bbox 1683 1508 2084 1581; x_wconf 82' lang='grc' dir='ltr'>ἀνελευθερίας,</span> 
     </span>
    </p>
   </div>
   <div class='ocr_carea' id='block_1_15' title="bbox 408 1597 2085 1672">
    <p class='ocr_par' dir='ltr' id='par_1_15' title="bbox 408 1597 2085 1672">
     <span class='ocr_line' id='line_1_15' title="bbox 408 1597 2085 1672; baseline -0.002 -19"><span class='ocrx_word' id='word_1_107' title='bbox 408 1598 733 1665; x_wconf 87' lang='grc' dir='ltr'>κολακείας,</span> <span class='ocrx_word' id='word_1_108' title='bbox 781 1598 1154 1671; x_wconf 80' lang='grc' dir='ltr'>ὑποκρίσεως,</span> <span class='ocrx_word' id='word_1_109' title='bbox 1196 1598 1591 1672; x_wconf 76' lang='grc' dir='ltr'>μικροψυχίας,</span> <span class='ocrx_word' id='word_1_110' title='bbox 1638 1597 1937 1670; x_wconf 86' lang='grc' dir='ltr'>φροντίδων</span> <span class='ocrx_word' id='word_1_111' title='bbox 1984 1614 2085 1651; x_wconf 84' lang='grc' dir='ltr'>πε-</span> 
     </span>
    </p>
   </div>
   <div class='ocr_carea' id='block_1_16' title="bbox 411 1684 2088 1759">
    <p class='ocr_par' dir='ltr' id='par_1_16' title="bbox 411 1684 2088 1759">
     <span class='ocr_line' id='line_1_16' title="bbox 411 1684 2088 1759; baseline -0.001 -18"><span class='ocrx_word' id='word_1_112' title='bbox 411 1687 609 1759; x_wconf 89' lang='grc' dir='ltr'>ριττῶν</span> <span class='ocrx_word' id='word_1_113' title='bbox 638 1688 731 1741; x_wconf 77' lang='grc' dir='ltr'>καὶ</span> <span class='ocrx_word' id='word_1_114' title='bbox 760 1688 1034 1759; x_wconf 83' lang='grc' dir='ltr'>ἀνονήτων</span> <span class='ocrx_word' id='word_1_115' title='bbox 1062 1686 1395 1759; x_wconf 64' lang='grc' dir='ltr'>πληροῦσαν</span> <span class='ocrx_word' id='word_1_116' title='bbox 1427 1686 1565 1740; x_wconf 89' lang='grc' dir='ltr'>ἀλλά</span> <span class='ocrx_word' id='word_1_117' title='bbox 1594 1687 1695 1759; x_wconf 84' lang='grc' dir='ltr'>μιᾷ</span> <span class='ocrx_word' id='word_1_118' title='bbox 1721 1687 1878 1759; x_wconf 77' lang='grc' dir='ltr'>ῥήσει</span> <span class='ocrx_word' id='word_1_119' title='bbox 1910 1684 2088 1739; x_wconf 88' lang='grc' dir='ltr'>πάντα</span> 
     </span>
    </p>
   </div>
   <div class='ocr_carea' id='block_1_17' title="bbox 392 1772 2087 1845">
    <p class='ocr_par' dir='ltr' id='par_1_17' title="bbox 392 1772 2087 1845">
     <span class='ocr_line' id='line_1_17' title="bbox 392 1772 2087 1845; baseline -0.001 -17"><span class='ocrx_word' id='word_1_120' title='bbox 392 1773 580 1843; x_wconf 47' lang='grc' dir='ltr'>,ταῦτα</span> <span class='ocrx_word' id='word_1_121' title='bbox 627 1773 972 1845; x_wconf 73' lang='grc' dir='ltr'>αἰνιξάμενος</span> <span class='ocrx_word' id='word_1_122' title='bbox 999 1785 1022 1813; x_wconf 76' lang='grc' dir='ltr'><strong>ο</strong></span> <span class='ocrx_word' id='word_1_123' title='bbox 1056 1774 1242 1845; x_wconf 81' lang='grc' dir='ltr'>ἀφῆκε</span> <span class='ocrx_word' id='word_1_124' title='bbox 1290 1774 1368 1845; x_wconf 83' lang='grc' dir='ltr'>τῷ</span> <span class='ocrx_word' id='word_1_125' title='bbox 1401 1773 1664 1830; x_wconf 84' lang='grc' dir='ltr'>συνειδότι</span> <span class='ocrx_word' id='word_1_126' title='bbox 1714 1773 1825 1827; x_wconf 82' lang='grc' dir='ltr'>τῶν</span> <span class='ocrx_word' id='word_1_127' title='bbox 1860 1772 2087 1827; x_wconf 78' lang='grc' dir='ltr'>ἀκουόν⁴</span> 
     </span>
    </p>
   </div>
   <div class='ocr_carea' id='block_1_18' title="bbox 407 1858 2085 1931">
    <p class='ocr_par' dir='ltr' id='par_1_18' title="bbox 407 1858 2085 1931">
     <span class='ocr_line' id='line_1_18' title="bbox 407 1858 2085 1931; baseline -0.001 -17"><span class='ocrx_word' id='word_1_128' title='bbox 407 1877 518 1915; x_wconf 85' lang='grc' dir='ltr'>των</span> <span class='ocrx_word' id='word_1_129' title='bbox 550 1862 689 1916; x_wconf 87' lang='grc' dir='ltr'>αύτά</span> <span class='ocrx_word' id='word_1_130' title='bbox 719 1861 1141 1931; x_wconf 88' lang='grc' dir='ltr'>ἀναλογίσασθαι</span> <span class='ocrx_word' id='word_1_131' title='bbox 1160 1879 1174 1893; x_wconf 88' lang='grc'><strong>·</strong></span> <span class='ocrx_word' id='word_1_132' title='bbox 1208 1861 1301 1916; x_wconf 77' lang='grc' dir='ltr'>καὶ</span> <span class='ocrx_word' id='word_1_133' title='bbox 1329 1861 1507 1928; x_wconf 78' lang='grc' dir='ltr'>δείξας</span> <span class='ocrx_word' id='word_1_134' title='bbox 1539 1860 1683 1917; x_wconf 76' lang='grc' dir='ltr'>οὓτω</span> <span class='ocrx_word' id='word_1_135' title='bbox 1725 1860 1825 1931; x_wconf 89' lang='grc' dir='ltr'>τῆς</span> <span class='ocrx_word' id='word_1_136' title='bbox 1876 1858 2085 1931; x_wconf 85' lang='grc' dir='ltr'>παρθε-</span> 
     </span>
    </p>
   </div>
   <div class='ocr_carea' id='block_1_19' title="bbox 408 1944 2087 2022">
    <p class='ocr_par' dir='ltr' id='par_1_19' title="bbox 408 1944 2087 2022">
     <span class='ocr_line' id='line_1_19' title="bbox 408 1944 2087 2022; baseline -0.002 -19"><span class='ocrx_word' id='word_1_137' title='bbox 408 1944 527 2013; x_wconf 82' lang='grc' dir='ltr'>νίας</span> <span class='ocrx_word' id='word_1_138' title='bbox 552 1950 654 2021; x_wconf 82' lang='grc' dir='ltr'>τὴν</span> <span class='ocrx_word' id='word_1_139' title='bbox 684 1950 978 2022; x_wconf 80' lang='grc' dir='ltr'>ὑπεροχὴν,</span> <span class='ocrx_word' id='word_1_140' title='bbox 1005 1950 1099 2004; x_wconf 73' lang='grc' dir='ltr'>καὶ</span> <span class='ocrx_word' id='word_1_141' title='bbox 1126 1948 1264 2022; x_wconf 79' lang='grc' dir='ltr'>πρὸς</span> <span class='ocrx_word' id='word_1_142' title='bbox 1292 1950 1454 2004; x_wconf 77' lang='grc' dir='ltr'>αὐτὸν</span> <span class='ocrx_word' id='word_1_143' title='bbox 1483 1950 1624 2021; x_wconf 81' lang='grc' dir='ltr'>ἄρας</span> <span class='ocrx_word' id='word_1_144' title='bbox 1665 1948 1836 2019; x_wconf 82' lang='grc' dir='ltr'>αὐτὴν</span> <span class='ocrx_word' id='word_1_145' title='bbox 1875 1947 1968 2000; x_wconf 83' lang='grc' dir='ltr'>τὸν</span> <span class='ocrx_word' id='word_1_146' title='bbox 1995 1947 2087 1999; x_wconf 87' lang='lat' dir='ltr'><strong>o6—</strong></span> 
     </span>
    </p>
   </div>
   <div class='ocr_carea' id='block_1_20' title="bbox 412 2032 2087 2110">
    <p class='ocr_par' dir='ltr' id='par_1_20' title="bbox 412 2032 2087 2110">
     <span class='ocr_line' id='line_1_20' title="bbox 412 2032 2087 2110; baseline -0.003 -18"><span class='ocrx_word' id='word_1_147' title='bbox 412 2038 594 2110; x_wconf 86' lang='grc' dir='ltr'>ρανδν,</span> <span class='ocrx_word' id='word_1_148' title='bbox 625 2038 788 2093; x_wconf 85' lang='grc' dir='ltr'>πάλιν</span> <span class='ocrx_word' id='word_1_149' title='bbox 828 2037 1184 2109; x_wconf 78' lang='grc' dir='ltr'>μετατίθησιν</span> <span class='ocrx_word' id='word_1_150' title='bbox 1228 2038 1323 2090; x_wconf 73' lang='grc' dir='ltr'>ἐπὶ</span> <span class='ocrx_word' id='word_1_151' title='bbox 1360 2036 1461 2109; x_wconf 86' lang='grc' dir='ltr'>τὴν</span> <span class='ocrx_word' id='word_1_152' title='bbox 1498 2036 1594 2090; x_wconf 89' lang='grc' dir='ltr'>τοῦ</span> <span class='ocrx_word' id='word_1_153' title='bbox 1642 2036 1824 2107; x_wconf 86' lang='grc' dir='ltr'>γάμου</span> <span class='ocrx_word' id='word_1_154' title='bbox 1871 2032 2087 2105; x_wconf 75' lang='grc' dir='ltr'>συγχώο</span> 
     </span>
    </p>
   </div>
   <div class='ocr_carea' id='block_1_21' title="bbox 412 2123 2086 2198">
    <p class='ocr_par' dir='ltr' id='par_1_21' title="bbox 412 2123 2086 2198">
     <span class='ocr_line' id='line_1_21' title="bbox 412 2123 2086 2198; baseline -0.002 -18"><span class='ocrx_word' id='word_1_155' title='bbox 412 2143 568 2198; x_wconf 88' lang='grc' dir='ltr'>ρησιν</span> <span class='ocrx_word' id='word_1_156' title='bbox 594 2126 689 2181; x_wconf 78' lang='grc' dir='ltr'>τὸν</span> <span class='ocrx_word' id='word_1_157' title='bbox 717 2126 895 2196; x_wconf 87' lang='grc' dir='ltr'>λόγον,</span> <span class='ocrx_word' id='word_1_158' title='bbox 930 2124 1205 2197; x_wconf 76' lang='grc' dir='ltr'>πανταχοῦ</span> <span class='ocrx_word' id='word_1_159' title='bbox 1238 2124 1493 2189; x_wconf 85' lang='grc' dir='ltr'>δεδοικὼς</span> <span class='ocrx_word' id='word_1_160' title='bbox 1532 2125 1608 2196; x_wconf 88' lang='grc' dir='ltr'>μή</span> <span class='ocrx_word' id='word_1_161' title='bbox 1642 2141 1728 2188; x_wconf 89' lang='grc' dir='ltr'>τις</span> <span class='ocrx_word' id='word_1_162' title='bbox 1753 2123 1816 2178; x_wconf 86' lang='lat'>16</span> <span class='ocrx_word' id='word_1_163' title='bbox 1849 2125 2086 2195; x_wconf 83' lang='grc' dir='ltr'>πρᾶγμα</span> 
     </span>
    </p>
   </div>
   <div class='ocr_carea' id='block_1_22' title="bbox 407 2208 2087 2287">
    <p class='ocr_par' dir='ltr' id='par_1_22' title="bbox 407 2208 2087 2287">
     <span class='ocr_line' id='line_1_22' title="bbox 407 2208 2087 2287; baseline -0.003 -21"><span class='ocrx_word' id='word_1_164' title='bbox 407 2212 688 2286; x_wconf 74' lang='grc' dir='ltr'>ἐπίταγμα</span> <span class='ocrx_word' id='word_1_165' title='bbox 716 2208 858 2268; x_wconf 77' lang='grc' dir='ltr'>εἶναι</span> <span class='ocrx_word' id='word_1_166' title='bbox 882 2211 1101 2287; x_wconf 75' lang='grc' dir='ltr'>νομίζῃ.</span> <span class='ocrx_word' id='word_1_167' title='bbox 1129 2212 1332 2284; x_wconf 88' lang='grc' dir='ltr'>Διόπερ</span> <span class='ocrx_word' id='word_1_168' title='bbox 1359 2211 1481 2266; x_wconf 80' lang='grc' dir='ltr'>οὐδὲ</span> <span class='ocrx_word' id='word_1_169' title='bbox 1518 2210 1763 2281; x_wconf 80' lang='grc' dir='ltr'>ἠρκέσθη</span> <span class='ocrx_word' id='word_1_170' title='bbox 1791 2212 1913 2273; x_wconf 88' lang='grc' dir='ltr'>ταῖς</span> <span class='ocrx_word' id='word_1_171' title='bbox 1951 2226 2087 2281; x_wconf 86' lang='grc' dir='ltr'>προ-</span> 
     </span>
    </p>
   </div>
   <div class='ocr_carea' id='block_1_23' title="bbox 407 2294 2087 2374">
    <p class='ocr_par' dir='ltr' id='par_1_23' title="bbox 407 2294 2087 2374">
     <span class='ocr_line' id='line_1_23' title="bbox 407 2294 2087 2374; baseline -0.004 -19"><span class='ocrx_word' id='word_1_172' title='bbox 407 2300 595 2374; x_wconf 78' lang='grc' dir='ltr'>τέραις</span> <span class='ocrx_word' id='word_1_173' title='bbox 628 2298 1035 2374; x_wconf 89' lang='grc' dir='ltr'>παραινέσεσιν,</span> <span class='ocrx_word' id='word_1_174' title='bbox 1082 2298 1198 2353; x_wconf 79' lang='grc' dir='ltr'>ἀλλ’</span> <span class='ocrx_word' id='word_1_175' title='bbox 1236 2298 1444 2354; x_wconf 86' lang='grc' dir='ltr'>εἰπών·</span> <span class='ocrx_word' id='word_1_176' title='bbox 1497 2297 1822 2369; x_wconf 78' lang='grc' dir='ltr'>Ἐπιταγὴν</span> <span class='ocrx_word' id='word_1_177' title='bbox 1856 2294 2087 2365; x_wconf 83' lang='grc' dir='ltr'>Κυρίου</span> 
     </span>
    </p>
   </div>
   <div class='ocr_carea' id='block_1_24' title="bbox 407 2389 2082 2463">
    <p class='ocr_par' dir='ltr' id='par_1_24' title="bbox 407 2389 2082 2463">
     <span class='ocr_line' id='line_1_24' title="bbox 407 2389 2082 2463; baseline -0.003 -15"><span class='ocrx_word' id='word_1_178' title='bbox 407 2393 521 2449; x_wconf 81' lang='grc' dir='ltr'>οὐκ</span> <span class='ocrx_word' id='word_1_179' title='bbox 550 2391 699 2463; x_wconf 74' lang='grc' dir='ltr'>ἔχω’</span> <span class='ocrx_word' id='word_1_180' title='bbox 731 2392 847 2458; x_wconf 72' lang='grc' dir='ltr'>καὶ,</span> <span class='ocrx_word' id='word_1_181' title='bbox 889 2391 1026 2446; x_wconf 84' lang='grc' dir='ltr'>Ἐὰν</span> <span class='ocrx_word' id='word_1_182' title='bbox 1056 2389 1219 2463; x_wconf 79' lang='grc' dir='ltr'>γήμῃ</span> <span class='ocrx_word' id='word_1_183' title='bbox 1255 2391 1295 2460; x_wconf 74' lang='grc' dir='ltr'>ἡ</span> <span class='ocrx_word' id='word_1_184' title='bbox 1331 2390 1657 2460; x_wconf 79' lang='grc' dir='ltr'>παρθένος,</span> <span class='ocrx_word' id='word_1_185' title='bbox 1688 2391 1802 2460; x_wconf 82' lang='grc' dir='ltr'>οὐχ</span> <span class='ocrx_word' id='word_1_186' title='bbox 1835 2389 2082 2459; x_wconf 80' lang='grc' dir='ltr'>ἥμαρτε,</span> 
     </span>
    </p>
   </div>
   <div class='ocr_carea' id='block_1_25' title="bbox 409 2479 2029 2554">
    <p class='ocr_par' dir='ltr' id='par_1_25' title="bbox 409 2479 2029 2554">
     <span class='ocr_line' id='line_1_25' title="bbox 409 2479 2029 2554; baseline 0.001 -19"><span class='ocrx_word' id='word_1_187' title='bbox 409 2481 573 2537; x_wconf 86' lang='grc' dir='ltr'>πάλιν</span> <span class='ocrx_word' id='word_1_188' title='bbox 595 2481 832 2536; x_wconf 84' lang='grc' dir='ltr'>ἐνταῦθά</span> <span class='ocrx_word' id='word_1_189' title='bbox 860 2499 1048 2554; x_wconf 89' lang='grc' dir='ltr'>φησιν,</span> <span class='ocrx_word' id='word_1_190' title='bbox 1068 2483 1191 2552; x_wconf 84' lang='grc' dir='ltr'>Οὐχ</span> <span class='ocrx_word' id='word_1_191' title='bbox 1210 2482 1311 2536; x_wconf 82' lang='grc' dir='ltr'>ἵνα</span> <span class='ocrx_word' id='word_1_192' title='bbox 1329 2482 1566 2551; x_wconf 81' lang='grc' dir='ltr'>βρόχον</span> <span class='ocrx_word' id='word_1_193' title='bbox 1579 2481 1723 2551; x_wconf 80' lang='grc' dir='ltr'>ὑμῖν</span> <span class='ocrx_word' id='word_1_194' title='bbox 1741 2479 2029 2536; x_wconf 81' lang='grc' dir='ltr'>ἐπιϐάλω.</span> 
     </span>
    </p>
   </div>
   <div class='ocr_carea' id='block_1_26' title="bbox 476 2563 2085 2641">
    <p class='ocr_par' dir='ltr' id='par_1_26' title="bbox 476 2563 2085 2641">
     <span class='ocr_line' id='line_1_26' title="bbox 476 2563 2085 2641; baseline -0.001 -17"><span class='ocrx_word' id='word_1_195' title='bbox 476 2571 616 2638; x_wconf 67' lang='lat' dir='ltr'>OG’.</span> <span class='ocrx_word' id='word_1_196' title='bbox 660 2569 837 2641; x_wconf 79' lang='grc' dir='ltr'>’Υπὲρ</span> <span class='ocrx_word' id='word_1_197' title='bbox 859 2563 920 2623; x_wconf 75' lang='grc' dir='ltr'>οὗ</span> <span class='ocrx_word' id='word_1_198' title='bbox 948 2568 1045 2623; x_wconf 81' lang='grc' dir='ltr'>καὶ</span> <span class='ocrx_word' id='word_1_199' title='bbox 1067 2568 1449 2640; x_wconf 84' lang='grc' dir='ltr'>διαπορήσειεν</span> <span class='ocrx_word' id='word_1_200' title='bbox 1472 2568 1537 2623; x_wconf 84' lang='grc' dir='ltr'>ἀν</span> <span class='ocrx_word' id='word_1_201' title='bbox 1569 2586 1656 2632; x_wconf 86' lang='grc' dir='ltr'>τις</span> <span class='ocrx_word' id='word_1_202' title='bbox 1682 2568 1938 2633; x_wconf 85' lang='grc' dir='ltr'>εἰκότως,</span> <span class='ocrx_word' id='word_1_203' title='bbox 1967 2567 2085 2634; x_wconf 88' lang='grc' dir='ltr'>πῶς</span> 
     </span>
    </p>
   </div>
   <div class='ocr_carea' id='block_1_27' title="bbox 407 2654 2084 2729">
    <p class='ocr_par' dir='ltr' id='par_1_27' title="bbox 407 2654 2084 2729">
     <span class='ocr_line' id='line_1_27' title="bbox 407 2654 2084 2729; baseline -0.001 -18"><span class='ocrx_word' id='word_1_204' title='bbox 407 2656 668 2729; x_wconf 78' lang='grc' dir='ltr'>ἀνωτέρω</span> <span class='ocrx_word' id='word_1_205' title='bbox 700 2656 855 2711; x_wconf 82' lang='grc' dir='ltr'>λύσιν</span> <span class='ocrx_word' id='word_1_206' title='bbox 878 2656 1095 2728; x_wconf 83' lang='grc' dir='ltr'>δεσμῶν</span> <span class='ocrx_word' id='word_1_207' title='bbox 1129 2654 1192 2710; x_wconf 90' lang='lat'>16</span> <span class='ocrx_word' id='word_1_208' title='bbox 1228 2656 1465 2727; x_wconf 85' lang='grc' dir='ltr'>πρᾶγμα</span> <span class='ocrx_word' id='word_1_209' title='bbox 1492 2655 1695 2722; x_wconf 89' lang='grc' dir='ltr'>καλῶν,</span> <span class='ocrx_word' id='word_1_210' title='bbox 1729 2657 1827 2711; x_wconf 63' lang='grc' dir='ltr'>κοιλ⁸</span> <span class='ocrx_word' id='word_1_211' title='bbox 1855 2656 1992 2725; x_wconf 86' lang='grc' dir='ltr'>πρὸς</span> <span class='ocrx_word' id='word_1_212' title='bbox 2021 2656 2084 2710; x_wconf 79' lang='grc' dir='ltr'>τὺ</span> 
     </span>
    </p>
   </div>
   <div class='ocr_carea' id='block_1_28' title="bbox 410 2741 2084 2816">
    <p class='ocr_par' dir='ltr' id='par_1_28' title="bbox 410 2741 2084 2816">
     <span class='ocr_line' id='line_1_28' title="bbox 410 2741 2084 2816; baseline -0.001 -19"><span class='ocrx_word' id='word_1_213' title='bbox 410 2743 693 2816; x_wconf 77' lang='grc' dir='ltr'>συμφέρον</span> <span class='ocrx_word' id='word_1_214' title='bbox 712 2745 850 2815; x_wconf 76' lang='grc' dir='ltr'>ήμῖν</span> <span class='ocrx_word' id='word_1_215' title='bbox 870 2743 1003 2797; x_wconf 82' lang='grc' dir='ltr'>αὐτὸ</span> <span class='ocrx_word' id='word_1_216' title='bbox 1027 2741 1421 2814; x_wconf 89' lang='grc' dir='ltr'>συμϐουλεύειν</span> <span class='ocrx_word' id='word_1_217' title='bbox 1448 2742 1646 2812; x_wconf 89' lang='grc' dir='ltr'>λέγων,</span> <span class='ocrx_word' id='word_1_218' title='bbox 1671 2742 1766 2796; x_wconf 82' lang='grc' dir='ltr'>καί</span> <span class='ocrx_word' id='word_1_219' title='bbox 1793 2743 1882 2797; x_wconf 78' lang='grc' dir='ltr'>ἵνα</span> <span class='ocrx_word' id='word_1_220' title='bbox 1904 2742 2084 2812; x_wconf 73' lang='grc' dir='ltr'>θλῖψιν</span> 
     </span>
    </p>
   </div>
   <div class='ocr_carea' id='block_1_29' title="bbox 412 2823 2083 2904">
    <p class='ocr_par' dir='ltr' id='par_1_29' title="bbox 412 2823 2083 2904">
     <span class='ocr_line' id='line_1_29' title="bbox 412 2823 2083 2904; baseline 0.001 -20"><span class='ocrx_word' id='word_1_221' title='bbox 412 2832 487 2903; x_wconf 81' lang='grc' dir='ltr'>μὴ</span> <span class='ocrx_word' id='word_1_222' title='bbox 527 2829 762 2902; x_wconf 72' lang='grc' dir='ltr'>ἔχωμεν,</span> <span class='ocrx_word' id='word_1_223' title='bbox 792 2831 886 2884; x_wconf 79' lang='grc' dir='ltr'>καὶ</span> <span class='ocrx_word' id='word_1_224' title='bbox 922 2831 1009 2886; x_wconf 74' lang='grc' dir='ltr'>ἵνα</span> <span class='ocrx_word' id='word_1_225' title='bbox 1041 2829 1338 2901; x_wconf 88' lang='grc' dir='ltr'>ἀμέριμνοι</span> <span class='ocrx_word' id='word_1_226' title='bbox 1366 2823 1539 2901; x_wconf 79' lang='grc' dir='ltr'>ὦμεν,</span> <span class='ocrx_word' id='word_1_227' title='bbox 1585 2832 1680 2885; x_wconf 80' lang='grc' dir='ltr'>καὶ</span> <span class='ocrx_word' id='word_1_228' title='bbox 1706 2831 1897 2904; x_wconf 84' lang='grc' dir='ltr'>ἐπειδὴ</span> <span class='ocrx_word' id='word_1_229' title='bbox 1929 2830 2083 2903; x_wconf 75' lang='grc'>[529]</span> 
     </span>
    </p>
   </div>
   <div class='ocr_carea' id='block_1_30' title="bbox 408 2916 2085 2990">
    <p class='ocr_par' dir='ltr' id='par_1_30' title="bbox 408 2916 2085 2990">
     <span class='ocr_line' id='line_1_30' title="bbox 408 2916 2085 2990; baseline -0.001 -17"><span class='ocrx_word' id='word_1_230' title='bbox 408 2918 652 2989; x_wconf 87' lang='grc' dir='ltr'>φείδεται</span> <span class='ocrx_word' id='word_1_231' title='bbox 699 2918 876 2990; x_wconf 82' lang='grc' dir='ltr'>ήμῶν,</span> <span class='ocrx_word' id='word_1_232' title='bbox 927 2918 1020 2972; x_wconf 73' lang='grc' dir='ltr'>καὶ</span> <span class='ocrx_word' id='word_1_233' title='bbox 1073 2918 1161 2972; x_wconf 88' lang='grc' dir='ltr'>διά</span> <span class='ocrx_word' id='word_1_234' title='bbox 1212 2916 1420 2972; x_wconf 85' lang='grc' dir='ltr'>τούτων</span> <span class='ocrx_word' id='word_1_235' title='bbox 1469 2918 1729 2973; x_wconf 85' lang='grc' dir='ltr'>ἁπάντων</span> <span class='ocrx_word' id='word_1_236' title='bbox 1772 2919 1988 2983; x_wconf 82' lang='grc' dir='ltr'>δεικνὺς</span> <span class='ocrx_word' id='word_1_237' title='bbox 2024 2918 2085 2972; x_wconf 87' lang='grc' dir='ltr'>τὺ</span> 
     </span>
    </p>
   </div>
   <div class='ocr_carea' id='block_1_31' title="bbox 407 3004 2085 3077">
    <p class='ocr_par' dir='ltr' id='par_1_31' title="bbox 407 3004 2085 3077">
     <span class='ocr_line' id='line_1_31' title="bbox 407 3004 2085 3077; baseline 0 -17"><span class='ocrx_word' id='word_1_238' title='bbox 407 3005 612 3077; x_wconf 88' lang='grc' dir='ltr'>κοῦφον</span> <span class='ocrx_word' id='word_1_239' title='bbox 641 3004 807 3060; x_wconf 80' lang='grc' dir='ltr'>αὐτοῦ</span> <span class='ocrx_word' id='word_1_240' title='bbox 848 3006 944 3061; x_wconf 73' lang='grc' dir='ltr'>καὶ</span> <span class='ocrx_word' id='word_1_241' title='bbox 993 3005 1250 3077; x_wconf 83' lang='grc' dir='ltr'>φορητὸν,</span> <span class='ocrx_word' id='word_1_242' title='bbox 1300 3004 1537 3060; x_wconf 88' lang='grc' dir='ltr'>ἐνταῦθὰ</span> <span class='ocrx_word' id='word_1_243' title='bbox 1584 3021 1778 3076; x_wconf 88' lang='grc' dir='ltr'>φησιν·</span> <span class='ocrx_word' id='word_1_244' title='bbox 1819 3007 1944 3076; x_wconf 85' lang='grc' dir='ltr'>Οὐχ</span> <span class='ocrx_word' id='word_1_245' title='bbox 1982 3006 2085 3061; x_wconf 78' lang='grc' dir='ltr'>ἵνα</span> 
     </span>
    </p>
   </div>
   <div class='ocr_carea' id='block_1_32' title="bbox 402 3086 2085 3165">
    <p class='ocr_par' dir='ltr' id='par_1_32' title="bbox 402 3086 2085 3165">
     <span class='ocr_line' id='line_1_32' title="bbox 402 3086 2085 3165; baseline -0.001 -16"><span class='ocrx_word' id='word_1_246' title='bbox 402 3095 643 3165; x_wconf 75' lang='grc' dir='ltr'>,ϐρόχον</span> <span class='ocrx_word' id='word_1_247' title='bbox 671 3093 816 3165; x_wconf 84' lang='grc' dir='ltr'>ὑμῖν</span> <span class='ocrx_word' id='word_1_248' title='bbox 844 3094 1140 3160; x_wconf 74' lang='grc' dir='ltr'>ἐπισάλω;</span> <span class='ocrx_word' id='word_1_249' title='bbox 1171 3094 1237 3148; x_wconf 86' lang='grc' dir='ltr'>Τί</span> <span class='ocrx_word' id='word_1_250' title='bbox 1270 3086 1366 3147; x_wconf 82' lang='grc' dir='ltr'>οὖν</span> <span class='ocrx_word' id='word_1_251' title='bbox 1401 3096 1586 3161; x_wconf 86' lang='grc' dir='ltr'>ἐστιν;</span> <span class='ocrx_word' id='word_1_252' title='bbox 1617 3094 1693 3147; x_wconf 86' lang='grc' dir='ltr'>Οὐ</span> <span class='ocrx_word' id='word_1_253' title='bbox 1735 3093 1836 3164; x_wconf 78' lang='grc' dir='ltr'>τὴν</span> <span class='ocrx_word' id='word_1_254' title='bbox 1874 3093 2085 3165; x_wconf 81' lang='grc' dir='ltr'>παρθε-</span> 
     </span>
    </p>
   </div>
   <div class='ocr_carea' id='block_1_33' title="bbox 408 3183 2086 3258">
    <p class='ocr_par' dir='ltr' id='par_1_33' title="bbox 408 3183 2086 3258">
     <span class='ocr_line' id='line_1_33' title="bbox 408 3183 2086 3258; baseline -0.001 -19"><span class='ocrx_word' id='word_1_255' title='bbox 408 3184 529 3239; x_wconf 92' lang='grc' dir='ltr'>νίαν</span> <span class='ocrx_word' id='word_1_256' title='bbox 564 3184 756 3258; x_wconf 88' lang='grc' dir='ltr'>βρόχον</span> <span class='ocrx_word' id='word_1_257' title='bbox 806 3184 1092 3241; x_wconf 62' lang='grc' dir='ltr'>ἐκάλεσεν</span> <span class='ocrx_word' id='word_1_258' title='bbox 1127 3184 1341 3255; x_wconf 80' lang='grc' dir='ltr'>ἄπαγε’</span> <span class='ocrx_word' id='word_1_259' title='bbox 1382 3184 1520 3239; x_wconf 90' lang='grc' dir='ltr'>ἀλλά</span> <span class='ocrx_word' id='word_1_260' title='bbox 1552 3183 1614 3239; x_wconf 84' lang='lat'>16</span> <span class='ocrx_word' id='word_1_261' title='bbox 1656 3183 1795 3256; x_wconf 85' lang='grc' dir='ltr'>μετά</span> <span class='ocrx_word' id='word_1_262' title='bbox 1830 3184 1951 3256; x_wconf 79' lang='grc' dir='ltr'>βίας</span> <span class='ocrx_word' id='word_1_263' title='bbox 1990 3184 2086 3238; x_wconf 79' lang='grc' dir='ltr'>καὶ</span> 
     </span>
    </p>
   </div>
   <div class='ocr_carea' id='block_1_34' title="bbox 406 3273 2086 3347">
    <p class='ocr_par' dir='ltr' id='par_1_34' title="bbox 406 3273 2086 3347">
     <span class='ocr_line' id='line_1_34' title="bbox 406 3273 2086 3347; baseline 0.001 -20"><span class='ocrx_word' id='word_1_264' title='bbox 406 3274 655 3345; x_wconf 85' lang='grc' dir='ltr'>ἀνάγκης</span> <span class='ocrx_word' id='word_1_265' title='bbox 704 3274 979 3345; x_wconf 81' lang='grc' dir='ltr'>αἱρεῖσθαι</span> <span class='ocrx_word' id='word_1_266' title='bbox 1027 3274 1185 3329; x_wconf 87' lang='grc' dir='ltr'>τοῦτο</span> <span class='ocrx_word' id='word_1_267' title='bbox 1234 3275 1296 3328; x_wconf 85' lang='grc' dir='ltr'>τὸ</span> <span class='ocrx_word' id='word_1_268' title='bbox 1342 3273 1529 3329; x_wconf 89' lang='grc' dir='ltr'>καλόν.</span> <span class='ocrx_word' id='word_1_269' title='bbox 1578 3274 1691 3329; x_wconf 79' lang='grc' dir='ltr'>Καὶ</span> <span class='ocrx_word' id='word_1_270' title='bbox 1752 3274 1864 3347; x_wconf 76' lang='grc' dir='ltr'>γὰρ</span> <span class='ocrx_word' id='word_1_271' title='bbox 1912 3274 2086 3339; x_wconf 76' lang='grc' dir='ltr'>οὕτως</span> 
     </span>
    </p>
   </div>
   <div class='ocr_carea' id='block_1_35' title="bbox 407 3360 2080 3435">
    <p class='ocr_par' dir='ltr' id='par_1_35' title="bbox 407 3360 2080 3435">
     <span class='ocr_line' id='line_1_35' title="bbox 407 3360 2080 3435; baseline 0.002 -22"><span class='ocrx_word' id='word_1_272' title='bbox 407 3360 545 3433; x_wconf 79' lang='grc' dir='ltr'>ἔχει.</span> <span class='ocrx_word' id='word_1_273' title='bbox 591 3361 708 3415; x_wconf 82' lang='grc' dir='ltr'>Πᾶν</span> <span class='ocrx_word' id='word_1_274' title='bbox 736 3362 875 3433; x_wconf 78' lang='grc' dir='ltr'>ὅπερ</span> <span class='ocrx_word' id='word_1_275' title='bbox 923 3361 989 3415; x_wconf 83' lang='grc' dir='ltr'>ἂν</span> <span class='ocrx_word' id='word_1_276' title='bbox 1025 3361 1341 3435; x_wconf 80' lang='grc' dir='ltr'>βιαζόμενος</span> <span class='ocrx_word' id='word_1_277' title='bbox 1369 3362 1464 3416; x_wconf 75' lang='grc' dir='ltr'>καὶ</span> <span class='ocrx_word' id='word_1_278' title='bbox 1498 3361 1639 3434; x_wconf 86' lang='grc' dir='ltr'>μετά</span> <span class='ocrx_word' id='word_1_279' title='bbox 1683 3361 1779 3417; x_wconf 90' lang='grc' dir='ltr'>τοῦ</span> <span class='ocrx_word' id='word_1_280' title='bbox 1829 3362 1907 3435; x_wconf 81' lang='grc' dir='ltr'>μὴ</span> <span class='ocrx_word' id='word_1_281' title='bbox 1954 3361 2080 3433; x_wconf 78' lang='grc' dir='ltr'>βούο</span> 
     </span>
    </p>
   </div>
   <div class='ocr_carea' id='block_1_36' title="bbox 407 3446 2084 3524">
    <p class='ocr_par' dir='ltr' id='par_1_36' title="bbox 407 3446 2084 3524">
     <span class='ocr_line' id='line_1_36' title="bbox 407 3446 2084 3524; baseline 0.002 -21"><span class='ocrx_word' id='word_1_282' title='bbox 407 3447 598 3503; x_wconf 87' lang='grc' dir='ltr'>λεσθαι</span> <span class='ocrx_word' id='word_1_283' title='bbox 627 3448 986 3520; x_wconf 85' lang='grc' dir='ltr'>καταδέχηταί</span> <span class='ocrx_word' id='word_1_284' title='bbox 1017 3466 1123 3515; x_wconf 89' lang='grc' dir='ltr'>τις,</span> <span class='ocrx_word' id='word_1_285' title='bbox 1162 3449 1269 3506; x_wconf 76' lang='grc' dir='ltr'>κᾶν</span> <span class='ocrx_word' id='word_1_286' title='bbox 1310 3451 1518 3522; x_wconf 90' lang='grc' dir='ltr'>σφόδρα</span> <span class='ocrx_word' id='word_1_287' title='bbox 1551 3450 1753 3521; x_wconf 87' lang='grc' dir='ltr'>κοῦφον</span> <span class='ocrx_word' id='word_1_288' title='bbox 1776 3446 1835 3524; x_wconf 83' lang='grc' dir='ltr'>ᾖ,</span> <span class='ocrx_word' id='word_1_289' title='bbox 1867 3452 2084 3506; x_wconf 84' lang='grc' dir='ltr'>πάντων</span> 
     </span>
    </p>
   </div>
   <div class='ocr_carea' id='block_1_37' title="bbox 408 3536 2084 3612">
    <p class='ocr_par' dir='ltr' id='par_1_37' title="bbox 408 3536 2084 3612">
     <span class='ocr_line' id='line_1_37' title="bbox 408 3536 2084 3612; baseline 0.003 -23"><span class='ocrx_word' id='word_1_290' title='bbox 408 3536 810 3608; x_wconf 86' lang='grc' dir='ltr'>ἀφορητότερον</span> <span class='ocrx_word' id='word_1_291' title='bbox 860 3536 1091 3606; x_wconf 84' lang='grc' dir='ltr'>γίνεται,</span> <span class='ocrx_word' id='word_1_292' title='bbox 1126 3539 1221 3592; x_wconf 82' lang='grc' dir='ltr'>καὶ</span> <span class='ocrx_word' id='word_1_293' title='bbox 1269 3538 1508 3610; x_wconf 82' lang='grc' dir='ltr'>ἀγχόνης</span> <span class='ocrx_word' id='word_1_294' title='bbox 1554 3538 1938 3612; x_wconf 88' lang='grc' dir='ltr'>χαλεπώτερον</span> <span class='ocrx_word' id='word_1_295' title='bbox 1983 3540 2084 3612; x_wconf 80' lang='grc' dir='ltr'>τὴν</span> 
     </span>
    </p>
   </div>
   <div class='ocr_carea' id='block_1_38' title="bbox 406 3624 2085 3699">
    <p class='ocr_par' dir='ltr' id='par_1_38' title="bbox 406 3624 2085 3699">
     <span class='ocr_line' id='line_1_38' title="bbox 406 3624 2085 3699; baseline 0.004 -23"><span class='ocrx_word' id='word_1_296' title='bbox 406 3624 687 3696; x_wconf 81' lang='grc' dir='ltr'>ἡμετέραν</span> <span class='ocrx_word' id='word_1_297' title='bbox 715 3624 1009 3695; x_wconf 86' lang='grc' dir='ltr'>ἀποπνίγει</span> <span class='ocrx_word' id='word_1_298' title='bbox 1050 3625 1252 3697; x_wconf 81' lang='grc' dir='ltr'>ψυχήν.</span> <span class='ocrx_word' id='word_1_299' title='bbox 1278 3626 1377 3680; x_wconf 88' lang='grc' dir='ltr'>Διά</span> <span class='ocrx_word' id='word_1_300' title='bbox 1410 3627 1570 3681; x_wconf 92' lang='grc' dir='ltr'>τοῦτο</span> <span class='ocrx_word' id='word_1_301' title='bbox 1608 3626 1784 3694; x_wconf 79' lang='grc' dir='ltr'>εἶπεν,</span> <span class='ocrx_word' id='word_1_302' title='bbox 1814 3630 1939 3699; x_wconf 82' lang='grc' dir='ltr'>Οὐχ</span> <span class='ocrx_word' id='word_1_303' title='bbox 1981 3629 2085 3683; x_wconf 85' lang='grc' dir='ltr'>ἵνα</span> 
     </span>
    </p>
   </div>
   <div class='ocr_carea' id='block_1_39' title="bbox 401 3711 2085 3783">
    <p class='ocr_par' dir='ltr' id='par_1_39' title="bbox 401 3711 2085 3783">
     <span class='ocr_line' id='line_1_39' title="bbox 401 3711 2085 3783; baseline 0.003 -17"><span class='ocrx_word' id='word_1_304' title='bbox 401 3711 638 3782; x_wconf 78' lang='grc' dir='ltr'>,ϐρόχον</span> <span class='ocrx_word' id='word_1_305' title='bbox 668 3711 812 3783; x_wconf 79' lang='grc' dir='ltr'>ὑμῖν</span> <span class='ocrx_word' id='word_1_306' title='bbox 850 3712 1140 3767; x_wconf 77' lang='grc' dir='ltr'>ἐπιϐάλω·</span> <span class='ocrx_word' id='word_1_307' title='bbox 1171 3713 1329 3767; x_wconf 86' lang='grc' dir='ltr'>τοῦτό</span> <span class='ocrx_word' id='word_1_308' title='bbox 1352 3717 1529 3769; x_wconf 85' lang='grc' dir='ltr'>ἐστιν·</span> <span class='ocrx_word' id='word_1_309' title='bbox 1567 3715 1819 3771; x_wconf 76' lang='grc' dir='ltr'>’Δπαντα</span> <span class='ocrx_word' id='word_1_310' title='bbox 1848 3716 1916 3770; x_wconf 80' lang='grc' dir='ltr'>τά</span> <span class='ocrx_word' id='word_1_311' title='bbox 1943 3715 2085 3771; x_wconf 85' lang='grc' dir='ltr'>καλὰ</span> 
     </span>
    </p>
   </div>
   <div class='ocr_carea' id='block_1_40' title="bbox 407 3796 2084 3875">
    <p class='ocr_par' dir='ltr' id='par_1_40' title="bbox 407 3796 2084 3875">
     <span class='ocr_line' id='line_1_40' title="bbox 407 3796 2084 3875; baseline 0.001 -19"><span class='ocrx_word' id='word_1_312' title='bbox 407 3800 505 3871; x_wconf 85' lang='grc' dir='ltr'>τῆς</span> <span class='ocrx_word' id='word_1_313' title='bbox 527 3800 826 3872; x_wconf 84' lang='grc' dir='ltr'>παρθενίας</span> <span class='ocrx_word' id='word_1_314' title='bbox 855 3796 1011 3856; x_wconf 79' lang='grc' dir='ltr'>εἶπον</span> <span class='ocrx_word' id='word_1_315' title='bbox 1039 3803 1136 3855; x_wconf 65' lang='grc' dir='ltr'>καλ⁵</span> <span class='ocrx_word' id='word_1_316' title='bbox 1161 3802 1446 3868; x_wconf 81' lang='grc' dir='ltr'>ἀπέδειξα,</span> <span class='ocrx_word' id='word_1_317' title='bbox 1464 3803 1562 3858; x_wconf 76' lang='grc' dir='ltr'>καὶ</span> <span class='ocrx_word' id='word_1_318' title='bbox 1581 3804 1720 3875; x_wconf 87' lang='grc' dir='ltr'>μετά</span> <span class='ocrx_word' id='word_1_319' title='bbox 1731 3806 1902 3859; x_wconf 89' lang='grc' dir='ltr'>ταῦτα</span> <span class='ocrx_word' id='word_1_320' title='bbox 1933 3806 2084 3875; x_wconf 85' lang='grc' dir='ltr'>ὅμως</span> 
     </span>
    </p>
   </div>
   <div class='ocr_carea' id='block_1_41' title="bbox 408 3888 2075 3965">
    <p class='ocr_par' dir='ltr' id='par_1_41' title="bbox 408 3888 2075 3965">
     <span class='ocr_line' id='line_1_41' title="bbox 408 3888 2075 3965; baseline 0.002 -23"><span class='ocrx_word' id='word_1_321' title='bbox 408 3888 624 3942; x_wconf 77' lang='grc' dir='ltr'>ἅπαντα</span> <span class='ocrx_word' id='word_1_322' title='bbox 663 3890 762 3961; x_wconf 81' lang='grc' dir='ltr'>τὴν</span> <span class='ocrx_word' id='word_1_323' title='bbox 818 3890 1030 3962; x_wconf 81' lang='grc' dir='ltr'>αἵρεσιν</span> <span class='ocrx_word' id='word_1_324' title='bbox 1074 3891 1202 3962; x_wconf 87' lang='grc' dir='ltr'>ὑμῖν</span> <span class='ocrx_word' id='word_1_325' title='bbox 1248 3893 1530 3963; x_wconf 78' lang='grc' dir='ltr'>ἐπιτρέπω</span> <span class='ocrx_word' id='word_1_326' title='bbox 1574 3892 1670 3945; x_wconf 89' lang='grc' dir='ltr'>τοῦ</span> <span class='ocrx_word' id='word_1_327' title='bbox 1717 3893 2075 3965; x_wconf 86' lang='grc' dir='ltr'>πράγματος,</span> 
     </span>
    </p>
   </div>
   <div class='ocr_carea' id='block_1_42' title="bbox 407 3975 2082 4052">
    <p class='ocr_par' dir='ltr' id='par_1_42' title="bbox 407 3975 2082 4052">
     <span class='ocr_line' id='line_1_42' title="bbox 407 3975 2082 4052; baseline 0.003 -24"><span class='ocrx_word' id='word_1_328' title='bbox 407 3975 529 4047; x_wconf 62' lang='grc' dir='ltr'>οὐχὶ¹</span> <span class='ocrx_word' id='word_1_329' title='bbox 556 3975 631 4048; x_wconf 81' lang='grc' dir='ltr'>μὴ</span> <span class='ocrx_word' id='word_1_330' title='bbox 671 3976 1030 4049; x_wconf 88' lang='grc' dir='ltr'>βουλομένους</span> <span class='ocrx_word' id='word_1_331' title='bbox 1076 3978 1222 4031; x_wconf 78' lang='grc' dir='ltr'>ἐλκω</span> <span class='ocrx_word' id='word_1_332' title='bbox 1249 3979 1386 4051; x_wconf 84' lang='grc' dir='ltr'>πρὸς</span> <span class='ocrx_word' id='word_1_333' title='bbox 1415 3978 1514 4050; x_wconf 80' lang='grc' dir='ltr'>τὴν</span> <span class='ocrx_word' id='word_1_334' title='bbox 1540 3981 1762 4051; x_wconf 88' lang='grc' dir='ltr'>ἀρετήν.</span> <span class='ocrx_word' id='word_1_335' title='bbox 1804 3980 1939 4033; x_wconf 79' lang='grc' dir='ltr'><strong>Οὐδὲ</strong></span> <span class='ocrx_word' id='word_1_336' title='bbox 1973 3980 2082 4052; x_wconf 81' lang='grc' dir='ltr'>γάρ</span> 
     </span>
    </p>
   </div>
   <div class='ocr_carea' id='block_1_43' title="bbox 408 4063 2078 4137">
    <p class='ocr_par' dir='ltr' id='par_1_43' title="bbox 408 4063 2078 4137">
     <span class='ocr_line' id='line_1_43' title="bbox 408 4063 2078 4137; baseline 0.002 -20"><span class='ocrx_word' id='word_1_337' title='bbox 408 4063 553 4135; x_wconf 82' lang='grc' dir='ltr'>ὑμᾶς</span> <span class='ocrx_word' id='word_1_338' title='bbox 574 4064 755 4135; x_wconf 63' lang='grc' dir='ltr'>θλῖψαι</span> <span class='ocrx_word' id='word_1_339' title='bbox 784 4063 1108 4137; x_wconf 83' lang='grc' dir='ltr'>βουλόμενος</span> <span class='ocrx_word' id='word_1_340' title='bbox 1140 4066 1315 4119; x_wconf 85' lang='grc' dir='ltr'>ταῦτα</span> <span class='ocrx_word' id='word_1_341' title='bbox 1350 4066 1768 4132; x_wconf 88' lang='grc' dir='ltr'>συνεϐούλευσα,</span> <span class='ocrx_word' id='word_1_342' title='bbox 1792 4068 1907 4121; x_wconf 89' lang='grc' dir='ltr'>ἀλλ’</span> <span class='ocrx_word' id='word_1_343' title='bbox 1935 4066 2078 4121; x_wconf 83' lang='grc' dir='ltr'>ὥστε</span> 
     </span>
    </p>
   </div>
   <div class='ocr_carea' id='block_1_44' title="bbox 410 4151 2083 4226">
    <p class='ocr_par' dir='ltr' id='par_1_44' title="bbox 410 4151 2083 4226">
     <span class='ocr_line' id='line_1_44' title="bbox 410 4151 2083 4226; baseline 0.002 -21"><span class='ocrx_word' id='word_1_344' title='bbox 410 4151 487 4225; x_wconf 81' lang='grc' dir='ltr'>μὴ</span> <span class='ocrx_word' id='word_1_345' title='bbox 507 4152 606 4224; x_wconf 84' lang='grc' dir='ltr'>τὴν</span> <span class='ocrx_word' id='word_1_346' title='bbox 649 4152 959 4226; x_wconf 81' lang='grc' dir='ltr'>εὐσχήμονα</span> <span class='ocrx_word' id='word_1_347' title='bbox 998 4154 1321 4225; x_wconf 87' lang='grc' dir='ltr'>προσεδρίαν</span> <span class='ocrx_word' id='word_1_348' title='bbox 1357 4154 1464 4208; x_wconf 74' lang='grc' dir='ltr'>ὑπὸ</span> <span class='ocrx_word' id='word_1_349' title='bbox 1490 4153 1600 4208; x_wconf 91' lang='grc' dir='ltr'>τῶν</span> <span class='ocrx_word' id='word_1_350' title='bbox 1626 4155 1893 4226; x_wconf 83' lang='grc' dir='ltr'>βιωτικῶν</span> <span class='ocrx_word' id='word_1_351' title='bbox 1924 4157 2083 4209; x_wconf 87' lang='grc' dir='ltr'>ἐκκο-</span> 
     </span>
    </p>
   </div>
   <div class='ocr_carea' id='block_1_45' title="bbox 407 4240 2081 4314">
    <p class='ocr_par' dir='ltr' id='par_1_45' title="bbox 407 4240 2081 4314">
     <span class='ocr_line' id='line_1_45' title="bbox 407 4240 2081 4314; baseline 0.002 -21"><span class='ocrx_word' id='word_1_352' title='bbox 407 4240 579 4311; x_wconf 86' lang='grc' dir='ltr'>πῆναι</span> <span class='ocrx_word' id='word_1_353' title='bbox 621 4241 983 4313; x_wconf 82' lang='grc' dir='ltr'>πραγμάτων.</span> <span class='ocrx_word' id='word_1_354' title='bbox 1034 4242 1106 4294; x_wconf 81' lang='grc' dir='ltr'>Σὺ</span> <span class='ocrx_word' id='word_1_355' title='bbox 1140 4242 1199 4295; x_wconf 90' lang='grc' dir='ltr'>δέ</span> <span class='ocrx_word' id='word_1_356' title='bbox 1234 4260 1323 4314; x_wconf 87' lang='grc' dir='ltr'>μοι</span> <span class='ocrx_word' id='word_1_357' title='bbox 1357 4242 1457 4297; x_wconf 87' lang='grc' dir='ltr'>θέα</span> <span class='ocrx_word' id='word_1_358' title='bbox 1494 4241 1776 4297; x_wconf 89' lang='grc' dir='ltr'>κάνταῦθα</span> <span class='ocrx_word' id='word_1_359' title='bbox 1812 4242 1906 4297; x_wconf 87' lang='grc' dir='ltr'>τοῦ</span> <span class='ocrx_word' id='word_1_360' title='bbox 1940 4244 2081 4299; x_wconf 88' lang='grc' dir='ltr'>Παύ-</span> 
     </span>
    </p>
   </div>
   <div class='ocr_carea' id='block_1_46' title="bbox 404 4326 2081 4404">
    <p class='ocr_par' dir='ltr' id='par_1_46' title="bbox 404 4326 2081 4404">
     <span class='ocr_line' id='line_1_46' title="bbox 404 4326 2081 4404; baseline 0.004 -25"><span class='ocrx_word' id='word_1_361' title='bbox 404 4326 500 4382; x_wconf 91' lang='grc' dir='ltr'>λου</span> <span class='ocrx_word' id='word_1_362' title='bbox 540 4328 639 4399; x_wconf 83' lang='grc' dir='ltr'>τῆν</span> <span class='ocrx_word' id='word_1_363' title='bbox 671 4328 906 4395; x_wconf 88' lang='grc' dir='ltr'>σύνεσιν,</span> <span class='ocrx_word' id='word_1_364' title='bbox 941 4329 1059 4393; x_wconf 87' lang='grc' dir='ltr'>πῶς</span> <span class='ocrx_word' id='word_1_365' title='bbox 1101 4333 1224 4394; x_wconf 89' lang='grc' dir='ltr'>ταῖς</span> <span class='ocrx_word' id='word_1_366' title='bbox 1257 4332 1624 4403; x_wconf 88' lang='grc' dir='ltr'>παραιτήσεσι</span> <span class='ocrx_word' id='word_1_367' title='bbox 1670 4330 1835 4385; x_wconf 86' lang='grc' dir='ltr'>πάλιν</span> <span class='ocrx_word' id='word_1_368' title='bbox 1880 4333 2081 4404; x_wconf 84' lang='grc' dir='ltr'>παραί-</span> 
     </span>
    </p>
   </div>
   <div class='ocr_carea' id='block_1_47' title="bbox 406 4413 2077 4485">
    <p class='ocr_par' dir='ltr' id='par_1_47' title="bbox 406 4413 2077 4485">
     <span class='ocr_line' id='line_1_47' title="bbox 406 4413 2077 4485; baseline 0.004 -24"><span class='ocrx_word' id='word_1_369' title='bbox 406 4425 554 4462; x_wconf 88' lang='grc' dir='ltr'>νεσιν</span> <span class='ocrx_word' id='word_1_370' title='bbox 600 4413 957 4482; x_wconf 86' lang='grc' dir='ltr'>ἐπεισήγαγε,</span> <span class='ocrx_word' id='word_1_371' title='bbox 993 4414 1087 4467; x_wconf 79' lang='grc' dir='ltr'>καὶ</span> <span class='ocrx_word' id='word_1_372' title='bbox 1134 4413 1223 4466; x_wconf 82' lang='grc' dir='ltr'>διὰ</span> <span class='ocrx_word' id='word_1_373' title='bbox 1266 4414 1366 4485; x_wconf 86' lang='grc' dir='ltr'>τῆς</span> <span class='ocrx_word' id='word_1_374' title='bbox 1400 4415 1799 4484; x_wconf 85' lang='grc' dir='ltr'>συγχωρήσεως</span> <span class='ocrx_word' id='word_1_375' title='bbox 1837 4414 2077 4485; x_wconf 86' lang='grc' dir='ltr'>συμϐου-</span> 
     </span>
    </p>
   </div>
   <div class='ocr_carea' id='block_1_48' title="bbox 405 4489 2077 4566">
    <p class='ocr_par' dir='ltr' id='par_1_48' title="bbox 405 4489 2077 4566">
     <span class='ocr_line' id='line_1_48' title="bbox 405 4489 2077 4566; baseline 0.003 -22"><span class='ocrx_word' id='word_1_376' title='bbox 405 4489 525 4562; x_wconf 86' lang='grc' dir='ltr'>λήν.</span> <span class='ocrx_word' id='word_1_377' title='bbox 555 4491 647 4561; x_wconf 82' lang='grc' dir='ltr'>Τῷ</span> <span class='ocrx_word' id='word_1_378' title='bbox 680 4493 791 4563; x_wconf 81' lang='grc' dir='ltr'>γάρ</span> <span class='ocrx_word' id='word_1_379' title='bbox 834 4498 1028 4560; x_wconf 89' lang='grc' dir='ltr'>εἰπεῖν,</span> <span class='ocrx_word' id='word_1_380' title='bbox 1056 4499 1179 4550; x_wconf 80' lang='grc' dir='ltr'>Οὐκ</span> <span class='ocrx_word' id='word_1_381' title='bbox 1214 4495 1541 4566; x_wconf 79' lang='grc' dir='ltr'>ἀναγκάζω,</span> <span class='ocrx_word' id='word_1_382' title='bbox 1581 4496 1744 4551; x_wconf 75' lang='grc' dir='ltr'>ἀλλὰ</span> <span class='ocrx_word' id='word_1_383' title='bbox 1784 4496 2077 4565; x_wconf 77' lang='grc' dir='ltr'>παραινῶ,</span> 
     </span>
    </p>
   </div>
   <div class='ocr_carea' id='block_1_49' title="bbox 407 4574 2077 4649">
    <p class='ocr_par' dir='ltr' id='par_1_49' title="bbox 407 4574 2077 4649">
     <span class='ocr_line' id='line_1_49' title="bbox 407 4574 2077 4649; baseline 0.005 -23"><span class='ocrx_word' id='word_1_384' title='bbox 407 4574 503 4627; x_wconf 78' lang='grc' dir='ltr'>καὶ</span> <span class='ocrx_word' id='word_1_385' title='bbox 532 4575 882 4644; x_wconf 88' lang='grc' dir='ltr'>προσθεῖναι,</span> <span class='ocrx_word' id='word_1_386' title='bbox 918 4577 1008 4630; x_wconf 78' lang='grc' dir='ltr'>διὰ</span> <span class='ocrx_word' id='word_1_387' title='bbox 1055 4579 1124 4632; x_wconf 84' lang='grc' dir='ltr'>Τὸ</span> <span class='ocrx_word' id='word_1_388' title='bbox 1169 4579 1486 4649; x_wconf 79' lang='grc' dir='ltr'>εὔσχημον</span> <span class='ocrx_word' id='word_1_389' title='bbox 1514 4579 1612 4633; x_wconf 79' lang='grc' dir='ltr'>καὶ</span> <span class='ocrx_word' id='word_1_390' title='bbox 1646 4580 2077 4649; x_wconf 80' lang='grc' dir='ltr'>εὐπρόσεδρον,</span> 
     </span>
    </p>
   </div>
   <div class='ocr_carea' id='block_1_50' title="bbox 406 4655 2080 4734">
    <p class='ocr_par' dir='ltr' id='par_1_50' title="bbox 406 4655 2080 4734">
     <span class='ocr_line' id='line_1_50' title="bbox 406 4655 2080 4734; baseline 0.006 -26"><span class='ocrx_word' id='word_1_391' title='bbox 406 4655 573 4721; x_wconf 74' lang='grc' dir='ltr'>ἔδειξε</span> <span class='ocrx_word' id='word_1_392' title='bbox 599 4656 702 4727; x_wconf 88' lang='grc' dir='ltr'>τῆς</span> <span class='ocrx_word' id='word_1_393' title='bbox 738 4658 1036 4728; x_wconf 87' lang='grc' dir='ltr'>παρθενίας</span> <span class='ocrx_word' id='word_1_394' title='bbox 1061 4661 1122 4714; x_wconf 89' lang='lat'>16</span> <span class='ocrx_word' id='word_1_395' title='bbox 1154 4661 1485 4732; x_wconf 78' lang='grc' dir='ltr'>θαυμαστὸν,</span> <span class='ocrx_word' id='word_1_396' title='bbox 1517 4663 1610 4716; x_wconf 77' lang='grc' dir='ltr'>καὶ</span> <span class='ocrx_word' id='word_1_397' title='bbox 1636 4663 1698 4716; x_wconf 88' lang='lat'>16</span> <span class='ocrx_word' id='word_1_398' title='bbox 1723 4662 1913 4734; x_wconf 86' lang='grc' dir='ltr'>κέρδος</span> <span class='ocrx_word' id='word_1_399' title='bbox 1955 4665 2080 4719; x_wconf 80' lang='grc' dir='ltr'>ὅσον</span> 
     </span>
    </p>
   </div>
   <div class='ocr_carea' id='block_1_51' title="bbox 406 4737 2076 4817">
    <p class='ocr_par' dir='ltr' id='par_1_51' title="bbox 406 4737 2076 4817">
     <span class='ocr_line' id='line_1_51' title="bbox 406 4737 2076 4817; baseline 0.008 -27"><span class='ocrx_word' id='word_1_400' title='bbox 406 4738 539 4808; x_wconf 74' lang='grc' dir='ltr'>ἡμῖν</span> <span class='ocrx_word' id='word_1_401' title='bbox 576 4737 636 4817; x_wconf 83' lang='grc' dir='ltr'>ἐν</span> <span class='ocrx_word' id='word_1_402' title='bbox 664 4742 729 4811; x_wconf 79' lang='grc' dir='ltr'>τῇ</span> <span class='ocrx_word' id='word_1_403' title='bbox 769 4740 911 4796; x_wconf 86' lang='grc' dir='ltr'>κατά</span> <span class='ocrx_word' id='word_1_404' title='bbox 953 4741 1086 4796; x_wconf 76' lang='grc' dir='ltr'>Θεὸν</span> <span class='ocrx_word' id='word_1_405' title='bbox 1122 4743 1217 4797; x_wconf 89' lang='grc' dir='ltr'>ἀπ’</span> <span class='ocrx_word' id='word_1_406' title='bbox 1245 4744 1419 4814; x_wconf 80' lang='grc' dir='ltr'>αὐτῆς</span> <span class='ocrx_word' id='word_1_407' title='bbox 1449 4745 1660 4814; x_wconf 90' lang='grc' dir='ltr'>γίνεται</span> <span class='ocrx_word' id='word_1_408' title='bbox 1701 4746 1966 4817; x_wconf 83' lang='grc' dir='ltr'>πολιτείᾳ.</span> <span class='ocrx_word' id='word_1_409' title='bbox 2000 4750 2076 4802; x_wconf 86' lang='grc' dir='ltr'>Οὐ</span> 
     </span>
    </p>
   </div>
   <div class='ocr_carea' id='block_1_52' title="bbox 406 4816 2079 4897">
    <p class='ocr_par' dir='ltr' id='par_1_52' title="bbox 406 4816 2079 4897">
     <span class='ocr_line' id='line_1_52' title="bbox 406 4816 2079 4897; baseline 0.007 -28"><span class='ocrx_word' id='word_1_410' title='bbox 406 4817 518 4887; x_wconf 85' lang='grc' dir='ltr'>γάρ</span> <span class='ocrx_word' id='word_1_411' title='bbox 555 4816 636 4872; x_wconf 80' lang='grc' dir='ltr'>ἐνι</span> <span class='ocrx_word' id='word_1_412' title='bbox 672 4822 772 4893; x_wconf 82' lang='grc' dir='ltr'>τὴν</span> <span class='ocrx_word' id='word_1_413' title='bbox 818 4821 1098 4892; x_wconf 85' lang='grc' dir='ltr'>βιωτικαῖς</span> <span class='ocrx_word' id='word_1_414' title='bbox 1148 4825 1608 4897; x_wconf 84' lang='grc' dir='ltr'>ἐμπεπλεγμένην</span> <span class='ocrx_word' id='word_1_415' title='bbox 1656 4816 1935 4896; x_wconf 78' lang='grc' dir='ltr'>φροντίσι,</span> <span class='ocrx_word' id='word_1_416' title='bbox 1982 4828 2079 4881; x_wconf 80' lang='grc' dir='ltr'>καὶ</span> 
     </span>
    </p>
   </div>
   <div class='ocr_carea' id='block_1_53' title="bbox 407 4900 2079 4980">
    <p class='ocr_par' dir='ltr' id='par_1_53' title="bbox 407 4900 2079 4980">
     <span class='ocr_line' id='line_1_53' title="bbox 407 4900 2079 4980; baseline 0.006 -29"><span class='ocrx_word' id='word_1_417' title='bbox 407 4900 686 4971; x_wconf 87' lang='grc' dir='ltr'>πανταχοῦ</span> <span class='ocrx_word' id='word_1_418' title='bbox 767 4904 1193 4977; x_wconf 82' lang='grc' dir='ltr'>περιελκομένην</span> <span class='ocrx_word' id='word_1_419' title='bbox 1256 4905 1616 4978; x_wconf 84' lang='grc' dir='ltr'>εύπρόσεδρον</span> <span class='ocrx_word' id='word_1_420' title='bbox 1660 4906 1689 4946; x_wconf 75' lang='grc' dir='ltr'>ιι</span> <span class='ocrx_word' id='word_1_421' title='bbox 1745 4902 1920 4972; x_wconf 70' lang='grc' dir='ltr'>εἶναι,</span> <span class='ocrx_word' id='word_1_422' title='bbox 1979 4909 2079 4980; x_wconf 85' lang='grc' dir='ltr'>τῆς</span> 
     </span>
    </p>
   </div>
   <div class='ocr_carea' id='block_1_54' title="bbox 409 4981 2078 5058">
    <p class='ocr_par' dir='ltr' id='par_1_54' title="bbox 409 4981 2078 5058">
     <span class='ocr_line' id='line_1_54' title="bbox 409 4981 2078 5058; baseline 0.005 -26"><span class='ocrx_word' id='word_1_423' title='bbox 409 4981 647 5051; x_wconf 82' lang='grc' dir='ltr'>σπουδῆς</span> <span class='ocrx_word' id='word_1_424' title='bbox 672 4982 766 5036; x_wconf 79' lang='grc' dir='ltr'>καὶ</span> <span class='ocrx_word' id='word_1_425' title='bbox 798 4984 992 5055; x_wconf 87' lang='grc' dir='ltr'>σχολῆς</span> <span class='ocrx_word' id='word_1_426' title='bbox 1020 4986 1238 5057; x_wconf 87' lang='grc' dir='ltr'>ἀπάσης</span> <span class='ocrx_word' id='word_1_427' title='bbox 1264 4988 1345 5049; x_wconf 87' lang='grc' dir='ltr'>εἰς</span> <span class='ocrx_word' id='word_1_428' title='bbox 1371 4985 1542 5040; x_wconf 82' lang='grc' dir='ltr'>πολλά</span> <span class='ocrx_word' id='word_1_429' title='bbox 1576 4984 1965 5058; x_wconf 77' lang='grc' dir='ltr'>μεριζομένης,</span> <span class='ocrx_word' id='word_1_430' title='bbox 1996 4990 2078 5053; x_wconf 89' lang='grc' dir='ltr'>εἰς</span> 
     </span>
    </p>
   </div>
   <div class='ocr_carea' id='block_1_55' title="bbox 406 5058 2078 5136">
    <p class='ocr_par' dir='ltr' id='par_1_55' title="bbox 406 5058 2078 5136">
     <span class='ocr_line' id='line_1_55' title="bbox 406 5058 2078 5136; baseline 0.005 -22"><span class='ocrx_word' id='word_1_431' title='bbox 406 5058 577 5131; x_wconf 81' lang='grc' dir='ltr'>ἄνδρα</span> <span class='ocrx_word' id='word_1_432' title='bbox 624 5061 789 5131; x_wconf 88' lang='grc' dir='ltr'>λέγω,</span> <span class='ocrx_word' id='word_1_433' title='bbox 837 5064 933 5117; x_wconf 73' lang='grc' dir='ltr'>καὶ</span> <span class='ocrx_word' id='word_1_434' title='bbox 982 5065 1160 5130; x_wconf 86' lang='grc' dir='ltr'>οἰκίας</span> <span class='ocrx_word' id='word_1_435' title='bbox 1206 5065 1544 5136; x_wconf 83' lang='grc' dir='ltr'>ἐπιμέλειαν,</span> <span class='ocrx_word' id='word_1_436' title='bbox 1597 5068 1691 5119; x_wconf 73' lang='grc' dir='ltr'>καὶ</span> <span class='ocrx_word' id='word_1_437' title='bbox 1737 5068 1846 5121; x_wconf 87' lang='grc' dir='ltr'>τῶν</span> <span class='ocrx_word' id='word_1_438' title='bbox 1901 5068 2078 5123; x_wconf 79' lang='grc' dir='ltr'>ἄλλων</span> 
     </span>
    </p>
   </div>
   <div class='ocr_carea' id='block_1_56' title="bbox 408 5137 1722 5218">
    <p class='ocr_par' dir='ltr' id='par_1_56' title="bbox 408 5137 1722 5218">
     <span class='ocr_line' id='line_1_56' title="bbox 408 5137 1722 5218; baseline 0.005 -25"><span class='ocrx_word' id='word_1_439' title='bbox 408 5137 686 5207; x_wconf 85' lang='grc' dir='ltr'>ἁπάντων,</span> <span class='ocrx_word' id='word_1_440' title='bbox 714 5141 856 5215; x_wconf 82' lang='grc' dir='ltr'>ἀπερ</span> <span class='ocrx_word' id='word_1_441' title='bbox 888 5144 917 5196; x_wconf 88' lang='grc' dir='ltr'>ὁ</span> <span class='ocrx_word' id='word_1_442' title='bbox 949 5145 1127 5216; x_wconf 84' lang='grc' dir='ltr'>γάμος</span> <span class='ocrx_word' id='word_1_443' title='bbox 1155 5146 1515 5218; x_wconf 81' lang='grc' dir='ltr'>ἐπισύρεσθαι</span> <span class='ocrx_word' id='word_1_444' title='bbox 1544 5146 1722 5200; x_wconf 76' lang='grc' dir='ltr'>εἴωθε.</span> 
     </span>
    </p>
   </div>
   <div class='ocr_carea' id='block_1_57' title="bbox 477 5218 2078 5305">
    <p class='ocr_par' dir='ltr' id='par_1_57' title="bbox 477 5218 2078 5305">
     <span class='ocr_line' id='line_1_57' title="bbox 477 5218 2078 5305; baseline 0.007 -32"><span class='ocrx_word' id='word_1_445' title='bbox 477 5220 596 5305; x_wconf 72' lang='grc' dir='ltr'>ρΖ’.</span> <span class='ocrx_word' id='word_1_446' title='bbox 616 5221 681 5274; x_wconf 93' lang='grc' dir='ltr'>Τί</span> <span class='ocrx_word' id='word_1_447' title='bbox 710 5218 822 5305; x_wconf 85' lang='grc' dir='ltr'>οὖν.</span> <span class='ocrx_word' id='word_1_448' title='bbox 839 5226 1026 5295; x_wconf 68' lang='grc' dir='ltr'>φησιν,</span> <span class='ocrx_word' id='word_1_449' title='bbox 1040 5227 1169 5281; x_wconf 75' lang='grc' dir='ltr'>ὅταν</span> <span class='ocrx_word' id='word_1_450' title='bbox 1190 5229 1285 5281; x_wconf 77' lang='grc' dir='ltr'>καὶ</span> <span class='ocrx_word' id='word_1_451' title='bbox 1299 5232 1331 5298; x_wconf 83' lang='grc' dir='ltr'>ή</span> <span class='ocrx_word' id='word_1_452' title='bbox 1356 5228 1621 5305; x_wconf 83' lang='grc' dir='ltr'>παρθένος</span> <span class='ocrx_word' id='word_1_453' title='bbox 1635 5227 1803 5281; x_wconf 87' lang='grc' dir='ltr'>πολλά</span> <span class='ocrx_word' id='word_1_454' title='bbox 1819 5245 2078 5299; x_wconf 89' lang='grc' dir='ltr'>πραγμα-</span> 
     </span>
    </p>
   </div>
   <div class='ocr_carea' id='block_1_58' title="bbox 404 5296 2078 5379">
    <p class='ocr_par' dir='ltr' id='par_1_58' title="bbox 404 5296 2078 5379">
     <span class='ocr_line' id='line_1_58' title="bbox 404 5296 2078 5379; baseline 0.008 -29"><span class='ocrx_word' id='word_1_455' title='bbox 404 5296 667 5379; x_wconf 81' lang='grc' dir='ltr'>τεύηται,</span> <span class='ocrx_word' id='word_1_456' title='bbox 719 5303 810 5357; x_wconf 82' lang='grc' dir='ltr'>καὶ</span> <span class='ocrx_word' id='word_1_457' title='bbox 864 5306 1135 5377; x_wconf 88' lang='grc' dir='ltr'>μερίμνας</span> <span class='ocrx_word' id='word_1_458' title='bbox 1179 5308 1278 5379; x_wconf 79' lang='grc' dir='ltr'>ἔχῃ</span> <span class='ocrx_word' id='word_1_459' title='bbox 1319 5296 1625 5378; x_wconf 75' lang='grc' dir='ltr'>βιωτικάς;</span> <span class='ocrx_word' id='word_1_460' title='bbox 1672 5296 1920 5375; x_wconf 67' lang='grc' dir='ltr'>Ἄπαγε,</span> <span class='ocrx_word' id='word_1_461' title='bbox 1950 5296 2078 5374; x_wconf 67' lang='grc' dir='ltr'>ἐξω</span> 
     </span>
    </p>
   </div>
   <div class='ocr_carea' id='block_1_59' title="bbox 404 5376 2081 5460">
    <p class='ocr_par' dir='ltr' id='par_1_59' title="bbox 404 5376 2081 5460">
     <span class='ocr_line' id='line_1_59' title="bbox 404 5376 2081 5460; baseline 0.008 -31"><span class='ocrx_word' id='word_1_462' title='bbox 404 5376 611 5460; x_wconf 82' lang='grc' dir='ltr'>ταύτην</span> <span class='ocrx_word' id='word_1_463' title='bbox 636 5380 871 5450; x_wconf 79' lang='grc' dir='ltr'>ἑλκύσας</span> <span class='ocrx_word' id='word_1_464' title='bbox 901 5376 1005 5440; x_wconf 88' lang='grc' dir='ltr'>τοῦ</span> <span class='ocrx_word' id='word_1_465' title='bbox 1021 5388 1130 5442; x_wconf 85' lang='grc' dir='ltr'>τῶν</span> <span class='ocrx_word' id='word_1_466' title='bbox 1156 5376 1444 5459; x_wconf 79' lang='grc' dir='ltr'>παρθένων</span> <span class='ocrx_word' id='word_1_467' title='bbox 1473 5388 1635 5460; x_wconf 90' lang='grc' dir='ltr'>χοροῦ</span> <span class='ocrx_word' id='word_1_468' title='bbox 1656 5404 1670 5418; x_wconf 92' lang='grc'><strong>·</strong></span> <span class='ocrx_word' id='word_1_469' title='bbox 1699 5389 1761 5442; x_wconf 84' lang='grc' dir='ltr'>οὐ</span> <span class='ocrx_word' id='word_1_470' title='bbox 1786 5389 1895 5460; x_wconf 80' lang='grc' dir='ltr'>γάρ</span> <span class='ocrx_word' id='word_1_471' title='bbox 1917 5389 2081 5460; x_wconf 91' lang='grc' dir='ltr'>ἀρκεῖ</span> 
     </span>
    </p>
   </div>
   <div class='ocr_carea' id='block_1_60' title="bbox 410 5458 2078 5543">
    <p class='ocr_par' dir='ltr' id='par_1_60' title="bbox 410 5458 2078 5543">
     <span class='ocr_line' id='line_1_60' title="bbox 410 5458 2078 5543; baseline 0.01 -33"><span class='ocrx_word' id='word_1_472' title='bbox 410 5458 473 5543; x_wconf 71' lang='grc' dir='ltr'>τὸ</span> <span class='ocrx_word' id='word_1_473' title='bbox 502 5458 922 5543; x_wconf 37' lang='grc' dir='ltr'>μὴῌγαμηθῆναι</span> <span class='ocrx_word' id='word_1_474' title='bbox 952 5469 1178 5540; x_wconf 89' lang='grc' dir='ltr'>ποιῆσαι</span> <span class='ocrx_word' id='word_1_475' title='bbox 1223 5458 1513 5539; x_wconf 82' lang='grc' dir='ltr'>παρθένον,</span> <span class='ocrx_word' id='word_1_476' title='bbox 1543 5458 1678 5524; x_wconf 83' lang='grc' dir='ltr'>ἀλλά</span> <span class='ocrx_word' id='word_1_477' title='bbox 1718 5471 1799 5525; x_wconf 92' lang='grc' dir='ltr'>δεῖ</span> <span class='ocrx_word' id='word_1_478' title='bbox 1838 5458 1932 5526; x_wconf 78' lang='grc' dir='ltr'>καὶ</span> <span class='ocrx_word' id='word_1_479' title='bbox 1959 5458 2078 5543; x_wconf 60' lang='grc' dir='ltr'>τῆς</span> 
     </span>
    </p>
   </div>
   <div class='ocr_carea' id='block_1_61' title="bbox 406 5538 2077 5625">
    <p class='ocr_par' dir='ltr' id='par_1_61' title="bbox 406 5538 2077 5625">
     <span class='ocr_line' id='line_1_61' title="bbox 406 5538 2077 5625; baseline 0.009 -34"><span class='ocrx_word' id='word_1_480' title='bbox 406 5538 643 5625; x_wconf 69' lang='grc' dir='ltr'>ψυχικῆς</span> <span class='ocrx_word' id='word_1_481' title='bbox 671 5541 924 5625; x_wconf 74' lang='grc' dir='ltr'>ἀγνείαςο</span> <span class='ocrx_word' id='word_1_482' title='bbox 956 5538 1180 5617; x_wconf 83' lang='grc' dir='ltr'>ἁγνείαν</span> <span class='ocrx_word' id='word_1_483' title='bbox 1214 5548 1273 5603; x_wconf 85' lang='grc' dir='ltr'>δέ</span> <span class='ocrx_word' id='word_1_484' title='bbox 1309 5538 1459 5620; x_wconf 84' lang='grc' dir='ltr'>λέγω</span> <span class='ocrx_word' id='word_1_485' title='bbox 1497 5551 1557 5604; x_wconf 86' lang='grc' dir='ltr'>ού</span> <span class='ocrx_word' id='word_1_486' title='bbox 1599 5552 1660 5604; x_wconf 90' lang='lat'>16</span> <span class='ocrx_word' id='word_1_487' title='bbox 1696 5555 1938 5625; x_wconf 71' lang='grc' dir='ltr'>πονηρᾶς</span> <span class='ocrx_word' id='word_1_488' title='bbox 1987 5538 2077 5608; x_wconf 79' lang='grc' dir='ltr'>καὶ</span> 
     </span>
    </p>
   </div>
   <div class='ocr_carea' id='block_1_62' title="bbox 404 5617 2074 5705">
    <p class='ocr_par' dir='ltr' id='par_1_62' title="bbox 404 5617 2074 5705">
     <span class='ocr_line' id='line_1_62' title="bbox 404 5617 2074 5705; baseline 0.011 -36"><span class='ocrx_word' id='word_1_489' title='bbox 404 5617 639 5691; x_wconf 68' lang='grc' dir='ltr'>αἰσχρᾶς</span> <span class='ocrx_word' id='word_1_490' title='bbox 665 5622 957 5695; x_wconf 74' lang='grc' dir='ltr'>ἐπιθυμίας</span> <span class='ocrx_word' id='word_1_491' title='bbox 992 5629 1336 5701; x_wconf 82' lang='grc' dir='ltr'>ἀπηλλάχθαι</span> <span class='ocrx_word' id='word_1_492' title='bbox 1374 5617 1534 5701; x_wconf 85' lang='grc' dir='ltr'>μόνον</span> <span class='ocrx_word' id='word_1_493' title='bbox 1558 5632 1651 5685; x_wconf 76' lang='grc' dir='ltr'>καὶ</span> <span class='ocrx_word' id='word_1_494' title='bbox 1684 5617 2074 5705; x_wconf 69' lang='grc' dir='ltr'>καλλωπισμά-</span> 
     </span>
    </p>
   </div>
   <div class='ocr_carea' id='block_1_63' title="bbox 466 5706 1377 5783">
    <p class='ocr_par' dir='ltr' id='par_1_63' title="bbox 466 5706 1377 5783">
     <span class='ocr_line' id='line_1_63' title="bbox 466 5706 1377 5783; baseline 0.014 -27"><span class='ocrx_word' id='word_1_495' title='bbox 466 5706 497 5783; x_wconf 58' lang='grc' dir='ltr'><em>ξ</em></span> <span class='ocrx_word' id='word_1_496' title='bbox 517 5707 640 5783; x_wconf 52' lang='grc' dir='ltr'>μσς.</span> <span class='ocrx_word' id='word_1_497' title='bbox 667 5710 910 5783; x_wconf 28' lang='grc' dir='ltr'>μόνωᾼτῇς</span> <span class='ocrx_word' id='word_1_498' title='bbox 929 5717 1075 5777; x_wconf 68' lang='grc' dir='ltr'>αὐτῆς</span> <span class='ocrx_word' id='word_1_499' title='bbox 1099 5717 1377 5783; x_wconf 79' lang='grc' dir='ltr'>οἰκονομεῖν.</span> 
     </span>
    </p>
   </div>
   <div class='ocr_carea' id='block_1_64' title="bbox 360 5767 947 5836">
    <p class='ocr_par' dir='ltr' id='par_1_64' title="bbox 360 5767 947 5836">
     <span class='ocr_line' id='line_1_64' title="bbox 360 5767 947 5836; baseline 0.014 -16"><span class='ocrx_word' id='word_1_500' title='bbox 360 5789 373 5803; x_wconf 68' lang='grc' dir='ltr'><em>ί</em></span> <span class='ocrx_word' id='word_1_501' title='bbox 667 5767 947 5836; x_wconf 68' lang='grc' dir='ltr'>γαμηθεῖσα.</span> 
     </span>
    </p>
   </div>
   <div class='ocr_carea' id='block_1_65' title="bbox 463 5833 1000 5903">
    <p class='ocr_par' dir='ltr' id='par_1_65' title="bbox 463 5833 1000 5903">
     <span class='ocr_line' id='line_1_65' title="bbox 463 5833 1000 5903; baseline 0 0"><span class='ocrx_word' id='word_1_502' title='bbox 463 5833 639 5903; x_wconf 58' lang='grc' dir='ltr'>τιιες-</span> <span class='ocrx_word' id='word_1_503' title='bbox 668 5833 1000 5903; x_wconf 68' lang='grc' dir='ltr'>ἐνδειξάμενος-</span> 
     </span>
    </p>
   </div>
   <div class='ocr_carea' id='block_1_66' title="bbox 423 5892 2057 6006">
    <p class='ocr_par' dir='ltr' id='par_1_66' title="bbox 423 5892 2057 6006">
     <span class='ocr_line' id='line_1_66' title="bbox 423 5892 2057 6006; baseline 0.014 -63"><span class='ocrx_word' id='word_1_504' title='bbox 423 5892 484 6006; x_wconf 56' lang='lat' dir='ltr'>ad</span> <span class='ocrx_word' id='word_1_505' title='bbox 512 5892 631 5961; x_wconf 66' lang='grc' dir='ltr'>Ηυξ.</span> <span class='ocrx_word' id='word_1_506' title='bbox 655 5892 885 5972; x_wconf 73' lang='grc' dir='ltr'>πολιτείᾷ,</span> <span class='ocrx_word' id='word_1_507' title='bbox 909 5892 1231 5961; x_wconf 53' lang='grc' dir='ltr'>ούπανταγοῖι</span> <span class='ocrx_word' id='word_1_508' title='bbox 1257 5904 1618 5967; x_wconf 78' lang='grc' dir='ltr'>περιελκομένης</span> <span class='ocrx_word' id='word_1_509' title='bbox 1662 5904 1737 5953; x_wconf 70' lang='grc' dir='ltr'>διὰ</span> <span class='ocrx_word' id='word_1_510' title='bbox 1772 5907 1824 5955; x_wconf 83' lang='grc' dir='ltr'>τὸ</span> <span class='ocrx_word' id='word_1_511' title='bbox 1863 5903 2057 5967; x_wconf 55' lang='grc' dir='ltr'>ε’)πράεν</span> 
     </span>
     <span class='ocr_line' id='line_1_67' title="bbox 452 5975 1261 6006; baseline 0 0"><span class='ocrx_word' id='word_1_512' title='bbox 452 5975 548 6006; x_wconf 70' lang='grc' dir='ltr'>Ωον.</span> <span class='ocrx_word' id='word_1_513' title='bbox 1258 5984 1261 5987; x_wconf 91' lang='grc'><strong><em>“</em></strong></span> 
     </span>
    </p>
   </div>
   <div class='ocr_carea' id='block_1_67' title="bbox 397 5975 1261 6023">
    <p class='ocr_par' dir='ltr' id='par_1_67' title="bbox 397 5975 1261 6023">
     <span class='ocr_line' id='line_1_68' title="bbox 397 5975 1261 6023; baseline 0.002 -15"><span class='ocrx_word' id='word_1_514' title='bbox 397 5975 548 6023; x_wconf 79' lang='grc' dir='ltr'>ιορον.</span> <span class='ocrx_word' id='word_1_515' title='bbox 1258 5984 1261 5987; x_wconf 94' lang='grc'><strong>·</strong></span> 
     </span>
    </p>
   </div>
   <div class='ocr_carea' id='block_1_68' title="bbox 1218 337 3050 403">
    <p class='ocr_par' dir='ltr' id='par_1_68' title="bbox 1218 337 3050 403">
     <span class='ocr_line' id='line_1_69' title="bbox 1218 337 3050 403; baseline 0.004 -7"><span class='ocrx_word' id='word_1_516' title='bbox 1218 341 1277 396; x_wconf 90' lang='lat' dir='ltr'>S.</span> <span class='ocrx_word' id='word_1_517' title='bbox 1311 338 1594 396; x_wconf 78' lang='lat' dir='ltr'>JOANNIS</span> <span class='ocrx_word' id='word_1_518' title='bbox 1630 337 2113 394; x_wconf 76' lang='lat' dir='ltr'>CIIRYSOSTOMI</span> <span class='ocrx_word' id='word_1_519' title='bbox 2149 339 2464 397; x_wconf 69' lang='grc' dir='ltr'>Αιισιιιιερ.</span> <span class='ocrx_word' id='word_1_520' title='bbox 2490 342 3050 403; x_wconf 68' lang='lat' dir='ltr'>.CONSTANTINOP.</span> 
     </span>
    </p>
   </div>
   <div class='ocr_carea' id='block_1_69' title="bbox 3749 347 3857 402">
    <p class='ocr_par' dir='ltr' id='par_1_69' title="bbox 3749 347 3857 402">
     <span class='ocr_line' id='line_1_70' title="bbox 3749 347 3857 402; baseline -0.028 0"><span class='ocrx_word' id='word_1_521' title='bbox 3749 347 3857 402; x_wconf 78' lang='lat'>591)</span> 
     </span>
    </p>
   </div>
   <div class='ocr_carea' id='block_1_70' title="bbox 2188 470 3852 548">
    <p class='ocr_par' dir='ltr' id='par_1_70' title="bbox 2188 470 3852 548">
     <span class='ocr_line' id='line_1_71' title="bbox 2188 470 3852 548; baseline 0.005 -27"><span class='ocrx_word' id='word_1_522' title='bbox 2188 486 2296 521; x_wconf 88' lang='grc' dir='ltr'>των</span> <span class='ocrx_word' id='word_1_523' title='bbox 2327 471 2419 523; x_wconf 80' lang='grc' dir='ltr'>καὶ</span> <span class='ocrx_word' id='word_1_524' title='bbox 2461 474 2804 546; x_wconf 86' lang='grc' dir='ltr'>περιεργίας.</span> <span class='ocrx_word' id='word_1_525' title='bbox 2834 475 2970 530; x_wconf 87' lang='grc' dir='ltr'>ἀλλά</span> <span class='ocrx_word' id='word_1_526' title='bbox 2998 474 3091 530; x_wconf 82' lang='grc' dir='ltr'>καὶ</span> <span class='ocrx_word' id='word_1_527' title='bbox 3122 476 3402 548; x_wconf 87' lang='grc' dir='ltr'>φροντίδος</span> <span class='ocrx_word' id='word_1_528' title='bbox 3436 470 3575 529; x_wconf 78' lang='grc' dir='ltr'>εἶναι</span> <span class='ocrx_word' id='word_1_529' title='bbox 3608 475 3852 547; x_wconf 71' lang='grc' dir='ltr'>καθαράν</span> 
     </span>
    </p>
   </div>
   <div class='ocr_carea' id='block_1_71' title="bbox 2190 550 3860 635">
    <p class='ocr_par' dir='ltr' id='par_1_71' title="bbox 2190 550 3860 635">
     <span class='ocr_line' id='line_1_72' title="bbox 2190 550 3860 635; baseline 0.005 -31"><span class='ocrx_word' id='word_1_530' title='bbox 2190 550 2485 624; x_wconf 85' lang='grc' dir='ltr'>βιωτικῆς·</span> <span class='ocrx_word' id='word_1_531' title='bbox 2521 555 2587 610; x_wconf 77' lang='grc' dir='ltr'>ἂν</span> <span class='ocrx_word' id='word_1_532' title='bbox 2625 557 2682 611; x_wconf 85' lang='grc' dir='ltr'>δὲ</span> <span class='ocrx_word' id='word_1_533' title='bbox 2728 557 2803 630; x_wconf 81' lang='grc' dir='ltr'>μὴ</span> <span class='ocrx_word' id='word_1_534' title='bbox 2843 558 3004 613; x_wconf 87' lang='grc' dir='ltr'>τοῦτο</span> <span class='ocrx_word' id='word_1_535' title='bbox 3043 556 3102 635; x_wconf 81' lang='grc' dir='ltr'>ᾗ,</span> <span class='ocrx_word' id='word_1_536' title='bbox 3127 562 3183 614; x_wconf 88' lang='grc' dir='ltr'>τί</span> <span class='ocrx_word' id='word_1_537' title='bbox 3208 560 3270 613; x_wconf 89' lang='lat'>16</span> <span class='ocrx_word' id='word_1_538' title='bbox 3305 558 3496 629; x_wconf 72' lang='grc' dir='ltr'>ὄφελος</span> <span class='ocrx_word' id='word_1_539' title='bbox 3538 558 3860 631; x_wconf 77' lang='grc' dir='ltr'>σωματικῆς</span> 
     </span>
    </p>
   </div>
   <div class='ocr_carea' id='block_1_72' title="bbox 2190 637 3859 717">
    <p class='ocr_par' dir='ltr' id='par_1_72' title="bbox 2190 637 3859 717">
     <span class='ocr_line' id='line_1_73' title="bbox 2190 637 3859 717; baseline 0.005 -27"><span class='ocrx_word' id='word_1_540' title='bbox 2190 637 2595 711; x_wconf 74' lang='grc' dir='ltr'>καθαρότητοςς</span> <span class='ocrx_word' id='word_1_541' title='bbox 2642 642 2854 715; x_wconf 84' lang='grc' dir='ltr'>’Ὠσπερ</span> <span class='ocrx_word' id='word_1_542' title='bbox 2897 644 3007 715; x_wconf 84' lang='grc' dir='ltr'>γὰρ</span> <span class='ocrx_word' id='word_1_543' title='bbox 3057 642 3388 717; x_wconf 87' lang='grc' dir='ltr'>στρατιώτου</span> <span class='ocrx_word' id='word_1_544' title='bbox 3435 644 3589 698; x_wconf 79' lang='grc' dir='ltr'>οὐδὲν</span> <span class='ocrx_word' id='word_1_545' title='bbox 3637 644 3859 714; x_wconf 79' lang='grc' dir='ltr'>αἰσχρό-</span> 
     </span>
    </p>
   </div>
   <div class='ocr_carea' id='block_1_73' title="bbox 2184 724 3861 800">
    <p class='ocr_par' dir='ltr' id='par_1_73' title="bbox 2184 724 3861 800">
     <span class='ocr_line' id='line_1_74' title="bbox 2184 724 3861 800; baseline 0.005 -28"><span class='ocrx_word' id='word_1_546' title='bbox 2184 739 2342 792; x_wconf 89' lang='grc' dir='ltr'>τερον</span> <span class='ocrx_word' id='word_1_547' title='bbox 2371 724 2566 793; x_wconf 83' lang='grc' dir='ltr'>γένοιτ’</span> <span class='ocrx_word' id='word_1_548' title='bbox 2594 725 2660 779; x_wconf 84' lang='grc' dir='ltr'>ἂν</span> <span class='ocrx_word' id='word_1_549' title='bbox 2692 728 2760 781; x_wconf 79' lang='grc' dir='ltr'>τὰ</span> <span class='ocrx_word' id='word_1_550' title='bbox 2785 727 2926 781; x_wconf 85' lang='grc' dir='ltr'>ὅπλα</span> <span class='ocrx_word' id='word_1_551' title='bbox 2954 727 3207 798; x_wconf 70' lang='grc' dir='ltr'>ῥίψαντος</span> <span class='ocrx_word' id='word_1_552' title='bbox 3239 727 3334 782; x_wconf 75' lang='grc' dir='ltr'>καὶ</span> <span class='ocrx_word' id='word_1_553' title='bbox 3373 728 3691 800; x_wconf 88' lang='grc' dir='ltr'>καπηλείοις</span> <span class='ocrx_word' id='word_1_554' title='bbox 3734 744 3861 799; x_wconf 89' lang='grc' dir='ltr'>σχο-</span> 
     </span>
    </p>
   </div>
   <div class='ocr_carea' id='block_1_74' title="bbox 2186 805 3864 883">
    <p class='ocr_par' dir='ltr' id='par_1_74' title="bbox 2186 805 3864 883">
     <span class='ocr_line' id='line_1_75' title="bbox 2186 805 3864 883; baseline 0.008 -27"><span class='ocrx_word' id='word_1_555' title='bbox 2186 805 2462 874; x_wconf 72' lang='grc' dir='ltr'>λάζοντος,</span> <span class='ocrx_word' id='word_1_556' title='bbox 2509 808 2683 875; x_wconf 70' lang='grc' dir='ltr'>οὕτως</span> <span class='ocrx_word' id='word_1_557' title='bbox 2724 811 2846 865; x_wconf 87' lang='grc' dir='ltr'>ούδέ</span> <span class='ocrx_word' id='word_1_558' title='bbox 2887 812 3173 880; x_wconf 84' lang='grc' dir='ltr'>παρθένων</span> <span class='ocrx_word' id='word_1_559' title='bbox 3214 812 3687 883; x_wconf 87' lang='grc' dir='ltr'>ἀσχημονέστερον</span> <span class='ocrx_word' id='word_1_560' title='bbox 3735 811 3864 882; x_wconf 86' lang='grc' dir='ltr'>βιω-</span> 
     </span>
    </p>
   </div>
   <div class='ocr_carea' id='block_1_75' title="bbox 2185 893 3861 966">
    <p class='ocr_par' dir='ltr' id='par_1_75' title="bbox 2185 893 3861 966">
     <span class='ocr_line' id='line_1_76' title="bbox 2185 893 3861 966; baseline 0.005 -24"><span class='ocrx_word' id='word_1_561' title='bbox 2185 894 2368 955; x_wconf 85' lang='grc' dir='ltr'>τικαῖς</span> <span class='ocrx_word' id='word_1_562' title='bbox 2396 893 2756 965; x_wconf 81' lang='grc' dir='ltr'>ἐνδεδεμένων</span> <span class='ocrx_word' id='word_1_563' title='bbox 2786 896 3053 966; x_wconf 86' lang='grc' dir='ltr'>φροντίσι.</span> <span class='ocrx_word' id='word_1_564' title='bbox 3086 896 3194 949; x_wconf 72' lang='grc' dir='ltr'>Καὶ</span> <span class='ocrx_word' id='word_1_565' title='bbox 3229 898 3339 966; x_wconf 82' lang='grc' dir='ltr'>γάρ</span> <span class='ocrx_word' id='word_1_566' title='bbox 3371 896 3427 949; x_wconf 86' lang='grc' dir='ltr'>αἰ</span> <span class='ocrx_word' id='word_1_567' title='bbox 3465 896 3628 949; x_wconf 84' lang='grc' dir='ltr'>πέντε</span> <span class='ocrx_word' id='word_1_568' title='bbox 3652 897 3861 950; x_wconf 87' lang='grc' dir='ltr'>ἐκεῖναι</span> 
     </span>
    </p>
   </div>
   <div class='ocr_carea' id='block_1_76' title="bbox 2186 973 3863 1049">
    <p class='ocr_par' dir='ltr' id='par_1_76' title="bbox 2186 973 3863 1049">
     <span class='ocr_line' id='line_1_77' title="bbox 2186 973 3863 1049; baseline 0.004 -23"><span class='ocrx_word' id='word_1_569' title='bbox 2186 976 2283 1027; x_wconf 75' lang='grc' dir='ltr'>καὶ</span> <span class='ocrx_word' id='word_1_570' title='bbox 2314 973 2602 1045; x_wconf 88' lang='grc' dir='ltr'>λαμπάδας</span> <span class='ocrx_word' id='word_1_571' title='bbox 2641 973 2786 1047; x_wconf 83' lang='grc' dir='ltr'>εἶχον</span> <span class='ocrx_word' id='word_1_572' title='bbox 2829 978 2921 1031; x_wconf 73' lang='grc' dir='ltr'>καὶ</span> <span class='ocrx_word' id='word_1_573' title='bbox 2972 977 3269 1049; x_wconf 88' lang='grc' dir='ltr'>παρθενίαν</span> <span class='ocrx_word' id='word_1_574' title='bbox 3311 977 3584 1049; x_wconf 76' lang='grc' dir='ltr'>ῆσκησαν,</span> <span class='ocrx_word' id='word_1_575' title='bbox 3624 977 3741 1031; x_wconf 84' lang='grc' dir='ltr'>ἀλλ’</span> <span class='ocrx_word' id='word_1_576' title='bbox 3771 979 3863 1032; x_wconf 81' lang='grc' dir='ltr'>ού-</span> 
     </span>
    </p>
   </div>
   <div class='ocr_carea' id='block_1_77' title="bbox 2185 1050 3861 1132">
    <p class='ocr_par' dir='ltr' id='par_1_77' title="bbox 2185 1050 3861 1132">
     <span class='ocr_line' id='line_1_78' title="bbox 2185 1050 3861 1132; baseline 0.003 -23"><span class='ocrx_word' id='word_1_577' title='bbox 2185 1055 2335 1120; x_wconf 84' lang='grc' dir='ltr'>δενὺς</span> <span class='ocrx_word' id='word_1_578' title='bbox 2365 1057 2572 1112; x_wconf 83' lang='grc' dir='ltr'>τούτων</span> <span class='ocrx_word' id='word_1_579' title='bbox 2613 1050 2919 1125; x_wconf 83' lang='grc' dir='ltr'>ἀπώναντο,</span> <span class='ocrx_word' id='word_1_580' title='bbox 2945 1060 3081 1115; x_wconf 82' lang='grc' dir='ltr'>ἀλλά</span> <span class='ocrx_word' id='word_1_581' title='bbox 3110 1059 3218 1114; x_wconf 83' lang='grc' dir='ltr'>τῶν</span> <span class='ocrx_word' id='word_1_582' title='bbox 3248 1059 3430 1132; x_wconf 87' lang='grc' dir='ltr'>θυρῶν</span> <span class='ocrx_word' id='word_1_583' title='bbox 3477 1059 3861 1115; x_wconf 78' lang='grc' dir='ltr'>ἀποκλεισθει-</span> 
     </span>
    </p>
   </div>
   <div class='ocr_carea' id='block_1_78' title="bbox 2190 1141 3859 1217">
    <p class='ocr_par' dir='ltr' id='par_1_78' title="bbox 2190 1141 3859 1217">
     <span class='ocr_line' id='line_1_79' title="bbox 2190 1141 3859 1217; baseline 0.003 -23"><span class='ocrx_word' id='word_1_584' title='bbox 2190 1141 2299 1195; x_wconf 89' lang='grc' dir='ltr'>σῶν</span> <span class='ocrx_word' id='word_1_585' title='bbox 2326 1143 2517 1213; x_wconf 77' lang='grc' dir='ltr'>ἔμενον</span> <span class='ocrx_word' id='word_1_586' title='bbox 2547 1144 2652 1209; x_wconf 80' lang='grc' dir='ltr'>ἔξω</span> <span class='ocrx_word' id='word_1_587' title='bbox 2688 1147 2783 1199; x_wconf 73' lang='grc' dir='ltr'>καί⁵</span> <span class='ocrx_word' id='word_1_588' title='bbox 2819 1144 3132 1199; x_wconf 80' lang='grc' dir='ltr'>ἀπώλλυντο</span> <span class='ocrx_word' id='word_1_589' title='bbox 3158 1156 3206 1199; x_wconf 77' lang='grc' dir='ltr'>ο.</span> <span class='ocrx_word' id='word_1_590' title='bbox 3238 1146 3349 1200; x_wconf 69' lang='grc' dir='ltr'>Καὶ</span> <span class='ocrx_word' id='word_1_591' title='bbox 3376 1144 3488 1217; x_wconf 76' lang='grc' dir='ltr'>γὰρ</span> <span class='ocrx_word' id='word_1_592' title='bbox 3521 1146 3555 1217; x_wconf 79' lang='grc' dir='ltr'>ἡ</span> <span class='ocrx_word' id='word_1_593' title='bbox 3585 1145 3859 1216; x_wconf 87' lang='grc' dir='ltr'>παρθενία</span> 
     </span>
    </p>
   </div>
   <div class='ocr_carea' id='block_1_79' title="bbox 2187 1225 3865 1299">
    <p class='ocr_par' dir='ltr' id='par_1_79' title="bbox 2187 1225 3865 1299">
     <span class='ocr_line' id='line_1_80' title="bbox 2187 1225 3865 1299; baseline 0.003 -22"><span class='ocrx_word' id='word_1_594' title='bbox 2187 1225 2275 1280; x_wconf 82' lang='grc' dir='ltr'>διά</span> <span class='ocrx_word' id='word_1_595' title='bbox 2299 1225 2456 1279; x_wconf 86' lang='grc' dir='ltr'>τοῦτο</span> <span class='ocrx_word' id='word_1_596' title='bbox 2479 1227 2662 1291; x_wconf 81' lang='grc' dir='ltr'>καλὸν,</span> <span class='ocrx_word' id='word_1_597' title='bbox 2682 1228 2763 1281; x_wconf 83' lang='grc' dir='ltr'>ὅτι</span> <span class='ocrx_word' id='word_1_598' title='bbox 2794 1231 2972 1282; x_wconf 79' lang='grc' dir='ltr'>πᾶσαν</span> <span class='ocrx_word' id='word_1_599' title='bbox 3003 1230 3261 1282; x_wconf 73' lang='grc' dir='ltr'>ἐκκόπτει</span> <span class='ocrx_word' id='word_1_600' title='bbox 3285 1228 3563 1299; x_wconf 86' lang='grc' dir='ltr'>φροντίδος</span> <span class='ocrx_word' id='word_1_601' title='bbox 3605 1227 3865 1282; x_wconf 85' lang='grc' dir='ltr'>ὑπόθεσιν</span> 
     </span>
    </p>
   </div>
   <div class='ocr_carea' id='block_1_80' title="bbox 2190 1310 3864 1383">
    <p class='ocr_par' dir='ltr' id='par_1_80' title="bbox 2190 1310 3864 1383">
     <span class='ocr_line' id='line_1_81' title="bbox 2190 1310 3864 1383; baseline 0.002 -22"><span class='ocrx_word' id='word_1_602' title='bbox 2190 1310 2471 1380; x_wconf 83' lang='grc' dir='ltr'>περιττῆς,</span> <span class='ocrx_word' id='word_1_603' title='bbox 2498 1311 2592 1364; x_wconf 78' lang='grc' dir='ltr'>καὶ</span> <span class='ocrx_word' id='word_1_604' title='bbox 2623 1312 2801 1367; x_wconf 74' lang='grc' dir='ltr'>πᾶσαν</span> <span class='ocrx_word' id='word_1_605' title='bbox 2829 1312 3023 1383; x_wconf 79' lang='grc' dir='ltr'>σχολὴν</span> <span class='ocrx_word' id='word_1_606' title='bbox 3055 1316 3168 1375; x_wconf 90' lang='grc' dir='ltr'>τοῖς</span> <span class='ocrx_word' id='word_1_607' title='bbox 3193 1311 3334 1366; x_wconf 88' lang='grc' dir='ltr'>κατά</span> <span class='ocrx_word' id='word_1_608' title='bbox 3369 1310 3503 1365; x_wconf 83' lang='grc' dir='ltr'>Θεὸν</span> <span class='ocrx_word' id='word_1_609' title='bbox 3535 1311 3864 1383; x_wconf 80' lang='grc' dir='ltr'>ἀνατίθησιν</span> 
     </span>
    </p>
   </div>
   <div class='ocr_carea' id='block_1_81' title="bbox 2188 1391 3866 1467">
    <p class='ocr_par' dir='ltr' id='par_1_81' title="bbox 2188 1391 3866 1467">
     <span class='ocr_line' id='line_1_82' title="bbox 2188 1391 3866 1467; baseline 0 -23"><span class='ocrx_word' id='word_1_610' title='bbox 2188 1391 2403 1463; x_wconf 75' lang='grc' dir='ltr'>ἔργοις’</span> <span class='ocrx_word' id='word_1_611' title='bbox 2449 1392 2527 1457; x_wconf 84' lang='grc' dir='ltr'>ὡς</span> <span class='ocrx_word' id='word_1_612' title='bbox 2569 1394 2634 1448; x_wconf 84' lang='grc' dir='ltr'>ἂν</span> <span class='ocrx_word' id='word_1_613' title='bbox 2674 1394 2748 1467; x_wconf 87' lang='grc' dir='ltr'>μὴ</span> <span class='ocrx_word' id='word_1_614' title='bbox 2786 1395 2943 1450; x_wconf 85' lang='grc' dir='ltr'>τοῦτο</span> <span class='ocrx_word' id='word_1_615' title='bbox 2979 1396 3123 1467; x_wconf 75' lang='grc' dir='ltr'>ἔχοι,</span> <span class='ocrx_word' id='word_1_616' title='bbox 3163 1395 3299 1450; x_wconf 81' lang='grc' dir='ltr'>πολὺ</span> <span class='ocrx_word' id='word_1_617' title='bbox 3335 1394 3432 1448; x_wconf 89' lang='grc' dir='ltr'>τοῦ</span> <span class='ocrx_word' id='word_1_618' title='bbox 3472 1395 3655 1465; x_wconf 90' lang='grc' dir='ltr'>γάμου</span> <span class='ocrx_word' id='word_1_619' title='bbox 3700 1394 3866 1449; x_wconf 81' lang='grc' dir='ltr'>πάλιν</span> 
     </span>
    </p>
   </div>
   <div class='ocr_carea' id='block_1_82' title="bbox 2191 1480 3866 1555">
    <p class='ocr_par' dir='ltr' id='par_1_82' title="bbox 2191 1480 3866 1555">
     <span class='ocr_line' id='line_1_83' title="bbox 2191 1480 3866 1555; baseline 0.003 -22"><span class='ocrx_word' id='word_1_620' title='bbox 2191 1480 2427 1536; x_wconf 82' lang='grc' dir='ltr'>ἐλάττων</span> <span class='ocrx_word' id='word_1_621' title='bbox 2456 1482 2684 1551; x_wconf 85' lang='grc' dir='ltr'>γίνεται,</span> <span class='ocrx_word' id='word_1_622' title='bbox 2712 1484 2952 1549; x_wconf 87' lang='grc' dir='ltr'>ἀκάνθας</span> <span class='ocrx_word' id='word_1_623' title='bbox 2980 1486 3037 1537; x_wconf 85' lang='grc' dir='ltr'>ἐν</span> <span class='ocrx_word' id='word_1_624' title='bbox 3065 1486 3130 1555; x_wconf 82' lang='grc' dir='ltr'>τῇ</span> <span class='ocrx_word' id='word_1_625' title='bbox 3163 1483 3310 1555; x_wconf 78' lang='grc' dir='ltr'>ψυχῇ</span> <span class='ocrx_word' id='word_1_626' title='bbox 3341 1482 3720 1554; x_wconf 86' lang='grc' dir='ltr'>περιφέρουσα</span> <span class='ocrx_word' id='word_1_627' title='bbox 3769 1481 3866 1538; x_wconf 75' lang='grc' dir='ltr'>καὶ</span> 
     </span>
    </p>
   </div>
   <div class='ocr_carea' id='block_1_83' title="bbox 2188 1564 3610 1641">
    <p class='ocr_par' dir='ltr' id='par_1_83' title="bbox 2188 1564 3610 1641">
     <span class='ocr_line' id='line_1_84' title="bbox 2188 1564 3610 1641; baseline -0.001 -21"><span class='ocrx_word' id='word_1_628' title='bbox 2188 1567 2280 1620; x_wconf 84' lang='grc' dir='ltr'>τὸν</span> <span class='ocrx_word' id='word_1_629' title='bbox 2306 1564 2548 1639; x_wconf 79' lang='grc' dir='ltr'>καθαρὸν</span> <span class='ocrx_word' id='word_1_630' title='bbox 2576 1568 2672 1620; x_wconf 78' lang='grc' dir='ltr'>καὶ</span> <span class='ocrx_word' id='word_1_631' title='bbox 2700 1568 2946 1641; x_wconf 84' lang='grc' dir='ltr'>οὐράνιον</span> <span class='ocrx_word' id='word_1_632' title='bbox 2972 1585 3038 1622; x_wconf 87' lang='grc' dir='ltr'>συ</span> <span class='ocrx_word' id='word_1_633' title='bbox 3047 1568 3355 1639; x_wconf 87' lang='grc' dir='ltr'>μπνίγουσα</span> <span class='ocrx_word' id='word_1_634' title='bbox 3385 1566 3610 1637; x_wconf 87' lang='grc' dir='ltr'>σπόρον.</span> 
     </span>
    </p>
   </div>
   <div class='ocr_carea' id='block_1_84' title="bbox 2259 1648 3868 1722">
    <p class='ocr_par' dir='ltr' id='par_1_84' title="bbox 2259 1648 3868 1722">
     <span class='ocr_line' id='line_1_85' title="bbox 2259 1648 3868 1722; baseline -0.003 -14"><span class='ocrx_word' id='word_1_635' title='bbox 2259 1655 2385 1708; x_wconf 79' lang='lat' dir='ltr'>OH&#39;.</span> <span class='ocrx_word' id='word_1_636' title='bbox 2411 1652 2567 1708; x_wconf 82' lang='grc' dir='ltr'>Εἰδέ</span> <span class='ocrx_word' id='word_1_637' title='bbox 2585 1669 2675 1719; x_wconf 86' lang='grc' dir='ltr'>τις</span> <span class='ocrx_word' id='word_1_638' title='bbox 2694 1652 3084 1721; x_wconf 82' lang='grc' dir='ltr'>ἀσχημονεῖν,</span> <span class='ocrx_word' id='word_1_639' title='bbox 3104 1653 3289 1722; x_wconf 78' lang='grc' dir='ltr'>φησὶν,</span> <span class='ocrx_word' id='word_1_640' title='bbox 3307 1651 3406 1704; x_wconf 75' lang='grc' dir='ltr'>ἐπὶ</span> <span class='ocrx_word' id='word_1_641' title='bbox 3429 1650 3546 1718; x_wconf 82' lang='grc' dir='ltr'>τὴν</span> <span class='ocrx_word' id='word_1_642' title='bbox 3560 1648 3868 1718; x_wconf 75' lang='grc' dir='ltr'>παρθένον</span> 
     </span>
    </p>
   </div>
   <div class='ocr_carea' id='block_1_85' title="bbox 2189 1730 3867 1806">
    <p class='ocr_par' dir='ltr' id='par_1_85' title="bbox 2189 1730 3867 1806">
     <span class='ocr_line' id='line_1_86' title="bbox 2189 1730 3867 1806; baseline -0.001 -17"><span class='ocrx_word' id='word_1_643' title='bbox 2189 1737 2374 1791; x_wconf 82' lang='grc' dir='ltr'>αὐτοῦ</span> <span class='ocrx_word' id='word_1_644' title='bbox 2409 1736 2649 1806; x_wconf 82' lang='grc' dir='ltr'>νομίζει,</span> <span class='ocrx_word' id='word_1_645' title='bbox 2676 1735 2785 1789; x_wconf 85' lang='grc' dir='ltr'>ἐὰν</span> <span class='ocrx_word' id='word_1_646' title='bbox 2806 1730 2849 1805; x_wconf 81' lang='grc' dir='ltr'><em>ᾖ</em></span> <span class='ocrx_word' id='word_1_647' title='bbox 2876 1734 3239 1804; x_wconf 77' lang='grc' dir='ltr'>ὑπέρακμος,</span> <span class='ocrx_word' id='word_1_648' title='bbox 3271 1733 3373 1788; x_wconf 84' lang='grc' dir='ltr'>καί</span> <span class='ocrx_word' id='word_1_649' title='bbox 3410 1731 3600 1798; x_wconf 79' lang='grc' dir='ltr'>οὕτως</span> <span class='ocrx_word' id='word_1_650' title='bbox 3629 1733 3867 1801; x_wconf 74' lang='grc' dir='ltr'>ὀφείλει</span> 
     </span>
    </p>
   </div>
   <div class='ocr_carea' id='block_1_86' title="bbox 2187 1816 3867 1891">
    <p class='ocr_par' dir='ltr' id='par_1_86' title="bbox 2187 1816 3867 1891">
     <span class='ocr_line' id='line_1_87' title="bbox 2187 1816 3867 1891; baseline -0.003 -18"><span class='ocrx_word' id='word_1_651' title='bbox 2187 1822 2476 1891; x_wconf 74' lang='grc' dir='ltr'>γίνεσθαι,</span> <span class='ocrx_word' id='word_1_652' title='bbox 2508 1820 2540 1874; x_wconf 82' lang='grc' dir='ltr'>ὃ</span> <span class='ocrx_word' id='word_1_653' title='bbox 2578 1818 2736 1875; x_wconf 88' lang='grc' dir='ltr'>θέλει</span> <span class='ocrx_word' id='word_1_654' title='bbox 2779 1821 3037 1882; x_wconf 77' lang='grc' dir='ltr'>ποιείτω,</span> <span class='ocrx_word' id='word_1_655' title='bbox 3094 1819 3209 1887; x_wconf 82' lang='grc' dir='ltr'>οὐχ</span> <span class='ocrx_word' id='word_1_656' title='bbox 3260 1816 3604 1887; x_wconf 77' lang='grc' dir='ltr'>ἁμαρτάνει,</span> <span class='ocrx_word' id='word_1_657' title='bbox 3655 1816 3867 1886; x_wconf 81' lang='grc' dir='ltr'>ταμεί-</span> 
     </span>
    </p>
   </div>
   <div class='ocr_carea' id='block_1_87' title="bbox 2188 1900 3866 1972">
    <p class='ocr_par' dir='ltr' id='par_1_87' title="bbox 2188 1900 3866 1972">
     <span class='ocr_line' id='line_1_88' title="bbox 2188 1900 3866 1972; baseline -0.003 -13"><span class='ocrx_word' id='word_1_658' title='bbox 2188 1920 2408 1961; x_wconf 83' lang='grc' dir='ltr'>τωσιιν.</span> <span class='ocrx_word' id='word_1_659' title='bbox 2443 1905 2510 1958; x_wconf 90' lang='grc' dir='ltr'>Τί</span> <span class='ocrx_word' id='word_1_660' title='bbox 2546 1903 2743 1972; x_wconf 86' lang='grc' dir='ltr'>λέγεις,</span> <span class='ocrx_word' id='word_1_661' title='bbox 2775 1904 2837 1956; x_wconf 88' lang='grc' dir='ltr'><strong><em>Ὃ</em></strong></span> <span class='ocrx_word' id='word_1_662' title='bbox 2869 1903 3030 1957; x_wconf 82' lang='grc' dir='ltr'>θέλει</span> <span class='ocrx_word' id='word_1_663' title='bbox 3076 1902 3348 1956; x_wconf 76' lang='grc' dir='ltr'>ποιείτω⁸</span> <span class='ocrx_word' id='word_1_664' title='bbox 3383 1901 3479 1955; x_wconf 61' lang='grc' dir='ltr'>καὶ⁵</span> <span class='ocrx_word' id='word_1_665' title='bbox 3512 1902 3573 1955; x_wconf 86' lang='grc' dir='ltr'>ού</span> <span class='ocrx_word' id='word_1_666' title='bbox 3622 1900 3866 1972; x_wconf 88' lang='grc' dir='ltr'>διορθοῖς</span> 
     </span>
    </p>
   </div>
   <div class='ocr_carea' id='block_1_88' title="bbox 2185 1984 3866 2059">
    <p class='ocr_par' dir='ltr' id='par_1_88' title="bbox 2185 1984 3866 2059">
     <span class='ocr_line' id='line_1_89' title="bbox 2185 1984 3866 2059; baseline -0.004 -16"><span class='ocrx_word' id='word_1_667' title='bbox 2185 1987 2669 2059; x_wconf 76' lang='grc' dir='ltr'>τῆν’ἐσφαλμένην</span> <span class='ocrx_word' id='word_1_668' title='bbox 2699 1986 2943 2057; x_wconf 83' lang='grc' dir='ltr'>γνώμην,</span> <span class='ocrx_word' id='word_1_669' title='bbox 2984 1985 3098 2039; x_wconf 85' lang='grc' dir='ltr'>ἀλλ’</span> <span class='ocrx_word' id='word_1_670' title='bbox 3138 1985 3457 2057; x_wconf 77' lang='grc' dir='ltr'>ἐπιτρέπεις</span> <span class='ocrx_word' id='word_1_671' title='bbox 3496 1988 3730 2056; x_wconf 84' lang='grc' dir='ltr'>γαμεῖν;</span> <span class='ocrx_word' id='word_1_672' title='bbox 3765 1984 3866 2037; x_wconf 83' lang='grc' dir='ltr'>Διά</span> 
     </span>
    </p>
   </div>
   <div class='ocr_carea' id='block_1_89' title="bbox 2186 2068 3865 2143">
    <p class='ocr_par' dir='ltr' id='par_1_89' title="bbox 2186 2068 3865 2143">
     <span class='ocr_line' id='line_1_90' title="bbox 2186 2068 3865 2143; baseline -0.002 -18"><span class='ocrx_word' id='word_1_673' title='bbox 2186 2073 2239 2125; x_wconf 90' lang='grc' dir='ltr'>τί</span> <span class='ocrx_word' id='word_1_674' title='bbox 2268 2072 2377 2143; x_wconf 83' lang='grc' dir='ltr'>γάρ</span> <span class='ocrx_word' id='word_1_675' title='bbox 2409 2072 2510 2125; x_wconf 80' lang='grc' dir='ltr'>οὐκ</span> <span class='ocrx_word' id='word_1_676' title='bbox 2542 2068 2721 2134; x_wconf 71' lang='grc' dir='ltr'>εἶπεςο</span> <span class='ocrx_word' id='word_1_677' title='bbox 2764 2071 2826 2123; x_wconf 83' lang='grc' dir='ltr'>Εἰ</span> <span class='ocrx_word' id='word_1_678' title='bbox 2863 2069 2921 2122; x_wconf 85' lang='grc' dir='ltr'>δέ</span> <span class='ocrx_word' id='word_1_679' title='bbox 2965 2070 3296 2140; x_wconf 86' lang='grc' dir='ltr'>ἀσχημονεῖν</span> <span class='ocrx_word' id='word_1_680' title='bbox 3327 2070 3421 2123; x_wconf 73' lang='grc' dir='ltr'>ἐπὶ</span> <span class='ocrx_word' id='word_1_681' title='bbox 3452 2069 3554 2140; x_wconf 84' lang='grc' dir='ltr'>τὴν</span> <span class='ocrx_word' id='word_1_682' title='bbox 3591 2068 3865 2139; x_wconf 85' lang='grc' dir='ltr'>παρθένον</span> 
     </span>
    </p>
   </div>
   <div class='ocr_carea' id='block_1_90' title="bbox 2187 2152 3863 2225">
    <p class='ocr_par' dir='ltr' id='par_1_90' title="bbox 2187 2152 3863 2225">
     <span class='ocr_line' id='line_1_91' title="bbox 2187 2152 3863 2225; baseline -0.001 -17"><span class='ocrx_word' id='word_1_683' title='bbox 2187 2154 2350 2208; x_wconf 80' lang='grc' dir='ltr'>αὑτοῦ</span> <span class='ocrx_word' id='word_1_684' title='bbox 2392 2154 2624 2225; x_wconf 74' lang='grc' dir='ltr'>νομίζει,</span> <span class='ocrx_word' id='word_1_685' title='bbox 2670 2152 2852 2216; x_wconf 81' lang='grc' dir='ltr'>ἀθλιός</span> <span class='ocrx_word' id='word_1_686' title='bbox 2885 2156 3002 2206; x_wconf 89' lang='grc' dir='ltr'>ἐστι</span> <span class='ocrx_word' id='word_1_687' title='bbox 3052 2152 3149 2205; x_wconf 60' lang='grc' dir='ltr'>καὶ⁸</span> <span class='ocrx_word' id='word_1_688' title='bbox 3194 2153 3575 2224; x_wconf 84' lang='grc' dir='ltr'>ταλαίπωρος,</span> <span class='ocrx_word' id='word_1_689' title='bbox 3623 2153 3863 2223; x_wconf 74' lang='grc' dir='ltr'>πρᾶγμα</span> 
     </span>
    </p>
   </div>
   <div class='ocr_carea' id='block_1_91' title="bbox 2186 2233 3863 2310">
    <p class='ocr_par' dir='ltr' id='par_1_91' title="bbox 2186 2233 3863 2310">
     <span class='ocr_line' id='line_1_92' title="bbox 2186 2233 3863 2310; baseline 0.001 -19"><span class='ocrx_word' id='word_1_690' title='bbox 2186 2238 2329 2292; x_wconf 81' lang='grc' dir='ltr'>οὕτω</span> <span class='ocrx_word' id='word_1_691' title='bbox 2354 2237 2663 2310; x_wconf 82' lang='grc' dir='ltr'>θαυμαστὸν</span> <span class='ocrx_word' id='word_1_692' title='bbox 2691 2236 3047 2291; x_wconf 88' lang='grc' dir='ltr'>ἐπονείδιστον</span> <span class='ocrx_word' id='word_1_693' title='bbox 3079 2233 3218 2291; x_wconf 76' lang='grc' dir='ltr'>εἰναι</span> <span class='ocrx_word' id='word_1_694' title='bbox 3254 2238 3522 2308; x_wconf 80' lang='grc' dir='ltr'>νομίζων;</span> <span class='ocrx_word' id='word_1_695' title='bbox 3555 2237 3643 2291; x_wconf 74' lang='grc' dir='ltr'>διὰ</span> <span class='ocrx_word' id='word_1_696' title='bbox 3681 2238 3739 2292; x_wconf 88' lang='grc' dir='ltr'>τί</span> <span class='ocrx_word' id='word_1_697' title='bbox 3788 2239 3863 2310; x_wconf 80' lang='grc' dir='ltr'>μὴ</span> 
     </span>
    </p>
   </div>
   <div class='ocr_carea' id='block_1_92' title="bbox 2189 2318 3867 2392">
    <p class='ocr_par' dir='ltr' id='par_1_92' title="bbox 2189 2318 3867 2392">
     <span class='ocr_line' id='line_1_93' title="bbox 2189 2318 3867 2392; baseline 0.001 -18"><span class='ocrx_word' id='word_1_698' title='bbox 2189 2320 2618 2384; x_wconf 89' lang='grc' dir='ltr'>συνεϐούλευσας</span> <span class='ocrx_word' id='word_1_699' title='bbox 2661 2318 2864 2392; x_wconf 85' lang='grc' dir='ltr'>ταύτης</span> <span class='ocrx_word' id='word_1_700' title='bbox 2894 2320 3277 2390; x_wconf 86' lang='grc' dir='ltr'>ἀπαλλαγέντα</span> <span class='ocrx_word' id='word_1_701' title='bbox 3320 2321 3422 2392; x_wconf 89' lang='grc' dir='ltr'>τῆς</span> <span class='ocrx_word' id='word_1_702' title='bbox 3468 2321 3730 2392; x_wconf 76' lang='grc' dir='ltr'>ὑποψίας,</span> <span class='ocrx_word' id='word_1_703' title='bbox 3761 2323 3867 2376; x_wconf 87' lang='grc' dir='ltr'>ἀπ-</span> 
     </span>
    </p>
   </div>
   <div class='ocr_carea' id='block_1_93' title="bbox 2186 2403 3867 2477">
    <p class='ocr_par' dir='ltr' id='par_1_93' title="bbox 2186 2403 3867 2477">
     <span class='ocr_line' id='line_1_94' title="bbox 2186 2403 3867 2477; baseline 0.001 -18"><span class='ocrx_word' id='word_1_704' title='bbox 2186 2408 2413 2475; x_wconf 85' lang='grc' dir='ltr'>αγαγεῖν</span> <span class='ocrx_word' id='word_1_705' title='bbox 2432 2406 2525 2459; x_wconf 90' lang='grc' dir='ltr'>τοῦ</span> <span class='ocrx_word' id='word_1_706' title='bbox 2553 2403 2730 2475; x_wconf 86' lang='grc' dir='ltr'>γάμου</span> <span class='ocrx_word' id='word_1_707' title='bbox 2757 2406 2855 2477; x_wconf 77' lang='grc' dir='ltr'>τὴν</span> <span class='ocrx_word' id='word_1_708' title='bbox 2883 2405 3047 2459; x_wconf 81' lang='grc' dir='ltr'>αὐτοῦ</span> <span class='ocrx_word' id='word_1_709' title='bbox 3069 2405 3374 2477; x_wconf 75' lang='grc' dir='ltr'>θυγατέρας</span> <span class='ocrx_word' id='word_1_710' title='bbox 3395 2406 3539 2469; x_wconf 88' lang='grc' dir='ltr'>Ὅτι,</span> <span class='ocrx_word' id='word_1_711' title='bbox 3567 2407 3723 2477; x_wconf 74' lang='grc' dir='ltr'>φησὶ,</span> <span class='ocrx_word' id='word_1_712' title='bbox 3757 2407 3867 2461; x_wconf 81' lang='grc' dir='ltr'>τῶν</span> 
     </span>
    </p>
   </div>
   <div class='ocr_carea' id='block_1_94' title="bbox 2188 2484 3866 2560">
    <p class='ocr_par' dir='ltr' id='par_1_94' title="bbox 2188 2484 3866 2560">
     <span class='ocr_line' id='line_1_95' title="bbox 2188 2484 3866 2560; baseline 0.003 -20"><span class='ocrx_word' id='word_1_713' title='bbox 2188 2487 2393 2559; x_wconf 87' lang='grc' dir='ltr'>σφόδρα</span> <span class='ocrx_word' id='word_1_714' title='bbox 2416 2487 2659 2541; x_wconf 85' lang='grc' dir='ltr'>ἀσθενῶν</span> <span class='ocrx_word' id='word_1_715' title='bbox 2684 2489 2779 2541; x_wconf 75' lang='grc' dir='ltr'>καὶ</span> <span class='ocrx_word' id='word_1_716' title='bbox 2808 2489 2979 2559; x_wconf 75' lang='grc' dir='ltr'>χαμαὶ</span> <span class='ocrx_word' id='word_1_717' title='bbox 3006 2490 3323 2560; x_wconf 84' lang='grc' dir='ltr'>συρομένων</span> <span class='ocrx_word' id='word_1_718' title='bbox 3346 2484 3486 2560; x_wconf 75' lang='grc' dir='ltr'>ἦσαν</span> <span class='ocrx_word' id='word_1_719' title='bbox 3522 2490 3578 2543; x_wconf 79' lang='grc' dir='ltr'>αἱ</span> <span class='ocrx_word' id='word_1_720' title='bbox 3607 2489 3866 2545; x_wconf 86' lang='grc' dir='ltr'>τοιαῦται</span> 
     </span>
    </p>
   </div>
   <div class='ocr_carea' id='block_1_95' title="bbox 2184 2571 3867 2647">
    <p class='ocr_par' dir='ltr' id='par_1_95' title="bbox 2184 2571 3867 2647">
     <span class='ocr_line' id='line_1_96' title="bbox 2184 2571 3867 2647; baseline 0.002 -23"><span class='ocrx_word' id='word_1_721' title='bbox 2184 2571 2381 2644; x_wconf 71' lang='grc' dir='ltr'>ψυχαί*</span> <span class='ocrx_word' id='word_1_722' title='bbox 2418 2572 2518 2637; x_wconf 79' lang='grc' dir='ltr'>τὰς</span> <span class='ocrx_word' id='word_1_723' title='bbox 2545 2572 2602 2626; x_wconf 84' lang='grc' dir='ltr'>δέ</span> <span class='ocrx_word' id='word_1_724' title='bbox 2636 2572 2779 2626; x_wconf 76' lang='grc' dir='ltr'>οὕτω</span> <span class='ocrx_word' id='word_1_725' title='bbox 2815 2572 3163 2645; x_wconf 88' lang='grc' dir='ltr'>διακειμένας</span> <span class='ocrx_word' id='word_1_726' title='bbox 3195 2572 3347 2644; x_wconf 75' lang='grc'>[550]</span> <span class='ocrx_word' id='word_1_727' title='bbox 3373 2576 3473 2625; x_wconf 86' lang='grc' dir='ltr'>ούκ</span> <span class='ocrx_word' id='word_1_728' title='bbox 3499 2573 3628 2643; x_wconf 89' lang='grc' dir='ltr'>ἐνῆν</span> <span class='ocrx_word' id='word_1_729' title='bbox 3660 2573 3867 2647; x_wconf 85' lang='grc' dir='ltr'>ἀθρόον</span> 
     </span>
    </p>
   </div>
   <div class='ocr_carea' id='block_1_96' title="bbox 2186 2655 3868 2729">
    <p class='ocr_par' dir='ltr' id='par_1_96' title="bbox 2186 2655 3868 2729">
     <span class='ocr_line' id='line_1_97' title="bbox 2186 2655 3868 2729; baseline 0.001 -18"><span class='ocrx_word' id='word_1_730' title='bbox 2186 2658 2414 2727; x_wconf 87' lang='grc' dir='ltr'>ἀγαγεῖν</span> <span class='ocrx_word' id='word_1_731' title='bbox 2445 2657 2538 2711; x_wconf 73' lang='grc' dir='ltr'>ἐπὶ</span> <span class='ocrx_word' id='word_1_732' title='bbox 2575 2656 2702 2721; x_wconf 83' lang='grc' dir='ltr'>τοὺς</span> <span class='ocrx_word' id='word_1_733' title='bbox 2740 2657 2880 2728; x_wconf 81' lang='grc' dir='ltr'>ὑπὲρ</span> <span class='ocrx_word' id='word_1_734' title='bbox 2923 2657 3022 2728; x_wconf 91' lang='grc' dir='ltr'>τῆς</span> <span class='ocrx_word' id='word_1_735' title='bbox 3062 2656 3358 2727; x_wconf 88' lang='grc' dir='ltr'>παρθενίας</span> <span class='ocrx_word' id='word_1_736' title='bbox 3400 2655 3611 2726; x_wconf 82' lang='grc' dir='ltr'>λόγους.</span> <span class='ocrx_word' id='word_1_737' title='bbox 3651 2657 3713 2710; x_wconf 86' lang='lat' dir='ltr'>&#39;U</span> <span class='ocrx_word' id='word_1_738' title='bbox 3750 2658 3868 2729; x_wconf 89' lang='grc' dir='ltr'>γάρ</span> 
     </span>
    </p>
   </div>
   <div class='ocr_carea' id='block_1_97' title="bbox 2184 2739 3866 2814">
    <p class='ocr_par' dir='ltr' id='par_1_97' title="bbox 2184 2739 3866 2814">
     <span class='ocr_line' id='line_1_98' title="bbox 2184 2739 3866 2814; baseline -0.001 -19"><span class='ocrx_word' id='word_1_739' title='bbox 2184 2741 2327 2795; x_wconf 77' lang='grc' dir='ltr'>οὕτω</span> <span class='ocrx_word' id='word_1_740' title='bbox 2354 2740 2492 2814; x_wconf 81' lang='grc' dir='ltr'>πρὸς</span> <span class='ocrx_word' id='word_1_741' title='bbox 2518 2740 2590 2795; x_wconf 90' lang='grc' dir='ltr'>τά</span> <span class='ocrx_word' id='word_1_742' title='bbox 2630 2740 2726 2794; x_wconf 84' lang='grc' dir='ltr'>τοῦ</span> <span class='ocrx_word' id='word_1_743' title='bbox 2777 2740 2983 2811; x_wconf 89' lang='grc' dir='ltr'>κόσμου</span> <span class='ocrx_word' id='word_1_744' title='bbox 3018 2739 3323 2812; x_wconf 83' lang='grc' dir='ltr'>πράγματα</span> <span class='ocrx_word' id='word_1_745' title='bbox 3367 2739 3730 2810; x_wconf 86' lang='grc' dir='ltr'>ἐπτοημένος,</span> <span class='ocrx_word' id='word_1_746' title='bbox 3764 2740 3866 2795; x_wconf 79' lang='grc' dir='ltr'>καὶ</span> 
     </span>
    </p>
   </div>
   <div class='ocr_carea' id='block_1_98' title="bbox 2184 2823 3869 2897">
    <p class='ocr_par' dir='ltr' id='par_1_98' title="bbox 2184 2823 3869 2897">
     <span class='ocr_line' id='line_1_99' title="bbox 2184 2823 3869 2897; baseline 0 -18"><span class='ocrx_word' id='word_1_747' title='bbox 2184 2826 2279 2880; x_wconf 81' lang='grc' dir='ltr'>τὸν</span> <span class='ocrx_word' id='word_1_748' title='bbox 2307 2825 2552 2897; x_wconf 83' lang='grc' dir='ltr'>παρόντα</span> <span class='ocrx_word' id='word_1_749' title='bbox 2592 2824 2706 2896; x_wconf 92' lang='grc' dir='ltr'>βίον</span> <span class='ocrx_word' id='word_1_750' title='bbox 2739 2824 3057 2895; x_wconf 75' lang='grc' dir='ltr'>θαυμάζων,</span> <span class='ocrx_word' id='word_1_751' title='bbox 3084 2825 3161 2890; x_wconf 84' lang='grc' dir='ltr'>ὡς</span> <span class='ocrx_word' id='word_1_752' title='bbox 3210 2825 3305 2879; x_wconf 71' lang='grc' dir='ltr'>καὶ</span> <span class='ocrx_word' id='word_1_753' title='bbox 3340 2823 3479 2895; x_wconf 85' lang='grc' dir='ltr'>μετά</span> <span class='ocrx_word' id='word_1_754' title='bbox 3513 2823 3613 2894; x_wconf 84' lang='grc' dir='ltr'>τὴν</span> <span class='ocrx_word' id='word_1_755' title='bbox 3660 2825 3869 2879; x_wconf 83' lang='grc' dir='ltr'>τοσαύ-</span> 
     </span>
    </p>
   </div>
   <div class='ocr_carea' id='block_1_99' title="bbox 2183 2902 3869 2980">
    <p class='ocr_par' dir='ltr' id='par_1_99' title="bbox 2183 2902 3869 2980">
     <span class='ocr_line' id='line_1_100' title="bbox 2183 2902 3869 2980; baseline 0.002 -19"><span class='ocrx_word' id='word_1_756' title='bbox 2183 2925 2287 2977; x_wconf 86' lang='grc' dir='ltr'>την</span> <span class='ocrx_word' id='word_1_757' title='bbox 2334 2908 2655 2980; x_wconf 86' lang='grc' dir='ltr'>παραίνεσιν</span> <span class='ocrx_word' id='word_1_758' title='bbox 2697 2908 2959 2980; x_wconf 90' lang='grc' dir='ltr'>αἰσχύνης</span> <span class='ocrx_word' id='word_1_759' title='bbox 3002 2908 3151 2974; x_wconf 81' lang='grc' dir='ltr'>ἀξιον</span> <span class='ocrx_word' id='word_1_760' title='bbox 3184 2902 3328 2962; x_wconf 78' lang='grc' dir='ltr'>εἶναι</span> <span class='ocrx_word' id='word_1_761' title='bbox 3375 2907 3639 2979; x_wconf 75' lang='grc' dir='ltr'>νομίζειν,</span> <span class='ocrx_word' id='word_1_762' title='bbox 3685 2907 3716 2960; x_wconf 78' lang='grc' dir='ltr'>ὅ</span> <span class='ocrx_word' id='word_1_763' title='bbox 3748 2909 3869 2964; x_wconf 88' lang='grc' dir='ltr'>τῶν</span> 
     </span>
    </p>
   </div>
   <div class='ocr_carea' id='block_1_100' title="bbox 2184 2990 3867 3064">
    <p class='ocr_par' dir='ltr' id='par_1_100' title="bbox 2184 2990 3867 3064">
     <span class='ocr_line' id='line_1_101' title="bbox 2184 2990 3867 3064; baseline 0 -19"><span class='ocrx_word' id='word_1_764' title='bbox 2184 2992 2429 3063; x_wconf 83' lang='grc' dir='ltr'>οὐρανῶν</span> <span class='ocrx_word' id='word_1_765' title='bbox 2477 2991 2628 3057; x_wconf 78' lang='grc' dir='ltr'>ἄξιόν</span> <span class='ocrx_word' id='word_1_766' title='bbox 2664 2994 2781 3046; x_wconf 87' lang='grc' dir='ltr'>ἐστι</span> <span class='ocrx_word' id='word_1_767' title='bbox 2822 2993 2917 3047; x_wconf 72' lang='grc' dir='ltr'>καὶ</span> <span class='ocrx_word' id='word_1_768' title='bbox 2959 2993 3059 3064; x_wconf 84' lang='grc' dir='ltr'>τῆς</span> <span class='ocrx_word' id='word_1_769' title='bbox 3095 2991 3398 3062; x_wconf 85' lang='grc' dir='ltr'>ἀγγελικῆς</span> <span class='ocrx_word' id='word_1_770' title='bbox 3450 2990 3727 3057; x_wconf 85' lang='grc' dir='ltr'>πολιτείας</span> <span class='ocrx_word' id='word_1_771' title='bbox 3761 2994 3867 3062; x_wconf 85' lang='grc' dir='ltr'>ἐγ-</span> 
     </span>
    </p>
   </div>
   <div class='ocr_carea' id='block_1_101' title="bbox 2185 3074 3867 3148">
    <p class='ocr_par' dir='ltr' id='par_1_101' title="bbox 2185 3074 3867 3148">
     <span class='ocr_line' id='line_1_102' title="bbox 2185 3074 3867 3148; baseline -0.001 -18"><span class='ocrx_word' id='word_1_772' title='bbox 2185 3076 2307 3145; x_wconf 78' lang='grc' dir='ltr'>γὺς,</span> <span class='ocrx_word' id='word_1_773' title='bbox 2337 3074 2456 3141; x_wconf 78' lang='grc' dir='ltr'>πῶς</span> <span class='ocrx_word' id='word_1_774' title='bbox 2488 3075 2555 3130; x_wconf 84' lang='grc' dir='ltr'>ἂν</span> <span class='ocrx_word' id='word_1_775' title='bbox 2584 3075 2846 3148; x_wconf 80' lang='grc' dir='ltr'>ἠνέσχετο</span> <span class='ocrx_word' id='word_1_776' title='bbox 2885 3076 3194 3148; x_wconf 85' lang='grc' dir='ltr'>συμϐουλῆς</span> <span class='ocrx_word' id='word_1_777' title='bbox 3230 3077 3312 3139; x_wconf 91' lang='grc' dir='ltr'>εἰς</span> <span class='ocrx_word' id='word_1_778' title='bbox 3353 3074 3513 3129; x_wconf 88' lang='grc' dir='ltr'>τοῦτο</span> <span class='ocrx_word' id='word_1_779' title='bbox 3550 3075 3867 3148; x_wconf 85' lang='grc' dir='ltr'>ἐναγούσης</span> 
     </span>
    </p>
   </div>
   <div class='ocr_carea' id='block_1_102' title="bbox 2185 3159 3870 3231">
    <p class='ocr_par' dir='ltr' id='par_1_102' title="bbox 2185 3159 3870 3231">
     <span class='ocr_line' id='line_1_103' title="bbox 2185 3159 3870 3231; baseline 0 -17"><span class='ocrx_word' id='word_1_780' title='bbox 2185 3160 2385 3227; x_wconf 86' lang='grc' dir='ltr'>αὐτόν;</span> <span class='ocrx_word' id='word_1_781' title='bbox 2429 3160 2543 3215; x_wconf 79' lang='grc' dir='ltr'>Καὶ</span> <span class='ocrx_word' id='word_1_782' title='bbox 2578 3160 2632 3213; x_wconf 85' lang='grc' dir='ltr'>τί</span> <span class='ocrx_word' id='word_1_783' title='bbox 2669 3159 3003 3231; x_wconf 85' lang='grc' dir='ltr'>θαυμαστὸν,</span> <span class='ocrx_word' id='word_1_784' title='bbox 3046 3163 3096 3214; x_wconf 89' lang='grc' dir='ltr'>εἰ</span> <span class='ocrx_word' id='word_1_785' title='bbox 3135 3160 3229 3213; x_wconf 78' lang='grc' dir='ltr'>ἐπὶ</span> <span class='ocrx_word' id='word_1_786' title='bbox 3275 3160 3605 3231; x_wconf 87' lang='grc' dir='ltr'>πράγματος</span> <span class='ocrx_word' id='word_1_787' title='bbox 3657 3177 3870 3229; x_wconf 81' lang='grc' dir='ltr'>συγκε-</span> 
     </span>
    </p>
   </div>
   <div class='ocr_carea' id='block_1_103' title="bbox 2185 3240 3866 3316">
    <p class='ocr_par' dir='ltr' id='par_1_103' title="bbox 2185 3240 3866 3316">
     <span class='ocr_line' id='line_1_104' title="bbox 2185 3240 3866 3316; baseline 0 -18"><span class='ocrx_word' id='word_1_788' title='bbox 2185 3242 2510 3316; x_wconf 90' lang='grc' dir='ltr'>χωρημένου</span> <span class='ocrx_word' id='word_1_789' title='bbox 2546 3240 2706 3296; x_wconf 90' lang='grc' dir='ltr'>τοῦτο</span> <span class='ocrx_word' id='word_1_790' title='bbox 2730 3244 2759 3296; x_wconf 89' lang='grc' dir='ltr'>ό</span> <span class='ocrx_word' id='word_1_791' title='bbox 2805 3242 3016 3306; x_wconf 86' lang='grc' dir='ltr'>Παῦλος</span> <span class='ocrx_word' id='word_1_792' title='bbox 3049 3241 3324 3313; x_wconf 86' lang='grc' dir='ltr'>ἐποίησεν,</span> <span class='ocrx_word' id='word_1_793' title='bbox 3363 3243 3497 3295; x_wconf 83' lang='grc' dir='ltr'>ὅπου</span> <span class='ocrx_word' id='word_1_794' title='bbox 3528 3258 3591 3311; x_wconf 85' lang='grc' dir='ltr'>γε</span> <span class='ocrx_word' id='word_1_795' title='bbox 3632 3242 3727 3296; x_wconf 76' lang='grc' dir='ltr'>ἐπὶ</span> <span class='ocrx_word' id='word_1_796' title='bbox 3761 3261 3866 3298; x_wconf 81' lang='grc' dir='ltr'>κε-</span> 
     </span>
    </p>
   </div>
   <div class='ocr_carea' id='block_1_104' title="bbox 2185 3322 3872 3399">
    <p class='ocr_par' dir='ltr' id='par_1_104' title="bbox 2185 3322 3872 3399">
     <span class='ocr_line' id='line_1_105' title="bbox 2185 3322 3872 3399; baseline -0.001 -17"><span class='ocrx_word' id='word_1_797' title='bbox 2185 3326 2501 3397; x_wconf 86' lang='grc' dir='ltr'>κωλυμένου</span> <span class='ocrx_word' id='word_1_798' title='bbox 2543 3325 2638 3378; x_wconf 72' lang='grc' dir='ltr'>καὶ</span> <span class='ocrx_word' id='word_1_799' title='bbox 2680 3324 2996 3399; x_wconf 87' lang='grc' dir='ltr'>παρανόμου</span> <span class='ocrx_word' id='word_1_800' title='bbox 3025 3325 3087 3378; x_wconf 77' lang='grc' dir='ltr'>τὸ</span> <span class='ocrx_word' id='word_1_801' title='bbox 3130 3325 3264 3379; x_wconf 82' lang='grc' dir='ltr'>αὐτὸ</span> <span class='ocrx_word' id='word_1_802' title='bbox 3294 3325 3458 3379; x_wconf 79' lang='grc' dir='ltr'>πάλιν</span> <span class='ocrx_word' id='word_1_803' title='bbox 3507 3328 3687 3391; x_wconf 77' lang='grc' dir='ltr'>ποιεῖς</span> <span class='ocrx_word' id='word_1_804' title='bbox 3732 3322 3872 3381; x_wconf 78' lang='grc' dir='ltr'>Οἶόν</span> 
     </span>
    </p>
   </div>
   <div class='ocr_carea' id='block_1_105' title="bbox 2184 3408 3872 3483">
    <p class='ocr_par' dir='ltr' id='par_1_105' title="bbox 2184 3408 3872 3483">
     <span class='ocr_line' id='line_1_106' title="bbox 2184 3408 3872 3483; baseline -0.002 -18"><span class='ocrx_word' id='word_1_805' title='bbox 2184 3429 2239 3466; x_wconf 85' lang='grc' dir='ltr'>τι</span> <span class='ocrx_word' id='word_1_806' title='bbox 2280 3410 2451 3481; x_wconf 87' lang='grc' dir='ltr'>λέγω·</span> <span class='ocrx_word' id='word_1_807' title='bbox 2483 3411 2549 3464; x_wconf 73' lang='lat'>16</span> <span class='ocrx_word' id='word_1_808' title='bbox 2593 3410 2695 3482; x_wconf 85' lang='grc' dir='ltr'>τῆς</span> <span class='ocrx_word' id='word_1_809' title='bbox 2734 3408 2845 3463; x_wconf 88' lang='grc' dir='ltr'>τῶν</span> <span class='ocrx_word' id='word_1_810' title='bbox 2894 3408 3200 3481; x_wconf 88' lang='grc' dir='ltr'>βρωμάτων</span> <span class='ocrx_word' id='word_1_811' title='bbox 3254 3411 3695 3482; x_wconf 79' lang='grc' dir='ltr'>παρατηρήσεως</span> <span class='ocrx_word' id='word_1_812' title='bbox 3737 3410 3872 3483; x_wconf 80' lang='grc' dir='ltr'>ἐχε-</span> 
     </span>
    </p>
   </div>
   <div class='ocr_carea' id='block_1_106' title="bbox 2186 3491 3868 3564">
    <p class='ocr_par' dir='ltr' id='par_1_106' title="bbox 2186 3491 3868 3564">
     <span class='ocr_line' id='line_1_107' title="bbox 2186 3491 3868 3564; baseline 0.001 -16"><span class='ocrx_word' id='word_1_813' title='bbox 2186 3494 2341 3559; x_wconf 89' lang='grc' dir='ltr'>σθαι,</span> <span class='ocrx_word' id='word_1_814' title='bbox 2380 3494 2477 3547; x_wconf 74' lang='grc' dir='ltr'>καὶ</span> <span class='ocrx_word' id='word_1_815' title='bbox 2524 3491 2683 3547; x_wconf 85' lang='grc' dir='ltr'>τοῦτο</span> <span class='ocrx_word' id='word_1_816' title='bbox 2728 3491 2829 3563; x_wconf 85' lang='grc' dir='ltr'>μὲν</span> <span class='ocrx_word' id='word_1_817' title='bbox 2875 3492 3171 3563; x_wconf 86' lang='grc' dir='ltr'>ἐγκρίνειν,</span> <span class='ocrx_word' id='word_1_818' title='bbox 3218 3494 3395 3547; x_wconf 90' lang='grc' dir='ltr'>ἐκεῖνο</span> <span class='ocrx_word' id='word_1_819' title='bbox 3436 3494 3513 3548; x_wconf 82' lang='grc' dir='ltr'>δὲ·</span> <span class='ocrx_word' id='word_1_820' title='bbox 3546 3493 3868 3564; x_wconf 84' lang='grc' dir='ltr'>ἐκϐάλλειν,</span> 
     </span>
    </p>
   </div>
   <div class='ocr_carea' id='block_1_107' title="bbox 2195 3571 3872 3649">
    <p class='ocr_par' dir='ltr' id='par_1_107' title="bbox 2195 3571 3872 3649">
     <span class='ocr_line' id='line_1_108' title="bbox 2195 3571 3872 3649; baseline 0.001 -17"><span class='ocrx_word' id='word_1_821' title='bbox 2195 3577 2493 3649; x_wconf 84' lang='grc' dir='ltr'>Ἰουδαϊκῆς</span> <span class='ocrx_word' id='word_1_822' title='bbox 2542 3575 2827 3640; x_wconf 88' lang='grc' dir='ltr'>ἀσθενείας</span> <span class='ocrx_word' id='word_1_823' title='bbox 2876 3571 2973 3649; x_wconf 79' lang='grc' dir='ltr'>ἦν’</span> <span class='ocrx_word' id='word_1_824' title='bbox 3011 3577 3127 3630; x_wconf 79' lang='grc' dir='ltr'>ἀλλ’</span> <span class='ocrx_word' id='word_1_825' title='bbox 3156 3578 3304 3648; x_wconf 80' lang='grc' dir='ltr'>ὅμως</span> <span class='ocrx_word' id='word_1_826' title='bbox 3349 3572 3490 3649; x_wconf 76' lang='grc' dir='ltr'>ἦσαν</span> <span class='ocrx_word' id='word_1_827' title='bbox 3522 3578 3675 3649; x_wconf 87' lang='grc' dir='ltr'>παρά</span> <span class='ocrx_word' id='word_1_828' title='bbox 3719 3580 3872 3634; x_wconf 80' lang='grc' dir='ltr'>Ῥω-</span> 
     </span>
    </p>
   </div>
   <div class='ocr_carea' id='block_1_108' title="bbox 2187 3661 3872 3736">
    <p class='ocr_par' dir='ltr' id='par_1_108' title="bbox 2187 3661 3872 3736">
     <span class='ocr_line' id='line_1_109' title="bbox 2187 3661 3872 3736; baseline -0.001 -16"><span class='ocrx_word' id='word_1_829' title='bbox 2187 3664 2369 3736; x_wconf 84' lang='grc' dir='ltr'>μαίοις</span> <span class='ocrx_word' id='word_1_830' title='bbox 2412 3666 2461 3718; x_wconf 85' lang='grc' dir='ltr'>οἱ</span> <span class='ocrx_word' id='word_1_831' title='bbox 2491 3662 2696 3735; x_wconf 88' lang='grc' dir='ltr'>ταύτην</span> <span class='ocrx_word' id='word_1_832' title='bbox 2730 3662 2945 3735; x_wconf 81' lang='grc' dir='ltr'>ἔχοντες</span> <span class='ocrx_word' id='word_1_833' title='bbox 2990 3663 3091 3735; x_wconf 78' lang='grc' dir='ltr'>τὴν</span> <span class='ocrx_word' id='word_1_834' title='bbox 3122 3661 3404 3718; x_wconf 88' lang='grc' dir='ltr'>ἀσθένειαν</span> <span class='ocrx_word' id='word_1_835' title='bbox 3425 3680 3439 3693; x_wconf 84' lang='grc'><strong>·</strong></span> <span class='ocrx_word' id='word_1_836' title='bbox 3467 3663 3562 3717; x_wconf 77' lang='grc' dir='ltr'>καὶ</span> <span class='ocrx_word' id='word_1_837' title='bbox 3589 3664 3651 3716; x_wconf 88' lang='grc' dir='ltr'>ού</span> <span class='ocrx_word' id='word_1_838' title='bbox 3694 3664 3872 3734; x_wconf 84' lang='grc' dir='ltr'>μόνον</span> 
     </span>
    </p>
   </div>
   <div class='ocr_carea' id='block_1_109' title="bbox 2182 3744 3871 3820">
    <p class='ocr_par' dir='ltr' id='par_1_109' title="bbox 2182 3744 3871 3820">
     <span class='ocr_line' id='line_1_110' title="bbox 2182 3744 3871 3820; baseline 0.001 -19"><span class='ocrx_word' id='word_1_839' title='bbox 2182 3747 2360 3803; x_wconf 80' lang='grc' dir='ltr'>αὐτῶν</span> <span class='ocrx_word' id='word_1_840' title='bbox 2406 3748 2468 3801; x_wconf 87' lang='lat'>06</span> <span class='ocrx_word' id='word_1_841' title='bbox 2520 3746 2870 3820; x_wconf 84' lang='grc' dir='ltr'>κατηγόρησε</span> <span class='ocrx_word' id='word_1_842' title='bbox 2920 3745 3061 3817; x_wconf 81' lang='grc' dir='ltr'>μετὰ</span> <span class='ocrx_word' id='word_1_843' title='bbox 3114 3746 3510 3818; x_wconf 87' lang='grc' dir='ltr'>σφοδρότητος,</span> <span class='ocrx_word' id='word_1_844' title='bbox 3560 3744 3702 3800; x_wconf 86' lang='grc' dir='ltr'>ἀλλά</span> <span class='ocrx_word' id='word_1_845' title='bbox 3758 3748 3871 3802; x_wconf 80' lang='grc' dir='ltr'>καὶ</span> 
     </span>
    </p>
   </div>
   <div class='ocr_carea' id='block_1_110' title="bbox 2181 3829 3871 3905">
    <p class='ocr_par' dir='ltr' id='par_1_110' title="bbox 2181 3829 3871 3905">
     <span class='ocr_line' id='line_1_111' title="bbox 2181 3829 3871 3905; baseline -0.001 -19"><span class='ocrx_word' id='word_1_846' title='bbox 2181 3832 2371 3905; x_wconf 75' lang='grc' dir='ltr'>ἕτερόν</span> <span class='ocrx_word' id='word_1_847' title='bbox 2411 3849 2464 3886; x_wconf 92' lang='grc' dir='ltr'>τι</span> <span class='ocrx_word' id='word_1_848' title='bbox 2493 3831 2656 3885; x_wconf 88' lang='grc' dir='ltr'>πλέον</span> <span class='ocrx_word' id='word_1_849' title='bbox 2701 3831 2891 3884; x_wconf 87' lang='grc' dir='ltr'>τούτου</span> <span class='ocrx_word' id='word_1_850' title='bbox 2926 3831 3089 3885; x_wconf 89' lang='grc' dir='ltr'>ποιεῖ.</span> <span class='ocrx_word' id='word_1_851' title='bbox 3127 3830 3269 3894; x_wconf 79' lang='grc' dir='ltr'>Τοὺς</span> <span class='ocrx_word' id='word_1_852' title='bbox 3298 3829 3407 3901; x_wconf 77' lang='grc' dir='ltr'>γὰρ</span> <span class='ocrx_word' id='word_1_853' title='bbox 3438 3829 3871 3902; x_wconf 84' lang='grc' dir='ltr'>ἁμαρτάνοντας</span> 
     </span>
    </p>
   </div>
   <div class='ocr_carea' id='block_1_111' title="bbox 2182 3912 3865 3986">
    <p class='ocr_par' dir='ltr' id='par_1_111' title="bbox 2182 3912 3865 3986">
     <span class='ocr_line' id='line_1_112' title="bbox 2182 3912 3865 3986; baseline -0.002 -15"><span class='ocrx_word' id='word_1_854' title='bbox 2182 3917 2343 3986; x_wconf 78' lang='grc' dir='ltr'>ἀφεὶς</span> <span class='ocrx_word' id='word_1_855' title='bbox 2376 3917 2489 3979; x_wconf 85' lang='grc' dir='ltr'>τοῖς</span> <span class='ocrx_word' id='word_1_856' title='bbox 2510 3912 2846 3985; x_wconf 90' lang='grc' dir='ltr'>ἐπιχειροῦσι</span> <span class='ocrx_word' id='word_1_857' title='bbox 2880 3912 3109 3967; x_wconf 88' lang='grc' dir='ltr'>κωλύειν</span> <span class='ocrx_word' id='word_1_858' title='bbox 3136 3913 3330 3977; x_wconf 79' lang='grc' dir='ltr'>αὐτοὺς</span> <span class='ocrx_word' id='word_1_859' title='bbox 3365 3914 3615 3983; x_wconf 79' lang='grc' dir='ltr'>ἐπιτιμᾷ,</span> <span class='ocrx_word' id='word_1_860' title='bbox 3643 3912 3865 3982; x_wconf 79' lang='grc' dir='ltr'>λέγων·</span> 
     </span>
    </p>
   </div>
   <div class='ocr_carea' id='block_1_112' title="bbox 2182 3994 3871 4066">
    <p class='ocr_par' dir='ltr' id='par_1_112' title="bbox 2182 3994 3871 4066">
     <span class='ocr_line' id='line_1_113' title="bbox 2182 3994 3871 4066; baseline -0.001 -13"><span class='ocrx_word' id='word_1_861' title='bbox 2182 3999 2267 4053; x_wconf 86' lang='grc' dir='ltr'>Σὺ</span> <span class='ocrx_word' id='word_1_862' title='bbox 2310 3996 2381 4051; x_wconf 82' lang='grc' dir='ltr'>δὲ</span> <span class='ocrx_word' id='word_1_863' title='bbox 2420 3998 2478 4051; x_wconf 86' lang='grc' dir='ltr'>τί</span> <span class='ocrx_word' id='word_1_864' title='bbox 2509 3997 2732 4064; x_wconf 83' lang='grc' dir='ltr'>κρίνεις</span> <span class='ocrx_word' id='word_1_865' title='bbox 2785 3994 2895 4049; x_wconf 80' lang='grc' dir='ltr'>τὸν</span> <span class='ocrx_word' id='word_1_866' title='bbox 2922 3994 3192 4064; x_wconf 70' lang='grc' dir='ltr'>ἀδελφόν</span> <span class='ocrx_word' id='word_1_867' title='bbox 3224 4011 3372 4059; x_wconf 87' lang='grc' dir='ltr'>σου;</span> <span class='ocrx_word' id='word_1_868' title='bbox 3415 3994 3555 4048; x_wconf 78' lang='grc' dir='ltr'>Ἀλλ’</span> <span class='ocrx_word' id='word_1_869' title='bbox 3602 3995 3724 4066; x_wconf 83' lang='grc' dir='ltr'>οὐχ,</span> <span class='ocrx_word' id='word_1_870' title='bbox 3764 3997 3871 4051; x_wconf 77' lang='grc' dir='ltr'>ὅτε</span> 
     </span>
    </p>
   </div>
   <div class='ocr_carea' id='block_1_113' title="bbox 2182 4075 3872 4149">
    <p class='ocr_par' dir='ltr' id='par_1_113' title="bbox 2182 4075 3872 4149">
     <span class='ocr_line' id='line_1_114' title="bbox 2182 4075 3872 4149; baseline -0.001 -15"><span class='ocrx_word' id='word_1_871' title='bbox 2182 4078 2583 4134; x_wconf 86' lang='grc' dir='ltr'>Κολοσσαεῦσιν</span> <span class='ocrx_word' id='word_1_872' title='bbox 2631 4076 2950 4139; x_wconf 87' lang='grc' dir='ltr'>ἐπέστειλε,</span> <span class='ocrx_word' id='word_1_873' title='bbox 2994 4076 3153 4131; x_wconf 88' lang='grc' dir='ltr'>τοῦτο</span> <span class='ocrx_word' id='word_1_874' title='bbox 3201 4077 3479 4149; x_wconf 88' lang='grc' dir='ltr'>ἐποίησεν,</span> <span class='ocrx_word' id='word_1_875' title='bbox 3525 4075 3661 4130; x_wconf 87' lang='grc' dir='ltr'>ἀλλά</span> <span class='ocrx_word' id='word_1_876' title='bbox 3715 4082 3872 4147; x_wconf 83' lang='grc' dir='ltr'>μετά</span> 
     </span>
    </p>
   </div>
   <div class='ocr_carea' id='block_1_114' title="bbox 2184 4156 3871 4231">
    <p class='ocr_par' dir='ltr' id='par_1_114' title="bbox 2184 4156 3871 4231">
     <span class='ocr_line' id='line_1_115' title="bbox 2184 4156 3871 4231; baseline -0.001 -18"><span class='ocrx_word' id='word_1_877' title='bbox 2184 4159 2388 4231; x_wconf 86' lang='grc' dir='ltr'>πολλῆς</span> <span class='ocrx_word' id='word_1_878' title='bbox 2415 4157 2666 4223; x_wconf 85' lang='grc' dir='ltr'>ἐξουσίας</span> <span class='ocrx_word' id='word_1_879' title='bbox 2692 4158 2788 4211; x_wconf 76' lang='grc' dir='ltr'>καὶ</span> <span class='ocrx_word' id='word_1_880' title='bbox 2818 4156 3159 4211; x_wconf 79' lang='grc' dir='ltr'>καθάπτεται</span> <span class='ocrx_word' id='word_1_881' title='bbox 3190 4156 3390 4221; x_wconf 83' lang='grc' dir='ltr'>αὐτῶν,</span> <span class='ocrx_word' id='word_1_882' title='bbox 3423 4157 3517 4210; x_wconf 79' lang='grc' dir='ltr'>καὶ</span> <span class='ocrx_word' id='word_1_883' title='bbox 3550 4156 3871 4225; x_wconf 83' lang='grc' dir='ltr'>φιλοσοφεῖ,</span> 
     </span>
    </p>
   </div>
   <div class='ocr_carea' id='block_1_115' title="bbox 2182 4234 3874 4307">
    <p class='ocr_par' dir='ltr' id='par_1_115' title="bbox 2182 4234 3874 4307">
     <span class='ocr_line' id='line_1_116' title="bbox 2182 4234 3874 4307; baseline 0 -15"><span class='ocrx_word' id='word_1_884' title='bbox 2182 4238 2384 4307; x_wconf 90' lang='grc' dir='ltr'>λέγων·</span> <span class='ocrx_word' id='word_1_885' title='bbox 2427 4237 2523 4306; x_wconf 79' lang='grc' dir='ltr'>Μὴ</span> <span class='ocrx_word' id='word_1_886' title='bbox 2558 4236 2672 4291; x_wconf 79' lang='grc' dir='ltr'>οὖν</span> <span class='ocrx_word' id='word_1_887' title='bbox 2718 4252 2811 4303; x_wconf 85' lang='grc' dir='ltr'>τις</span> <span class='ocrx_word' id='word_1_888' title='bbox 2849 4235 3007 4306; x_wconf 82' lang='grc' dir='ltr'>ὑμᾶς</span> <span class='ocrx_word' id='word_1_889' title='bbox 3049 4234 3296 4304; x_wconf 79' lang='grc' dir='ltr'>κρινέτω</span> <span class='ocrx_word' id='word_1_890' title='bbox 3335 4235 3407 4289; x_wconf 83' lang='grc' dir='ltr'>ὲν</span> <span class='ocrx_word' id='word_1_891' title='bbox 3447 4234 3673 4303; x_wconf 79' lang='grc' dir='ltr'>,βρώσει</span> <span class='ocrx_word' id='word_1_892' title='bbox 3715 4235 3753 4304; x_wconf 83' lang='grc' dir='ltr'>ἢ</span> <span class='ocrx_word' id='word_1_893' title='bbox 3788 4240 3874 4292; x_wconf 81' lang='grc' dir='ltr'>ἐν</span> 
     </span>
    </p>
   </div>
   <div class='ocr_carea' id='block_1_116' title="bbox 2181 4313 3869 4384">
    <p class='ocr_par' dir='ltr' id='par_1_116' title="bbox 2181 4313 3869 4384">
     <span class='ocr_line' id='line_1_117' title="bbox 2181 4313 3869 4384; baseline 0.001 -13"><span class='ocrx_word' id='word_1_894' title='bbox 2181 4322 2389 4373; x_wconf 76' lang='grc' dir='ltr'>πόσει·</span> <span class='ocrx_word' id='word_1_895' title='bbox 2423 4318 2520 4371; x_wconf 72' lang='grc' dir='ltr'>καὶ</span> <span class='ocrx_word' id='word_1_896' title='bbox 2551 4316 2714 4370; x_wconf 89' lang='grc' dir='ltr'>πάλιν</span> <span class='ocrx_word' id='word_1_897' title='bbox 2733 4333 2746 4347; x_wconf 76' lang='grc' dir='ltr'><strong>ο</strong></span> <span class='ocrx_word' id='word_1_898' title='bbox 2777 4318 2847 4370; x_wconf 84' lang='grc' dir='ltr'>Εἰ</span> <span class='ocrx_word' id='word_1_899' title='bbox 2872 4315 3200 4370; x_wconf 83' lang='grc' dir='ltr'>ἀπεθάνετε</span> <span class='ocrx_word' id='word_1_900' title='bbox 3229 4316 3297 4369; x_wconf 78' lang='grc' dir='ltr'>ἐν</span> <span class='ocrx_word' id='word_1_901' title='bbox 3324 4314 3559 4384; x_wconf 83' lang='grc' dir='ltr'>Χριστῷ</span> <span class='ocrx_word' id='word_1_902' title='bbox 3590 4313 3710 4369; x_wconf 81' lang='grc' dir='ltr'>ἀπὸ</span> <span class='ocrx_word' id='word_1_903' title='bbox 3737 4318 3869 4373; x_wconf 81' lang='grc' dir='ltr'>τῶν</span> 
     </span>
    </p>
   </div>
   <div class='ocr_carea' id='block_1_117' title="bbox 2180 4393 3867 4466">
    <p class='ocr_par' dir='ltr' id='par_1_117' title="bbox 2180 4393 3867 4466">
     <span class='ocr_line' id='line_1_118' title="bbox 2180 4393 3867 4466; baseline -0.007 -14"><span class='ocrx_word' id='word_1_904' title='bbox 2180 4398 2498 4466; x_wconf 81' lang='grc' dir='ltr'>στοιχείων</span> <span class='ocrx_word' id='word_1_905' title='bbox 2526 4396 2632 4450; x_wconf 88' lang='grc' dir='ltr'>τοῦ</span> <span class='ocrx_word' id='word_1_906' title='bbox 2666 4396 2919 4464; x_wconf 83' lang='grc' dir='ltr'>κόσμου,</span> <span class='ocrx_word' id='word_1_907' title='bbox 2947 4395 3005 4448; x_wconf 81' lang='grc' dir='ltr'>τί</span> <span class='ocrx_word' id='word_1_908' title='bbox 3047 4395 3128 4460; x_wconf 86' lang='grc' dir='ltr'>ὡς</span> <span class='ocrx_word' id='word_1_909' title='bbox 3169 4393 3380 4460; x_wconf 78' lang='grc' dir='ltr'>ζῶντες</span> <span class='ocrx_word' id='word_1_910' title='bbox 3408 4394 3478 4447; x_wconf 87' lang='grc' dir='ltr'>ἐν</span> <span class='ocrx_word' id='word_1_911' title='bbox 3517 4396 3728 4464; x_wconf 80' lang='grc' dir='ltr'>κόσμῳ</span> <span class='ocrx_word' id='word_1_912' title='bbox 3751 4396 3867 4453; x_wconf 81' lang='grc' dir='ltr'>δο-</span> 
     </span>
    </p>
   </div>
   <div class='ocr_carea' id='block_1_118' title="bbox 2181 4472 3867 4548">
    <p class='ocr_par' dir='ltr' id='par_1_118' title="bbox 2181 4472 3867 4548">
     <span class='ocr_line' id='line_1_119' title="bbox 2181 4472 3867 4548; baseline 0.003 -19"><span class='ocrx_word' id='word_1_913' title='bbox 2181 4476 2561 4548; x_wconf 83' lang='grc' dir='ltr'>γματίζεσθε;</span> <span class='ocrx_word' id='word_1_914' title='bbox 2597 4474 2695 4543; x_wconf 73' lang='grc' dir='ltr'>Μὴ</span> <span class='ocrx_word' id='word_1_915' title='bbox 2739 4474 2899 4542; x_wconf 69' lang='grc' dir='ltr'>ἅψῃ.</span> <span class='ocrx_word' id='word_1_916' title='bbox 2934 4473 3093 4542; x_wconf 81' lang='grc' dir='ltr'>μηδὲ</span> <span class='ocrx_word' id='word_1_917' title='bbox 3142 4473 3355 4540; x_wconf 75' lang='grc' dir='ltr'>γεύσῃ,</span> <span class='ocrx_word' id='word_1_918' title='bbox 3387 4472 3545 4539; x_wconf 82' lang='grc' dir='ltr'>μηδὲ</span> <span class='ocrx_word' id='word_1_919' title='bbox 3591 4475 3789 4543; x_wconf 73' lang='grc' dir='ltr'>θίγιις.</span> <span class='ocrx_word' id='word_1_920' title='bbox 3830 4479 3867 4534; x_wconf 80' lang='grc' dir='ltr'>ἁ</span> 
     </span>
    </p>
   </div>
   <div class='ocr_carea' id='block_1_119' title="bbox 2179 4550 3869 4626">
    <p class='ocr_par' dir='ltr' id='par_1_119' title="bbox 2179 4550 3869 4626">
     <span class='ocr_line' id='line_1_120' title="bbox 2179 4550 3869 4626; baseline -0.009 -14"><span class='ocrx_word' id='word_1_921' title='bbox 2179 4559 2311 4613; x_wconf 86' lang='grc' dir='ltr'>ἐστι</span> <span class='ocrx_word' id='word_1_922' title='bbox 2358 4556 2556 4611; x_wconf 79' lang='grc' dir='ltr'>πάντα</span> <span class='ocrx_word' id='word_1_923' title='bbox 2609 4556 2697 4623; x_wconf 84' lang='grc' dir='ltr'>εἰς</span> <span class='ocrx_word' id='word_1_924' title='bbox 2750 4554 2978 4622; x_wconf 71' lang='grc' dir='ltr'>φθορὰν</span> <span class='ocrx_word' id='word_1_925' title='bbox 3020 4550 3095 4620; x_wconf 75' lang='grc' dir='ltr'>τῇ</span> <span class='ocrx_word' id='word_1_926' title='bbox 3137 4550 3493 4619; x_wconf 69' lang='grc' dir='ltr'>ἀποχρήσει.</span> <span class='ocrx_word' id='word_1_927' title='bbox 3540 4551 3606 4604; x_wconf 87' lang='grc' dir='ltr'>Τί</span> <span class='ocrx_word' id='word_1_928' title='bbox 3650 4554 3869 4626; x_wconf 73' lang='grc' dir='ltr'>δήποτε·</span> 
     </span>
    </p>
   </div>
   <div class='ocr_carea' id='block_1_120' title="bbox 2180 4626 3865 4701">
    <p class='ocr_par' dir='ltr' id='par_1_120' title="bbox 2180 4626 3865 4701">
     <span class='ocr_line' id='line_1_121' title="bbox 2180 4626 3865 4701; baseline -0.007 -10"><span class='ocrx_word' id='word_1_929' title='bbox 2180 4633 2273 4691; x_wconf 80' lang='grc' dir='ltr'>οὖν</span> <span class='ocrx_word' id='word_1_930' title='bbox 2301 4636 2458 4690; x_wconf 92' lang='grc' dir='ltr'>τοῦτο</span> <span class='ocrx_word' id='word_1_931' title='bbox 2506 4637 2685 4701; x_wconf 71' lang='grc' dir='ltr'>ποιεῖς</span> <span class='ocrx_word' id='word_1_932' title='bbox 2719 4635 2843 4685; x_wconf 86' lang='grc' dir='ltr'>Ὅτι</span> <span class='ocrx_word' id='word_1_933' title='bbox 2888 4632 3087 4685; x_wconf 87' lang='grc' dir='ltr'>ἐκεῖνοι</span> <span class='ocrx_word' id='word_1_934' title='bbox 3129 4630 3226 4699; x_wconf 85' lang='grc' dir='ltr'>μὲν</span> <span class='ocrx_word' id='word_1_935' title='bbox 3257 4626 3400 4700; x_wconf 81' lang='grc' dir='ltr'>ἦσαν</span> <span class='ocrx_word' id='word_1_936' title='bbox 3441 4631 3673 4701; x_wconf 75' lang='grc' dir='ltr'>ἰσχυροὶ,</span> <span class='ocrx_word' id='word_1_937' title='bbox 3716 4635 3865 4690; x_wconf 85' lang='grc' dir='ltr'>Ῥω-</span> 
     </span>
    </p>
   </div>
   <div class='ocr_carea' id='block_1_121' title="bbox 2184 4710 3865 4790">
    <p class='ocr_par' dir='ltr' id='par_1_121' title="bbox 2184 4710 3865 4790">
     <span class='ocr_line' id='line_1_122' title="bbox 2184 4710 3865 4790; baseline -0.003 -17"><span class='ocrx_word' id='word_1_938' title='bbox 2184 4721 2334 4790; x_wconf 88' lang='grc' dir='ltr'>μαῖοι</span> <span class='ocrx_word' id='word_1_939' title='bbox 2378 4717 2435 4770; x_wconf 85' lang='grc' dir='ltr'>δὲ</span> <span class='ocrx_word' id='word_1_940' title='bbox 2478 4714 2679 4784; x_wconf 85' lang='grc' dir='ltr'>πολλῆς</span> <span class='ocrx_word' id='word_1_941' title='bbox 2723 4712 2804 4766; x_wconf 79' lang='grc' dir='ltr'>ἐτι</span> <span class='ocrx_word' id='word_1_942' title='bbox 2850 4712 2952 4782; x_wconf 86' lang='grc' dir='ltr'>τῆς</span> <span class='ocrx_word' id='word_1_943' title='bbox 2996 4710 3456 4780; x_wconf 82' lang='grc' dir='ltr'>συγκαταϐάσεως</span> <span class='ocrx_word' id='word_1_944' title='bbox 3488 4712 3717 4775; x_wconf 84' lang='grc' dir='ltr'>ἐδέοντο,</span> <span class='ocrx_word' id='word_1_945' title='bbox 3758 4717 3865 4770; x_wconf 79' lang='grc' dir='ltr'>καί</span> 
     </span>
    </p>
   </div>
   <div class='ocr_carea' id='block_1_122' title="bbox 2179 4790 3867 4869">
    <p class='ocr_par' dir='ltr' id='par_1_122' title="bbox 2179 4790 3867 4869">
     <span class='ocr_line' id='line_1_123' title="bbox 2179 4790 3867 4869; baseline -0.001 -19"><span class='ocrx_word' id='word_1_946' title='bbox 2179 4796 2468 4869; x_wconf 86' lang='grc' dir='ltr'>περιέμενε</span> <span class='ocrx_word' id='word_1_947' title='bbox 2498 4794 2763 4865; x_wconf 87' lang='grc' dir='ltr'>πρότερον</span> <span class='ocrx_word' id='word_1_948' title='bbox 2787 4791 2886 4863; x_wconf 78' lang='grc' dir='ltr'>τὴν</span> <span class='ocrx_word' id='word_1_949' title='bbox 2910 4790 3091 4844; x_wconf 84' lang='grc' dir='ltr'>πίστιν</span> <span class='ocrx_word' id='word_1_950' title='bbox 3118 4793 3177 4843; x_wconf 88' lang='grc' dir='ltr'>ἐν</span> <span class='ocrx_word' id='word_1_951' title='bbox 3202 4793 3321 4854; x_wconf 88' lang='grc' dir='ltr'>ταῖς</span> <span class='ocrx_word' id='word_1_952' title='bbox 3348 4790 3574 4844; x_wconf 83' lang='grc' dir='ltr'>ἐκείνων</span> <span class='ocrx_word' id='word_1_953' title='bbox 3603 4792 3867 4863; x_wconf 83' lang='grc' dir='ltr'>παγῆναι</span> 
     </span>
    </p>
   </div>
   <div class='ocr_carea' id='block_1_123' title="bbox 2177 4869 3865 4947">
    <p class='ocr_par' dir='ltr' id='par_1_123' title="bbox 2177 4869 3865 4947">
     <span class='ocr_line' id='line_1_124' title="bbox 2177 4869 3865 4947; baseline -0.001 -18"><span class='ocrx_word' id='word_1_954' title='bbox 2177 4876 2406 4947; x_wconf 71' lang='grc' dir='ltr'>ψυχαῖς,</span> <span class='ocrx_word' id='word_1_955' title='bbox 2452 4872 2705 4938; x_wconf 85' lang='grc' dir='ltr'>δεδοικὼς</span> <span class='ocrx_word' id='word_1_956' title='bbox 2744 4872 2819 4945; x_wconf 79' lang='grc' dir='ltr'>μὴ</span> <span class='ocrx_word' id='word_1_957' title='bbox 2853 4871 2961 4943; x_wconf 81' lang='grc' dir='ltr'>πρὸ</span> <span class='ocrx_word' id='word_1_958' title='bbox 3009 4869 3203 4942; x_wconf 83' lang='grc' dir='ltr'>καιροῦ</span> <span class='ocrx_word' id='word_1_959' title='bbox 3250 4872 3344 4925; x_wconf 91' lang='grc' dir='ltr'>τοῦ</span> <span class='ocrx_word' id='word_1_960' title='bbox 3395 4871 3605 4935; x_wconf 88' lang='grc' dir='ltr'>δέοντος</span> <span class='ocrx_word' id='word_1_961' title='bbox 3654 4872 3865 4928; x_wconf 83' lang='grc' dir='ltr'>θᾶττον</span> 
     </span>
    </p>
   </div>
   <div class='ocr_carea' id='block_1_124' title="bbox 2178 4949 3867 5024">
    <p class='ocr_par' dir='ltr' id='par_1_124' title="bbox 2178 4949 3867 5024">
     <span class='ocr_line' id='line_1_125' title="bbox 2178 4949 3867 5024; baseline -0.001 -15"><span class='ocrx_word' id='word_1_962' title='bbox 2178 4959 2273 5010; x_wconf 82' lang='grc' dir='ltr'>ἐπὶ</span> <span class='ocrx_word' id='word_1_963' title='bbox 2318 4955 2379 5010; x_wconf 85' lang='grc' dir='ltr'>τὸ</span> <span class='ocrx_word' id='word_1_964' title='bbox 2430 4954 2501 5009; x_wconf 86' lang='grc' dir='ltr'>τά</span> <span class='ocrx_word' id='word_1_965' title='bbox 2550 4953 2767 5020; x_wconf 78' lang='grc' dir='ltr'>ζιζάνια</span> <span class='ocrx_word' id='word_1_966' title='bbox 2817 4951 3130 5008; x_wconf 86' lang='grc' dir='ltr'>ἀνασπάσαι</span> <span class='ocrx_word' id='word_1_967' title='bbox 3176 4951 3366 5015; x_wconf 83' lang='grc' dir='ltr'>ἐλθὼν,</span> <span class='ocrx_word' id='word_1_968' title='bbox 3414 4949 3686 5024; x_wconf 75' lang='grc' dir='ltr'>πρόρριζα</span> <span class='ocrx_word' id='word_1_969' title='bbox 3735 4965 3867 5024; x_wconf 82' lang='grc' dir='ltr'>μετ’</span> 
     </span>
    </p>
   </div>
   <div class='ocr_carea' id='block_1_125' title="bbox 2178 5030 3863 5108">
    <p class='ocr_par' dir='ltr' id='par_1_125' title="bbox 2178 5030 3863 5108">
     <span class='ocr_line' id='line_1_126' title="bbox 2178 5030 3863 5108; baseline -0.004 -17"><span class='ocrx_word' id='word_1_970' title='bbox 2178 5035 2359 5091; x_wconf 84' lang='grc' dir='ltr'>αὐτῶν</span> <span class='ocrx_word' id='word_1_971' title='bbox 2412 5034 2805 5108; x_wconf 72' lang='grc' dir='ltr'>συνανασπέωῃ</span> <span class='ocrx_word' id='word_1_972' title='bbox 2862 5034 2956 5088; x_wconf 75' lang='grc' dir='ltr'>καὶ</span> <span class='ocrx_word' id='word_1_973' title='bbox 3002 5031 3072 5086; x_wconf 85' lang='grc' dir='ltr'>τά</span> <span class='ocrx_word' id='word_1_974' title='bbox 3109 5032 3210 5103; x_wconf 86' lang='grc' dir='ltr'>τῆς</span> <span class='ocrx_word' id='word_1_975' title='bbox 3262 5030 3450 5101; x_wconf 81' lang='grc' dir='ltr'>ὑγιοῦς</span> <span class='ocrx_word' id='word_1_976' title='bbox 3500 5032 3863 5096; x_wconf 77' lang='grc' dir='ltr'>διδασκαλίας</span> 
     </span>
    </p>
   </div>
   <div class='ocr_carea' id='block_1_126' title="bbox 2180 5109 3863 5186">
    <p class='ocr_par' dir='ltr' id='par_1_126' title="bbox 2180 5109 3863 5186">
     <span class='ocr_line' id='line_1_127' title="bbox 2180 5109 3863 5186; baseline -0.002 -16"><span class='ocrx_word' id='word_1_977' title='bbox 2180 5114 2344 5186; x_wconf 87' lang='grc' dir='ltr'>φυτά.</span> <span class='ocrx_word' id='word_1_978' title='bbox 2382 5114 2482 5169; x_wconf 84' lang='grc' dir='ltr'>Διὰ</span> <span class='ocrx_word' id='word_1_979' title='bbox 2512 5114 2669 5169; x_wconf 84' lang='grc' dir='ltr'>τοῦτο</span> <span class='ocrx_word' id='word_1_980' title='bbox 2697 5113 2821 5169; x_wconf 77' lang='grc' dir='ltr'>οὔτε</span> <span class='ocrx_word' id='word_1_981' title='bbox 2853 5113 3189 5168; x_wconf 84' lang='grc' dir='ltr'>καθικνεῖται</span> <span class='ocrx_word' id='word_1_982' title='bbox 3219 5110 3397 5165; x_wconf 80' lang='grc' dir='ltr'>αὐτῶν</span> <span class='ocrx_word' id='word_1_983' title='bbox 3431 5109 3693 5181; x_wconf 83' lang='grc' dir='ltr'>σφοδρῶς,</span> <span class='ocrx_word' id='word_1_984' title='bbox 3723 5110 3863 5166; x_wconf 72' lang='grc' dir='ltr'>οὔτε</span> 
     </span>
    </p>
   </div>
   <div class='ocr_carea' id='block_1_127' title="bbox 2178 5188 3862 5267">
    <p class='ocr_par' dir='ltr' id='par_1_127' title="bbox 2178 5188 3862 5267">
     <span class='ocr_line' id='line_1_128' title="bbox 2178 5188 3862 5267; baseline -0.005 -17"><span class='ocrx_word' id='word_1_985' title='bbox 2178 5196 2604 5266; x_wconf 77' lang='grc' dir='ltr'>ἀνεπιτιμήτους</span> <span class='ocrx_word' id='word_1_986' title='bbox 2645 5194 2891 5267; x_wconf 81' lang='grc' dir='ltr'>ἀφίησιν,</span> <span class='ocrx_word' id='word_1_987' title='bbox 2936 5192 3071 5246; x_wconf 83' lang='grc' dir='ltr'>ἀλλά</span> <span class='ocrx_word' id='word_1_988' title='bbox 3116 5193 3451 5247; x_wconf 79' lang='grc' dir='ltr'>καθάπτεται</span> <span class='ocrx_word' id='word_1_989' title='bbox 3487 5189 3607 5260; x_wconf 79' lang='grc' dir='ltr'>μὲν,</span> <span class='ocrx_word' id='word_1_990' title='bbox 3649 5188 3862 5241; x_wconf 86' lang='grc' dir='ltr'>ἀνυπὸ-</span> 
     </span>
    </p>
   </div>
   <div class='ocr_carea' id='block_1_128' title="bbox 2180 5271 3863 5344">
    <p class='ocr_par' dir='ltr' id='par_1_128' title="bbox 2180 5271 3863 5344">
     <span class='ocr_line' id='line_1_129' title="bbox 2180 5271 3863 5344; baseline -0.005 -11"><span class='ocrx_word' id='word_1_991' title='bbox 2180 5296 2329 5342; x_wconf 87' lang='grc' dir='ltr'>πτως</span> <span class='ocrx_word' id='word_1_992' title='bbox 2356 5277 2415 5331; x_wconf 83' lang='grc' dir='ltr'>δὲ</span> <span class='ocrx_word' id='word_1_993' title='bbox 2449 5277 2542 5330; x_wconf 73' lang='grc' dir='ltr'>καὶ</span> <span class='ocrx_word' id='word_1_994' title='bbox 2570 5276 2959 5339; x_wconf 86' lang='grc' dir='ltr'>λανθανόντως,</span> <span class='ocrx_word' id='word_1_995' title='bbox 2995 5274 3090 5329; x_wconf 77' lang='grc' dir='ltr'>καὶ</span> <span class='ocrx_word' id='word_1_996' title='bbox 3122 5275 3180 5327; x_wconf 91' lang='grc' dir='ltr'>ἐν</span> <span class='ocrx_word' id='word_1_997' title='bbox 3213 5276 3277 5344; x_wconf 83' lang='grc' dir='ltr'>τῇ</span> <span class='ocrx_word' id='word_1_998' title='bbox 3309 5272 3415 5327; x_wconf 87' lang='grc' dir='ltr'>τῶν</span> <span class='ocrx_word' id='word_1_999' title='bbox 3444 5272 3643 5342; x_wconf 86' lang='grc' dir='ltr'>ἐτέρων</span> <span class='ocrx_word' id='word_1_1000' title='bbox 3673 5271 3863 5325; x_wconf 84' lang='grc' dir='ltr'>ἐπιτι-</span> 
     </span>
    </p>
   </div>
   <div class='ocr_carea' id='block_1_129' title="bbox 2182 5350 3861 5429">
    <p class='ocr_par' dir='ltr' id='par_1_129' title="bbox 2182 5350 3861 5429">
     <span class='ocr_line' id='line_1_130' title="bbox 2182 5350 3861 5429; baseline -0.003 -19"><span class='ocrx_word' id='word_1_1001' title='bbox 2182 5359 2367 5429; x_wconf 88' lang='grc' dir='ltr'>μήσει.</span> <span class='ocrx_word' id='word_1_1002' title='bbox 2400 5354 2492 5426; x_wconf 82' lang='grc' dir='ltr'>Τῷ</span> <span class='ocrx_word' id='word_1_1003' title='bbox 2535 5354 2645 5426; x_wconf 83' lang='grc' dir='ltr'>γάρ</span> <span class='ocrx_word' id='word_1_1004' title='bbox 2682 5355 2881 5423; x_wconf 86' lang='grc' dir='ltr'>λέγειν,</span> <span class='ocrx_word' id='word_1_1005' title='bbox 2915 5353 2999 5418; x_wconf 79' lang='grc' dir='ltr'>Τῷ</span> <span class='ocrx_word' id='word_1_1006' title='bbox 3042 5352 3168 5417; x_wconf 77' lang='grc' dir='ltr'>ἰδίῳ</span> <span class='ocrx_word' id='word_1_1007' title='bbox 3206 5352 3389 5420; x_wconf 78' lang='grc' dir='ltr'>κυρίῳ</span> <span class='ocrx_word' id='word_1_1008' title='bbox 3426 5350 3635 5417; x_wconf 78' lang='grc' dir='ltr'>στήκει</span> <span class='ocrx_word' id='word_1_1009' title='bbox 3684 5350 3725 5418; x_wconf 74' lang='grc' dir='ltr'><strong>ἢ</strong></span> <span class='ocrx_word' id='word_1_1010' title='bbox 3749 5353 3861 5405; x_wconf 72' lang='grc' dir='ltr'>πί·-</span> 
     </span>
    </p>
   </div>
   <div class='ocr_carea' id='block_1_130' title="bbox 2178 5429 3859 5504">
    <p class='ocr_par' dir='ltr' id='par_1_130' title="bbox 2178 5429 3859 5504">
     <span class='ocr_line' id='line_1_131' title="bbox 2178 5429 3859 5504; baseline -0.005 -15"><span class='ocrx_word' id='word_1_1011' title='bbox 2178 5452 2332 5498; x_wconf 82' lang='grc' dir='ltr'>πτει,</span> <span class='ocrx_word' id='word_1_1012' title='bbox 2361 5435 2510 5488; x_wconf 88' lang='grc' dir='ltr'>δοκεῖ</span> <span class='ocrx_word' id='word_1_1013' title='bbox 2538 5434 2638 5504; x_wconf 81' lang='grc' dir='ltr'>μὲν</span> <span class='ocrx_word' id='word_1_1014' title='bbox 2668 5431 3039 5502; x_wconf 78' lang='grc' dir='ltr'>ἐπιστομίζειν</span> <span class='ocrx_word' id='word_1_1015' title='bbox 3072 5432 3163 5485; x_wconf 76' lang='grc' dir='ltr'>τὸν</span> <span class='ocrx_word' id='word_1_1016' title='bbox 3200 5431 3599 5501; x_wconf 87' lang='grc' dir='ltr'>ἐπιπλήττοντα</span> <span class='ocrx_word' id='word_1_1017' title='bbox 3628 5429 3859 5501; x_wconf 80' lang='grc' dir='ltr'>ἐκείνῳ,</span> 
     </span>
    </p>
   </div>
   <div class='ocr_carea' id='block_1_131' title="bbox 2178 5511 3858 5585">
    <p class='ocr_par' dir='ltr' id='par_1_131' title="bbox 2178 5511 3858 5585">
     <span class='ocr_line' id='line_1_132' title="bbox 2178 5511 3858 5585; baseline -0.003 -16"><span class='ocrx_word' id='word_1_1018' title='bbox 2178 5516 2238 5571; x_wconf 83' lang='grc' dir='ltr'>τὸ</span> <span class='ocrx_word' id='word_1_1019' title='bbox 2268 5516 2325 5569; x_wconf 84' lang='grc' dir='ltr'>δὲ</span> <span class='ocrx_word' id='word_1_1020' title='bbox 2362 5514 2562 5585; x_wconf 81' lang='grc' dir='ltr'>ἀληθὲς</span> <span class='ocrx_word' id='word_1_1021' title='bbox 2604 5513 2703 5584; x_wconf 87' lang='grc' dir='ltr'>τὴν</span> <span class='ocrx_word' id='word_1_1022' title='bbox 2748 5511 2937 5565; x_wconf 90' lang='grc' dir='ltr'>τούτου</span> <span class='ocrx_word' id='word_1_1023' title='bbox 2970 5511 3156 5567; x_wconf 87' lang='grc' dir='ltr'>δάκνει</span> <span class='ocrx_word' id='word_1_1024' title='bbox 3194 5512 3393 5583; x_wconf 76' lang='grc' dir='ltr'>ψυχὴν,</span> <span class='ocrx_word' id='word_1_1025' title='bbox 3436 5511 3714 5580; x_wconf 84' lang='grc' dir='ltr'>ἐμφαίνων</span> <span class='ocrx_word' id='word_1_1026' title='bbox 3764 5511 3858 5564; x_wconf 86' lang='grc' dir='ltr'>ὃτι</span> 
     </span>
    </p>
   </div>
   <div class='ocr_carea' id='block_1_132' title="bbox 2175 5589 3856 5663">
    <p class='ocr_par' dir='ltr' id='par_1_132' title="bbox 2175 5589 3856 5663">
     <span class='ocr_line' id='line_1_133' title="bbox 2175 5589 3856 5663; baseline -0.004 -14"><span class='ocrx_word' id='word_1_1027' title='bbox 2175 5596 2237 5649; x_wconf 88' lang='lat'>16</span> <span class='ocrx_word' id='word_1_1028' title='bbox 2265 5595 2333 5649; x_wconf 83' lang='grc' dir='ltr'>τὰ</span> <span class='ocrx_word' id='word_1_1029' title='bbox 2363 5593 2587 5647; x_wconf 86' lang='grc' dir='ltr'>τοιαῦτα</span> <span class='ocrx_word' id='word_1_1030' title='bbox 2628 5592 2903 5663; x_wconf 81' lang='grc' dir='ltr'>αἱρεῖσθαι</span> <span class='ocrx_word' id='word_1_1031' title='bbox 2931 5595 2993 5644; x_wconf 90' lang='grc' dir='ltr'>ού</span> <span class='ocrx_word' id='word_1_1032' title='bbox 3024 5591 3135 5647; x_wconf 87' lang='grc' dir='ltr'>τῶν</span> <span class='ocrx_word' id='word_1_1033' title='bbox 3168 5592 3399 5663; x_wconf 89' lang='grc' dir='ltr'>βεϐαίων</span> <span class='ocrx_word' id='word_1_1034' title='bbox 3427 5591 3549 5643; x_wconf 77' lang='grc' dir='ltr'>οὐδὲ</span> <span class='ocrx_word' id='word_1_1035' title='bbox 3589 5589 3702 5643; x_wconf 82' lang='grc' dir='ltr'>τῶν</span> <span class='ocrx_word' id='word_1_1036' title='bbox 3744 5607 3856 5643; x_wconf 85' lang='grc' dir='ltr'>πα-</span> 
     </span>
    </p>
   </div>
   <div class='ocr_carea' id='block_1_133' title="bbox 2176 5669 3854 5744">
    <p class='ocr_par' dir='ltr' id='par_1_133' title="bbox 2176 5669 3854 5744">
     <span class='ocr_line' id='line_1_134' title="bbox 2176 5669 3854 5744; baseline -0.006 -14"><span class='ocrx_word' id='word_1_1037' title='bbox 2176 5676 2309 5744; x_wconf 87' lang='grc' dir='ltr'>γίως</span> <span class='ocrx_word' id='word_1_1038' title='bbox 2355 5672 2605 5727; x_wconf 81' lang='grc' dir='ltr'>ἑστώτων</span> <span class='ocrx_word' id='word_1_1039' title='bbox 2649 5672 2818 5735; x_wconf 80' lang='grc' dir='ltr'>ἐστὶν,</span> <span class='ocrx_word' id='word_1_1040' title='bbox 2858 5671 2993 5725; x_wconf 88' lang='grc' dir='ltr'>ἀλλὰ</span> <span class='ocrx_word' id='word_1_1041' title='bbox 3031 5674 3139 5726; x_wconf 85' lang='grc' dir='ltr'>τῶν</span> <span class='ocrx_word' id='word_1_1042' title='bbox 3170 5672 3253 5725; x_wconf 75' lang='grc' dir='ltr'>ἔτι</span> <span class='ocrx_word' id='word_1_1043' title='bbox 3300 5670 3700 5738; x_wconf 87' lang='grc' dir='ltr'>σαλευομένων,</span> <span class='ocrx_word' id='word_1_1044' title='bbox 3736 5669 3854 5721; x_wconf 85' lang='grc' dir='ltr'>τῶν</span> 
     </span>
    </p>
   </div>
   <div class='ocr_carea' id='block_1_134' title="bbox 2174 5746 3853 5825">
    <p class='ocr_par' dir='ltr' id='par_1_134' title="bbox 2174 5746 3853 5825">
     <span class='ocr_line' id='line_1_135' title="bbox 2174 5746 3853 5825; baseline -0.007 -16"><span class='ocrx_word' id='word_1_1045' title='bbox 2174 5757 2222 5809; x_wconf 90' lang='grc' dir='ltr'>εἰ</span> <span class='ocrx_word' id='word_1_1046' title='bbox 2270 5755 2345 5825; x_wconf 76' lang='grc' dir='ltr'>μή</span> <span class='ocrx_word' id='word_1_1047' title='bbox 2392 5754 2576 5806; x_wconf 87' lang='grc' dir='ltr'>σταῖεν</span> <span class='ocrx_word' id='word_1_1048' title='bbox 2606 5754 2700 5806; x_wconf 73' lang='grc' dir='ltr'>καὶ</span> <span class='ocrx_word' id='word_1_1049' title='bbox 2745 5754 2932 5805; x_wconf 79' lang='grc' dir='ltr'>πεσεῖν</span> <span class='ocrx_word' id='word_1_1050' title='bbox 2965 5750 3403 5805; x_wconf 82' lang='grc' dir='ltr'>κινδυνευόντων.</span> <span class='ocrx_word' id='word_1_1051' title='bbox 3453 5749 3558 5801; x_wconf 84' lang='grc' dir='ltr'>Τὸν</span> <span class='ocrx_word' id='word_1_1052' title='bbox 3588 5747 3753 5806; x_wconf 65' lang='grc' dir='ltr'>αὐτὸν</span> <span class='ocrx_word' id='word_1_1053' title='bbox 3780 5746 3853 5818; x_wconf 81' lang='grc' dir='ltr'>δὴ</span> 
     </span>
    </p>
   </div>
   <div class='ocr_carea' id='block_1_135' title="bbox 2175 5826 3842 5904">
    <p class='ocr_par' dir='ltr' id='par_1_135' title="bbox 2175 5826 3842 5904">
     <span class='ocr_line' id='line_1_136' title="bbox 2175 5826 3842 5904; baseline -0.007 -13"><span class='ocrx_word' id='word_1_1054' title='bbox 2175 5836 2448 5892; x_wconf 76' lang='grc' dir='ltr'>κάνταῦθα</span> <span class='ocrx_word' id='word_1_1055' title='bbox 2488 5834 2746 5904; x_wconf 70' lang='grc' dir='ltr'>φυλάττςι</span> <span class='ocrx_word' id='word_1_1056' title='bbox 2803 5834 2988 5903; x_wconf 75' lang='grc' dir='ltr'>νόμον,</span> <span class='ocrx_word' id='word_1_1057' title='bbox 3032 5832 3119 5886; x_wconf 69' lang='grc' dir='ltr'>διὰ</span> <span class='ocrx_word' id='word_1_1058' title='bbox 3172 5831 3262 5901; x_wconf 78' lang='grc' dir='ltr'>τὴν</span> <span class='ocrx_word' id='word_1_1059' title='bbox 3304 5827 3504 5898; x_wconf 70' lang='grc' dir='ltr'>πολλὴν</span> <span class='ocrx_word' id='word_1_1060' title='bbox 3553 5826 3842 5881; x_wconf 80' lang='grc' dir='ltr'>ἀσθέν;ιαν</span> 
     </span>
    </p>
   </div>
   <div class='ocr_carea' id='block_1_136' title="bbox 2238 5960 2705 6019">
    <p class='ocr_par' dir='ltr' id='par_1_136' title="bbox 2238 5960 2705 6019">
     <span class='ocr_line' id='line_1_137' title="bbox 2238 5960 2705 6019; baseline -0.009 -8"><span class='ocrx_word' id='word_1_1061' title='bbox 2238 5974 2262 6002; x_wconf 71' lang='grc' dir='ltr'>ε</span> <span class='ocrx_word' id='word_1_1062' title='bbox 2285 5961 2404 6019; x_wconf 64' lang='lat' dir='ltr'>Bck.</span> <span class='ocrx_word' id='word_1_1063' title='bbox 2437 5960 2705 6010; x_wconf 80' lang='grc' dir='ltr'>ἀπώλοντο.</span> 
     </span>
    </p>
   </div>
  </div>
