4056 6208
247 289 354 340 seu

245 412 318 450 an
339 395 592 465 reliqua?
611 411 681 451 an
703 397 921 470 coquis,
948 399 1272 462 textoribus,
1295 409 1494 455 caetero
1515 400 1742 455 servitio
1763 399 1842 453 in-

234 489 395 543 stat?
427 489 655 545 Minime
673 493 912 561 gentium
935 510 950 559 ;
973 494 1108 562 quin
1128 492 1263 546 nihil
1291 492 1485 548 horum
1503 492 1588 547 vel
1611 491 1834 564 cogitat,

229 581 332 637 sed
359 597 532 636 unum
564 582 617 635 id
643 583 877 648 laborat,
911 592 971 638 ut
1002 586 1240 638 animam
1275 599 1433 640 suam
1458 593 1670 640 tantum
1702 584 1837 638 tedi-

230 671 382 734 licet,
409 681 466 728 et
505 675 769 743 templum
801 675 934 730 illud
968 683 1218 731 sanctum
1271 677 1346 745 (l.
1377 673 1500 731 Cor.
1525 676 1696 746 5.17)
1728 691 1837 730 non

224 763 663 830 eineinnis,'aut
693 779 849 830 auro,
869 773 962 820 aut
997 767 1453 836 margaritis,non
1488 767 1714 831 intritis,
1749 782 1845 828 aut,

226 855 561 925 pigmentis,
583 856 758 910 nonid
775 873 946 927 genus
969 859 1235 914 molestiis
1254 867 1307 912 et
1327 859 1586 914 aerumnis
1603 860 1678 929 (l.
1699 857 1835 914 Tim.

225 945 282 1002 9..
311 947 383 1014 9)
413 947 516 1002 sed
541 949 708 1002 animi
728 962 892 1019 atque
911 951 1158 1020 corporis
1185 953 1552 1007 sanctimonia
1583 961 1834 1008 exornet.

229 1043 299 1093 At
323 1039 541 1110 Nupta,
559 1040 748 1110 inquit,
771 1051 914 1094 curat
937 1050 991 1094 ut
1015 1042 1120 1095 viro
1149 1041 1362 1109 placeat.
1392 1043 1467 1113 (I.
1490 1038 1608 1096 Cor.
1633 1042 1684 1094 7.
1709 1043 1776 1096 54
1796 1043 1836 1110 ).

228 1133 551 1188 Admodum
579 1134 850 1203 sapienter
875 1119 939 1187 ad
972 1134 1206 1202 ipsarum
1249 1150 1427 1189 rerum
1470 1150 1692 1189 examen
1734 1150 1839 1188 non

225 1225 545 1292 descendit,
575 1241 749 1296 neque
772 1241 834 1280 ea
860 1226 1318 1292 commemoravit,
1347 1242 1464 1295 quze
1489 1234 1549 1279 ut
1576 1226 1704 1280 viris
1729 1227 1841 1294 pla-

224 1328 391 1373 ceant
421 1328 480 1373 et
505 1333 734 1389 corpore
759 1327 813 1373 et
838 1319 1015 1385 animo
1041 1319 1328 1387 patiuntur,
1355 1317 1483 1371 illud
1508 1326 1836 1386 torquentes,

224 1409 742 1480 oblinentes,atque
756 1411 875 1464 aliis
894 1410 1045 1464 malis
1066 1410 1401 1477 mulctantes,
1418 1409 1559 1465 hunc
1576 1410 1842 1464 illiberali-

225 1500 1072 1568 tate,adulatione,simulatione,
1089 1501 1379 1563 simultate,
1397 1501 1590 1570 ineptis
1605 1509 1659 1556 et
1675 1501 1839 1555 inuti-

225 1593 372 1647 libus
398 1594 553 1648 curis
580 1595 895 1664 implentes;
927 1595 1020 1650 sed
1047 1609 1153 1649 uno
1174 1593 1342 1649 verbo
1363 1593 1480 1648 haec
1504 1594 1684 1654 omnia
1706 1593 1838 1648 sub—

226 1684 484 1740 indieans
517 1687 861 1755 recogitanda
887 1687 1188 1742 auditorum
1214 1687 1553 1752 conscientia:
1587 1686 1836 1756 reliquit;

226 1785 394 1846 atque
415 1777 490 1829 ita
502 1776 822 1846 virginitatis
849 1776 1208 1846 prmstantiam
1230 1777 1526 1840 declarans,
1545 1776 1612 1830 ad
1628 1778 1842 1831 caelum-

227 1882 333 1936 que
349 1882 476 1922 eam
497 1868 712 1934 tollens,
730 1884 941 1923 rursum
965 1883 1267 1924 sermonem
1290 1870 1355 1923 ad
1373 1869 1693 1924 matrimonii
1715 1885 1838 1939 per-

230 1962 557 2016 missionem
581 1961 817 2026 confert;
850 1961 1044 2031 ubique
1073 1962 1356 2027 sollicitus,
1382 1978 1446 2016 ne
1471 1961 1521 2016 id
1553 1963 1835 2031 quisquam

230 2062 570 2121 praeceptum
595 2067 715 2108 esse
755 2052 1121 2108 arbitraretur.
1153 2052 1510 2121 Quamobrem
1547 2067 1648 2107 nec
1676 2068 1839 2122 supe-

227 2143 483 2199 rioribus
507 2142 961 2198 cohortationibus
985 2153 1288 2211 contentus,
1317 2159 1439 2198 cum
1464 2145 1705 2210 dixisset,
1730 2143 1840 2198 Do-

227 2237 368 2289 mini
386 2247 697 2306 pra’ceptum
715 2253 815 2291 non
835 2237 1024 2300 habeo;
1046 2244 1118 2301 ct,
1143 2237 1205 2292 Si
1225 2238 1395 2306 nupsit
1416 2238 1576 2307 virgo,
1601 2254 1701 2292 non
1723 2254 1866 2308 pec-.

227 2329 363 2381 cari:
393 2343 415 2381 :
438 2329 633 2382 iterum
663 2328 750 2382 hic
783 2329 890 2394 ait,
921 2327 1044 2382 Non
1086 2338 1140 2382 ut
1177 2329 1411 2398 laqueum
1447 2329 1583 2383 vobis
1611 2329 1841 2396 injiciam

231 2417 412 2486 una.
440 2435 490 2473 v.
513 2419 606 2474 εδ.
628 2420 720 2474 28.
752 2419 819 2474 55
841 2420 879 2490 ).

297 2509 553 2564 LXXVI.
615 2509 738 2565 Non
775 2511 1147 2581 virginitatem,
1196 2509 1285 2564 sed
1331 2519 1555 2564 nostram
1604 2509 1840 2564 inertiam

229 2618 334 2654 me
375 2602 648 2670 laqueum.
671 2633 743 2642 —
769 2600 827 2656 In
858 2617 964 2672 quo
1005 2603 1197 2656 merito
1225 2601 1327 2657 hoc
1351 2601 1506 2656 alicui
1533 2602 1840 2671 scrupulum

229 2704 474 2759 moveat,
505 2710 615 2764 quo
639 2704 791 2764 pacto
817 2695 905 2766 qui
933 2711 1046 2749 rem
1073 2710 1234 2764 supra
1262 2694 1603 2750 vinculorum
1621 2694 1843 2750 solutio-

230 2802 352 2841 nem
384 2795 550 2841 vocet
573 2827 589 2851 ,
621 2797 675 2840 et
703 2785 770 2840 ad
811 2787 1092 2842 utilitatem
1134 2797 1372 2842 nostram
1414 2802 1530 2841 eam
1560 2786 1842 2841 consulere

227 2876 396 2942 dicat,
433 2893 505 2932 ne
538 2877 784 2932 miserias
808 2876 1118 2942 habeamus,
1147 2885 1204 2932 ut
1229 2877 1346 2933 sine
1377 2877 1734 2932 sollicitudine
1761 2877 1840 2933 si-

231 2985 349 3023 mus
373 3011 394 3035 ,
427 2979 484 3024 et
513 2971 659 3040 quod
689 2969 842 3024 nobis
870 2979 1147 3040 parceret,
1178 2980 1337 3040 atque
1367 2970 1433 3025 iis
1456 2971 1702 3026 omnibus
1726 2971 1842 3040 ejus

230 3062 511 3116 levitatem
549 3077 613 3116 ac
640 3061 945 3116 facilitatem
978 3069 1158 3129 notet,
1190 3061 1277 3116 hic
1312 3061 1489 3128 dicat,
1523 3060 1644 3116 Non
1677 3071 1731 3116 ut
1760 3063 1842 3118 la-

231 3171 421 3224 queum
436 3153 580 3208 vobis
596 3155 821 3224 injiciam
840 3154 856 3223 (
873 3153 900 3207 1
908 3153 1011 3208 bid.
1038 3169 1087 3208 v.
1111 3155 1178 3211 55
1195 3154 1251 3226 )?
1272 3154 1405 3221 Quid
1427 3155 1842 3225 igiturest?Non

236 3247 605 3317 virginitatem
635 3262 648 3298 :
680 3261 846 3316 apage
879 3263 892 3299 :
923 3247 1016 3301 sed
1045 3247 1095 3300 vi
1121 3255 1176 3302 et
1204 3247 1477 3302 coactione
1505 3247 1703 3302 bonum
1733 3247 1837 3304 hoc

233 3337 530 3407 amplecti,
572 3335 627 3390 id
671 3337 918 3406 laqueum
945 3347 1120 3392 vocat.
1161 3336 1294 3392 Nam
1334 3338 1403 3392 ita
1433 3352 1492 3393 se
1521 3354 1608 3394 res
1636 3337 1795 3394 habet
1823 3357 1836 3394 :

234 3427 500 3499 quidquid
526 3427 838 3498 compulsus
874 3437 928 3483 et
966 3428 1160 3482 invitus
1183 3427 1442 3498 suscipias
1461 3469 1475 3494 ,
1503 3430 1842 3499 quantumvis

236 3521 352 3577 leve
365 3522 460 3588 sit,
481 3519 851 3575 difficillimum
870 3519 1130 3585 redditur,
1148 3528 1203 3575 et
1214 3521 1297 3574 vel
1317 3531 1458 3576 reste
1469 3520 1682 3590 gravius
1697 3536 1842 3576 men-

239 3623 343 3668 tem
364 3611 689 3682 strangulat.
721 3609 843 3665 Ideo
867 3611 959 3677 ait,
977 3609 1096 3664 Non
1111 3621 1164 3664 ut
1187 3611 1417 3680 laqueum
1439 3610 1576 3664 vobis
1593 3611 1840 3680 injiciam.

240 3701 293 3757 Id
318 3713 439 3770 est,
471 3703 796 3773 virginitatis
825 3702 961 3756 bona
990 3701 1168 3756 omnia
1211 3701 1462 3771 preposui
1493 3711 1548 3756 et
1573 3701 1836 3770 explicui,

240 3806 398 3865 atque
437 3795 659 3850 interim
699 3802 820 3863 post
857 3793 972 3848 ιιωο
1012 3794 1190 3848 omnia
1231 3794 1502 3863 optionem
1531 3793 1681 3850 vobis
1721 3809 1840 3863 per-

239 3886 415 3951 mitto,
439 3901 553 3940 non
580 3886 775 3940 invitos
800 3885 866 3940 ad
893 3885 1140 3940 virtutem
1166 3885 1348 3951 traho;
1378 3900 1552 3955 neque
1577 3886 1719 3941 enim
1744 3900 1840 3940 vos

240 3981 504 4037 afflictare
532 3982 722 4036 volens
759 3981 874 4037 haec
911 3982 1191 4049 consului,
1226 3982 1320 4037 sed
1349 3997 1419 4038 ne
1445 3982 1666 4038 honesta
1701 3983 1838 4038 assi-

240 4071 414 4127 duitas
456 4073 707 4126 humanis
735 4074 893 4128 rebus
935 4073 1227 4143 frangatur.
1256 4073 1459 4128 Videtis
1497 4083 1677 4129 autem
1708 4073 1838 4129 mihi

240 4173 295 4218 et
324 4164 410 4219 hic
457 4164 610 4218 Pauli
642 4163 971 4232 prudentiam
993 4205 1008 4230 ,
1035 4174 1093 4220 ut
1133 4165 1596 4234 deprecationihus
1627 4182 1838 4220 rursum

241 4253 673 4309 exhortationem
717 4254 910 4320 addat,
944 4269 1006 4309 ac
1048 4257 1359 4324 permittens
1401 4257 1662 4312 consulat.
1707 4257 1839 4312 Nam

243 4346 338 4415 qui
365 4345 530 4411 dicit,
565 4345 687 4400 Non
709 4363 833 4418 cogo
855 4388 871 4413 ,
901 4349 990 4402 sed
1016 4348 1225 4411 hortor;
1252 4363 1314 4401 ac
1347 4348 1588 4415 subjicitl,
1617 4348 1840 4418 Propter

249 4435 554 4492 honestatem
594 4447 641 4489 et
679 4438 1016 4492 assiduitatem
1057 4438 1232 4508 (Ibid.
1291 4456 1338 4494 v.
1384 4439 1488 4512 55)
1529 4439 1841 4510 virginitatis

250 4527 714 4583 admirabilitatem
739 4539 896 4598 atque
923 4529 1184 4596 fructum,
1210 4531 1298 4600 qui
1338 4546 1404 4586 ex
1425 4546 1487 4586 ea
1515 4532 1581 4586 ad
1607 4532 1837 4588 divinam

249 4618 403 4671 vitam
421 4629 628 4684 manat,
647 4621 896 4674 ostendit.
920 4621 1102 4691 Neque
1123 4621 1262 4675 enim
1279 4629 1451 4688 potest
1464 4638 1580 4692 qua:
1597 4623 1840 4680 humanis

245 4712 388 4764 curis
409 4712 734 4780 implicatur,
757 4720 812 4767 et
837 4711 939 4766 huc
965 4713 1089 4768 illuc
1108 4712 1441 4780 distrahitur,
1464 4714 1674 4770 assidua
1696 4729 1837 4780 esse,

242 4802 425 4858 studio
453 4804 605 4858 omni
630 4813 788 4873 atque
811 4804 920 4858 otio
947 4804 1000 4858 in
1029 4805 1190 4860 multa
1225 4805 1525 4873 distributo,
1559 4807 1610 4860 in
1641 4807 1836 4873 virum,

245 4909 308 4950 ac
335 4895 552 4950 familia:
586 4910 768 4950 curam
788 4936 805 4963 ,
835 4897 1045 4968 aliaque
1080 4907 1268 4954 cuncta
1298 4914 1415 4969 qua:
1445 4903 1839 4957 matrimonium

241 4986 526 5040 attrahere
551 4986 711 5041 solet.

315 5075 584 5131 LXXVII.
621 5077 748 5144 Qua:
775 5077 837 5132 de
861 5078 1068 5134 terrenis
1106 5079 1252 5134 rebus
1294 5080 1510 5134 sollicita
1533 5081 1634 5145 sit,
1675 5082 1832 5152 virgi-

243 5184 356 5221 nem
370 5185 472 5222 non
489 5169 835 5236 essen—Quid
854 5185 998 5232 vero,
1015 5171 1201 5240 inquit,
1217 5171 1260 5226 si
1274 5179 1327 5226 et
1343 5171 1488 5240 virgo
1499 5171 1566 5225 dc
1579 5172 1756 5228 multis
1775 5173 1842 5228 la-

243 5261 416 5331 boret,
431 5272 596 5332 atque
612 5261 838 5317 humana
860 5264 1046 5318 curet?
1064 5266 1270 5334 Apage:
1294 5264 1382 5334 qui
1399 5264 1657 5334 virginum
1675 5265 1839 5320 choro

244 5369 361 5409 eam
377 5355 666 5410 exemeris.
680 5356 950 5422 Siquidem
968 5355 1032 5410 ad
1055 5357 1307 5426 virginem
1328 5357 1676 5426 prmstandam
1699 5357 1839 5412 haud

250 5448 378 5501 satis
416 5458 636 5503 estnon
684 5450 964 5518 nupsisse,
1010 5449 1105 5505 sed
1146 5451 1308 5504 animi
1339 5465 1548 5520 quoque
1597 5450 1839 5505 castitate

248 5552 379 5608 opus
423 5549 546 5607 est;
595 5541 891 5595 castitatem
927 5551 1102 5598 autem
1135 5543 1404 5613 intelligo,
1449 5558 1552 5596 non
1586 5541 1722 5597 fceda
1770 5557 1839 5598 ac

250 5627 509 5698 flagitiosa
540 5631 713 5685 solum
742 5630 960 5688 libidine
981 5672 996 5699 ,
1025 5643 1244 5701 ornatu,
1277 5633 1585 5689 curiositate
1609 5648 1834 5698 vacare;

251 5719 344 5774 sed
382 5721 504 5776 vita:
532 5721 693 5777 etiam
720 5724 864 5778 curis
890 5723 1111 5784 solutam
1152 5741 1274 5785 esse
1303 5741 1365 5786 ac
1393 5723 1617 5782 liberam
1646 5742 1658 5780 :
1692 5724 1835 5794 quod

1637 289 1724 344 DE
1769 287 2220 345 VII‘iGll‘ilTATE.

3428 307 3532 362 590

1947 399 1998 453 ni
2025 400 2127 462 sit,
2156 415 2405 469 quorsum
2435 404 2673 474 corporis
2710 405 3047 463 castitatem?
3071 408 3201 478 Nam
3237 419 3294 468 ut
3319 414 3522 481 milite,

1942 490 2032 560 qui
2053 491 2272 561 ahjectis
2295 493 2459 548 armis
2484 494 2535 549 in
2563 497 2772 566 p0pinis
2793 509 3102 569 occupetur,
3141 500 3272 557 nihil
3295 504 3524 574 turpius:

1943 581 2015 635 ita
2062 597 2160 637 nec
2205 583 2409 653 virgine
2441 584 2563 640 vita:
2605 588 2747 643 curis
2774 589 3030 646 obstricta
3055 591 3343 664 quidquam
3374 596 3528 652 inho-

1944 675 2166 727 nestius.
2211 675 2418 730 Etenim
2464 678 2695 749 quinque
2739 681 2845 734 illa:
2873 691 2927 736 et
2973 683 3218 739 lucernas
3258 684 3526 744 habebant

1945 763 1963 828 (
1989 765 2176 821 Matth.
2204 767 2275 822 ‘25
2299 768 2318 840 )
2345 811 2359 834 ,
2403 779 2458 825 et
2484 772 2841 840 virginitatem
2885 789 3265 834 exercuerant:
3298 797 3525 851 quorum

1943 858 2070 912 nihil
2093 860 2172 916 cis
2191 862 2406 930 profuit,
2435 864 2528 919 sed
2551 865 2744 920 clausis
2764 866 2964 923 foribus
2979 870 3209 927 exclusa:
3232 877 3523 944 perierunt.

1941 948 2145 1020 Quippe
2166 953 2235 1007 ob
2261 953 2311 1007 id
2333 967 2588 1022 praestans
2609 967 2692 1011 est
2712 959 3005 1029 virginitas,
3031 962 3170 1031 quod
3191 979 3404 1020 onmem
3430 983 3524 1023 su-

1945 1057 2216 1110 pcrvacuze
2233 1059 2373 1100 cura:
2390 1062 2573 1101 ansam
2598 1050 2877 1118 praecedat,
2899 1053 3062 1107 otium
3076 1069 3233 1110 omne
3249 1065 3407 1126 atque
3418 1069 3532 1114 stu-

1942 1133 2086 1186 dium
2120 1135 2313 1190 divinis
2340 1140 2591 1206 operibus
2620 1156 2977 1198 consecratis:
3007 1146 3149 1214 quod
3176 1148 3277 1202 nisi
3306 1148 3520 1215 habeat,

1942 1225 2280 1279 matrimonio
2308 1227 2463 1297 longe
2488 1229 2723 1285 deterior
2756 1241 2836 1286 est
2857 1273 2870 1297 ,
2915 1234 3093 1302 spinas
3121 1235 3171 1290 in
3213 1238 3390 1292 animo
3415 1240 3520 1294 cir-

1941 1314 2265 1383 cumferens,
2292 1327 2344 1371 et
2370 1319 2660 1389 legitimum
2691 1338 2756 1378 ac
2783 1325 2996 1381 caeleSte
3024 1341 3207 1384 semen
3235 1330 3522 1387 sull‘ocans.

2013 1408 2291 1464 LXXVIII.
2319 1410 2420 1466 Cur
2443 1430 2543 1468 non
2586 1417 2767 1470 acriter
2794 1433 2908 1470 eum
2955 1428 3170 1490 carpat,
3225 1423 3312 1492 qui
3335 1423 3388 1478 in
3415 1425 3519 1490 vir:

1941 1498 2056 1566 giae
2071 1515 2163 1552 sua
2183 1500 2473 1555 indecorum
2492 1521 2546 1557 se
2564 1521 2670 1559 esse
2689 1515 2850 1576 putat.
2865 1508 2936 1548 '—
2958 1509 3148 1579 Siquis
3169 1521 3358 1578 autem,
3405 1514 3481 1568 ait
3504 1556 3521 1580 ,

1946 1597 2144 1659 turpem
2175 1608 2229 1644 se
2253 1592 2411 1646 videri
2437 1596 2686 1650 existimat
2729 1615 2880 1669 super
2916 1601 3106 1671 virgine
3131 1619 3224 1656 sua
3244 1643 3258 1668 ,
3291 1605 3428 1673 quod
3461 1607 3525 1660 sit

1941 1683 2288 1750 superadalta,
2317 1696 2467 1756 atque
2489 1691 2560 1741 ita
2583 1691 2877 1758 faciendum
2906 1703 2997 1759 est,
3025 1696 3160 1764 quod
3188 1697 3316 1751 volet
3343 1699 3519 1768 faciat,

1942 1788 2044 1826 non
2084 1787 2284 1842 peccat:
2311 1777 2498 1832 nubant
2523 1780 2540 1850 (
2563 1782 2588 1834 1
2621 1779 2740 1835 Cor.
2765 1783 2818 1836 7.
2847 1783 2914 1838 56
2936 1783 2974 1854 ).
3019 1785 3196 1853 Itane,
3224 1787 3373 1853 Quod
3398 1790 3528 1844 volet

1943 1865 2139 1934 faciat?
2177 1884 2274 1924 nec
2298 1869 2484 1925 falsam
2527 1873 2971 1931 existimationem
3012 1879 3236 1949 corrigis
3259 1921 3274 1946 ,
3307 1881 3400 1936 sed
3429 1898 3528 1937 nu-

1941 1957 2070 2013 bere
2112 1961 2416 2028 permittis?
2455 1962 2562 2019 Cur
2582 1966 2723 2021 enim
2755 1983 2861 2023 non
2891 1969 3099 2036 dixisti,
3127 1971 3280 2038 Quod
3324 1975 3368 2028 si
3401 1977 3522 2044 quis

1941 2049 1994 2104 in
2025 2051 2228 2119 virgine
2255 2067 2349 2107 sua
2381 2053 2687 2110 indecorum
2712 2073 2831 2113 esse
2857 2069 3037 2127 putat,
3069 2061 3231 2116 miser
3258 2071 3312 2117 et
3345 2063 3526 2119 infelix

1942 2151 2058 2207 cst,
2092 2159 2203 2197 rem
2239 2152 2343 2199 tam
2381 2146 2748 2203 admirandam
2790 2149 3040 2206 infamem
3087 2151 3406 2209 arbitratus?
3433 2169 3530 2210 cur

1941 2249 2049 2290 non
2079 2237 2413 2303 consuluisti,
2442 2239 2692 2308 Opinione
2714 2256 2776 2297 ea
2805 2241 3046 2308 dimissa,
3082 2244 3241 2298 tiliam
3270 2260 3300 2298 a
3329 2246 3519 2300 matri~

1942 2327 2122 2381 monio
2149 2329 2368 2383 arcere?
2396 2329 2528 2396 Quia
2553 2371 2568 2396 ,
2601 2331 2840 2400 inquiet,
2869 2333 3060 2388 anima:
3088 2335 3191 2390 illa:
3231 2334 3520 2392 admodum

1859 2463 1866 2470 .
1942 2418 2168 2476 infirma:
2191 2431 2246 2476 et
2274 2421 2419 2476 humi
2445 2432 2696 2492 repentes
2723 2434 2906 2490 erant,
2959 2426 3168 2497 illaeque
3209 2428 3289 2483 sic
3315 2428 3522 2484 affecta:

1941 2509 2119 2565 statim
2160 2511 2226 2566 ad
2257 2512 2571 2582 virginitatis
2604 2529 2882 2570 sermones
2909 2515 3100 2571 adduci
3127 2533 3231 2572 non
3261 2527 3530 2588 poterant.

1942 2601 2075 2656 Nam
2103 2603 2191 2672 qui
2218 2603 2286 2658 ad
2315 2604 2497 2660 mundi
2541 2621 2630 2662 res
2672 2614 2779 2661 tam
2809 2615 2892 2662 est
2941 2608 3200 2664 attonitus
3224 2649 3240 2676 ,
3288 2619 3344 2664 et
3368 2609 3530 2679 hujus

1943 2694 2066 2748 vitae
2095 2695 2361 2762 laudator,
2395 2705 2454 2751 ut
2482 2706 2606 2766 post
2633 2705 2835 2752 tantam
2880 2698 3314 2754 exhortationem
3340 2741 3355 2767 ,
3384 2701 3528 2770 quod

1943 2785 2078 2840 czelo
2120 2786 2337 2856 dignum
2367 2795 2526 2842 estet
2553 2788 2778 2858 angelici
2827 2789 3048 2844 instituti
3093 2790 3292 2855 aliine,
3334 2791 3530 2860 probro

1946 2873 2239 2940 habuisset,
2270 2878 2552 2932 consilium
2570 2893 2634 2933 eo
2661 2878 2916 2934 inducens
2937 2881 3026 2950 qui
3052 2881 3295 2936 tulisset?
3321 2883 3382 2936 Et
3402 2883 3527 2952 quid

1945 2966 2162 3031 mirum,
2193 2969 2238 3022 si
2269 2968 2322 3022 id
2354 2969 2407 3022 in
2440 2984 2500 3024 re
2521 2984 2773 3025 concessa
2799 2970 2996 3026 Paulus
3022 2971 3169 3040 fecit,
3199 2975 3287 3043 qui
3309 2975 3446 3030 idem
3475 2976 3529 3030 in

1944 3059 2106 3113 vetita
2133 3068 2187 3114 ct
2223 3059 2494 3129 illegitima
2532 3059 2724 3116 faciat?
2770 3061 3014 3133 Exempli
3043 3078 3198 3118 causa
3235 3082 3249 3119 :
3279 3065 3524 3121 ciborum

1943 3149 2208 3205 delectum
2241 3150 2459 3216 habere,
2488 3160 2542 3206 et
2565 3153 2696 3207 alios
2723 3153 2969 3223 probare,
2997 3155 3129 3209 alios
3159 3156 3400 3224 rejicere,
3429 3158 3527 3212 Ju—

1943 3242 2108 3297 daica:
2136 3243 2514 3298 imbecillitatis
2538 3254 2686 3310 erat;
2714 3245 2928 3314 quidam
2959 3255 3133 3302 tamen
3166 3249 3304 3318 apud
3336 3249 3528 3304 Roma-

1944 3348 2043 3388 nos
2067 3349 2132 3388 ea
2161 3333 2524 3391 imbecillitate
2564 3335 2913 3392 laborabant:
2955 3354 3089 3409 quos
3134 3341 3268 3395 adeo
3311 3358 3414 3396 non
3443 3344 3528 3396 in-

1943 3425 2106 3478 ccssit
2147 3423 2527 3492 vehementer,
2576 3438 2633 3482 ut
2654 3427 2797 3484 aliud
2855 3429 3104 3499 quiddam
3153 3432 3324 3501 majus
3365 3435 3526 3488 etiam

1945 3515 2142 3584 faciat;
2179 3517 2392 3573 omissis
2417 3518 2558 3573 enim
2600 3520 2664 3574 iis
2692 3519 2781 3590 qui
2809 3532 3134 3590 peccassent,
3165 3525 3252 3594 qui
3279 3540 3372 3578 eos
3403 3541 3530 3594 pro-

1949 3607 2139 3664 hibere
2157 3608 2358 3664 vellent
2385 3609 2630 3679 objurgat
2654 3609 2740 3664 his
2759 3611 2967 3677 verbis,
2997 3611 3078 3666 Tu
3101 3624 3267 3667 autem
3290 3615 3412 3683 quid
3431 3617 3528 3685 ju-

1943 3699 2083 3754 dicas
2108 3703 2317 3771 fratrem
2343 3709 2483 3754 tuum
2513 3699 2697 3774 (Rom.
2731 3702 2818 3756 M.
2849 3701 2955 3775 10)
2978 3703 3002 3757 ?
3026 3705 3094 3758 At
3115 3720 3218 3758 non
3239 3705 3526 3762 Colossen-

1942 3793 2090 3849 sibus
2135 3795 2376 3849 scribens
2402 3794 2543 3849 idem
2590 3793 2753 3860 facit,
2799 3794 2896 3850 sed
2922 3811 3109 3866 magna
3135 3799 3451 3854 auctoritate
3475 3809 3531 3854 et

1943 3900 2036 3942 eos
2066 3885 2268 3955 carpit,
2315 3893 2369 3940 et
2397 3884 2798 3955 phiIOSOphatur
2823 3886 3006 3942 dicens
3035 3905 3048 3940 :
3093 3887 3258 3943 Nemo
3286 3907 3404 3960 ergo
3444 3906 3530 3945 vos

1933 3979 2132 4045 judicet
2171 3981 2224 4033 in
2270 3979 2378 4033 cibo
2406 3988 2554 4048 atque
2580 3987 2702 4049 potu
2743 3979 2895 4049 (Col.
2935 3980 2989 4034 2.
3033 3980 3160 4052 I6).
3205 3982 3270 4036 Et
3297 3998 3528 4040 rursum:

1944 4072 2006 4127 Si
2032 4089 2152 4144 ergo
2179 4075 2364 4128 mortui
2388 4074 2505 4128 estis
2547 4091 2662 4127 cum
2687 4073 2884 4130 Christo
2929 4075 2992 4128 ab
3021 4077 3274 4130 elementis
3317 4079 3518 4140 mundi,

1941 4164 2063 4234 quid
2089 4173 2342 4235 tamquam
2362 4165 2573 4220 viventes
2596 4166 2649 4218 in
2674 4165 2860 4218 nuntdo
2885 4166 3185 4220 decernitis?
3208 4165 3290 4220 Ne
3316 4167 3526 4235 tangito,

1944 4271 2041 4309 neu
2083 4265 2304 4324 gustato,
2351 4272 2448 4309 neu
2490 4264 2752 4308 attrectato
2776 4271 2794 4308 :
2837 4271 2950 4324 qua:
2977 4256 3150 4308 omnia
3191 4273 3285 4310 usu
3317 4269 3526 4324 pereunt

1945 4344 2123 4418 (Ibid.
2154 4360 2204 4400 v.
2232 4344 2444 4400 20.21.
2486 4345 2556 4398 ea
2582 4345 2620 4414 ).
2663 4345 2767 4402 Cur
2797 4344 2952 4412 igitur
2995 4344 3048 4398 id
3095 4343 3256 4417 facit?
3291 4345 3442 4413 Quod
3471 4345 3525 4402 hi

1944 4437 2241 4493 confirmati
2268 4447 2484 4492 essent:
2516 4437 2740 4492 Romani
2764 4437 2938 4492 adhuc
2966 4453 3152 4508 magna
3202 4438 3525 4510 indulgentia

1943 4541 2080 4597 opus
2109 4526 2388 4592 haberent,
2414 4536 2470 4583 et
2491 4536 2797 4596 expectaret
2825 4527 2935 4591 ille,
2963 4527 3088 4582 dum
3117 4527 3248 4583 fides
3269 4529 3321 4584 in
3342 4545 3526 4586 eorum

1945 4620 2094 4690 prius
2122 4617 2318 4673 animis
2344 4619 2817 4674 coustahiliretur:
2847 4619 3052 4674 veritus
3076 4634 3144 4674 ne
3171 4629 3294 4675 ante
3318 4630 3528 4690 tempus

1944 4681 2000 4767 et
2022 4727 2174 4782 aequo
2193 4711 2348 4766 citius
2368 4711 2566 4764 zizania
2583 4710 2841 4766 revellere
2861 4725 3141 4781 aggressus
3162 4709 3182 4783 (
3200 4681 3385 4764 Matth
3412 4681 3526 4782 I5),

1944 4820 2065 4859 cum
2106 4805 2172 4860 iis
2197 4819 2341 4860 sana:
2371 4803 2629 4859 doctrina:
2657 4805 2852 4872 stirpes
2882 4817 2985 4858 una
3027 4803 3187 4856 etiam
3213 4803 3514 4858 revelleret.

1944 4897 2124 4968 Itaque
2146 4913 2245 4952 nec
2265 4898 2458 4952 acriter
2485 4895 2719 4958 incessit,
2744 4910 2842 4948 nec
2863 4893 3266 4964 irreprchensos
3286 4894 3524 4960 dimittit,

1942 4989 2034 5044 sed
2056 4990 2191 5043 clam
2219 4998 2271 5042 et
2293 5003 2390 5042 nec
2409 4989 2682 5058 Opinantes
2710 4986 2762 5040 in
2786 4985 2904 5040 aliis
2927 4985 3248 5056 castigandis
3271 4985 3527 5056 perstrin-

1943 5082 2037 5151 git.
2059 5079 2192 5136 Nam
2223 5082 2311 5150 qui
2339 5081 2498 5143 dicat,
2529 5080 2637 5134 Suo
2667 5078 2871 5131 domino
2896 5086 3018 5141 stat,
3042 5085 3130 5130 aut
3159 5077 3296 5131 cadit
3322 5075 3516 5146 (Rom.

1946 5173 2032 5227 Η.
2076 5173 2172 5240 4),
2216 5171 2304 5226 ille
2339 5168 2632 5238 increpanti
2678 5168 2946 5223 silentium
2985 5167 3258 5236 imponere
3294 5165 3522 5234 videtur,

1943 5262 2039 5318 sed
2059 5277 2241 5317 revera
2260 5260 2516 5330 increpati
2542 5259 2681 5314 illius
2696 5260 2929 5314 animum
2945 5258 3156 5314 vellicat
3175 5275 3188 5310 :
3217 5256 3525 5325 ostendens,

1945 5353 2010 5408 iis
2035 5353 2191 5408 rebus
2210 5352 2329 5406 duci
2354 5367 2458 5404 non
2485 5349 2747 5405 stabilium
2775 5365 2895 5404 esse
2918 5357 2972 5404 et
2990 5347 3208 5403 firmiter
3228 5347 3524 5403 consisten~

1947 5444 2097 5502 tium.
2125 5443 2216 5498 sed
2240 5442 2331 5511 qui
2355 5441 2530 5496 adlmc
2550 5441 2799 5506 titubent,
2827 5441 3145 5510 quibusque,
3168 5439 3223 5494 ni
3249 5447 3408 5506 stent,
3434 5454 3526 5509 po-

1944 5539 2170 5591 riculum
2203 5542 2273 5591 slt
2305 5549 2372 5590 ne
2400 5535 2614 5592 cadant.
2647 5533 2900 5588 Eamdem
2930 5532 3098 5602 legem
3139 5541 3194 5588 et
3222 5532 3308 5587 hic
3351 5540 3532 5588 servat

1945 5638 2162 5701 propter
2188 5629 2447 5697 insignem
2497 5626 2917 5681 imbecillitatem
2960 5639 3145 5678 eorum
3193 5623 3387 5694 quibus
3422 5639 3526 5693 pu-

1946 5719 2179 5778 dendum
2230 5728 2417 5779 esset:
2459 5732 2628 5790 nequc
2656 5717 2796 5773 enim
2843 5724 3026 5785 aperte
3069 5731 3190 5772 cum
3237 5715 3387 5783 petit,
3426 5714 3529 5770 scd
