4056 6208
507 340 606 397 591

506 445 772 504 laudando
800 456 865 500 eo
888 442 977 513 qui
1007 455 1155 496 suam
1181 439 1436 508 virginem
1457 446 1638 492 servet
1662 436 1872 506 egregie
1897 434 2091 489 verbe-

504 550 609 597 rat.
649 538 782 595 Nam
812 536 938 606 quid
982 533 1099 589 ait?
1139 531 1243 585 Sed
1269 530 1354 602 qui
1390 539 1489 584 stat
1516 530 1691 598 firmus
1733 528 1787 581 in
1810 527 1959 581 corde
1999 541 2092 580 sua

506 633 607 701 (1.
636 629 754 684 Cor.
803 628 859 683 7.
899 627 970 683 57
995 627 1014 697 )
1039 643 1053 680 :
1080 623 1219 694 quod
1256 620 1321 676 ad
1346 619 1739 676 distinctionem
1762 618 1963 673 dictum
2010 625 2094 672 est

507 723 645 794 ejus,
671 720 762 792 qui
788 719 975 776 leviter
994 728 1047 774 et
1068 717 1221 772 facile
1245 715 1494 785 jactetur,
1523 727 1696 783 neque
1715 710 1889 765 adhuc
1910 710 2094 764 firmus

512 812 809 885 gradiatur,
835 825 934 867 nec
952 808 1177 864 viriliter
1201 816 1326 862 stet.
1360 804 1562 860 Deinde
1590 806 1711 875 quia
1741 803 1943 858 sciebat
1971 817 2092 855 ora-

509 904 713 961 tlonem
759 916 877 958 eam
923 900 1053 954 satis
1088 913 1229 963 esse,
1281 906 1338 951 ttt
1374 896 1490 966 ejus
1526 897 1757 949 animam
1802 904 2090 963 pungeret,

508 996 631 1052 vide
659 1007 718 1051 ut
743 1009 860 1051 eam
887 1007 1098 1047 rursum
1128 990 1363 1046 obnubat
1381 1029 1395 1052 ,
1425 1002 1639 1042 causam
1669 986 1807 1040 haud
1835 1001 1964 1040 sane
2008 1000 2095 1040 re-

510 1084 868 1157 prehensione
903 1082 1116 1153 dignam
1144 1078 1434 1136 atterendo.
1467 1078 1546 1133 Eo
1576 1077 1715 1132 enim
1760 1075 1902 1130 dicto
1926 1114 1943 1141 ,
1989 1074 2095 1129 Sed

508 1178 595 1250 qui
620 1185 720 1233 stat
742 1176 921 1247 ﬁrmus
944 1175 999 1228 in
1022 1173 1173 1228 corde
1198 1188 1312 1236 suo,
1353 1170 1536 1236 addit,
1568 1167 1690 1223 Non
1719 1167 1903 1222 habens
1929 1182 2097 1220 neces-

507 1274 702 1326 sitatem
724 1309 741 1334 ,
772 1275 1066 1339 potestatem
1102 1273 1271 1319 autem
1312 1262 1521 1317 habens.
1571 1260 1731 1331 Atqui
1766 1273 2097 1327 consequens

508 1371 625 1417 erat
654 1369 711 1416 ut
734 1361 957 1425 diceret,
987 1357 1093 1413 Sed
1120 1356 1212 1427 qui
1239 1364 1493 1412 constans
1515 1362 1598 1408 est
1619 1394 1636 1419 ,
1667 1368 1840 1422 neque
1870 1352 1918 1405 id
1951 1350 2099 1406 indc-

511 1467 697 1508 corum
738 1466 860 1507 esse
902 1458 1072 1520 putat.
1119 1447 1317 1504 Verum
1363 1446 1413 1502 id
1459 1445 1705 1501 acerbius
1729 1452 1866 1500 erat.
1917 1443 2099 1515 Itaque

515 1544 659 1600 aliud
685 1541 992 1606 substituit,
1022 1555 1145 1596 eum
1171 1539 1456 1595 consolans
1480 1546 1640 1609 atque
1667 1536 1734 1591 ad
1762 1537 1898 1591 hanc
1923 1537 2101 1607 potius

514 1649 734 1692 causam
763 1633 951 1690 venire
977 1646 1187 1703 passus.
1213 1629 1488 1701 Siquidem
1514 1629 1692 1684 minus
1720 1628 1993 1697 indignum
2017 1635 2101 1682 est

513 1735 780 1790 coactum,
825 1739 984 1794 quam
1013 1723 1263 1778 dedecori
1306 1720 1592 1775 habentem
1636 1718 1688 1773 id
1735 1729 1938 1773 vetare.
1964 1716 2100 1773 Nam

516 1815 648 1871 illud
688 1815 938 1871 imbecilli
967 1823 1021 1870 et
1050 1812 1229 1868 miseri
1256 1812 1420 1867 animi
1448 1819 1563 1874 est;
1598 1811 1700 1865 hoc
1727 1810 1885 1864 etiam
1911 1807 2101 1878 depra-

513 1907 663 1976 vati,
694 1923 795 1964 nec
820 1923 1000 1963 rerum
1047 1915 1294 1962 naturam
1336 1916 1480 1960 recte
1509 1904 1815 1959 discernere
1860 1902 2098 1957 scientis.

513 2001 621 2060 Sed
641 2001 878 2057 nondum
908 2001 1024 2057 huic
1051 1998 1262 2055 dicendi
1291 2007 1405 2053 erat
1427 1998 1574 2053 locus
1610 2015 1622 2052 :
1655 1996 1851 2051 etenim
1873 2009 1974 2051 nec
2003 2009 2101 2049 ne—

510 2096 759 2149 cessitate
788 2092 1125 2148 incumbente
1163 2089 1241 2145 fas
1267 2103 1388 2144 esse
1413 2104 1556 2153 eam,
1585 2103 1704 2158 qua:
1731 2087 1879 2157 virgo
1904 2086 2100 2156 degere

516 2186 820 2250 instituerit,
858 2198 1068 2246 arcere,
1104 2181 1199 2237 sed
1226 2181 1482 2263 adversus
1506 2180 1705 2239 omnia,
1737 2194 1856 2249 quae
1884 2177 2104 2248 prtecla-

518 2291 638 2332 rum
674 2276 778 2331 hoc
796 2275 1029 2330 studium
1056 2273 1384 2344 impediant,
1413 2271 1622 2326 fortiter
1650 2270 1924 2325 nitendum
1950 2283 2099 2333 esse,

513 2370 635 2426 audi
660 2368 786 2440 quid
820 2367 1066 2425 Christus
1108 2374 1361 2421 censeat:
1395 2363 1494 2432 Qui
1533 2372 1729 2434 patrem
1771 2370 1859 2415 aut
1895 2369 2104 2414 matrem

509 2471 648 2518 amat
685 2477 843 2533 supra
866 2476 946 2515 me
968 2501 984 2524 ,
1030 2475 1133 2513 non
1168 2466 1240 2513 est
1262 2473 1341 2511 me
1367 2456 1551 2526 dignus
1584 2452 1603 2527 (
1626 2452 1821 2508 Matth.
1851 2452 1939 2508 10.
1968 2452 2036 2507 57
2062 2452 2102 2521 ).

508 2556 715 2626 Quippe
740 2553 828 2609 ubi
852 2551 979 2623 quid
1007 2551 1117 2607 Deo
1144 2559 1418 2620 acceptum
1458 2546 1844 2618 persequimur,
1866 2544 2106 2613 quisquis

510 2644 792 2717 prohibet,
818 2659 911 2699 seu
938 2650 1118 2712 pater,
1160 2656 1254 2696 seu
1281 2648 1483 2705 mater,
1512 2652 1606 2694 seu
1637 2636 1955 2707 quicumque
1993 2635 2092 2701 sit,

512 2736 681 2794 hostis
708 2746 866 2806 atque
896 2733 1143 2790 inimicus
1168 2740 1251 2788 est
1274 2729 1570 2786 habendus.
1603 2727 1707 2784 Sed
1738 2727 1854 2781 lucc
1879 2725 2101 2791 Paulus,

515 2832 605 2903 qui
635 2830 937 2885 auditorum
966 2825 1417 2897 imperfectionem
1445 2822 1618 2878 adhuc
1642 2821 1946 2887 sustineret,
1977 2819 2108 2875 scri-

517 2926 616 2990 bit,
646 2922 927 2994 inquiens:
955 2919 1062 2976 Sed
1084 2919 1168 2991 qui
1187 2926 1283 2973 stat
1304 2919 1483 2986 firmus
1506 2932 1607 2970 non
1632 2914 1819 2969 habens
1839 2913 2109 2968 necessita-

512 3026 631 3071 tem.
673 3014 856 3085 Neque
896 3013 983 3068 hic
1020 3013 1199 3075 stetit,
1230 3010 1362 3073 etsi,
1397 3026 1498 3064 non
1525 3007 1711 3063 habens
1741 3008 2103 3075 necessitatem,

510 3116 589 3173 et,
618 3114 912 3180 potestatem
938 3104 1144 3169 habens,
1172 3102 1312 3158 idem
1340 3102 1477 3158 sint:
1504 3100 1598 3156 sed
1626 3100 1906 3156 sententiae
1934 3099 2101 3169 proli-

510 3201 697 3266 xitate,
719 3214 782 3254 ac
804 3198 1213 3269 permissionutn
1237 3193 1568 3259 assiduitate,
1594 3191 1814 3248 fractam
1838 3201 1891 3247 et
1911 3192 2107 3247 exilem

509 3299 742 3345 tuentem
768 3289 1002 3350 solatur;
1035 3295 1219 3356 postea
1253 3294 1317 3340 et
1341 3284 1564 3339 alteram
1607 3283 1813 3337 addens
1842 3296 2056 3336 causam
2087 3323 2103 3347 ,

516 3381 620 3449 Qui
646 3381 701 3434 in
738 3378 891 3433 corde
934 3394 1026 3432 suo
1052 3376 1246 3431 statuit.
1273 3374 1455 3445 Neque
1491 3374 1634 3430 enim
1663 3371 1857 3427 sufficit
1880 3373 2105 3427 liberum

510 3487 632 3528 esse
654 3513 670 3537 ,
700 3485 871 3541 neque
899 3470 1022 3525 hinc
1046 3470 1219 3524 solum
1265 3468 1324 3523 fit
1365 3468 1627 3523 obnoxius
1653 3507 1669 3532 ,
1698 3466 1794 3522 sed
1828 3467 1915 3523 ubi
1949 3466 2108 3537 eligat

513 3574 672 3634 atque
688 3568 905 3628 statuat,
934 3570 1043 3616 tum
1072 3575 1204 3616 vero
1227 3567 1372 3615 recte
1395 3557 1543 3614 facit.
1571 3558 1772 3615 Deinde
1797 3575 1864 3614 ne
1892 3567 2110 3630 propter

512 3653 779 3724 ingentem
802 3650 1182 3722 indulgentiam
1210 3649 1341 3704 nihil
1376 3649 1638 3705 interesse
1681 3649 1959 3713 crederes,
1992 3649 2095 3705 itcc

450 3774 455 3785 ι
513 3760 631 3800 rum
656 3743 942 3799 discrimen
969 3742 1107 3809 edit,
1142 3742 1327 3797 timide
1356 3741 1447 3798 ille
1473 3742 1707 3812 quidem,
1736 3742 1831 3797 sed
1869 3742 1978 3797 edit
2025 3750 2106 3797 ta-

404 3838 413 3841 ’
512 3850 636 3889 men
662 3834 746 3889 his
768 3833 978 3889 verbis:
1006 3832 1190 3901 Itaque
1214 3841 1264 3888 et
1291 3834 1378 3904 qui
1406 3833 1728 3886 matrimonio
1746 3833 1956 3903 jungit,
1988 3832 2110 3888 bene

514 3928 660 3998 facit,
687 3938 734 3983 et
754 3928 837 3997 qui
859 3926 1135 3998 nonjungit
1151 3926 1328 3980 melius
1359 3924 1482 3996 facit
1508 3922 1599 3997 (1.
1624 3923 1742 3980 Cor.
1763 3927 1817 3980 7.
1846 3926 1914 3980 38
1937 3927 1976 3996 ).
2000 3925 2113 3980 Cte-

514 4028 686 4075 terum
714 4026 915 4089 quanto
953 4017 1055 4074 hoc
1082 4018 1275 4072 melius
1297 4017 1387 4084 sit,
1423 4017 1509 4071 hic
1532 4032 1637 4071 non
1662 4018 1892 4086 explicat
1913 4017 2101 4072 eadem

513 4112 581 4167 de
606 4126 798 4167 causa:
825 4110 968 4181 quod
997 4110 1043 4165 si
1072 4110 1213 4165 scire
1252 4110 1356 4178 vis,
1388 4108 1514 4164 audi
1543 4109 1809 4164 dicentem
1835 4109 2104 4165 Christum

515 4202 627 4258 Nec
650 4201 860 4264 ducunt,
888 4218 978 4257 nec
1004 4200 1277 4267 ducuntur,
1300 4201 1391 4255 sed
1414 4209 1534 4255 sunt
1557 4200 1686 4255 sicut
1711 4199 1877 4270 angeli
1900 4201 1954 4254 in
1983 4201 2108 4256 creto

518 4294 538 4366 (
562 4292 750 4348 Matth.
776 4292 871 4348 22.
898 4289 1029 4364 50).
1073 4291 1265 4348 Vidisti
1287 4291 1576 4347 discrimen
1601 4330 1619 4357 ,
1671 4304 1779 4360 quo
1824 4291 2106 4361 virginitas

514 4386 792 4442 mortalem
821 4394 1040 4457 repente
1059 4385 1276 4451 attollit,
1309 4384 1468 4440 modo
1493 4399 1618 4440 vera
1645 4385 1715 4439 sit
1740 4384 2054 4454 virginitas?

585 4476 823 4532 LXXIX.
857 4476 1017 4532 Nulla
1040 4493 1095 4531 re
1119 4478 1408 4549 inferiorem
1435 4476 1592 4547 fuisse
1622 4475 1828 4546 Angelis
1855 4474 2024 4529 Elian:
2050 4484 2101 4530 et

515 4568 601 4639 qui
625 4568 733 4637 ejus
758 4566 966 4630 similes,
996 4566 1147 4637 idque
1173 4566 1472 4637 uirginitatis
1512 4567 1769 4635 beneﬁcio.
1793 4597 1866 4608 —
1891 4565 2102 4622 Etenim

515 4675 618 4730 qua
656 4672 716 4714 re
746 4657 814 4712 ab
846 4656 1047 4728 angelis
1081 4656 1396 4712 differebant
1431 4656 1611 4722 Elias,
1653 4657 1913 4723 Elisseus,
1944 4656 2106 4712 Joan-

517 4766 635 4817 nes,
656 4748 891 4820 germani
919 4747 973 4803 hi
996 4747 1312 4818 virginitatis
1335 4747 1636 4802 amatores?
1662 4746 1813 4801 Nulla
1840 4747 1939 4801 nisi
1961 4746 2102 4817 quod

517 4843 725 4899 mortali
746 4850 933 4897 natura
955 4848 1110 4897 erant
1127 4839 1366 4895 obstricti
1391 4857 1407 4895 :
1428 4848 1620 4895 cmtcra
1646 4839 1690 4893 si
1716 4839 1837 4907 quis
1857 4847 2105 4894 accurate

516 4936 768 5008 iuquirat,
791 4934 957 4990 nihilo
977 4934 1041 4990 iis
1060 4932 1293 4989 deterius
1312 4932 1529 4988 affectos
1549 4932 1800 4995 inveniet,
1822 4941 1980 5002 atque
2002 4931 2104 4987 hoc

517 5029 722 5098 ipsum,
756 5041 862 5097 quo
898 5025 1177 5082 inferiores
1212 5023 1560 5089 videbantur,
1586 5023 1740 5077 valde
1780 5022 1847 5077 ad
1893 5021 2102 5078 laudem

518 5118 662 5175 facit.
703 5117 834 5174 Nam
859 5116 912 5172 in
947 5124 1087 5172 terra
1110 5115 1393 5186 degentes,
1420 5128 1484 5169 ac
1511 5113 1749 5169 mortalis
1775 5123 1977 5168 naturae
2005 5128 2104 5169 ue-

517 5211 752 5268 cessitati
771 5208 1056 5280 subjectos,
1080 5207 1145 5263 ad
1174 5222 1294 5263 eam
1318 5202 1565 5262 virtulbm
1591 5205 1820 5261 evadere
1844 5204 2101 5274 potuisse,

517 5303 639 5359 vide
679 5310 891 5375 quanta:
932 5299 1288 5365 fortitudinis,
1323 5308 1534 5369 quanta:
1574 5297 1920 5367 philosorihim
1965 5306 2099 5352 erat.

518 5394 591 5449 At
615 5391 969 5464 virginitatem
1007 5407 1101 5448 eos
1138 5389 1272 5446 tales
1308 5404 1682 5459 comparasse,
1728 5387 1850 5443 hinc
1893 5387 2103 5457 perspi-

519 5500 679 5541 cuum
706 5492 808 5540 est.
832 5483 890 5541 Si
920 5483 1061 5540 enim
1089 5484 1342 5552 coniuges
1368 5491 1526 5551 atque
1554 5481 1747 5536 liberos
1776 5481 2102 5545 habuissent,

522 5592 628 5634 non
658 5585 767 5633 tam
796 5574 951 5632 facile
977 5575 1188 5633 deserta
1213 5573 1570 5640 babitassent,
1599 5588 1698 5629 nec
1724 5572 1867 5629 aedes
1895 5582 1947 5628 et
1975 5573 2104 5628 rell-

522 5684 683 5741 quum
707 5666 830 5724 vita:
852 5676 1160 5737 apparatum
1191 5664 1568 5735 neglexissent.
1595 5661 1744 5719 Nunc
1770 5667 1834 5718 iis
1858 5662 2105 5718 omnibus

523 5761 748 5820 vinculis
786 5758 974 5830 soluti,
1005 5758 1060 5816 in
1089 5768 1228 5815 terra
1258 5766 1399 5815 velut
1438 5756 1490 5813 in
1526 5756 1657 5813 cmlo
1682 5755 1937 5828 degentes
1971 5770 2101 5826 age-

1248 326 1302 383 S.
1342 324 1619 383 JOANNIS
1654 320 2129 380 CHRYSOSTOMI
2159 319 2471 377 ARCHIEP.
2495 301 3033 378 CONSTANTINOP.
3668 329 3776 383 599

2200 434 2348 500 bant,
2374 450 2478 489 non
2506 435 2812 504 parietibus,
2835 452 2939 491 non
2969 430 3125 503 tecto,
3151 452 3254 492 non
3284 447 3419 506 toro,
3445 456 3550 497 non
3574 430 3781 511 mensa,

2201 541 2306 580 non
2345 527 2450 581 alio
2495 527 2545 581 id
2584 544 2752 599 genus
2790 529 2898 583 ullo
2940 530 3234 601 indigentes
3262 549 3275 586 :
3303 534 3426 603 quin
3465 537 3653 591 caelum
3683 553 3784 606 pro

2205 626 2363 685 tecto,
2392 618 2609 673 humum
2637 636 2735 689 pro
2765 630 2899 688 toro,
2927 622 3262 677 solitudinem
3291 640 3387 695 pro
3410 642 3588 681 mensa
3618 628 3783 683 habe-

2200 711 2360 776 bant,
2390 727 2452 766 ac
2477 727 2595 782 qua:
2630 727 2718 768 res
2753 714 2873 769 aliis
2905 716 3058 770 famis
3094 731 3250 771 causa
3286 718 3552 785 videatur,
3587 721 3788 778 deserti

2202 804 2484 868 sterilitas,
2511 820 2571 860 ea
2601 808 2797 862 sanctis
2826 807 2930 863 illis
2954 808 3326 865 abundantiam
3355 814 3635 882 praestabat
3665 833 3678 867 :
3708 821 3788 869 si-

2201 894 2413 964 quidem
2440 910 2540 950 nec
2566 897 2784 963 vitibus,
2817 913 2917 953 nec
2936 900 3286 954 torcularibus
3306 902 3347 967 ι,
3380 917 3479 957 nec
3508 902 3748 975 frugibus
3768 946 3787 970 ,

2203 1003 2301 1042 nec
2329 1002 2504 1043 messe
2532 1004 2665 1059 apus
2694 989 2979 1056 habebant,
2992 993 3095 1047 sed
3126 994 3341 1048 uberem
3371 1010 3434 1049 ac
3453 995 3658 1051 dulcem
3693 1014 3793 1068 po-

2203 1088 2312 1134 tum
2350 1080 2555 1145 fontes,
2588 1089 2771 1153 stagna
2811 1091 2865 1138 et
2906 1082 3051 1138 ﬂuvii
3095 1086 3519 1155 suppeditabant.
3552 1089 3788 1144 Mensam

2203 1172 2294 1226 uni
2320 1172 2539 1243 angelus
2567 1174 2772 1243 paravit
2816 1175 3101 1230 inauditam
3127 1216 3143 1242 ,
3173 1177 3487 1232 insolentem
3507 1219 3523 1245 ,
3556 1178 3791 1235 humana

2203 1260 2588 1318 consuetudine
2616 1264 2871 1334 majorem
2901 1282 2914 1317 :
2943 1264 3088 1321 Unus
3115 1267 3288 1333 enim,
3322 1269 3519 1338 inquit,
3549 1271 3696 1338 panis
3722 1272 3793 1324 ad

2202 1352 2539 1425 quadraginta
2563 1354 2759 1409 dierum
2793 1355 3019 1409 inediam
3047 1357 3226 1427 sanie-it
3266 1357 3335 1430 (5
3368 1358 3496 1431 Reg.
3539 1360 3626 1417 l9.
3653 1361 3716 1417 6.
3745 1373 3792 1416 et

2207 1435 2528 1500 8.)Alterum
2552 1434 2792 1506 Spiritus
2806 1438 2982 1508 gratia
2999 1453 3142 1507 saepe
3160 1439 3391 1496 mirifice
3408 1444 3578 1512 pavit,
3610 1462 3795 1517 neque

2201 1542 2326 1586 eum
2354 1529 2551 1594 solum,
2576 1530 2670 1585 sed
2694 1530 2833 1586 alios
2862 1532 3025 1586 etiam
3044 1532 3164 1602 ejus
3188 1547 3358 1589 causa
3387 1535 3549 1605 (Vide
3581 1539 3631 1591 4.
3654 1538 3789 1610 Reg.

2199 1618 2902 1688 4.40).Caaterum.loannes
2920 1626 3043 1697 plus
3082 1641 3244 1696 quam
3283 1630 3539 1698 propheta
3560 1633 3787 1704 (Matth.

2206 1714 2320 1789 11),
2348 1731 2454 1786 quo
2484 1717 2659 1772 nullus
2690 1716 2744 1771 in
2788 1718 3100 1774 feminarum
3143 1719 3279 1775 natis
3319 1721 3488 1788 major
3528 1723 3799 1787 surrexit,

2204 1823 2306 1864 nec
2339 1807 2556 1863 humani
2594 1810 2697 1865 cibi
2733 1810 2954 1881 indiguit
2986 1830 2999 1865 :
3028 1812 3117 1882 qui
3156 1827 3260 1867 non
3293 1812 3591 1879 frumento,
3629 1814 3797 1878 vino,

2205 1900 2354 1968 oleo,
2394 1901 2486 1957 sed
2527 1901 2746 1957 locustis
2782 1903 3137 1975 sylvestrique
3165 1905 3320 1959 melle
3355 1907 3592 1976 corporis
3630 1907 3802 1963 vitam

2205 2002 2547 2049 sustentaret.
2574 1995 2649 2049 En
2674 2003 2953 2051 terrestres
2971 1998 3210 2066 angelos,
3231 2012 3301 2053 en
3320 1998 3633 2069 virginitatis
3648 1999 3764 2054 vim
3785 2020 3799 2055 :

2207 2085 2467 2142 efficiebat
2478 2095 2532 2140 ut
2547 2086 2790 2142 homines
2803 2104 2962 2144 carne
2980 2097 3136 2160 atque
3151 2091 3405 2161 sanguine
3421 2096 3801 2163 coagmentati,

2209 2177 2352 2233 humi
2382 2180 2702 2250 gradientes,
2730 2183 2968 2237 mortalis
2997 2193 3202 2239 natura:
3230 2187 3532 2241 necessitati
3555 2188 3801 2255 obnoxii,

2208 2279 2477 2339 tamquam
2516 2271 2849 2341 incorporei,
2892 2281 3160 2343 tamquam
3203 2275 3390 2330 caelum
3432 2275 3541 2347 jam
3580 2277 3803 2348 adepti,

2209 2369 2477 2432 tamquam
2509 2361 2958 2418 immortalitatem
2984 2366 3331 2435 consequuti,
3358 2376 3548 2422 cuncta
3578 2378 3804 2438 prtestao

2207 2461 2347 2508 rent.

2279 2544 2496 2600 LXXX.
2540 2546 2677 2612 Quid
2717 2549 2784 2603 sit
2825 2549 3058 2604 honestas
3098 2558 3145 2604 et
3182 2551 3452 2608 assiduitas
3493 2553 3700 2608 decora.
3732 2586 3805 2598 —

2209 2637 2415 2708 Quippe
2443 2648 2594 2694 erant
2630 2640 2694 2695 iis
2730 2650 2919 2697 cuncta
2950 2657 3273 2712 supervacua
3295 2685 3312 2710 ,
3345 2660 3450 2699 non
3482 2645 3596 2701 lucc
3620 2646 3804 2702 solum

2209 2743 2328 2799 qua:
2358 2744 2485 2785 vere
2511 2744 2836 2799 supervacua
2874 2741 2999 2788 sunt
3018 2725 3299 2801 ,‘delicite,
3330 2750 3487 2806 opes,
3527 2739 3769 2805 potentia
3789 2781 3804 2806 ,

2209 2821 2375 2892 gloria
2396 2864 2412 2887 ,
2462 2832 2518 2878 et
2545 2823 2744 2892 reliqua
2772 2826 3102 2880 somniorum
3133 2827 3155 2858 ⁹
3186 2826 3406 2881 istorum
3447 2828 3614 2883 series
3635 2870 3650 2893 ,
3700 2830 3806 2885 sed

2211 2915 2371 2969 etiam
2396 2930 2512 2985 qua:
2536 2918 2835 2974 necessaria
2861 2918 3128 2987 videntur,
3154 2919 3319 2988 aedes,
3342 2920 3522 2989 urbes,
3550 2923 3807 2979 artificia.

2213 3004 2324 3060 Hoc
2348 3015 2428 3062 est
2460 3007 2694 3063 honestas
2720 3018 2768 3064 et
2792 3010 2976 3065 decora
3012 3012 3283 3067 assiduitas
3303 3054 3317 3077 ,
3353 3013 3455 3068 hoc
3483 3014 3808 3084 virginitatis

2211 3100 2399 3154 virtus.
2430 3099 2562 3155 Nam
2591 3102 2782 3157 mirum
2812 3103 3023 3174 quidem
3053 3113 3106 3159 et
3134 3104 3315 3160 multis
3340 3107 3551 3161 coronis
3578 3106 3806 3176 dignum

2211 3198 2324 3254 est,
2353 3189 2630 3246 libidinum
2658 3192 2916 3248 insaniam
2948 3194 3192 3265 frangere
3211 3235 3227 3262 ,
3257 3211 3321 3251 ac
3361 3195 3617 3252 furentem
3644 3210 3810 3253 natu-

2211 3295 2326 3335 ram
2352 3295 2602 3339 coercere
2630 3301 2643 3337 :
2673 3284 2771 3339 sed
2811 3293 2919 3339 tum
2959 3301 3087 3341 vere
3116 3287 3343 3353 mirum,
3373 3303 3490 3342 cum
3533 3289 3807 3359 ejusmodi

2210 3370 2369 3426 etiam
2396 3372 2496 3426 vita
2524 3373 2767 3439 accedit;
2794 3376 3016 3430 seorsim
3043 3386 3219 3432 autem
3249 3387 3303 3433 et
3329 3395 3422 3449 per
3446 3394 3503 3434 se
3527 3381 3664 3436 exile
3690 3392 3807 3446 est,

2210 3478 2381 3533 neque
2417 3478 2483 3518 eo
2524 3464 2776 3534 praeditos
2820 3474 3047 3522 servare
3076 3478 3271 3539 potest.
3314 3474 3485 3541 Atque
3522 3471 3607 3527 hic
3642 3473 3809 3529 nobis

2207 3564 2373 3612 testes
2403 3558 2508 3612 sint
2536 3567 2795 3629 quotquot
2831 3558 3094 3630 hodieque
3130 3563 3480 3632 virginitatem
3510 3578 3765 3620 exercent
3790 3610 3806 3632 ,

2209 3663 2328 3719 qua:
2351 3656 2553 3704 tantum
2578 3649 2772 3706 absunt
2792 3651 2860 3706 ab
2882 3652 2994 3707 Elia
3019 3662 3071 3709 et
3092 3652 3285 3709 Eliszeo
3309 3665 3363 3710 et
3385 3655 3605 3719 Joanne,
3629 3672 3810 3726 quan-

2210 3750 2321 3796 tum
2353 3752 2491 3797 terra
2521 3758 2550 3797 a
2586 3743 2738 3800 caelo.
2771 3744 2835 3800 Ut
2866 3747 3006 3800 enim
3028 3788 3043 3813 ,
3074 3747 3118 3803 si
3160 3748 3462 3803 honestatem
3488 3759 3533 3803 et
3563 3750 3807 3803 decoram

2210 3833 2559 3887 assiduitatem
2597 3835 2825 3905 eripias,
2864 3837 3182 3907 virginitatis
3225 3856 3416 3894 nervos
3459 3841 3751 3895 succideris
3791 3862 3804 3897 :

2212 3925 2281 3979 ita
2308 3926 2353 3979 si
2382 3941 2500 3981 eam
2525 3940 2644 3981 eum
2670 3929 2774 3982 vita
2804 3944 2962 3999 quam
2992 3930 3188 4000 optima
3220 3932 3528 4002 conjungas,
3560 3933 3805 3988 radicem

2210 4030 2273 4070 ac
2300 4015 2499 4071 fontem
2531 4017 2790 4073 bonorum
2821 4028 2989 4075 tenes.
3015 4020 3145 4075 Nam
3176 4023 3621 4090 quemadmodum
3649 4024 3803 4101 radi-

2210 4121 2326 4162 cem
2372 4117 2509 4162 terra
2554 4110 2762 4180 pinguis
2804 4126 2868 4166 ac
2904 4111 3126 4179 fertilis,
3164 4113 3241 4167 sic
3274 4114 3377 4167 vita
3409 4130 3565 4185 quam
3594 4117 3805 4187 optima

2210 4196 2527 4267 virginitatis
2550 4199 2749 4255 fructus
2780 4202 2982 4257 nutrire
3008 4204 3152 4257 novit
3182 4220 3194 4255 :
3225 4204 3332 4256 imo
3357 4214 3412 4258 ct
3435 4205 3579 4258 radix
3610 4216 3662 4260 et
3686 4205 3809 4260 fru-

2209 4296 2327 4344 ctus
2345 4288 2662 4360 virginitatis
2687 4294 2792 4347 vita
2818 4293 3069 4348 crucifixa
3091 4302 3190 4349 est.
3216 4294 3340 4348 llu‘c
3368 4312 3653 4365 generosos
3677 4297 3808 4351 illus

2211 4380 2276 4435 ad
2302 4382 2598 4440 mirabilem
2624 4399 2836 4440 cursum
2866 4387 3098 4445 inunxit.
3134 4387 3356 4442 vinculis
3380 4389 3622 4443 omnibus
3661 4392 3808 4444 reci-

2210 4474 2317 4540 sis,
2348 4473 2528 4529 liberis
2555 4491 2617 4530 ac
2657 4477 2956 4544 pernicibus
2989 4477 3213 4547 pedibus
3242 4489 3503 4549 tamquam
3535 4481 3704 4534 alatos
3744 4484 3801 4537 in

2209 4566 2399 4620 caelum
2422 4566 2722 4621 evolaturos
2746 4567 3035 4622 dimittens.
3063 4566 3163 4624 Ubi
3192 4569 3333 4624 enim
3362 4586 3458 4623 nec
3479 4571 3657 4623 uxoris
3684 4582 3808 4625 stu-

2210 4654 2354 4708 dium
2377 4695 2391 4716 ,
2421 4669 2521 4710 nec
2549 4654 2832 4710 liberorum
2860 4671 2984 4710 cura
3014 4657 3113 4718 sit,
3143 4657 3412 4727 perfacilis
3437 4667 3519 4714 est
3541 4669 3754 4729 egestas
3789 4680 3803 4715 :

2208 4754 2418 4815 egestas
2443 4754 2618 4800 autem
2647 4760 2747 4799 nos
2775 4746 2907 4800 caelo
2936 4747 3136 4802 vicinos
3168 4758 3413 4818 prtestat,
3444 4765 3547 4803 non
3576 4753 3805 4805 terrori-

2210 4840 2310 4893 bus
2350 4837 2519 4892 solum
2561 4846 2616 4892 et
2657 4838 2799 4893 curis
2838 4853 2900 4893 ac
2941 4840 3217 4909 periculis,
3251 4840 3344 4895 scd
3385 4842 3600 4912 reliquis
3635 4843 3801 4897 etiam

2209 4931 2457 4985 omnibus
2485 4932 2742 4987 molestiis
2767 4933 3020 4988 liberans.

2280 5023 2516 5078 LXXXI.
2542 5024 2799 5091 Quantum
2825 5025 3007 5079 bonum
3033 5027 3097 5080 sit
3120 5038 3330 5097 egestas.
3354 5057 3425 5071 —-
3446 5030 3574 5084 Nam
3604 5032 3689 5101 qui
3718 5034 3802 5085 ni-

2210 5114 2285 5171 hil
2318 5116 2493 5180 habet,
2524 5132 2621 5170 eeu
2649 5117 2824 5170 omnia
2857 5126 3044 5171 tenens
3065 5120 3240 5171 omnia
3269 5123 3581 5183 contemnit,
3605 5133 3656 5176 et
3683 5139 3803 5177 ma-

2209 5223 2308 5278 gna
2339 5206 2584 5263 libertate
2611 5208 2867 5263 adversus
2907 5210 3245 5278 magistratus
3269 5253 3283 5276 ,
3319 5214 3573 5281 primates
3593 5257 3607 5277 ,
3638 5223 3802 5283 atque

2211 5299 2381 5367 ipsum
2405 5297 2702 5353 diademate
2723 5308 2968 5353 ornatum
3000 5302 3181 5354 utitur.
3209 5301 3309 5369 Qui
3330 5319 3459 5373 opes
3479 5307 3798 5374 contemnit,

2209 5390 2406 5444 sensim
2448 5404 2762 5461 progressus
2803 5389 2956 5446 facile
3001 5400 3224 5448 mortem
3260 5394 3417 5448 etiam
3448 5406 3797 5453 contemnet:

2208 5491 2367 5554 atque
2394 5481 2477 5537 his
2499 5482 2759 5537 excelsior
2782 5498 2969 5538 omnes
2996 5485 3257 5555 intrepide
3281 5488 3597 5556 alloquetur,
3629 5491 3801 5544 nemi-

2211 5589 2332 5630 nem
2362 5588 2559 5644 pavens
2593 5588 2655 5629 ac
2694 5573 3003 5631 formidans.
3035 5578 3105 5632 At
3137 5579 3226 5648 qui
3256 5579 3443 5649 opibus
3471 5595 3760 5652 occupetur
3780 5622 3798 5652 ,

2273 5701 2291 5734 ι
2325 5701 2398 5751 sic
2414 5699 2553 5762 juxta
2570 5699 2709 5764 Savil.
2734 5706 2785 5748 In
2806 5706 2875 5760 8.,
2900 5698 3080 5764 pratis,
3107 5715 3225 5764 pro,
3251 5702 3586 5764 torcularibus.
3635 5714 3691 5756 tl.

2275 5763 2299 5796 ⁸
2331 5760 2437 5824 rm,
2458 5762 2767 5824 somniorum,
2791 5760 2910 5827 llng
2936 5760 3414 5827 babet,‘mortalium.
