4056 6208
139 240 218 296 5.91
298 250 304 254 ‘
1582 231 1675 287 DE
1716 228 2183 287 VlﬂGINlTATE.

126 358 224 411 τῶν
276 347 771 423 ἐπαισχυνομένων
812 347 892 419 τῷ
927 347 1233 419 πράγματι.
1270 348 1344 401 Ού
1391 347 1502 419 γὰρ
1551 346 1802 418 φανερῶς

128 444 254 516 πρὸς
275 441 449 496 αὐτὸν
498 436 868 497 ἀποτείνεται,
896 435 1013 489 ἀλλ’
1041 438 1100 488 ἐν
1125 438 1240 499 τοῖς
1283 434 1527 498 ἐπαίνοις
1572 433 1666 487 τοῦ
1696 433 1802 505 τὴν

125 531 284 587 αὑτοῦ
308 526 706 600 διατηροῦντος
733 523 1002 596 παρθένον
1026 523 1242 577 δίδωσιν
1270 522 1420 592 αὐτῷ
1447 521 1681 593 σφοδρὰν
1707 523 1805 594 τὴν

123 620 359 690 πληγήν.
394 616 461 669 Τί
491 614 601 686 γάρ
621 629 819 683 φησιν;
852 614 949 677 Ὃς
978 611 1048 664 δὲ
1076 611 1338 679 ἕστηκεν
1367 610 1603 678 ἑδραῖος
1632 611 1702 664 ἐν
1729 609 1807 680 τῇ

120 705 340 773 καρδίᾳ
378 703 594 757 αὐτοῦ.
632 699 806 753 Τοῦτο
844 699 902 753 δέ
938 699 1072 770 πρὸς
1130 697 1539 769 ἀντιδιαστολὴν
1589 690 1821 769 εἴρηται

118 794 211 848 τοῦ
241 792 494 854 εὐκόλως
527 789 621 843 καὶ
650 787 891 859 εὐχερῶς
927 788 1389 861 περιφερομένου,
1422 787 1517 839 καὶ
1548 785 1805 839 οὐδέποτε

122 880 315 950 βέϐαια
377 876 618 948 βαδίζειν
669 875 904 937 είδότος,
954 873 1076 927 οὐδὲ
1127 875 1351 927 ἑστάναι
1406 871 1547 943 μετά
1602 868 1802 938 πολλῆς

120 969 217 1038 τῆς
235 965 517 1038 ἀνδρείας.
546 959 681 1016 Εἶτα
700 962 888 1033 ἐπειδὴ
920 962 1157 1015 συνεῖδεν
1182 961 1363 1014 ἱκανὸν
1388 960 1516 1013 ὄντα
1537 959 1629 1012 τὸν
1645 958 1804 1026 λόγον

121 1056 305 1108 δακεῖν
351 1052 457 1123 τὴν
496 1051 707 1104 ἐκείνου
753 1050 935 1119 ψυχὴν
956 1090 971 1110 ,
1000 1050 1102 1120 δρα
1132 1049 1249 1112 πῶς
1292 1047 1454 1100 αὑτὸν
1482 1045 1806 1099 συνεσκίασε

123 1143 304 1206 πάλιν,
334 1140 524 1194 αἰτίαν
562 1135 866 1206 ἐπαγαγὼν
908 1137 968 1190 ού
1017 1136 1225 1206 σφόδρα
1252 1134 1584 1205 κατηγορίας
1625 1132 1801 1198 ἀξίαν.

122 1229 306 1284 Εἰπὼν
336 1228 475 1298 γὰρ,
507 1228 605 1291 Ὃς
624 1224 692 1278 δὲ
727 1223 988 1291 ἔστηκεν
1015 1222 1248 1291 ἑδραῖος
1279 1222 1349 1275 ὲν
1373 1220 1446 1289 τῇ
1475 1220 1687 1289 καρδίᾳ
1706 1221 1806 1274 αὺ-

120 1318 244 1382 τοῦ,
314 1314 625 1387 προσέθηκε
650 1352 665 1376 ,
704 1312 803 1380 Μὴ
835 1311 994 1381 ἔχων
1036 1310 1347 1379 ἀνάγκην,
1396 1308 1690 1373 ἐξουσίαν
1738 1305 1807 1359 δὲ

119 1408 297 1476 ἔχων.
315 1403 521 1459 Καίτοι
536 1401 830 1456 ἀκόλουθον
844 1396 912 1472 ἦν
928 1401 1123 1453 εἰπεῖν’
1136 1400 1232 1462 Ὃς
1251 1398 1307 1451 δέ
1322 1396 1553 1468 ἕστηκεν
1570 1395 1803 1467 ἑδραῖος,

120 1493 210 1547 καὶ
264 1494 345 1563 μὴ
403 1491 616 1562 νομίζει
662 1488 722 1543 τὺ
752 1489 984 1559 πρᾶγμα
1026 1484 1413 1557 ἀσχημοσύνην
1467 1479 1639 1536 εἶναι’
1671 1481 1808 1535 ἀλλά

116 1580 277 1635 τοῦτο
305 1576 758 1650 πληκτικώτερον
781 1572 848 1647 ἦν
872 1592 886 1606 ο
919 1574 1000 1629 διὸ
1043 1573 1230 1644 ἕτερον
1273 1574 1393 1626 ἀντὶ
1421 1570 1614 1625 τούτου
1640 1586 1808 1643 προσ-

122 1669 286 1739 έθηκε
317 1664 821 1737 παραμυθούμενος
866 1661 1028 1715 αὑτὸν
1049 1700 1065 1724 ,
1107 1661 1204 1723 καὶ
1250 1658 1425 1721 διδοὺς
1470 1657 1669 1729 μᾶλλον
1715 1656 1808 1710 ἐπὶ

121 1756 326 1825 ταύτην
348 1752 533 1806 ἐλθεῖν
560 1752 661 1822 τὴν
684 1750 886 1803 αίτίαν.
913 1750 987 1803 Οὐ
1014 1748 1123 1819 γάρ
1138 1746 1279 1800 οὕτω
1305 1746 1478 1801 δεινὸν
1497 1746 1557 1800 τὸ
1573 1747 1805 1816 πρᾶγμα

123 1846 182 1899 δι’
215 1844 475 1911 ἀνάγκην
504 1838 756 1902 κωλύειν,
794 1837 869 1901 ὡς
910 1836 977 1890 δι’
1025 1835 1312 1907 αἰσχύνην.
1349 1832 1519 1888 Τοῦτο
1560 1834 1657 1905 μὲν
1698 1834 1804 1905 γὰρ

121 1932 298 2002 ψυχῆς
345 1933 502 1983 ἐστιν
547 1926 811 1997 ἀνάνδρου
855 1925 950 1979 καὶ
997 1923 1370 1996 ταλαιπώρου,
1414 1925 1590 1976 ἐκεῖνο
1622 1922 1678 1975 δὲ
1712 1922 1806 1975 καὶ

121 2017 587 2090 διεστραμμένης,
612 2016 709 2069 καὶ
741 2014 861 2067 οὐδέ
881 2013 982 2084 τὴν
1008 2012 1116 2066 τῶν
1143 2011 1484 2084 πραγμάτων
1500 2009 1662 2080 φύσιν
1692 2011 1810 2063 ἐπι-

126 2108 413 2178 σταμένης
460 2104 665 2177 κρίνειν
693 2101 891 2173 ὀρθῶς.
920 2098 1079 2152 Ἀλλά
1104 2098 1307 2152 τούτων
1327 2095 1479 2151 οὖπω
1501 2095 1609 2149 τῶν
1634 2095 1806 2164 λόγων

119 2192 180 2264 ἦν
204 2197 239 2248 6
273 2195 514 2265 καιρόςο
546 2192 670 2244 ἐπεὶ
702 2188 852 2262 [351]
879 2189 962 2242 ὅτι
995 2205 1060 2258 γε
1088 2188 1211 2241 ούδέ
1254 2185 1609 2256 ἐπικειμένης
1648 2184 1808 2255 θέμις
1840 2246 1845 2257 θ

120 2284 213 2353 τὴν
244 2279 651 2352 προῃρημένην
682 2275 1039 2348 παρθενεύειν
1090 2273 1433 2335 κωλύεσθαι,
1486 2271 1622 2326 ἀλλά
1672 2272 1808 2342 πρὸς

120 2370 301 2424 πάντα
323 2368 586 2421 ἵστασθαι
612 2366 718 2436 χρὴ
742 2363 1007 2433 γενναίως
1035 2361 1105 2415 τά
1127 2361 1488 2415 διακόπτοντα
1510 2359 1609 2429 τὴν
1638 2358 1807 2429 καλὴν

120 2455 327 2525 ταύτην
356 2452 560 2525 ὁρμὴν.
588 2453 821 2505 ἄκουσον
853 2448 907 2502 τί
952 2465 1113 2520 φησιν
1144 2450 1173 2501 6
1211 2447 1447 2517 Χριστός
1467 2460 1479 2477 ·
1528 2446 1584 2498 '0
1614 2441 1810 2513 φιλῶν

121 2537 348 2606 πατέρα
364 2537 403 2605 ἣ
422 2536 657 2606 μητέρα
682 2533 835 2601 ὑπὲρ
855 2532 980 2601 ἐμὲ,
1008 2533 1119 2585 οὐκ
1139 2530 1271 2584 ἔστι
1291 2546 1412 2598 μου
1427 2528 1617 2593 ἄξιος.
1639 2526 1809 2581 Ὅταν

122 2626 225 2698 γάρ
254 2643 311 2678 τι
338 2625 622 2696 μετίωμεν
650 2620 850 2690 τῶντῴ
867 2617 985 2690 Θεῷ
1011 2616 1332 2680 δοκούντων,
1362 2616 1507 2678 ἀπας
1534 2617 1562 2668 6
1581 2614 1808 2668 κωλύων

124 2713 315 2785 ἐχθρὸς
341 2714 490 2765 ἐστω
535 2711 631 2763 καὶ
671 2707 962 2778 πολέμιος,
1008 2704 1112 2758 κᾶν
1145 2702 1327 2775 πατὴρ
1359 2700 1418 2777 ᾗ,
1453 2703 1556 2756 κᾶν
1580 2702 1806 2774 μήτηρ,

120 2802 221 2855 κᾶν
281 2796 560 2853 ὁστισοῦν.
628 2795 768 2849 Ἀλλ’
803 2797 831 2848 ὁ
881 2791 1091 2855 Παῦλος
1145 2791 1225 2844 ἔτι
1274 2791 1650 2854 διαϐαστάζων
1700 2789 1809 2843 τῶν

119 2886 433 2943 ἀγρυόντων
449 2887 514 2939 τὸ
532 2883 742 2947 ἀτελὲς,
759 2880 933 2935 ταῦτα
944 2883 1173 2952 ἔγραφε,
1198 2879 1373 2948 λέγων
1386 2896 1399 2910 ·
1427 2880 1526 2945 ‘Oc
1547 2877 1615 2932 δὲ
1634 2878 1812 2946 ἔστη-

119 2991 223 3028 κεν
249 2972 493 3042 ἑδραῖος
514 2971 602 3042 μὴ
632 2970 789 3040 ἔχων
815 2967 1088 3038 ἀνάγκην
1106 2985 1121 3000 ⁸
1158 2967 1254 3021 καὶ
1286 2966 1408 3020 οὑδέ
1437 2966 1598 3037 μέχρι
1619 2964 1809 3018 τούτου

120 3061 209 3114 τὸν
234 3061 407 3129 λόγον
441 3060 677 3131 ἔστησε⁸
718 3057 898 3112 καίτοι
950 3073 1016 3126 γε
1063 3055 1158 3120 τὸ,
1189 3053 1285 3124 Μὴ
1316 3054 1475 3124 ἔχων
1514 3052 1808 3124 ἀνάγκην,

120 3150 234 3213 καὶ,
296 3148 626 3213 Ἐξουσίαν
666 3145 859 3214 ἔχων,
904 3142 1098 3197 ταυτόν
1145 3144 1327 3195 ἐστιν·
1364 3138 1501 3193 ἀλλά
1533 3140 1610 3212 τῷ
1647 3141 1811 3211 μήκει

118 3234 211 3287 τοῦ
237 3234 411 3303 λόγου
434 3235 535 3286 καὶ
556 3234 624 3304 τῇ
654 3230 907 3303 συνεχείᾳ
935 3230 1043 3284 τῶν
1065 3230 1465 3301 συγχωρήσεων
1497 3228 1595 3300 τὴν
1617 3226 1810 3300 εὐτελῆ

123 3323 215 3376 καὶ
248 3322 461 3394 μικρὰν
514 3318 927 3391 παραμυθεῖται
970 3317 1229 3383 διάνοιαν,
1279 3316 1418 3388 μετά
1464 3315 1668 3370 τούτων
1716 3317 1811 3370 καὶ

122 3408 317 3479 ἑτέραν
339 3408 534 3461 αἰτίαν
558 3406 820 3478 προσθεὶς
850 3406 932 3469 τὺ,
963 3407 1060 3470 Ὃς
1089 3403 1365 3472 κέκρικεν
1390 3403 1462 3456 ἐν
1481 3401 1559 3472 τῇ
1596 3403 1811 3473 καρδίᾳ

121 3495 325 3549 αὑτοῦ.
352 3496 434 3548 Οὐ
467 3494 582 3565 γάρ
610 3495 771 3567 ἀρκεῖ
806 3493 867 3546 τὺ
896 3492 1178 3564 ἐλεύθερον
1205 3488 1345 3545 εἶναι
1366 3531 1381 3554 ,
1412 3491 1531 3545 οὐδὲ
1555 3492 1663 3544 ἀπὸ
1686 3490 1809 3544 τούο

120 3599 213 3635 του
247 3584 415 3654 μόνον
454 3581 760 3645 ὑπεύθυνός
777 3594 805 3622 ι
825 3582 991 3646 ἐστιν,
1011 3580 1127 3634 ἀλλ’
1140 3582 1269 3635 ὅταν
1290 3579 1478 3651 ἕληται
1504 3578 1599 3633 καὶ
1623 3577 1806 3652 κρίνῃ,

121 3670 242 3723 τότε
267 3670 456 3734 καλῶς
493 3671 663 3724 ποιεῖ.
695 3665 830 3722 Εἶτα
861 3669 950 3722 ἵνα
994 3667 1069 3741 μὴ
1101 3668 1330 3739 νομίσῃς
1357 3666 1446 3720 διά
1472 3668 1573 3739 τὴν
1607 3654 1807 3736 πολλὴν

124 3758 545 3827 ωγκατάϐασιν
563 3756 729 3829 μηδὲν
759 3752 972 3811 εἶναιτὸ
997 3755 1179 3827 μέσον,
1196 3756 1376 3826 τίθησι
1406 3753 1569 3808 πάλιν
1585 3753 1683 3826 τὴν
1696 3754 1810 3808 δια-

125 3848 303 3917 φορὰν
334 3848 457 3917 μεθ’
475 3846 784 3917 ὑποστολῆς
804 3845 922 3917 μὲν,
938 3844 1121 3917 τίθησι
1146 3844 1191 3897 δ’
1213 3845 1384 3914 ὅμως,
1400 3842 1575 3913 λέγων
1592 3861 1605 3873 ·
1624 3843 1808 3896 Ὥστε

120 3934 220 3986 καὶ
257 3939 296 3988 ό
321 3930 659 4004 ἐκταμίᾱυν
704 3931 908 3998 καλῶς
958 3931 1134 3997 ποιεῖ,
1182 3934 1217 3986 ὁ
1259 3929 1328 3984 δὲ
1357 3929 1444 4001 μὴ
1481 3929 1809 4000 ἐκταμίζων

118 4016 424 4087 κρεῖσσον·
442 4020 623 4074 ποιεῖ.
672 4019 812 4073 Ἀλλ’
834 4019 1066 4073 ἐνταῦθα
1099 4016 1199 4088 μὲν
1223 4018 1347 4071 ὅσον
1370 4016 1433 4070 τὸ
1445 4020 1692 4090 κρεῖττον
1706 4017 1808 4071 οὐκ

115 4107 296 4175 ἔδειξε
322 4107 419 4161 διὰ
442 4107 544 4179 τὴν
574 4108 750 4178 αὐτὴν
774 4106 938 4160 πάλιν
965 4106 1176 4161 αίτίανν
1216 4106 1281 4160 σὺ
1304 4105 1362 4159 δὲ
1404 4106 1452 4159 εί
1497 4104 1672 4169 θέλεις
1702 4121 1808 4175 μα-

116 4195 257 4259 θεῖν,
296 4197 539 4250 ἄκουσον
564 4194 661 4248 τοῦ
713 4194 949 4263 Χριστοῦ
997 4194 1282 4262 λέγοντος·
1313 4193 1461 4246 Οὔτε
1487 4191 1805 4263 γαμοῦσιν,

116 4283 264 4335 οὔτε
296 4279 679 4352 γαμίζονται,
712 4280 851 4335 ἀλλ’
884 4279 1044 4334 εἰσιν
1067 4280 1149 4347 ὡς
1170 4278 1413 4350 ἄγγελοι
1450 4279 1522 4333 ἐν
1549 4277 1804 4348 οὐρανῷ.

116 4367 279 4434 Εἶδες
313 4371 379 4423 τὸ
406 4369 593 4440 μέσον,
625 4368 728 4423 ποῦ
748 4369 840 4423 τὸν
859 4368 1052 4440 θνητὸν
1076 4370 1110 4439 ἡ
1133 4366 1400 4439 παρθενία
1425 4366 1620 4439 ἀθρόον
1640 4366 1805 4438 αῐρει,

111 4458 253 4510 ὅταν
276 4457 454 4521 ὅντως
551 4458 855 4529 παρθενίας
1534 4505 1548 4524 ,

190 4547 327 4600 03'.
342 4547 413 4601 Τί
426 4548 537 4621 γὰρ
555 4547 667 4601 τῶν
689 4546 940 4616 ἀγγέλων
964 4547 1211 4616 ἀπεῖχον,
1227 4545 1350 4599 εἰπέ
1373 4562 1485 4616 μοι,
1502 4546 1531 4598 6
1559 4542 1806 4610 Ἦλίας,δ

119 4634 470 4699 Ἐλισσαῖος,
498 4637 529 4688 6
570 4633 846 4705 Ἰωάννης,
880 4628 1024 4688 οὗτοι
1047 4635 1097 4686 οί
1124 4635 1334 4703 γνήσιοι
1374 4634 1473 4702 τῆς
1512 4631 1809 4703 παρθενίας

108 4721 399 4791 ἐρασταί;
430 4720 598 4775 οὐδὲν
630 4719 800 4792 ἀλλ’ἢ
834 4721 957 4774 ὅσον
991 4718 1160 4790 θνητῇ
1193 4718 1576 4789 προσεδέδεντο
1610 4717 1807 4787 φύσει·

104 4811 177 4861 τὰ
206 4809 275 4862 δὲ
314 4808 461 4863 ἄλλα
483 4810 538 4862 εἴ
562 4825 647 4871 τις
675 4807 919 4879 ἀκριϐῶς
943 4806 1272 4872 ἐξετάσειεν,
1290 4806 1442 4860 οὐδὲν
1462 4808 1642 4878 χεῖρον
1663 4805 1810 4860 ἐκεί-

106 4915 217 4949 νων
255 4896 501 4969 εὑρήσει
532 4895 937 4965 διακειμένους·
973 4893 1246 4949 καὶτοῦτο
1266 4893 1325 4947 δὲ
1357 4894 1489 4947 αὐτὸ
1519 4893 1581 4947 τὸ
1618 4893 1809 4948 δοκοῦν

107 4987 426 5056 ἐλάττωμα
452 4981 611 5046 εἶναι,
643 4986 785 5056 μέγα
811 4985 890 5048 εἰς
914 4983 1190 5054 ἐγκωμίου
1226 4982 1382 5051 λόγον
1428 4982 1565 5037 ἐστί.
1601 4981 1675 5035 Τὸ
1700 4981 1807 5054 γάρ

108 5073 215 5142 Ti?
239 5071 570 5136 οὶκοῦντας,
607 5072 702 5125 καὶ
728 5074 794 5144 τῇ
824 5071 922 5142 τῆς
942 5070 1145 5141 θνητῆς
1173 5069 1388 5144 φύσεως
1417 5069 1809 5140 ὑποκειμένους

112 5164 369 5236 ἀνάγ-κῃ,
402 5160 698 5232 δυνηθῆναι
724 5159 928 5230 φθάσαι
950 5159 1087 5231 πρὸς
1106 5159 1322 5230 ἐκείνην
1342 5158 1442 5228 τὴν
1464 5158 1684 5229 ἀρετὴν,
1707 5159 1809 5229 ὃρα

112 5250 293 5320 πάσης
330 5247 621 5319 ἀνδρείας,
646 5249 820 5320 πόσης
853 5247 1169 5317 φιλοσοφίας
1196 5242 1286 5317 ἦν.
1315 5246 1438 5299 Ὅτι
1460 5245 1517 5298 δὲ
1545 5246 1742 5309 αὐτοὺς
1774 5248 1808 5318 ὴ

116 5338 408 5408 παροινία
434 5335 711 5400 τοιούτους
737 5335 984 5407 ἐποίησε,
1019 5333 1177 5405 δῆλον
1216 5333 1426 5388 ἐκεῖθεν
1445 5350 1459 5365 ’
1489 5334 1538 5386 εί
1572 5333 1681 5406 γὰρ
1711 5350 1810 5403 γυ-

115 5431 278 5481 ναῖκα
336 5421 498 5495 εἶχον
551 5426 647 5479 καὶ
676 5425 894 5489 παῖδας,
927 5424 1030 5478 οὐκ
1056 5423 1124 5477 ἀν
1172 5422 1412 5486 εὐκόλως
1443 5421 1542 5492 τὴν
1572 5422 1809 5494 ἐρημίαν

116 5516 485 5586 ᾧπηααν,ούκ
498 5513 565 5568 ἂν
585 5514 764 5578 οίκίας
780 5512 1214 5583 κατεφρόνησαν,
1226 5512 1326 5565 οὐκ
1342 5510 1408 5565 ἂν
1420 5511 1519 5582 τῆς
1536 5509 1700 5582 ἄλλης
1714 5510 1807 5564 τοῦ

124 5606 229 5669 ,ἔξω
265 5601 668 5673 κατασκευῆς·
705 5602 801 5657 νῦν
851 5602 908 5654 δὲ
951 5602 1166 5657 πάντων
1200 5592 1404 5656 τούτων
1445 5597 1809 5662 ἀπολυθέντες

124 5692 221 5746 ὧν
258 5690 498 5762 δεσμῶν
521 5728 539 5754 ,
569 5690 646 5753 ὼς
680 5691 737 5745 ἐν
766 5691 1013 5762 οὐρανοῖς
1040 5690 1189 5758 ὄντες
1221 5689 1363 5747 οὕτω
1397 5686 1668 5757 διέτριϐον
1716 5687 1808 5740 ἐπὶ

176 5844 192 5865 ⁸
216 5834 249 5882 Β
260 5846 353 5891 (τ’.
382 5832 527 5886 μόνον
548 5830 590 5877 ἐ)
600 5828 798 5891 εὐθερος.

3472 230 3580 287 592

1908 347 2007 418 τῆς
2035 347 2141 416 γῆς
2159 362 2172 375 ο
2203 348 2264 400 οὐ
2285 346 2479 418 τοίχων
2504 346 2733 413 ἐδέοντο,
2764 346 2866 402 οὐκ
2910 345 3113 419 ὀροφῆς
3136 387 3150 413 ,
3178 347 3241 402 οὒ
3278 344 3484 420 κλίνης,
3517 350 3581 403 οὐ

1908 434 2208 506 τραπέζης,
2244 436 2345 489 οὐκ
2367 435 2524 489 ἄλλου
2546 435 2655 489 τῶν
2688 435 2946 490 τοιούτων
2981 434 3148 502 τινὸς,
3194 434 3312 491 ἀλλ’
3333 435 3457 490 ἀντὶ
3483 436 3584 507 μὲν

1915 522 2113 593 στέγης
2137 517 2283 591 εἶχον
2308 522 2401 576 τὸν
2420 523 2669 595 οὐρανὸν,
2696 523 2817 576 ἀντὶ
2845 523 2903 576 δὲ
2928 521 3118 595 κλίνης
3162 516 3262 596 τὴν
3291 523 3396 594 γῆν
3415 564 3431 589 ,
3462 524 3585 579 ἀντὶ

1907 608 1964 662 δέ
2017 608 2300 681 τραπέζης
2352 609 2451 681 τὴν
2476 610 2745 682 ἐρημίαν·
2776 611 2871 664 καὶ
2916 612 3153 683 πρᾶγμα
3188 611 3218 665 δ
3261 615 3375 675 τοῖς
3401 610 3586 676 ἀλλοις

1908 696 2080 750 αἴτιον
2109 693 2248 750 εῖναι
2275 697 2436 768 λιμοῦ
2463 698 2629 763 δοκεῖ,
2659 698 2761 768 τῆς
2802 699 3040 770 ἐρημίας
3064 702 3097 771 ἡ
3126 699 3397 772 ἀκαρπία,
3427 699 3586 755 τοῦτο

1906 786 2034 848 τοὺς
2067 785 2255 853 ἁγίους
2277 784 2518 849 ἐκείνους
2546 787 2604 838 ἐν
2626 786 2857 857 ἀφθονίᾳ
2881 785 3135 858 καθίστη.
3166 788 3239 840 Ού
3270 787 3381 858 γὰρ
3406 787 3586 857 ἀμπέ-

1907 871 2016 925 λων
2062 873 2247 935 αύτοῖς
2291 873 2529 944 ἐδέησεν,
2562 872 2682 926 οὐδὲ
2720 873 2897 944 ληνῶν
2946 874 2974 913 b
2999 912 3014 937 ,
3049 874 3170 927 οὐδὲ
3222 874 3412 946 ληΐων,
3465 875 3586 929 οὐδὲ

1910 959 2121 1030 ἀμητοῦ
2142 976 2158 992 ο
2200 958 2333 1011 ἀλλά
2364 959 2424 1012 τὸ
2459 959 2557 1029 μὲν
2607 960 2770 1015 ποτὸν
2816 961 2997 1024 αὐτοῖς
3045 961 3278 1032 ἄφθονον
3324 964 3586 1033 παρεῖχον

1910 1048 2006 1099 καὶ
2040 1047 2136 1116 ἡδὺ
2172 1047 2347 1118 πηγαὶ
2381 1047 2475 1100 καὶ
2502 1049 2739 1118 ποταμοὶ
2762 1049 2856 1102 καὶ
2876 1048 3083 1118 λίμναι,
3113 1048 3390 1118 τράπεζαν
3420 1049 3476 1103 δὲ
3506 1048 3585 1121 τῷ

1916 1136 2012 1205 μὲν
2044 1134 2273 1203 ἄγγελος
2307 1134 2679 1199 κατεσκεύαζε
2706 1135 3030 1207 θαυμαστήν
3068 1154 3189 1189 τινα
3212 1138 3305 1190 καὶ
3344 1137 3585 1209 παράδο-

1915 1220 2024 1287 ξον,
2060 1223 2154 1276 καὶ
2179 1222 2400 1293 μείζονα
2425 1220 2458 1293 ἢ
2489 1225 2610 1275 κατ’
2643 1222 2992 1294 ἀνθρωπίνην
3022 1224 3313 1294 συνήθειαν
3339 1240 3352 1254 ⁸
3386 1227 3447 1276 '0
3475 1223 3584 1294 γὰρ

1911 1305 2000 1376 εἷς
2019 1308 2217 1377 ἄρτος,
2247 1311 2400 1381 φησὶ,
2432 1310 2586 1379 πρὸς
2610 1310 3065 1380 τεσσαράκοντα
3089 1310 3325 1380 ἡμερῶν
3345 1311 3586 1367 ἀσιτίαν

1911 1397 2135 1467 ἤρκεσε
2156 1415 2170 1429 ·
2197 1398 2288 1452 τὸν
2321 1399 2430 1469 δὲή
2463 1397 2556 1453 τοῦ
2584 1398 2902 1469 Πνεύματος
2928 1400 3088 1471 χάρις
3118 1399 3377 1463 πολλάκις
3395 1399 3585 1472 ἔτρεφε

1913 1486 2012 1540 θαυ
2022 1486 2427 1559 ματουργοῦσα,
2451 1486 2545 1545 καὶ
2561 1487 2660 1540 οὐκ
2682 1486 2843 1540 αὐτὸν
2867 1487 3047 1557 μόνον,
3066 1485 3203 1541 ἀλλά
3230 1489 3322 1541 καὶ
3349 1486 3413 1540 δι’
3439 1485 3585 1540 ἐκεί-

1912 1595 2004 1631 νου
2026 1576 2268 1648 ἐτέρους.
2319 1577 2377 1629 Ὀ
2408 1576 2465 1629 δὲ
2497 1576 2780 1647 προφήτου
2815 1573 2976 1628 πλέον
3009 1575 3281 1645 Ἰωάννης,
3304 1568 3364 1629 οὗ
3387 1573 3586 1645 μείζων

1912 1666 1971 1717 ἐν
2008 1665 2286 1735 γεννητοῖς
2316 1658 2466 1735 [552]
2510 1661 2784 1731 γυναικῶν
2834 1661 2934 1714 οὐκ
2978 1661 3301 1732 ἐγήγερται,
3335 1661 3454 1714 ούδέ
3501 1661 3588 1714 ἀν-

1914 1750 2190 1822 θρωπίνης
2223 1749 2413 1822 ἐδεήθη
2464 1750 2671 1823 τροφῆς
2693 1765 2705 1777 ·
2739 1749 2799 1803 ού
2837 1748 2944 1821 γάρ
2980 1752 3125 1811 σῖτος
3156 1749 3251 1801 καὶ
3299 1741 3440 1810 οἶνος
3492 1749 3587 1803 καὶ

1912 1838 2111 1901 ἔλαιον,
2147 1836 2262 1892 ἀλλ’
2298 1836 2516 1908 ἀκρίδες
2558 1838 2651 1890 καὶ
2682 1837 2806 1908 μέλι
2856 1836 3048 1908 ἄγριον
3082 1834 3180 1907 τὴν
3212 1835 3307 1888 τοῦ
3333 1833 3583 1905 σώματος

1913 1924 2078 1979 αὑτοῦ
2116 1924 2436 1996 διεκράτουν
2481 1924 2649 1995 ζωήν.
2703 1919 2857 1987 Εἶδες
2887 1922 3152 1993 ἀγγέλους
3184 1923 3277 1976 ἐπὶ
3316 1923 3413 1993 τῆς
3444 1922 3585 1993 γῆςς

1914 2008 2053 2077 εἶδες
2085 2011 2384 2083 παρθενίας
2433 2010 2623 2080 ίσχύν;
2653 2011 2793 2073 Τοὺς
2825 2009 3018 2081 αἵματι
3058 2011 3152 2064 καὶ
3183 2010 3348 2081 σαρκὶ
3379 2025 3588 2079 συμπε-

1913 2101 2248 2171 πλεγμένους
2273 2139 2287 2164 ,
2321 2100 2448 2162 τοὺς
2477 2098 2651 2169 χαμαὶ
2676 2098 3027 2169 ἐρχομένους,
3069 2098 3197 2161 τοὺς
3227 2098 3443 2167 ἀνάγκη
3477 2094 3585 2166 φύ-

1915 2204 2053 2250 σεως
2090 2185 2486 2255 ὑποκειμένους
2515 2184 2737 2256 θνητῆς,
2764 2184 2840 2249 ὡς
2877 2184 3230 2256 ἀσωμάτους,
3258 2184 3332 2248 ὡς
3375 2183 3461 2236 τὸν
3498 2183 3589 2237 ού-

1915 2276 2075 2348 ρανὸν
2109 2275 2207 2348 ἤδη
2236 2274 2515 2345 λαχόντας.
2549 2272 2624 2336 ὡς
2642 2272 2944 2326 ἀθανασίαν
2982 2268 3589 2344 μετειληφότας,οὖτως

1913 2363 2132 2418 ἅπαντα
2154 2365 2330 2417 ποιεῖν
2360 2359 2760 2432 παρεσκεύασε.

1984 2452 2065 2507 Il'.
2091 2453 2280 2507 Πάντα
2302 2451 2412 2523 γὰρ
2440 2449 2669 2512 ἐκείνοις
2682 2445 2751 2521 ἦν
2782 2448 3031 2519 περιττὰ,
3054 2449 3115 2502 ού
3138 2447 3308 2502 ταῦτα
3336 2448 3493 2520 μόνον
3523 2444 3593 2499 τά

1913 2540 2083 2604 ὅντως
2113 2539 2244 2593 ὄντα
2264 2536 2515 2608 περιττὰ,
2548 2537 2752 2607 τρυφὴ,
2777 2536 2870 2589 καὶ
2893 2536 3141 2599 πλοῦτος,
3163 2537 3259 2590 καὶ
3280 2535 3588 2600 δυναστεία,

1914 2629 2009 2683 καὶ
2041 2628 2189 2694 δόξα,
2224 2626 2320 2680 καὶ
2354 2626 2383 2677 ό
2418 2625 2602 2688 λοιπὸς
2624 2624 2734 2677 τῶν
2765 2624 2990 2695 ὀνείρων
3017 2624 3219 2677 τούτων
3252 2624 3278 2664 δ
3311 2624 3586 2695 ὁρμαθὸς·

1914 2716 2049 2769 ἀλλά
2088 2715 2182 2769 κα)⁵
2208 2713 2275 2767 τὰ
2312 2710 2572 2766 δοκοῦντα
2599 2705 2736 2764 εἶναι
2778 2712 3072 2779 ἀναγκαῖα,
3121 2710 3318 2774 οἰκίαι,
3356 2712 3448 2764 καὶ
3493 2709 3592 2764 πό-
3676 2764 3681 2770 ,

1913 2803 2045 2867 λεις,
2078 2804 2173 2857 καὶ
2196 2800 2381 2871 τέχναι
2396 2815 2410 2828 '
2438 2798 2596 2852 τοῦτό
2618 2800 2766 2852 ἐστιν
2783 2798 3205 2867 τὸ,Εὔο’χημον
3222 2796 3321 2852 καὶ
3338 2799 3593 2867 εὐπρόσ-

1913 2890 2092 2959 εδρον
2150 2883 2311 2951 εἶναι,
2359 2886 2517 2940 τοῦτο
2550 2885 2845 2956 παρθενίας
2877 2886 3066 2957 ἀρετή.
3114 2884 3436 2956 Θαυμαστὸν
3491 2883 3590 2955 μὲν

1913 2978 2024 3050 γὰρ
2053 2977 2148 3030 καὶ
2177 2973 2387 3030 πολλῶν
2418 2974 2698 3042 στεφάνων
2741 2972 2888 3037 ἀξιον
2934 2974 3027 3026 καὶ
3060 2971 3120 3025 τὸ
3138 2973 3237 3043 τῆς
3264 2971 3372 3025 τῶν
3398 2971 3591 3025 ἐπιθυ-

1919 3065 2060 3137 μιῶν
2088 3061 2467 3134 περιγενέσθαι
2493 3060 2712 3130 λύττης.
2746 3060 2841 3113 καὶ
2866 3059 3196 3130 μαινομένην
3222 3058 3473 3130 κατέχειν
3489 3058 3590 3130 τὴν

1916 3152 2097 3223 φύσιν,
2121 3149 2255 3204 ἀλλά
2279 3149 2399 3202 τότε
2428 3148 2598 3211 ὅντως
2630 3147 2840 3216 γίνεται
2867 3145 3175 3217 θαυμαστὸν
3198 3185 3213 3210 ,
3248 3146 3374 3199 ὅταν
3406 3146 3436 3198 6
3474 3164 3587 3199 τοι-

1914 3239 2068 3304 οῦτος
2100 3238 2212 3309 βίος
2238 3238 2414 3308 προσῇ
2438 3255 2450 3268 ⁸
2479 3235 2610 3288 αὐτὸ
2653 3234 2710 3288 δὲ
2735 3234 2854 3287 καθ’
2880 3234 3041 3287 έαυτὸ
3081 3232 3325 3297 ἀσθενὲς,
3368 3233 3463 3288 καὶ
3489 3234 3588 3307 ούχ

1919 3326 2104 3381 ἱκανὸν
2127 3325 2300 3379 σῶσαι
2324 3325 2451 3386 τοὺς
2485 3322 2724 3393 ἔχοντας.
2762 3321 2875 3373 Καὶ
2898 3322 3305 3401 μαρτυρήσειαν
3340 3320 3408 3375 ἀν
3455 3323 3587 3394 ἡμῖν

1914 3416 2036 3469 ὅσαι
2069 3412 2365 3485 παρθενίαν
2400 3410 2500 3482 μὲν
2520 3408 2745 3463 ἀσκοῦσι
2785 3408 2880 3462 καὶ
2916 3407 3042 3462 νῦν*
3082 3407 3340 3462 τοσοῦτον
3368 3407 3425 3462 δέ
3453 3410 3590 3464 ἀπο-

1914 3502 2124 3556 δέουσιν
2152 3499 2335 3554 Ἦλίου
2360 3497 2454 3552 καὶ
2499 3495 2801 3551 Ἐλισσαίου
2846 3495 2941 3549 καὶ
2998 3494 3267 3561 Ἰωάννου,
3302 3496 3425 3549 ὅσον
3451 3496 3487 3566 ή
3516 3497 3589 3569 γῆ

1914 3590 2006 3644 τοῦ
2034 3587 2289 3661 ούρανοῦ.
2322 3586 2532 3655 Ὠσπερ
2568 3582 2678 3654 γὰρ
2702 3582 2763 3635 τὸ
2790 3582 3123 3651 Εὔσχημον
3165 3582 3268 3636 καὶ
3325 3583 3589 3651 εὐπρόσ-

1911 3679 2092 3748 εδρον
2124 3676 2190 3731 ἂν
2216 3673 2496 3746 περιέλῃς,
2524 3670 2662 3726 αὐτὰ
2677 3669 2746 3722 τὰ
2763 3668 2929 3741 νεῦρα
2953 3670 3051 3739 τῆς
3081 3669 3379 3741 παρθενίας
3409 3670 3591 3735 ἐξέκο-
3670 3722 3683 3733 ,

1910 3765 2040 3836 φας,
2073 3763 2244 3826 οὕτως
2266 3762 2393 3815 ὅταν
2419 3757 2587 3828 αὐτὴν
2646 3756 2784 3828 μετά
2816 3755 3091 3820 πολιτείας
3140 3756 3272 3828 ἔχῃς
3308 3757 3540 3829 ἀρίστης
3566 3797 3584 3823 ,

1912 3854 2009 3923 τὴν
2034 3848 2191 3922 ῥίζαν
2223 3847 2319 3901 καὶ
2345 3845 2442 3917 τὴν
2461 3843 2719 3898 ὑπόθεσιν
2743 3841 2887 3913 ἔχεις
2919 3842 3026 3896 τῶν
3080 3842 3281 3897 καλῶν.
3318 3842 3588 3917 Καθάπερ

1911 3938 2023 4009 γὰρ
2055 3935 2213 4010 ῥίζαν
2234 3933 2263 3974 d
2298 3936 2370 4005 γῆ
2401 3930 2608 4003 λιπαρά
2634 3931 2728 3984 καὶ
2751 3929 2995 4000 γόνιμος,
3024 3929 3199 3999 οὕτως
3222 3924 3361 3984 οἶδεν
3389 3930 3588 4004 ἀρίστη

1912 4025 2157 4080 πολιτεία
2183 4022 2406 4094 τρέφειν
2429 4019 2558 4082 τοὺς
2583 4019 2682 4088 τῆς
2721 4016 3021 4090 παρθενίας
3063 4015 3308 4088 καρπούς
3332 4034 3347 4049 ·
3387 4015 3588 4088 μᾶλλον

1912 4116 1968 4171 δὲ
1988 4116 2084 4168 καὶ
2118 4112 2242 4185 ῥίζα
2272 4111 2367 4165 καὶ
2395 4109 2604 4181 καρπὸς
2635 4106 2933 4178 παρθενίας
2971 4106 3000 4158 6
3030 4101 3439 4173 ἐσταυρωμένος
3472 4101 3587 4185 βίρς

1914 4204 2085 4257 ἐστίν.
2118 4180 2268 4268 λῦτη
2289 4200 2414 4260 τοὺς
2433 4180 2713 4264 γενναίους
2734 4192 2972 4254 ἐκείνους
3003 4190 3140 4260 πρὸς
3162 4187 3254 4241 τὸν
3277 4180 3586 4258 θαυμαστόν

1912 4290 2101 4362 ήλειψε
2125 4287 2344 4358 δρόμον,
2379 4284 2556 4336 πάντα
2587 4281 2686 4352 μὲν
2714 4278 2894 4333 αὐτῶν
2924 4276 2994 4330 τά
3012 4274 3187 4346 δεσμά
3218 4274 3582 4346 περικόψασα,

1912 4378 2044 4432 ποσὶ
2063 4376 2121 4430 δὲ
2147 4373 2391 4435 εὐλύτοις
2418 4371 2513 4424 καὶ
2541 4368 2765 4438 κούφοις
2813 4364 3065 4435 καθάπερ
3104 4363 3343 4433 πτηνοὺς
3381 4362 3585 4433 ἀφεῖσα

1914 4464 2177 4521 πέτεσθαι
2236 4461 2372 4534 πρὸς
2415 4459 2508 4513 τὸν
2538 4457 2786 4529 οὐρανόν.
2822 4455 2998 4508 Ὅπου
3027 4451 3137 4525 γὰρ
3173 4449 3297 4505 οὔτε
3326 4451 3585 4519 γυναικὸς

1913 4554 2197 4628 θεραπεία,
2232 4551 2357 4607 οὔτε
2379 4550 2584 4605 παίδων
2611 4548 2919 4621 ἐπιμέλεια,
2950 4544 3120 4617 πολλὴ
3148 4545 3247 4617 τῆς
3269 4543 3587 4616 ἀκτημοσύ-

1911 4661 2010 4716 νης
2036 4645 2070 4715 ἡ
2097 4640 2314 4695 εὐκολία
2338 4656 2353 4672 ·
2377 4636 2732 4709 ἀκτημοσύνη
2763 4634 2820 4689 δέ
2837 4635 3006 4704 ἐγγὺς
3027 4629 3167 4687 εἶναι
3190 4634 3336 4687 ποιεῖ
3355 4631 3464 4686 τῶν
3491 4633 3584 4685 οὐ·

1915 4730 2116 4804 ρανῶν,
2143 4729 2204 4782 οὐ
2233 4727 2413 4798 φόϐων
2447 4726 2630 4797 μόνον,
2663 4724 2786 4778 οὐδὲ
2821 4721 3137 4794 φροντίδων,
3157 4720 3279 4774 ούδέ
3298 4720 3581 4783 κινδύνων,

1912 4818 2049 4873 ἀλλά
2087 4818 2180 4871 καὶ
2203 4817 2302 4887 τῆς
2326 4815 2492 4885 ἄλλης
2513 4811 2801 4875 δυσκολίας
2827 4812 2976 4882 ἡμᾶς
3004 4807 3438 4866 ἀπαλλάττουσα.

1983 4907 2111 4959 IIA'.
2128 4906 2186 4959 '0
2207 4904 2303 4975 μέν
2317 4902 2426 4974 γὰρ
2444 4900 2606 4973 μηδὲν
2622 4900 2760 4970 ἔχων
2772 4898 2847 4961 ὡς
2861 4897 2930 4950 τά
2946 4897 3122 4950 πάντα
3138 4895 3398 4965 κατέχων,
3411 4892 3581 4959 οὕτως

1914 4996 2171 5049 ἁπάντων
2211 4992 2560 5062 καταφρονεῖ,
2584 4988 2679 5041 καὶ
2700 4984 2982 5057 παρρησίᾳ
3009 4982 3272 5055 κέχρηται
3303 4979 3467 5051 πολλῇ
3486 4981 3581 5033 καὶ

1915 5082 2051 5155 πρὸς
2075 5083 2341 5153 ἄρχοντας
2367 5078 2461 5133 καὶ
2490 5075 2627 5146 πρὸς
2646 5074 2913 5135 δυνάστας
2942 5072 3038 5124 καὶ
3063 5070 3200 5141 πρὸς
3219 5068 3492 5155 αὐτὸντὺν
3514 5067 3581 5155 τδ

1911 5154 2151 5239 διάδημα
2194 5165 2595 5238 περικείμενον.
2642 5162 2701 5215 '0
2738 5160 3037 5232 χρημάτων
3087 5154 3442 5226 καταφρονῶν
3477 5154 3581 5227 ὀδῷ

1913 5256 2222 5329 προϐαίνων
2241 5253 2332 5307 καὶ⁸
2354 5250 2586 5307 θανάτου
2615 5248 3017 5321 καταφρονήσει
3044 5245 3239 5317 ῥᾳδίως
3254 5259 3268 5274 ·
3291 5243 3497 5301 τούτων
3523 5243 3584 5298 δέ

1912 5345 2200 5415 γενόμενος
2239 5340 2498 5411 ἀνωτέρω
2534 5340 2668 5392 πᾶσι
2729 5336 2867 5409 μετά
2894 5332 3203 5407 παρρησίας
3254 5329 3579 5399 διαλέξεται,

1912 5433 2103 5487 οὐδένα
2123 5428 2377 5492 δεδοικὼς
2405 5427 2527 5481 οὐδέ
2555 5426 2794 5498 τρέμων.
2833 5424 2890 5478 '0
2915 5424 2971 5477 δὲ
2991 5422 3125 5492 περὶ
3142 5420 3400 5491 χρήματα
3422 5420 3585 5489 ησχο-

1911 5521 1976 5594 λη
1987 5521 2143 5592 μένος
2172 5520 2233 5572 οὐ
2264 5517 2563 5589 χρημάτων
2581 5515 2699 5569 ἐστὶ
2732 5515 2889 5587 μόνον
2915 5510 3119 5575 δοῦλος,
3146 5507 3284 5563 ἀλλά
3301 5506 3397 5562 καὶ
3425 5505 3586 5594 δόξης

1913 5610 2008 5663 καὶ
2035 5606 2200 5679 τιμῆς
2228 5606 2324 5660 καὶ⁸
2349 5606 2449 5676 τῆς
2474 5603 2754 5676 παρούσης
2795 5600 2941 5669 ζωῆς
2963 5639 2977 5662 ,
3011 5598 3105 5651 καὶ
3145 5595 3362 5651 πάντων
3396 5593 3586 5661 ἁπλῶς

1975 5692 2005 5731 δ
2029 5696 2183 5743 Savil.
2210 5693 2321 5742 ούδέ
2350 5693 2522 5749 ληνῶν.
2550 5688 2716 5740 Monlf.
2743 5690 2853 5740 οὐδὲ
2869 5687 3131 5750 λειμώνων.
3157 5684 3294 5736 Ευιτ.

1980 5759 2001 5787 ε
2036 5758 2156 5815 Reg.
2179 5756 2278 5803 τῶν
2303 5756 2480 5810 θνητῶν
2502 5754 2699 5815 τούτων.

1984 5817 2010 5855 δ
2032 5807 2259 5878 δίδως.
2287 5820 2339 5869 ει
2361 5807 2511 5866 Savil.
2537 5815 2599 5866 Al
2626 5813 2837 5865 Planlin.
2866 5815 2919 5859 el
2942 5807 3116 5858 Morel.
3142 5807 3242 5869 ῥίζα
