4056 6208
450 292 557 350 593

446 409 621 477 ειπετν
638 406 747 463 τῶν
770 404 1059 476 βιωτικῶν.
1082 404 1184 457 Διά
1212 402 1369 456 τοῦτο
1407 401 1565 471 ῥίζαν
1599 395 1765 469 αὑτὴν
1794 398 1901 451 τῶν
1928 394 2114 450 κακῶν

445 494 667 550 πάντων
691 495 720 547 6
744 492 956 555 Παῦλος
1002 490 1282 545 ἐκάλεσεν.
1331 487 1492 541 Ἀλλά
1531 486 1735 557 ταύτην
1769 483 1928 553 ἱκανὴ
1960 482 2122 553 ξηρᾶο

445 600 536 637 ναι
566 582 665 653 τὴν
689 579 847 650 ῥίζαν
870 577 1212 653 ἡ-παρθενία,
1243 575 1335 628 καὶ
1358 573 1551 643 ἑτέραν
1577 574 1709 644 ἡμῖν
1736 570 1971 625 ἐνθεῖναι
2023 567 2124 639 τὴν

445 649 699 741 ἀρίστην,
721 666 818 738 τὴν
840 649 1055 720 ἅπαντα
1084 662 1494 735 βλαστάνουσαν
1510 658 1577 713 τά
1599 656 1759 722 καλά,
1789 653 2122 726 ἐλευθερίαν,

448 758 784 831 παρρησίαν,
817 754 1065 827 ἀνδρείαν
1086 793 1100 817 ,
1133 751 1294 823 ζῆλον
1337 748 1753 820 πεπυρωμένον,
1797 746 1983 817 ἔρωτα
2013 742 2124 796 τῶν

449 844 716 915 οὐρανίων
738 843 940 915 θερμὸν
958 881 973 905 ,
1010 838 1311 910 ὑπεροψίαν
1335 838 1552 892 πάντων
1586 834 1695 889 τῶν
1725 836 1819 888 ἐπὶ
1857 834 1956 902 τῆς
1983 832 2087 903 γῆς
2111 847 2123 860 ·

450 934 592 989 οὑτω
622 933 683 987 :6
710 932 1042 1000 Εὔσχημον
1079 927 1178 981 καὶ
1208 924 1624 995 εὐπρόσεδρον
1647 923 1881 993 γίνεται.

521 1054 647 1119 ΠΒ’.
665 1053 825 1108 Ἀλλά
848 1053 934 1116 τίς
956 1054 985 1105 6
1006 1052 1167 1121 σοφὸς
1194 1050 1302 1104 τῶν
1321 1047 1531 1103 πολλῶν
1554 1046 1738 1114 λόγος;
1780 1044 1837 1097 '0
1860 1041 2125 1113 πατριάρ-

453 1162 575 1216 χης,
594 1161 666 1214 φη
674 1142 879 1208 σὶν,Ἀ6
884 1143 990 1213 ραά
997 1159 1035 1211 μ
1050 1141 1142 1194 καὶ
1161 1141 1392 1207 γυναῖκα
1407 1132 1540 1207 εἶχε,
1560 1136 1652 1189 καὶ
1668 1134 1880 1196 παῖδας,
1894 1132 1989 1185 καὶ
2002 1132 2129 1202 χρή-

456 1250 621 1304 ματα,
646 1232 739 1285 καί
764 1230 1012 1301 ποίμνια,
1030 1230 1125 1283 καὶ
1155 1227 1423 1297 βουκόλια·
1451 1225 1543 1278 καλ⁸
1574 1222 1714 1295 μετά
1740 1223 1917 1275 πάντα
1943 1221 2127 1272 ἐκεῖνα

465 1320 738 1389 Ἰωάννης,
759 1320 784 1371 ὃ
803 1334 863 1371 τε
885 1314 1218 1386 Βαπτιστὴς,
1242 1315 1272 1367 ὅ
1292 1331 1351 1366 τε
1377 1308 1801 1380 Εὑαγγελιστὴς,
1819 1304 1969 1379 [555]
1988 1322 2129 1376 παρ-

454 1406 599 1462 θένοι
618 1407 917 1478 ἀμφότεροι
938 1403 1315 1474 τυγχάνοντες,
1341 1400 1434 1454 καὶ
1451 1398 1661 1461 Παῦλος
1691 1397 1786 1451 καὶ
1815 1395 2019 1465 Πέτρος
2036 1393 2130 1446 ἐπὶ

452 1498 555 1568 τῆς
584 1495 910 1567 ἐγκρατείας
938 1490 1360 1563 διαλάμψαντες,
1395 1489 1477 1551 εἰς
1500 1486 1626 1549 τοὺς
1658 1484 1867 1538 ἐκείνου
1896 1481 2131 1544 κόλπους

454 1584 707 1657 εὑχονται
745 1582 942 1636 ἐλθεῖν.
977 1582 1074 1644 Τίς
1106 1578 1367 1632 σοιτοῦτο
1392 1571 1563 1639 εἶπεν,
1593 1568 1638 1628 ὢ
1687 1572 1954 1644 βέλτιστε,
1980 1572 2130 1632 ποῖος

455 1673 766 1745 προφήτης,
795 1671 878 1734 τίς
899 1668 1326 1738 εὑαγγελιστής;
1373 1663 1565 1727 Αὐτὸς,
1606 1662 1793 1732 φησὶν,
1814 1662 1842 1713 6
1868 1658 2125 1730 Χριστός.

456 1761 562 1815 Τὸν
589 1760 699 1831 γὰρ
723 1758 1125 1828 ἑκατοντάρχην
1162 1752 1283 1807 ἰδὼν
1322 1750 1521 1821 πολλὴν
1546 1749 1740 1820 ἔχοντα
1779 1746 1982 1811 πίστιν,
2015 1746 2129 1798 ἐλε-

456 1866 554 1920 γεν
571 1865 585 1880 ⁸
612 1850 735 1902 Ὅτι
757 1847 974 1901 πολλοὶ
1000 1844 1118 1899 ἀπὸ
1148 1839 1461 1898 ἀνατολῶν
1482 1839 1579 1892 καὶ
1598 1836 1855 1908 δυσμῶν
1881 1835 2125 1903 ἥξουσι,

455 1936 557 1991 καὶ
598 1933 1111 2001 ἀνακλιθήσονται
1148 1930 1301 2001 μετὰ
1358 1926 1604 1998 Ἀϐραὰμ
1644 1926 1741 1979 καὶ
1783 1923 1990 1979 Ἰσαὰκ
2034 1922 2127 1978 καὶ

454 2023 676 2080 Ἰακώϐ.
712 2022 822 2075 Καὶ
859 2021 1157 2091 ὁΛάζαρος
1179 2018 1237 2071 δὲ
1288 2017 1405 2088 μετ’
1443 2013 1610 2069 αὑτοῦ
1641 2014 1761 2067 τότε
1784 2013 1978 2083 δρᾶται
2026 2010 2131 2064 ὑπὸ

454 2112 551 2166 τοῦ
586 2110 840 2166 πλουσίου
862 2106 1104 2180 τρυφῶν.
1130 2105 1240 2159 Καὶ
1264 2103 1316 2156 τί
1345 2102 1504 2157 τοῦτο
1541 2101 1677 2173 7:96;
1727 2099 1960 2165 Παῦλον,
1993 2097 2047 2150 τί
2074 2097 2130 2150 δέ

457 2202 595 2275 πρὸς
618 2201 847 2272 Πέτρον,
879 2198 933 2252 τί
970 2197 1027 2251 δέ
1058 2196 1195 2268 πρὸς
1241 2196 1530 2266 Ἰωάννην;
1557 2194 1632 2247 Οὑ
1669 2192 1777 2262 γάρ
1809 2191 1838 2243 ὁ
1881 2190 2132 2261 Λάζαρος

456 2291 671 2354 Παῦλος
699 2290 793 2342 καὶ
831 2288 1084 2358 Ἰωάννης
1099 2281 1188 2358 ἦν,
1207 2284 1329 2337 οὐδὲ
1355 2284 1403 2336 οἱ
1422 2282 1608 2336 πολλοὶ
1638 2283 1686 2335 οἱ
1715 2280 1822 2335 ἀπὸ
1855 2278 2131 2333 ἀνατολῶν

457 2380 551 2434 καὶ
579 2376 797 2448 δυσμῶν
832 2377 863 2429 6
893 2374 1001 2429 τῶν
1030 2372 1342 2427 ἀποστόλων
1368 2367 1507 2443 ἦσαν
1528 2360 1710 2441 χορός.
1748 2368 1915 2420 Ὥστε
1940 2384 2132 2439 περιτ-

454 2467 548 2531 τὸς
582 2466 710 2537 ὑμῖν
750 2456 905 2526 οὗτος
946 2462 975 2513 6
1018 2461 1175 2529 λόγος
1208 2460 1302 2512 καὶ
1334 2459 1581 2530 μάταιος.
1608 2458 1671 2509 Εἰ
1712 2455 1769 2509 δέ
1793 2454 1965 2517 θέλεις
1996 2455 2132 2518 ὅλως

456 2553 685 2608 ἀκοῦσαι
706 2551 774 2605 τά
798 2551 903 2604 τῶν
929 2548 1239 2603 ἀποστόλων
1273 2546 1505 2603 ἔπαθλα.
1523 2544 1756 2598 ἄκουσον
1781 2542 1876 2596 τοῦ
1911 2543 2133 2614 μέλλον-

456 2657 549 2704 τος
580 2638 721 2691 αὑτά
753 2637 948 2690 διδόναι
968 2674 983 2695 .
1016 2635 1268 2703 λέγοντος
1291 2649 1306 2663 ’
1352 2632 1691 2686 Καθίσεσθε
1720 2630 1821 2684 ἐπὶ
1844 2630 2075 2685 δώδεκα
2104 2645 2132 2673 ι

456 2727 711 2795 θρόνους
739 2724 1049 2792 κρίνοντες
1076 2721 1183 2787 τὰς
1207 2718 1436 2773 δώδεκα
1465 2718 1665 2789 φυλὰς
1704 2719 1811 2773 τοῦ
1860 2718 2130 2789 Ἰσραήλ.

455 2815 568 2868 Καὶ
598 2811 832 2883 οὐδαμοῦ
863 2808 1098 2864 ἐνταῦθα
1133 2811 1162 2862 6
1193 2807 1464 2878 Ἀϐραὰμ,
1506 2805 1630 2858 οὕτε
1675 2807 1703 2858 6
1750 2806 1942 2860 τούτου
1978 2811 2129 2872 παῖς,

455 2902 577 2956 οὐδὲ
609 2902 637 2954 6
658 2899 867 2954 ἐκείνου
892 2938 905 2964 ,
939 2897 1062 2951 οὑδὲ
1105 2896 1136 2948 6
1162 2894 1345 2966 λαχὼν
1381 2894 1577 2958 αὑτοὺς
1611 2894 1830 2963 κόλπος,
1862 2894 1979 2950 ἀλλ’
2007 2895 2132 2960 ἀξία

457 2986 637 3061 πολλῷ
669 2986 868 3059 μείζων
890 2984 1105 3057 ἐκείνης
1124 3001 1138 3014 ·
1159 2986 1287 3047 τοὺς
1305 2982 1414 3054 γάρ
1430 2982 1654 3037 ἐκείνων
1683 2978 1827 3038 οὑτοι
1844 2982 2133 3038 καθεδοῦν-

455 3093 547 3132 ται
570 3074 881 3145 κρινοῦντες
911 3072 1187 3142 ἐκγόνους.
1223 3071 1298 3123 Ού
1324 3069 1507 3144 ,ταύτῃ
1534 3070 1591 3124 δέ
1630 3070 1792 3142 μόνον
1831 3074 1864 3143 ἡ
1897 3071 2130 3144 διαφορά

454 3163 612 3236 δήλη,
641 3162 756 3217 ἀλλ’
782 3163 864 3215 ὃτι
889 3155 965 3217 ὧν
991 3161 1087 3231 μὲν
1105 3160 1133 3214 6
1166 3159 1417 3231 ’Δϐραάμ
1446 3159 1602 3229 ἔτυχε
1628 3159 1812 3213 πολλοὶ
1825 3159 2125 3227 τεύξονται·

455 3252 683 3307 Πολλοὶ
721 3252 831 3321 γάρ
875 3249 1252 3314 ἐλεύσονται,
1308 3248 1493 3319 φησὶν,
1525 3247 1644 3302 ἀπὸ
1684 3244 1999 3303 ἀνατολῶν
2029 3250 2129 3304 καὶ

456 3338 724 3409 δυσμῶν,
748 3338 846 3392 καὶ
867 3335 1371 3405 ἀνακλιθήσονται
1390 3336 1536 3401 μετὰ
1553 3334 1802 3405 Ἀϐραὰμ
1816 3336 1916 3390 καί
1931 3336 2132 3392 Ἰσαὰκ

456 3428 556 3482 καί
577 3424 777 3481 Ἰακώϐ
789 3440 804 3456 ο
836 3425 943 3478 τῶν
967 3424 1023 3478 δέ
1052 3423 1255 3496 θρόνων
1280 3424 1501 3476 ἐκείνων
1521 3423 1696 3486 οὐδεὶς
1724 3424 1913 3496 ἔτερος
1940 3426 2133 3496 ἐπιλὴ·

455 3515 637 3589 ψεται,
663 3514 801 3568 ἀλλά
826 3514 985 3585 μόνος
1013 3513 1041 3552 ιι
1066 3513 1096 3565 6
1117 3511 1225 3565 τῶν
1240 3511 1410 3581 ἁγίων
1430 3510 1633 3564 τούτων
1660 3511 1843 3584 χορός.
1875 3513 1992 3567 Ἔτ’
2016 3509 2130 3579 οὖν,

458 3603 580 3658 εἰπέ
605 3620 713 3674 μοι,
738 3600 1002 3673 ποιμνίων
1028 3599 1325 3672 μέμνησθε,
1349 3601 1443 3652 καὶ
1467 3598 1783 3670 βουκολίων,
1808 3601 2129 3673 καὶγάμων,

461 3692 557 3744 καὶ
580 3689 900 3757 παίδων;Τί
938 3683 1052 3753 οὗν,
1088 3688 1275 3758 φησὶν,
1328 3688 1457 3741 ὅταν
1503 3688 1614 3741 τῶν
1642 3689 2133 3760 παρθενευσάντων

461 3778 646 3832 πολλοὶ
686 3778 823 3848 μετά
864 3777 991 3840 τοὺς
1022 3774 1249 3840 πολλοὺς
1302 3775 1535 3847 ἱδρῶτας
1572 3775 1838 3846 εὔχωνται
1884 3778 2132 3850 χωρῆσαι

462 3866 605 3931 ἐκεῖς
650 3864 790 3935 Ἐγὼ
815 3864 871 3918 δέ
895 3863 1085 3916 τούτου
1116 3865 1297 3934 μεῖζον
1332 3863 1464 3934 ἐρῶ,
1495 3864 1577 3916 ὃτι
1620 3864 1804 3918 πολλοὶ
1847 3866 1957 3920 τῶν
1989 3884 2133 3939 παρ-

463 3952 829 4007 θενευσάντων
872 3952 993 4005 οὑδέ
1032 3952 1257 4005 ἐκείνων
1314 3951 1686 4018 ἐπιτεύξονται
1728 3953 1837 4007 τῶν
1891 3955 2129 4021 κόλπων,

462 4040 583 4095 οὐδὲ
607 4040 714 4093 τῶν
736 4039 1054 4105 ἐλαττόνων,
1076 4039 1190 4093 ἀλλ’
1218 4039 1297 4102 εἰς
1319 4039 1420 4108 τὴν
1439 4039 1662 4108 γέενναν
1694 4042 1863 4111 αὐτὴν
1895 4042 2131 4097 ἀπελεύ-

464 4153 668 4192 σονται.
714 4139 825 4192 Καὶ
852 4137 1106 4210 δηλοῦσιν
1131 4139 1187 4190 αἰ
1221 4134 1315 4189 τοῦ
1357 4135 1649 4207 νυμφῶνος
1685 4138 2130 4197 ἀποκλεισθείσαι

462 4234 743 4307 παρθένοι.
796 4231 920 4307 Ἆρ’
966 4232 1063 4288 οὖν
1109 4232 1263 4305 παρά
1292 4231 1451 4286 τοῦτο
1478 4233 1579 4305 τῆς
1632 4234 1931 4306 παρθενίας
1961 4234 2075 4301 ἴσος
2101 4241 2132 4292 6

461 4333 713 4404 γάμος,ἡ
740 4333 834 4387 καὶ
866 4333 1101 4405 χείρων;
1130 4332 1194 4387 τὸ
1214 4332 1325 4404 γὰρ
1359 4332 1664 4403 ὑπόδειγμα
1692 4333 1754 4386 τὸ
1780 4334 1870 4387 σὺν
1892 4335 1986 4387 καὶ
2014 4336 2130 4405 χεί-

466 4446 595 4500 ρονα
618 4430 786 4500 αὑτὴν
812 4433 977 4483 ποιεῖ.
1009 4432 1074 4484 Ei
1105 4430 1214 4502 γὰρ
1241 4433 1271 4484 6
1299 4431 1398 4502 μὲν
1418 4430 1752 4503 γεγαμηκὼς
1790 4433 2043 4505 Ἀϐραὰμ
2072 4436 2130 4488 ἐν

461 4521 645 4577 ἀνέσει
670 4524 765 4579 καὶ
788 4524 988 4592 τρυφῇ,
1013 4524 1064 4574 οἱ
1089 4522 1148 4576 δὲ
1168 4522 1637 4594 παρθενεύσαντες
1658 4525 1715 4579 ἐν
1736 4524 1953 4597 γεέννῃ,
1970 4525 2130 4579 τοῦτο

460 4620 707 4675 λείπεται
735 4619 877 4674 κατά
896 4620 988 4674 τὸν
1005 4620 1267 4693 ὑμέτερον
1289 4623 1625 4678 ὑποπτεῦσαι
1654 4624 1832 4694 λόγον.
1871 4626 2009 4680 Ἀλλ’
2029 4628 2130 4680 οὑκ

462 4712 582 4766 ἐστι
609 4713 801 4778 ταῦτα,
832 4714 931 4768 οὑκ
953 4713 1125 4767 ἐστιν⁸
1160 4716 1222 4768 οὑ
1253 4716 1363 4788 γὰρ
1395 4717 1554 4787 μόνον
1587 4717 1687 4770 οὑκ
1709 4719 1965 4783 ἐλάττων,
1991 4718 2130 4773 ἀλλὰ

462 4815 559 4871 καὶ
610 4815 788 4887 πολλῷ
816 4815 1035 4887 βελτίων
1079 4819 1113 4888 ἡ
1160 4818 1425 4889 παρθενία
1452 4817 1543 4871 τοῦ
1584 4819 1787 4889 γάμου.
1815 4819 1970 4886 Πῶς;
2005 4820 2126 4874 Ὅτι

461 4910 585 4965 οὔτε
615 4912 705 4967 τὸν
740 4913 990 4984 Ἀϐραὰμ
1008 4913 1036 4964 ὁ
1052 4913 1228 4984 γάμος
1250 4911 1488 4967 τοιοῦτον
1506 4913 1779 4984 ἐποίησεν,
1798 4911 1971 4985 οὑτεὴ
1995 4932 2126 4986 παρ-

463 5007 613 5062 θενία
641 5008 740 5075 τὰς
766 5009 955 5074 ἀθλίας
982 5009 1196 5072 ἐκείνας
1230 5009 1506 5062 ἀπώλεσεν
1526 5025 1537 5037 ·
1574 5008 1712 5062 ἀλλά
1765 5010 1854 5064 καὶ
1890 5010 1980 5063 τὸν
2022 5028 2127 5064 πα-

458 5109 727 5180 τριάρχην
754 5111 788 5180 ἡ
823 5108 986 5181 λοιπὴ
1031 5109 1130 5178 τῆς
1158 5108 1337 5180 ψυχῆς
1364 5108 1533 5181 ἀρετὴ
1558 5107 1810 5180 λαμπρὸν
1853 5109 2124 5176 ἀπέδειξε,

461 5205 557 5260 καὶ
586 5206 789 5271 ταύτας
813 5207 847 5277 ἡ
881 5204 1042 5277 λοιπὴ
1056 5205 1225 5259 κακία
1244 5204 1339 5258 τοῦ
1364 5203 1479 5273 βίου
1513 5204 1589 5274 τῷ
1620 5206 1754 5276 πυρὶ
1787 5206 2122 5277 παρέδωκεν.

474 5305 709 5370 Ἐκεῖνος
755 5306 854 5377 μὲν
899 5305 1011 5377 γὰρ
1041 5304 1137 5361 καὶ
1169 5305 1228 5359 ἐν
1254 5305 1418 5377 γάμῳ
1450 5303 1559 5369 ζῶν
1596 5305 1895 5360 ἐσπούδασε
1931 5307 2003 5360 τὰ
2025 5308 2126 5377 τῆς

462 5404 758 5477 ⁸ιιιιιρθενίας
804 5405 1148 5478 κατορθῶσαι
1194 5405 1356 5470 καλά,
1406 5405 1468 5459 τὸ
1496 5406 1822 5476 Εὕσχημον
1854 5407 1998 5476 λέγω
2024 5411 2122 5464 καί

522 5584 542 5608 ⁸
562 5585 766 5650 1103.0:
803 5585 950 5635 Savil.
981 5585 1039 5650 in_
1049 5599 1203 5648 marg.
1228 5600 1241 5634 :
1279 5604 1303 5628 «
1335 5584 1490 5650 ιΥμεῖς
1514 5590 1574 5650 -οἱ
1596 5586 1999 5650 ἀκολουθήσαντές
2022 5604 2119 5650 μοι,

454 5644 762 5723 ξτανρκοῖθίρῃ
787 5644 1325 5723 ὀοϊίρςιτρῦκάνθρώπου
1353 5644 1427 5696 ἐπὶ
1447 5647 1609 5710 θρόνου
1646 5648 1780 5706 δόξης
1806 5647 1951 5698 αὐτοῦ
1967 5685 1979 5709 ,
2006 5644 2121 5702 καθ-ὲ

458 5708 619 5770 ἔσεσθε
637 5710 717 5756 καὶ
737 5708 867 5770 ὑμεῖς
886 5710 963 5758 ἐπὶ
980 5710 1094 5757 ιδὼδ.
1124 5730 1147 5753 υ
1168 5708 1177 5711 ⁷
1477 5708 1483 5710 ⁷
1750 5738 1755 5741 λ

518 5769 551 5813 δ
570 5769 694 5832 Heg.
720 5769 822 5819 ἀλλ’
845 5773 875 5829 ἦ
900 5788 1053 5834 μονος.

1220 288 1277 344 S.
1318 284 1603 342 JOANNPS
1641 279 2128 338 CIIRYSOSTOMI

2259 276 2496 331 cum.
2538 236 3083 335 cdxsmxnxov.

3791 283 3903 339 51'.

2224 392 2631 463 εὐπρόσεδρον
2651 410 2665 426 ο
2691 390 2850 450 αὗται
2865 396 2923 449 δέ
2947 397 3043 448 καὶ
3069 394 3369 466 παρθενίαν
3394 395 3671 465 ἑλόμεναι,
3702 398 3785 462 εἰς
3806 402 3900 454 τὸν

2221 480 2316 533 τοῦ
2352 481 2469 552 βίου
2520 481 2768 536 κλύδωνα
2814 483 2906 536 καὶ
2943 482 3041 547 τὰς
3080 484 3139 536 ἐν
3179 480 3261 552 τῷ
3301 483 3464 553 γάμῳ
3508 483 3906 555 πραγματείας

2223 568 2558 624 κατέπεσαν.
2597 571 2662 623 Τί
2705 566 2798 625 οῦν
2834 570 3059 636 κωλύει,
3084 570 3239 639 φησὶ,
3277 571 3372 623 καὶ
3393 570 3489 624 νῦν
3516 572 3654 641 μετά
3680 572 3779 625 τοῦ
3813 574 3909 641 γάο

2228 674 2328 727 μου
2364 658 2457 711 καὶ
2484 658 2592 712 τῶν
2624 659 2829 712 παίδων
2855 660 2951 712 καὶ
2991 658 3100 711 τῶν
3139 659 3436 729 χρημάτων
3469 658 3695 712 καὶτῶν
3724 659 3907 715 ἄλλων

2222 744 2480 798 ἁπάντων
2513 744 2575 799 τὸ
2602 744 3028 814 Εὐπρόσεδρον
3077 744 3373 809 διασῶσαι;
3423 743 3645 814 Πρῶτον
3684 745 3789 815 μὲν
3828 747 3909 799 ὅτι

2223 833 2400 897 οὐδεὶς
2438 834 2583 887 κατά
2619 834 2711 889 τὸν
2756 834 3009 905 Ἀϐραὰμ
3041 834 3169 897 νῦν,
3210 832 3326 886 ἀλλ’
3356 832 3480 885 οὑδέ
3526 832 3671 887 κατὰ
3704 834 3909 905 μικρὸν

2225 920 2415 990 ἐγγύς.
2472 921 2582 975 Καὶ
2628 921 2738 993 γὰρ
2791 921 2902 976 τῶν
2956 920 3345 991 ἀκτημοσύνην
3394 919 3713 975 ἀσκούντων
3776 921 3912 991 μᾶλ-

2225 1009 2316 1062 λον
2349 1012 2557 1073 ἐκεῖνος
2601 1012 2902 1081 χρημάτων
2946 1009 3343 1081 κατεφρόνησε,
3395 1007 3640 1062 πλουτῶν
3668 1011 3771 1063 καὶ
3812 1027 3909 1078 γυ-

2226 1100 2389 1152 ναῖκα
2406 1097 2566 1167 ἔχων,
2592 1099 2686 1151 καὶ
2700 1098 2893 1169 ἡδονῆς
2921 1096 3121 1168 μᾶλλον
3141 1096 3252 1149 τῶν
3275 1095 3721 1166 παρθενευόντων
3746 1098 3913 1169 ἐκράο

2227 1203 2331 1241 τει.
2377 1180 2540 1239 Οὗτοι
2577 1186 2677 1256 μέν
2720 1185 2830 1255 γὰρ
2862 1185 2986 1238 καθ’
3032 1185 3272 1256 ἑκάστην
3306 1185 3412 1237 ὑπὸ
3454 1186 3554 1255 τῆς
3602 1185 3914 1256 ἐπιθυμίας

2229 1275 2519 1343 φλέγονται
2553 1274 2654 1345 τὴν
2697 1274 2946 1346 ἡμέραν·
2981 1274 3189 1339 ἐκεῖνος
3236 1273 3294 1326 δέ
3338 1273 3480 1326 οῦτω
3515 1273 3724 1345 ταύτην
3781 1292 3913 1328 κατα

2228 1362 2446 1416 εσῦέκει
2470 1361 2567 1433 τὴν
2601 1361 2792 1431 φλόγα,
2825 1362 2918 1415 καὶ
2944 1360 3171 1432 οὐδεμιᾷ
3209 1361 3513 1417 συνεδέδετο
3538 1362 3912 1434 προσπαθείᾳ,

2228 1450 2305 1513 ὡς
2332 1451 2407 1522 μὴ
2444 1451 2601 1521 μόνον
2619 1449 2768 1522 [554]
2797 1449 3134 1521 ἀποσχέσθαι
3163 1449 3265 1520 τῆς
3289 1449 3633 1515 παλλακίδος,
3658 1450 3806 1504 ἀλλὰ
3823 1454 3917 1505 καὶ

2228 1536 2477 1591 ἐκϐαλεῖν
2503 1538 2673 1610 αὑτὴν
2701 1539 2802 1608 τῆς
2831 1538 3009 1601 οἰκίας
3037 1539 3177 1610 ὑπὲρ
3198 1536 3292 1591 τοῦ
3324 1538 3506 1609 μάχης
3534 1539 3627 1590 καὶ
3666 1540 3917 1602 στάσεως

2230 1626 2413 1678 πᾶσαν
2442 1625 2698 1679 ὑπόθεσιν
2716 1625 2925 1681 ἀνελεῖν
2945 1643 2958 1658 ο
2988 1624 3085 1680 νῦν
3110 1627 3166 1680 δέ
3183 1626 3241 1679 οὑ
3265 1626 3469 1695 σφόδρα
3500 1625 3728 1678 εὔκολον
3753 1626 3916 1681 τοῦτο

2230 1714 2433 1787 εὑρεῖν.

2303 1836 2430 1891 III".
2449 1835 2561 1890 Καὶ
2576 1836 2745 1907 χωρὶς
2767 1835 2973 1889 τούτων
2989 1836 3068 1900 δέ,
3099 1837 3238 1908 ὅπερ
3263 1836 3356 1890 καὶ
3382 1836 3685 1908 ἀρχόμενος
3703 1837 3917 1907 ἔλεγον,

2229 1925 2389 1979 τοῦτο
2427 1925 2521 1980 καὶ¹
2544 1925 2640 1979 νῦν
2663 1924 2793 1996 ἐρῶ,
2820 1927 2903 1978 δτι
2937 1928 2999 1978 οὑ
3033 1925 3094 1978 τὸ
3127 1926 3258 1978 αὑτὸ
3293 1926 3390 1995 τῆς
3418 1926 3616 1997 ἀρετῆς
3644 1928 3920 1981 ἀπαιτού-

2234 2015 2375 2085 μεθα
2411 2014 2607 2085 μέτρον
2638 2014 2801 2085 ἡμεῖς
2831 2030 2891 2065 τε
2922 2013 3186 2067 κάκεῖνοι.
3243 2011 3357 2067 Νῦν
3402 2013 3501 2084 μὲν
3534 2013 3640 2084 γὰρ
3673 2014 3784 2067 οὑκ
3806 2015 3919 2069 ἐστι

2230 2102 2432 2157 τέλειον
2454 2098 2592 2156 εἶναι
2617 2103 2694 2173 μὴ
2745 2101 2924 2155 πάντα
2960 2101 3309 2173 πωλήσαντα,
3344 2101 3416 2174 μὴ
3445 2102 3609 2155 πᾶσιν
3626 2104 3915 2170 ἀποταξά-

2234 2208 2417 2262 μενον,
2452 2192 2514 2244 οὑ
2543 2192 2786 2261 χρήμασι
2818 2188 2964 2257 λέγω
3006 2189 3167 2259 μόνον
3196 2188 3292 2242 καὶ
3318 2190 3487 2261 οἰκίᾳ,
3524 2189 3663 2244 ἀλλά
3702 2192 3810 2246 καί⁵
3856 2195 3918 2264 τῇ

2230 2279 2374 2351 ψυχῇ
2404 2281 2471 2351 τῇ
2493 2277 2706 2332 ἑαυτοῦ·
2736 2277 2858 2330 τότε
2884 2276 2941 2330 δὲ
2983 2276 3136 2330 οὔπω
3172 2276 3440 2348 τοσαύτης
3468 2278 3763 2349 ἀκριϐείας
3798 2281 3919 2334 ἐπί-

2230 2367 2393 2436 δειξις
2438 2364 2527 2440 ἦν.
2557 2366 2622 2420 Τί
2646 2361 2775 2431 οὑν;
2826 2364 3216 2437 ἀκριϐέστερον
3266 2367 3449 2436 ἡμεῖς,
3495 2366 3651 2438 φησὶ,
3687 2367 3794 2421 τοῦ
3823 2386 3921 2423 πα-

2229 2456 2492 2529 τριάρχου
2528 2454 2749 2526 βιοῦμεν
2772 2452 2902 2519 νῦν;
2932 2453 3249 2524 Ὠφείλομεν
3281 2454 3401 2524 μὲν,
3434 2454 3712 2508 καὶτοῦτο
3740 2456 3923 2510 ἐπιτε-

2230 2544 2502 2615 τάγμεθα,
2536 2542 2598 2596 οὑ
2625 2540 2845 2615 βιοῦμεν
2868 2540 2947 2595 δέ·
2979 2541 3074 2595 καὶ
3110 2541 3197 2595 διὰ
3224 2541 3383 2595 τοῦτο
3416 2541 3550 2595 πολὺ
3580 2541 3677 2595 τοῦ
3700 2543 3920 2598 δικαίου

2230 2632 2528 2703 λειπόμεθα
2554 2643 2604 2671 ι·
2625 2629 2747 2683 ἐπεὶ
2779 2631 2863 2683 ὅτι
2886 2646 2949 2697 γε
2975 2627 3198 2698 μείζονα
3219 2629 3349 2699 ἡμῖν
3367 2627 3437 2682 τὰ
3466 2630 3779 2702 σκάμματα
3797 2634 3926 2703 πρό-

2233 2739 2428 2781 κειται.
2490 2718 2653 2774 παντί
2696 2735 2797 2771 που
2844 2717 3002 2788 δῆλόν
3041 2717 3177 2770 ἐστι.
3211 2715 3313 2769 Διά
3347 2715 3505 2770 τοῦτο
3533 2718 3756 2772 καὶτὸν
3800 2721 3923 2774 Νῶε

2232 2808 2585 2881 θαυμάζουσα
2614 2808 2648 2879 ἡ
2675 2806 2865 2879 Γραφὴ
2894 2805 2993 2876 οὑχ
3027 2802 3214 2868 ἁπλῶς
3241 2803 3400 2859 τοῦτο
3426 2808 3591 2871 ποιεῖ,
3616 2806 3766 2860 ἀλλά
3788 2808 3927 2879 μετὰ

2232 2897 2552 2970 προσθήκης
2580 2895 2745 2959 τινός.
2774 2892 2903 2949 Νῶε
2920 2893 3050 2966 γὰρ,
3085 2893 3241 2964 φησὶ,
3289 2892 3540 2960 δίκαιος,
3567 2895 3816 2962 τέλειος
3844 2897 3927 2950 ὢν

2231 2987 2301 3039 ἐν
2322 2984 2395 3055 τῇ
2428 2981 2603 3054 γενεᾷ
2621 2983 2828 3046 αὑτοῦ,
2852 2979 2933 3047 τῷ
2964 2980 3086 3048 Θεῷ
3118 2981 3549 3050 εὐηρέστησεν.
3581 2982 3697 3052 υὺχ
3730 2985 3926 3052 dum»;

2230 3074 2456 3139 τέλειος,
2497 3072 2611 3126 ἀλλ’
2636 3073 2693 3125 ἐν
2715 3069 2792 3139 τῷ
2827 3069 2949 3123 τότε
2984 3069 3180 3141 καιρῷο
3228 3069 3414 3124 πολλοὶ
3443 3068 3552 3142 γὰρ
3573 3071 3927 3144 τελειότητος

2230 3161 2422 3233 τρόποι
2455 3160 2595 3214 κατά
2614 3157 2903 3231 διαφόρους
2927 3156 3222 3228 ὡρισμένοι
3238 3156 3484 3226 καιρούςο
3510 3159 3605 3210 καὶ
3643 3159 3763 3213 Τοῦ
3789 3164 3928 3229 χρό-

2230 3266 2342 3303 νου
2371 3249 2818 3317 προκόπτοντος
2850 3245 2920 3300 τὸ
2954 3244 3102 3299 ποτὲ
3133 3244 3369 3299 τέλειον
3402 3246 3616 3312 ἀτελὲς
3652 3247 3929 3318 ὕστερον

2231 3337 2477 3407 γίνεται.
2502 3330 2628 3389 Οἷόν
2658 3353 2711 3389 τι
2733 3333 2899 3402 λέγω*
2923 3334 3138 3399 Τέλειος
3158 3328 3227 3404 ἦν
3245 3350 3375 3387 ποτε
3403 3335 3433 3388 ό
3463 3333 3605 3388 κατά
3635 3335 3731 3389 τόν
3758 3339 3927 3408 νόμον

2233 3423 2384 3494 βιῶν·
2430 3424 2493 3477 '0
2515 3422 2779 3490 ποιήσας
2805 3421 2916 3492 γὰρ
2944 3421 3115 3486 αὐτὰ,
3149 3421 3302 3493 φησὶ,
3333 3419 3661 3490 ζήσεταιὲν
3685 3426 3923 3491 αὐτοῖς·

2232 3514 2346 3567 ἀλλ’
2373 3512 2544 3567 ἐλθὼν
2575 3515 2602 3566 6
2640 3511 2873 3583 Χριστὸς
2902 3509 3062 3564 τοῦτο
3109 3508 3171 3563 τὸ
3216 3508 3422 3563 τέλειον
3466 3510 3673 3579 ἔδειξεν
3704 3514 3925 3577 ἀτελές.

2244 3600 2388 3656 Ἐὰν
2412 3599 2522 3671 γὰρ
2543 3598 2631 3669 μὴ
2652 3598 3055 3668 περισσεύσῃ,
3093 3596 3277 3667 φησὶν,
3305 3597 3345 3665 ἡ
3368 3596 3734 3668 δικαιοσύνη
3759 3602 3929 3672 ὑμῶν

2232 3689 2444 3744 πλεῖον
2468 3687 2587 3743 τῶν
2616 3687 3002 3757 γραμματέων
3023 3685 3123 3740 καί
3139 3686 3498 3755 Φαρισαίων,
3513 3689 3585 3740 οὐ
3598 3687 3695 3758 μὴ
3726 3692 3929 3745 sivi!-

2232 3780 2371 3845 θητε
2392 3777 2481 3842 εὶς
2502 3774 2617 3841 τὴν
2638 3773 2967 3839 ,Βασιλείαν
3002 3771 3123 3827 τῶν
3152 3771 3442 3843 οὐρανῶν.
3462 3774 3597 3826 Τότε
3627 3776 3799 3843 φόνος
3816 3778 3930 3831 ἐδό-

2232 3882 2318 3918 κει
2348 3865 2508 3935 μόνον
2528 3859 2666 3917 εἶναι
2694 3862 2886 3927 δεινὸν³
2919 3860 3015 3916 νῦν
3043 3862 3100 3915 δέ
3112 3862 3207 3916 καὶ
3232 3862 3370 3933 ὀργὴ
3400 3863 3495 3915 καὶ
3509 3861 3759 3934 λοιδορία
3786 3867 3923 3936 μόνη

2231 3956 2296 4025 τῇ
2337 3953 2528 4025 γεέννῃ
2567 3949 2935 4023 παραπέμψαι
2966 3949 3166 4004 δύναιτ’
3200 3951 3284 4005 ἄν·
3315 3950 3438 4004 τότε
3470 3952 3698 4021 μοιχεία
3723 3955 3926 4008 ἐκολά-

2231 4041 2353 4106 ζετο
2388 4042 2569 4113 μόνον,
2592 4039 2688 4095 νῦν
2712 4041 2770 4093 δέ
2799 4039 2979 4094 καὶτὸ
2998 4039 3317 4103 ἀκολάστοις
3337 4040 3640 4110 ὀφθαλμοῖς
3679 4047 3927 4110 γυναῖκα

2234 4130 2362 4183 ἰδεῖν
2410 4129 2511 4182 οὑκ
2540 4127 2885 4199 ἀπήλλακται
2929 4114 3222 4198 τιμωρίας·
3251 4127 3372 4181 τότε
3411 4129 3445 4199 ἡ
3483 4129 3750 4200 ἐπιορκία
3783 4133 3927 4202 μόνη

2229 4214 2298 4291 ἦν
2320 4218 2386 4271 ἐκ
2413 4215 2506 4269 τοῦ
2533 4215 2801 4286 Πονηροῦ,
2820 4214 2915 4268 νῦν
2941 4214 2998 4267 δὲ
3020 4217 3115 4269 καὶ
3144 4216 3204 4269 τὸ
3225 4216 3443 4285 ὀμόσαι’
3479 4216 3554 4270 Τὸ
3578 4216 3696 4288 γάρ
3712 4234 3929 4288 περισ-

2231 4307 2368 4371 σόν,
2388 4306 2543 4375 φησὶ,
2573 4304 2799 4358 τούτων
2815 4303 2886 4357 ἐκ
2912 4303 3018 4356 τοῦ
3031 4303 3304 4371 Πονηροῦ
3330 4304 3519 4358 ἐστιν.
3548 4305 3723 4360 Οὐδὲν
3752 4307 3929 4360 πλέον

2230 4390 2536 4465 ἀπῃτοῦντο
2564 4390 2613 4443 οί
2647 4390 2788 4453 τότε,
2829 4389 2863 4460 ἢ
2893 4388 2954 4441 :6
2990 4389 3116 4451 τοὺς
3146 4388 3434 4458 φιλοῦντας
3459 4392 3705 4461 ἀγαπᾷν·
3747 4394 3855 4446 νῦν
3869 4394 3923 4446 δῖ

2228 4478 2289 4531 τὸ
2320 4478 2461 4547 μέγα
2479 4475 2636 4541 τοῦτο
2664 4477 2759 4529 καὶ
2784 4476 3096 4545 θαυμαστὸν
3124 4475 3297 4540 οὑτως
3314 4476 3460 4529 ἐστὶν
3484 4476 3699 4540 ἀτελὲς,
3726 4478 3808 4542 ὡς
3828 4480 3927 4533 καὶ

2233 4571 2368 4643 μετά
2402 4571 2499 4640 τὴν
2524 4568 2859 4640 κατόρθωσιν
2881 4569 3047 4622 αὑτοῦ
3072 4569 3241 4640 μηδὲν
3266 4570 3429 4624 πλέον
3456 4572 3603 4642 ἡμᾶς
3630 4571 3791 4642 ἔχειν
3814 4574 3926 4626 τῶν

2227 4665 2495 4720 τελωνῶν.

2283 4780 2402 4837 HA'.
2420 4782 2484 4834 Τί
2498 4782 2699 4852 δήποτε
2714 4776 2807 4834 οῦν
2820 4780 2926 4834 τῶν
2940 4781 3120 4837 αὑτῶν
3139 4782 3580 4853 κατορθωμάτων
3595 4786 3731 4855 οὑχό
3747 4788 3927 4851 αὑτὸς

2228 4887 2401 4937 κεῖται
2433 4882 2621 4953 μισθὸς
2654 4883 2784 4953 ἡμῖν
2805 4882 2901 4935 καὶ
2930 4885 3042 4946 τοῖς
3076 4885 3133 4935 ἐν
3167 4886 3231 4955 τῇ
3262 4884 3494 4955 Παλαιᾷ,
3521 4886 3659 4938 ἀλλά
3682 4888 3926 4956 μείζονα

2228 4981 2629 5036 ἐπιδείκνυσθαι
2666 4980 2748 5033 δεῖ
2786 4981 2882 5051 τὴν
2912 4981 3135 5051 ἀρετὴν,
3171 4983 3219 5035 εἰ
3256 4980 3547 5052 μέλλοιμεν
3579 4982 3689 5037 τῶν
3723 4987 3930 5039 αὐτῶν

2228 5080 2456 5142 ἐκείνοις
2484 5079 2803 5149 τυγχάνεινς
2839 5080 2961 5132 Ὅτι
2991 5079 3160 5150 πολλὴ
3190 5079 3337 5152 ἡτοῦ
3370 5080 3691 5152 Πνεύματος
3742 5082 3927 5155 χάρις

2228 5175 2519 5246 ἐκκέχυται
2550 5174 2667 5237 νῦν,
2696 5176 2791 5228 καὶ
2826 5175 3037 5246 μεγάλη
3065 5176 3163 5247 τῆς
3206 5174 3302 5229 τοῦ
3326 5175 3563 5249 Χριστοῦ
3599 5181 3930 5247 παρουσίας

2227 5276 2478 5349 ἡδωρεά·
2510 5277 2707 5349 ἄνδρας
2748 5277 2855 5348 γὰρ
2885 5278 3023 5350 αῦτη
3057 5277 3292 5342 τελείους
3325 5280 3444 5334 ἀντὶ
3473 5279 3687 5348 νηπίων
3714 5282 3932 5352 ἐποίη-

2229 5393 2338 5430 σεν.
2361 5378 2571 5447 Ὠσπερ
2593 5372 2686 5430 οῦν
2710 5378 2869 5447 ἡμεῖς
2890 5378 3016 5442 τοὺς
3045 5378 3242 5441 παῖδας
3262 5380 3390 5442 τοὺς
3418 5379 3743 5451 ἡμετέρους,
3782 5384 3932 5437 ὅταν

2226 5477 2497 5548 ἡδήσωσι,
2531 5478 2709 5549 πολλῷ
2729 5479 2948 5550 μείζονα
2977 5480 3317 5551 ἀπαιτοῦμεν
3358 5480 3439 5535 ’τά
3472 5483 3931 5555 κατορθώματα,

2225 5580 2318 5633 καὶ
2353 5580 2388 5633 δι
2422 5581 2709 5645 ποιοῦντας
2734 5583 2997 5655 πρότερον
3033 5583 3338 5655 ἐπῃνοῦμεν
3369 5584 3511 5640 κατά
3541 5585 3640 5656 τὴν
3679 5586 3934 5662 πρώτην

2285 5779 2309 5807 ⁸
2334 5777 2432 5826 Alli
2460 5779 2823 5845 ἀπολειπόμεθα.
