4056 6208
301 197 415 254 593

290 326 411 369 non
436 326 596 384 opum
622 318 832 368 tantum
861 310 1182 383 mancipium
1211 319 1295 368 est
1313 354 1326 376 ,
1356 312 1451 367 sed
1487 312 1647 368 etiam
1675 313 1889 384 glorize,

294 405 553 469 honoris.
584 403 867 474 praesentis
892 404 1042 469 vitat,
1069 412 1230 474 atque
1257 412 1316 459 ut
1342 403 1515 459 semel
1540 404 1711 458 dicam
1728 444 1744 468 ,
1776 396 1895 459 6m-

296 500 447 557 nium
467 511 591 567 qua:
613 496 681 551 ad
701 496 863 552 vitam
887 495 1175 567 pertinent.
1199 495 1383 567 Itaque
1405 497 1680 552 avaritiam
1705 498 1896 555 Paulus

291 591 561 647 malorum
602 591 843 646 omnium
874 591 1111 646 radicem
1139 591 1277 647 dixit
1300 593 1354 659 (1
1386 591 1518 646 Tim.
1546 594 1600 649 6.
1642 594 1755 665 10).
1786 593 1895 650 Ve—

290 696 413 737 rum
439 689 497 737 et
525 680 666 739 hanc
686 680 925 737 radicem
952 681 1230 754 virginitas
1254 683 1396 754 potis
1420 694 1504 740 est
1527 686 1815 754 exsiccare,
1844 696 1898 744 et

292 773 453 830 aliam
485 774 747 843 optimam
773 774 931 829 nobis
958 773 1143 831 indere
1165 815 1182 843 ,
1212 775 1353 848 unde
1381 775 1522 833 bona
1551 777 1729 833 omnia
1773 778 1895 848 pul-

288 866 487 932 lulent,
509 866 754 934 libertas,
784 865 997 932 fiducia,
1020 846 1296 935 fortitudo,
1325 868 1472 923 zelus
1498 868 1711 936 ardens,
1740 846 1899 925 caele-

286 960 455 1013 stium
486 958 704 1024 fervens
739 973 926 1024 amor,
954 960 1287 1015 terrestrium
1322 961 1563 1017 omnium
1589 962 1893 1032 dCSpeCllIS.

290 1048 367 1103 Ita
393 1049 638 1104 honestas
664 1058 712 1103 et
740 1050 923 1103 decora
950 1050 1223 1106 assiduitas
1252 1062 1487 1121 paratur.

358 1139 637 1197 LXXXII.
678 1140 866 1196 Contra
899 1158 985 1196 eos
1027 1142 1114 1213 qui
1157 1142 1331 1197 dicunt
1375 1151 1552 1214 optare
1587 1144 1801 1213 uirgines
1843 1145 1897 1199 in

289 1232 583 1287 Abrahami
625 1233 794 1288 sinum
822 1234 1009 1288 venire.
1036 1262 1111 1276 --
1135 1234 1240 1291 Sed
1268 1251 1388 1307 qua:
1423 1245 1509 1291 est
1544 1236 1661 1292 haec
1700 1239 1893 1295 multo.

286 1341 413 1382 rum
449 1324 673 1395 sapiens
710 1326 916 1381 oratio?
944 1326 1250 1382 Patriarcba
1269 1369 1283 1394 ,
1313 1327 1484 1398 inquit
1503 1369 1519 1388 .
1550 1328 1818 1385 Abraham
1844 1341 1900 1387 et

284 1430 528 1471 uxorem
555 1416 772 1483 habuit,
801 1425 857 1472 et
879 1416 1079 1473 liberos
1099 1459 1115 1485 ,
1137 1428 1193 1474 et
1215 1433 1376 1489 Opes,
1399 1427 1455 1475 et
1476 1434 1697 1490 greges,
1725 1428 1781 1477 et
1806 1436 1897 1476 ar-

292 1516 479 1564 menta
510 1525 526 1562 :
554 1522 621 1563 ac
650 1517 768 1577 post
795 1523 858 1563 ea
883 1510 1063 1564 omnia
1086 1508 1321 1566 Joannes
1348 1519 1457 1566 tum
1495 1512 1753 1582 Baptista,
1783 1521 1898 1571 tum

296 1597 643 1668 Evangelista
666 1638 683 1663 ,
720 1605 948 1669 uterque
981 1599 1166 1670 virgo,
1203 1608 1260 1655 et
1303 1600 1499 1657 Paulus
1525 1611 1684 1673 atque
1708 1603 1900 1661 Petrus

291 1687 633 1743 continentia
664 1688 928 1756 illustres,
960 1690 1014 1743 in
1039 1690 1156 1761 ejus
1181 1690 1356 1746 sinum
1385 1693 1569 1749 venire
1597 1702 1801 1764 optant.
1832 1695 1902 1752 Et

294 1778 415 1847 quis
458 1788 647 1833 autem
689 1778 783 1833 tibi
828 1778 882 1833 id
920 1779 1087 1846 dixit,
1129 1781 1272 1838 bone
1297 1784 1419 1839 vir?
1442 1785 1561 1855 quis
1597 1786 1900 1857 propheta?

294 1870 415 1938 quis
438 1870 813 1940 evangelista?
840 1870 957 1942 Ipse
976 1913 992 1937 ,
1022 1871 1230 1944 inquit,
1258 1873 1522 1931 Christus.
1551 1876 1685 1933 Nam
1711 1886 1900 1934 centu-

298 1963 511 2020 rionem
547 1961 740 2018 videns
776 1978 987 2020 summa
1028 1964 1223 2021 ﬁducia
1256 1968 1537 2037 prazditum
1557 2011 1574 2038 ,
1600 1970 1717 2026 ait:
1746 1971 1903 2026 Multi

298 2054 363 2108 ob
391 2052 600 2110 Oriente
620 2063 670 2108 et
693 2054 968 2110 Occidente
990 2056 1208 2123 venient,
1229 2067 1276 2112 et
1298 2062 1587 2115 recumbent
1605 2077 1720 2116 cum
1740 2061 1905 2117 Abra-

308 2145 425 2203 ham
451 2154 505 2199 et
531 2143 682 2199 Isaac
706 2152 755 2199 et
782 2143 943 2200 Jacob
972 2144 1198 2217 (Matth.
1242 2146 1299 2203 8.
1340 2148 1464 2221 11).
1504 2149 1641 2219 Quin
1667 2150 1902 2209 Lazarus

569 2238 705 2329 tun:
728 2230 997 2294 delicians
1028 2252 1061 2292 a
1089 2237 1260 2296 divite
1290 2242 1508 2300 videtur
1564 2246 1715 2318 (Luc.
1753 2251 1820 2306 16
1841 2248 1898 2329 ὶσι

287 2314 428 2383 Quid
446 2319 562 2405 hoc
581 2322 649 2377 ad
666 2320 928 2381 Paulum?
944 2328 1078 2396 quid
1093 2329 1164 2386 ad
1178 2331 1399 2391 Petrum
1419 2334 1443 2391 ?
1467 2314 1600 2405 quid
1623 2340 1689 2393 ad
1718 2314 1879 2397 Jour;-

294 2403 465 2459 ιιαηῖ
514 2418 691 2475 neque
724 2406 868 2460 enim
912 2416 1005 2463 aut
1044 2408 1278 2465 Lazarus
1299 2452 1316 2478 ,
1356 2403 1553 2470 Paulus
1578 2430 1644 2471 ac
1666 2416 1901 2475 Joannes

291 2503 412 2548 erat
435 2535 458 2561 ,
487 2503 584 2550 aut
627 2495 779 2552 multi
805 2497 880 2554 illi
904 2497 975 2554 ab
998 2498 1217 2558 Oriente
1243 2512 1298 2558 et
1324 2503 1613 2565 Occidente
1633 2549 1651 2576 ,
1680 2518 1900 2581 aposto-

292 2584 471 2643 lorum
503 2585 708 2645 chorus
734 2599 911 2645 erant.
934 2590 1118 2663 Itaque
1146 2593 1260 2650 hazc
1283 2596 1437 2651 vobis
1460 2612 1613 2654 cassa
1641 2608 1699 2656 et
1724 2600 1899 2658 inanis

289 2686 376 2733 est
401 2678 607 2735 oratio.
638 2680 790 2748 Quod
818 2682 865 2739 si
890 2686 1252 2756 apostolorum
1284 2691 1499 2759 praemia
1527 2679 1686 2762 plane
1712 2694 1900 2750 audire

290 2768 408 2835 vis,
457 2785 530 2825 ea
590 2770 927 2830 distributuri
992 2779 1312 2834 sententiam
1368 2782 1600 2852 accipe:
1649 2784 1926 2875 Sedebitt'si

289 2876 449 2931 super
494 2862 708 2919 thronos
750 2865 1018 2922 duodecim
1040 2910 1058 2936 ,
1093 2870 1389 2940 judicantes
1434 2874 1694 2931 duodecim
1740 2862 1920 2934 tribus:

289 2950 462 3009 Israel
478 2955 497 2985 ⁸
526 2954 746 3024 (Matth.
777 2956 867 3014 19.
895 2958 1030 3028 28).
1069 2960 1340 3033 Nusquam
1372 2964 1460 3021 hic
1483 2975 1575 3021 aut
1599 2968 1894 3038 Abraham,

291 3054 382 3098 aut
403 3044 535 3116 ejus
560 3056 738 3115 natus,
764 3058 855 3104 aut
881 3065 1068 3120 nepos,
1099 3063 1190 3109 aut
1211 3055 1302 3125 qui
1321 3071 1415 3111 eos
1435 3059 1699 3129 acceperit
1722 3060 1893 3129 sinus,

289 3136 384 3192 sed
427 3137 670 3209 dignitas
715 3140 870 3211 longe
913 3142 1013 3199 hac
1057 3145 1382 3203 sublimior:
1418 3164 1541 3205 nam
1588 3150 1643 3206 hi
1681 3152 1892 3208 illorum

290 3237 542 3296 posteros
586 3228 876 3299 iudicaturi
929 3232 1209 3291 sedebunt.
1262 3237 1445 3309 Neque
1489 3240 1578 3297 hic
1619 3241 1892 3299 dumtaxat

289 3319 519 3376 evidens
544 3319 831 3377 discrimen
859 3333 970 3390 est,
1003 3325 1101 3381 sed
1131 3328 1272 3398 quod
1298 3344 1420 3398 quze
1447 3316 1782 3389 Abrahamus
1809 3343 1893 3390 est

290 3409 527 3480 adeptus
551 3412 711 3467 multi
737 3414 1151 3475 nanciscentur:
1181 3417 1335 3473 Multi
1364 3420 1507 3475 enim
1531 3462 1547 3487 ,
1588 3422 1792 3493 inquit,
1831 3423 1892 3477 ab

295 3498 514 3558 Oriente
544 3512 595 3558 et
628 3502 898 3560 Occidente
915 3508 1111 3562 uenient
1131 3510 1176 3577 ²,
1214 3520 1263 3564 et
1294 3512 1580 3567 recumbent
1598 3530 1711 3567 cum
1732 3515 1892 3569 Abra-

294 3591 411 3647 ham
445 3600 499 3648 et
530 3591 686 3649 Isaac
723 3604 770 3649 et
809 3594 972 3651 Iacob
1009 3591 1432 3670 (Matth.8.ii);
1458 3601 1682 3657 thronos
1712 3612 1889 3659 autem

294 3683 437 3748 illos,
472 3685 576 3741 nisi
607 3695 914 3742 sanctorum
942 3687 1133 3744 horum
1162 3689 1376 3756 chorus,
1405 3692 1889 3762 occupabitnemo.

295 3773 363 3830 Et
383 3775 565 3830 adhuc
589 3791 799 3847 greges,
827 3786 1092 3847 armenta,
1124 3780 1483 3849 matrimonia,
1515 3781 1711 3838 liberos
1739 3798 1888 3838 com-

295 3866 645 3922 memoratis?
690 3867 828 3936 Quid
868 3869 1063 3941 igitur,
1103 3869 1303 3941 inquit,
1348 3873 1392 3926 si
1432 3873 1695 3943 virginum
1738 3874 1891 3930 multi

296 3966 420 4024 post
441 3971 638 4027 graves
675 3958 897 4015 sudores
923 3975 989 4016 eo
1018 3960 1201 4017 venire
1234 3964 1459 4033 optant?
1483 3963 1598 4035 Ego
1618 3980 1744 4020 vero
1771 3981 1890 4020 ma-

294 4048 382 4118 jus
409 4049 572 4104 etiam
601 4050 852 4120 quiddam
880 4052 1055 4109 dicam
1074 4093 1093 4120 ,
1119 4053 1386 4124 virginum
1426 4055 1623 4111 multos
1659 4071 1762 4114 nec
1794 4071 1890 4113 eos

295 4139 514 4209 quidem
541 4140 694 4197 sinus
712 4183 727 4207 ,
755 4156 857 4199 nec
881 4143 1085 4199 minora
1114 4152 1562 4215 consequuturos,
1592 4146 1689 4201 sed
1714 4147 1766 4201 in
1796 4163 1889 4218 ge-

296 4226 531 4285 bennam
555 4230 889 4289 discessuros
912 4250 927 4286 :
949 4243 1110 4304 atque
1136 4234 1189 4289 id
1212 4235 1442 4306 virgines
1460 4236 1748 4291 ostendunt
1773 4238 1888 4293 tha-

295 4318 442 4376 lamo
464 4322 718 4378 exclusae.
744 4322 890 4394 Ergo
916 4324 1042 4380 hinc
1065 4324 1351 4394 virginitati
1387 4340 1483 4396 par
1505 4334 1590 4381 est
1615 4327 1886 4381 matrimo-

301 4410 485 4480 nium,
529 4413 641 4467 imo
687 4412 804 4468 haec
848 4414 1009 4469 etiam
1055 4398 1291 4481 deferior
1319 4432 1333 4468 :
1361 4416 1662 4486 exemplum
1695 4415 1888 4486 quippe

298 4510 444 4558 tuum
469 4503 566 4559 illo
586 4503 907 4560 deteriorem
935 4504 1079 4559 facit.
1106 4504 1238 4559 Nam
1268 4505 1313 4560 si
1336 4505 1605 4561 Abraham
1634 4507 1889 4577 conjuga-

299 4601 386 4650 lus
404 4594 461 4650 in
485 4596 680 4664 requie
702 4603 756 4651 et
778 4595 982 4651 deliciis
1001 4604 1103 4661 est,
1124 4596 1358 4668 virgines
1379 4597 1432 4652 in
1454 4597 1715 4669 gehenna,
1741 4598 1794 4654 id
1819 4614 1887 4654 ex

297 4688 541 4744 oratione
565 4698 742 4743 vestra
768 4687 1172 4759 coniectandum
1193 4689 1529 4760 relinquitur.
1554 4688 1659 4747 Sed
1684 4706 1789 4745 non
1813 4692 1885 4746 ita

294 4785 399 4844 est,
419 4774 645 4849 inquam
674 4796 688 4834 :
714 4778 842 4849 quin
869 4779 1005 4835 adeo
1031 4779 1366 4834 matrimonio
1387 4780 1621 4836 deterior
1645 4795 1753 4836 non
1780 4790 1882 4848 est,

294 4876 356 4923 ut
392 4868 553 4938 longe
581 4869 739 4925 etiam
775 4871 1116 4940 prtestantior
1143 4870 1229 4925 sit.
1262 4868 1579 4936 Quomodo?
1607 4870 1757 4937 Quod
1788 4886 1886 4927 nec

294 4961 568 5016 Abraham
605 4961 1002 5018 matrimonium
1035 4961 1197 5017 talem
1228 4963 1507 5032 praestitit,
1537 4977 1637 5018 nec
1663 4963 1885 5019 miseras

292 5053 413 5107 illas
447 5053 725 5122 virginitas
765 5053 1029 5124 perdidit;
1068 5053 1165 5109 sed
1200 5062 1254 5108 et
1288 5054 1643 5122 patriarcham
1684 5054 1882 5124 reliqua

292 5143 485 5198 anima:
523 5143 696 5197 virtus
727 5143 986 5199 illustrem
1014 5142 1278 5209 reddidit,
1309 5151 1363 5197 et
1399 5142 1495 5198 has
1530 5141 1733 5213 reliqua
1762 5143 1885 5198 vita:

293 5235 529 5306 nequitia
576 5233 687 5307 igni
729 5234 964 5291 tradidit.
1007 5233 1280 5306 Siquidem
1319 5233 1409 5290 ille
1448 5233 1505 5289 in
1547 5234 1884 5290 matrimonio

360 5388 380 5419 ⁸
412 5393 531 5459 κὲετ
569 5394 623 5438 εί
828 5388 879 5459 iu
896 5387 1193 5459 ωεείιιθιο
1227 5398 1329 5459 3’0."
1572 5383 1881 5459 ,θδίίδν

582 5448 700 5522 sata
717 5448 890 5522 ειιοηίιε
921 5444 1074 5522 etim
1097 5444 1781 5522 θοηιξηίέρέιεφξιρέεαερωε
1794 5444 1883 5522 ρυέ

297 5507 387 5572 per
405 5510 602 5561 tarmes
618 5507 891 5571 duodecim,
906 5510 1189 5575 judicantes
1208 5507 1465 5564 duodecim
1479 5507 1633 5564 tribus
1658 5507 1826 5560 Israel.

299 5634 315 5640 _
366 5567 810 5640 fAnthynopIaom,
835 5581 911 5624 est
934 5574 1038 5638 ejus
1058 5587 1209 5640 quem
1245 5589 1308 5628 ex
1345 5570 1556 5622 adverso
1592 5567 1876 5635 loquentem

298 5630 574 5684 Intuenti

1645 195 1734 251 DE
1775 193 2234 253 \‘IRGINIIA'IE.

3479 213 3590 271 5M

2004 311 2227 384 degens,
2256 314 2574 386 virginitatis
2611 316 2766 374 bonis
2793 318 3035 392 perfungi
3062 321 3284 392 studuit,
3303 325 3591 396 Hottcstatc,

2004 406 2216 477 inquam
2239 448 2257 474 ,
2290 416 2346 464 et
2380 409 2566 466 decora
2606 411 2905 470 assiduitate
2932 429 2953 469 :
2982 414 3066 471 ha:
3089 416 3446 490 virginitatem
3472 437 3592 479 am-

2002 497 2207 567 plexte,
2239 500 2293 554 in
2320 500 2444 555 vitm
2483 503 2746 572 procellas
2769 513 2824 560 et
2861 507 3184 564 matrimonii
3215 515 3425 583 negotia
3455 516 3595 572 reci-

2002 590 2214 646 derunt.
2242 591 2376 660 Quid
2403 592 2581 664 igitur,
2606 595 2795 666 inquit,
2817 607 2871 653 et
2897 613 3040 655 nunc
3063 610 3208 657 vetat
3235 605 3509 675 maritum,
3531 622 3595 664 ac

2000 682 2185 738 liberis
2204 726 2218 749 ,
2245 685 2467 754 Opibus,
2495 689 2806 759 caeterisque
2835 692 3083 748 omnibus
3118 694 3433 755 instructum
3452 740 3472 769 ,
3502 701 3595 753 dc-

2001 774 2172 829 corom
2206 777 2553 833 assiduitatem
2596 782 2768 836 tueri?
2806 782 3043 840 Primum
3074 787 3215 855 quod
3256 804 3416 847 nemo
3453 807 3594 848 nunc

2001 880 2099 937 par
2124 876 2204 923 est
2234 869 2569 936 Abrahamo,
2609 873 2704 929 sed
2744 890 2845 930 nec
2883 891 3050 946 parvo
3089 878 3371 937 intervallo
3411 884 3594 954 proxi-

2001 974 2139 1014 ntus.
2164 959 2295 1015 Nam
2330 961 2446 1029 ille,
2474 964 2562 1033 qui
2591 974 2645 1019 et
2669 979 2802 1035 opes
2827 975 2883 1023 et
2905 980 3126 1024 uxorem
3153 970 3403 1041 haberet,
3432 975 3595 1034 etiam

2002 1052 2170 1122 magis
2201 1068 2358 1122 quam
2395 1055 2484 1124 qui
2524 1055 2754 1126 inopiam
2793 1059 3142 1129 profiteantur
3177 1065 3427 1134 pecunias
3466 1082 3595 1124 cou-

2005 1146 2236 1213 tempsit.
2260 1155 2315 1201 et
2334 1148 2659 1217 voluptatem
2680 1149 2871 1208 fortius
2893 1169 3052 1224 quam
3076 1156 3306 1228 virgines
3333 1159 3591 1218 cohibuit.

2002 1233 2071 1287 Hi
2107 1236 2248 1290 enim
2287 1230 2525 1307 quotidie
2564 1240 2871 1298 libidinibus
2909 1245 3135 1313 ardent;
3176 1249 3266 1305 ille
3302 1251 3437 1307 adeo
3474 1268 3595 1311 eam

2002 1325 2271 1382 ﬂammam
2298 1330 2646 1400 exstinxerat,
2680 1349 2852 1403 neque
2872 1336 2977 1391 ulla
3005 1338 3288 1409 cupiditate
3309 1342 3595 1402 obstrictus

2004 1417 2300 1485 tenebatur,
2329 1428 2388 1474 ut
2414 1436 2522 1476 non
2547 1424 2719 1478 solum
2752 1426 2942 1496 pellice
2969 1429 3282 1500 abstineret,
3313 1434 3408 1490 sc‘d
3435 1436 3592 1491 etiam

2004 1510 2164 1566 domo
2191 1527 2307 1567 eam
2345 1515 2599 1583 pelleret,
2636 1532 2742 1588 quo
2780 1519 2888 1574 litis
2925 1535 2989 1576 ac
3022 1521 3230 1579 dissidii
3257 1528 3593 1585 occasionem

2003 1619 2218 1660 omnem
2250 1606 2479 1662 tolleret.
2508 1608 2657 1677 Quod
2696 1611 2941 1681 equidem
2980 1628 3121 1669 nunc
3155 1614 3296 1673 haud
3321 1614 3475 1675 facile
3506 1636 3597 1675 re-

2006 1697 2181 1766 perire
2206 1707 2307 1752 est.

2074 1790 2360 1846 LXXXIII.
2394 1790 2515 1847 Non
2546 1795 2774 1849 eumdem
2798 1796 2995 1852 virtutis
3021 1798 3227 1853 modum
3257 1799 3398 1856 nobis
3420 1811 3468 1856 et
3493 1819 3594 1856 an-

2006 1883 2157 1951 tiquis
2181 1885 2496 1955 propositum
2523 1902 2645 1941 esse.
2665 1917 2736 1927 —
2755 1886 3020 1943 Praeterea
3041 1899 3242 1959 autem,
3267 1892 3406 1961 quod
3442 1894 3595 1949 initio

2005 1974 2245 2031 dicebam
2266 2016 2281 2037 ,
2311 1983 2365 2030 et
2394 1992 2535 2031 nunc
2560 1987 2799 2048 repetam
2823 2018 2840 2045 ,
2871 1995 2979 2034 non
3008 1982 3257 2039 eumdem
3283 1998 3313 2037 a
3340 1984 3493 2039 nobis
3518 1995 3601 2040 at-

2006 2079 2111 2135 que
2151 2065 2219 2120 ab
2266 2065 2354 2120 illa
2398 2066 2609 2122 virtutis
2655 2068 2873 2123 modum
2920 2070 3079 2141 exigi.
3126 2071 3401 2143 Siquidem
3455 2091 3597 2131 nunc

2005 2155 2300 2227 perfectum
2322 2172 2443 2213 esse
2470 2173 2575 2211 non
2608 2158 2755 2224 licet,
2788 2159 2888 2214 nisi
2918 2161 3169 2217 omnibus
3198 2163 3458 2231 venditis,
3490 2167 3595 2222 nisi

2009 2242 2266 2298 omnibus
2284 2240 2467 2295 valere
2484 2239 2653 2310 jussis
2676 2237 2901 2309 (alatur.
2924 2241 3010 2315 l9)
3028 2258 3136 2298 non
3158 2245 3355 2314 opibus
3378 2255 3593 2306 tantum

2010 2341 2066 2393 et
2085 2332 2317 2398 adibus,
2342 2331 2437 2386 sed
2462 2331 2644 2385 anima
2669 2330 2836 2386 etiam
2858 2347 2957 2387 sua
2980 2352 2993 2388 :
3015 2337 3132 2390 tum
3154 2339 3397 2406 nondum
3426 2350 3591 2401 tantae

2011 2424 2379 2482 accurationis
2401 2422 2679 2493 specimen
2704 2429 2841 2477 erat.
2868 2422 3011 2489 Quid
3037 2426 3243 2495 igitur?
3266 2430 3480 2501 inquit;
3506 2450 3593 2490 ac-

2011 2514 2257 2571 curatius
2297 2527 2443 2567 nunc
2476 2526 2639 2584 quam
2673 2513 2983 2581 patriarcha
3038 2517 3314 2575 vivimus?
3353 2521 3593 2580 Debere-

2002 2619 2121 2659 mus
2148 2614 2330 2670 certe,
2363 2615 2522 2677 atque
2568 2606 2621 2662 id
2658 2607 2935 2678 iubemur,
2964 2611 3058 2668 sed
3087 2628 3198 2668 non
3232 2624 3591 2685 praestamus:

2002 2696 2229 2768 ideoque
2254 2697 2414 2769 longe
2436 2714 2465 2753 a
2486 2699 2636 2769 justo
2667 2702 3044 2773 relinquimur.
3073 2705 3207 2760 Nam
3236 2707 3363 2777 quin
3391 2707 3592 2780 majora

2000 2789 2156 2844 nobis
2200 2789 2492 2846 certamina
2537 2793 2806 2862 proposita
2848 2795 2996 2861 sint,
3042 2797 3177 2852 nulli
3219 2797 3439 2854 dubium
3485 2810 3591 2855 est.

2000 2879 2182 2953 Itaque
2208 2882 2324 2938 Noe
2348 2884 2574 2940 laudans
2594 2885 2872 2956 Scriptura
2892 2928 2908 2955 ,
2940 2904 3047 2943 non
3077 2889 3394 2961 simpliciter
3427 2891 3479 2947 id
3512 2890 3593 2947 fa-

1999 2973 2112 3038 cit,
2152 2973 2247 3029 sed
2287 2990 2409 3030 cum
2447 2975 2813 3033 additamento
2853 2978 3124 3049 quodam:
3154 2996 3275 3035 nam
3317 2981 3391 3035 ait
3424 2999 3441 3038 :
3473 2980 3590 3037 Nae

1992 3066 2183 3137 justus,
2211 3068 2460 3138 perfectus
2483 3068 2535 3121 in
2562 3069 2889 3139 generatione
2922 3087 3019 3125 sua
3039 3112 3055 3137 ,
3088 3071 3194 3127 Deo
3222 3073 3413 3145 placuit
3434 3071 3588 3145 (Gen.

2003 3157 2058 3212 6.
2085 3153 2141 3229 9)
2166 3172 2183 3210 :
2205 3172 2311 3212 non
2339 3158 2656 3228 simpliciter
2689 3159 2959 3229 perfectus
2979 3202 2992 3223 ,
3021 3162 3115 3217 sed
3156 3162 3209 3216 in
3238 3165 3587 3235 generatione

1998 3264 2115 3305 sua.
2143 3247 2291 3304 Multi
2316 3249 2458 3305 enim
2489 3259 2614 3305 sunt
2640 3250 2985 3320 perfectionis
3034 3253 3218 3319 modi,
3265 3254 3383 3311 aliis
3424 3265 3589 3328 atque

1996 3340 2118 3396 aliis
2145 3341 2475 3409 temporibus
2492 3341 2698 3396 definiti
2721 3358 2737 3396 :
2761 3356 2824 3397 ac
2849 3341 2998 3409 Quod
3013 3343 3289 3413 aliquando
3310 3350 3586 3416 perfectum

1999 3431 2121 3501 fuit,
2146 3418 2390 3498 temporis
2409 3444 2683 3500 progressu
2702 3431 2760 3499 ﬁt
2785 3431 3164 3502 imperfectum.
3189 3429 3351 3486 Verbi
3374 3432 3574 3502 gratia:

2000 3519 2289 3590 aliquando
2321 3518 2596 3590 perfectus
2627 3529 2746 3576 erat
2778 3520 2871 3589 qui
2911 3520 3084 3592 legem
3126 3523 3527 3592 exsequebatur
3555 3541 3572 3578 :

1999 3612 2142 3667 Nam
2161 3612 2272 3666 lucc
2285 3613 2375 3683 qui
2396 3613 2579 3682 faciat,
2608 3611 2802 3683 inquit,
2832 3629 2925 3681 per
2948 3629 3012 3666 ea
3041 3613 3271 3668 uicturus
3289 3622 3363 3669 est
3385 3614 3572 3685 (Leuit.

1996 3705 2085 3761 18.
2112 3704 2167 3776 5)
2202 3723 2218 3760 :
2253 3712 2310 3759 at
2331 3704 2580 3760 Christus
2600 3713 2821 3760 exortus
2851 3704 3152 3774 perfectum
3183 3706 3286 3761 hoc
3312 3705 3574 3777 imperfe-

1995 3808 2139 3854 ctum
2163 3798 2417 3853 ostendit.
2446 3796 2567 3852 Nisi
2590 3798 2733 3853 enim
2756 3840 2771 3866 ,
2805 3799 3006 3869 inquit,
3032 3800 3362 3856 abundaverit
3376 3802 3585 3873 justitia

1995 3899 2157 3946 uestra
2187 3890 2302 3962 plus
2324 3906 2478 3961 quam
2503 3889 2782 3945 scribarum
2803 3900 2851 3944 et
2870 3889 3273 3962 Pharisaorum,
3294 3909 3398 3947 non
3421 3893 3584 3948 intra-

1994 3983 2110 4037 bitis
2136 3982 2191 4036 in
2210 3998 2420 4052 regnum
2438 3981 2676 4036 calorum
2697 3978 2923 4054 (Matth.
2946 3980 3001 4038 5.
3024 3981 3096 4038 20
3118 3980 3160 4054 ).
3184 3982 3321 4038 Tum
3349 3982 3579 4038 homici-

1995 4073 2141 4129 dium
2170 4074 2344 4129 solum
2367 4081 2520 4128 atrox
2541 4071 2852 4138 videbatur;
2894 4087 3037 4127 nunc
3067 4072 3154 4127 vel
3194 4072 3271 4127 ira
3300 4072 3582 4129 dumtaxat

1993 4180 2058 4221 ac
2079 4166 2376 4221 convicium
2404 4165 2471 4219 ad
2495 4163 2797 4234 gehennam
2827 4178 3019 4232 rapere
3046 4173 3243 4233 queat:
3272 4173 3383 4219 tum
3420 4164 3574 4219 adul-

1994 4259 2184 4315 terium
2214 4257 2386 4312 solum
2413 4255 2778 4326 plectebatur;
2807 4269 2948 4309 nunc
2972 4254 3059 4309 vel
3092 4253 3369 4323 ﬂagitiosis
3408 4255 3578 4312 oculis

1992 4349 2268 4405 mulierem
2301 4347 2562 4416 aspicere,
2599 4360 2710 4399 non
2736 4344 2889 4399 abest
2916 4359 2946 4398 a
2972 4343 3235 4413 supplicio
3264 4362 3278 4398 :
3310 4353 3422 4400 tum
3449 4361 3576 4418 per-

1987 4442 2188 4512 jurium
2203 4440 2375 4496 solum
2395 4452 2426 4493 a
2446 4438 2586 4493 malo
2606 4445 2753 4503 erat;
2779 4452 2918 4493 nunc
2933 4438 3018 4493 vel
3037 4437 3220 4509 jurare
3243 4453 3260 4494 :
3281 4436 3421 4494 Nam
3438 4440 3573 4511 quod

1992 4541 2173 4605 praeter
2187 4533 2294 4585 hwc
2308 4539 2401 4591 est,
2420 4529 2608 4599 inquit,
2628 4544 2659 4582 a
2679 4527 2814 4582 malo
2830 4538 2901 4583 est
2920 4527 3024 4603 (Ib.
3048 4544 3098 4586 υ.
3125 4527 3239 4600 57).
3252 4530 3336 4586 Ab
3358 4531 3424 4586 iis
3443 4531 3574 4588 nihil

1990 4624 2217 4694 amplius
2244 4620 2633 4692 requirebatur,
2666 4634 2823 4690 quam
2853 4635 3034 4674 amare
3078 4635 3172 4675 eos
3211 4621 3299 4690 qui
3329 4636 3388 4676 se
3424 4636 3574 4676 ama-

1990 4727 2149 4773 rent:
2179 4729 2319 4769 nunc
2344 4726 2590 4783 magnum
2628 4711 2731 4766 hoc
2755 4719 2810 4766 et
2846 4711 3160 4781 praeclarum
3207 4719 3313 4767 tam
3342 4722 3427 4768 est
3469 4712 3567 4768 im-

1990 4809 2304 4882 perfectum,
2331 4815 2392 4862 ut
2420 4820 2485 4862 eo
2513 4805 2775 4876 perfuncti
2809 4804 2975 4859 nihilo
3016 4803 3311 4873 publicanis
3351 4813 3567 4873 praeste-

1989 4920 2130 4959 mus.

2061 4990 2346 5047 LXXXIV.
2370 4990 2564 5045 Merito
2584 4986 2874 5043 eorumdem
2896 4995 3027 5041 recte
3046 4985 3298 5056 factorum
3314 5000 3417 5040 non
3436 4984 3573 5041 idem

1990 5082 2252 5153 premium
2280 5079 2423 5134 nobis
2442 5088 2490 5134 et
2514 5078 2736 5150 antiquis
2764 5077 3078 5149 propositum
3103 5092 3230 5131 esse.
3250 5074 3446 5131 —Cur
3471 5075 3572 5147 igi-

1992 5181 2077 5227 tur
2107 5187 2213 5227 non
2245 5169 2384 5226 idem
2412 5172 2687 5241 praemium
2713 5168 2901 5224 iisdem
2928 5178 3075 5225 recte
3104 5166 3279 5233 factis,
3300 5176 3356 5222 et
3373 5167 3572 5223 nostris

1989 5271 2043 5320 et
2070 5264 2444 5333 antiquorum»,
2471 5261 2803 5332 propositum
2833 5269 2946 5327 est,
2988 5257 3084 5314 sed
3122 5260 3380 5327 majorem
3405 5258 3574 5314 virtu-

1991 5364 2097 5411 tem
2122 5353 2466 5410 exhibeamus
2496 5366 2715 5408 necesse
2741 5360 2858 5417 est,
2889 5351 2935 5407 si
2961 5349 3147 5406 eadem
3174 5363 3293 5419 quas
3333 5348 3409 5404 illi
3444 5363 3572 5404 con-

1990 5443 2318 5516 sequemur?
2342 5443 2476 5510 Quia
2506 5458 2649 5499 nunc
2691 5444 2878 5514 ingens
2920 5439 3152 5511 Spiritus
3188 5441 3358 5511 gratia
3403 5438 3569 5494 eii'usa

1990 5543 2107 5600 est,
2158 5542 2214 5590 et
2268 5547 2517 5603 magnum
2562 5532 2822 5589 adventus
2858 5530 3056 5587 Christi
3098 5544 3334 5585 munus:
3362 5528 3570 5584 adultos

1991 5624 2186 5695 quippe
2211 5638 2307 5696 pro
2332 5623 2622 5683 infantibus
2645 5621 2894 5681 reddidit.
2919 5621 3101 5694 Itaque
3121 5617 3568 5693 quemadmodum
