4056 6208
500 216 610 273 595

497 336 603 376 tios.
619 326 659 374 a’
681 316 858 390 pueris
881 316 1079 372 nostris
1100 314 1391 386 puberibus
1417 313 1675 383 majorem
1699 314 1946 368 virtutem
1971 328 2071 383 po-

497 412 783 475 stuiamus,
811 419 867 465 et
889 424 1007 480 quas
1044 407 1096 462 in
1126 407 1295 477 prima
1337 395 1510 460 aetate
1532 404 1791 459 facientes
1829 402 2077 457 laudaba-

500 514 639 565 mus,
666 499 850 555 eadem
879 498 922 551 si
951 497 1052 551 viri
1079 494 1252 550 cll'ecti
1280 501 1533 563 praestent
1561 508 1669 547 non
1711 507 1862 562 mque
1903 490 2075 545 admi-

498 603 701 654 ramur,
728 586 822 641 sed
851 586 952 639 alia
982 585 1149 639 multo
1176 584 1238 637 iis
1258 583 1497 652 graviora
1517 582 1678 637 edere
1696 580 1942 651 jubemns
1965 598 1978 633 :
2005 581 2074 634 ita
2132 586 2145 595 ‘

498 689 554 734 et
596 679 663 733 ab
701 678 929 737 humana
974 684 1160 730 natura
1200 674 1338 728 Deus
1381 673 1555 742 primo
1593 686 1801 741 quoque
1836 679 2075 739 tempore

499 771 693 826 eximia
715 770 954 840 qua‘dam
984 768 1220 822 facinora
1245 781 1350 821 non
1375 764 1640 835 exigebat,
1670 773 1727 818 ut
1756 779 1873 832 quae
1897 763 2073 831 pueri-

505 866 609 919 lius
633 863 818 918 afl‘ecta
844 869 986 916 esset
1010 877 1023 913 :
1047 868 1102 914 at
1125 858 1211 912 ubi
1241 857 1545 928 pr0phctas,
1568 855 1836 925 apostolos
1855 854 2073 921 audivit,

502 955 730 1025 Spiritus
757 952 980 1022 gratiam
1009 957 1334 1022 consequuta
1361 957 1463 1013 cst,
1495 947 1706 1001 virtutis
1734 945 1783 1000 ei
1810 945 2074 1015 magnitu-

505 1047 681 1100 dinem
709 1044 855 1098 auxit
878 1060 891 1099 :
917 1057 1017 1097 nec
1046 1041 1257 1111 injuria.
1281 1039 1413 1093 Nam
1453 1047 1504 1093 et
1531 1035 1830 1092 mercedem
1857 1035 2081 1105 amplio—

504 1151 617 1189 rem
651 1144 704 1189 et
730 1133 947 1204 praemia
972 1132 1138 1186 multo
1160 1130 1445 1185 illustriora
1473 1142 1615 1182 nunc
1641 1126 1914 1195 pr0posuit
1937 1143 1949 1179 :
1973 1140 2078 1179 non

505 1227 646 1280 enim
671 1225 896 1294 amplius
925 1232 1063 1276 terra
1089 1236 1151 1275 ac
1176 1229 1403 1281 terrena,
1427 1219 1520 1272 sed
1542 1219 1751 1279 caelum,
1780 1224 1835 1270 ct
1861 1230 1976 1285 quae
1998 1216 2081 1268 iu-

512 1316 858 1386 tclligentiam
888 1321 1138 1382 superent
1156 1311 1294 1366 bona
1322 1309 1622 1378 perfunctos
1646 1314 1975 1377 exspectant.
1998 1307 2078 1359 An

510 1421 616 1460 non
648 1407 806 1475 igitur
830 1403 1115 1458 absurdum
1147 1403 1234 1467 sit,
1261 1400 1471 1454 adultos
1499 1399 1673 1453 adhuc
1703 1399 1754 1452 in
1784 1396 1967 1452 eadem
2004 1396 2082 1450 in-

512 1497 673 1552 fantia
698 1497 1020 1567 persistere?
1042 1495 1172 1550 Nam
1195 1493 1424 1549 humana
1452 1502 1559 1546 tum
1588 1501 1775 1545 natura
1796 1490 2081 1544 adversum

514 1607 572 1645 se
601 1590 921 1645 factionibus
960 1588 1125 1643 divisa
1155 1596 1269 1641 erat
1291 1628 1307 1654 ,
1336 1586 1474 1640 bello
1504 1584 1697 1639 ardens
1732 1582 2080 1637 iuternecino.

512 1685 686 1751 Atque
714 1682 764 1734 id
791 1680 1099 1735 describens
1128 1679 1324 1733 Paulus
1352 1679 1447 1743 ait,
1477 1676 1644 1730 Aliam
1680 1675 1821 1727 video
1846 1673 2002 1742 legem
2028 1672 2082 1726 in

510 1771 741 1826 membris
767 1771 888 1824 meis
907 1811 922 1836 ,
949 1777 1309 1839 repugnantem
1338 1767 1434 1836 legi
1459 1766 1635 1818 mentis
1661 1778 1811 1828 meae,
1841 1771 1888 1816 et
1913 1762 2078 1831 capti-

511 1873 708 1916 vantem
751 1877 831 1914 me
872 1860 971 1930 legi
1009 1858 1229 1929 peccati,
1274 1873 1387 1923 qua:
1412 1856 1493 1909 lea:
1516 1863 1588 1908 est
1624 1856 1677 1907 in
1702 1852 1934 1907 membris
1963 1850 2084 1903 meis

513 1953 532 2022 (
555 1954 703 2007 Rom.
733 1953 785 2007 7.
812 1949 934 2021 25).
961 1950 1027 2003 At
1053 1964 1192 2003 nunc
1219 1949 1334 2002 lucc
1360 1962 1467 2001 non
1491 1953 1634 1999 sunt.
1661 1942 1800 1997 Nam
1824 1941 1958 2012 quod
1983 1943 2084 1996 im-

515 2044 773 2110 possibile
788 2051 893 2096 erat
940 2041 1070 2112 legi,
1119 2041 1172 2093 in
1213 2055 1310 2112 quo
1348 2037 1700 2106 inﬁrmabalur
1732 2052 1820 2105 per
1856 2050 2081 2097 carnem,

513 2135 653 2189 Deus
680 2133 871 2187 Filium
894 2149 1042 2187 suum
1068 2132 1267 2184 mittens
1292 2130 1346 2183 in
1370 2129 1750 2183 similitudinem
1775 2126 1942 2180 carnis
1963 2142 2083 2195 pec-

520 2226 640 2289 cati,
670 2233 715 2279 et
744 2224 806 2277 de
831 2230 1033 2294 peccato
1055 2221 1312 2273 damnavit
1342 2228 1598 2289 peccatum
1625 2218 1676 2269 in
1706 2231 1857 2269 carne
1889 2215 1908 2285 (
1936 2215 2082 2268 Rom.

515 2318 568 2373 8.
598 2318 677 2384 3).
711 2317 784 2370 De
811 2316 981 2384 iisque
1020 2313 1220 2382 gratias
1255 2326 1419 2382 agens
1449 2310 1645 2365 Paulus
1671 2306 1914 2363 dicebat:
1943 2305 2086 2376 Infe-

516 2410 590 2463 lix
612 2423 701 2478 ego
727 2406 890 2469 homo,
915 2404 1023 2472 quis
1045 2419 1122 2456 me
1140 2401 1364 2457 liberabit
1390 2399 1452 2455 de
1477 2416 1688 2465 corpore
1708 2399 1878 2452 mortis
1911 2396 2088 2464 huius?

517 2501 624 2569 Ago
663 2498 765 2550 Deo
806 2497 995 2567 gratias
1029 2510 1116 2562 per
1149 2492 1328 2546 Iesum
1364 2490 1616 2545 Christum
1650 2489 1843 2563 (Rom.
1871 2489 1924 2544 7.
1959 2486 2083 2559 24).

523 2591 704 2657 Itaque
747 2585 938 2641 merito
969 2583 1235 2653 punimur,
1281 2580 1438 2635 soluti
1483 2580 1809 2634 tantumdem
1850 2594 2086 2644 currere,

530 2687 786 2748 quantum
833 2673 1102 2744 impediti,
1132 2673 1393 2727 nolentes.
1419 2670 1747 2740 Quamquam
1777 2679 1833 2723 ut
1861 2678 2090 2723 tantum-

523 2768 643 2822 dem
673 2767 953 2836 possimus,
979 2777 1078 2818 nec
1106 2763 1181 2818 sic
1208 2777 1364 2833 pmna
1394 2761 1648 2815 solvimur
1674 2777 1687 2813 :
1720 2775 1840 2815 nam
1871 2761 1958 2831 qui
1983 2761 2088 2815 alta

526 2872 656 2928 pace
682 2856 903 2921 fruatur,
932 2856 1087 2926 longe
1116 2854 1289 2923 majus
1326 2861 1381 2908 et
1418 2853 1671 2907 illustrius
1699 2862 1953 2922 tropteum
1983 2853 2090 2908 eri-

523 2963 647 3020 grre
690 2962 788 3018 par
829 2955 939 3014 est,
969 2961 1126 3018 quam
1158 2945 1247 3018 qui
1276 2943 1560 3001 admodum
1591 2943 1730 3000 bello
1759 2953 2048 3016 prematur.

1199 202 1259 259 S.
1296 200 1576 259 JOANNIS
1612 200 2086 261 CllRYSOSTOMl
2121 201 2441 261 ARCHIEP.
2483 200 3014 259 CONSTANTINOP.

2183 312 2335 381 Quod
2360 313 2403 368 si
2431 314 2480 367 in
2506 313 2716 384 opibus,
2740 314 2963 383 deliciis,
2982 314 3266 386 conjugum
3291 317 3486 383 studio,
3510 324 3755 391 negotio-

2179 403 2297 458 rum
2326 419 2451 459 cura
2471 405 2683 461 assidue
2704 421 3003 474 versamur,
3025 408 3303 479 ecquando
3321 411 3417 465 viri
3441 412 3756 481 evademus,

2180 494 2368 563 spiritu
2393 495 2653 562 vivemus,
2674 498 2880 551 Domini
2904 513 2989 552 res
3007 498 3315 556 curabimus
3330 501 3354 555 l
3368 503 3449 555 An
3471 513 3751 574 postquam

2181 583 2306 639 hinc
2332 586 2612 655 migratum
2640 587 2774 641 erit?
2810 589 2880 642 At
2906 602 3011 643 non
3053 588 3106 643 id
3137 589 3378 645 laborum
3406 606 3472 646 ac
3502 595 3758 648 certami-

2181 675 2285 742 nis,
2308 676 2401 730 sed
2431 678 2772 745 praemiorum
2808 687 2863 732 et
2888 693 3167 748 poenarum
3210 688 3420 750 tempus
3464 684 3585 737 erit.
3614 683 3755 739 Tum

2181 783 2281 823 nec
2309 768 2492 839 virgini
2525 769 2702 824 oleum
2745 769 2798 823 in
2840 770 3073 826 lucernis
3116 786 3221 825 non
3266 771 3481 827 habenti
3523 775 3592 828 ab
3632 775 3756 830 aliis

2179 872 2391 915 sumere
2412 859 2609 927 licebit,
2636 860 2731 914 sed
2753 875 2814 915 ea
2845 859 2975 915 foris
2995 863 3233 918 manebit
3252 861 3463 935 (Matth.
3484 864 3577 934 25)
3591 882 3618 919 .:
3645 880 3746 921 nec

2183 949 2272 1017 qui
2300 950 2527 1004 sordidis
2554 950 2769 1006 indutus
2792 950 2997 1018 adstet,
3031 948 3278 1022 egressus
3316 963 3523 1008 mutare
3543 968 3751 1010 vestem

2182 1027 2402 1096 poterit,
2421 1027 2516 1082 sed
2528 1038 2595 1083 ad
2610 1031 2869 1098 gehennae
2880 1031 3058 1100 ignem
3074 1032 3376 1102 abripietur
3392 1035 3613 1105 (Matth.
3630 1040 3725 1112 22)
3742 1056 3757 1090 :

2179 1131 2283 1173 nec
2307 1117 2352 1174 si
2375 1119 2459 1172 vel
2481 1118 2850 1174 Abrahamum
2869 1121 3119 1191 imploret
3139 1122 3291 1195 (Luc.
3317 1126 3427 1197 l6.)
3448 1129 3752 1202 quidquam

2176 1216 2292 1261 tum
2311 1207 2576 1277 proficiet.
2598 1208 2807 1280 Quippe
2823 1221 2941 1264 orta
2952 1211 3067 1281 jam
3084 1213 3172 1268 die
3187 1217 3427 1285 propria,
3450 1220 3632 1288 posito
3655 1223 3755 1276 tri-

2175 1296 2362 1352 bunali
2389 1339 2404 1364 ,
2444 1299 2666 1355 sedente
2693 1301 2909 1371 judice,
2941 1310 2996 1358 et
3033 1314 3287 1362 manante
3321 1309 3477 1378 quasi
3512 1313 3753 1380 quodam

2176 1394 2319 1465 ignis
2336 1394 2503 1452 fluvio
2525 1395 2710 1467 (Dan.
2738 1397 2769 1450 7
2792 1397 2901 1468 l0),
2923 1399 3108 1455 habita
3133 1404 3411 1459 actionum
3434 1417 3751 1464 nostrarum

2176 1491 2500 1560 quaestione,
2533 1506 2645 1545 non
2668 1491 2780 1561 jam
2814 1491 3014 1564 flagitia
3037 1495 3219 1551 eluere
3247 1497 3513 1564 sinemur,
3548 1503 3646 1558 sed
3682 1504 3755 1567 ad

2178 1582 2527 1651 supplicium,
2557 1582 2627 1638 iis
2665 1582 2908 1639 debitum
2937 1586 3171 1643 velimus
3204 1588 3444 1646 nolimus
3481 1593 3756 1651 trahimur

2178 1674 2362 1738 modo,
2401 1677 2604 1732 nullius
2628 1684 2743 1731 tum
2765 1679 3019 1748 precibus
3042 1679 3310 1736 liberandi
3335 1700 3351 1750 ;
3377 1684 3473 1738 sed
3502 1688 3760 1756 quamvis

2178 1766 2305 1835 quis
2323 1767 2440 1836 pari
2465 1766 2665 1822 fiducia
2687 1770 2757 1823 sit
2781 1784 2904 1823 cum
2930 1773 3138 1842 magnis
3161 1779 3215 1827 et
3236 1773 3573 1833 admirandis
3597 1781 3757 1839 viris.

2189 1858 2438 1926 quamvis
2450 1856 2585 1922 Noe,
2601 1856 2724 1923 Job,
2739 1858 2929 1915 Daniel
2950 1861 3289 1934 sit(Respicit
3301 1866 3371 1920 ad
3390 1866 3578 1924 Enen.
3599 1887 3644 1924 c.
3665 1872 3757 1928 u.

2178 1964 2230 2004 υ.
2258 1948 2364 2022 ιι),
2378 1950 2593 2007 etiamsi
2614 1967 2713 2023 pro
2735 1951 2923 2009 liberis
2939 1968 3003 2009 ac
3020 1954 3237 2013 filiabus
3252 1957 3596 2029 deprecetur,
3617 1964 3759 2019 nihil

2181 2049 2326 2111 agat,
2360 2043 2456 2098 sed
2478 2059 2704 2100 necesse
2729 2047 2835 2100 erit
2861 2057 3176 2115 peccatores
3202 2049 3539 2109 immortales
3564 2069 3762 2124 poenas

2178 2135 2587 2209 expenderegut
2603 2141 2693 2207 qui
2717 2148 2860 2195 recte
2875 2139 3139 2206 fecerunt,
3158 2142 3420 2199 honorem
3446 2145 3602 2200 inire.
3620 2145 3761 2203 Nam

2180 2242 2360 2297 neque
2381 2227 2468 2282 his
2480 2243 2656 2298 neque
2673 2230 2780 2285 illis
2799 2230 2955 2285 tinem
2970 2229 3088 2287 fore
3105 2231 3353 2288 Christus
3369 2234 3684 2303 declaravit,
3701 2247 3765 2291 ut

2181 2320 2372 2386 vitam,
2400 2321 2483 2375 sic
2505 2321 2835 2392 supplicium
2869 2332 3133 2378 aeternum
3155 2339 3276 2380 esse
3295 2324 3487 2382 dicens
3517 2345 3533 2383 :
3573 2329 3665 2397 qui
3706 2339 3764 2385 et

2183 2409 2396 2466 dextris
2419 2412 2764 2478 collaudatis,
2783 2422 2836 2468 et
2858 2413 3101 2469 sinistris
3122 2416 3414 2484 damnatis,
3441 2418 3512 2472 ita
3533 2420 3725 2474 subdit
3746 2439 3761 2475 :

2181 2501 2417 2557 Abibuut
2437 2501 2494 2556 hi
2508 2504 2562 2557 in
2582 2520 2789 2572 poenam
2809 2507 3199 2572 sempiternam,
3215 2507 3354 2577 justi
3375 2525 3493 2563 vero
3515 2511 3571 2563 in
3595 2512 3766 2565 vitam

2179 2597 2552 2665 sempiternam
2570 2595 2788 2667 (Matth.
2802 2597 2893 2652 25.
2913 2597 3023 2669 46).
3043 2597 3229 2669 Itaque
3241 2599 3332 2655 hic
3343 2602 3488 2657 serio
3506 2602 3765 2658 laboran-

2180 2685 2310 2769 dum
2325 2694 2428 2752 est,
2449 2695 2502 2742 et
2526 2687 2855 2758 quiuxorem
2876 2691 3091 2756 habeat,
3111 2690 3159 2746 ei
3180 2691 3403 2761 perinde
3415 2693 3682 2763 agendum
3698 2710 3769 2750 ac

2181 2776 2229 2833 si
2245 2792 2355 2832 non
2377 2777 2637 2834 haberet:
2664 2788 2718 2835 et
2738 2780 2831 2850 qui
2858 2796 2984 2836 vere
3008 2797 3115 2836 non
3140 2782 3359 2846 habeat,
3385 2784 3436 2839 ei
3453 2801 3576 2839 cum
3595 2785 3768 2855 virgi-

2181 2869 2352 2924 nitate
2374 2870 2597 2940 reliqute
2617 2872 2783 2927 etiam
2800 2887 2993 2929 omnes
3013 2873 3246 2930 virtutes
3269 2877 3585 2933 exercendae
3606 2888 3764 2944 sunt,

2181 2975 2252 3016 ne
2276 2960 2700 3032 postdeccssum
2723 2979 2788 3020 es
2804 2963 2908 3021 hac
2932 2966 3041 3021 vita
3059 2966 3340 3025 incassum
3367 2968 3757 3027 lamentamur.
