4056 6208
592 305 695 361 ετξ-Ι

1274 300 1353 358 .S.
1393 304 1675 360 JOANNIS
1704 304 2191 359 CHRYSOSTOMI
2229 302 2547 357 AllClllEP.
2588 302 3136 361 CONSTANTINOP.

3735 307 3839 363 598

1160 531 2223 539 η-..Ὸ--ο--ν-ινμγ-ψᾙ

1049 744 1126 803 ιΝ
1164 741 1371 806 DUOS
1415 745 1874 819 SEQUENTES
1914 748 2019 807 AD
2070 747 2379 809 VIDUAM
2429 745 2835 808 JUNIOREM
2881 732 3385 807 TRACTATL'S

1855 1024 2573 1138 MONITUM.

1900 1290 2523 1320 -ψ-ι

647 1473 796 1548 [356]
848 1474 992 1529 inter
1036 1472 1480 1543 prtestantissitna
1535 1470 1588 1527 S.
1666 1469 1908 1525 doctoris
1967 1467 2148 1524 nostri

578 1567 843 1638 opuscula
872 1564 1288 1622 commemorari
1324 1564 1522 1620 debent
1556 1564 1608 1618 hi
1637 1565 1747 1619 duo
1776 1578 1868 1618 seu
1895 1561 2014 1616 libri
2052 1576 2147 1615 seu

578 1666 1111 1727 tractatus,qnorum
1138 1656 1287 1725 prior
1311 1664 1502 1726 praeter
1526 1656 1893 1725 pulvlterrinta
1921 1654 2146 1719 munita,

577 1750 981 1822 lectissimaque
1011 1750 1403 1806 consolationis
1429 1751 1614 1811 verba.
1657 1756 1772 1804 non'
1794 1764 1969 1818 pauca
2022 1764 2146 1802 car-

576 1843 708 1912 ptim
741 1841 925 1909 refert,
989 1851 1100 1895 tum
1158 1842 1225 1896 ad
1282 1841 1656 1913 Chrysostomi
1685 1842 1874 1904 vitam,
1924 1850 2040 1895 tum
2076 1840 2144 1894 ad

575 1932 857 1987 historiam
889 1932 1033 1986 illius
1073 1931 1332 2001 temporis
1380 1942 1708 2000 opportuna.
1769 1929 1843 1984 De
1902 1929 2146 1984 secundo

573 2034 752 2078 autem
783 2024 921 2078 libro
958 2024 1099 2079 infra
1132 2024 1470 2079 tractabitur.
1504 2021 1625 2089 Quo
1660 2032 1904 2092 tempore
1937 2022 2147 2090 primus

573 2116 813 2185 scriptus
848 2113 1033 2179 fuerit,
1063 2131 1127 2170 ex
1158 2116 1274 2186 ipsa
1310 2114 1550 2170 auctoris
1577 2113 1890 2167 narratione
1913 2111 2145 2182 diligen-

572 2218 654 2259 tur
688 2207 968 2277 explorata
1032 2207 1304 2279 espiscari
1328 2219 1414 2264 sat
1465 2206 1751 2263 commode
1805 2221 2141 2276 possumus;

574 2300 665 2353 sed
694 2310 986 2370 antequam
1012 2300 1136 2370 ejus
1170 2301 1333 2355 verba
1388 2301 1729 2356 adducamus
1787 2299 1838 2354 in
1879 2299 2141 2363 medium,

573 2391 820 2461 quaedam
852 2391 919 2446 de
946 2400 1269 2463 argumento
1299 2391 1550 2461 opusculi
1581 2390 1910 2461 praelibanda
1939 2398 2087 2445 sunt.

641 2483 960 2547 Tlierasius,
988 2485 1071 2539 vir
1094 2483 1235 2540 inter
1276 2486 1570 2555 primarius
1601 2485 1686 2540 sui
1719 2484 1981 2554 temporis
2010 2499 2143 2538 eon-

570 2575 810 2643 spicuus,
844 2590 1038 2645 genere
1067 2574 1528 2646 facultatibusque
1552 2576 1799 2647 insignis,
1829 2592 1991 2646 quem
2016 2568 2141 2646 spes

568 2674 688 2719 erat
714 2666 779 2721 ad
814 2664 1167 2736 praefecturas
1198 2675 1585 2737 perventurum
1610 2684 1751 2730 esse.
1786 2668 1852 2721 ad
1884 2667 1998 2722 hcce
2022 2683 2142 2736 pro-

570 2757 758 2824 hitate,
801 2758 1087 2823 modestia,
1124 2759 1323 2829 pietate
1385 2767 1636 2827 ornatus,
1689 2760 1743 2815 in
1781 2760 1956 2816 anatis
2007 2760 2140 2815 tlure

571 2847 713 2904 diem
769 2850 905 2906 obiit
973 2861 1300 2918 extremum,
1354 2861 1639 2921 postquam
1690 2867 1865 2907 annos
1926 2861 2136 2906 tantum

569 2942 812 3014 quinque
836 2958 961 2998 cum
993 2958 1165 2999 uxore
1187 2953 1390 3015 egerat.
1423 2943 1597 3010 Quam
1642 2954 1700 2999 ut
1737 2945 2135 3010 consolaretur,

567 3034 714 3090 hunc
749 3036 947 3091 librum
988 3035 1159 3091 edidit
1188 3024 1659 3109 Chrysostomus:
1718 3045 1772 3092 et
1809 3036 1987 3105 primu
2041 3034 2136 3091 Dei

561 3126 890 3198 singularem
917 3127 1095 3183 viduis
1122 3128 1419 3185 exhibitam
1459 3144 1646 3184 curam
1682 3130 1751 3184 ob
1779 3131 1971 3184 ocu‘os
2027 3142 2129 3197 po.

562 3216 662 3279 nit,
688 3219 888 3287 quibus
914 3221 1077 3274 etiam
1105 3220 1207 3275 viri
1249 3220 1369 3276 loco
1394 3235 1515 3276 esse
1545 3221 1738 3290 probat
1765 3239 1777 3274 :
1807 3220 1936 3275 hinc
1970 3220 2135 3275 hone-

520 3328 527 3339 ι
561 3317 660 3363 sue
690 3310 969 3366 viduitatis
991 3312 1310 3383 dignitatem
1349 3328 1412 3367 ex
1447 3312 1597 3367 Pauli
1649 3314 1830 3368 verbis
1863 3313 2130 3383 deprtedi-

564 3391 873 3471 eat.dcque
899 3403 1193 3472 proborum
1248 3405 1400 3459 obitu
1466 3405 1808 3474 gaudendum
1875 3420 1997 3459 esse
2048 3404 2136 3459 de-

564 3502 869 3549 monstrat:
902 3505 1090 3566 postea
1139 3496 1394 3551 humana:
1441 3496 1566 3551 vitae
1617 3496 2012 3550 volubilitatem
2077 3505 2135 3550 ut

564 3584 838 3652 ostendat,
873 3587 1180 3656 exemplum
1219 3586 1373 3643 aﬂ‘ert
1420 3587 1784 3656 quorumdam
1837 3585 2132 3656 insignium

562 3673 827 3741 virorum,
859 3677 951 3745 qui
989 3677 1055 3732 ad
1100 3677 1361 3748 majorem
1412 3678 1580 3733 evecti
1617 3677 1958 3744 dignitatem,
1993 3692 2133 3747 pra:-

564 3766 714 3837 cipiti
775 3767 1129 3839 violentaque
1178 3778 1354 3824 morte
1418 3769 1616 3825 sublati
1692 3777 1837 3823 sunt.
1903 3765 2009 3823 Nec
2066 3767 2133 3822 iis

560 3854 833 3913 beatiores
878 3872 1001 3912 esse
1033 3857 1110 3912 ait
1167 3858 1549 3928 imperatores,
1608 3857 1700 3912 sed
1757 3872 1868 3927 quo
1923 3856 2132 3927 majore

561 3946 780 4004 fortuna
835 3950 1165 4013 evehuntur,
1220 3966 1285 4005 eo
1349 3949 1689 4019 gravioribus
1732 3949 2131 4004 calamitatibus

559 4042 772 4112 impeti.
810 4043 981 4113 Atque
1011 4051 1067 4097 ut
1095 4051 1266 4097 vetera
1314 4042 1644 4108 omittamus,
1695 4041 1893 4111 inquit,
1950 4056 2016 4095 ea;
2062 4041 2129 4096 iis

560 4133 803 4188 omnibus
831 4133 921 4204 qui
949 4150 1056 4189 amo
1085 4144 1265 4189 nostra
1296 4136 1642 4205 imperarunt,
1690 4135 1903 4206 [uerunt
1954 4145 2132 4190 autem

559 4239 764 4291 novem,
796 4224 901 4278 duo
928 4224 1100 4279 solum
1130 4228 1394 4279 cuntmuni
1426 4238 1593 4280 morte
1618 4229 1777 4281 vitam
1809 4227 2131 4284 clauserunt.

565 4313 903 4386 Reliquorum
938 4328 1115 4370 autent
1142 4316 1228 4370 ltic
1257 4317 1467 4387 quidem
1501 4334 1533 4371 a
1571 4327 1818 4388 tyranno,
1870 4317 1961 4372 ille
2012 4333 2131 4373 vero

563 4405 616 4458 in
646 4404 801 4469 bello,
834 4406 975 4460 alius
1004 4408 1409 4462 domesticorum
1439 4410 1716 4465 custodum
1741 4410 1973 4477 insidiis,
1991 4410 2129 4464 alius

566 4504 744 4549 autem
776 4496 840 4549 ab
871 4497 963 4550 illo
991 4498 1125 4567 ipso,
1157 4501 1246 4568 qui
1270 4516 1521 4555 coronant
1550 4517 1612 4554 ac
1642 4516 1931 4571 purpuram
1958 4502 2131 4572 impo-

559 4595 763 4649 suerat,
818 4587 1130 4657 interfectus
1163 4591 1424 4645 occubuit.
1486 4590 1687 4647 Uxores
1734 4608 1893 4662 porro
1948 4610 2131 4647 eorum

557 4678 778 4747 partim,
811 4687 867 4731 ut
903 4690 1148 4744 narrant,
1191 4697 1380 4734 veneno
1404 4683 1741 4748 interierunt,
1771 4684 1969 4752 partim
2002 4701 2131 4739 mce-

564 4786 699 4823 rore.
730 4768 929 4825 Earum
960 4788 1098 4838 vero,
1125 4788 1242 4851 qut?
1263 4774 1435 4827 adhuc
1459 4776 1762 4843 superstites
1791 4787 1935 4842 sunt,
1960 4780 2131 4830 altera

557 4860 765 4931 quidem
792 4860 964 4930 ﬁlium
1003 4861 1196 4915 habens
1226 4863 1488 4932 pupillum
1524 4866 1695 4918 trentit
1725 4882 1789 4919 ac
1826 4868 2009 4919 metuit
2067 4882 2129 4920 ne

557 4952 675 5020 quis
700 4967 903 5014 eorum,
940 4953 1031 5023 qui
1059 4954 1341 5024 imperant,
1388 4965 1527 5009 metu
1576 4956 1875 5024 futurorum
1899 4973 2016 5011 eum
2065 4958 2130 5011 de

560 5046 733 5099 medio
762 5044 957 5111 tollat;
981 5045 1152 5100 altera
1183 5063 1300 5101 vero
1331 5048 1418 5102 ria:
1448 5047 1733 5101 multarunt
1788 5050 2026 5114 precibus
2058 5052 2123 5103 ab

558 5137 746 5189 exsilio
775 5137 958 5199 rediit,
984 5155 1086 5209 quo
1112 5148 1267 5192 antea
1294 5138 1359 5192 ab
1388 5155 1467 5203 eo,
1487 5140 1575 5210 qui
1604 5155 1774 5193 rerum
1806 5139 2125 5210 potiebatur,

560 5229 721 5282 missa
747 5238 879 5282 erat.
913 5229 1067 5294 Quod
1098 5230 1168 5283 ad
1200 5246 1378 5284 eorum
1430 5241 1626 5293 autem,
1660 5232 1750 5301 qui
1791 5247 1929 5285 nunc
1963 5232 2128 5300 impe-

559 5328 699 5382 rant,
740 5336 951 5384 uxores,
982 5321 1153 5376 altera
1180 5338 1245 5376 ex
1272 5325 1511 5393 pristinis
1539 5324 1934 5378 calamitatibus
1965 5324 2127 5390 respi-

559 5425 705 5477 rans,
740 5412 995 5483 voluptati
1019 5430 1263 5483 magnum
1297 5413 1446 5468 habet
1497 5415 1729 5470 dolorem
1787 5416 2076 5469 admistnm
2107 5452 2124 5478 ,

557 5516 619 5554 eo
649 5503 789 5571 quod
824 5506 913 5575 qui
946 5522 1120 5558 rerum
1155 5506 1357 5574 potitur
1391 5508 1548 5560 nimis
1569 5506 1777 5576 juvenis
1810 5523 1872 5559 ac
1893 5507 2127 5574 inexper-

562 5601 644 5646 tus
674 5594 765 5657 sit,
796 5596 1087 5666 multosque
1108 5595 1296 5650 habent
1329 5599 1557 5669 undique
1577 5599 1923 5652 insidiantes:
1956 5598 2126 5650 altera

560 5699 680 5739 rero
715 5686 901 5740 timore
929 5689 1238 5742 exanimata
1267 5689 1357 5755 iis,
1389 5689 1481 5760 qui
1521 5691 1692 5759 capite
1713 5691 1951 5743 dantnati
1980 5699 2124 5753 sunt,

565 5774 891 5833 miseriorem
924 5778 1082 5832 ritam
1126 5779 1290 5847 ducit,
1320 5796 1378 5837 eo
1427 5780 1565 5850 quod
1617 5781 1697 5835 vir
1748 5779 1911 5847 ipsius
1963 5781 2027 5833 ab
2066 5796 2126 5834 eo

2257 1482 2506 1539 tempore,
2534 1487 2636 1543 quo
2668 1472 2919 1527 diadema
2943 1474 3193 1544 suscepit,
3219 1491 3379 1546 usque
3408 1476 3477 1529 ad
3521 1476 3833 1548 hodiernum

2253 1564 2395 1615 diem
2431 1564 2641 1617 inbello
2672 1576 2719 1618 et
2760 1565 2961 1635 praeliis
3014 1576 3269 1632 versetur,
3317 1572 3735 1640 rerecundiaque
3776 1581 3830 1625 et

2252 1652 2483 1721 probris,
2525 1654 2713 1720 quibus
2762 1656 2991 1726 undique
3050 1659 3301 1727 afﬁcitur,
3335 1661 3505 1729 magis
3546 1677 3703 1730 quam
3767 1678 3835 1715 ea:

2257 1744 2683 1812 calamitatibus,
2743 1749 3002 1802 tabescat.
3064 1749 3267 1802 Deinde
3320 1759 3607 1819 postquam
3657 1754 3833 1808 multa

2253 1836 2584 1906 interposuit
2612 1838 2679 1892 de
2731 1838 2983 1895 barbaris
3013 1854 3108 1894 seu
3141 1839 3359 1905 Gothis,
3406 1842 3691 1912 imperium
3728 1843 3834 1896 lla-

2252 1943 2474 1983 manum
2516 1929 2900 1985 invadentibus
2927 1931 3444 2002 insultantibusque,
3473 1935 3644 1989 multa
3676 1951 3823 2005 quo-

2249 2035 2354 2090 que
2383 2030 2565 2090 strage
2618 2031 2813 2078 cuneta
2872 2024 3230 2094 rcpleutibus,
3296 2027 3377 2081 sic
3428 2028 3823 2097 prosequitur:

2250 2112 2454 2184 Ecquid
2485 2130 2603 2168 vero
2630 2116 2844 2181 mirum,
2884 2117 2933 2169 si
2964 2116 3119 2171 multi
3143 2134 3208 2171 ea;
3261 2117 3480 2172 ducibus
3513 2118 3609 2172 hoc
3665 2122 3825 2174 modo

2246 2204 2584 2270 interierunt,
2637 2206 2849 2275 quando
2880 2216 2931 2259 et
2988 2207 3276 2277 imperator
3306 2209 3415 2279 ipse
3445 2210 3497 2263 in
3549 2211 3661 2265 vico
3692 2228 3826 2281 qua-

2246 2295 2369 2347 dam
2393 2312 2511 2349 cum
2537 2297 2720 2365 paucis
2748 2296 3004 2350 militibus
3032 2298 3330 2366 conclusus,
3362 2300 3505 2353 exire
3533 2299 3743 2371 quidem
3773 2310 3826 2355 et

2245 2404 2355 2441 sese
2383 2388 2749 2442 invadentibus
2782 2405 3037 2457 apponere
3095 2389 3308 2444 ntininte
3363 2407 3524 2445 ausus
3571 2401 3669 2457 est,
3730 2394 3824 2447 sed

2249 2480 2396 2533 intus
2456 2497 2669 2535 manens
2730 2497 2948 2535 accenso
3000 2482 3065 2536 ab
3124 2483 3234 2538 illis
3275 2486 3393 2556 igne
3420 2500 3527 2537 una
3564 2501 3679 2538 eum
3752 2487 3827 2540 iis

2244 2571 2504 2636 omnibus,
2538 2588 2668 2642 quos
2704 2588 2874 2625 secum
2924 2572 3170 2639 Itabebat,
3228 2574 3525 2628 combustus
3558 2586 3671 2639 est;
3727 2592 3825 2629 nec
3888 2568 3895 2573 ’

2243 2662 2372 2715 viris
2401 2661 2593 2726 solum,
2626 2663 2717 2717 sed
2746 2665 2906 2717 etiam
2934 2667 3079 2735 equis
3123 2674 3172 2719 et
3210 2665 3448 2719 trabibus
3487 2675 3537 2719 et
3575 2668 3744 2721 muris
3770 2678 3825 2721 ιε

2246 2756 2485 2808 omnibus
2538 2756 2593 2808 in
2653 2773 2816 2809 unum
2866 2767 3024 2828 atque
3053 2758 3295 2813 eumdem
3354 2759 3580 2813 cinerem
3614 2758 3822 2813 abeun-

2210 2857 2221 2865 '
2243 2855 2381 2904 tibus
2408 2850 2432 2903 ?

2311 2940 2367 2993 ln
2406 2938 2555 2995 hisce
2595 2941 2885 3009 postremis
2911 2940 3289 3012 Cltrysostomi
3333 2944 3493 3000 dictis
3545 2946 3819 3003 miseran-

2238 3032 2368 3087 dam
2405 3030 2651 3087 Valentis
2682 3032 3026 3102 impcraturis
3064 3048 3247 3089 necem
3282 3035 3513 3092 describi
3545 3039 3822 3109 liquidum

2218 3131 2342 3179 'est.
2373 3123 2585 3178 Arcidit
2617 3120 2707 3178 illa
2746 3139 2891 3179 anno
2946 3124 3072 3191 578,
3120 3141 3152 3178 v
3210 3125 3335 3184 Idus
3367 3129 3616 3199 Augusti,
3650 3140 3823 3201 atque

2240 3216 2377 3273 adeo
2414 3226 2536 3288 post
2563 3217 2667 3272 hoc
2711 3228 2925 3288 tempus
2978 3220 3179 3275 emissa
3207 3219 3307 3274 fuit
3336 3221 3453 3275 hac
3489 3223 3557 3275 ad
3594 3224 3815 3278 viduam

2231 3309 2501 3377 juniorem
2540 3310 2855 3378 para'nesis.
2897 3308 2964 3364 Ut
2993 3325 3157 3379 porro
3202 3327 3266 3366 ex
3295 3311 3418 3368 aliis
3461 3312 3582 3383 ejus
3628 3316 3821 3372 verbis

2238 3400 2367 3455 editi
2399 3401 2646 3471 opusculi
2670 3416 2875 3455 annum
2907 3402 3167 3459 subtilius
3193 3405 3562 3474 exploremus.
3592 3408 3817 3479 singula

2240 3493 2433 3548 ordine
2464 3506 2859 3563 persequamur
2891 3503 3124 3563 oportet.
3153 3494 3239 3549 Ea:
3265 3513 3469 3565 novem,
3496 3500 3694 3569 inquit,
3719 3507 3820 3573 qui

2237 3590 2418 3636 nostro
2444 3597 2550 3636 tero
2578 3582 2926 3651 imperarunt,
2954 3583 3047 3636 ἐπὶ
3087 3584 3188 3653 τῆς
3232 3588 3428 3655 γενεᾶς
3466 3590 3566 3659 τῆς
3609 3592 3821 3661 ἡμετὲ-

2238 3690 2365 3745 ρας,
2392 3674 2498 3727 duo
2528 3672 2629 3727 soli
2663 3675 2930 3728 communi
2971 3687 3138 3730 morte
3172 3678 3331 3732 vitam
3377 3680 3704 3738 clauserunt.
3742 3683 3819 3741 lli

2235 3779 2429 3819 novem
2470 3764 2830 3833 imperatores
2853 3779 2975 3819 esse
3031 3765 3306 3832 videntur,
3341 3768 3720 3837 Constantius,
3755 3787 3822 3830 et

2232 3854 2328 3909 ﬁlii
2359 3854 2481 3924 ejus
2513 3852 2924 3918 Constantinus.
2979 3854 3334 3915 Constantius
3386 3868 3441 3915 et
3496 3860 3816 3921 Constans:

2232 3954 2530 4016 posteaque
2560 3944 2771 4012 Gallus,
2799 3948 2894 4016 qui
2957 3948 3087 4003 licet
3136 3950 3315 4004 Ctesar
3364 3960 3573 4007 tantum
3617 3949 3819 4025 fuerit,

2235 4038 2325 4099 hic
2359 4047 2538 4094 tamen
2591 4050 2928 4094 memoratur
2966 4040 3270 4097 trucidatus
3319 4043 3388 4098 ab
3437 4060 3526 4108 eo,
3569 4046 3662 4115 qui
3705 4050 3820 4115 ipsi

2232 4145 2525 4198 purpuram
2589 4130 2930 4198 imposuerat,
2960 4147 3155 4201 nempe
3194 4133 3555 4209 Constantio;
3614 4150 3824 4197 sextus

2230 4218 2504 4287 Julianus,
2530 4221 2792 4290 septimus
2841 4220 3127 4287 Jovianus,
3191 4234 3419 4280 octavus
3471 4226 3826 4287 Valentinia-

2234 4325 2337 4365 nus
2388 4311 2428 4368 ι.
2482 4327 2662 4367 nonus
2717 4310 2936 4368 Valens.
2997 4312 3129 4368 Nam
3183 4317 3329 4384 quod
3379 4317 3817 4379 Constantinum

2231 4400 2377 4455 dicat
2409 4411 2683 4455 mortuum
2714 4401 2805 4453 ἐπὶ
2847 4402 2947 4472 τῆς
2987 4402 3179 4471 γενεᾶς
3222 4404 3321 4475 τῆς
3357 4406 3651 4478 ἡμετέρας,
3688 4427 3812 4466 αὐο

2234 4502 2432 4560 nostro,
2466 4493 2550 4547 vel
2576 4494 2642 4548 ad
2669 4493 2925 4557 litteram,
2960 4496 3291 4564 generatione
3335 4509 3540 4564 nostra,
3583 4502 3823 4563 etiamsi

2233 4585 2279 4639 is
2308 4593 2434 4640 ante
2457 4582 2833 4655 Cbrysostumi
2860 4594 3041 4639 ortum
3093 4586 3317 4650 abierit,
3376 4588 3514 4643 nihil
3574 4593 3819 4652 mirum.

2232 4674 2445 4731 Etenim
2480 4685 2837 4745 prmterquam
2866 4676 3090 4746 quodin
3134 4691 3287 4731 more
3316 4687 3401 4734 est
3447 4694 3511 4734 ea
3541 4696 3659 4736 tevo
3707 4700 3827 4742 no-

2234 4778 2348 4824 stro
2374 4769 2554 4824 dicere
2595 4768 2760 4833 facta,
2789 4785 2912 4851 quae
2947 4779 3164 4839 patrum
3205 4780 3522 4828 nostrorum
3555 4786 3822 4846 tempore

2232 4858 2595 4928 contigerunt,
2642 4858 2695 4913 id
2726 4858 2871 4929 apud
2938 4858 3118 4929 ipsum
3148 4859 3597 4931 Clirysostomum
3628 4868 3825 4925 usita-

2233 4958 2349 5003 tum
2402 4951 2724 5019 reperimus,
2778 4951 2873 5021 qui
2921 4951 3143 5005 humilia
3194 4968 3263 5007 xv
3295 4955 3364 5009 ad
3422 4955 3821 5027 Philippenses

2231 5042 2363 5097 dicit
2398 5041 2615 5098 Fausta:
2640 5045 2826 5098 uxoris
2847 5043 3191 5099 Constantini
3218 5061 3402 5101 necem
3428 5063 3528 5103 suo
3556 5057 3822 5120 tempore

2232 5135 2546 5205 contigisse,
2583 5134 2804 5189 ἐπὶτῶν
2824 5136 3028 5207 χρόνων
3051 5135 3159 5188 τῶν
3179 5138 3479 5211 ἡμετέρων.
3506 5138 3583 5194 Ex
3616 5141 3687 5197 iis
3705 5143 3824 5197 ita.

2231 5244 2338 5297 que
2369 5243 2559 5284 novem
2591 5229 3009 5298 imperatoribus
3042 5226 3194 5300 [337]
3219 5230 3328 5285 duo
3381 5232 3481 5287 soli
3512 5241 3823 5294 communi

2235 5328 2407 5373 morte
2438 5320 2605 5374 vitam
2641 5320 2976 5382 clauserunt,
3005 5319 3255 5375 videlicet
3298 5322 3695 5379 Constantinus
3753 5342 3830 5387 (ιι

2232 5410 2588 5466 Constantius
2633 5411 2754 5480 ejus
2785 5409 2948 5463 ﬁlius.
2991 5408 3072 5464 Ex
3121 5412 3343 5481 reliquis
3401 5429 3529 5467 vero
3576 5415 3719 5470 alius
3782 5436 3825 5476 a

2231 5512 2463 5574 tyranno
2489 5504 2704 5558 occisus
2732 5511 2833 5569 est,
2865 5517 3060 5573 nempe
3090 5501 3363 5559 Constans
3385 5521 3416 5559 a
3448 5504 3767 5575 Magnentio
3801 5530 3819 5575 ;

2233 5599 2373 5653 alius
2408 5599 2460 5652 in
2494 5598 2634 5652 bello
2663 5598 2842 5667 periit,
2876 5597 3136 5652 nimirum
3163 5598 3556 5653 Constantinus
3580 5599 3821 5670 junior;

2231 5689 2372 5742 alius
2404 5689 2827 5743 domesticorum
2870 5689 3161 5744 custodum
3196 5690 3453 5745 insidiis:
3503 5691 3551 5745 is
3596 5700 3681 5745 cst
3708 5690 3830 5746 Ju-

2232 5780 2443 5847 viaaus,
2475 5779 2590 5849 qui,
2619 5790 2675 5834 ut
2712 5778 2875 5835 refert
2933 5780 3166 5849 Suidas,
3200 5789 3470 5838 venenato
3521 5781 3644 5837 cibo
3705 5797 3827 5836 ex-
