4056 6208
235 312 331 370 597

237 432 473 485 stinctus
500 436 607 492 est,
655 425 873 498 μύκητα
913 422 1380 495 πεφαρμαγμένον
1424 420 1632 493 φαγὼν,
1674 420 1821 493 quod

237 524 350 592 ipse
376 520 814 593 Chrysostomus
852 518 1141 572 confirmat
1184 516 1336 572 hom.
1397 532 1465 570 xv
1513 515 1579 571 ad
1614 514 1819 585 Philip.
1862 566 1865 569 λ

240 628 453 683 penses,
514 611 623 664 ὑπὸ
652 608 992 682 δηλητηρίων
1017 606 1258 679 ἀνῄρητο
1287 607 1617 678 φαρμάκων.
1665 607 1821 661 Alius

241 708 306 762 ab
351 706 451 760 illo
479 722 627 774 ipso,
681 703 775 774 qui
841 716 1141 771 purpuram
1197 701 1556 770 imposuerat,
1613 699 1822 754 scilicet

239 799 426 853 Gallus
458 799 645 851 Ca'sar
693 811 723 849 a
780 792 1123 848 Constantio.
1177 789 1452 846 llactenus
1494 789 1823 862 Chrysosto—

240 903 383 950 tuus,
424 886 523 955 qui
564 885 618 939 in
657 883 976 939 recensione
1027 881 1366 953 reliquorum
1403 881 1569 937 trium
1618 881 1822 936 violen-

240 989 345 1032 tam
379 987 619 1034 mortem
656 985 819 1039 tacet,
854 973 1057 1030 Juliani
1087 988 1302 1044 nempe,
1329 974 1423 1044 qui
1460 990 1585 1029 cum
1637 973 1822 1029 Persis

237 1087 493 1145 pugnans
519 1070 739 1125 occisus
767 1075 851 1141 est
879 1084 896 1132 ;
927 1066 1293 1121 Valentiniani
1329 1067 1526 1136 primi,
1558 1066 1652 1137 qui
1693 1081 1817 1121 cum

235 1165 563 1232 Quadorum
634 1162 828 1231 legatis
883 1160 1243 1230 responderet
1298 1158 1820 1228 iratus,.profluvio

233 1255 528 1327 sanguinis
554 1254 855 1310 suffocatus
880 1252 1172 1321 derepente
1204 1250 1434 1315 interiit,
1469 1261 1524 1306 et
1559 1250 1819 1317 Valentis,

235 1367 397 1421 quem
431 1358 624 1420 postea
658 1356 846 1402 narrat
875 1361 904 1400 a
944 1343 1138 1400 Gothis
1167 1345 1534 1399 combustum.

302 1443 469 1509 Quod
516 1448 732 1511 spectat
768 1450 950 1494 autem
1006 1439 1073 1492 ad
1106 1437 1485 1493 defunctorum
1528 1437 1822 1506 imperato-

232 1553 356 1593 rum
383 1551 614 1600 uxores,
640 1549 783 1604 quas
819 1532 1018 1603 partim
1040 1547 1295 1609 ‘veneno,
1332 1530 1529 1601 partim
1584 1535 1824 1585 interere

233 1629 545 1685 exstinctas
569 1627 728 1686 dicit,
769 1624 972 1679 nullam
1014 1624 1116 1677 hac
1151 1623 1203 1676 in
1243 1639 1301 1678 re
1359 1620 1608 1677 historici
1663 1621 1823 1676 nobis

237 1720 421 1776 lucem
456 1717 797 1777 ministrant.
848 1714 928 1769 Ex
975 1714 1191 1769 duabus
1226 1723 1406 1768 autem
1444 1728 1567 1782 quae
1626 1727 1824 1781 super-

236 1816 393 1873 stites
419 1820 605 1876 erant,
639 1825 763 1880 qua:
796 1808 1000 1878 pupillo
1044 1808 1158 1861 filio
1187 1807 1414 1862 timebat
1439 1821 1506 1860 ne
1548 1805 1673 1876 quis
1719 1805 1825 1859 im-

239 1915 561 1979 peratornm
585 1917 712 1957 eum
745 1912 892 1956 metu
930 1900 1245 1955 futurorum
1282 1898 1351 1954 de
1383 1896 1563 1953 medio
1588 1897 1821 1961 tolleret,

235 1999 457 2054 videtur
492 1994 722 2049 omnino
750 2006 874 2048 esse
911 2007 1053 2045 uxor
1078 1988 1316 2053 Joviani,
1346 1988 1501 2058 cujus
1539 1988 1650 2043 tilio
1692 1986 1827 2041 Var-

241 2090 483 2147 roniano
512 2087 628 2156 jam
666 2084 862 2139 oculus
888 2083 1025 2137 alter
1064 2080 1298 2136 effossus
1325 2078 1522 2143 fuerat,
1554 2094 1625 2134 ne
1673 2078 1827 2134 vide-

241 2185 375 2238 licet
430 2189 721 2251 paternum
785 2178 1076 2247 imperium
1104 2176 1458 2241 ~aﬂ‘ectaret,
1538 2184 1702 2244 atque
1761 2189 1827 2229 eo

242 2284 459 2348 spectat
487 2273 624 2328 illud
648 2271 800 2343 φόϐῳ
823 2270 932 2324 τῶν
960 2269 1283 2342 μελλόντων,
1314 2278 1454 2323 metu
1493 2269 1824 2338 futurorum,

241 2384 314 2424 ne
336 2366 555 2423 scilicet
585 2373 813 2435 paterno
832 2362 955 2432 jure
982 2362 1281 2432 imperator
1303 2360 1595 2416 acclamari
1619 2370 1824 2429 posset.

164 2524 171 2529 _
243 2460 371 2516 Haec
400 2459 612 2530 quippe
633 2456 703 2513 ad
731 2454 1003 2511 Justitiam
1039 2442 1093 2509 et
1118 2453 1292 2508 ﬁlium
1330 2452 1453 2523 ejus
1494 2449 1831 2506 Valentinia-

244 2566 375 2607 num
404 2548 686 2621 quadrare
713 2563 824 2601 non
873 2552 1128 2617 possunt,
1174 2544 1376 2614 quippe
1406 2542 1526 2613 qui,
1581 2541 1711 2598 licet
1742 2552 1827 2598 te-

243 2643 448 2711 nellus,
502 2642 802 2711 imperator
860 2637 1196 2693 acclamatus
1236 2635 1352 2707 jam
1408 2634 1610 2702 fuerat,
1654 2643 1710 2691 et
1763 2651 1831 2690 ex

245 2737 455 2793 familia
513 2732 869 2804 imperatoria
922 2740 1054 2787 tunc
1104 2730 1408 2801 imperante
1445 2738 1612 2785 erat.‘
1641 2731 1828 2787 Altera

248 2847 379 2886 vero
432 2827 788 2899 imperatoris
834 2826 1121 2897 cujusdam
1177 2824 1422 2881 defuncti
1478 2841 1656 2892 uxor,
1706 2842 1829 2893 quae

248 2926 335 2978 vix
364 2922 670 2977 multorum
698 2918 951 2989 precibus
972 2918 1042 2972 ah
1066 2915 1263 2973 exsilio
1287 2915 1542 2985 redierat,
1576 2933 1828 2988 quaenam

248 3021 340 3082 sit,
364 3018 517 3073 haud
550 3018 626 3070 ita
665 3015 824 3069 facile
867 3013 1033 3069 statui
1067 3021 1266 3084 potest,
1306 3026 1377 3066 an
1402 3010 1646 3068 Valentis
1692 3025 1834 3066 uxor

247 3111 557 3175 Dominica,
592 3124 660 3162 an
715 3108 895 3177 potius
952 3107 1153 3161 Severa
1184 3106 1336 3176 prior
1394 3103 1771 3160 Valentiniani
1811 3101 1833 3157 ι

246 3220 406 3268 uxor,
452 3202 525 3255 ab
558 3201 653 3254 illo
686 3197 966 3269 repudiata
993 3206 1049 3253 et
1081 3197 1136 3252 in
1172 3196 1426 3253 exsilium
1464 3196 1630 3254 missa
1656 3239 1671 3264 ,
1708 3212 1832 3268 qua:

244 3293 518 3349 defuncto
554 3289 940 3345 Valentiniano
962 3288 1032 3344 ab
1063 3287 1258 3344 exsilio
1308 3287 1552 3344 redierit.
1584 3285 1724 3343 Hinc
1761 3286 1828 3343 ad

247 3402 452 3441 uxores
484 3393 617 3438 tunc
647 3382 1035 3452 imperantium
1065 3381 1433 3453 progreditur,
1463 3396 1698 3452 quarum
1722 3381 1830 3437 alia

230 3496 310 3533 ,ει
372 3475 630 3547 pristinis
704 3473 1112 3529 calamitatibus
1180 3472 1501 3544 respirans,
1564 3473 1833 3529 maerendi

247 3583 475 3623 causam
513 3564 711 3620 habuit
751 3565 900 3635 quod
930 3566 1130 3636 coniux
1163 3564 1284 3636 ejus
1313 3566 1501 3636 junior
1533 3576 1699 3637 atque
1730 3560 1834 3622 in-

248 3667 512 3729 expertus
543 3666 692 3713 esset
719 3676 733 3712 :
771 3657 886 3713 haec
909 3656 1127 3713 videtur
1154 3672 1278 3713 esse
1315 3657 1634 3714 Constantia
1690 3658 1834 3714 Con-

248 3754 434 3808 stantii
480 3751 799 3821 filia,cujus
843 3750 1046 3823 eonjux
1095 3749 1391 3807 Gratianus
1415 3750 1505 3804 vix
1565 3765 1834 3805 annorum

249 3845 439 3914 viginti
472 3854 606 3899 tunc
632 3851 789 3905 erat;
825 3842 994 3898 altera
1023 3857 1178 3908 vero,
1207 3859 1331 3913 quae
1355 3842 1576 3912 conjugi
1623 3851 1834 3897 metue-

260 3939 382 4005 hat,
434 3936 685 4008 quotidie
739 3936 794 3990 in
846 3934 1004 3991 bellis
1050 3944 1214 4007 atque
1263 3935 1522 4006 periculis
1568 3935 1835 4002 versanti,

253 4027 479 4083 Flacilla
525 4028 673 4083 haud
721 4027 887 4083 dubie
946 4036 1085 4092 erat,
1136 4042 1277 4083 uxor
1321 4025 1616 4083 Theodosii
1663 4026 1836 4098 impe-

254 4121 481 4175 ratoris.

329 4212 454 4267 Jam
494 4222 555 4267 ut
585 4212 865 4269 calculum
901 4226 1193 4282 ponamus,
1225 4226 1254 4265 a
1296 4225 1429 4266 nece
1461 4209 1705 4266 Valentis
1741 4224 1839 4265 ex-

250 4307 467 4359 ordium
498 4304 815 4360 ducendum
838 4313 955 4370 est;
982 4319 1045 4359 ea
1073 4302 1302 4372 contigit
1320 4316 1466 4357 anno
1495 4301 1622 4364 378,
1652 4316 1842 4358 mense

256 4398 527 4467 Augusto.
567 4395 885 4465 Insequenti
925 4409 1073 4450 anno
1104 4393 1245 4459 379,
1289 4409 1476 4449 mense
1515 4392 1839 4459 Februario,

261 4486 611 4544 Theodosius
643 4504 672 4542 a
703 4486 967 4543 Gratiano
1002 4487 1299 4557 imperator
1336 4487 1710 4557 proclamatus
1736 4496 1840 4553 est,

262 4591 417 4653 atque
442 4581 648 4638 exinde
679 4595 804 4637 cum
840 4578 1033 4636 Gothis
1064 4594 1207 4651 saepe
1234 4578 1512 4645 conﬂixit,
1549 4593 1724 4651 usque
1774 4580 1843 4635 ad

1236 306 1326 361 AD
1367 305 1629 364 VIDUAM
1661 304 2035 363 JUNIOREM.
2062 333 2136 350 ι-
2162 296 2504 364 ΜΟΝΙἸὍΜ.
2568 310 2571 315 ’

3269 203 3293 235 θ

3372 314 3477 371 Ξέθὸ

1922 442 2124 482 annum
2159 425 2286 489 38:2,
2334 441 2442 495 quo
2496 424 2697 481 attritae
2750 441 2839 481 res
2894 426 3199 482 Gothorum
3246 428 3488 486 fuerunt.

1921 518 2060 574 Dum
2095 520 2210 575 haec
2250 535 2380 574 vero
2411 520 2674 575 scriberet
2717 519 3163 590 Ghrysostonms,
3197 521 3361 576 Gothi
3402 526 3502 577 ad-

1922 612 2030 667 huc
2063 613 2419 677 ferociebant,
2458 613 2828 684 Romanisque
2854 613 3194 670 formidolosi
3227 626 3404 681 erant,
3438 628 3500 672 ut

1922 704 2013 760 ille
2035 705 2133 767 ait,
2168 703 2619 775 TheodOsiusque
2658 706 2716 758 in
2759 705 2894 758 bello
2923 715 2971 759 et
3019 708 3220 774 praelii:
3254 707 3502 762 versaba-

1925 805 2036 851 tur.
2068 794 2195 852 Ilaec
2227 796 2396 866 probe
2425 804 2734 864 competere
2762 806 2994 865 possunt
3041 797 3093 850 in
3125 813 3331 852 annum
3367 798 3497 866 580,

1922 903 2034 958 quo
2063 895 2308 943 vertente
2341 887 2561 941 circiter
2593 902 2659 940 ex
2691 886 2972 955 spelunca,
3009 888 3103 941 ubi
3135 888 3358 943 biennio
3404 889 3502 945 de-

1922 979 2165 1045 lituerat,
2193 978 2538 1034 Antiochiam
2586 978 2745 1033 rediit
2792 977 3261 1051 Ghrysostomus,
3296 982 3379 1037 vel
3441 982 3500 1037 in

1922 1080 2246 1141 sequentem
2303 1070 2430 1125 581.
2502 1069 2662 1126 Certe
2726 1086 2916 1125 omnes
2989 1087 3154 1141 supra
3215 1069 3504 1129 recensita:

1923 1172 2067 1218 nota:
2103 1163 2171 1217 ad
2228 1163 2335 1219 hoc
2386 1170 2605 1233 tempus
2648 1163 2853 1233 optime
2893 1162 3186 1233 quadrant,
3219 1164 3289 1219 ad
3348 1165 3500 1220 aliud

1925 1270 2056 1311 vero
2080 1255 2325 1311 minime.

1995 1349 2187 1405 Restat
2216 1357 2277 1405 ut
2306 1349 2373 1405 de
2393 1349 2642 1420 sequenti
2660 1349 2729 1403 ad
2752 1349 2963 1403 viduam
2992 1358 3229 1406 tractatu
3252 1355 3501 1420 agamus.

1926 1441 1985 1497 Si
2014 1443 2173 1498 titulo
2200 1443 2334 1498 ﬁdes
2358 1443 2646 1510 habeatur,
2671 1443 2737 1497 ad
2764 1444 3011 1498 eamdem
3035 1443 3277 1510 viduam;
3309 1459 3507 1514 nempe

1927 1531 2182 1588 Therasii
2208 1547 2457 1598 uxorem,
2499 1532 2646 1587 hunc
2682 1533 2844 1587 etiam
2871 1533 3020 1589 misit
3046 1533 3502 1605 Chrysostomus:

1929 1625 2011 1681 sic
2050 1626 2252 1696 quippe
2305 1625 2502 1697 legitur
2558 1626 2613 1680 in
2664 1625 2924 1682 omnibus
2974 1641 3100 1681 cum
3144 1626 3329 1690 editis,
3392 1635 3507 1682 tum

1928 1717 2349 1787 manuscriptis,
2409 1716 2518 1770 Τοῦ
2578 1716 2744 1770 αὑτοῦ
2805 1718 2942 1789 πρὸς
2988 1716 3086 1789 τὴν
3142 1716 3312 1789 αὐτὴν
3374 1719 3509 1789 περὶ

1932 1809 2276 1881 μονανδρίας,
2319 1809 2552 1878 ejusdem
2593 1809 2663 1862 ad
2713 1809 2950 1863 eamdem
2996 1809 3062 1863 de
3112 1825 3214 1863 non
3264 1809 3507 1864 iterando

1927 1901 2199 1972 conjugio.
2233 1900 2374 1957 Iluic
2396 1916 2618 1972 quoque
2645 1902 2932 1957 sententiae
2962 1900 3146 1957 favere
3172 1902 3390 1957 videtur
3417 1916 3507 1956 ar-

1930 1994 2172 2064 gumenti
2195 2009 2368 2065 genus
2395 2013 2408 2049 :
2441 2010 2566 2048 nam
2598 1995 2665 2049 de
2683 1994 2907 2064 juniore
2932 1994 3099 2049 vidua
3131 1995 3332 2065 agitur,
3385 2011 3512 2065 quae

1931 2086 2102 2142 semel
2126 2088 2395 2156 nupserit,
2430 2102 2552 2157 qua:
2595 2087 2757 2141 ambo
2789 2086 3041 2142 Therasii
3079 2088 3235 2143 uxori
3285 2103 3510 2158 compe-

1930 2187 2073 2234 tunt.
2115 2177 2319 2234 Verum
2352 2178 2442 2235 hic
2499 2194 2608 2235 non
2659 2180 2882 2234 viduam
2940 2179 3179 2250 aliquam
3229 2179 3505 2249 juniorem

1931 2271 2251 2342 alloquitur,
2305 2271 2400 2328 sed
2437 2286 2629 2351 omnes
2668 2272 2835 2327 simul
2891 2271 3086 2326 viduas
3127 2271 3510 2326 concinnantis

1931 2377 2086 2421 more
2137 2379 2248 2419 non
2298 2364 2532 2419 iterandi
2589 2364 2831 2435 conjugii
2887 2379 3085 2421 causas
3142 2364 3336 2420 docet:
3384 2365 3514 2420 licet

1932 2455 2079 2527 enim
2111 2457 2364 2511 secunda:
2393 2456 2599 2527 nuptiae
2621 2456 2905 2527 culpanda:
2937 2473 3046 2513 non
3082 2457 3213 2522 sint,
3236 2474 3350 2512 non
3382 2469 3511 2513 sunt

1932 2521 2117 2600 tamen
2150 2544 2309 2600 laude
2347 2544 2546 2616 dignae,
2605 2562 2671 2602 ac
2728 2546 3048 2602 nonnullam
3098 2548 3510 2603 incontinentize

1933 2645 2121 2692 notam
2151 2652 2264 2707 prze
2290 2652 2351 2693 se
2403 2637 2607 2693 ferunt.
2643 2638 2960 2694 Orationem
3012 2654 3141 2694 vero
3177 2638 3402 2702 claudit,
3454 2648 3516 2693 ut

1933 2729 1992 2784 in
2026 2729 2269 2785 homiliis
2296 2731 2434 2786 solet
2462 2749 2475 2785 :
2515 2729 2667 2796 Haec,
2707 2731 2906 2802 inquit,
2938 2747 3041 2785 non
3073 2747 3175 2800 quo
3215 2731 3515 2785 necessaria

1929 2822 2323 2895 iudicaremus,
2364 2822 2664 2890 attulimus,
2705 2834 2803 2877 aut
2856 2840 2956 2895 quo
2996 2823 3142 2887 illas,
3193 2840 3311 2893 qua:
3347 2824 3402 2877 in
3440 2823 3520 2877 vi-

1938 2915 2145 2970 duitate
2180 2932 2487 2986 permanere
2516 2917 2723 2979 nolunt,
2769 2917 3259 2983 condemnaremus,
3294 2918 3384 2971 sed
3422 2917 3521 2971 hoc

1939 3024 2103 3062 unum
2142 3009 2503 3063 cohortatione
2561 3010 3023 3081 admonitioneqne
3060 3021 3242 3064 nostra
3285 3021 3517 3080 agentes,

1939 3111 1998 3156 ut
2028 3118 2090 3157 ne
2129 3111 2284 3157 terra:
2311 3113 2558 3172 perpetuo
2587 3104 2759 3173 afﬁxa
2790 3103 2983 3158 'uerere
3018 3104 3198 3167 velint,
3237 3107 3329 3159 sed
3359 3105 3520 3158 semel

1939 3195 2130 3248 soluta
2179 3194 2237 3246 in
2298 3193 2540 3248 libertate
2578 3202 2844 3262 maneant,
2886 3195 2956 3248 ad
3019 3196 3207 3251 exlum
3264 3196 3520 3266 aspirent,

1939 3284 2205 3340 caelestem
2263 3284 2468 3339 vivendi
2520 3285 2778 3340 rationem
2827 3286 3156 3355 adhibeant,
3215 3304 3278 3340 ac
3316 3286 3523 3357 juncta:

1939 3377 2151 3435 Christo
2178 3393 2243 3432 ea
2271 3378 2452 3432 omnia
2486 3386 2760 3448 praestent,
2789 3394 2909 3449 qua:
2934 3379 3003 3433 iis
3030 3380 3365 3445 conveniunt,
3397 3396 3516 3450 qua
3610 3426 3623 3441 ,

1940 3478 2149 3526 tantum
2180 3480 2351 3525 nocte:
2378 3479 2502 3524 sunt
2527 3486 2777 3541 sponsum
2805 3486 2824 3524 :
2857 3471 3109 3542 quoniam
3148 3473 3320 3542 ipsum
3376 3471 3524 3527 decet

1939 3564 2109 3619 omnis
2148 3563 2342 3635 gloria,
2375 3563 2565 3628 honor,
2595 3552 2703 3620 etc.
2735 3562 2863 3620 Haec
2908 3564 3192 3621 concionis
3237 3565 3513 3637 epilogum

1938 3671 2060 3712 esse
2094 3672 2255 3712 nemo
2278 3670 2389 3711 non
2417 3656 2586 3712 videt.
2617 3655 2799 3723 Quare
2824 3656 2909 3711 vel
2934 3658 2989 3711 in
3024 3657 3184 3713 titulo
3216 3657 3347 3712 illud
3382 3659 3522 3729 πρὸς

1940 3749 2038 3822 τὴν
2083 3748 2253 3820 αὑτήν
2279 3789 2295 3815 ,
2326 3748 2396 3802 ad
2432 3749 2691 3814 eamdem,
2720 3764 2751 3804 a
2789 3748 3014 3804 librario
3047 3748 3284 3820 quodam
3321 3758 3526 3805 temere

1944 3841 2216 3912 adjectum
2246 3849 2365 3896 est:
2398 3840 2485 3895 vel
2525 3838 2572 3896 si
2620 3854 2743 3895 eam
2789 3840 3096 3897 orationem
3155 3841 3222 3897 ad
3272 3840 3523 3898 Therasii

1942 3947 2168 3989 uxorem
2199 3948 2325 3989 vere
2358 3933 2569 3989 miserit
2617 3932 3045 4005 Chrysostomus
3067 3975 3085 4002 ,
3121 3934 3296 4006 ipsam
3333 3944 3521 4005 postea

1944 4027 2183 4082 homilia:
2208 4040 2359 4082 more
2387 4026 2771 4082 concinnatam
2804 4027 2861 4083 in
2902 4036 3049 4084 ctetu
3082 4028 3410 4084 recitaverit.
3447 4026 3520 4082 Ut

1941 4128 2003 4174 ut
2027 4133 2156 4174 vero
2184 4119 2276 4185 sit,
2327 4128 2629 4190 opportune
2669 4119 2892 4190 ponitur
2950 4128 3076 4190 post
3116 4104 3423 4176 orationem
3453 4120 3524 4175 ad

1941 4206 2192 4266 Therasii
2224 4224 2473 4272 uxorem,
2505 4209 2635 4279 quia
2664 4218 2750 4267 est
2778 4209 3027 4281 ejusdem
3052 4211 3382 4282 argumenti,
3411 4227 3516 4268 nec

1944 4301 2132 4357 debuit
2158 4300 2368 4356 moveri
2395 4300 2533 4355 loco.

2018 4391 2276 4448 Flaminii
2312 4390 2516 4448 Nobilii
2557 4387 3083 4464 interpretationem,
3141 4402 3329 4466 utpote
3361 4410 3525 4453 accu-

1947 4494 2121 4542 ratam
2175 4500 2276 4541 nec
2317 4485 2714 4558 inelegantem,
2759 4487 2969 4559 aliquot
3024 4498 3209 4545 tamen
3272 4489 3329 4546 in
3387 4490 3526 4549 locis

1949 4577 2314 4645 emendatam,
2340 4594 2371 4636 e
2399 4578 2623 4651 regione
2653 4578 2830 4640 Graeci
2861 4589 3043 4640 textus
3067 4583 3380 4655 posuimus.
