4056 6208
516 292 622 350 599

536 411 2551 449 _-_________—_._________———L

1206 295 1266 350 S.
1295 292 1579 351 JOANNIS
1615 291 2099 353 CHRYSOSTOMI
2138 289 2456 347 ARCHIEP.
2497 287 3048 346 CONSTANTINOP.

3655 280 3761 335 600

2553 422 3744 448 Μ

1179 775 1386 902 AD
1508 774 2136 911 VIDUAM
2253 775 3103 908 JUNIOREM.

580 1447 634 1502 1.
674 1444 901 1502 Gravem
929 1452 984 1501 te
1009 1444 1222 1516 quidem
1237 1445 1511 1516 accepisse
1536 1443 1745 1515 plagam
1771 1483 1787 1509 .
1827 1451 1988 1514 alque
2019 1442 2103 1519 ad

508 1535 739 1593 maxime
763 1534 975 1605 vitalem
1002 1543 1209 1607 partem
1241 1534 1477 1606 jaculum
1519 1549 1750 1604 superne
1790 1532 2086 1588 immissum

507 1628 814 1700 pervenisse
839 1642 1026 1683 omnes
1050 1641 1179 1683 sane
1208 1628 1301 1683 tibi
1328 1626 1714 1692 consenserint,
1742 1640 1805 1681 ac
1831 1637 1990 1679 nemo
2019 1635 2088 1677 nc

507 1736 572 1776 ex
605 1721 670 1775 iis
692 1720 926 1790 quidem,
954 1719 1045 1790 qui
1070 1718 1227 1775 valde
1257 1718 1556 1789 philosophi
1585 1727 1730 1784 sunt,
1752 1714 2087 1772 contradixe-

507 1812 578 1867 rit
605 1828 619 1866 :
652 1827 835 1866 verum
863 1813 1113 1883 quoniam
1143 1810 1283 1866 male
1309 1819 1559 1879 acceptos
1584 1824 1690 1863 non
1743 1808 1796 1862 in
1844 1807 1984 1861 luctu
2024 1818 2089 1860 ac

508 1901 759 1973 lacrymis
785 1917 945 1958 omne
970 1917 1123 1957 suum
1155 1912 1364 1971 tempus
1389 1915 1705 1957 consumere
1733 1906 1960 1971 oportet,
1991 1894 2086 1951 sed

505 1995 780 2050 vulnerum
805 2010 1015 2066 quoque
1038 1995 1293 2050 curationi
1321 1994 1602 2064 plurimum
1624 2005 1800 2064 operte
1825 1988 2088 2059 studiique

506 2101 723 2152 navare,
752 2102 843 2153 ne,
870 2087 916 2142 si
940 2085 1187 2156 chpeeta
1214 2086 1428 2150 fuerint,
1462 2085 1716 2155 majorem
1744 2083 1987 2157 ipsismet
2009 2080 2087 2135 la-

504 2177 703 2248 crymis
730 2177 955 2232 aﬂ'erant
990 2177 1201 2248 plagam
1228 2218 1244 2244 ,
1280 2185 1439 2246 atque
1476 2176 1591 2245 ipso
1620 2175 1762 2230 luctu
1794 2172 2085 2249 vehemen-

506 2271 693 2326 tiorem
734 2269 997 2326 ﬂammam
1025 2271 1256 2326 excitent
1287 2288 1299 2324 :
1333 2284 1541 2340 tequum
1572 2268 1813 2339 proiecto
1841 2266 2001 2321 fuerit
2031 2272 2084 2321 te

505 2374 624 2414 eam
654 2376 772 2431 qum
800 2376 896 2430 per
921 2376 1195 2417 sermones
1219 2360 1502 2416 adhibetur
1529 2358 1946 2433 consolationem
1977 2370 2085 2413 non

503 2449 803 2521 repudiare,
834 2465 897 2506 ac
925 2451 1274 2522 lacrymarum
1314 2447 1503 2505 ﬂuvios
1532 2463 1813 2519 parumper
1833 2461 2087 2503 coercen-
2118 2468 2129 2481 ι

504 2548 611 2594 tem
647 2540 713 2594 ad
740 2540 901 2595 breve
928 2540 1115 2595 saltem
1146 2548 1356 2609 tempus
1385 2540 1450 2594 iis
1474 2538 1634 2593 etiam
1652 2580 1667 2604 ,
1695 2539 1786 2608 qui
1815 2547 1868 2592 te
1893 2551 2086 2592 conso-

502 2628 600 2684 lari
635 2629 1049 2699 aggrediuntur,
1084 2640 1135 2685 te
1176 2629 1348 2698 ipsam
1386 2629 1538 2684 dare.
1584 2629 1707 2682 limo
1748 2627 1888 2681 enim
1925 2641 2085 2682 causa

502 2704 583 2773 esi
601 2760 617 2784 ,
646 2735 742 2774 cur
766 2730 822 2775 et
854 2735 952 2774 nos
979 2735 1085 2775 non
1116 2721 1167 2775 in
1195 2721 1311 2792 ipso
1340 2720 1514 2775 luctus
1552 2718 1735 2790 vigore
1755 2760 1772 2786 ,
1802 2734 1977 2790 neque
2007 2720 2082 2774 si-

502 2811 612 2867 mul
637 2827 701 2867 ac
729 2811 925 2867 fulmen
968 2813 1184 2880 decidit,
1208 2813 1632 2875 obturbaremus,
1659 2812 1751 2868 sed
1773 2819 2082 2867 cunctantes

503 2916 616 2963 toto
645 2907 745 2963 hoc
775 2908 1092 2964 intermedio
1120 2918 1360 2978 tempore
1378 2949 1394 2972 ,
1423 2922 1486 2963 ac
1518 2908 1893 2977 permittentes
1916 2917 1970 2961 te
1996 2920 2082 2960 sa-

503 2998 618 3053 tiari
646 2998 794 3066 ﬂetu,
825 2999 1036 3070 quando
1056 2998 1165 3070 jam
1193 3014 1223 3052 a
1249 2998 1471 3069 caligine
1496 2998 1581 3052 illa
1607 2996 1874 3067 paululum
1898 2996 2082 3051 oculos

500 3088 779 3152 attollere,
806 3099 964 3159 atque
995 3103 1150 3144 aures
1178 3088 1263 3154 iis,
1302 3087 1394 3159 qui
1425 3097 1475 3142 te
1498 3085 1762 3142 consolari
1792 3093 2078 3151 tentarent,

500 3177 742 3248 praebere
786 3179 1041 3249 potuisti,
1073 3187 1198 3234 tunc
1240 3178 1339 3250 ipsi
1377 3192 1587 3248 quoque
1621 3186 1742 3248 post
1765 3175 2079 3230 ancillarum

499 3282 773 3325 sermones
797 3277 977 3325 nostra
999 3270 1427 3341 adjungeremus.
1456 3268 1588 3324 Nam
1610 3283 1729 3324 enm
1751 3266 1923 3322 adhuc
1948 3277 2078 3321 tem-

498 3368 677 3429 pestas
705 3374 892 3430 magna
929 3370 1049 3427 est,
1091 3369 1146 3414 et
1188 3360 1357 3414 luctus
1395 3358 1563 3429 viget,
1594 3357 1682 3429 qui
1719 3357 1956 3417 doloretn
1987 3357 2079 3411 de-

498 3463 700 3518 ponere
747 3450 977 3513 suadet,
1023 3450 1068 3504 is
1108 3450 1360 3519 ejulatum
1406 3449 1573 3519 magis
1624 3455 1918 3518 provocat,
1948 3446 2076 3525 nihil

497 3538 637 3592 aliud
664 3538 794 3592 lucri
822 3549 1118 3609 reportans,
1148 3555 1303 3609 quam
1325 3539 1529 3606 odium,
1555 3539 1882 3609 multamque
1910 3547 2081 3593 matc-

497 3629 631 3685 riem
654 3629 915 3699 ejusmodi
941 3629 1181 3684 oratione
1210 3630 1515 3698 suppeditat
1548 3628 1690 3698 igni,
1720 3627 1981 3697 simulque
2009 3626 2075 3681 de

496 3735 558 3775 se
579 3729 630 3775 et
659 3721 854 3775 inimici
897 3729 951 3776 et
989 3700 1131 3775 stulti
1172 3719 1401 3775 hominis
1427 3719 1581 3774 all'crt
1608 3719 1911 3789 Opinionem
1943 3736 1955 3771 :
1986 3733 2077 3772 ve-

496 3826 613 3864 rum
639 3810 850 3879 quando
880 3810 982 3880 iam
1004 3819 1164 3866 mslus
1190 3811 1279 3865 ille
1304 3809 1548 3865 desidere
1571 3809 1762 3880 cmpit,
1790 3824 1854 3864 ac
1874 3809 2077 3864 violen-

495 3899 621 3955 tiam
648 3901 901 3955 ﬂuctuum
927 3901 1134 3955 sedavit
1157 3902 1296 3956 Deus
1316 3942 1329 3964 ,
1354 3900 1509 3955 facile
1528 3900 1781 3965 orationis
1803 3899 1914 3954 vela
1941 3915 2077 3969 pan-

494 3990 702 4044 demus.
727 3990 854 4047 Nam
883 3991 1135 4046 mediocri
1166 3992 1381 4061 quidem
1409 4000 1721 4061 tempestate
1739 3993 1938 4062 poterit
1963 3991 2073 4045 l'or-

496 4089 639 4135 tasse
681 4096 769 4134 ars
808 4095 959 4136 suum
996 4081 1229 4139 ofﬁcium
1269 4080 1443 4135 facere
1486 4100 1499 4136 :
1535 4090 1591 4135 at
1631 4097 1751 4135 cum
1792 4090 2071 4136 ventorum

495 4170 726 4241 impetus
751 4172 982 4225 invictus
1005 4170 1192 4236 l‘ertur,
1222 4170 1350 4224 nihil
1381 4170 1482 4225 loci
1510 4181 1590 4224 est
1617 4172 1838 4239 peritiae.
1862 4170 1955 4225 llis
1980 4172 2074 4224 ad-

491 4261 636 4317 ducti
672 4265 846 4317 causis
881 4271 991 4318 toto
1028 4262 1300 4333 superiore
1328 4272 1568 4330 tempore
1594 4262 1864 4327 siluimus,
1898 4276 1961 4316 ac
1984 4262 2071 4316 vix

494 4366 636 4408 nunc
655 4356 898 4409 emittere
919 4368 1102 4408 vocem
1124 4352 1357 4423 aggressi
1376 4367 1579 4406 sumus.
1600 4351 1908 4405 Audivimus
1928 4352 2067 4405 enim

493 4457 526 4495 a
556 4452 742 4511 patruo
769 4452 891 4510 tuo,
920 4444 1290 4498 conlidendum
1322 4443 1543 4513 posthac
1565 4456 1686 4497 esse
1717 4461 1731 4496 :
1766 4457 1886 4496 nam
1916 4452 1969 4496 et
1993 4442 2070 4495 l‘a-

492 4534 682 4595 mulas,
709 4550 826 4602 qua:
852 4535 1008 4604 paulo
1034 4533 1399 4590 honoratiores
1418 4535 1543 4601 sint,
1569 4534 1766 4589 audere
1787 4533 1854 4588 de
1880 4533 1961 4588 his
1985 4548 2071 4587 rc-

491 4623 592 4679 bus
621 4624 856 4693 prolixos
883 4624 1077 4678 inlerre
1104 4638 1381 4679 sermones
1403 4666 1418 4690 ,
1452 4624 1560 4679 imo
1584 4636 1831 4679 externas
1856 4638 2067 4693 quoque

492 4714 762 4781 mulieres,
790 4721 949 4785 atque
977 4730 1069 4770 eas
1096 4730 1214 4785 qua:
1237 4727 1328 4769 aut
1353 4730 1549 4785 genere
1575 4715 1668 4770 tibi
1690 4726 1946 4795 cognatae,
1976 4725 2068 4768 aut

491 4804 594 4858 alia
636 4805 821 4875 quavis
868 4805 1073 4860 ratione
1121 4805 1188 4860 ad
1245 4804 1348 4860 hoc
1384 4821 1577 4861 munus
1611 4805 1913 4860 obeundum
1959 4806 2067 4859 sint

492 4895 716 4950 idonea.
738 4895 889 4964 Quod
902 4896 947 4950 si
963 4896 1168 4951 illarum
1196 4911 1471 4952 sermones
1491 4897 1747 4963 admittis,
1764 4896 1917 4951 valde
1936 4911 2066 4950 con-

490 4986 701 5042 ﬂdimus
725 5003 788 5043 ac
813 5002 909 5057 pro
928 4998 1075 5043 certo
1099 4988 1353 5043 habemus
1374 4988 1488 5044 fore
1506 4999 1563 5043 ut
1583 4998 1793 5042 nostros
1814 5003 1916 5042 non
1937 5002 2065 5042 con-

489 5089 717 5147 temnas,
749 5080 843 5136 sed
869 5082 1101 5151 quietem
1129 5096 1192 5136 ac
1223 5082 1680 5153 tranquillitatem,
1710 5081 1881 5152 quoad
1911 5091 2061 5151 pote-

488 5172 583 5237 ris,
613 5170 742 5240 ipsis
786 5170 1061 5227 audiendis
1108 5171 1383 5227 adhibeas.
1429 5170 1571 5226 Sane
1608 5171 1881 5225 muliebris
1906 5186 2064 5225 sexus

488 5264 772 5331 proclivior
786 5262 1174 5332 quodammodo
1193 5263 1259 5318 ad
1275 5261 1674 5334 concipiendum
1691 5263 1928 5319 dolorem
1949 5273 2060 5320 est:

487 5360 544 5406 at
562 5366 680 5406 cum
705 5362 958 5422 pneterea
980 5354 1230 5423 juventus
1250 5353 1418 5419 adest,
1443 5363 1497 5408 et
1514 5355 1737 5408 viduitas
1758 5355 2061 5418 immatura,

488 5449 545 5495 et
569 5442 742 5496 nullus
767 5446 1093 5512 negotiorum
1122 5459 1266 5509 usus,
1292 5454 1347 5498 et
1371 5459 1617 5498 curarum
1651 5460 1837 5514 magna
1870 5445 2059 5510 moles,

487 5538 647 5600 atque
674 5547 831 5589 omne
869 5535 1146 5604 pristinum
1174 5544 1382 5605 tempus
1410 5536 1461 5590 in
1487 5536 1690 5592 deliciis
1712 5578 1726 5602 ,
1757 5537 2018 5592 hilaritate
2043 5549 2083 5603 ,'

487 5618 683 5678 divitiis
705 5622 1029 5696 insumptum
1052 5634 1154 5695 est,
1173 5625 1353 5683 multis
1374 5628 1610 5697 partibus
1630 5627 1800 5698 major
1819 5628 2059 5684 redditur

2200 1436 2476 1495 calamitas
2493 1481 2509 1506 ,
2536 1447 2628 1508 ut,
2658 1439 2762 1496 nisi
2789 1454 3076 1513 supernum
3104 1440 3242 1498 adsit
3266 1445 3538 1515 auxilium,
3569 1451 3783 1519 pericu-

2194 1525 2306 1583 lum
2329 1530 2492 1585 sitne
2509 1544 2541 1585 a
2565 1531 2942 1602 qualicumque
2966 1533 3202 1589 irruente
3225 1533 3544 1605 cogitatione
3562 1538 3781 1609 dejicia-

2193 1624 2318 1675 tur:
2347 1619 2490 1691 quod
2515 1620 2759 1692 equidem
2794 1624 2877 1677 vel
2909 1625 3229 1694 praecipuum
3266 1642 3331 1682 ac
3370 1630 3655 1685 maximum
3689 1634 3780 1686 di-

2193 1711 2330 1767 vina:
2354 1729 2480 1782 erga
2511 1723 2560 1768 te
2584 1729 2727 1769 curae
2756 1714 3005 1771 indicium
3032 1718 3353 1772 censuerim.
3381 1719 3512 1775 Nam
3529 1723 3668 1791 quod
3699 1733 3779 1779 tot

2180 1816 2416 1876 repente
2444 1808 2883 1862 concurrentibus
2909 1808 3064 1862 malis
3087 1824 3193 1862 non
3224 1818 3278 1864 te
3303 1811 3561 1881 agritudo
3580 1813 3776 1869 absor-

2194 1894 2373 1951 buerit
2395 1938 2412 1963 ,
2451 1912 2552 1952 nec
2588 1896 2656 1951 de
2697 1897 2925 1953 naturali
2964 1896 3159 1953 utentis
3184 1906 3322 1955 statu
3351 1901 3427 1957 sis
3455 1903 3735 1958 deturbat:
3759 1948 3777 1971 ,

2191 2001 2300 2041 non
2335 1986 2388 2041 id
2417 1985 2636 2053 humani
2661 1987 2886 2064 alicujus
2910 1986 3088 2042 auxilii
3114 1987 3232 2056 fuit,
3260 1989 3354 2045 sed
3379 1989 3776 2063 Omnipotentis

2192 2075 2335 2131 illius
2359 2092 2568 2143 manus,
2586 2077 2680 2132 sed
2708 2078 3069 2147 intelligentia:
3089 2077 3230 2133 illius
3250 2082 3401 2149 cujus
3426 2094 3531 2136 non
3558 2093 3638 2137 est
3665 2101 3775 2139 nu-

2192 2181 2372 2222 merus
2395 2207 2411 2230 ,
2439 2165 2537 2222 sed
2569 2166 2864 2238 prudentia:
2892 2167 3036 2221 illius
3059 2183 3178 2237 qua:
3210 2169 3509 2241 investigari
3535 2189 3775 2243 nonpo-

2192 2264 2334 2325 test,
2362 2256 2455 2312 sed
2475 2256 2648 2313 Patris
2671 2256 3155 2312 miscricordiarum
3179 2299 3195 2323 ,
3227 2274 3293 2316 ac
3332 2260 3427 2316 Dei
3462 2264 3623 2318 totius
3642 2242 3778 2319 con-

2189 2350 2483 2405 solutionis.
2524 2348 2649 2420 Ipse
2688 2350 2853 2417 enim,
2877 2351 3048 2421 inquit
3075 2392 3091 2416 ,
3129 2351 3397 2408 verberavit
3423 2372 3514 2411 nos
3538 2397 3553 2420 ,
3589 2368 3637 2412 et
3663 2359 3778 2429 ipse

2188 2444 2384 2497 sanabit
2418 2458 2542 2507 nos;
2582 2442 2864 2514 percutiet,
2892 2452 2939 2496 et
2968 2442 3162 2497 curabit
3203 2453 3250 2498 et
3289 2461 3441 2501 sanos
3482 2449 3632 2519 faciet
3675 2467 3773 2506 nos

2189 2529 2365 2602 (Osee
2408 2533 2468 2588 6.
2494 2530 2530 2585 2
2556 2534 2596 2602 ).

2275 2621 2451 2677 Viduis
2476 2623 2615 2679 Deus
2642 2624 2736 2681 viri
2763 2624 2873 2679 loco
2902 2634 2993 2680 est.
3021 2655 3092 2666 —
3121 2624 3383 2694 Quamdiu
3410 2631 3550 2687 enim
3594 2644 3772 2693 tecum

2188 2729 2290 2768 una
2324 2715 2533 2771 vivebat
2570 2716 2758 2772 beatus
2800 2716 2890 2772 ille
2918 2718 3016 2786 vir,
3049 2718 3295 2788 cupiebas
3315 2722 3530 2791 quidem
3562 2722 3772 2784 fructus

2186 2805 2424 2872 honoris,
2448 2821 2610 2870 curm,
2641 2807 2799 2862 studii
2824 2824 2840 2874 ;
2867 2809 3114 2879 capiebas
3134 2819 3333 2880 autem,
3355 2815 3540 2882 quales
3564 2831 3630 2870 ex
3662 2816 3769 2873 bo-

2186 2897 2328 2951 mine
2356 2912 2548 2968 eapere
2578 2914 2672 2968 par
2697 2907 2813 2954 erat
2841 2915 2859 2953 :
2886 2901 3136 2970 quoniam
3161 2917 3289 2956 vero
3314 2904 3459 2958 illum
3486 2905 3552 2960 ad
3580 2922 3640 2962 se
3668 2925 3769 2963 vo-

2184 2989 2321 3042 cavit
2353 2989 2491 3045 Deus
2515 3030 2530 3056 ,
2576 2991 2690 3060 ipse
2730 3006 2872 3045 nunc
2915 2991 3056 3046 illius
3093 2992 3213 3048 loco
3244 3008 3303 3048 se
3331 2995 3424 3051 tibi
3466 2998 3766 3056 substituit.

2183 3077 2368 3148 Neque
2404 3079 2503 3133 hoc
2538 3095 2713 3134 meum
2743 3089 2822 3135 cst
2850 3120 2866 3147 ,
2900 3081 2994 3136 sed
3035 3082 3175 3137 beati
3207 3086 3479 3154 propheta:
3512 3087 3726 3144 Davidis
3750 3131 3768 3156 ,

2183 3170 2270 3239 qui
2298 3171 2367 3225 ita
2396 3170 2583 3240 inquit,
2612 3169 2875 3241 Pupillum
2901 3182 2947 3226 et
2964 3172 3164 3227 viduam
3185 3175 3607 3248 suscipiet(Psol.
3637 3182 3766 3237 145.

2183 3258 2216 3314 9
2242 3260 2295 3329 );
2323 3268 2375 3315 et
2394 3260 2519 3315 alibi
2549 3261 2719 3330 ipsum
2744 3270 2898 3316 vocat
2920 3272 3120 3331 patrem
3141 3265 3462 3335 pupillorum
3491 3307 3508 3333 ,
3541 3278 3596 3323 et
3623 3270 3770 3349 jgdi-

2182 3364 2298 3404 cem
2360 3350 2636 3405 viduarum
2660 3348 2832 3422 (Psal.
2873 3352 2960 3406 67.
2983 3351 3060 3424 6),
3097 3348 3421 3425 omninoque
3462 3356 3565 3414 boc
3587 3348 3767 3419 botui-

2182 3457 2306 3495 num
2333 3456 2500 3511 genus
2530 3456 2735 3512 magum
2766 3442 2862 3512 ipsi
2889 3458 3029 3497 cura:
3056 3459 3176 3499 esse
3203 3445 3428 3501 videbis.

2248 3532 2304 3586 2.
2343 3534 2605 3587 Cmterum
2636 3548 2705 3589 ne
2727 3534 2827 3589 hoc
2853 3550 3046 3589 nomen
3077 3536 3289 3592 assidue
3314 3550 3618 3610 usurpatum
3646 3547 3767 3599 ani-

2180 3637 2327 3677 mum
2352 3624 2446 3678 tibi
2476 3623 2708 3693 dejiciat,
2740 3639 2802 3678 ac
2828 3625 3087 3679 rationem
3116 3630 3388 3695 perturbet
3412 3635 3672 3699 reputanti
3706 3636 3761 3690 in

2180 3713 2295 3781 ipso
2315 3715 2487 3769 anatis
2512 3714 2642 3768 ﬂore
2668 3714 2792 3769 illud
2834 3724 2886 3770 te
2911 3716 3152 3781 subiisse,
3176 3716 3241 3771 de
3263 3720 3362 3772 hoc
3383 3720 3509 3775 mihi
3530 3723 3763 3791 primqu

2176 3803 2543 3859 disserendum
2571 3805 2841 3874 proposui,
2863 3815 3021 3875 atque
3046 3808 3449 3874 ostendendum,
3474 3826 3579 3866 non
3607 3814 3757 3869 cala-

2178 3897 2375 3950 mitatis
2405 3913 2597 3951 nomen
2625 3912 2743 3952 esse
2774 3914 2966 3953 nomen
2989 3899 3280 3967 viduitatis,
3311 3903 3406 3958 sed
3434 3903 3668 3973 honoris,
3703 3920 3765 3965 et

2178 3986 2396 4041 honoris
2417 3987 2630 4057 quidem
2658 3989 2891 4042 maximi.
2920 3989 3101 4060 Neque
3117 3992 3255 4045 enim
3284 4003 3335 4046 tu
3356 3994 3484 4048 mihi
3507 3997 3645 4068 vulgi
3668 4000 3759 4055 de-

2180 4087 2451 4146 pravatum
2479 4078 2780 4147 opinionem
2801 4079 2852 4132 in
2881 4081 3239 4135 testimonium
3260 4082 3468 4151 all'cras,
3494 4088 3586 4141 sed
3612 4089 3758 4146 beati

2177 4169 2347 4234 Pauli,
2372 4171 2454 4224 vel
2475 4173 2646 4239 potius
2664 4169 2857 4226 Christi
2878 4173 3144 4226 decretum
3164 4189 3225 4228 ac
3250 4174 3442 4245 legem.
3458 4178 3585 4246 Quae
3605 4183 3753 4237 enim

2177 4260 2263 4314 ille
2286 4261 2616 4330 loquebatur,
2642 4261 2756 4315 haec
2779 4279 2873 4331 per
2899 4264 3066 4332 ipsum
3091 4266 3464 4333 pronuntiabat
3485 4268 3753 4340 Christus,

2173 4350 2620 4419 quemadmodum
2646 4362 2697 4407 et
2720 4352 2831 4422 ipse
2857 4351 3005 4417 dixit,
3022 4353 3102 4407 An
3131 4356 3763 4429 experimentamquaritia

2172 4443 2281 4508 ejus
2295 4442 2379 4511 qui
2394 4443 2445 4495 in
2463 4459 2540 4495 me
2554 4442 2770 4513 loquitur
2784 4441 2973 4497 Christi
2989 4442 3061 4511 (2.
3080 4441 3197 4498 Cor.
3218 4446 3305 4501 15.
3320 4447 3404 4517 5)?
3427 4447 3561 4515 Quid
3589 4450 3757 4521 igitur

2173 4533 2381 4603 inquit?
2417 4532 2580 4588 Vidua
2604 4534 2815 4605 eligatur
2854 4550 2955 4587 non
2993 4535 3153 4588 minus
3178 4539 3436 4608 sexaginta
3475 4556 3758 4612 annorum,

2172 4635 2226 4679 et
2251 4640 2452 4692 rursus,
2478 4625 2902 4680 Adolescentiores
2939 4636 3103 4681 autem
3123 4629 3299 4683 viduas
3318 4629 3480 4684 devita
3508 4633 3581 4701 (l.
3611 4632 3761 4689 Tim.

2173 4718 2227 4772 5.
2269 4717 2322 4771 9.
2354 4718 2413 4771 11
2449 4717 2496 4787 ),
2523 4726 2749 4787 utroque
2780 4719 2880 4772 hoc
2904 4729 3170 4788 praecepto
3197 4719 3276 4775 rei
3303 4721 3457 4776 nobis
3483 4725 3757 4792 magnitu-

2171 4808 2349 4863 dinem
2379 4807 2638 4863 indicans.
2670 4808 2800 4863 Nam
2827 4808 2895 4865 de
2917 4811 3179 4881 episcopis
3198 4812 3412 4881 quidem
3435 4816 3757 4884 prmcipiens

2172 4899 2357 4954 nullibi
2384 4915 2662 4954 numerum
2684 4916 2940 4954 annormn
2962 4903 3167 4966 statuit,
3196 4901 3280 4956 hic
3301 4912 3479 4958 autem
3504 4920 3754 4975 magnam

2170 4992 2385 5047 adhibet
2404 4991 2814 5046 accurationem.
2834 4992 2969 5059 Quid
2991 4994 3058 5047 ita
3076 4993 3098 5046 ?
3117 4992 3232 5048 Non
3255 4994 3396 5063 quod
3420 4994 3641 5051 viduitas
3663 5013 3761 5052 sa-

2167 5083 2404 5145 cerdotio
2422 5084 2590 5153 major
2604 5085 2691 5150 sit,
2707 5084 2796 5139 sed
2816 5084 3062 5152 quoniam
3082 5085 3337 5154 majorem
3354 5087 3482 5156 ipsa:
3496 5104 3649 5158 quam
3671 5091 3759 5146 illi

2166 5175 2401 5231 laborem
2417 5175 2697 5242 sustinent,
2717 5175 2893 5230 multis
2908 5175 3137 5245 undique
3153 5178 3377 5248 negotiis
3391 5180 3505 5233 illas
3521 5181 3759 5237 circum-

2166 5265 2498 5321 venientibus
2515 5265 2737 5335 publicis
2752 5276 2805 5319 et
2827 5266 3060 5333 privatis.
3076 5265 3287 5322 Etenim
3303 5270 3754 5339 quemadmodum

2167 5356 2352 5411 civitas
2373 5356 2634 5411 mmnibus
2656 5370 2758 5408 non
2788 5355 3108 5410 circumdata
3138 5367 3281 5425 patet
3299 5360 3535 5429 exposita
3566 5365 3762 5417 omni-

2167 5446 2290 5512 bus,
2331 5446 2650 5515 quicumque
2677 5444 2905 5513 diripere
2928 5460 3046 5500 eam
3075 5447 3338 5504 Volucrint
3360 5467 3374 5503 :
3399 5451 3466 5504 ita
3494 5460 3547 5505 et
3567 5453 3756 5521 puella

2168 5551 2222 5589 m
2252 5534 2505 5590 viduitate
2530 5543 2738 5588 aetatem
2764 5532 2961 5603 degens
2990 5537 3184 5593 multos
3214 5537 3372 5594 habet
3395 5540 3484 5609 qui
3515 5539 3760 5610 undique

2166 5625 2502 5694 insidientur,
2535 5640 2640 5680 non
2671 5624 2841 5680 solum
2869 5641 2963 5683 eos
2989 5627 3076 5699 qui
3108 5630 3346 5700 pecuniis
3385 5632 3617 5686 animum
3647 5633 3758 5688 δά-
