4056 6208
438 249 538 307 601

434 365 741 437 διαφθεῖραι
776 363 1121 427 σπεύδοντας.
1160 361 1272 415 Kal
1306 361 1367 414 ού
1388 359 1591 422 ταύτας
1622 358 1803 429 μόνον,
1833 356 1971 413 ἀλλὰ
2010 358 2106 411 καὶ

434 462 631 535 ἑτέρας
680 461 816 536 πρὸς
850 462 912 515 τὸ
932 463 1116 514 πεσεῖν
1160 458 1331 528 αὐτὴν
1356 453 1613 526 ἀφορμὰς
1666 454 2109 526 προσγενομένας

435 559 762 630 εὑρήσομεν.
798 558 910 611 Καὶ
936 556 1045 628 γὰρ
1093 554 1298 609 οἰκέται
1324 547 1814 622 καταφρονοῦντες,
1845 550 1940 604 καὶ
1968 551 2107 623 πρά-

438 672 622 726 γματα
655 653 1019 726 ἀμελούμενα,
1077 649 1258 705 καὶτὸ
1291 647 1487 721 μηκέτι
1516 651 1573 701 ἐν
1604 648 1673 719 τῇ
1708 646 1947 719 προτέρᾳ
1967 643 2108 702 εἶναι

435 753 589 822 τιμῇ,
619 750 714 803 καὶ
761 749 822 804 rb
850 749 949 813 τάς
969 748 1236 820 ὁμήλικας
1261 742 1321 801 εὖ
1354 741 1700 816 πραττούσας
1724 744 1879 815 ὁρᾷν,
1910 743 2110 799 πολλά-

434 865 522 910 κις
549 847 605 900 δὲ
627 847 720 902 καὶ
747 846 811 901 rb
839 845 1052 918 τρυφῆς
1080 841 1672 915 ἐπιθυμεῖν,δευτέροις
1696 839 1865 906 αύτάς
1889 840 2107 896 ἔπεισεν

429 945 689 1016 ὁμιλῆσαι
718 944 939 1014 γάμοις.

500 1039 624 1093 Είσὶ
665 1038 723 1093 δέ
754 1039 810 1094 αἳ
844 1038 995 1111 νόμῳ
1044 1039 1143 1110 μὲν
1188 1038 1366 1110 γάμου
1406 1037 1507 1093 ούκ
1558 1037 1801 1094 ἐθέλουσι
1852 1038 2109 1109 συγγενέ-

430 1136 553 1191 σθαι
590 1138 703 1201 τοῖς
734 1136 997 1209 ἀνδράσι,
1020 1136 1198 1208 λάθρα
1227 1135 1285 1190 δὲ
1314 1135 1408 1189 καὶ
1449 1135 1586 1207 μετά
1624 1134 1721 1190 τοῦ
1752 1134 2104 1208 κρύπτεσθαι.

429 1234 582 1307 [340]
616 1233 789 1288 Τοῦτο
832 1233 889 1287 δὲ
918 1232 1183 1299 ποιοῦσιν,
1227 1231 1317 1286 ἴνα
1355 1230 1426 1285 τά
1456 1230 1709 1304 ἐγκώμια
1746 1232 1846 1303 τῆς
1884 1231 2110 1304 χηρείας

429 1330 830 1403 καρπώσωνται
854 1347 870 1365 ’
914 1329 1088 1394 οὕτως
1128 1329 1229 1383 οὐκ
1279 1327 1660 1393 ἐπονείδιστον,
1706 1328 1843 1382 ἀλλά
1896 1328 2108 1398 θαυμα-

429 1431 555 1484 στὸν
585 1429 681 1484 καὶ
720 1430 886 1502 τιμῆς
922 1429 1070 1496 ἄξιον
1097 1427 1159 1482 rb
1192 1429 1424 1500 πρᾶγμα
1450 1426 1602 1498 παρά
1630 1425 1935 1499 ἀνθρώποις
1968 1421 2106 1480 εἶναι

428 1527 595 1592 δοκεῖ,
656 1527 717 1581 ού
748 1525 880 1598 παρ’
907 1526 1039 1598 ἡμῖν
1079 1523 1238 1596 μόνον
1270 1526 1383 1585 τοῖς
1422 1526 1654 1587 πιστοῖς,
1697 1523 1833 1577 ἀλλά
1873 1521 1970 1577 καὶ
1994 1525 2107 1585 τοῖς

427 1624 679 1686 ἀπίστοις
732 1622 936 1685 αὐτοῖς.
994 1621 1104 1674 Kal
1144 1618 1255 1691 γὰρ
1290 1618 1402 1689 ἐγώ
1449 1637 1579 1673 ποτε
1615 1619 1735 1683 νέος
1767 1618 1848 1673 ἐτι
1887 1617 1983 1685 ὢν,
2015 1618 2106 1673 τὸν

434 1720 694 1792 σοφιστὴν
716 1721 809 1774 τὸν
837 1718 969 1790 ἐμὸν
1010 1717 1253 1791 (πάντων
1295 1718 1353 1772 δέ
1380 1717 1590 1792 ἀνδρῶν
1617 1718 2110 1789 δεισιδαιμονέστε-

432 1837 527 1893 ρος
550 1821 754 1884 ἐκεῖνος
785 1814 878 1890 ἦν)
905 1813 1022 1871 οἶδα
1060 1816 1155 1871 ἐπὶ
1196 1815 1406 1871 πολλῶν
1449 1816 1549 1888 τὴν
1604 1815 1818 1888 μητέρα
1844 1816 1942 1888 τὴν
1969 1816 2108 1888 ἐμὴν

441 1917 810 1990 θαυμάζοντα.
835 1917 957 1970 Τῶν
981 1914 1092 1986 γὰρ
1129 1913 1610 1987 παρακαθημένων
1643 1912 1793 1985 αύτῷ
1842 1913 2111 1968 πυνθανό-

436 2030 595 2084 μενος
619 2021 661 2080 ⁸,
688 2005 779 2066 οἷα
808 2011 988 2079 εῖωθε,
1018 2010 1104 2075 τίς
1120 2012 1237 2082 εῖην
1260 2008 1393 2080 ἐγὼ,
1422 2012 1512 2066 καὶ
1550 2009 1701 2074 τίνος
1731 2010 1997 2078 εἰπόντος,
2027 2012 2111 2065 ὅτι

435 2111 614 2181 χήρας
648 2108 927 2179 γυναικὸς,
980 2106 1249 2179 ἐμάνθανε
1308 2107 1439 2178 παρ’
1490 2103 1625 2177 ἐμοῦ
1666 2106 1767 2178 τήν
1803 2123 1866 2160 τε
1893 2106 2111 2179 ἡλικίαν

434 2208 535 2279 τῆς
570 2206 778 2278 μητρὸς
806 2205 900 2259 καὶ
930 2207 1030 2276 τῆς
1081 2204 1311 2277 χηρείας
1336 2204 1430 2259 τὸν
1474 2203 1684 2276 χρόνον
1713 2203 1791 2270 ὡς
1822 2204 1880 2259 δὲ
1933 2200 2106 2273 εἶπον,

432 2302 518 2371 ὁτι
540 2301 679 2356 ἐτῶν
710 2300 1113 2375 τεσσαράκοντα
1138 2303 1393 2370 γεγονυῖα
1416 2299 1621 2356 εἴκοσιν
1642 2299 1756 2371 ἔχει
1788 2300 1996 2369 λοιπὸν,
2050 2301 2112 2368 ἐξ

435 2392 497 2452 οὗ
522 2396 613 2451 τὸν
653 2396 869 2467 πατέρα
900 2394 1143 2449 ἀπέϐαλε
1173 2394 1264 2449 τὸν
1291 2394 1426 2466 ἐμὸν
1444 2433 1460 2459 ,
1515 2394 1786 2467 ἐξεπλάγη
1808 2437 1824 2463 ,
1876 2396 1972 2450 καλ⁵
2011 2395 2107 2449 ἀν-

256 2460 260 2466 ι
355 2558 358 2561 λ
432 2495 627 2567 εϐὁησε
657 2460 818 2567 μέγα,
832 2493 928 2547 καὶ
957 2492 1099 2565 πρὸς
1121 2492 1248 2555 τοὺς
1277 2460 1950 2562 παρόνταςνίδώνίῐδαϐαὶ,
1981 2491 2107 2563 ἐφη,

433 2586 545 2645 οἲαι
570 2590 721 2662 παρά
744 2591 1091 2662 Χριστιανοῖς
1127 2588 1384 2657 γυναῖκές
1406 2589 1532 2641 εἰσι.
1579 2587 1847 2641 Τοσούτου
1869 2588 1930 2641 ού
1978 2589 2108 2659 παρ’

434 2690 568 2758 ἡμῖν
606 2687 786 2759 μόνον,
832 2685 969 2739 ἀλλά
1006 2684 1102 2738 καὶ
1131 2682 1285 2756 παρά
1325 2685 1439 2749 τοῖς
1492 2682 1691 2748 ἔξωθεν
1716 2683 1745 2724 ι)
1775 2683 1838 2737 rb
1878 2684 2110 2756 πρᾶγμα

434 2781 698 2836 ἀπολαύει
724 2779 819 2835 τοῦ
853 2778 1128 2850 θαύματος
1149 2779 1245 2832 καὶ
1266 2776 1360 2830 τοῦ
1394 2776 1639 2832 ἐπαίνου.
1679 2778 1860 2849 "Am-:9
1888 2778 2105 2833 ἅπαντα

379 2878 406 2901 ’
437 2875 664 2931 συνιδὼν
688 2877 718 2931 6
748 2875 1017 2948 μακάριος
1037 2873 1268 2939 Παῦλος,
1287 2873 1459 2943 ἔλεγε·
1478 2871 1644 2941 Χήρα
1670 2873 2107 2945 καταλεγέσθω,

438 2972 526 3044 μὴ
557 2975 813 3029 ἔλαττον
832 2971 984 3027 ἐτῶν
1011 2971 1309 3040 ἐξήκοντὰ
1349 2970 1649 3042 γεγονυῖα.
1688 2970 1798 3024 Kal
1820 2969 1944 3023 ούδέ
1971 2968 2111 3041 μετά

434 3073 537 3145 τὴν
559 3072 828 3145 τοσαύτην
856 3071 966 3128 τῶν
1002 3071 1210 3144 χρόνων
1236 3068 1544 3142 μαρτυρίαν
1578 3066 1802 3138 ἀφίησιν
1829 3066 2001 3137 αὐτὴν
2030 3067 2112 3130 είς

434 3170 526 3224 τὸν
558 3168 710 3238 ἅγιον
731 3166 919 3223 τοῦτον
951 3165 1190 3238 ταγῆναι
1218 3163 1399 3235 χορὸν,
1453 3161 1589 3215 ἀλλά
1615 3162 1709 3216 καὶ
1741 3160 1906 3233 ἔτερα
1935 3176 2108 3232 προσ-

434 3259 618 3328 τίθησι
677 3258 873 3328 λέγων,
914 3258 1011 3310 Ἐν
1032 3255 1232 3326 ἔργοις
1265 3252 1509 3323 ἀγαθοῖς
1535 3251 2020 3321 μαρτυρουμένη.
2058 3253 2108 3305 ει

406 3353 970 3420 ἐτεκνοτρόφησεν,
1021 3351 1074 3403 εί
1101 3345 1561 3414 ἐξενοδόχησεν,
1596 3348 1649 3398 εί
1684 3344 1869 3414 ἁγίων
1919 3344 2109 3410 πόδας

435 3450 671 3516 ἔνιψεν,
724 3448 777 3500 εί
804 3443 1176 3513 θλιϐομένοις
1222 3438 1584 3509 ἐπήρκεσεν,
1635 3441 1689 3493 εί
1738 3439 1918 3494 παντί
1957 3439 2110 3509 ἔργῳ

436 3541 635 3616 ἁγαθῷ
680 3538 1159 3607 ἐπηκολούθησε.
1191 3536 1367 3590 Βαϐαῖ
1395 3537 1493 3606 τῆς
1541 3534 1862 3606 δοκιμασίας
1881 3535 1977 3588 καὶ
2011 3536 2110 3607 τῆς

440 3638 698 3708 βασάνου,
725 3637 858 3708 ὅσην
881 3635 1034 3707 παρά
1080 3634 1183 3705 τῆς
1215 3635 1391 3706 χήρας
1417 3634 1640 3687 ἀπαιτεῖ
1673 3631 1772 3702 τὴν
1794 3632 1993 3704 ἀρετὴν
2017 3633 2110 3687 καὶ

438 3726 554 3791 πῶς
578 3732 1045 3804 ἁκριϐολογεῖταιῐ
1075 3731 1176 3784 οὐκ
1204 3730 1271 3784 ἂν
1309 3728 1469 3785 τοῦτο
1494 3729 1755 3799 ποιήσας,
1787 3729 1835 3780 εἰ
1862 3728 1937 3800 μὴ
1971 3728 2111 3798 πρᾶο

438 3843 555 3898 γμα
575 3827 754 3898 τίμιον
783 3826 877 3880 καὶ
917 3826 1114 3897 σεμνὸν
1136 3825 1358 3896 ἔμελλεν
1379 3819 1730 3895 ἐμπιστεύειν
1763 3821 1924 3893 αὐτῇ.
1973 3822 2104 3887 Καὶ,

437 3923 740 3993 Νεωτέρας
772 3923 860 3988 δὲ,
915 3924 1072 3993 φησὶ,
1097 3922 1286 3992 χήρας
1334 3920 1643 3990 παραιτοῦ.
1697 3915 1831 3973 Εἶτα
1876 3920 1970 3973 καὶ
2010 3920 2109 3993 τὴν

439 4020 617 4074 αἰτίαν
645 4018 1018 4089 προστίθησιν
1052 4018 1240 4072 ’Ὅταν
1265 4017 1375 4088 γὰρ
1414 4015 1980 4087 καταστρηνιάσωσι
2001 4015 2109 4070 τοῦ

438 4116 719 4185 Χριστοῦ,
753 4114 963 4185 ταμεῖν
1021 4114 1290 4171 θέλουσι.
1338 4114 1436 4169 Διά
1473 4113 1661 4168 τούτου
1693 4113 1802 4184 γὰρ
1828 4115 1961 4185 ἡμῖν
2010 4110 2107 4167 τοῦ

441 4214 683 4284 ῥήματος
716 4210 1034 4275 αἰνίττεται,
1092 4210 1175 4264 ὅτι
1203 4210 1260 4262 αἱ
1305 4209 1431 4273 τοὺς
1485 4208 1684 4280 ἄνδρας
1736 4207 2106 4261 ἀποϐαλοῦσαι

439 4312 554 4364 ἀντ’
606 4308 830 4363 ἐκείνων
859 4307 1217 4380 ἁρμόττονται
1269 4304 1349 4377 τῷ
1384 4304 1624 4377 Χριστῷ.
1657 4304 1798 4376 Ὅρα
1844 4303 1961 4367 πῶς
1995 4303 2107 4357 δειο

440 4406 572 4467 κνίις
603 4415 626 4443 ο
654 4404 754 4474 τὴν
788 4403 1051 4474 ἁρμονίαν
1079 4405 1283 4472 ταύτην
1335 4401 1501 4473 ῥᾴονα
1526 4395 1694 4455 οὖσαν
1744 4399 1839 4454 καὶ
1865 4400 2103 4469 ἐπιεικῆ,

440 4497 599 4551 τοῦτο
626 4498 828 4569 τίθησιο
850 4497 996 4566 λέγω
1021 4497 1080 4551 δὲ
1112 4496 1194 4559 τὺ,
1209 4497 1397 4549 Ὅταν
1418 4496 1528 4565 γὰρ
1550 4494 2109 4563 καταστρηνιάσωσι

439 4591 546 4649 τοῦ
580 4592 860 4661 Χριστοῦ,
894 4592 1103 4663 ταμεῖν
1128 4591 1394 4657 θέλουσι,
1427 4591 1677 4662 καθάπερ
1738 4591 1883 4655 τινὸς
1918 4591 2110 4663 ἀνδρὸς

442 4688 739 4753 ἐπιεικοῦς,
764 4689 858 4742 καὶ
882 4688 942 4742 οὐ
971 4688 1085 4759 μετ’
1114 4688 1362 4755 ἐξουσίας
1395 4688 1584 4750 αὐταῖς
1610 4685 1972 4758 κεχρημένου,
1992 4686 2107 4740 ἀλλ’

443 4787 640 4850 ἐῶντος
672 4786 729 4840 ἐν
759 4784 1042 4856 ἐλευθερίᾳ
1083 4785 1201 4855 ζῇν.
1236 4786 1344 4838 Kal
1394 4784 1515 4838 ούδέ
1567 4783 1726 4855 μέχρι
1773 4784 1978 4839 τούτων
2016 4786 2106 4839 τὸν

441 4883 598 4953 λόγον
622 4882 872 4954 ἔστησεν,
905 4882 1039 4935 ἀλλά
1065 4882 1157 4936 καὶ
1185 4879 1410 4952 ἐτέρωθι
1445 4880 1604 4933 πάλιν
1630 4880 1829 4951 πολλὴν
1850 4881 1988 4953 ὑπὲρ
2009 4883 2106 4936 αύ-

442 4979 543 5048 τῆς
570 4977 667 5051 τὴν
697 4978 951 5050 φροντίδα
988 4977 1278 5047 πεποίηται
1306 4975 1496 5044 λέγων·
1541 4978 1612 5030 'II
1640 4975 1709 5030 δὲ
1736 4978 2110 5035 σπαταλῶσα

445 5074 603 5136 ζῶσα
630 5076 933 5145 τέθνηκεν’
981 5077 1019 5143 ἡ
1067 5073 1135 5128 δὲ
1166 5074 1351 5138 ὄντως
1394 5073 1548 5142 χήρα
1597 5073 1694 5127 καὶ
1718 5075 2107 5145 μεμονωμένη

445 5172 710 5241 ἤλπισεν
736 5173 834 5227 ἐπὶ
866 5174 973 5226 τὸν
993 5171 1160 5234 Θεὸν,
1184 5169 1282 5223 καὶ
1328 5169 1651 5239 προσμένει
1678 5170 1807 5236 ταῖς
1854 5170 2109 5241 δεήσεσι

511 5330 537 5359 ⁸
564 5330 711 5379 Savil.
734 5330 1113 5392 πυνθανομένων,
1137 5325 1276 5378 Colb.
1296 5326 1657 5389 πυνθανόμενον,
1686 5325 1858 5376 Morel.
1882 5329 2107 5377 πυνθανό-

507 5408 599 5447 νος.

449 5408 648 5501 0“logie
669 5452 803 5503 Colb.
833 5457 885 5502 et
904 5452 1051 5502 Savil.
1074 5453 1233 5508 recte,
1268 5449 1439 5499 Morel.
1467 5460 1583 5498 vero
1604 5451 1715 5513 παρ’
1734 5452 1871 5512 ἡμῶν
1892 5468 1964 5513 μ.,
1988 5453 2109 5501 ἀλλὰ

448 5517 529 5562 καὶ
560 5516 670 5576 παρ’
689 5515 844 5562 αὐτῶν
870 5516 1049 5569 ἔξωθεν.

513 5580 536 5606 ε
559 5570 697 5625 Coib.
739 5582 792 5623 et
813 5577 960 5624 Savil.
986 5577 1055 5637 τῷ
1078 5573 1288 5638 Χριστῷ.
1323 5571 1444 5638 Εἶτα
1483 5570 1679 5638 δεικνύς,
1706 5572 1877 5638 Morel.
1903 5575 1972 5635 τῷ
1996 5575 2111 5638 X9;-

449 5640 567 5700 στῷ.
595 5638 725 5699 ’Ὀρα
746 5639 845 5700 πῶς
866 5634 1059 5691 δεικνύς.
1090 5634 1197 5684 Mox
1218 5635 1403 5700 Morel;
1441 5638 1493 5700 gl
1530 5634 1676 5681 Savil.
1719 5637 1765 5700 i_n
1789 5642 1923 5683 inxm
1966 5634 2111 5700 ῥᾴονα

450 5694 614 5762 οὖσαν,
638 5694 721 5748 Sin
737 5700 783 5747 il.
810 5698 858 5747 in
881 5712 1031 5761 marg.
1059 5701 1170 5763 ῥᾷον
1189 5694 1507 5755 οῦσαν,(ῖοιι).
1532 5701 1677 5758 πρᾶον
1702 5696 1863 5744 οὖσαν.

1238 253 1297 311 S.
1335 249 1552 310 JOANN
1558 250 1621 307 IS
1654 249 2108 309 CHRYSOSTOM

2215 197 2506 308 ιιιῖῖηιερ.
2540 207 3095 308 consummat).

3771 251 3876 306 602

2211 358 2311 414 καί
2332 358 2461 426 ταῖς
2489 360 2856 432 προσευχαῖς
2875 360 3100 431 ἡμέρας
3122 359 3220 415 καί
3256 363 3494 429 νυκτός.
3535 363 3645 416 Καὶ
3678 366 3869 434 Κοριν-

2210 454 2345 521 θίοις
2359 457 2688 512 ἐπιστέλλων
2716 459 2869 531 φησί·
2884 458 3300 528 Μακαριωτέρα
3322 455 3389 512 δέ
3415 459 3584 513 ἐστιν
3596 458 3705 514 ἐὰν
3724 464 3875 516 οὕτω

2203 556 2406 626 μείνῃ.
2435 550 2589 620 Εἶδες
2622 556 2723 609 ὅσα
2746 556 2846 627 τῆς
2874 555 3100 628 χηρείας
3150 556 3221 610 τά
3265 553 3536 626 ἐγκώμια,
3566 556 3662 610 καὶ
3697 558 3871 615 ταῦτα

2209 653 2267 704 ἐν
2291 653 2356 723 τῇ
2387 652 2685 722 Καινῇ,ὅτε
2715 650 2810 704 καὶ
2841 651 2904 705 rb
2930 651 3031 722 τῆς
3054 651 3351 723 παρθενίας
3382 644 3643 725 διέλαμψε
3675 654 3872 721 καλόν;

2207 746 2324 801 ἀλλ’
2354 747 2506 817 ὅμως
2526 747 2648 802 οὑδέ
2675 747 2797 801 τότε
2826 746 2925 810 τὰς
2959 747 3327 819 μαρμαρυγὰς
3359 749 3531 819 αὐτῆς
3562 750 3878 823 ἀποκρύψαι

2212 842 2429 915 ἴσχυσεν
2462 844 2496 914 ἡ
2516 842 2720 915 ταύτης
2750 842 3065 915 φαιδρότης,
3114 844 3250 899 ἀλλά
3279 844 3575 916 διαλάμπει
3612 847 3707 900 xal
3738 848 3877 904 οὕτω

2207 940 2307 1012 τὴν
2329 941 2536 995 οἰκείαν
2590 940 2789 1011 ἔχουσα
2838 941 3061 1013 ἀρετήν.
3108 941 3277 995 Ὅταν
3328 937 3422 996 οῦν
3453 945 3879 1016 μνημονεύωμεν

2212 1037 2415 1111 μεταξὺ
2445 1038 2692 1110 χηρείας,
2727 1038 2802 1110 μὴ
2839 1038 3158 1110 καταπέσῃς
3176 1077 3194 1102 ,
3246 1038 3383 1109 μηδέ
3404 1039 3605 1106 ὁνειδος
3631 1041 3693 1095 rb
3723 1041 3877 1118 [3H]

2209 1138 2442 1209 πρᾶγμα
2473 1136 2677 1209 νόμιζε·
2703 1139 2754 1191 εί
2773 1137 2883 1209 γὰρ
2914 1130 3073 1190 τοῦτο
3102 1136 3481 1205 ἐπονείδιστον,
3529 1139 3714 1212 πολλῷ
3740 1142 3879 1213 μᾶλ-

2208 1234 2303 1289 λον
2321 1235 2355 1305 ή
2379 1234 2666 1307 παρθενία.
2717 1233 2859 1291 Ἀλλ’
2889 1233 2990 1287 οὐκ
3011 1233 3179 1300 ἐστιν,
3203 1234 3304 1299 ob):
3336 1233 3473 1300 ἐστι,
3517 1236 3593 1308 μὴ
3642 1237 3876 1306 γένοιτο.

2214 1332 2386 1385 Ὅπου
2423 1330 2532 1403 γὰρ
2563 1330 2663 1396 τὰς
2686 1330 2769 1385 ἔτι
2811 1330 3112 1402 περιόντων
3147 1330 3492 1403 ἀπεχομένας
3528 1334 3637 1387 τῶν
3666 1335 3881 1407 ἀνδρῶν

2210 1425 2561 1497 θαυμάζομεν
2588 1426 2824 1490 ἅπαντες
2847 1427 2942 1481 καὶ
2962 1426 3355 1498 ἀποδεχόμεθα,
3378 1427 3476 1491 τὰς
3494 1429 3590 1482 καὶ
3614 1430 3882 1486 ἀπελθόν-

2208 1541 2315 1579 των
2346 1523 2526 1579 αὐτῶν
2552 1524 2650 1597 τὴν
2703 1524 2872 1595 αὐτὴν
2902 1524 3032 1597 περὶ
3068 1523 3268 1587 αὐτοὺς
3309 1524 3759 1596 ἐπιδεικνυμένας
3783 1526 3881 1581 εὖ-

2208 1637 2376 1685 νοιαν,
2443 1620 2560 1684 πῶς
2588 1622 2688 1674 ούκ
2722 1599 3125 1692 ἐκπλήττεσθαι*
3145 1620 3227 1674 δεῖ
3270 1620 3364 1673 καὶ
3407 1620 3684 1687 ἐπαινεῖν;
3730 1622 3885 1690 Ἕως

2212 1717 2310 1787 μὲν
2337 1712 2452 1783 οὖν,
2479 1717 2617 1790 ὅπερ
2641 1716 2797 1787 ἔφην,
2840 1717 3007 1788 συνῆς
3042 1716 3120 1788 τῷ
3173 1717 3429 1789 μακαρίῳ
3451 1715 3733 1790 Θηρασίῳ,
3784 1722 3886 1775 καὶ

2208 1814 2371 1886 τιμῆς
2421 1814 2517 1868 καὶ
2544 1814 2796 1886 προνοίας
2827 1813 3139 1877 ἀπέλαυσας
3166 1806 3214 1879 ά,
3257 1813 3374 1878 οἵας
3409 1814 3559 1886 παρὰ
3590 1814 3887 1888 ἀνθρώπου

2209 1909 2502 1965 ἀπολαύειν
2534 1910 2700 1976 εἰκόςο
2735 1909 2830 1964 νῦν
2855 1911 2913 1963 δὲ
2933 1910 3015 1975 είς
3052 1910 3151 1982 τὴν
3175 1910 3385 1965 ἐκείνου
3412 1910 3568 1976 τάξιν
3602 1911 3760 1983 ἐχειςΔ
3790 1914 3887 1969 τὸν

2211 2008 2463 2062 ἁπάντων
2494 2008 2773 2081 Δεσπότην
2813 2007 2969 2074 Θεὸν,
2997 2007 3058 2072 ὁς
3102 2007 3199 2061 καὶ
3241 2006 3408 2061 πάλαι
3449 2025 3543 2062 σου
3596 2011 3887 2081 προεστὼς

2214 2102 2473 2175 μειζόνως
2500 2106 2593 2160 καὶ
2625 2106 2764 2177 μετά
2796 2105 3037 2171 πλείονος
3066 2105 3225 2160 τοῦτο
3262 2106 3476 2177 ποιήσει
3516 2106 3616 2178 τῆς
3642 2107 3886 2179 σπουδῆς

2210 2201 2326 2257 νῦψ
2346 2205 2441 2258 καὶ
2479 2205 2576 2277 τῆς
2601 2203 2800 2275 πολλῆς
2828 2204 2993 2258 αὐτοῦ
3026 2206 3284 2277 προνοίας
3312 2205 3374 2258 οὐ
3403 2186 3598 2275 μικρὸν
3616 2245 3631 2270 ,
3657 2237 3661 2239 -
3687 2204 3887 2277 ῶσπερ

2214 2302 2385 2375 ἔφθην
2415 2302 2614 2368 εἰπὼν,
2673 2302 2968 2373 τεκμήριον
2999 2300 3199 2367 ἔδειξεν
3238 2303 3369 2372 ἡμῖν
3399 2301 3523 2372 ἤδη,
3558 2303 3618 2355 ἐν
3638 2301 3887 2374 τοσαύτῃ

2210 2400 2425 2472 καμίνῳ
2454 2398 2745 2472 φροντίδων
2780 2398 2873 2452 καὶ
2902 2397 3077 2469 λύπης
3098 2397 3224 2468 ὑγιῆ
3253 2398 3348 2451 καί¹
3371 2397 3646 2467 ἀνέπαφὸν
3677 2416 3743 2453 σε
3764 2398 3888 2454 δια-

2210 2484 2470 2566 φυλάξας,
2499 2498 2592 2551 καὶ
2621 2496 2787 2568 μηδὲν
2810 2497 2967 2564 ἀφεὶς
2995 2493 3106 2548 τῶν
3128 2493 3441 2567 ἀϐουλήτων
3471 2494 3689 2549 παθεῖν.
3724 2495 3788 2549 Ὁ
3829 2497 3888 2551 δέ

2209 2592 2267 2646 ἐν
2290 2592 2528 2663 τοσούτῳ
2552 2592 2696 2663 σάλῳ
2721 2591 2888 2664 μηδὲν
2924 2592 3284 2663 συγχωρήσας
3328 2590 3574 2660 γίνεσθαι
3595 2592 3888 2662 ναυάγιον,

2212 2689 2389 2760 πολλῷ
2412 2688 2610 2761 μᾶλλον
2642 2690 2699 2742 ἐν
2732 2689 2941 2760 γαλήνῃ
2975 2689 3295 2760 διατηρήσει
3326 2688 3426 2760 τὴν
3459 2686 3556 2758 σὴν
3577 2688 3761 2761 ψυχὴν
3788 2692 3891 2746 καὶ

2211 2785 2419 2854 κούφην
2450 2785 2661 2856 ποιήσει
2681 2784 2779 2857 τὴν
2806 2784 3055 2856 χηρείαν,
3076 2784 3171 2837 καὶ
3190 2783 3261 2838 τά
3293 2785 3357 2838 ἐκ
3384 2784 3588 2856 ταύτης
3613 2784 3895 2841 δοκοῦντα

2212 2878 2349 2935 εἶναι
2372 2881 2540 2935 δεινά.

2278 2986 2347 3048 γ’.
2379 2980 2443 3033 Εἰ
2465 2979 2522 3033 δέ
2554 2997 2613 3032 σε
2638 2979 2697 3032 ού
2727 2979 2790 3033 rb
2817 2979 2916 3050 τῆς
2944 2977 3170 3050 χηρείας
3192 2978 3363 3049 ὄνομα
3394 2976 3629 3049 θορυϐεῖ,
3658 2977 3809 3032 ἀλλὰ
3833 2977 3901 3032 rb

2210 3072 2377 3148 ἄνδρα
2396 3074 2632 3130 τοιοῦτον
2644 3074 2954 3136 ἀποϐαλεῖν,
2974 3073 3315 3144 συνομολογῶ
3337 3074 3437 3144 μέν
3460 3089 3543 3126 σοι
3561 3071 3721 3141 κάγὼ
3741 3091 3896 3128 παν-

2209 3172 2374 3245 ταχοῦ
2396 3173 2500 3244 γῆς
2528 3171 2741 3241 ὀλίγους
2766 3170 3096 3241 γεγενῆσθαι
3116 3170 3390 3233 τοιούτους
3413 3169 3472 3223 ἐν
3502 3168 3733 3240 ἀνδράσι
3755 3168 3899 3240 βιω-

2208 3273 2380 3333 τικοῖς
2403 3268 2810 3340 φιλοστόργους,
2857 3267 3138 3331 ἐπιεικεῖς,
3195 3267 3505 3331 ταπεινοὺς,
3544 3265 3897 3332 ἀπλάστους,

2212 3368 2464 3430 συνετοὺς
2496 3377 2542 3432 θ,
2590 3366 2858 3429 εὐλαϐεῖς.
2895 3365 3034 3419 Ἀλλ’
3073 3365 3121 3418 εἰ
3163 3365 3261 3435 μέν
3306 3362 3545 3418 διελύετο
3576 3364 3899 3430 παντελῶς,

2214 3464 2309 3518 καὶ
2347 3465 2426 3526 εἱς
2451 3462 2513 3516 rb
2549 3463 2712 3533 μηδὲν
2742 3462 2954 3533 ἔληγεν,
2980 3462 3086 3516 ἔδει
3110 3460 3454 3534 θορυϐεῖσθαι
3476 3461 3571 3514 καὶ
3587 3460 3811 3529 ἀλγεῖνο
3846 3462 3901 3517 εξ

2209 3560 2266 3613 δέ
2296 3562 2376 3623 εἰς
2405 3559 2494 3613 τὸν
2528 3557 2702 3612 εύδιον
2736 3558 3071 3613 κατέπλευσε
3130 3556 3354 3628 λιμένα,
3400 3556 3649 3629 καὶπρὸς
3676 3557 3778 3612 τὸν
3809 3559 3904 3612 δν-

2208 3673 2317 3721 τως
2347 3654 2513 3710 αὐτοῦ
2544 3654 2769 3726 βασιλέα
2792 3654 3222 3726 ἀποδεδήμηκεν,
3264 3654 3325 3707 ού
3360 3653 3574 3707 πενθεῖν
3600 3654 3745 3725 ὑπὲρ
3773 3656 3906 3710 τού-

2209 3769 2336 3816 των,
2361 3752 2497 3806 ἀλλά
2528 3753 2620 3805 καὶ
2645 3750 2855 3824 χαίρειν
2888 3751 2988 3831 δεῖ.
3040 3751 3113 3803 Ού
3163 3750 3273 3823 γὰρ
3303 3750 3532 3814 θάνατος
3579 3753 3608 3805 ὁ
3646 3751 3906 3818 θάνατος

2210 3846 2384 3915 οὗτος,
2415 3849 2532 3904 ἀλλ’
2566 3849 2844 3919 ἀποδημία
2869 3848 2963 3903 καὶ
2998 3848 3328 3920 μετάστασίς
3350 3866 3436 3911 τις
3462 3849 3570 3901 ἀπὸ
3601 3849 3712 3902 τῶν
3771 3870 3908 3922 χει.

2213 3949 2380 4021 ρόνων
2404 3949 2498 4001 ἐπὶ
2526 3946 2596 4000 τὰ
2633 3946 2842 4017 βελτίω,
2898 3946 3006 4000 ἀπὸ
3031 3946 3128 4016 τῆς
3159 3946 3260 4017 γῆς
3303 3945 3440 4018 πρὸς
3489 3945 3581 3999 τὸν
3623 3946 3906 4018 οὐρανὸν,

2209 4047 2317 4103 ἀπὸ
2356 4046 2465 4100 τῶν
2492 4045 2589 4099 ἀνθ
2599 4043 2794 4115 ρώπων
2818 4043 2953 4115 πρὸς
2975 4043 3238 4112 ἀγγέλους
3274 4043 3366 4096 καὶ
3385 4043 3768 4113 ἀρχαγγέλους
3797 4048 3909 4099 καὶ

2208 4147 2301 4200 τὸν
2331 4143 2439 4199 τῶν
2478 4143 2722 4212 ἀγγέλων
2752 4142 2846 4195 καὶ
2875 4140 3231 4212 ἁρχαγγέλων
3278 4139 3577 4211 Δεσπότην.
3614 4141 3914 4197 Ἐνταῦθα

2215 4245 2316 4317 μὲν
2342 4244 2452 4314 γὰρ
2479 4242 2572 4295 ἐπὶ
2599 4240 2698 4310 τῆς
2722 4240 2825 4309 γῆς
2858 4237 3284 4308 στρατευόμενον
3318 4236 3526 4306 βασιλεῖ
3564 4238 3658 4291 καὶ
3693 4241 3913 4294 κινδύ-

2209 4359 2333 4405 νους
2352 4336 2421 4411 ἦν
2448 4337 2772 4411 προσδοκᾷν,
2814 4334 2908 4388 καὶ
2956 4333 3155 4397 πολλὰς
3189 4334 3338 4403 παρὰ
3386 4334 3495 4386 τῶν
3536 4334 3914 4403 φθονούντων

2208 4439 2308 4503 τάς
2353 4434 2662 4497 ἐπιϐουλάς·
2725 4434 2834 4502 ὅσῳ
2875 4429 2985 4503 γάρ
3045 4430 3196 4500 αὐτῷ
3235 4428 3305 4482 τὰ
3345 4429 3445 4499 τῆς
3476 4429 3916 4501 εύδοκιμήσεως

2208 4533 2419 4605 ηὔξετο,
2439 4529 2675 4600 τοσούτῳ
2714 4528 2807 4581 καὶ
2842 4527 2934 4605 τὲιΔ
2950 4525 3101 4598 παρά
3140 4526 3247 4579 τῶν
3275 4526 3485 4597 ἐχθρῶν
3521 4526 3915 4594 ἐπλεύναζενο

2209 4632 2326 4684 ἐκεῖ
2354 4629 2409 4683 δὲ
2439 4626 2741 4684 ἀπελθόντα
2768 4626 2868 4679 οὐκ
2913 4596 3057 4677 ἐστιν
3105 4622 3438 4676 ὑποπτεῦσαι
3471 4622 3677 4676 τούτων
3703 4627 3910 4681 οὐδέν.

2212 4729 2371 4781 Ὥστε
2398 4726 2617 4796 ὁσῳπερ
2647 4723 2712 4776 ἂν
2740 4721 2943 4792 πενθῇς
2970 4721 3050 4774 ὃτι
3082 4720 3316 4791 χρηστὸν
3338 4720 3465 4773 ὄντα
3498 4721 3593 4775 καὶ
3619 4720 3919 4794 ἐνάρετον

2209 4823 2400 4881 ἐλαϐεν
2449 4823 2478 4875 6
2520 4821 2673 4887 θεὸς,
2702 4818 2941 4888 τοσούτῳ
2988 4817 3199 4890 χαίρειν
3240 4817 3322 4870 δεῖ
3373 4816 3456 4869 ὃτι
3497 4816 3638 4887 μετὰ
3675 4821 3925 4895 πολλῆς

2208 4923 2307 4993 τῆς
2335 4917 2631 4988 ἀσφαλείας
2670 4917 2765 4970 καὶ
2805 4915 2905 4987 τῆς
2931 4913 3089 4983 δόξης
3116 4912 3520 4984 ἀποδεδήμηκε.
3563 4915 3659 4967 καὶ
3690 4914 3817 4987 τῆς
3853 4921 3927 4972 ἐν

2209 5018 2286 5090 τῷ
2306 5015 2528 5085 παρόντι
2550 5014 2778 5085 κινδύνῳ
2797 5013 3036 5084 ταραχῆς
3059 5012 3412 5079 ἀπαλλαγεὶς,
3431 5012 3579 5065 ἐστὶν
3605 5013 3665 5063 ἐν
3686 5016 3931 5092 εἰρήνῃ

2209 5115 2304 5169 καὶ
2328 5113 2526 5184 ἡσυχίᾳ
2561 5112 2748 5183 πολλῇ.
2779 5110 2903 5173 Πῶς
2923 5109 3030 5181 γὰρ
3059 5109 3158 5162 ούκ
3188 5109 3387 5162 ἄτοπον
3408 5109 3499 5161 τὸν
3530 5109 3628 5179 μὲν
3648 5112 3933 5183 οὐρανὸν

2211 5212 2394 5282 πολλῷ
2418 5210 2611 5282 βελτίω
2630 5211 2726 5281 τῆς
2751 5209 2856 5277 γῆς
2879 5204 3014 5261 εἶναι
3036 5206 3340 5278 ὁμολογεῖν,
3374 5209 3501 5271 τοὺς
3520 5207 3576 5260 δέ
3607 5208 3727 5263 ἀπὸ
3750 5214 3937 5269 ταῦ-

2210 5327 2309 5381 της
2333 5311 2449 5363 ἐκεῖ
2482 5308 2849 5379 μεταστάντας
2875 5304 3123 5370 πενθεῖν;
3162 5305 3225 5357 El
3257 5305 3354 5375 μὲν
3374 5304 3484 5377 γάρ
3502 5303 3608 5358 τῶν
3634 5308 3942 5381 αἰσχρῶς

2215 5406 2552 5461 θεϐιωκὸτων
2590 5408 2682 5460 καὶ
2717 5405 2869 5475 παρά
2922 5404 2982 5457 τὸ
3036 5404 3115 5476 τῷ
3152 5404 3271 5476 Θεῷ
3298 5402 3487 5458 δοκοῦν
3514 5407 3543 5459 ὁ
3604 5410 3949 5483 μακάριος

2273 5640 2297 5677 d
2323 5636 2456 5683 ('nlh.
2489 5644 2534 5682 M
2558 5635 2706 5685 Savil.
2735 5638 2980 5695 ἀπέλαυες.
3005 5638 3177 5687 Morel.
3202 5640 3489 5695 άπέλαυσας.

2280 5710 2302 5736 ε
2327 5701 2402 5748 Sic
2424 5698 2560 5748 Cnlb.
2574 5706 2641 5782 .el
2660 5700 2767 5747 Sav.
2784 5700 2834 5747 lu
2852 5699 2967 5749 Mor.
2989 5702 3111 5755 hwc.
3131 5698 3953 5764 ἀπλάστους,συνετούς,όεδιιιιι
