4056 6208
257 242 351 298 601

255 360 517 425 iecerunt,
548 350 645 408 sed
668 351 828 407 etiam
855 349 943 421 qui
967 347 1268 419 pudicitiam
1301 346 1465 415 ipsius
1493 342 1690 397 violare
1721 352 1837 395 stn-

255 446 401 501 dent.
430 443 617 513 Neque
641 456 768 495 vero
790 440 884 495 has
906 448 1103 494 tantum
1121 480 1138 503 ,
1164 437 1255 491 sed
1278 436 1436 491 etiam
1466 435 1596 489 alias
1627 432 1839 487 labendi

256 535 565 589 occasiones
606 533 662 586 in
700 532 865 600 ipsam
910 529 1181 583 incurrere
1219 526 1567 580 inveniemus.
1614 522 1745 577 Nam
1788 529 1842 577 et

256 623 670 679 domesticorum
692 626 1041 687 contemptus,
1066 625 1117 671 et
1140 631 1224 669 res
1248 613 1587 683 neglectm,et
1607 611 1840 682 pristina:

256 712 528 783 dignitatis
550 710 788 773 amissio,
817 707 1093 777 mqualium
1121 706 1465 775 prosperitas,
1496 719 1639 772 sirpe
1663 710 1839 756 autem

260 815 313 859 et
335 802 652 858 deliciarum
672 798 930 868 cupiditas
944 812 1011 853 eo
1032 798 1173 867 ipsas
1192 795 1547 856 adduxerunt,
1569 803 1623 846 ut
1648 807 1840 847 secun-

258 897 337 950 dis
361 909 421 948 se
447 893 647 960 nuptiis
672 891 950 960 illigarent.

332 980 669 1052 Prceeptoris
684 979 883 1051 gentilis
900 978 962 1031 de
979 984 1138 1029 matre
1160 974 1222 1030 S.
1251 972 1509 1044 Cltrgsost.
1528 971 1837 1042 judicium‘.

261 1105 333 1117 —-
355 1074 469 1131 Nec
492 1087 623 1128 vero
647 1072 837 1125 desunt
863 1084 982 1140 quae
1008 1068 1240 1137 legitimo
1261 1066 1473 1135 quidem
1506 1065 1841 1119 matrimonio

260 1169 389 1224 viris
409 1156 469 1222 se
484 1167 708 1236 jnngere
733 1162 951 1217 minime
973 1160 1151 1221 velint,
1177 1157 1269 1213 sed
1291 1156 1501 1216 occulte
1524 1156 1754 1210 etclam.
1785 1154 1839 1210 Id

261 1271 438 1317 alitem
470 1268 750 1329 propterea
781 1254 999 1319 faciunt,
1019 1261 1076 1307 ut
1091 1251 1329 1306 encomia
1349 1249 1617 1303 viduitatis
1636 1248 1843 1303 lucren-

262 1363 349 1408 tur
379 1370 396 1407 :
427 1352 501 1406 ita
536 1364 644 1419 non
679 1345 979 1417 ignominiaa
1004 1384 1020 1409 ,
1050 1342 1142 1397 sed
1170 1339 1533 1394 admirationis
1557 1347 1714 1409 atque
1740 1339 1841 1393 hoe

262 1442 410 1499 noris
432 1440 587 1510 plena
611 1452 698 1493 res
716 1436 831 1507 ipsa
855 1434 991 1503 apud
1009 1433 1250 1487 homines
1270 1439 1370 1494 est,
1394 1446 1498 1485 non
1529 1430 1687 1484 modo
1709 1428 1841 1493 ﬁde:

263 1536 372 1599 les,
403 1545 587 1586 verum
625 1529 785 1584 etiam
824 1525 1061 1581 infideles
1127 1524 1291 1594 ipsos.
1344 1521 1476 1576 Nam
1517 1531 1570 1577 et
1609 1537 1706 1593 ego
1746 1521 1844 1576 ali-

262 1622 473 1697 quando
497 1610 619 1677 cum
649 1633 822 1674 essem
859 1616 1058 1686 junior,
1089 1613 1294 1669 doctori
1336 1627 1455 1667 meo
1487 1611 1639 1684 (erat
1665 1622 1839 1667 autem

263 1718 348 1772 ille
387 1714 627 1769 omnium
668 1710 942 1765 hominum
989 1707 1219 1762 maxime
1260 1702 1696 1775 superstitiosus)
1722 1704 1840 1757 ani-

261 1805 518 1862 madverti
548 1811 768 1857 matrem
797 1814 969 1854 meam
1008 1796 1062 1852 in
1102 1795 1281 1851 multis
1310 1809 1552 1865 magnam
1582 1795 1841 1850 excitasse

262 1898 688 1953 admirationem.

336 1976 620 2043 Viduarum
644 1978 1085 2054 dignitas.—Nam
1112 1992 1231 2032 cum
1258 1990 1371 2043 eos,
1402 1978 1491 2046 qui
1516 1976 1614 2031 sibi
1641 1974 1843 2030 asside-

259 2078 405 2140 bant,
422 2090 574 2131 more
598 2088 695 2127 suo
717 2073 1112 2141 interrogasset,
1134 2067 1253 2138 quis
1270 2082 1333 2121 ac
1354 2067 1505 2136 cujus
1524 2081 1622 2137 ego
1642 2079 1837 2129 essem,

261 2187 325 2225 ac
352 2182 666 2237 responsum
694 2172 865 2231 esset,
898 2178 984 2218 me
1020 2162 1188 2215 vidua:
1218 2159 1456 2215 mulieris
1481 2174 1599 2213 esse
1630 2158 1792 2211 lilium
1818 2197 1834 2222 ,

259 2263 328 2317 de
364 2275 452 2315 me
476 2257 723 2329 quaesivit
746 2264 952 2310 aetatem
981 2253 1167 2308 matris
1186 2293 1201 2318 ,
1232 2261 1286 2307 et
1313 2250 1582 2305 viduitatis
1608 2257 1835 2319 tempus.

256 2353 386 2407 Cum
415 2352 651 2421 primum
678 2361 808 2402 vero
835 2345 1034 2399 audivit
1072 2342 1415 2413 quadraginta
1449 2355 1616 2395 annos
1658 2349 1837 2394 natam

252 2458 394 2509 esse,
425 2441 740 2512 vigesimum
762 2452 888 2492 vero
910 2436 1019 2506 jam
1049 2448 1247 2488 annum
1275 2432 1378 2502 agi,
1410 2447 1476 2486 ex
1501 2445 1606 2501 quo
1636 2438 1835 2500 patrem

254 2548 436 2590 meum
478 2529 756 2595 amiserit,
791 2525 1059 2595 obstupuit
1099 2524 1254 2594 plane
1278 2564 1294 2586 ,
1330 2529 1488 2591 atque
1522 2520 1588 2573 ad
1615 2533 1708 2575 eos
1746 2518 1836 2588 qui

252 2625 479 2680 aderant
496 2633 806 2684 conversus,
827 2617 969 2670 clara
994 2627 1123 2669 voce
1143 2611 1493 2669 exclamavit:
1512 2610 1689 2680 Papzc,
1710 2624 1840 2679 qua-

256 2718 337 2774 les
360 2715 622 2772 mulieres
648 2710 786 2781 apnd
810 2708 1142 2764 Christianos
1167 2704 1323 2759 sunt!
1353 2690 1518 2757 Tanta
1544 2716 1648 2755 non
1678 2699 1836 2754 modo

254 2808 394 2880 apud
422 2820 547 2871 nos,
576 2802 670 2859 sed
691 2801 847 2856 etiam
868 2797 1005 2868 apud
1033 2795 1258 2867 gentiles
1272 2792 1539 2848 viduitatis
1557 2791 1671 2844 laus
1685 2798 1765 2844 cst
1781 2797 1835 2844 et

261 2899 568 2956 admiratio.
585 2896 714 2965 Quae
725 2893 898 2948 omnia
916 2888 1258 2947 considerans
1276 2887 1455 2941 beatus
1469 2883 1662 2939 Paulus
1675 2881 1825 2947 dixit,

262 2993 431 3047 Vidua
456 2990 675 3060 eligatur
705 3002 804 3040 non
837 2984 1003 3037 minus
1029 2979 1287 3051 sexaginta
1310 2991 1557 3030 annorum
1580 2974 1599 3045 (
1624 2973 1674 3028 1.
1693 2971 1826 3026 Tim.

253 3086 308 3143 5.
334 3086 429 3153 9).
461 3082 650 3149 Neque
675 3091 803 3133 vero
831 3091 895 3130 ex
926 3075 1027 3127 hoc
1049 3071 1163 3126 solo
1183 3112 1197 3133 ,
1229 3068 1467 3137 quamvis
1494 3065 1639 3137 gravi
1667 3064 1837 3119 mtatis

257 3173 598 3234 testimonio,
622 3168 874 3224 continuo
902 3164 1026 3219 sinit
1054 3171 1112 3217 ut
1138 3162 1189 3215 in
1218 3173 1427 3215 sacrum
1459 3158 1596 3211 hunc
1624 3155 1836 3224 adlega-

257 3279 345 3321 tur
374 3265 603 3320 chornm
627 3277 643 3325 ;
675 3258 769 3314 sed
797 3257 898 3311 alia
925 3255 1069 3310 addit
1099 3254 1168 3307 ita
1196 3251 1433 3307 scribens
1467 3264 1482 3303 :
1515 3247 1580 3302 In
1609 3246 1837 3316 operibus

252 3358 396 3411 bonis
427 3351 766 3408 testimonium
790 3348 975 3402 habens
997 3387 1012 3413 ,
1039 3346 1083 3398 si
1110 3345 1243 3412 filios
1269 3342 1496 3396 educavit
1513 3381 1528 3404 ,
1554 3340 1597 3392 si
1623 3337 1838 3408 hospitio

255 3449 463 3519 recepit,
485 3447 530 3500 si
550 3452 835 3499 sanctorum
860 3439 1007 3510 pedes
1034 3437 1170 3502 lavit,
1194 3436 1239 3488 si
1259 3433 1623 3487 tribulationem
1643 3429 1841 3501 patien-

258 3543 389 3595 tibus
414 3535 833 3597 subministravit,
856 3533 900 3585 si
922 3546 1067 3585 omne
1086 3544 1212 3600 opus
1237 3526 1421 3580 bonum
1444 3524 1742 3593 subsequuta
1765 3528 1839 3575 est

260 3636 279 3701 (
310 3631 454 3685 Ibid.
484 3645 536 3682 υ.
571 3626 639 3681 10
660 3626 702 3693 ).
748 3624 792 3679 Ο
823 3621 1147 3692 diligentiam
1183 3627 1340 3688 atque
1363 3615 1753 3670 accurationem
1784 3613 1837 3666 in

258 3720 586 3794 probando!
630 3724 880 3786 quantam
921 3728 951 3766 a
986 3711 1141 3765 vidua
1183 3708 1404 3778 requirit
1446 3706 1695 3760 virtutem
1723 3744 1740 3769 ,
1780 3712 1836 3758 et

256 3828 416 3882 quam
443 3808 712 3864 subtiliter
730 3804 904 3860 omnia
925 3800 1288 3874 persequitur!
1315 3798 1450 3851 hanc
1477 3810 1606 3850 sane
1621 3808 1837 3864 operam

252 3920 367 3960 non
404 3910 738 3969 sumpturus,
766 3896 867 3951 nisi
908 3907 1097 3949 munus
1153 3888 1443 3945 honestatis
1486 3901 1548 3941 ac
1570 3885 1839 3955 dignitatis

258 3995 477 4065 plenum
506 3990 583 4046 illi
604 3986 984 4043 commissurus
1002 3982 1204 4036 fuisset.
1225 3982 1293 4034 At
1312 3992 1438 4032 vero
1456 3991 1575 4031 cum
1597 3975 1838 4040 dixisset,

259 4080 697 4139 Adolescentiores
729 4087 896 4130 autem
931 4074 1108 4127 viduas
1146 4071 1310 4125 devita
1334 4110 1349 4134 ,
1388 4081 1601 4121 causam
1631 4079 1841 4137 quoque

257 4173 500 4244 adjnugit
524 4190 539 4225 :
562 4168 687 4224 Cum
708 4168 835 4222 enim
857 4164 1125 4220 luxuriata:
1149 4161 1333 4232 fuerint
1350 4159 1403 4212 in
1423 4157 1640 4223 Christo,
1661 4157 1844 4209 nubere

258 4269 435 4320 volunt
463 4260 646 4332 (Ibid.
672 4275 721 4311 ι’.
746 4259 803 4311 ‘ll
838 4255 882 4328 ).
922 4255 1014 4309 llis
1039 4253 1179 4308 enim
1209 4250 1383 4305 verbis
1412 4248 1541 4303 illud
1578 4247 1730 4301 nobis
1765 4245 1842 4298 si-

262 4357 515 4427 gnificat,
547 4352 799 4407 mulieres
824 4364 940 4419 qua:
968 4350 1112 4402 viros
1139 4345 1431 4399 amiserunt
1455 4342 1508 4396 in
1534 4341 1738 4395 illorum
1765 4338 1847 4393 lo-

264 4466 383 4505 cum
413 4446 588 4518 aptari
615 4454 670 4499 et
693 4442 839 4513 jungi
864 4440 1093 4496 Christo.
1116 4438 1231 4504 Quo
1251 4445 1424 4491 autem
1446 4433 1688 4489 ostendat
1708 4431 1846 4486 hanc

264 4537 696 4608 conjunetionem
725 4546 843 4587 esse
858 4545 1071 4585 suavem
1095 4543 1158 4583 ac
1180 4527 1378 4592 lenem,
1396 4525 1516 4579 vide
1529 4523 1654 4594 quid
1669 4522 1809 4577 dicat
1827 4538 1843 4577 :

270 4638 393 4688 Cum
427 4633 562 4686 enim
591 4627 863 4683 luxuriatae
889 4624 1072 4696 fuerint
1094 4622 1150 4675 in
1174 4620 1371 4675 Christo
1395 4659 1409 4684 ,
1433 4619 1614 4672 nubere
1638 4616 1847 4670 volunt:

265 4723 416 4794 quasi
447 4720 515 4775 de
539 4719 656 4773 viro
681 4714 910 4786 quodam
950 4712 1055 4767 leni
1093 4727 1155 4766 ac
1191 4710 1355 4780 probo
1381 4708 1632 4777 loquens,
1655 4707 1848 4776 quique

272 4829 375 4868 non
398 4813 506 4867 illis
518 4825 640 4865 cum
660 4807 882 4878 imperio
898 4813 1094 4867 utatur,
1111 4802 1203 4858 sed
1225 4802 1465 4857 libertate
1482 4801 1596 4854 illas
1614 4800 1708 4853 frui
1728 4814 1847 4868 per—

272 4909 469 4963 mittat.
498 4903 612 4981 Nec
638 4918 767 4957 vero
785 4903 1041 4954 hactenus
1070 4897 1360 4949 orationem
1383 4892 1690 4963 produxisse
1720 4891 1850 4944 satis

270 5002 497 5065 habuit;
536 4996 631 5052 sed
661 5005 716 5050 et
745 4992 956 5048 aliunde
982 5005 1165 5045 rursus
1200 5003 1407 5055 magum
1442 4987 1539 5041 sibi
1565 4984 1680 5039 illas
1705 4999 1846 5038 curm

270 5106 389 5145 esse
415 5088 737 5151 declarzmt,
764 5085 838 5137 ita
865 5082 1100 5137 scribens
1134 5096 1148 5132 :
1180 5077 1313 5132 Nam
1339 5091 1450 5144 qua:
1471 5076 1522 5128 in
1541 5074 1730 5127 deliciis
1755 5081 1846 5139 est,

269 5185 437 5237 rirens
464 5189 662 5233 mortua
689 5189 795 5231 est:
815 5189 928 5243 qua
951 5188 1115 5225 autem
1146 5186 1256 5224 rere
1275 5168 1423 5221 vidua
1446 5177 1518 5222 est
1543 5176 1589 5220 et
1605 5167 1848 5229 desolata,

271 5275 493 5344 sperat-it
520 5272 575 5323 in
603 5268 763 5323 Deum
788 5309 803 5333 ,
842 5274 886 5319 et
912 5267 1062 5318 instat
1088 5259 1504 5316 obsecrationibus
1533 5268 1578 5312 et
1608 5254 1853 5310 orationi—

269 5368 362 5419 bus
390 5375 538 5419 nocte
566 5377 625 5413 ac
649 5360 731 5413 die
756 5356 928 5428 (Ibid.
955 5372 1002 5409 υ.
1023 5354 1075 5409 6.
1099 5354 1130 5408 5
1151 5352 1189 5417 ).
1219 5352 1286 5405 Ει
1311 5349 1376 5404 ad
1400 5348 1698 5404 Corinthios
1723 5347 1855 5399 scri—

273 5460 404 5512 bens
426 5454 621 5525 inquit,
643 5449 842 5504 Beattor
855 5458 1019 5502 autem
1038 5457 1150 5510 erit,
1166 5449 1205 5500 si
1225 5444 1298 5498 sic
1317 5439 1640 5513 permanserit
1657 5439 1701 5507 (l
1716 5438 1854 5491 .(Ior.

345 5589 361 5619 ¹
398 5593 497 5636 Hac
517 5584 583 5634 de
605 5595 662 5633 re
687 5580 795 5632 vide
817 5592 963 5644 supra
993 5580 1139 5630 Vitam
1162 5576 1481 5642 Chrysostomi
1506 5584 1535 5622 a
1552 5572 1689 5621 nobis
1718 5570 1860 5619 ador-

278 5656 465 5699 natant.

1505 232 1596 287 AD
1634 228 1893 287 VlDUAM
1930 225 2292 289 JUNlOREM.

3416 240 3516 297 θος

1953 345 2004 399 7.
2033 346 2102 401 40
2122 347 2166 418 ).
2196 346 2354 402 Vides
2380 358 2579 418 quanta
2620 348 2885 405 viduitatis
2911 364 3148 406 encomia
3170 393 3182 415 ,
3211 364 3369 423 atque
3408 354 3520 411 haec

1949 438 2158 505 quidem
2190 438 2244 493 iu
2274 454 2410 493 nova
2436 439 2553 509 lege
2575 481 2590 503 ,
2629 440 2840 510 quando
2873 441 2982 512 jam
3021 443 3333 512 virginitatis
3359 445 3525 501 decus

1947 542 2284 597 summopere
2303 531 2555 585 emicuit?
2577 530 2949 587 Verumtamen
2978 548 3146 603 neque
3167 534 3322 603 hujus
3346 535 3524 605 spleno

1947 617 2045 672 dor
2073 619 2338 674 viduitatis
2366 621 2653 675 luminibus
2690 622 2904 678 ofﬁcere
2945 625 3155 692 potuit,
3195 625 3289 679 sed
3317 634 3374 681 et
3409 627 3522 695 ipsa

1948 708 2124 763 elucet
2157 708 2331 763 adhuc
2368 724 2514 764 suam
2546 710 2746 766 habens
2775 716 3045 771 virtutem.
3075 712 3524 785 Quotiescumque

1948 796 2107 866 igitur
2132 797 2270 853 inter
2288 798 2568 855 dicendum
2597 800 2861 855 viduitatis
2891 802 3211 857 mentionem
3242 803 3518 869 faciemus,

1948 902 2015 943 ne
2033 888 2212 942 animo
2239 888 2516 956 concidas,
2550 904 2649 944 nec
2670 906 2783 945 rem
2811 900 3017 961 turpem
3044 891 3322 947 existimes
3349 910 3363 947 :
3395 910 3517 949 nam

1947 981 1991 1035 si
2021 981 2245 1035 viduitas
2280 982 2479 1050 turpis,
2520 982 2686 1036 multo
2715 983 2919 1051 turpior
2947 982 3236 1052 virginitas.
3268 983 3373 1040 Sed
3410 1001 3519 1041 non

1947 1070 2017 1124 ita
2059 1085 2117 1125 se
2157 1085 2243 1125 res
2287 1069 2479 1135 habet;
2510 1070 2666 1126 absit.
2691 1070 2913 1136 Quando
2940 1071 3081 1127 enim
3105 1087 3216 1140 eas,
3247 1088 3365 1142 qua:
3388 1075 3517 1130 viris

1946 1162 2120 1218 adhuc
2145 1164 2512 1234 superstitibus
2541 1163 2922 1218 continentiam
2951 1172 3185 1231 servant,
3214 1179 3398 1220 omnes
3423 1167 3515 1220 ad-

1947 1254 2203 1308 miranmr
2237 1263 2290 1333 et
2328 1253 2759 1310 commendamus
2779 1295 2796 1322 ,
2827 1269 2922 1308 cur
2959 1269 3063 1309 non
3103 1269 3222 1319 eas,
3250 1272 3367 1327 qua:
3396 1266 3513 1326 post

1947 1347 2179 1401 virorum
2201 1345 2402 1400 obitum
2423 1345 2664 1400 eamdem
2683 1345 2787 1400 illis
2805 1345 3226 1401 benevolentiam
3244 1359 3512 1417 priestant,

1947 1436 2192 1491 laudibus
2218 1444 2273 1492 et
2297 1435 2643 1492 admiratione
2681 1438 3099 1507 prosequamur?
3131 1437 3306 1493 Donec
3333 1438 3512 1507 igitur,

1947 1524 2389 1595 quemadmodum
2417 1525 2658 1580 dicebam
2687 1565 2702 1591 ,
2747 1540 2868 1580 cum
2907 1525 3065 1580 beato
3094 1524 3349 1581 Therasio
3374 1526 3520 1581 vive-

1946 1615 2040 1670 bas
2059 1658 2072 1679 ,
2104 1631 2225 1670 eum
2254 1616 2339 1670 ille
2371 1615 2462 1670 tibi
2491 1614 2748 1670 honorem
2775 1623 3090 1685 tuorumque
3114 1616 3514 1672 commodorum

1946 1706 2177 1761 studium
2194 1707 2450 1775 prmstitit,
2473 1705 2767 1777 cujusmodi
2786 1720 2817 1760 a
2840 1706 2952 1761 viro
2968 1706 3322 1775 exspectanda
3341 1717 3513 1763 erant.

1945 1798 2097 1854 Nunc
2146 1808 2322 1853 autem
2377 1799 2516 1854 illius
2569 1798 2686 1853 loco
2738 1798 2899 1854 babes
2948 1800 3226 1854 Dominum
3278 1801 3515 1857 omnium

1946 1892 2111 1946 Deum
2137 1932 2149 1955 ,
2184 1891 2271 1961 qui
2307 1906 2426 1946 cum
2468 1898 2623 1946 antea
2654 1890 2748 1945 tibi
2786 1890 2954 1956 atl‘uit,
2983 1900 3093 1946 tum
3120 1907 3248 1947 vero
3284 1893 3335 1949 id
3377 1909 3516 1952 nunc

1945 1983 2114 2036 multo
2144 1982 2433 2051 impensius
2460 1997 2522 2036 ac
2549 1981 2865 2037 cumulatius
2910 1982 3085 2037 faciet.
3129 1984 3290 2054 Atqui
3335 1986 3514 2054 provi—

1944 2076 2134 2130 dentiae
2161 2076 2323 2145 ipsius
2347 2091 2451 2129 non
2475 2075 2772 2141 minimum,
2794 2075 3235 2143 quemadmodum
3256 2084 3415 2132 antea
3437 2077 3516 2132 di-

1943 2166 2126 2222 cebam
2157 2208 2172 2230 ,
2218 2166 2468 2220 iudicium
2513 2167 2622 2236 jam
2667 2166 2818 2221 nobis
2854 2165 3001 2220 dedit
3038 2166 3090 2220 in
3129 2166 3230 2222 hoc
3265 2182 3517 2225 curarum

1942 2268 2098 2328 atque
2124 2258 2324 2313 doloris
2354 2256 2601 2312 inccndio
2634 2258 2949 2312 incolumem
2998 2266 3048 2311 te
3091 2265 3347 2327 praestans
3368 2298 3385 2322 ,
3416 2273 3515 2313 nec

1943 2349 2257 2420 permittens
2285 2357 2340 2403 ut
2373 2347 2657 2419 quidquam
2689 2347 2866 2402 damni
2903 2348 3174 2416 patereris.
3202 2347 3299 2415 Qui
3334 2356 3514 2403 autem

1945 2450 2085 2497 tanta
2118 2441 2446 2512 tempestatis
2470 2441 2519 2494 vi
2551 2441 2887 2513 incumbente
2908 2440 3235 2509 naufragium
3266 2439 3379 2494 fieri
3409 2440 3512 2494 mi-

1944 2535 2085 2588 nime
2115 2532 2387 2603 permisit,
2423 2531 2588 2585 multo
2614 2531 2780 2601 magis
2807 2530 3089 2598 tranquillo
3120 2529 3228 2598 jam
3260 2529 3395 2585 mari
3417 2545 3514 2585 cu-

1943 2623 2141 2679 stodiet
2175 2622 2406 2677 animam
2439 2630 2613 2685 tuam,
2658 2629 2712 2675 et
2753 2619 2923 2674 levem
2972 2618 3157 2674 reddet
3182 2618 3511 2687 viduitatem,

1942 2724 2102 2783 atque
2126 2708 2187 2768 ea
2216 2728 2333 2783 qua:
2357 2727 2423 2767 ex
2451 2711 2562 2781 ipsa
2591 2710 2718 2765 oriri
2743 2709 2990 2764 videntur
3013 2709 3175 2763 mala.

2015 2806 2070 2860 5.
2101 2803 2329 2858 Tlterasii
2354 2803 2486 2857 laus.
2525 2832 2597 2843 —
2621 2801 2773 2870 Quod
2812 2802 2856 2856 si
2884 2815 2988 2856 non
3024 2800 3292 2856 viduitatis
3321 2815 3514 2857 nomen

1945 2905 1997 2951 te
2043 2895 2355 2960 discruciat,
2403 2893 2499 2949 sed
2546 2894 2667 2949 talis
2698 2893 2799 2948 viri
2825 2893 3050 2963 jactura,
3092 2907 3190 2963 ego
3227 2893 3385 2947 etiam
3422 2893 3514 2947 tibi
3580 2898 3597 2911 ‘

1943 2987 2103 3059 plane
2143 2984 2443 3051 assentior,
2484 2986 2537 3038 in
2580 2992 2693 3039 toto
2732 2991 2991 3038 terrarum
3038 2982 3168 3037 orbe
3206 2997 3403 3051 paucos
3448 2999 3516 3038 ex

1944 3079 2073 3134 viris
2110 3076 2453 3133 saecularibus
2489 3077 2753 3132 exstitisse
2780 3076 2880 3130 viri
2919 3076 2995 3130 tui
3021 3074 3222 3130 similes
3249 3083 3392 3129 tanta
3417 3074 3516 3129 bu-

1945 3170 2218 3233 manitate,
2232 3167 2514 3239 probitate,
2541 3165 2819 3231 modestia,
2837 3165 3158 3228 sinceritate,
3178 3164 3453 3234 prudentia
3471 3165 3512 3231 ⁸,

1947 3260 2144 3331 pietate
2161 3258 2435 3331 praeditos.
2458 3258 2675 3323 Verum,
2695 3257 2740 3312 si
2764 3256 2977 3328 quidem
2997 3256 3206 3328 penitus
3228 3255 3516 3311 interiisset

1945 3361 2107 3423 atque
2136 3352 2189 3406 in
2233 3350 2453 3405 nihilum
2492 3350 2730 3418 abiisset,
2774 3349 3106 3406 intuendum
3142 3364 3206 3405 ac
3230 3348 3514 3404 dolendum

1947 3453 2096 3508 erat;
2119 3445 2201 3499 sin
2232 3453 2408 3499 autem
2442 3442 2508 3498 ad
2533 3443 2768 3513 quietum
2809 3442 3180 3513 placidumque
3206 3441 3410 3496 delatus
3435 3452 3518 3495 eSt

1947 3544 2181 3608 portum,
2226 3544 2386 3606 atque
2424 3534 2491 3588 ad
2516 3549 2674 3589 suum
2715 3549 2843 3588 vere
2884 3532 3081 3603 Regem
3121 3530 3386 3601 profectus
3414 3539 3517 3592 est,

1948 3629 2124 3684 nullus
2152 3628 2237 3682 hic
2257 3626 2526 3698 lacrymis,
2548 3624 2641 3679 sed
2662 3625 2853 3679 lmtitiae
2875 3625 3023 3679 locus
3046 3632 3147 3678 est.
3174 3622 3382 3677 Etenim
3404 3621 3521 3677 haec

1949 3733 2092 3772 mors
2121 3706 2225 3771 non
2252 3726 2334 3771 est
2359 3731 2521 3780 mors,
2545 3715 2638 3769 sed
2657 3714 2900 3785 migratio
2928 3724 2991 3767 ac
3018 3711 3268 3766 domicilii
3299 3711 3519 3765 mutatio

1947 3824 1978 3864 a
2004 3807 2355 3864 deterioribus
2386 3805 2453 3860 ad
2492 3805 2741 3868 meliora,
2770 3819 2801 3856 a
2836 3815 2972 3858 terra
2996 3801 3060 3856 ad
3086 3801 3293 3865 caelum,
3323 3800 3389 3854 ab
3419 3800 3520 3854 ho-

1950 3898 2181 3954 minibus
2208 3897 2271 3951 ad
2301 3896 2516 3967 angelos
2541 3906 2593 3950 et
2623 3893 2987 3964 archangelos,
3012 3901 3167 3961 atque
3193 3890 3325 3945 adeo
3349 3891 3519 3960 ipsum

1948 3989 2254 4060 angelorum
2315 3995 2368 4042 et
2413 3983 2851 4055 archangelorum
2898 3982 3199 4036 Dominum.
3251 3980 3381 4034 Nam
3436 3980 3522 4032 hic

1949 4080 2161 4149 quidem
2205 4077 2328 4133 dum
2377 4077 2429 4131 in
2472 4077 2627 4131 terris
2674 4072 2979 4142 lmpcratori
3023 4071 3305 4134 militabat,
3357 4068 3518 4123 multa

1952 4167 2476 4238 erantexspectanda
2517 4165 2854 4228 discrimina,
2886 4163 3062 4217 multa:
3102 4161 3169 4216 ab
3209 4161 3401 4214 invidis
3437 4160 3519 4211 in-

1951 4261 2120 4315 sidiae.
2159 4259 2275 4327 Quo
2321 4260 2461 4312 enim
2508 4256 2675 4318 magis
2715 4253 2859 4309 illius
2902 4251 3220 4307 existimatio
3255 4259 3308 4305 et
3356 4249 3520 4319 gloria

1954 4352 2271 4421 augebatur,
2298 4363 2365 4403 eo
2406 4348 2583 4417 plures
2627 4347 2675 4398 in
2723 4345 2891 4413 ipsum
2934 4341 3298 4397 excitabantur
3344 4339 3521 4393 inimi-

1954 4444 2111 4499 citizr.
2145 4441 2255 4494 Illic
2281 4450 2455 4494 autem
2487 4436 2722 4507 profecto
2746 4434 2874 4489 nihil
2899 4432 3158 4503 ejusmodi
3184 4430 3522 4486 metuemlum

1955 4543 2055 4589 est.
2087 4532 2441 4601 Quamobrem
2478 4538 2731 4599 quantmn
2772 4527 2937 4596 luges,
2969 4537 3072 4579 tam
3097 4524 3433 4578 commodum
3462 4537 3527 4577 ac

1956 4626 2151 4680 bonum
2171 4622 2376 4692 jnssum
2408 4635 2525 4675 esse
2553 4619 2620 4674 ad
2642 4612 2806 4673 Deum
2831 4617 2928 4682 ire,
2957 4622 3155 4670 tantum
3181 4614 3344 4668 laetari
3370 4628 3529 4682 Opor-

1958 4727 2034 4775 tet
2091 4714 2231 4788 quod
2258 4728 2444 4784 magna
2483 4726 2602 4765 cum
2630 4709 2913 4764 securitate
2939 4715 2993 4761 et
3029 4703 3193 4776 gloria
3226 4703 3547 4773 profectus”

1958 4821 2013 4866 et
2039 4826 2066 4864 a
2098 4807 2449 4879 periculorum
2486 4818 2605 4872 qum
2635 4801 2721 4853 hic
2765 4797 3107 4853 imminebant
3145 4793 3369 4849 tumultu
3394 4793 3529 4847 liber

1960 4904 2011 4957 in
2041 4916 2168 4969 pace
2190 4909 2242 4953 et
2271 4897 2447 4966 quiete
2483 4893 2645 4947 multa
2676 4891 2847 4961 degat.
2878 4888 3047 4955 Quam
3076 4886 3217 4940 enim
3240 4883 3545 4940 absurdum.

1961 5000 2043 5047 est
2068 4991 2218 5045 fateri
2248 4986 2459 5058 quidem
2488 4984 2674 5039 cazlum
2703 4991 2840 5036 terra
2880 4981 3036 5047 longe
3074 4977 3261 5032 melius
3289 4990 3407 5031 esse
3425 5014 3441 5039 ,
3467 4990 3532 5028 ac

1963 5094 2138 5138 tamen
2164 5096 2277 5146 eos,
2306 5078 2392 5148 qui
2423 5077 2544 5130 hinc
2569 5089 2633 5129 eo
2661 5080 3044 5137 commearent,
3074 5069 3218 5123 luctu
3239 5065 3532 5137 prosequi?

2035 5174 2110 5227 De
2143 5172 2406 5243 probarunt
2450 5168 2585 5220 obitu
2619 5163 2957 5236 gaudendum.
2985 5190 3058 5202 -—-
3086 5160 3217 5214 Nam
3259 5157 3304 5211 si
3348 5156 3533 5211 beatus

1964 5266 2064 5321 iste
2087 5282 2153 5318 ex
2182 5265 2388 5317 illorum
2421 5259 2689 5313 hominum
2719 5270 2937 5310 numero
2970 5253 3171 5315 fuisset,
3192 5250 3282 5321 qui
3311 5256 3535 5318 turpiter

1965 5376 2023 5411 ac
2059 5360 2163 5411 Deo
2190 5354 2405 5408 minime
2434 5351 2636 5420 probati
2666 5350 2933 5412 vixerunt,
2968 5343 3201 5413 profecto
3225 5355 3329 5396 non
3359 5340 3533 5393 solum

1967 5458 2203 5503 ttmt‘iltus
2223 5486 2236 5508 ,
2265 5443 2357 5498 sed
2386 5445 2546 5497 etiam
2578 5442 2757 5495 vivens
2787 5439 2911 5492 fletu
2952 5431 3350 5506 prosequendos
3375 5437 3489 5484 erat
3522 5444 3536 5479 :

2033 5564 2046 5593 ι
2083 5561 2153 5608 sic
2191 5556 2318 5605 (ἴση).
2356 5563 2407 5605 et
2456 5554 2626 5616 δειγηά
2660 5555 2706 5603 in
2742 5547 2904 5607 alorci,
2948 5555 3066 5610 tunc,
3091 5544 3383 5601 sinceritate.
3418 5553 3536 5600 pru—

1976 5625 2155 5681 denttu,
2178 5620 2373 5670 desunt.
