4056 6208
443 312 547 368 εστ»

444 439 586 481 nunc
625 439 774 491 vero,
806 422 1019 494 quando
1043 429 1098 477 et
1131 421 1245 491 ipse
1274 435 1409 475 unus
1455 434 1519 475 ex
1568 418 1665 474 Dei
1693 418 1877 473 amicis
1915 427 2017 483 est,

443 532 552 572 non
597 518 769 572 solum
816 515 1045 579 viventi,
1089 512 1183 567 sed
1225 513 1383 567 etiam
1421 525 1669 566 somnum
1706 527 1859 565 suum
1897 511 2023 566 dor-

443 609 630 665 mienti
653 607 1023 679 gratulandum
1051 595 1154 660 est.
1178 603 1384 658 Audisti
1410 618 1540 658 sane
1565 619 1628 658 ex
1659 603 1814 658 beato
1835 603 2018 668 Paulo,

407 763 409 766 ,
442 700 740 757 faciendum
771 699 873 753 hoc
902 712 1041 761 esse,
1066 710 1187 750 cum
1216 695 1283 748 ita
1315 694 1539 758 diceret,
1572 693 1746 765 Longe
1771 694 1927 748 satius
1949 703 2021 747 est

441 792 670 858 dissolvi,
697 801 744 846 et
771 807 877 846 esse
903 807 1015 844 cum
1050 789 1246 842 Christo
1285 787 1538 858 (Philipp.
1569 787 1619 840 l.
1651 783 1764 857 25).
1791 785 1860 839 At
1886 783 2022 839 forte

441 900 601 941 voces
643 884 786 939 illius
822 884 1006 938 audire
1049 883 1200 954 cupis
1241 867 1438 953 tuoque
1485 895 1608 952 erga
1648 879 1794 933 illum
1839 892 2021 932 amore

441 978 568 1047 frui,
597 987 651 1034 et
675 976 1114 1033 consuetudinem
1151 975 1380 1047 requiris
1407 983 1462 1029 et
1497 973 1738 1043 gloriam,
1768 969 2021 1042 splendo-

440 1087 577 1138 rem,
604 1071 789 1138 decus,
817 1070 1158 1126 securitatem
1177 1108 1193 1134 ,
1221 1083 1341 1138 qua:
1379 1066 1446 1121 ab
1472 1065 1562 1118 illo
1588 1065 1641 1118 in
1671 1072 1721 1118 te
1754 1061 2021 1117 redunda-

439 1167 584 1230 bant,
612 1173 772 1235 atque
794 1163 909 1218 lucc
927 1161 1105 1217 omnia
1131 1160 1352 1230 periisse
1377 1173 1518 1227 aegre
1545 1156 1672 1222 fers,
1695 1163 1750 1210 et
1767 1154 1920 1224 quasi
1947 1161 2024 1209 te-

440 1257 636 1311 nebras
664 1254 959 1309 mentitum
982 1251 1183 1308 ollundi
1211 1248 1397 1306 sentis.
1421 1247 1617 1302 Verum
1648 1256 1792 1301 tuam
1811 1244 2021 1316 quidem

441 1362 568 1416 erga
614 1347 760 1400 illum
807 1341 1095 1399 amicitiam
1139 1354 1293 1410 teque
1337 1339 1432 1393 tibi
1485 1351 1627 1392 nunc
1671 1345 1829 1406 atque
1866 1345 2022 1390 antea

439 1439 577 1493 tueri
607 1439 749 1494 licet.

511 1530 710 1586 Caritas
755 1538 805 1585 et
859 1543 1018 1600 prope
1043 1536 1091 1582 et
1130 1527 1278 1598 longe
1313 1525 1512 1596 positos
1552 1522 1911 1593 complectitur.
1951 1550 2024 1563 --

440 1624 584 1680 Talis
610 1623 751 1679 enim
774 1631 857 1678 est
871 1620 1110 1677 caritatis
1136 1618 1402 1690 potentia;
1421 1631 1527 1672 non
1545 1615 1716 1671 solum
1735 1623 2023 1686 prtesentes

441 1731 505 1772 ac
551 1716 842 1787 proximos,
893 1714 1090 1784 quique
1116 1711 1186 1766 ob
1228 1709 1413 1766 oculos
1447 1716 1764 1778 versantur,
1796 1705 1891 1761 sed
1930 1721 2024 1763 eos

386 1796 398 1806 ’
440 1807 602 1862 etiam
645 1805 735 1875 qui
776 1805 932 1874 longe
978 1802 1172 1857 absunt
1210 1799 1615 1870 complectitur,
1661 1795 2020 1868 conglutinat,

440 1897 753 1968 conjungit:
799 1909 862 1950 ac
905 1908 1078 1965 neque
1127 1891 1385 1962 temporis
1427 1888 1813 1959 longinquitas,
1851 1899 2024 1956 neque

439 1991 676 2045 locorum
717 1987 1018 2050 intervalla,
1055 1999 1228 2057 neque
1251 1982 1394 2038 aliud
1439 1972 1844 2052 hujusgeneris
1871 1977 2024 2049 quid-

439 2096 598 2151 quam
627 2079 875 2150 frangere
899 2093 964 2133 ac
990 2075 1292 2132 discindere
1311 2074 1502 2128 anima:
1522 2071 1806 2127 amicitiam
1827 2076 2021 2139 potest.

437 2171 590 2239 Quod
618 2171 661 2225 si
692 2183 930 2240 pra-scus
959 2177 1280 2238 prtesentem
1316 2165 1512 2220 intueri
1539 2163 1689 2234 cupis
1714 2162 1847 2232 (non
1879 2161 2022 2216 enim

439 2281 527 2319 tne
549 2264 680 2333 fugit
709 2262 761 2316 id
792 2261 886 2317 tibi
935 2275 1056 2317 esse
1095 2259 1326 2314 maxime
1352 2257 1403 2312 in
1443 2255 1684 2327 optatis),
1710 2251 1918 2308 custodi
1945 2251 2024 2307 illi

437 2350 632 2405 lectum
660 2346 814 2402 alteri
843 2347 959 2401 viro
990 2345 1210 2400 minime
1237 2343 1502 2414 pervium,
1545 2339 1792 2396 incumbe
1821 2338 1874 2392 in
1904 2352 2023 2394 eam

437 2456 642 2504 curam,
665 2448 723 2492 ut
752 2438 937 2493 eadem
960 2437 1012 2491 in
1041 2446 1093 2491 te
1113 2445 1272 2506 atque
1294 2435 1347 2488 in
1380 2432 1473 2488 illo
1493 2433 1614 2486 vita:
1643 2429 1878 2501 probitas
1905 2427 2022 2483 elu-
2051 2439 2054 2441 λ

436 2542 578 2596 ceat,
606 2547 668 2587 ac
692 2531 810 2586 sine
845 2529 1008 2585 dubio
1047 2528 1114 2582 ad
1143 2525 1389 2582 eumdem
1427 2539 1548 2579 cum
1591 2523 1706 2592 ipso
1740 2519 2022 2592 pervenies

435 2625 695 2690 chorum,
735 2630 893 2690 atque
934 2633 1037 2673 una
1083 2633 1204 2673 cum
1249 2631 1316 2671 eo
1357 2614 1620 2669 habitabis
1647 2627 1752 2666 non
1791 2611 2024 2681 quinque

437 2730 628 2780 annos,
660 2710 1107 2784 quemadmodum
1134 2708 1241 2774 hic,
1272 2722 1377 2761 non
1401 2705 1607 2776 viginti,
1635 2719 1743 2758 non
1769 2711 2009 2766 centum,

438 2823 544 2861 non
577 2805 744 2871 mille,
771 2811 863 2858 aut
889 2802 970 2858 bis
1003 2799 1172 2865 mille,
1203 2807 1295 2852 aut
1316 2797 1500 2852 decem
1532 2795 1716 2859 millia,
1738 2803 1829 2847 aut
1855 2792 2020 2846 multo

435 2899 638 2970 plures,
669 2894 762 2950 sed
802 2893 1005 2948 infinita
1032 2890 1246 2947 sarcula.
1292 2887 1559 2959 Regiones
1600 2886 1742 2940 enim
1786 2885 1903 2940 illas
1931 2899 2019 2938 re-

436 2991 578 3060 quiei
605 2989 884 3059 deputatas
913 3000 1021 3041 non
1059 2997 1331 3054 corporea:
1360 2981 1705 3050 cognationes
1723 3019 1738 3043 ,
1767 2977 1868 3032 sed
1901 2977 2021 3030 vita:

436 3080 732 3136 similitudo
758 3076 1042 3134 obtinebit.
1070 3075 1200 3130 Nam
1229 3073 1272 3127 si
1298 3071 1484 3127 eadem
1525 3079 1768 3139 suscepta
1808 3066 2019 3122 vivendi

437 3172 576 3228 ratio
604 3171 865 3226 Lazarum
908 3166 1137 3222 Abraha:
1184 3165 1420 3236 ignotum
1449 3162 1502 3216 in
1542 3165 1716 3216 sinum
1755 3160 1894 3215 illius
1921 3159 2017 3213 ad-

436 3265 586 3318 duxit
629 3263 928 3332 multosque
970 3259 1095 3314 facit
1132 3257 1199 3312 ab
1228 3257 1446 3312 Oriente
1485 3263 1540 3309 et
1565 3254 1852 3308 Occidente
1897 3267 2019 3306 cum

437 3355 529 3409 illo
557 3353 871 3409 recumbere
890 3391 906 3416 ,
948 3348 1189 3420 profecto
1217 3357 1268 3402 te
1293 3360 1506 3416 quoque
1529 3360 1630 3398 una
1667 3358 1789 3398 cum
1817 3346 2019 3412 optimo

437 3444 694 3501 Therasio
717 3444 864 3510 locus
891 3440 1083 3511 quietis
1112 3438 1367 3506 excipiet,
1397 3437 1441 3490 si
1470 3435 1710 3489 eamdem
1742 3446 1902 3503 atque
1929 3433 2019 3488 ille

436 3540 616 3595 colere
656 3535 889 3590 volueris
923 3532 1118 3598 vitam,
1160 3539 1389 3600 tuncque
1430 3529 1603 3597 ipsum
1644 3542 1748 3581 non
1790 3542 1910 3580 cum
1955 3541 2018 3581 ea

436 3629 678 3699 corporis
721 3625 1148 3697 pulchritudine,
1178 3637 1280 3690 qua
1327 3620 1583 3692 prteditus
1628 3619 1795 3684 abiit,
1827 3620 2017 3674 iterum

438 3722 702 3790 recipies,
748 3718 844 3773 sed
880 3732 1000 3771 cum
1047 3716 1154 3769 alio
1193 3713 1422 3785 quodam
1463 3711 1780 3782 splendore,
1825 3726 1889 3766 ac
1930 3726 2021 3765 ve-

440 3823 669 3879 nustate,
697 3827 815 3881 qua:
845 3811 988 3880 ipsos
1013 3808 1144 3864 solis
1168 3807 1347 3861 radios
1384 3804 1588 3875 fulgore
1619 3803 1811 3858 vincat.

517 3905 720 3971 Quanta
737 3903 799 3955 sit
817 3905 992 3973 futura
1002 3899 1164 3971 gloria
1176 3912 1442 3967 corporum
1462 3897 1514 3949 in
1537 3895 1707 3948 beatis.
1725 3923 1796 3934 ——
1810 3893 2016 3947 Etenim

441 3997 544 4052 hoc
583 3996 795 4066 quidem
839 4008 1066 4062 corpus,
1101 3991 1261 4045 etiam
1305 3988 1352 4042 si
1376 3987 1442 4041 ad
1481 4001 1748 4040 summum
1784 3985 2019 4055 pulchri-

442 4090 639 4144 tudinis
663 4087 883 4158 gradum
914 4083 1249 4155 pervenerit,
1279 4079 1503 4134 mortale
1545 4087 1720 4131 tamen
1752 4085 1870 4140 est;
1901 4089 2020 4128 cor-

439 4196 568 4250 pora
599 4189 773 4234 autem
801 4192 1006 4242 eorum,
1038 4175 1127 4245 qui
1169 4174 1277 4227 Deo
1305 4173 1645 4242 placuerunt,
1689 4178 1888 4222 tantam
1935 4167 2019 4220 in-

441 4276 607 4330 duent
633 4273 874 4344 gloriam,
907 4279 1158 4341 quantam
1190 4282 1255 4321 nc
1280 4267 1470 4320 intueri
1501 4263 1713 4333 quidem
1742 4261 1826 4315 bis
1851 4261 2018 4317 oculis

440 4368 582 4421 licet.
629 4368 802 4435 Atque
849 4362 1035 4416 harum
1087 4359 1298 4432 quidem
1352 4373 1531 4412 rerum
1581 4356 1729 4424 signa
1779 4353 2020 4424 qnmdam

438 4469 598 4529 atque
619 4461 843 4512 obscura
877 4458 1095 4527 vestigia
1141 4466 1193 4508 et
1222 4456 1275 4509 in
1313 4453 1505 4508 Vetete
1554 4461 1608 4507 et
1650 4452 1701 4505 in
1737 4451 1884 4505 Novo
1915 4451 2013 4505 Te-

440 4560 705 4606 stamento
732 4550 884 4604 nobis
913 4549 1144 4602 ostendit
1165 4548 1328 4602 Deus.
1351 4546 1482 4600 Nam
1501 4547 1606 4600 illic
1628 4545 1840 4614 quidem
1863 4545 2022 4599 Mosis

441 4644 606 4698 facies
634 4652 776 4696 tanta
805 4640 1041 4709 fulgebat
1069 4639 1256 4708 gloria,
1291 4648 1349 4690 ut
1373 4652 1490 4691 eam
1505 4637 1646 4690 oeuli
1663 4635 2020 4689 lsmelitarum

441 4735 584 4789 ferre
633 4733 848 4787 minime
893 4737 1136 4801 possent;
1185 4729 1236 4781 in
1279 4728 1426 4782 Novo
1455 4737 1629 4780 autem
1661 4730 1816 4796 longe
1854 4728 2022 4795 magis

441 4828 587 4881 fulsit
616 4824 809 4880 Christi
850 4822 1030 4877 facies.
1057 4822 1251 4889 Qua-ro
1287 4821 1445 4890 igitur
1489 4836 1553 4873 ex
1597 4830 1646 4873 te
1666 4861 1680 4882 ,
1705 4819 1749 4872 si
1779 4820 1900 4888 quis
1928 4819 2020 4872 tibi

443 4917 708 4988 pollicitus
737 4923 882 4971 esset
909 4913 958 4968 ei
982 4929 1041 4968 se
1069 4913 1227 4966 totius
1255 4912 1400 4966 Orbis
1430 4925 1652 4980 regnum
1679 4910 2016 4976 traditurum,

444 5010 539 5065 sed
566 5009 636 5064 ob
669 5011 803 5062 hanc
833 5019 1047 5062 causam
1087 5005 1335 5076 jussisset
1375 5002 1555 5072 viginti
1589 5003 1732 5072 ipsos
1769 5018 1938 5056 annos
1973 5013 2022 5058 te

443 5101 694 5156 secedere
714 5141 728 5164 ,
763 5107 921 5168 atque
958 5097 1024 5151 iis
1055 5097 1336 5150 transactis
1373 5093 1672 5148 diademate
1700 5107 1764 5148 ac
1789 5108 2022 5162 purpura

443 5205 688 5250 ornatum
727 5208 848 5249 eum
877 5191 968 5276 tily
1013 5189 1328 5243 traditurum
1371 5187 1738 5258 promisisset,
1780 5194 1939 5255 teque
1969 5188 2020 5240 in

442 5285 630 5340 eodem
681 5293 839 5354 atque
887 5282 1034 5336 illum
1088 5279 1306 5334 honoris
1358 5278 1525 5349 gradu
1573 5279 1953 5332 collocaturum
2005 5293 2020 5330 :

445 5391 623 5431 nonne
649 5374 1005 5436 secessionem
1027 5373 1178 5425 istam
1201 5385 1354 5440 teqno
1381 5370 1560 5424 animo
1583 5379 1636 5424 et
1656 5385 1716 5423 ea
1743 5385 1844 5439 qua
1870 5368 2027 5422 decet

444 5467 768 5522 continentia
797 5465 1044 5521 tulisses?
1074 5478 1253 5519 nonne
1281 5477 1474 5517 munus
1501 5463 1810 5532 prteclarum
1832 5502 1848 5528 ,
1879 5477 2024 5516 rem-

445 5576 551 5628 que
596 5559 843 5613 omnibus
891 5559 1027 5613 votis
1075 5555 1358 5626 optandam
1411 5553 1706 5609 duxisses?
1756 5553 2025 5608 Patienter

446 5651 593 5704 feras
620 5651 778 5720 igitur
811 5659 866 5704 et
891 5666 1030 5703 nunc
1071 5663 1176 5703 non
1220 5646 1368 5717 regni
1398 5646 1626 5712 terreni,
1670 5644 1763 5700 sed
1794 5645 2024 5700 caelestis

446 5757 636 5814 causa;
670 5759 772 5800 non
821 5751 875 5800 ut
921 5750 1069 5796 veste
1120 5755 1314 5808 aurea,
1366 5737 1460 5795 scd
1490 5738 1889 5794 immortalitate
1937 5737 2020 5795 in-

1626 6012 1642 6038 I

1188 307 1243 362 S.
1283 305 1560 364 JOANNIS
1597 302 2072 361 CIIRYSOSTOMI
2098 304 2416 360 ARCHIEP.
2455 304 2983 363 CONSTANTINOP.

2128 417 2313 472 dutum
2341 419 2566 490 recipias
2584 429 2639 475 et
2662 419 2828 491 gloria
2855 463 2870 489 ,
2897 430 3149 493 quantum
3181 437 3294 488 eos,
3327 425 3416 495 qui
3458 426 3512 480 in
3553 429 3699 484 etelis

2126 510 2344 581 degunt,
2370 512 2564 568 habere
2592 525 3009 571 consentaneum
3039 524 3144 571 est.
3175 515 3328 584 Quod
3356 518 3399 572 si
3427 519 3578 574 valde
3609 521 3701 575 tibi

2128 602 2458 658 intoleranda
2510 605 2720 660 videtur
2786 607 3041 676 temporis
3093 607 3453 677 diuturnitas,
3513 612 3702 666 verisi-

2127 694 2252 750 mile
2280 704 2363 750 est
2400 696 2548 751 illum
2581 697 2673 752 tibi
2721 699 2986 754 interdum
3023 700 3074 754 in
3109 687 3332 756 somniis
3373 703 3606 766 adstare,
3645 713 3700 760 et

2127 801 2248 856 qua:
2274 803 2625 846 consueverat
2653 802 2827 849 tecum
2865 795 3123 866 colloqui,
3151 805 3207 850 et
3244 806 3478 867 optatam
3510 799 3702 856 faciem

2128 880 2433 937 ostendere.
2452 881 2508 938 Id
2521 891 2573 939 te
2588 884 2706 940 loco
2727 886 3072 956 epistularum
3097 887 3439 943 consoletur:
3465 891 3705 960 quinimo

2128 970 2180 1025 id
2205 973 2446 1042 epistolis
2472 977 2667 1031 clarius
2712 988 2814 1032 est.
2863 978 2920 1032 ln
2969 980 3072 1034 illis
3101 980 3241 1034 enim
3287 981 3704 1039 literasJanttnn

2128 1078 2349 1119 eernere
2384 1066 2507 1121 licet
2537 1086 2549 1122 :
2583 1067 2670 1121 hic
2696 1083 2824 1123 vero
2863 1079 2917 1123 et
2941 1069 3164 1124 formam
3205 1072 3410 1137 vultus,
3444 1083 3496 1126 et
3540 1076 3705 1126 risum

2130 1159 2494 1228 tranquillum.
2536 1171 2590 1215 et
2635 1161 2878 1229 ﬁguram,
2917 1171 2972 1216 et
3005 1162 3294 1230 incessum,
3323 1173 3376 1218 et
3402 1180 3706 1220 sonnmau-

2129 1254 2265 1319 dire,
2293 1263 2347 1307 et
2372 1255 2597 1310 amicam
2629 1255 2773 1309 illam
2805 1271 2989 1311 vocem
3011 1272 3324 1326 agnoscere.

2197 1345 2251 1398 4.
2282 1342 2541 1415 Exemplis
2567 1348 2718 1400 variis
2760 1348 3078 1401 saecularium
3114 1349 3413 1420 dignitatum
3457 1350 3708 1403 instabili-

2129 1443 2280 1488 tatem
2316 1438 2512 1504 probat.
2539 1438 2890 1493 ——t1:eterum
2921 1439 3172 1508 quoniam
3222 1441 3520 1494 securitatis
3564 1458 3708 1509 ιιι-ςυ-

2129 1533 2274 1580 terea
2304 1527 2460 1594 ratio,
2487 1543 2605 1598 qum
2634 1543 2700 1584 ex
2726 1529 2819 1582 illo
2851 1529 2941 1584 tibi
2981 1529 3199 1596 aderat,
3223 1539 3275 1585 te
3297 1531 3360 1585 ad
3388 1531 3568 1586 fletum
3599 1534 3706 1586 im-

2128 1615 2295 1684 pellit,
2321 1615 2546 1673 fortasse
2565 1619 2726 1672 etiam
2751 1633 2874 1689 spes
2903 1619 3025 1685 illae,
3051 1636 3171 1690 quae
3191 1635 3313 1676 sese
3329 1623 3706 1687 ostendebant,

2129 1705 2345 1775 majoris
2371 1706 2644 1778 dignitatis
2683 1717 2739 1763 et
2779 1710 3142 1778 amplitudinis
3181 1711 3376 1780 (audivi
3415 1714 3555 1768 enim
3595 1714 3710 1768 cito

2127 1795 2358 1851 futurum
2386 1797 2570 1864 fuisse,
2602 1807 2659 1854 ut
2687 1800 2777 1854 ille
2815 1800 2882 1854 ad
2917 1801 3287 1870 praefectorum
3329 1803 3574 1857 thronum
3615 1819 3711 1858 as-

2129 1887 2417 1957 cenderet,
2447 1889 2604 1959 idque
2634 1890 2902 1960 praecipue
2927 1891 3164 1946 animum
3207 1900 3351 1947 tuum
3397 1895 3709 1950 excruciare

2126 1978 2311 2051 puto):
2335 1981 2454 2036 illos
2470 1981 2562 2036 tibi
2581 1993 2704 2037 ante
2729 1983 2911 2037 oculos
2931 1998 3085 2052 pone,
3111 1984 3197 2054 qui
3220 2000 3338 2039 cum
3361 1983 3426 2038 ad
3447 1985 3706 2053 majorem

2126 2087 2286 2142 quam
2307 2071 2395 2126 ille
2419 2071 2733 2141 dignitatem
2764 2073 2932 2127 evecti
2962 2083 3164 2142 essent,
3195 2075 3553 2128 miserrimum
3576 2075 3707 2131 vita:

2126 2163 2328 2217 exitum
2355 2163 2527 2217 sortiti
2569 2174 2712 2217 sunt.
2760 2162 3041 2218 Revocabo
3069 2172 3245 2219 autem
3285 2164 3376 2220 tibi
3421 2164 3472 2218 in
3499 2181 3712 2220 memo-

2132 2255 2268 2309 riam
2295 2271 2312 2312 :
2342 2254 2680 2311 Theodorum
2711 2255 2862 2310 illum
2893 2256 2911 2288 ¹
2934 2271 2965 2310 e
2994 2255 3172 2311 Sicilia
3217 2255 3442 2311 fortasse
3475 2257 3707 2324 audisti;

2128 2361 2244 2406 erat
2272 2351 2416 2408 enim
2447 2352 2498 2407 in
2529 2353 2712 2422 primis
2740 2353 3079 2423 conspicuus.
3108 2353 3206 2408 Hic
3232 2363 3286 2408 et
3313 2355 3711 2425 pulchritudine

2126 2452 2182 2498 et
2233 2442 2601 2514 magnitudine
2635 2445 2879 2513 corporis
2919 2452 2974 2500 et
3010 2445 3322 2500 auctoritate
3357 2447 3492 2516 apud
3531 2447 3712 2516 lmpe.

2125 2542 2357 2588 ratorem
2387 2534 2639 2589 omnibus
2667 2544 2948 2603 praestans,
2984 2534 3076 2605 qui
3107 2550 3170 2590 ea
3196 2546 3405 2606 poterat
3432 2553 3549 2606 quae
3579 2539 3712 2594 inti-

2125 2639 2334 2679 morum
2357 2624 2696 2680 familiarium
2718 2640 2898 2690 nemo,
2930 2641 3238 2696 prosperam
3273 2628 3414 2682 illam
3439 2630 3710 2686 fortunam

2126 2732 2232 2772 non
2262 2717 2538 2772 moderate
2569 2717 2709 2782 tulit,
2739 2717 2834 2772 sed
2862 2718 3142 2772 insidiatus
3178 2716 3485 2787 Imperatori
3514 2736 3578 2777 ac
3603 2721 3709 2778 de-

2124 2807 2439 2878 prehensus,
2455 2808 2567 2878 ipse
2579 2808 2791 2878 quidem
2807 2808 2959 2863 valde
2971 2809 3342 2864 miserabiliter
3353 2810 3708 2870 obtruncatus

2124 2907 2238 2963 est;
2265 2897 2430 2967 ipsius
2455 2910 2632 2952 autem
2662 2913 2814 2964 uxor,
2847 2913 3022 2969 neque
3045 2898 3381 2966 educatione,
3411 2917 3582 2972 neque
3604 2917 3708 2973 ge-

2125 3009 2282 3058 nere,
2322 3009 2495 3064 neque
2525 2993 2630 3048 ulla
2668 2993 2771 3048 alia
2808 3008 2868 3048 re
2910 2993 3172 3048 nobilitati
3215 3001 3320 3048 tuae
3356 2997 3655 3052 concedens
3677 3038 3703 3065 ,

2123 3085 2370 3140 omnibus
2389 3094 2608 3156 repente
2619 3086 2780 3140 rebus
2795 3086 2904 3139 suis
2915 3085 3136 3155 spoliata
3154 3099 3217 3140 ac
3229 3085 3469 3142 libertate
3481 3088 3674 3142 amissa
3690 3129 3714 3157 ,

2123 3177 2464 3232 cubiculariis
2487 3177 2696 3232 ancillis
2715 3181 3084 3244 annumerata’,
3112 3191 3175 3231 ac
3199 3177 3342 3231 nulla
3371 3193 3477 3233 non
3506 3179 3712 3234 ancilla

2123 3269 2459 3323 miseriorem
2487 3268 2648 3322 vitam
2678 3281 2836 3338 agere
2860 3276 3042 3321 coacta
3081 3277 3180 3332 est,
3209 3265 3312 3322 hoc
3346 3283 3452 3322 uno
3479 3278 3710 3325 caeteras

2123 3359 2473 3420 antecellens,
2517 3357 2657 3428 quod
2692 3366 2914 3428 propter
2945 3371 3052 3412 non
3091 3358 3505 3428 comparabilem
3553 3359 3708 3414 cala-

2123 3449 2323 3504 mitatis
2351 3450 2765 3518 magnitudinem
2795 3449 3060 3518 lacrymas
3097 3464 3282 3504 eorum
3311 3450 3546 3504 omnium
3567 3489 3581 3515 ,
3609 3451 3708 3521 qui

2126 3542 2297 3612 ipsam
2341 3543 2673 3612 aspicerent,
2699 3540 2964 3596 eliciebat.
3005 3539 3195 3596 Fertur
3227 3541 3386 3596 etiam
3416 3543 3710 3600 Artemisia

2122 3635 2238 3688 viro
2261 3633 2414 3688 valde
2433 3634 2580 3688 claro
2605 3643 2788 3703 nupta,
2811 3633 3060 3702 quoniam
3083 3641 3138 3687 et
3157 3632 3246 3688 ille
3268 3633 3597 3704 tyrannidem
3618 3633 3706 3687 af-

2122 3724 2355 3791 fectavit,
2398 3725 2451 3778 in
2477 3723 2718 3778 eamdem
2757 3723 3003 3778 incidisse
3040 3733 3403 3793 paupertatem
3427 3766 3441 3789 ,
3470 3740 3532 3780 ac
3564 3741 3710 3796 pra:-

2124 3826 2268 3872 terea
2296 3817 2462 3871 oculis
2484 3832 2605 3872 csse
2628 3825 2803 3886 capta.
2832 3819 2967 3875 Nam
3034 3817 3346 3890 magnitudo
3378 3819 3711 3890 aegritudinis

2125 3917 2178 3962 et
2203 3907 2558 3977 lacrymarum
2583 3907 2664 3960 vis
2691 3906 2890 3960 lumina
2917 3905 3170 3961 exstinxit
3196 3923 3209 3958 :
3241 3915 3296 3960 at
3319 3923 3460 3963 nunc
3478 3909 3697 3978 quidem

2125 3999 2427 4054 hominibus
2450 4008 2568 4068 eget
2595 3998 2682 4068 qui
2709 3998 2993 4064 deducant,
3021 4008 3178 4068 atque
3205 4000 3271 4054 ad
3299 4002 3498 4056 alienas
3521 4012 3709 4072 portas

2124 4090 2408 4154 adducant,
2441 4101 2497 4144 ttt
2515 4090 2616 4145 hoc
2641 4091 2799 4145 modo
2821 4091 3178 4146 necessarium
3203 4092 3301 4147 sibi
3327 4093 3522 4149 victum
3550 4109 3708 4150 com-

2126 4195 2316 4251 parare
2353 4190 2531 4250 queat.
2577 4181 2688 4236 Nec
2729 4197 2857 4236 vero
2895 4181 3011 4235 alia:
3053 4180 3268 4236 familiae
3294 4182 3483 4238 desunt
3520 4184 3707 4242 itidem

2125 4273 2346 4343 dejectte
2373 4287 2434 4327 ac
2460 4281 2740 4341 prostratae
2771 4287 2905 4343 quas
2930 4288 3428 4340 commemorarem,
3459 4277 3559 4331 nisi
3581 4291 3710 4346 pro-

2123 4365 2344 4422 bitatem
2398 4379 2460 4418 ac
2516 4363 2848 4433 prudentiam
2895 4373 3037 4416 tuam
3082 4364 3245 4432 probe
3287 4380 3535 4432 nossem,
3584 4383 3710 4436 qua:

2126 4456 2342 4511 minime
2362 4470 2427 4508 ex
2447 4455 2634 4509 alienis
2660 4455 2812 4508 malis
2835 4454 3122 4508 calamitati
3152 4463 3254 4509 tute
3279 4456 3428 4524 cupis
3457 4457 3706 4512 solatium

2127 4545 2400 4600 adbibere.
2429 4545 2610 4614 Neque
2635 4560 2764 4600 vero
2790 4545 2905 4598 huic
2931 4544 3177 4614 exempla
3207 4545 3364 4599 aliam
3393 4545 3463 4599 ob
3488 4562 3708 4602 causam

2126 4637 2560 4702 commemoravi,
2591 4652 2748 4705 quam
2778 4645 2835 4688 ut
2867 4636 3128 4705 intelligas
3163 4651 3249 4691 res
3293 4637 3551 4692 humanas
3575 4639 3711 4695 nihil

2127 4742 2266 4792 esse,
2297 4742 2524 4796 vereque
2559 4741 2590 4780 a
2626 4725 2884 4795 propheta
2921 4741 3041 4782 esse
3076 4726 3308 4792 dictum,
3343 4725 3520 4782 Omnis
3543 4729 3712 4799 gloria

2128 4819 2377 4884 hominis,
2424 4829 2480 4872 ut
2508 4819 2606 4889 ﬂos
2641 4819 2760 4887 [teni
2785 4815 2936 4887 (Isai.
2977 4817 3068 4872 40.
3115 4817 3193 4887 6).
3231 4818 3347 4886 Quo
3373 4820 3514 4873 enim
3550 4820 3714 4875 altius

2127 4913 2370 4966 evehitur
2406 4919 2566 4980 atque
2606 4909 2820 4974 emicat,
2869 4924 2934 4963 eu
2980 4909 3237 4977 majorem
3286 4909 3424 4978 parit
3472 4910 3706 4975 ruinam,

2130 5021 2301 5075 neque
2347 5005 2410 5058 iis
2448 5004 2641 5063 solum,
2678 5002 2766 5071 qui
2792 5002 2889 5056 sub
2915 5002 3090 5056 alieno
3118 5003 3342 5071 imperio
3377 5003 3589 5069 vivunt,
3611 5003 3710 5058 sed

2131 5099 2289 5153 etiam
2320 5096 2733 5166 Imperatoribus
2761 5094 2909 5163 ipsis.
2932 5093 3114 5162 Neque
3141 5095 3281 5148 enim
3309 5092 3461 5148 facile
3485 5094 3602 5164 quis
3630 5094 3714 5147 in-

2194 5215 2210 5246 ι
2245 5215 2394 5276 llujus
2417 5212 2673 5276 Theodori,
2697 5213 2780 5274 qui
2816 5211 3050 5276 affectata:
3073 5209 3336 5276 tyrannidis
3361 5221 3530 5270 pmnas
3553 5207 3712 5276 dedit,

2129 5270 2479 5331 Valentiniano,
2504 5283 2528 5321 κ’
2537 5270 2730 5330 alente;
2742 5282 2794 5322 et
2808 5273 3025 5321 Gratiano
3047 5270 3439 5332 tniperatoribus,
3452 5283 3576 5318 anno
3596 5270 3713 5329 37L.

2130 5336 2373 5387 historiam
2414 5330 2565 5385 habes
2587 5336 2712 5397 apud
2743 5335 3034 5397 Anuniauum
3063 5330 3403 5397 Marcellinum,
3429 5331 3518 5397 lib.
3555 5336 3711 5397 XXIX,

2129 5401 2210 5447 ubi
2235 5398 2368 5447 illum
2391 5392 2646 5459 antiquitus
2659 5396 2800 5459 ,claro
2820 5407 2992 5459 gettcrc
3005 5393 3056 5443 in
3071 5392 3233 5443 Galliis
3256 5393 3560 5459 natumdicit.
3580 5392 3712 5459 Quod

2130 5462 2171 5510 si
2195 5459 2328 5509 illum
2351 5474 2380 5508 e
2404 5453 2555 5507 sicilia
2577 5458 2692 5505 dicit
2714 5453 2839 5506 esse
2861 5457 3252 5518 Cbrysostomus,
3274 5455 3320 5504 id
3344 5453 3607 5518 intelligas,
3633 5453 3714 5502 vel

2130 5523 2257 5584 quod
2292 5524 2341 5570 in
2363 5520 2515 5584 Sicilia
2548 5520 2696 5584 sedes
2727 5515 2971 5584 habuerit,
3015 5516 3466 5584 velpracfecturatn
3492 5515 3717 5584 aliquant

2131 5573 2362 5644 gesserit,
2387 5581 2466 5631 vel
2489 5581 2634 5644 quod,
2660 5587 2713 5644 ut
2735 5573 3206 5644 Opinatm‘ttettricus
3230 5577 3465 5644 )‘alesius,
3490 5579 3545 5644 in_
3563 5573 3717 5644 sicilia

2132 5638 2272 5693 natus
2297 5638 2356 5692 ex
2382 5638 2540 5692 Galliis
2561 5638 2796 5704 originem
2823 5642 3061 5690 habuerit.
3089 5642 3205 5690 \‘ide
3230 5641 3385 5689 locum
3402 5638 3648 5704 Ammiani,
3665 5643 3717 5704 et

2132 5714 2292 5755 notam
2311 5705 2501 5754 \‘alesii.
2547 5699 2792 5751 Artémisia
2816 5716 2934 5750 vero
2965 5715 3183 5764 sequens
3215 5703 3352 5765 cujus
3386 5714 3509 5751 uxor
3549 5699 3716 5757 fuerit,

2132 5769 2344 5821 nondum
2367 5767 2478 5817 satis
2502 5772 2812 5834 perspectum
2835 5765 3083 5815 habemus.
