4056 6208
227 220 336 279 an

1562 240 1655 295 AD
1693 240 1963 298 VIDUAM
2001 244 2367 304 JUNIOREM.

3564 264 3717 322 om-

216 343 439 405 ικεῖνος
460 333 701 447 ᾖᾶὶέδειὶ
723 341 1017 447 κόπτεσθαι
1044 346 1141 447 καὶ
1172 347 1575 447 θρηνεῖν,“οὐκι
1595 353 1903 447 ἀπελθόντα
2008 357 2186 429 δώρῳ,
2219 361 2312 414 καὶ
2345 364 2576 435 πρᾶγμα
2625 366 2793 438 εὐχῆς
2815 369 2965 437 ἀξιον
3011 369 3151 428 εῖναι
3178 373 3469 447 ἐνόμισας;
3500 378 3670 436 Τοῦτο

212 430 389 499 μόνον
405 467 424 491 ,
452 427 591 482 ἀλλά
612 428 709 482 καὶ
747 428 927 493 ζῶντα
949 431 1176 485 ἐκεῖνον·
1201 434 1391 508 ἐπειδὴ
1408 437 1480 512 ,δὲ
1508 438 1789 512 τῶναύτῷ
1818 442 1909 511 φί-

205 515 330 571 λων
347 516 452 571 καὶ
476 512 632 581 οὗτος
658 512 741 581 εἷς
789 516 1083 589 ἐτύγχανεν
1109 518 1206 586 ὢν,
1240 523 1305 576 οὐ
1331 510 1494 588 ζῶντι
1544 526 1727 597 μόνον,
1761 510 1908 582 ἀλλά

207 603 312 656 καὶ
330 601 657 673 κοιμηθέντι
681 604 1000 675 συνήδεσθαι
1032 607 1157 679 χρή.
1194 609 1306 662 Καὶ
1325 610 1407 663 ὅτι
1421 610 1582 665 τοῦτο
1608 616 1782 667 ποιεῖν
1802 613 1902 678 δεῖ,
1976 638 1983 647 ι

203 688 308 743 τοῦ
353 688 639 759 μακαρίου
688 690 904 743 Παύλου
960 691 1178 757 πάντως
1223 694 1465 765 ἤκουσας
1520 698 1794 767 λέγοντος·
1834 702 1903 756 Τὸ

203 776 529 832 ἀναλῦσαι
551 777 649 830 καὶ
664 777 787 831 σὺν
809 778 1042 847 Χριστῷ
1053 776 1207 834 εἶναι
1232 782 1442 849 πολλῷ
1451 783 1695 853 μᾶλλον
1712 787 1906 855 κρεῖσ-

203 878 351 919 σον.
370 863 548 917 Ἀλλά
580 866 844 936 ῥημάτων
868 867 1001 931 ἴσως
1039 867 1227 933 ποθεῖς
1255 869 1485 924 ἀκοῦσαι
1523 872 1635 928 τῶν
1664 874 1898 941 ἐκείνου,

206 948 367 1023 [διε]
406 953 510 1005 καὶ
537 952 720 1021 φιλίας
750 953 1057 1008 ἀπολαῦσαι
1095 955 1196 1023 τῆς
1223 957 1361 1028 πρὸς
1400 959 1586 1025 αὐτὸν,
1645 963 1742 1015 καὶ
1771 979 1899 1015 συν-

205 1038 408 1107 ήθειαν
439 1039 742 1112 ἐπιζητεῖς,
782 1041 879 1094 καὶ
904 1041 1065 1108 δόξαν
1087 1043 1188 1114 τὴν
1222 1043 1290 1098 δι’
1313 1046 1495 1110 αὐτὸν,
1530 1050 1624 1101 καὶ
1648 1049 1899 1121 λαμπρό-

201 1128 483 1196 τηταοιαὶ
530 1129 701 1199 τιμὴν
742 1128 838 1182 καὶ
879 1129 1203 1198 ἀσφάλειαν,
1248 1132 1345 1186 καὶ
1386 1134 1561 1189 ταῦτά
1614 1153 1673 1189 τε
1721 1139 1901 1192 πάντα

202 1214 422 1283 φροῦδα
449 1215 722 1286 γενόμενα
746 1214 968 1287 θορυϐεῖ
993 1218 1087 1270 καὶ
1109 1221 1311 1273 σκοτοῖ.
1331 1220 1442 1293 Τὴν
1468 1222 1568 1292 μὲν
1595 1219 1689 1278 οὖν
1716 1224 1898 1296 φιλίαν

198 1300 297 1369 τὴν
321 1301 474 1372 πρὸς
521 1303 729 1357 ἐκεῖνον
765 1302 944 1368 ἐξεστί
969 1319 1052 1357 σοι
1085 1304 1380 1373 φυλάττειν
1418 1310 1515 1364 καὶ
1546 1309 1643 1365 νῦν
1672 1312 1895 1384 ὁμοίως,

195 1386 399 1459 ῶσπερ
434 1389 534 1451 καὶ
566 1388 852 1462 πρότερον.

264 1484 529 1556 Τοιαύτη
569 1487 681 1557 7&9
711 1488 746 1557 ἡ
786 1486 891 1558 τῆς
918 1487 1140 1560 ἀγάπης
1164 1488 1413 1561 δύναμις*
1443 1492 1504 1546 οὐ
1537 1494 1665 1557 τοὺς
1696 1495 1898 1566 παρόν-

194 1591 299 1636 τας
350 1574 528 1643 μόνον
576 1576 672 1629 καὶ
715 1574 941 1648 πλησίον
982 1576 1145 1641 ὄντας
1181 1578 1340 1650 ήμῶν
1362 1591 1389 1622 ει
1424 1580 1520 1635 καὶ
1563 1582 1893 1653 ὁρωμένους,

197 1662 344 1721 ἀλλά
379 1663 487 1716 καὶ
537 1664 668 1726 τοὺς
721 1663 938 1734 μακρὰν
988 1665 1309 1735 ἀφεστῶτας
1356 1666 1751 1741 περιλαμϐάνει
1799 1672 1895 1726 καὶ

199 1750 488 1821 συγκολλᾷ
537 1752 634 1805 καὶ
690 1752 899 1805 συνδεῖο
931 1752 1027 1807 καὶ
1074 1752 1199 1807 οὐτε
1247 1754 1439 1826 χρόνου
1496 1757 1718 1829 πλῆθος,
1769 1757 1893 1813 οὐτε

193 1840 333 1893 ὁδῶν
379 1841 688 1911 διάστημα,
732 1840 856 1895 οὕτε
907 1842 1035 1897 ἀλλο
1068 1843 1178 1898 τῶν
1222 1844 1479 1900 τοιούτων
1519 1847 1669 1901 οὐδὲν
1713 1846 1894 1919 ψυχῆς

196 1929 389 1997 φιλίαν
422 1929 685 1999 διακόψαι
731 1929 936 1985 δύναιτ’
988 1931 1056 1986 ἂν
1106 1933 1202 1986 καὶ
1230 1933 1528 2005 διατεμεῖν.
1584 1936 1649 1991 Et
1690 1936 1749 1990 δέ
1797 1937 1892 1991 καὶ

195 2018 506 2089 πρόσωπον
553 2018 718 2072 αὐτὸν
766 2017 944 2089 βούλει
990 2020 1128 2093 πρὸς
1177 2022 1468 2094 πρόσωπον
1519 2024 1646 2078 ίδεῖν
1700 2024 1893 2096 (τοῦτο

192 2106 309 2176 γὰρ
361 2102 490 2159 οἶδα
541 2106 622 2158 ὅτι
681 2106 918 2177 μάλιστα
950 2107 1178 2180 ποθεῖς),
1224 2108 1546 2180 δωφύλαξον
1598 2111 1746 2184 αὖτῷ
1792 2113 1892 2185 τὴν

192 2191 366 2261 εὐνὴν
393 2192 675 2260 ἀνέπαφον
701 2192 894 2263 ἀνδρὸς
938 2193 1125 2263 ἐτέρου
1148 2233 1166 2258 ,
1205 2196 1302 2250 καὶ
1355 2196 1470 2267 βίον
1517 2199 1890 2266 ἐπιδείξασθαι

196 2278 513 2333 σπούδασον
544 2279 660 2332 ἴσον
682 2279 901 2351 ἐκείνῳ,
941 2281 1037 2334 καὶ
1059 2282 1276 2347 πάντως
1306 2285 1388 2349 είς
1429 2284 1521 2340 τὸν
1560 2285 1725 2340 αὐτὸν
1778 2287 1891 2340 ἀπ-

193 2366 397 2438 ελεύσῃ
420 2366 590 2439 χορὸν
616 2367 648 2407 δ
673 2365 844 2439 αὐτῷ,
867 2368 930 2421 οὐ
950 2367 1111 2423 πέντε
1138 2368 1232 2443 ἐτη
1263 2371 1515 2445 καθάπερ
1533 2372 1741 2437 ἐνθάδε,
1767 2373 1889 2428 οὐδὲ

193 2456 369 2507 εἴκοσι
400 2454 504 2507 καὶ
546 2453 760 2521 ἑκατὸν,
792 2454 916 2508 οὐδὲ
941 2453 1088 2525 χίλια
1114 2457 1211 2511 καὶ
1237 2457 1320 2522 δὶς
1355 2459 1615 2527 τοσαῦτα,
1639 2459 1761 2513 οὐδέ
1794 2459 1890 2531 μύο

196 2558 287 2609 ρια
312 2541 416 2595 καὶ
438 2539 711 2605 πολλάκις
748 2541 1005 2608 τοσαῦτα,
1027 2542 1165 2597 ἀλλά
1186 2545 1312 2609 τούς
1346 2546 1611 2619 ἀπείρους
1640 2547 1735 2601 καὶ
1762 2546 1887 2601 ἀτε-

190 2629 495 2700 λευτήτους
511 2627 719 2692 αἰῶνας
749 2628 897 2701 αὐτῷ
920 2630 1482 2704 συνοικήσουσα.Τοὺς
1505 2633 1613 2704 γὰρ
1633 2634 1735 2705 τῆς
1754 2634 1887 2688 ἀνα-

190 2716 455 2780 παύσεως
482 2715 693 2779 τόπους
711 2716 950 2780 ἐκείνους
979 2727 1002 2757 α
1031 2717 1132 2789 οὐχ
1176 2720 1232 2773 αί
1269 2720 1586 2789 συγγένειαι
1610 2722 1667 2775 αἱ
1701 2737 1887 2793 σωμα-

189 2805 362 2873 τικαὶ,
397 2804 525 2859 ἀλλ’
548 2806 582 2875 ή
604 2805 715 2858 τῶν
744 2803 874 2875 βίων
904 2805 1087 2877 ίσότης
1141 2805 1497 2879 κληρονομεῖν
1525 2808 1790 2878 πέφυκεν.
1820 2809 1886 2864 El

188 2894 297 2965 γάρ
319 2895 421 2947 καὶ⁵
450 2892 554 2945 τδν
580 2893 832 2965 Λάζαρον
868 2893 1087 2962 ἀγνῶτα
1113 2892 1244 2947 ὄντα
1272 2893 1353 2964 τῷ
1381 2890 1640 2968 Ἀϐραάμ
1658 2897 1739 2962 είς
1759 2896 1888 2960 τοὺς

188 2985 391 3047 αὐτοὺς
410 2981 571 3053 αὐτῷ
596 2982 832 3045 κόλπους
858 2981 1052 3053 ήγαγε,
1089 2983 1187 3036 καὶ
1212 2981 1445 3046 πολλοὺς
1474 2983 1583 3037 ἀπὸ
1611 2983 1886 3041 ἀνατολῶν

187 3071 283 3124 καὶ
306 3070 551 3142 δυσμῶν
581 3068 701 3141 μετ’
723 3069 931 3123 ἐκείνου
980 3068 1336 3140 ἀνακλιθῆναι
1371 3070 1786 3141 παρασκευάζει
1823 3071 1886 3126 τὸ

185 3159 288 3229 τῆς
316 3158 614 3221 πολιτείας
633 3157 1070 3228 ἀπαράλλακτον,
1094 3157 1191 3211 καὶ
1223 3157 1283 3210 σέ
1312 3156 1450 3227 μετά
1466 3156 1564 3212 τοῦ
1586 3158 1754 3213 καλοῦ
1782 3160 1886 3231 Θη-

191 3247 387 3317 ρασίου
444 3248 476 3298 δ
518 3247 621 3316 τῆς
651 3244 887 3309 ἀνέσεως
916 3244 1195 3310 ἐκδέξεται
1224 3245 1412 3309 τόπος,
1464 3244 1532 3299 ἂν
1556 3246 1752 3319 ἐκείνῳ
1782 3249 1884 3304 ίτὺν

190 3335 303 3405 βίον
338 3334 517 3406 θέλῃς
560 3332 932 3397 ἐπιδείξασθαι
959 3332 1051 3387 τὸν
1088 3333 1272 3387 αὐτόν·
1301 3333 1396 3386 καὶ
1423 3333 1546 3387 τότε
1568 3334 1732 3390 αὐτὸν
1782 3336 1883 3391 οὐκ

189 3424 247 3475 ἐν
290 3422 485 3491 τούτῳ
534 3420 617 3490 τῷ
674 3420 859 3475 κάλλει
893 3420 988 3474 τοῦ
1034 3419 1308 3491 σώματος,
1345 3422 1484 3493 ὅπερ
1537 3420 1676 3493 ἔχων
1703 3424 1883 3494 ἀπῆλ-

189 3511 301 3577 θεν,
364 3509 635 3581 ἀπολήψῃ
676 3508 859 3574 πάλιν,
911 3507 1024 3562 ἀλλ’
1074 3509 1134 3561 ἐν
1173 3507 1336 3581 ἑτέρα
1385 3510 1491 3563 τινὶ
1546 3513 1881 3584 μαρμαρυγῇ

190 3600 283 3652 καὶ
330 3597 669 3670 φαιδρότητι
706 3596 905 3668 μᾶλλον
951 3596 1061 3651 τῶν
1090 3595 1330 3668 ἡλιακῶν
1360 3596 1599 3652 ἀκτίνων
1629 3598 1883 3671 ἀπολαμ-

260 3786 308 3838 Τ
310 3785 450 3838 οὗτο
464 3783 577 3854 γάρ
599 3781 661 3836 τὺ
683 3781 863 3853 σῶμα,
890 3780 992 3836 κᾶν
1015 3781 1074 3836 ἐν
1090 3780 1217 3852 ὕψει
1231 3781 1401 3856 τρέχῃ
1424 3779 1624 3853 πολλῷ,
1642 3782 1882 3855 φθαρτὸν

189 3872 342 3942 ὅμως
389 3868 531 3923 ἐστί·
572 3868 643 3922 τά
672 3868 731 3921 δέ
756 3867 984 3939 σώματα
1008 3867 1116 3922 τῶν
1164 3869 1617 3940 εὐηρεστηκότων
1648 3867 1727 3940 τῷ
1759 3868 1881 3940 Θεῷ

176 3959 471 4029 ,τοσαύτην
489 3956 764 4010 ἐνδύσεται
783 3956 960 4021 δόξαν,
990 3956 1122 4026 ὅσην
1136 3955 1257 4009 οὐδὲ
1280 3956 1409 4009 ίδεῖν
1436 3955 1517 4009 ἐνι
1540 3956 1752 4020 τούτοις
1765 3959 1880 4021 τοῖς

188 4045 525 4115 ὀφθαλμοῖς.
558 4044 669 4099 Καὶ
688 4043 893 4097 τούτων
922 4045 1052 4115 ἡμῖν
1081 4043 1286 4115 σημεῖά
1306 4060 1428 4097 τινα
1460 4044 1555 4097 καὶ
1583 4044 1704 4117 ῐχνη
1733 4044 1880 4116 ἀμυ-

188 4133 290 4207 δρά
317 4135 426 4189 καὶ
455 4134 518 4185 ἐν
559 4135 624 4203 τῇ
664 4132 879 4203 Παλαιᾷ
923 4132 1020 4185 καὶ
1058 4132 1116 4186 ἐν
1146 4133 1213 4203 τῇ
1253 4132 1433 4203 Καινῇ
1472 4131 1692 4203 δοθῆναι
1736 4149 1879 4203 παρ-

192 4221 502 4274 εσκεύασεν
524 4219 554 4270 ό
577 4218 731 4283 Θεός.
749 4219 898 4271 Ἐκεῖ
924 4218 1022 4289 μὲν
1047 4218 1155 4287 γάρ
1179 4217 1240 4269 τὸ
1266 4217 1556 4288 πρόσωπον
1589 4218 1685 4271 τοῦ
1719 4220 1878 4274 Μωῢ·

193 4307 338 4372 τέως
363 4306 609 4377 τοσαύτῃ
648 4304 1029 4377 κατελάμπετο
1076 4302 1203 4376 δόξῃ
1257 4304 1411 4371 τότε,
1463 4304 1540 4369 ὡς
1583 4304 1876 4376 ἀπρόσιτον

198 4391 340 4449 εῖναι
383 4396 503 4457 τοῖς
530 4394 640 4447 τῶν
663 4391 1012 4463 Ἰσραηλιτῶν
1044 4389 1359 4461 ὀφθαλμοῖς·
1398 4393 1457 4446 ἐν
1504 4391 1562 4445 δὲ
1590 4395 1657 4464 τῇ
1694 4394 1873 4465 Καινῇ

205 4483 392 4536 τούτου
420 4481 606 4551 πολλῷ
659 4481 823 4535 πλέον
877 4477 1150 4549 ἐξέλαμψε
1194 4477 1256 4531 τὸ
1292 4477 1386 4531 τοῦ
1441 4478 1699 4550 Χριστοῦ.
1736 4480 1875 4535 Είπὲ

201 4571 312 4642 γάρ
347 4588 463 4642 μοι,
487 4572 537 4623 εἰ
558 4569 785 4640 βασιλέα
810 4585 895 4632 τις
915 4567 1079 4620 αὐτὸν
1110 4564 1475 4636 ἐπηγγέλλετο
1505 4566 1685 4638 πάσης
1717 4570 1876 4641 ποιῆ-

199 4672 293 4709 σαι
314 4658 417 4728 τῆς
454 4658 579 4727 τῆς,
611 4653 730 4711 εἶτα
759 4655 895 4710 ἐτῶν
923 4655 1094 4709 εῐκοσι
1122 4653 1311 4724 χρόνον
1338 4653 1643 4724 ἀποστῆναί
1668 4671 1728 4708 σε
1755 4656 1877 4710 ἐκέ-

195 4744 391 4799 λευσεν
419 4744 564 4815 ὑπὲρ
592 4743 804 4807 τούτου,
835 4743 929 4796 καὶ⁸
960 4741 1097 4812 μετά
1123 4738 1299 4793 ταῦτά
1340 4756 1423 4792 σοι
1465 4739 1603 4810 μετά
1630 4740 1724 4795 τοῦ
1752 4741 1873 4796 δια-

192 4832 441 4904 δήματος
464 4833 563 4886 καὶ
586 4831 689 4901 τῆς
712 4828 1027 4901 άλουργίδος
1071 4824 1373 4881 ἀποδώσειν
1412 4825 1576 4879 αὐτὸν
1601 4828 1875 4900 ἐπηγγέλ-

194 4918 340 4981 λετο,
377 4921 475 4972 καὶ
504 4917 668 4973 πάλιν
699 4918 780 4980 είς
832 4915 931 4987 τὴν
960 4914 989 4953 ά
1030 4912 1199 4985 αὐτὴν
1240 4910 1425 4976 τάξειν
1461 4911 1655 4984 ἐκείνῳ
1681 4913 1869 4988 τιμὴν,

194 5001 307 5076 ἄρα
336 5008 441 5060 οὐκ
468 5004 534 5059 ἂν
560 5005 653 5059 τὸν
689 5002 968 5077 χωρισμὸν
1001 5001 1193 5074 πράως
1218 4998 1448 5072 ἐνέγκῃς
1477 5000 1572 5053 καὶ
1603 5002 1740 5072 μετά
1763 5019 1873 5057 σω-

194 5106 477 5175 νεοσύντις
500 5104 601 5175 τῆς
625 5101 1041 5175 προσηκούσηςς
1076 5096 1187 5174 ἆρα
1226 5097 1329 5152 οὐκ
1369 5095 1437 5151 ἀν
1463 5096 1768 5169 ήσμένισας
1795 5102 1874 5175 τῷ

255 5330 280 5358 ⁸
306 5330 446 5377 r'nlb.
473 5328 604 5389 ἡμῖν.
630 5326 759 5376 Infra
782 5325 935 5376 Savil.
973 5330 1026 5376 et
1051 5323 1191 5378 Colb.
1214 5323 1398 5388 χρόνων
1418 5326 1613 5386 πλῆθος.

252 5380 280 5421 ι
299 5392 454 5442 Sun.
473 5393 656 5442 γῶοσν.

256 5405 454 5525 ἒ
724 5450 773 5499 in
800 5453 942 5499 textu
963 5448 1136 5505 τόπους
1155 5447 1353 5507 ἐκείνης,
1366 5446 1540 5499 Morel.
1568 5456 1622 5500 et
1645 5448 1795 5501 Savil.
1821 5447 1872 5497 in

197 5524 346 5573 urg.
364 5516 544 5568 τόπους
566 5513 787 5567 ἐκείνους.

255 5573 282 5648 ξ
492 5582 551 5648 Et
573 5573 709 5622 ηοω.
727 5572 878 5648 0.0193
904 5572 1236 5648 ἐπηγγέλλετο,
1256 5571 1629 5648 μζπέλιιεῖς
1641 5570 1748 5648 μὴν,
1773 5573 1873 5648 λέξο·

202 5638 292 5683 τοι.
311 5637 458 5685 αὐτὸν
490 5637 639 5695 ἔλεγε,
665 5635 744 5681 καὶ
776 5634 916 5681 πάλιν
941 5632 1109 5695 τοῦτον
1132 5635 1196 5689 εἰς
1214 5634 1317 5691 τήν.
1346 5632 1470 5682 Infra
1501 5632 1675 5685 lore].
1702 5641 1756 5685 ει
1780 5635 1870 5684 Sa-

200 5702 281 5746 ηι.
300 5700 565 5759 imam;
582 5694 658 5761 τόν
682 5696 838 5760 δώρῳ,
857 5694 986 5748 Colb.
1008 5696 1269 5771 ἠσμένισας
1283 5696 1338 5744 τδ
1358 5696 1529 5761 δῶρον.

2005 455 2183 509 τοίνυν
2215 457 2448 529 ἀνάσχου
2478 461 2573 515 καὶ
2607 461 2722 527 νῦν,
2753 464 2851 536 οὐχ
2887 467 3027 540 ὑπὲρ
3059 469 3337 540 βασιλείας
3367 473 3470 544 τῆς
3512 476 3572 528 ἐν
3598 478 3665 548 τῇ

2006 552 2097 621 γῇ,
2132 550 2246 605 ἀλλ’
2272 554 2412 627 ὑπὲρ
2430 556 2529 627 τῆς
2558 559 2616 611 ἐν
2660 559 2926 631 οὐρανοῖς⁸
2956 564 3055 635 οὐχ
3078 565 3165 619 ἵνα
3197 567 3410 638 ἱμάτιον
3433 570 3669 641 χρυσοῦν

2005 645 2271 717 φοροῦντα
2301 650 2597 723 άπολάϐῃς,
2657 653 2770 707 ἀλλ’
2821 656 2908 710 ἴνα
2959 657 3257 716 ἀθανασίαν
3290 673 3315 703 ο
3347 664 3442 717 καῖ⁹
3489 663 3665 731 δόξαν,

2002 739 2134 808 ὅσην
2174 740 2301 804 τοὺς
2328 743 2387 795 ἐν
2418 742 2667 815 οὐρανοῖς
2708 745 2995 817 διάγοντας
3029 751 3176 823 ἔχειν
3220 756 3368 819 είκός
3396 755 3567 830 [545Ῑ.
3600 758 3667 813 El

2001 830 2059 884 δέ
2088 833 2291 906 σφόδρα
2320 836 2608 909 ἀφορήτως
2654 838 2799 911 ἐχεις
2830 845 2971 916 πρὸς
2992 847 3055 901 τὸ
3072 848 3166 902 τοῦ
3199 851 3393 921 χρόνου
3434 852 3665 923 μακρὸν,

2002 927 2146 991 εἰκὸς
2171 929 2331 984 αὐτὸν
2360 935 2453 987 καὶ
2500 934 2569 987 δι’
2591 936 2884 1009 ὀνειράτων
2912 942 3199 1016 ἐπιστῆναι
3257 947 3341 1000 σοί
3368 963 3521 1013 ποτε,
3570 946 3666 1003 καὶ

1999 1023 2340 1093 διαλέγεσθαι
2360 1030 2427 1084 τὰ
2461 1032 2519 1086 ἐν
2552 1034 2829 1108 συνηθείᾳ,
2863 1039 2958 1091 καὶ
2975 1039 3168 1108 δείξειν
3198 1041 3321 1113 όψιν
3352 1043 3452 1115 τὴν
3470 1044 3668 1098 ποθου-

2002 1121 2188 1192 μένηνο
2216 1123 2375 1179 τοῦτό
2402 1144 2483 1181 σοι
2508 1129 2628 1185 ἀντὶ
2644 1133 2752 1186 τῶν
2795 1135 3092 1191 ἐπιστολῶν
3119 1137 3259 1194 ἐστω
3294 1140 3663 1212 παραμύθιον,

2001 1216 2199 1288 μᾶλλον
2223 1219 2281 1273 δὲ
2301 1220 2460 1276 τοῦτο
2503 1225 2600 1279 καὶ
2643 1228 2939 1286 ἐπιστολῶν
2978 1235 3319 1307 τρανότερον.
3369 1236 3516 1289 Ἐκεῖ
3563 1235 3665 1307 μὲν

1996 1311 2105 1384 7&9
2127 1315 2429 1387 γράμματα
2470 1321 2630 1391 μόνον
2651 1322 2800 1379 ἔστιν
2829 1326 2978 1394 ίδεῖν,
3019 1330 3255 1385 ἐνταῦθα
3282 1330 3341 1385 δέ
3370 1332 3466 1386 καὶ
3490 1331 3663 1386 τύπον

1996 1409 2169 1480 ὂψεως
2193 1412 2288 1467 καὶ
2318 1414 2529 1483 γέλωτα
2549 1421 2796 1492 προσηνῆ
2832 1422 2926 1477 καὶ
2959 1426 3147 1497 σχῆμα
3175 1427 3272 1481 καὶ
3310 1419 3538 1497 βάδισιν,
3568 1426 3666 1482 καὶ

1995 1508 2134 1578 ἠχῆς
2154 1510 2406 1580 ἀκοῦσαι,
2437 1515 2532 1568 καὶ
2562 1516 2747 1590 φωνὴν
2770 1520 3070 1590 ἐπιγνῶναι
3100 1521 3202 1596 τὴν
3235 1523 3520 1595 φιλτάτην.

2064 1654 2126 1709 δ’.
2169 1656 2384 1732 Ἐπειδὴ
2413 1660 2584 1716 δὲκαὶ
2606 1663 2746 1737 ὑπὲρ
2770 1666 3070 1736 ἀσφαλείας
3085 1670 3323 1742 θρηνεῖς,
3348 1671 3417 1743 ἢν
3434 1670 3500 1725 δι’
3515 1671 3661 1726 ἐκεῖ·

1994 1768 2082 1805 νον
2112 1752 2278 1807 πάλαι
2304 1755 2588 1829 ἐκέκτησο,
2622 1760 2752 1826 ῐσως
2777 1762 2836 1816 δὲ
2859 1765 2956 1818 καὶ
2986 1765 3075 1820 διά
3104 1766 3166 1820 τὸ
3204 1767 3424 1838 μείζους
3462 1768 3664 1839 ἐμφαίί

1992 1865 2104 1903 νειν
2134 1849 2356 1915 ἐλπίδας
2389 1854 2791 1928 εὐδοκιμήσεως
2812 1859 2931 1929 (καὶ
2954 1860 3064 1933 γάρ
3090 1863 3291 1934 ήκουον
3327 1862 3531 1930 εὐθέως
3567 1866 3663 1921 ἐπὶ

1990 1945 2082 2032 τὸν
2111 1945 2220 2001 τῶν
2243 1947 2504 2021 ὑπάρχων
2544 1951 2732 2020 θρόνον
2771 1953 2926 2026 ἥξειν
2955 1958 3144 2023 αὐτὸν,
3174 1960 3205 2014 δ
3253 1960 3490 2032 μάλιστα
3521 1962 3664 2016 πάνυ

1988 2025 2117 2109 των,
2146 2039 2323 2116 οἶμαι,
2374 2047 2668 2120 συστρέφει
2703 2067 2799 2104 σου
2825 2052 2927 2123 τὴν
2953 2052 3133 2125 ψυχὴν
3176 2025 3274 2110 καῖ
3302 2059 3540 2127 συγχεῖ),
3569 2058 3662 2111 ἐν·-

1988 2138 2180 2211 νόησον
2205 2141 2334 2207 τούς
2362 2142 2455 2197 ἐπὶ
2487 2144 2737 2214 μείζονος
2766 2145 3075 2220 ἀξιώματος
3112 2149 3273 2215 ὄντας
3303 2152 3536 2219 ἐκείνου,
3562 2154 3662 2209 καὶ

1985 2234 2078 2290 τὸν
2103 2228 2217 2308 βίον
2258 2237 2462 2312 σφόδρα
2494 2240 2744 2306 ἐλεεινῶς
2796 2244 3293 2318 καταστρέψαντας.
3333 2247 3660 2321 Ἀναμνήσω

1985 2330 2045 2386 δέ
2078 2348 2172 2386 σε’
2205 2331 2480 2407 Θεόδωρον
2521 2335 2652 2402 ἴσως
2703 2337 2922 2403 ἀκούεις
2958 2339 3052 2394 τὸν
3096 2341 3205 2395 ἀπὸ
3245 2342 3524 2408 Σικελίας·
3561 2346 3660 2401 καὶ

1986 2428 2095 2500 γάρ
2111 2427 2221 2485 τῶν
2250 2430 2456 2504 σφόδρα
2485 2433 2771 2506 ἐπισήμων
2797 2433 3089 2508 ἐτύγχανεν
3108 2435 3204 2492 ὧν·
3230 2432 3383 2503 οὗτος
3405 2439 3498 2493 καὶ
3526 2440 3660 2494 κάλ⁸

1985 2524 2066 2579 λει
2088 2527 2180 2581 καὶ
2209 2527 2430 2599 μεγέθει
2452 2528 2703 2601 σώματος
2869 2533 3153 2605 παρρησίᾳ
3180 2536 3248 2607 τῇ
3286 2535 3424 2608 πρὸς
3448 2537 3540 2590 τὸν
3563 2536 3660 2608 βα-

1988 2620 2140 2679 σιλέα
2185 2625 2402 2699 πάντων
2448 2625 2690 2697 κρατῶν,
2719 2606 2830 2681 καί
2865 2626 3162 2700 δυνάμενος
3197 2606 3300 2685 ὅσα
3332 2606 3459 2699 ἡτῶν,
3487 2606 3658 2688 ἐνδον

1988 2719 2371 2792 στρεφομένων
2418 2721 2618 2790 οὐδεὶς,
2647 2723 2749 2778 οὐκ
2776 2724 2976 2797 ήνεγκε
3006 2726 3107 2800 τήν
3126 2728 3435 2800 εὐπραγίαν
3465 2729 3659 2803 πράως

1984 2816 2233 2888 ἐκείνην,
2286 2817 2416 2874 ἀλλ’
2465 2819 2860 2886 ἐπιϐουλεύσας
2898 2821 3109 2893 βασιλεῖ
3139 2824 3236 2879 καὶ
3285 2825 3466 2893 ἁλοὺς,
3496 2826 3660 2905 αὐτὸς

1988 2910 2087 2981 μὲν
2111 2912 2402 2986 ἀπετμήθη
2442 2915 2647 2988 σφόδρα
2674 2917 2946 2984 ἐλεεινῶς,
2984 2921 3020 2992 ή
3052 2920 3110 2974 δέ
3137 2920 3331 2977 τούτου
3353 2922 3514 2995 γυνή,
3564 2924 3658 2978 καὶ

1984 3005 2293 3078 ἀνατροφῆς
2321 3009 2415 3062 καὶ⁹
2459 3009 2650 3079 γένους
2687 3012 2784 3066 καὶ
2810 3012 2920 3069 τῶν
2973 3014 3149 3070 ἀλλων
3171 3017 3443 3074 ,ἁπάντων
3504 3019 3657 3073 οὐδὲν

1983 3100 2201 3157 ἐλαττον
2231 3102 2431 3173 ἔχουσα
2462 3105 2563 3177 τῆς
2608 3107 2889 3176 εὐγενείας
2950 3112 3051 3183 τῆς
3078 3111 3198 3183 σῆς.
3231 3112 3448 3169 πάντων
3500 3116 3656 3185 ἀφνω

1983 3197 2329 3270 γυμνωθεῖσα
2352 3200 2462 3256 τῶν
2494 3203 2666 3275 αὐτῆς
2696 3205 2791 3259 καὶ
2823 3205 2925 3278 τῆς
2952 3206 3268 3282 ἐλευθερίας
3298 3210 3468 3281 αὐτῆς
3489 3211 3656 3264 ἐκπε-

1986 3293 2154 3350 σοῦσα
2182 3298 2300 3360 ταῖς
2325 3302 2624 3368 ταμιακαῖς
2670 3300 2874 3372 ἐρίθοις
2899 3303 3313 3375 ἐγκατελέγετο,
3349 3304 3445 3360 καὶ
3472 3306 3654 3378 πάσης

1985 3388 2360 3463 θεραπαινίδος
2381 3395 2725 3468 οἰκτρότερον
2754 3398 2855 3469 ζῇν
2882 3400 3226 3470 ἠναγκάζετο
3251 3400 3385 3473 βίον,
3400 3400 3654 3457 τοσοῦτον

1982 3486 2181 3558 ἐχουσα
2207 3487 2316 3543 τῶν
2356 3490 2533 3545 ἀλλων
2579 3492 2762 3560 πλέον,
2791 3495 2916 3550 ὅσον
2941 3497 3030 3550 διὰ
3060 3497 3160 3570 τὴν
3209 3499 3513 3573 ὑπερϐολὴν
3551 3500 3653 3572 τῆς

1985 3585 2267 3655 συμφορᾶς
2292 3584 2586 3657 ἐδακρύετο
2607 3588 2759 3660 παρά
2776 3590 2884 3643 τῶν
2905 3590 3158 3664 ὁρώντων
3175 3596 3432 3651 ἀπάντων
3454 3597 3650 3669 αὐτήν.

1980 3679 2213 3748 Λέγεται
2240 3680 2299 3734 δὲ
2331 3683 2422 3736 καὶ
2445 3684 2763 3756 Ἀρτεμισία
2794 3687 2987 3761 ἀνδρὸς
3016 3692 3221 3763 σφόδρα
3246 3693 3536 3765 εὐδοκίμου
3559 3711 3653 3764 γε·

1980 3776 2178 3848 νομένη
2213 3778 2372 3851 γυνὴ,
2400 3780 2588 3853 ἐπειδὴ
2636 3784 2887 3848 κάκεῖνος
2933 3788 3246 3858 τυραννίδος
3277 3791 3648 3863 ἐπεθύμησεν,

1978 3872 2151 3938 οὕτως
2176 3876 2257 3939 είς
2276 3875 2482 3948 ταύτην
2504 3876 2603 3950 τὴν
2632 3879 2822 3934 πενίαν
2833 3881 3007 3938 ἐλθεῖν
3036 3884 3130 3939 καὶ
3156 3886 3254 3957 τὴν
3279 3889 3548 3961 πήρωσιν.
3574 3891 3650 3945 Τό

1962 3987 2040 4057 ,τε
2070 3970 2179 4044 γάρ
2234 3972 2463 4044 μέγεθος
2509 3975 2609 4046 τῆς
2642 3977 2903 4048 ἀθυμίας,
2953 3979 3014 4034 τό
3054 3998 3115 4035 τε
3173 3983 3377 4055 πλῆθος
3413 3986 3522 4041 τῶν
3554 3988 3647 4043 δα-

1979 4066 2162 4139 κρύων
2183 4066 2551 4145 ἐσϐεσεναύτῇ
2575 4072 2703 4138 τοὺς
2729 4073 3060 4148 ὀφθαλμούς·
3090 4078 3187 4132 καὶ
3214 4079 3310 4134 νῦν
3349 4082 3459 4137 τῶν
3485 4100 3647 4156 χειρ-

1978 4167 2373 4238 αγωγησόντων
2408 4168 2577 4224 δεῖται
2634 4174 2729 4225 καὶ
2774 4173 2911 4245 πρὸς
2938 4174 3038 4238 τὰς
3067 4175 3270 4248 ἐτέρων
3297 4178 3534 4242 ἀξόντων
3553 4179 3647 4234 θύ-

1982 4278 2097 4334 ρας,
2135 4264 2221 4317 ῖνα
2243 4266 2342 4335 τῆς
2369 4266 2673 4336 ἀναγκαίας
2703 4268 2877 4333 οὕτως
2895 4271 3149 4341 εὐπορεῖν
3171 4273 3271 4344 ἐχῃ
3290 4274 3515 4347 τροφῆς.
3532 4276 3644 4331 Καὶ

1978 4358 2180 4424 πολλάς
2205 4360 2271 4415 ἀν
2303 4361 2499 4433 ἐτέρας
2536 4358 2682 4434 εἶχον
2710 4364 3084 4443 οἰκίαςείπεῖν
3121 4367 3264 4421 οὕτω
3302 4372 3645 4443 κατενεχθεί-

1979 4470 2099 4520 σας,
2137 4458 2186 4510 εί
2219 4455 2294 4529 μὴ
2323 4458 2425 4529 τήν
2445 4474 2504 4511 τε
2537 4459 2823 4515 εὐλάϐειαν
2875 4463 2971 4516 καὶ
3006 4462 3105 4535 τὴν
3143 4464 3359 4519 σύνεσιν
3390 4466 3488 4537 τῆς
3540 4466 3643 4539 σῆς

1976 4552 2291 4625 ἠπιστάμην
2311 4554 2506 4626 ψυχῆς,
2552 4558 2653 4610 οὐκ
2677 4559 2741 4611 ἐκ
2769 4557 2877 4613 τῶν
2911 4558 3204 4633 ἀλλοτρίων
3226 4562 3410 4618 κακῶν
3430 4566 3530 4637 τῆς
3560 4567 3643 4620 ol-

1976 4649 2131 4714 κείας
2181 4653 2463 4723 συμφορᾶς
2497 4654 2853 4725 παραμυθίαν
2906 4655 3241 4732 βουλομένην
3277 4659 3476 4734 εὐρεῖν.
3532 4663 3643 4717 Καὶ

1974 4746 2178 4802 τούτων
2209 4749 2284 4815 δὲ,
2303 4742 2376 4803 ὧν
2408 4751 2703 4824 ἐμνήσθην,
2737 4752 2803 4806 δι’
2826 4754 2977 4809 οὐδὲν
3004 4757 3191 4829 ἕτερον
3226 4759 3500 4833 ἐμνήσθην
3521 4760 3638 4826 νῦν,

1975 4845 2090 4900 ἀλλ’
2123 4846 2208 4901 ἵνα
2235 4847 2412 4919 μάθῃς
2452 4849 2534 4902 ὅτι
2568 4849 2637 4904 τά
2654 4849 2968 4923 ἀνθρώπινα
3006 4854 3157 4908 οὐδέν
3177 4856 3291 4937 ἐστι
3317 4856 3637 4928 πράγματα.

1975 4944 2095 5000 ἀλλ’
2118 4945 2351 5018 ἀληθῶς,
2381 4945 2456 5012 ὡς
2477 4948 2507 5000 ό
2535 4950 2818 5020 προφήτης
2848 4951 3002 5021 φησὶ,
3035 4951 3212 5007 Πᾶσα
3248 4952 3400 5018 δόξα
3426 4954 3641 5023 ἀνθρώ·

1974 5058 2092 5099 που
2109 5045 2188 5111 ὠς
2214 5044 2400 5112 ἄνθος
2423 5046 2660 5115 χόρτου.
2679 5048 2829 5119 Ὀσῳ
2851 5048 2960 5120 γάρ
2988 5049 3055 5104 ἂν
3071 5049 3283 5122 ἐπαρθῇ
3305 5051 3400 5104 καὶ
3427 5051 3634 5126 λάμψῃ,

1970 5141 2209 5212 τοσούτῳ
2239 5141 2461 5213 μείζονα
2490 5142 2589 5213 τὴν
2626 5143 2835 5199 πτῶσιν
2859 5145 3173 5217 ἐργάζεται,
3200 5147 3262 5200 οὐ
3304 5145 3375 5201 τά
3402 5146 3512 5204 τῶν
3540 5149 3646 5222 ἀρ-

1971 5236 2215 5308 χομένων
2263 5238 2442 5308 μόνον,
2479 5237 2615 5292 ἀλλά
2647 5239 2835 5295 καὶτὰ
2857 5242 2967 5296 τῶν
3020 5243 3636 5314 βασιλευόπωναύτῶν.

1973 5331 2106 5385 Οὐδέ
2134 5332 2245 5405 γάρ
2298 5333 2364 5387 ἂν
2389 5332 2540 5405 εὖροι
2583 5351 2670 5399 τις
2721 5337 2899 5392 οἰκίαν
2935 5339 3207 5413 ἰδιωτικὴν
3230 5343 3500 5399 τοσούτων
3535 5346 3633 5417 ἐμ-

1974 5426 2363 5499 πεπλησμένην
2393 5427 2707 5500 συμφορῶν,
2765 5431 2906 5486 ὅσων
2954 5432 3027 5488 τά
3066 5434 3313 5506 βασίλεια
3341 5438 3505 5512 γέμει
3529 5438 3640 5494 τῶν

2248 5633 2414 5695 Con»;
2449 5633 2624 5688 Morel.
2679 5636 2968 5702 ἀφθαρσίαν,
3037 5640 3186 5695 Savil.
3245 5646 3503 5713 ἀφθαρσίαν
3554 5646 3636 5695 χιι

1973 5693 2250 5743 ἀθανασίαν.

2782 5880 2813 5893 κ,
