4056 6208
419 243 530 301 605

420 357 626 411 κακῶν.
649 357 761 411 Καὶ
784 357 891 429 γάρ
916 357 1166 428 ὁρφανίαι
1198 357 1387 429 ἀωροι,
1412 359 1505 410 καὶ
1536 359 1770 428 χηρεῖαι,
1799 355 1893 409 καὶ
1920 354 2083 410 θάνα-

422 462 503 498 τοι
528 442 676 517 [544]
701 445 883 515 βίαιοι,
916 446 1008 499 καὶ
1029 446 1137 499 τῶν
1168 447 1227 499 ὲν
1256 448 1372 509 ταῖς
1401 445 1728 515 τραγῳδίαις
1762 437 2084 515 παρανομώ-

421 545 569 603 τεροι
589 531 767 604 πολλῷ
817 534 910 586 καὶ
943 533 1253 605 πικρότεροι
1289 531 1523 603 μάλιστα
1551 533 1632 593 είς
1658 530 1862 603 ταύτην
1911 546 2082 584 κατα-

424 619 723 690 σκήπτουσι
750 620 847 690 τὴν
876 621 1068 693 ἀρχήν.
1145 643 1160 656 ο

495 740 609 794 Kal
650 741 736 795 ῖνα
784 739 852 795 τά
908 741 1111 795 παλαιά
1165 741 1390 813 ἀφῶμεν
1410 782 1425 805 ,
1488 742 1596 795 τῶν
1655 739 2084 811 βασιλευσάντων

425 825 519 880 ἐπὶ
584 829 682 897 τῆς
739 830 930 896 γενεᾶς
975 828 1075 898 τῆς
1121 829 1396 900 ἡμετέρας
1420 869 1436 891 ,
1496 828 1649 881 ἐννέα
1709 825 2085 897 γεγενημένων

425 913 696 977 ἁπάντων,
727 913 819 967 δύο
856 914 1004 984 μόνοι
1034 916 1195 987 κοινῷ
1242 915 1453 987 θανάτῳ
1491 916 1581 970 τὸν
1612 915 1725 986 βίον
1765 914 2083 967 κατέλυσαν·

423 998 534 1051 τῶν
561 1000 617 1053 δὲ
670 1001 841 1054 ἀλλων
881 1003 909 1054 6
955 1003 1053 1072 μὲν
1089 1002 1194 1057 ύπὺ
1245 1005 1527 1075 τυράννου,
1555 1004 1584 1056 6
1631 1003 1688 1056 δὲ
1721 1003 1779 1054 ἐν
1831 1001 2084 1071 πολέμῳ,

424 1088 454 1138 6
498 1086 555 1139 δὲ
606 1087 709 1140 ὑπὸ
760 1088 867 1141 τῶν
919 1088 1067 1144 ἔνδον
1126 1090 1496 1160 φυλαττόντων
1550 1090 1712 1145 αὐτὸν
1772 1086 2087 1141 ἐπιϐουλευ-

425 1173 558 1237 θεὶς,
618 1175 646 1227 6
692 1174 750 1228 δὲ
814 1176 906 1228 ὑπ’
957 1177 1120 1231 αὐτοῦ
1177 1177 1272 1232 τοῦ
1318 1179 1809 1249 χειροτονήσαντος,
1856 1176 1950 1228 καὶ
1988 1174 2087 1245 τὴν

425 1257 717 1331 ἁλουργίδα
752 1264 1062 1336 περιθέντος
1090 1267 1257 1337 αὐτῷ·
1291 1268 1348 1320 αί
1383 1267 1439 1320 δέ
1472 1265 1678 1329 τούτοις
1703 1265 2087 1334 συνοικήσασαι

425 1352 701 1414 γυναῖκες,
724 1352 779 1404 αἱ
809 1352 926 1421 μὲν,
951 1352 1027 1416 ῶς
1051 1371 1203 1422 φασι,
1246 1354 1558 1427 φαρμάκοις
1603 1354 1891 1416 ἀπέθανον,
1917 1351 1974 1404 al
2029 1350 2089 1403 δὲ

427 1433 535 1486 ὑπὸ
561 1436 660 1506 τῆς
691 1437 929 1508 ἀθυμίας
954 1441 1146 1511 αὐτῆς.
1188 1442 1308 1495 Τῶν
1344 1442 1401 1496 δὲ
1455 1442 1535 1496 ἔτι
1570 1440 1873 1512 περιουσῶν
1898 1442 1933 1509 ἡ
1992 1438 2090 1509 μὲν

427 1522 595 1575 παῖδα
622 1523 822 1593 ἔχουσα
848 1528 1083 1596 ὀρφανὸν
1127 1529 1320 1600 τρέμει
1346 1530 1441 1583 καὶ
1464 1530 1670 1583 δέδοικε
1699 1530 1773 1600 μή
1804 1545 1890 1591 τις
1926 1526 2090 1579 αὐτὸν

427 1607 537 1661 τῶν
569 1611 911 1682 κρατούντων
933 1614 1081 1686 φόϐῳ
1107 1616 1216 1669 τῶν
1253 1616 1551 1687 μελλόντων
1581 1615 1765 1687 ἀνέλῃ·
1801 1616 1834 1685 ἡ
1858 1614 1915 1668 δὲ
1938 1612 2090 1683 μόλις

429 1695 638 1750 πολλῶν
668 1699 963 1767 δεηθέντων
995 1704 1102 1758 ἀπὸ
1124 1705 1223 1775 τῆς
1244 1705 1537 1777 ὑπερορίας
1564 1703 1882 1775 ἐπανῆλθεν,
1918 1703 1998 1764 είς
2025 1703 2091 1772 ἢν

429 1782 599 1855 αὐτὴν
630 1787 658 1839 6
685 1789 900 1857 κρατῶν
931 1789 1152 1856 ἐξέϐαλε
1183 1792 1466 1863 πρότερον.
1495 1791 1615 1846 Τῶν
1641 1791 1699 1844 δὲ
1731 1792 1843 1853 τοῖς
1866 1788 1961 1845 νῦν
1993 1789 2090 1860 βα-

432 1870 702 1927 σιλεύουσι
759 1877 1115 1951 συνοικουσῶν
1141 1879 1173 1949 ἡ
1204 1878 1302 1949 μὲν
1355 1879 1465 1933 ἀπὸ
1490 1877 1601 1931 τῶν
1650 1879 1934 1949 προτέρων
1956 1877 2090 1931 ἀνα-

430 1959 713 2014 πνεύσασα
766 1964 1059 2036 συμφορῶν
1112 1966 1566 2037 ἀναμεμιγμένην
1622 1964 1734 2036 ἔχει
1775 1965 1974 2037 πολλὴν
2021 1966 2091 2036 τῇ

431 2046 591 2117 ἡδονῇ
624 2049 723 2120 τὴν
744 2050 933 2121 ὀδύνην
962 2053 1051 2107 διὰ
1077 2053 1139 2107 τὸ
1162 2053 1364 2125 σφόδρα
1392 2054 1474 2108 ἔτι
1499 2053 1618 2107 νέον
1646 2049 1787 2108 εἶναι
1822 2053 1917 2107 καὶ
1939 2052 2096 2107 ἀπει-

436 2148 529 2204 ρον
560 2136 652 2190 τὸν
684 2140 1004 2209 κρατοῦντα,
1044 2141 1139 2195 καὶ
1168 2139 1397 2204 πολλοὺς
1447 2141 1772 2211 πολλαχόθεν
1798 2139 1942 2210 ἔχειν
1969 2142 2096 2203 τοὺς

434 2222 897 2292 ἐπιϐουλεύοντας·
931 2229 965 2299 ἡ
984 2228 1040 2281 δὲ
1072 2228 1410 2297 ἀποτέθνηκε
1435 2227 1514 2299 τῷ
1539 2229 1671 2292 δέει,
1730 2229 1826 2282 καὶ
1856 2226 1965 2282 τῶν
1993 2244 2096 2281 κα-

432 2309 665 2364 ταδίκων
694 2312 1021 2385 ἀθλιώτερον
1057 2316 1122 2388 ζῇ
1154 2315 1241 2370 διά
1276 2316 1338 2369 τὸ
1371 2316 1462 2370 τὸν
1514 2316 1683 2387 ἀνδρα
1710 2316 1901 2385 αὐτῆς,
1944 2314 2004 2380 ἐξ
2033 2305 2096 2368 οὗ

433 2395 497 2450 τὸ
522 2396 753 2470 διάδημα
787 2401 1078 2473 ἀνεδήσατο
1117 2403 1272 2475 μέχρι
1309 2404 1409 2475 τῆς
1441 2405 1703 2475 σήμερον,
1755 2405 1814 2457 ὲν
1840 2403 2098 2474 πολέμοις

435 2484 726 2554 διατρίϐειν
753 2487 845 2540 καὶ
861 2490 1084 2559 μάχαις,
1120 2492 1213 2545 καὶ
1230 2491 1337 2545 τῶν
1364 2492 1656 2562 συμφορῶν
1681 2491 1844 2545 πλέον
1874 2491 1978 2544 ὑπὸ
1998 2490 2099 2561 τῆς

437 2571 697 2642 αἰσχύνης
724 2574 1105 2629 ἀναλίσκεσθαι
1134 2577 1230 2632 καὶ
1260 2580 1374 2640 τοῖς
1396 2579 1545 2648 παρὰ
1575 2578 1791 2632 πάντων
1816 2577 2096 2631 ὀνείδεσιν.

443 2657 512 2711 Ὃ
538 2658 646 2729 γάρ
677 2660 944 2730 μηδέποτε
964 2665 1177 2732 γέγονε,
1208 2665 1406 2736 συνέϐη
1440 2665 1565 2731 νῦν,
1620 2665 1716 2719 καὶ
1765 2665 1863 2736 τὴν
1922 2665 2101 2719 αὐτῶν

438 2745 671 2813 ἀφέντες
697 2748 1034 2822 οίνβάρϐαροι
1060 2751 1242 2823 χώραν
1262 2765 1289 2794 ι
1314 2752 1540 2824 μυρίους
1569 2752 1816 2817 σταδίους
1842 2756 1942 2825 τῆς
1972 2755 2102 2823 ἡμε-

437 2830 603 2902 τέρας
623 2832 715 2886 καὶ
748 2834 1004 2900 πολλάκις
1024 2837 1309 2903 τοσούτους
1333 2840 1659 2909 ἐπέδραμον,
1685 2841 1778 2893 καὶ
1802 2840 1902 2903 τὰς
1920 2839 2102 2911 χώρας

440 2919 901 2989 κατακαύσαντες,
940 2925 1032 2978 καὶ
1058 2924 1157 2989 τάς
1188 2926 1371 2991 πόλεις
1402 2926 1644 2992 ἑλόντες,
1704 2927 1803 2981 οὐκ
1829 2927 2102 2982 ἐθέλουσιν

443 3004 801 3078 ὑποστρέφειν
832 3010 1011 3065 οἴκαδε
1040 3012 1221 3078 πάλιν,
1244 3013 1357 3067 ἀλλ’
1408 3013 1597 3085 ῶσπερ
1622 3013 1937 3086 χορεύοντες
1967 3015 2104 3085 μᾶλο

441 3090 587 3165 λονὴ
620 3097 995 3168 πολεμοῦντες,
1040 3100 1182 3155 οὕτω
1235 3102 1577 3174 καταγελῶσι
1630 3103 1758 3166 τοὺς
1804 3102 2104 3174 ἡμετέρους

441 3178 705 3247 ἅπαντας·
736 3186 829 3239 καί
874 3204 995 3242 τινα
1021 3189 1130 3244 τῶν
1157 3192 1286 3263 παρ’
1310 3190 1537 3255 ἐκείνοις
1591 3189 1853 3261 βασιλέων
1878 3190 2040 3261 φασὶν
2074 3190 2103 3231 ιι

443 3271 614 3324 εἰπεῖν
637 3274 717 3327 ὅτι
746 3273 844 3344 τῆς
868 3276 1247 3347 ἀναισχυντίας
1274 3277 1627 3350 ἐκπλήττοιτο
1656 3280 1781 3342 τοὺς
1804 3278 2106 3350 ἡμετέρους

445 3361 812 3430 στρατιώτας,
893 3364 941 3416 οἲ
997 3366 1194 3436 μᾶλλον
1244 3366 1532 3438 προϐάτων
1602 3366 2106 3437 κατασφαττόμενοι

445 3446 816 3518 προσδοκῶσιν
837 3450 917 3504 ἔτι
944 3455 1122 3524 νικᾷν,
1152 3453 1246 3508 καὶ
1282 3455 1381 3508 οὐκ
1415 3454 1688 3508 ἐθέλουσιν
1718 3455 1976 3526 ἐκστῆναι
2005 3454 2106 3524 τῆς

446 3533 673 3588 ἑαυτῶν·
704 3536 865 3602 αὐτὸς
889 3538 987 3609 μὲν
1013 3540 1120 3612 γὰρ
1140 3540 1344 3611 ἔφασκε
1375 3541 1468 3595 καὶ
1491 3541 1652 3613 κόρον
1678 3541 1955 3613 εἰληφέναι
1980 3541 2109 3595 πολ-

392 3648 397 3655 ·
445 3620 601 3686 λάκις
623 3625 977 3681 κατακόπτων
1014 3629 1229 3693 αὐτούς.
1257 3630 1422 3683 Ποίαν
1459 3621 1551 3683 οὖν
1584 3629 1685 3683 οἴει
1721 3631 1815 3684 καὶ
1836 3630 1926 3684 τὸν
1956 3629 2108 3700 βασι-

446 3708 563 3774 λέα,
591 3711 683 3763 καὶ
709 3713 808 3785 τὴν
839 3715 1025 3770 τούτου
1045 3720 1287 3787 γυναῖκα
1305 3718 1475 3773 ταῦτα
1507 3718 1808 3773 ἀκούουσαν
1835 3719 1902 3772 τά
1929 3720 2108 3791 ῥήμα-

446 3811 537 3863 τα,
568 3796 713 3868 ἔχειν
731 3798 939 3872 ψυχήνς

518 3926 583 3975 ε’.
606 3921 822 3993 Ἐπειδὴ
844 3923 900 3977 δὲ
919 3925 1192 3998 ἐμνήσθην
1211 3926 1305 3981 τοῦ
1331 3927 1566 4000 πολέμου
1591 3927 1799 3995 τούτου,
1824 3929 1989 4000 ἐσμός
2017 3946 2107 4000 μοι

448 4007 616 4073 πολὺς
650 4009 832 4081 χηρῶν
876 4013 1200 4085 ἐπέδραμεν,
1231 4016 1287 4070 αἳ
1328 4016 1492 4070 πάλαι
1524 4028 1546 4055 '-
1575 4017 1673 4086 μὲν
1706 4017 1909 4087 σφόδρα
1941 4017 2109 4088 ἐλαμ-

449 4113 551 4150 πον
575 4097 683 4151 ἀπὸ
713 4098 812 4170 τῆς
841 4099 948 4153 τῶν
975 4101 1180 4173 ἀνδρῶν
1215 4105 1401 4175 τιμῆς,
1454 4105 1551 4159 νῦν
1586 4104 1643 4159 δὲ
1666 4105 1879 4177 ἀθρόως
1902 4104 2110 4160 ἅπασαι

450 4185 693 4259 πενθήρη
714 4189 807 4241 καὶ
835 4188 1088 4259 μέλαιναν
1114 4194 1467 4264 περιθέμεναι
1502 4194 1694 4268 στολὴν
1728 4197 1984 4268 θρηνοῦσι
2017 4197 2109 4250 τὸν

451 4271 666 4328 ἅπαντα
702 4276 910 4347 χρόνον.
941 4279 1075 4332 Οὐδὲ
1095 4279 1204 4350 γὰρ
1240 4280 1397 4335 τοῦτο
1425 4282 1616 4347 αὐταῖς
1658 4284 1920 4355 ὑπῆρξεν,
1975 4285 2109 4357 ὅπερ

449 4363 518 4432 τῇ
544 4364 701 4435 τιμία
735 4382 825 4419 σου
856 4367 1087 4439 κεφαλῇ.
1142 4370 1215 4424 Σὺ
1248 4371 1348 4441 μὲν
1398 4371 1527 4444 γάρ,
1575 4365 1621 4425 ὧ
1671 4371 1968 4443 θαυμασία,
2016 4374 2112 4427 xal

452 4448 700 4520 κείμενον
727 4454 819 4506 ἐπὶ
863 4457 961 4525 τῆς
1006 4456 1195 4528 κλίνης
1249 4454 1389 4521 εἶδες
1416 4459 1503 4513 τὸν
1541 4458 1704 4513 καλὸν
1730 4461 1934 4513 ἐκεῖνον
1955 4498 1970 4523 ,
2018 4461 2113 4514 καὶ

452 4536 685 4608 ἐσχάτης
704 4539 943 4609 ἤκουσας
971 4544 1173 4613 φωνῆς.
1203 4545 1299 4598 καὶ
1324 4546 1445 4600 τίνα
1468 4547 1575 4620 χρὴ
1604 4544 1808 4619 πρᾶξαι
1837 4548 1979 4619 ὑπὲρ
2004 4547 2113 4602 τῶν

454 4626 795 4695 πραγμάτων
820 4629 919 4699 τῆς
953 4630 1131 4695 οἰκίας
1161 4631 1363 4700 ἔμαθες
1393 4634 1838 4706 ἐπισκήπτοντος,
1883 4636 1977 4689 καὶ⁸
2026 4636 2116 4690 διὰ

454 4709 565 4764 τῶν
590 4709 860 4785 διαθηκῶν
881 4715 1097 4771 ἀπασαν
1121 4721 1233 4783 τοῖς
1261 4720 1613 4786 πλεονέκταις
1633 4724 1726 4776 καὶ
1754 4723 2116 4792 συκοφάνταις

459 4798 892 4871 ἁποτειχίζοντος
928 4803 1132 4873 ἔφοδον.
1186 4807 1294 4860 Kal
1323 4808 1385 4861 ού
1418 4807 1575 4861 τοῦτο
1607 4809 1785 4880 μόνον,
1832 4810 1970 4864 ἀλλά
2023 4810 2118 4865 καὶ

458 4886 636 4959 νεκρῷ
659 4888 738 4942 ἔτι
766 4891 1001 4965 κειμένῳ
1034 4893 1291 4957 πολλάκις
1314 4894 1598 4960 ἐπέπεσες,
1631 4896 1725 4951 καὶ
1752 4897 2120 4969 κατεφίλησας

456 4976 785 5048 ὀφθαλμοὺς,
804 4980 899 5033 καὶ
928 4982 1273 5054 περιεχύθης,
1298 4984 1391 5036 καὶ¹
1422 4981 1723 5047 ἐκώκυσας,
1751 4986 1846 5039 καὶ
1865 5002 2119 5058 προπεμι-

456 5065 657 5135 φθέντα
689 5066 827 5135 εἶδες
856 5071 993 5141 μετά
1020 5072 1220 5142 πολλῆς
1244 5072 1344 5141 τῆς
1377 5071 1541 5142 τιμῆς
1574 5070 1744 5143 [345].
1779 5074 1873 5127 καὶ
1897 5074 1964 5128 τὰ
1983 5074 2120 5144 πρὸς

454 5156 558 5228 τὴν
583 5158 758 5230 ταφὴν
782 5160 958 5213 πάντα
1008 5159 1268 5230 ἔπραξας,
1305 5158 1381 5223 ὡς
1414 5159 1687 5231 προσῆκον
1716 5156 1803 5232 ἦν,
1858 5162 1953 5216 καὶ
1980 5164 2120 5234 πρὸς

455 5245 551 5299 τὸν
575 5247 744 5316 τάφον
777 5248 1036 5313 πολλάκις
1072 5248 1342 5319 ἐρχομένη
1379 5251 1470 5303 τὸν
1523 5250 1733 5303 ἐκείνου
1769 5250 2119 5322 παραμυθίαν

512 5491 539 5569 ξ
571 5500 649 5569 Sic
673 5501 809 5569 (ζόῃ).
832 5503 1047 5569 θὶξιινίί.
1072 5502 1125 5552 In
1152 5504 1323 5569 1More].
1351 5508 1510 5569 χώραν
1528 5506 1689 5556 deest.

522 5560 552 5628 ξ)
574 5560 812 5628 ξὶο-(ῖοιι).
834 5566 1045 5628 e‘lSavil.
1066 5569 1131 5616 At
1152 5565 1322 5615 Morel.
1351 5560 1506 5628 ξηὰίν.

516 5627 539 5653 ι’
564 5623 709 5692 finit}.
733 5628 791 5692 ριῖ⁸
808 5626 977 5692 πάλαι,
1002 5640 1113 5692 φηςι
1139 5628 1284 5692 lecti};
1314 5623 1561 5692 pifabstare
1608 5631 1813 5682 videtur.
1863 5628 2035 5679 Morel.
2067 5635 2119 5680 et

464 5685 614 5737 Savil.
641 5687 690 5735 αἲ
715 5688 902 5749 πολλαί,
929 5695 981 5738 el
1002 5685 1065 5738 ila
1091 5688 1215 5753 legit
1240 5685 1476 5739 Nohilius.

1194 237 1253 295 S.
1289 233 1571 296 JOANNIS
1609 232 2094 291 CHRYSOSTOMI
2132 208 2451 291 ARCHIEP.
2492 229 3036 289 CONSTANTINOP.

3741 233 3847 290 606

2189 356 2333 428 ἔχεις
2368 359 2468 430 τῆς
2497 358 2686 428 ὀδύνης
2713 360 2775 411 οὐ
2831 353 3050 428 μικράν.
3091 342 3260 405 Ᾱῧται
3284 349 3341 403 δὲ
3371 346 3569 401 τούτων
3591 346 3842 400 ἀπάντων

2189 434 2536 516 ἐστέρηνται,
2574 443 2922 515 ἐκπέμψασαι
2952 440 3050 510 μὲν
3092 441 3172 502 εἰς
3202 436 3440 505 πόλεμον
3486 433 3695 487 ἅπασαι
3721 434 3844 496 τοὺς

2189 532 2395 584 ἑαυτῶν
2420 533 2635 604 ἄνδρας,
2663 531 2737 595 ὡς
2764 529 2926 584 πάλιν
2954 524 3149 589 αὐτοὺς
3177 523 3601 593 ἀποληψόμεναι,
3633 520 3755 572 ἀντὶ
3788 519 3846 572 δέ

2189 619 2410 673 ἐκείνων
2430 619 2525 690 τὴν
2554 618 2753 689 πικρὰν
2783 619 2881 689 τῆς
2907 614 3162 683 τελευτῆς
3192 610 3368 665 αὐτῶν
3399 607 3654 676 ἀγγελίαν
3690 605 3849 676 στρέο

2190 722 2377 774 φονται
2399 705 2707 776 δεξάμεναι.
2732 704 2867 758 Οὐδὲ
2892 702 3002 772 γὰρ
3024 700 3093 754 τά
3120 696 3347 770 σώματά
3365 714 3449 761 τις
3477 695 3653 749 αὐτῶν
3689 691 3850 763 κομί·

2191 791 2298 855 ζων
2326 793 2627 863 ἐπανῆλθεν
2652 792 2862 855 αὑταῖς,
2905 789 3041 845 ἀλλά
3066 789 3285 859 ῥήματα
3331 785 3487 856 μόνον
3514 782 3608 835 τόν
3645 780 3850 851 τρόπον

2189 878 2518 950 διηγούμενα
2539 880 2640 951 τῆς
2661 879 2935 948 τελευτῆς.
2971 876 3093 930 Εἰσὶ
3134 876 3191 929 δὲ
3218 873 3275 926 αἳ
3299 872 3421 927 οὐδὲ
3449 869 3655 938 ταύτης
3684 864 3851 937 ἠξιώ-

2192 964 2362 1035 θησαν
2387 967 2486 1037 τῆς
2505 966 2826 1037 διηγήσεως,
2856 963 2977 1017 οὐδὲ
3003 964 3148 1027 ὅπως
3174 960 3472 1015 κατέπεσον
3505 956 3696 1028 μαθεῖν
3727 952 3852 1023 ἡδυ-

2191 1051 2451 1123 νήθησαν,
2480 1054 2538 1106 ἐν
2571 1053 2750 1127 πολλῷ
2787 1052 2866 1124 τῷ
2905 1051 3098 1123 πλήθει
3130 1049 3228 1118 τῆς
3277 1044 3549 1117 συμϐολῆς
3599 1056 3853 1109 καταχω-

2194 1137 2423 1194 σθέντων
2450 1139 2647 1195 αὐτῶν.

2261 1261 2373 1315 Kal
2415 1260 2469 1315 τί
2502 1261 2830 1333 θαυμαστὸν,
2875 1259 2925 1314 εἰ
2962 1258 3072 1312 τῶν
3105 1254 3424 1328 στρατηγῶν
3453 1251 3625 1314 οὓτως
3654 1247 3859 1302 ἀπέθα-

2194 1361 2282 1399 νον
2312 1346 2362 1399 οἱ
2388 1346 2590 1413 πολλοὶ,
2615 1347 2746 1400 ὅπου
2786 1364 2851 1416 γε
2880 1346 2974 1399 καὶ
3016 1344 3178 1406 αὐτὸς
3208 1344 3238 1395 6
3269 1340 3517 1411 βασιλεὺς
3544 1338 3625 1399 εἰς
3659 1334 3858 1405 κώμην

2193 1432 2315 1487 τινά
2365 1433 2715 1505 ἀπολειφθεὶς
2779 1435 2896 1505 μετ’
2948 1433 3144 1500 ὀλίγων
3203 1424 3547 1499 στρατιωτῶν
3618 1420 3856 1485 ἐξελθεῖν

2199 1521 2296 1590 μέν
2349 1523 2444 1575 καὶ
2499 1522 2815 1592 ἀντιστῆναι
2860 1524 2971 1585 τοῖς
3025 1517 3340 1573 ἐπελθοῦσιν
3405 1514 3505 1568 οὐκ
3565 1510 3862 1580 ἐτόλμησε,

2199 1609 2375 1676 μένων
2404 1609 2461 1662 δὲ
2488 1609 2632 1662 ένδον
2670 1608 2783 1681 πῦρ
2820 1608 3131 1679 ἐξαψάντων
3158 1603 3380 1658 ἐκείνων
3409 1596 3855 1669 συγκατεφλέχὴ

2194 1698 2307 1758 τοῖς
2342 1695 2488 1749 ένδον
2516 1696 2718 1750 ἀπασιν
2756 1697 2857 1749 οὐκ
2902 1695 3125 1767 ἀνδράσι
3160 1693 3339 1764 μόνον,
3374 1687 3511 1743 ἀλλά
3536 1687 3632 1741 xal
3669 1685 3858 1748 ἵπποις

2197 1783 2289 1837 καὶ
2315 1783 2490 1847 δοκοῖς
2517 1784 2612 1837 καὶ
2651 1783 2872 1854 τοίχοις,
2905 1784 3002 1837 καὶ
3033 1780 3212 1835 πάντα
3258 1778 3357 1849 μία
3390 1775 3418 1817 ἀ
3446 1775 3633 1844 γέγονε
3670 1772 3821 1834 κόνις
3839 1788 3857 1837 ;

2197 1871 2309 1925 Kal
2369 1871 2573 1944 ταύτην
2629 1871 2681 1924 οἱ
2741 1871 2878 1942 μετά
2945 1868 3040 1923 τοῦ
3087 1865 3348 1938 βασιλέως
3408 1861 3732 1921 ἀπελθόντες
3778 1860 3859 1921 εἰς

2198 1958 2430 2031 πόλεμον
2458 1959 2579 2014 ἀντὶ
2600 1959 2695 2013 τοῦ
2717 1958 2978 2028 βασιλέως
3004 1953 3302 2026 ἐπανῆλθον
3328 1954 3395 2023 τῇ
3423 1948 3641 2020 γυναικὶ
3670 1947 3860 2017 φέρον-

2197 2062 2290 2109 τες
2315 2047 2414 2118 τὴν
2454 2047 2662 2117 φωνήν.
2695 2045 2861 2100 Οὐδὲν
2901 2043 3032 2115 γὰρ,
3067 2042 3218 2096 οὐδὲν
3245 2038 3356 2092 τῶν
3380 2039 3439 2090 ἐν
3472 2037 3539 2106 τῇ
3575 2036 3748 2104 σκηνῇ
3769 2048 3858 2118 τις

2200 2117 2441 2204 νομένων
2486 2135 2580 2188 καὶ
2630 2135 2731 2204 τῆς
2757 2132 2865 2186 τῶν
2903 2130 3136 2203 ἐαρινῶν
3179 2127 3387 2181 ἀνθέων
3420 2134 3444 2163 θ
3469 2122 3617 2193 ὥρας
3665 2118 3739 2172 τὰ
3761 2117 3858 2171 τοῦ

2201 2220 2405 2292 κόσμου
2437 2220 2666 2292 λαμπρὰ
2691 2220 2982 2289 διενήνοχε.
3034 2214 3256 2284 Πρῶτον
3270 2212 3381 2282 μὲν
3408 2210 3516 2281 γὰρ
3543 2208 3671 2277 πρὶν
3698 2206 3733 2276 ἦ
3758 2221 3865 2273 φα⁴

2201 2314 2356 2384 νῆναι
2383 2313 2701 2382 ἀφίπταται·
2729 2311 2920 2365 ἔπειτα
2946 2308 3026 2374 δὲ,
3064 2307 3170 2361 κᾶν
3201 2305 3394 2377 μικρὸν
3421 2304 3711 2373 ἀναμεῖναι
3733 2298 3865 2353 ἀνά-

2204 2416 2399 2471 σχηται
2437 2399 2648 2472 χρόνον,
2697 2398 2895 2462 εὐθέως
2945 2394 3225 2465 εὔφθαρτα
3257 2394 3487 2461 γίνεται.
3520 2388 3585 2442 Τί
3638 2387 3744 2458 γάρ
3766 2388 3865 2456 τῆς

2206 2487 2357 2560 παρά
2377 2487 2485 2541 τῶν
2518 2485 2727 2541 πολλῶν
2744 2484 2910 2557 τιμῆς
2931 2484 3026 2537 καὶ
3056 2482 3216 2553 δόξης
3241 2478 3590 2551 ούδαμινέστε
3600 2493 3689 2547 ρον
3710 2491 3726 2540 ;
3744 2475 3869 2528 τίνα

2205 2575 2317 2647 ἔχει
2345 2576 2436 2629 τὸν
2464 2574 2695 2647 καρπὸν,
2728 2573 2887 2627 ποίαν
2910 2572 3008 2643 τὴν
3028 2570 3248 2641 δνησινς
3279 2570 3359 2632 είς
3389 2569 3539 2620 ποῖον
3565 2564 3719 2626 τέλος
3739 2563 3870 2633 χρή·

2208 2680 2365 2734 σιμον
2402 2664 2618 2734 ἀπαντᾷ
2640 2679 2655 2727 ;
2718 2663 2829 2715 Kal
2849 2658 2962 2714 εῐθε
2984 2658 3140 2712 τοῦτο
3169 2657 3327 2729 μόνον
3354 2650 3422 2726 ἦν
3442 2653 3503 2706 τὸ
3530 2651 3723 2706 δεινόν·
3748 2652 3870 2703 νυνὶ

2205 2751 2283 2815 δὲ,
2301 2751 2436 2822 πρὸς
2455 2751 2532 2823 τῷ
2565 2751 2729 2822 μηδὲν
2744 2750 2887 2821 ἔχειν
2912 2748 3019 2803 ἀπὸ
3043 2745 3138 2800 τοῦ
3164 2743 3463 2817 κερδαίνειν
3490 2740 3673 2802 καλὸν,
3694 2736 3873 2791 πολλὰ

2205 2837 2425 2909 λυπηρά
2458 2840 2552 2893 καὶ
2606 2837 2871 2909 ἐπιϐλαϐἦ
2924 2836 3110 2908 φέρειν
3168 2829 3532 2900 ἀναγκάζεται
3574 2824 3819 2895 συνεχῶς
3843 2825 3873 2877 6

2206 2927 2306 2996 τὴν
2344 2926 2732 2997 χαλεπωτάτην
2751 2924 2953 2996 ταύτην
2978 2922 3258 2976 δέσποιναν
3281 2918 3439 2990 ἔχων.
3471 2915 3739 2969 Δέσποινα
3759 2913 3872 2982 γάρ

2208 3015 2324 3068 ἐστι
2352 3014 2459 3068 τῶν
2493 3013 2722 3083 ἐχόντων
2755 3011 2944 3082 αὐτὴν,
2979 3010 3076 3063 καὶ
3129 3008 3349 3078 ὅσῳπερ
3379 3003 3446 3058 ἂν
3502 2999 3872 3069 κολακεύηται

2208 3100 2362 3173 παρά
2382 3100 2488 3154 τῶν
2516 3099 2735 3165 δούλων,
2749 3098 2985 3168 τοσούτῳ
3013 3096 3173 3149 πλέον
3192 3094 3405 3165 αἴρεται
3432 3088 3550 3143 κατ’
3574 3087 3756 3142 αὐτῶν
3777 3084 3875 3139 καὶ

2212 3170 2591 3257 σκληροτέροις
2618 3182 2813 3246 αὐτοὺς
2837 3180 3141 3235 κατατείνει
3174 3180 3288 3241 τοῖς
3328 3175 3687 3244 ἐπιτάγμασι·
3741 3170 3875 3233 τοὺς

2209 3262 2266 3326 δέ
2282 3271 2636 3333 διαπτύοντας
2667 3268 2835 3341 αὐτὴν
2878 3269 2972 3322 καὶ
3000 3264 3354 3338 παρορῶντας
3380 3261 3501 3317 ούδέ
3521 3260 3658 3329 αὐτὴ
3684 3257 3876 3311 λοιπὸν

2211 3361 2520 3434 ἀμύνασθαι
2577 3359 2778 3414 δύναιτ’
2809 3357 2894 3411 άν·
2929 3355 3071 3411 οὕτω
3122 3354 3217 3409 καὶ
3244 3353 3505 3424 τυράννου
3531 3349 3627 3403 καὶ
3676 3346 3875 3418 θηρίου

2212 3433 2412 3513 παντός
2438 3452 2552 3502 ἐστι
2580 3445 2948 3520 χαλεπωτέρα.
2993 3445 3052 3497 '0
3088 3445 3184 3514 μὲν
3233 3440 3344 3512 γάρ
3371 3438 3632 3509 τύραννος
3667 3435 3765 3488 καὶ
3807 3433 3878 3485 τά

2212 3537 2373 3608 θηρία
2387 3534 2791 3590 τιθασσεύονται
2818 3533 2907 3587 διά
2927 3531 3161 3594 θωπείας
3191 3528 3446 3591 πολλάκις
3471 3522 3656 3593 ί,αὓτη
3681 3520 3876 3575 δέτότε

2216 3626 2451 3698 μάλιστα
2470 3624 2762 3695 ἀγριαίνει,
2791 3623 2917 3676 ὃταν
2966 3621 3100 3690 αὐτῇ
3132 3617 3366 3690 μάλιστα
3401 3610 3738 3683 πειθώμεθα,
3769 3608 3879 3662 κᾶν

2212 3715 2273 3769 εὖ
2283 3731 2350 3787 ρῃ
2377 3715 2468 3768 τὸν
2490 3713 2853 3782 ἀκουσόμενον
2869 3711 2963 3764 xal
2986 3711 3065 3772 εἰς
3090 3707 3267 3761 πάντα
3281 3704 3514 3769 εἴξοντα,
3547 3699 3700 3754 οὐδέν
3726 3699 3880 3750 ἐστιν

2211 3806 2241 3858 6
2273 3807 2614 3877 παραιτεῖται
2667 3800 2916 3867 ἐπιτάξαι
2947 3796 3150 3852 λοιπόν.
3187 3796 3339 3865 Ἔχει
3374 3791 3431 3845 δὲ
3458 3787 3881 3877 καὶγσύμμαχον

2213 3876 2427 3966 ἑτέραν,
2448 3895 2513 3963 ἢν
2545 3892 2645 3945 οὐκ
2672 3891 2737 3945 ἀν
2777 3906 2860 3952 τις
2888 3885 3121 3959 ἁμάρτοι
3151 3881 3430 3950 θυγατέρα
3456 3876 3627 3966 αύτῆς
3646 3888 3883 3966 προσει-

2213 3963 2353 4034 πών.
2390 3981 2558 4033 Ὅταν
2601 3978 2711 4050 γάρ
2731 3978 2825 4033 καὶ
2848 3973 2984 4045 αὕτη
3022 3972 3289 4045 τραφεῖσα
3317 3968 3412 4020 καὶ
3442 3963 3750 4050 αὐξηθεῖσα
3773 3976 3883 4013 κα-

2212 4067 2321 4132 λῶς
2359 4066 2556 4138 ριζωθῇ
2581 4049 2708 4137 παρ’
2733 4061 3016 4135 ἡμῖν,τότε
3037 4060 3207 4113 τίκτει
3229 4056 3326 4128 τὴν
3350 4055 3626 4115 ἀπόνοιαν,
3641 4049 3883 4138 πράγμα

2215 4157 2313 4227 οὐχ
2335 4135 2495 4228 ἧττον
2514 4135 2680 4225 αὐτῆς
2698 4151 2991 4222 δυνάμενον
3017 4143 3459 4217 κατακρημνίσαι
3480 4140 3580 4211 τὴν
3607 4138 3717 4190 τῶν
3732 4135 3887 4205 ἐχόνο

2215 4261 2323 4298 των
2353 4245 2552 4314 ψυχήν.

2289 4373 2365 4434 ς’.
2381 4365 2565 4421 Ταῦτα
2588 4360 2681 4419 οὖν
2711 4363 2947 4436 θρηνεῖς,
2965 4357 3085 4415 εἰπέ
3104 4374 3214 4430 μοι,
3238 4356 3319 4409 ὅτι
3343 4370 3402 4407 σε
3422 4353 3451 4406 6
3464 4349 3595 4413 Θεὸς
3614 4348 3714 4418 τῆς
3733 4344 3889 4399 οὕτω

2218 4456 2606 4529 χαλεπωτάτης
2651 4452 2893 4514 δουλείας
2939 4446 3266 4519 ἀπήλλαξεν,
3311 4444 3393 4497 ὅτι
3433 4443 3569 4529 ταῖς
3599 4437 3889 4529 λοιμικαῖς

2217 4524 2441 4609 ταύταις
2464 4524 2639 4606 νόσοις
2669 4543 2848 4596 πᾶσαν
2880 4536 3220 4608 ἀπετείχισεν
3242 4532 3454 4603 έφοδονς
3491 4526 3643 4602 [546]
3668 4524 3893 4587 Ζῶν-τος

2224 4632 2321 4703 μὲν
2351 4632 2458 4704 γάρ
2485 4648 2568 4683 σοι
2587 4628 2680 4682 τοῦ
2707 4626 2900 4697 ἀνδρὸς
2946 4624 3098 4679 ούπω
3143 4621 3451 4677 ἐπαύσαντο
3483 4615 3727 4684 συνεχῶς
3756 4614 3889 4704 ἐπιῗ

2222 4702 2467 4791 πηδῶσάι
2490 4717 2518 4756 5
2550 4719 2663 4781 τοῖς
2706 4715 2807 4786 τῆς
2832 4713 3010 4786 ψυχῆς
3043 4712 3340 4782 λογισμοῖς,
3375 4706 3804 4777 τελευτήσαντος
3832 4702 3891 4754 δὲ

2221 4810 2321 4863 οὐκ
2348 4807 2529 4881 ἔχουσι
2575 4808 2737 4861 πόθεν
2790 4804 3156 4860 ἐπιλάϐωνται
3198 4805 3298 4872 τῆς
3336 4798 3573 4859 διανοίας
3628 4795 3729 4865 τῆς
3756 4794 3891 4864 σῆς.

2223 4897 2392 4950 Τοῦτο
2417 4891 2510 4951 οὖν
2528 4896 2609 4949 δεῖ
2638 4893 3046 4967 κατορθωθῆναι
3096 4889 3301 4955 λοιπὸν,
3329 4888 3390 4941 τὸ
3436 4887 3510 4957 μὴ
3533 4884 3755 4955 θρηνεῖν
3783 4882 3895 4935 αύ-

2221 4984 2331 5038 τῶν
2381 4984 2478 5056 τὴν
2509 4981 2871 5055 ἀναχώρησιν,
2914 4979 3049 5051 μηδὲ
3099 4977 3197 5049 τὴν
3234 4973 3545 5030 δεσποτείαν
3607 4969 3898 5038 ἐπιζητεῖν

2222 5072 2322 5143 τὴν
2368 5070 2590 5142 πικράν.
2632 5071 2805 5123 Ὅπου
2855 5067 2964 5138 γὰρ
3014 5066 3081 5120 ἂν
3114 5058 3272 5119 αὗται
3316 5059 3591 5116 πνεύσωσι
3630 5055 3895 5126 σφοδρὸν,

2224 5166 2401 5220 πάντα
2433 5166 2496 5217 ἐκ
2523 5162 2733 5233 βάθρων
2755 5158 3055 5229 ἀνέτρεψαν
3083 5156 3176 5210 καὶ
3206 5153 3576 5208 κατέσπασαν·
3596 5148 3692 5202 καὶ
3715 5145 3898 5201 καθά-

2286 5440 2311 5523 :1
2335 5437 2668 5523 giQLSayiLa
2689 5435 2823 5487 Colb.
2848 5431 3049 5499 optime,
3069 5435 3119 5483 in
3145 5432 3314 5482 Morel.
3349 5429 3433 5494 μία
3451 5429 3611 5479 deest.

2495 5502 2719 5609 ἓῖοὲξῖνὶι.
2744 5558 2820 5607 διὰ
2843 5556 3085 5622 θεραπείας
3116 5555 3357 5613 πολλάκις,
3380 5552 3552 5602 Morel.
3580 5550 3659 5598 διὰ
3680 5546 3903 5605 θωπείας

2226 5627 2512 5735 ποέλῇΐξέι.
2538 5683 2841 5743 ἐπιπηδῆσαι,
2861 5679 3008 5731 Savil.
3035 5684 3084 5730 el
3103 5678 3235 5732 Coll).
3266 5677 3577 5736 ἐπιπηδῶσαι.
3664 5724 3685 5736 κ
