4056 6208
302 280 415 336 605

300 500 370 542 ac
399 485 566 556 regia:
615 483 772 539 malis
799 480 1117 537 redundant.
1157 479 1290 535 Nam
1326 486 1382 533 et
1408 476 1716 546 orphanize,
1746 484 1800 529 et
1828 476 1908 529 vi-

300 578 544 634 duitates
572 575 895 637 immaturm,
924 583 981 628 et
1005 586 1166 628 neces
1197 571 1447 626 violentae
1465 610 1480 634 ,
1509 578 1669 637 atque
1705 567 1772 621 iis
1793 566 1908 635 qui-

300 669 454 733 dem,
493 682 618 737 qua:
644 667 697 720 in
728 663 1003 735 tragmdiis
1034 671 1335 726 narrantur,
1366 661 1533 714 multo
1574 658 1909 714 scelestiores

298 768 360 817 et
404 759 721 814 acerbiores
770 757 826 811 in
876 755 981 811 hoc
1022 755 1197 824 ipsum
1245 753 1512 823 prazcipue
1558 750 1756 806 cadunt
1804 749 1907 803 im-

300 851 545 922 perium.

376 942 763 1009 Imperatorem
810 938 951 993 illius
989 939 1082 994 cvi
1110 938 1334 992 maxima
1374 951 1495 1004 pars
1531 933 1748 988 violenta
1789 946 1910 986 nece

295 1032 495 1087 sublati
524 1040 666 1085 sunt.
691 1060 763 1071 -—
784 1031 991 1100 Atque,
1022 1038 1081 1084 ut
1125 1036 1306 1083 vetera
1336 1027 1646 1081 omittamus
1668 1065 1683 1089 ,
1732 1038 1799 1077 ex
1846 1022 1910 1076 iis

296 1125 583 1189 omnibus,
613 1123 703 1193 qui
724 1137 845 1177 aavo
867 1130 1053 1176 nostro
1074 1121 1092 1152 ί
1115 1121 1446 1188 imperarunt
1474 1116 1711 1188 (fuerunt
1729 1123 1909 1169 autem

298 1214 534 1287 novem)
567 1216 677 1269 duo
700 1214 803 1269 soli
842 1211 1113 1268 communi
1151 1220 1325 1265 morte
1351 1209 1512 1262 vitam
1551 1207 1861 1262 clauserunt
1892 1221 1906 1258 :

296 1310 650 1380 reliquorum
676 1315 855 1362 autem
886 1304 974 1360 hic
1001 1303 1215 1375 quidem
1242 1317 1271 1355 a
1299 1311 1547 1373 tyranno,
1575 1299 1664 1352 ille
1687 1311 1819 1352 vero
1856 1297 1911 1350 in

297 1400 479 1466 bello,
533 1399 673 1454 alius
709 1396 1128 1452 domesticorum
1172 1393 1451 1450 custodum
1500 1390 1726 1456 insidiis,
1775 1388 1912 1469 alius

295 1501 494 1546 autem
526 1490 597 1545 ab
629 1488 720 1544 illo
749 1489 884 1557 ipso,
915 1487 1004 1557 qui
1034 1499 1287 1542 coronam
1323 1498 1388 1538 ac
1417 1498 1704 1554 purpuram
1734 1481 1909 1551 impo-

298 1590 535 1647 suerat,
583 1578 896 1634 interfectus
940 1577 1224 1643 occubuit;
1278 1590 1480 1631 uxores
1526 1590 1655 1631 vero
1699 1574 1911 1628 illorum

296 1673 531 1741 partim,
558 1680 620 1725 ut
645 1670 839 1735 ferunt,
860 1683 1068 1725 veneno
1088 1668 1421 1733 interierunt,
1446 1668 1636 1737 partim
1659 1680 1910 1731 maerore.

301 1764 511 1818 Earum
531 1776 685 1826 vero,
705 1776 824 1831 quae
840 1760 1013 1815 adhuc
1023 1758 1335 1830 superstites
1347 1766 1494 1822 sunt,
1512 1758 1678 1812 altera
1697 1755 1912 1826 quidem

302 1853 480 1907 lilium
494 1851 708 1907 habens
730 1851 988 1922 pupillum
1011 1849 1187 1904 tremit
1201 1864 1265 1904 ac
1284 1848 1490 1914 metuit,
1511 1862 1580 1904 ne
1591 1846 1712 1918 quis
1726 1862 1912 1903 eorum

302 1943 393 2012 qui
418 1956 612 1997 rerum
635 1943 942 2012 potiuntur,
973 1950 1120 1995 metu
1145 1938 1449 1994 futurorum
1487 1954 1610 1993 eum
1643 1937 1711 1993 de
1736 1936 1914 1993 medio

305 2033 486 2095 tollat,
504 2033 676 2088 altera
690 2045 822 2088 vero
847 2032 935 2086 vix
966 2032 1254 2086 multorum
1283 2030 1611 2101 precibnsab
1625 2029 1816 2085 exsilio
1830 2044 1915 2084 re-

306 2123 432 2185 diit,
455 2137 566 2192 quo
585 2133 745 2177 antea
759 2121 829 2177 ab
850 2137 936 2188 eo,
958 2121 1047 2191 qui
1065 2136 1242 2176 rerum
1259 2118 1580 2189 potiebatur,
1595 2120 1758 2174 missa
1775 2129 1912 2175 erat.

306 2213 463 2279 Quod
489 2211 558 2266 ad
570 2226 758 2266 eorum
769 2220 943 2265 autem
958 2210 1473 2280 quinuncimperant
1502 2224 1721 2275 uxores,
1746 2209 1914 2265 altera

304 2319 370 2359 ex
405 2304 660 2372 pristinis
678 2301 1074 2360 calamitatibus
1091 2302 1362 2372 respirans
1380 2300 1637 2371 voluptati
1664 2317 1913 2372 magnum

307 2396 478 2450 habet
502 2395 755 2450 dolorem
781 2394 1068 2450 admistum
1090 2435 1106 2460 ,
1136 2408 1203 2449 eo
1225 2393 1368 2463 quod
1392 2394 1481 2464 qui
1512 2409 1692 2450 rerum
1714 2395 1915 2464 potitur

308 2488 475 2544 nimis
523 2487 741 2558 juvenis
773 2501 838 2543 ac
879 2487 1189 2557 inexpertus
1230 2486 1331 2552 sit,
1379 2486 1684 2557 multosque
1722 2486 1917 2542 habeat

305 2581 554 2652 undique
604 2580 953 2645 insidiantes;
1004 2579 1175 2635 altera
1208 2594 1338 2634 vero
1380 2577 1571 2634 timore
1614 2579 1915 2634 exanimata

307 2678 397 2741 iis,
430 2677 533 2747 qui
559 2675 740 2744 capite
765 2673 1000 2729 damnati
1029 2682 1174 2739 sunt,
1202 2672 1537 2728 miseriorem
1562 2672 1724 2736 vitam
1746 2670 1911 2737 ducit,

307 2783 372 2824 eo
396 2767 555 2839 quod
591 2767 676 2821 vir
701 2766 868 2835 ipsius
893 2765 961 2818 ab
987 2779 1052 2820 eo
1086 2773 1344 2833 tempore,
1374 2778 1483 2834 quo
1520 2762 1764 2818 diadema
1798 2777 1917 2818 sus-

306 2859 475 2927 cepit,
508 2871 685 2926 usque
720 2855 786 2909 ad
818 2853 1135 2909 hodiernum
1169 2853 1312 2908 diem
1353 2854 1409 2908 in
1435 2852 1577 2908 bello
1619 2860 1675 2908 et
1712 2851 1915 2922 prmliis

309 2957 605 3013 versetur,
636 2944 1060 3015 verecundiaque
1099 2953 1155 3000 et
1180 2944 1420 3014 probris,
1459 2944 1652 3015 quibus
1680 2944 1916 3015 undique

310 3039 577 3103 afﬁcitur,
606 3039 774 3107 magis
795 3050 951 3106 quam
977 3052 1042 3090 ex
1066 3036 1456 3091 calamitatibus
1483 3035 1737 3091 tabescat.
1758 3035 1913 3103 Quod

310 3134 457 3188 enim
505 3141 670 3187 antea
706 3145 1018 3200 numquam,
1048 3144 1189 3184 nunc
1214 3131 1411 3194 evenit,
1448 3137 1505 3183 ut
1542 3129 1755 3184 barbari
1788 3144 1915 3198 pro-

311 3226 490 3295 priam
521 3223 895 3293 relinquentes
921 3222 1216 3290 regionem,
1240 3220 1407 3275 multa
1435 3222 1728 3275 stadiorum
1753 3213 1915 3275 millia

310 3314 558 3386 regionis
610 3320 809 3367 nostra:
852 3311 1249 3381 percurrerint,
1274 3319 1330 3365 et
1360 3311 1501 3381 agris
1550 3310 1782 3366 incensis
1820 3324 1916 3365 ca-

313 3408 532 3475 ptisque
558 3401 784 3459 urbibus
803 3401 1019 3459 domum
1044 3401 1300 3458 redeundi
1320 3417 1531 3457 omnem
1543 3402 1915 3472 cogitationem

314 3496 657 3569 abiecerint;
684 3509 749 3549 ac
774 3492 994 3564 perinde
1031 3494 1185 3564 quasi
1228 3493 1453 3549 choreas
1490 3493 1781 3561 ducerent,
1809 3508 1917 3549 non

317 3589 526 3643 bellum
547 3597 820 3657 gererent,
846 3586 916 3640 ita
944 3597 1159 3640 nostros
1176 3601 1363 3641 omnes
1383 3586 1635 3652 irrident;
1662 3594 1717 3643 et
1730 3602 1920 3657 quem-

315 3681 442 3735 dam
472 3695 548 3736 ex
573 3679 787 3734 illorum
819 3677 1035 3750 regibus
1059 3678 1262 3735 dixisse
1295 3679 1489 3745 ferunt,
1516 3681 1699 3736 mirari
1727 3696 1787 3737 se
1811 3681 1916 3736 im-

320 3772 642 3842 pudentiam
674 3777 978 3825 nostrorum
1006 3770 1255 3835 militum,
1274 3771 1504 3841 quicum
1529 3772 1733 3828 facilius
1760 3788 1918 3843 quam

320 3878 455 3918 oves
475 3863 691 3917 soleant
708 3862 959 3932 iugulari,
986 3861 1160 3917 adhuc
1178 3862 1454 3917 victoriam
1481 3872 1722 3934 sperent,
1745 3879 1918 3934 neque

320 3967 393 4009 ex
448 3968 550 4008 sua
586 3954 808 4024 regione
838 3954 1000 4008 velint
1040 3953 1321 4011 excedere.
1369 3954 1503 4009 Nam
1546 3954 1662 4025 ipse
1702 3955 1918 4026 quidem
1980 3950 1987 3955 ”

320 4042 485 4107 dixit,
510 4057 635 4099 sese
669 4043 775 4098 illis
797 4043 1067 4099 cardendis
1087 4045 1333 4102 satietate
1356 4060 1500 4116 saepe
1527 4054 1738 4117 captum
1776 4061 1916 4103 esse.

321 4133 447 4200 Quo
492 4135 654 4204 igitur
678 4136 858 4188 animo
885 4146 940 4189 et
978 4134 1358 4205 Imperatorem
1395 4146 1451 4192 et
1492 4139 1660 4208 ipsius
1699 4127 1919 4195 uxorem

328 4225 437 4279 ista
470 4225 636 4279 verba
664 4225 968 4280 audientem
990 4228 1263 4283 existimas
1283 4228 1443 4285 esse?

399 4318 459 4373 5.
503 4317 844 4413 thnoniam
874 4319 1031 4413 ht'ljtls
1052 4320 1180 4376 belli
1208 4323 1407 4413 mentio
1436 4322 1641 4387 incidit,
1669 4338 1919 4394 magnum

330 4409 464 4463 mihi
495 4407 779 4463 viduarum
801 4407 991 4479 agmen
1033 4412 1286 4477 occurrit,
1310 4426 1532 4481 quarum
1559 4414 1677 4469 alia:
1702 4414 1829 4469 olim
1856 4430 1922 4470 ex

332 4500 572 4554 virorum
603 4499 818 4570 quidem
846 4500 1101 4570 dignitate
1127 4502 1412 4571 plurimutn
1439 4504 1739 4574 splendoris
1766 4522 1918 4563 acce-

334 4603 550 4662 perunt,
608 4607 750 4645 nunc
804 4606 933 4646 vero
959 4603 1179 4662 repente
1202 4608 1392 4648 omnes
1416 4595 1565 4665 nigra
1593 4609 1654 4649 ac
1682 4596 1923 4653 luctuosa

331 4684 473 4737 stola
498 4681 711 4736 amicta:
731 4697 893 4737 omne
916 4689 1125 4751 tempus
1148 4683 1201 4738 in
1226 4684 1478 4757 lacrymis
1496 4685 1719 4742 ducunt.
1740 4687 1925 4760 Neque

329 4773 441 4827 illis
467 4772 573 4828 hoc
598 4772 781 4827 datum
807 4781 913 4839 est,
953 4773 1095 4843 quod
1159 4773 1423 4831 honorato
1469 4785 1560 4834 tuo
1606 4781 1786 4850 capiti.
1843 4782 1923 4837 Tu

330 4864 501 4929 cutim,
524 4878 561 4918 υ
581 4862 991 4928 admirabilis,et
1019 4864 1071 4918 in
1094 4865 1288 4920 lectulo
1305 4865 1573 4935 iacentem
1603 4870 1779 4926 vidisti
1822 4872 1923 4928 ho-

332 4964 549 5008 nestum
575 4954 816 5023 illum,‘et
837 4969 1140 5027 supremam
1158 4956 1347 5012 audisti
1372 4973 1576 5027 vocem,
1595 4976 1713 5017 eum
1737 4963 1926 5033 quibus

334 5046 515 5099 modis
541 5061 630 5099 res
661 5045 970 5101 domesticae.
998 5047 1434 5106 administranda:
1459 5062 1639 5107 essent
1669 5062 1720 5109 te
1768 5055 1926 5111 doce-

331 5144 443 5197 ret,
471 5145 527 5191 et
554 5144 879 5191 testamento
907 5153 1120 5193 omnem
1142 5141 1300 5194 alieni
1328 5144 1702 5211 appetentibus
1743 5161 1806 5200 ac
1831 5162 1924 5218 sy-

333 5229 627 5299 cophantis
653 5229 853 5283 aditum
877 5231 1199 5287 obstrucret.
1219 5232 1369 5289 Adde
1395 5234 1544 5303 illud,
1567 5238 1707 5307 quod
1728 5237 1925 5307 jacenti

336 5330 563 5375 mortuo
589 5336 734 5389 smpe
764 5321 1070 5387 incubuisti,
1097 5332 1152 5376 et
1171 5323 1406 5377 suaviata
1437 5340 1496 5380 es
1526 5328 1709 5383 oculos
1736 5339 1792 5384 et
1808 5346 1925 5385 am-

333 5413 493 5479 plexa
525 5427 588 5466 es
605 5427 671 5466 ac
706 5412 906 5475 luxisti,
962 5412 1446 5486 honestissimeque
1490 5416 1680 5474 funere
1728 5423 1924 5475 elatum

340 5505 527 5561 vidisti
554 5525 567 5561 :
599 5505 847 5560 omnibus
887 5522 1006 5577 qua:
1026 5506 1252 5562 decebat
1277 5525 1399 5580 erga
1427 5510 1572 5564 illum
1597 5512 1785 5567 officiis
1813 5515 1929 5569 Iun-

348 5683 353 5689 .
407 5620 921 5727 tune‘tmperatoribus
942 5620 1018 5672 hic
1041 5624 1321 5675 memoratis
1344 5625 1454 5677 vide
1479 5638 1558 5686 ea,
1590 5640 1698 5691 qua:
1719 5629 1929 5682 diximus

348 5694 397 5727 tn
465 5696 539 5727 um
565 5694 611 5727 Ο.

343 5693 397 5731 tn
422 5692 611 5730 ιυθεηο.

1550 267 1643 322 AD
1683 264 1943 324 VIDUAM
1980 264 2339 325 JUNIOREM.
2456 224 2457 227 γ
2513 295 2519 301 ι
3084 280 3155 293 κη

301 395 488 450 veniat
517 391 778 461 privatam
804 387 1021 445 domum
1039 401 1192 460 teque
1211 384 1461 442 refertam
1486 382 1900 446 calamitatibus,
1923 438 1936 453 κ

3485 270 3590 329 606

2011 391 2094 437 cta
2122 398 2203 450 es,
2218 393 2272 439 et
2287 383 2428 454 justa
2452 383 2777 455 persolvisti,
2804 395 2857 443 et
2881 386 2947 441 ad
2967 387 3307 458 sepulchrum
3332 403 3476 459 saepe
3498 405 3593 445 ac-

2012 473 2210 529 cedens
2231 491 2337 529 non
2368 476 2647 533 minimum
2668 477 2833 533 babes
2859 478 2933 532 tui
2954 478 3158 535 doloris
3179 480 3452 536 solatium.
3483 480 3595 536 Illa:

2011 579 2143 618 vero
2166 565 2417 621 omnibus
2435 565 2737 636 hujusmodi
2764 569 2970 624 solatiis
2998 579 3124 625 sunt
3143 570 3438 639 destitutae,
3468 586 3592 627 cum

2011 670 2200 711 omnes
2223 657 2435 728 quidem
2466 659 2531 713 ad
2558 659 2752 731 bellum
2781 661 3053 717 misissent
3092 661 3235 718 viros
3281 678 3408 719 suos
3457 673 3597 718 tam-

2011 763 2169 818 quam
2196 765 2383 804 rursus
2406 750 2550 820 ipsos
2566 760 2881 822 receptum,
2910 761 2965 807 at
2989 768 3086 823 pro
3115 754 3220 809 illis
3248 754 3450 810 tristem
3476 755 3599 810 illo-

2011 854 2128 892 rum
2157 841 2347 896 mortis
2361 843 2664 911 acceperint
2691 842 2955 899 nuntium.
2982 843 3098 899 Non
3136 846 3278 900 enim
3312 846 3594 916 quisquam

2011 945 2238 1001 corpora
2269 932 2506 1003 ipsorum
2536 934 2784 1001 all‘erens,
2812 937 2906 991 sed
2935 937 3098 993 verba
3146 947 3348 994 tantum
3400 944 3596 995 mortis

2011 1035 2180 1091 genus
2201 1025 2492 1091 narrantia,
2527 1026 2594 1081 ad
2625 1026 2767 1097 ipsas
2785 1028 2961 1083 rediit.
2990 1028 3186 1085 Verum
3213 1039 3337 1085 sunt
3360 1047 3478 1101 qua:
3503 1046 3599 1086 ne-

2012 1127 2117 1182 que
2151 1113 2250 1169 hac
2272 1116 2383 1185 ipsa
2409 1119 2714 1174 narratione
2740 1119 2913 1189 dignae
2941 1119 3139 1175 fuerint
3166 1121 3385 1187 babitze,
3414 1138 3591 1193 neque

2013 1205 2282 1273 quomodo
2308 1207 2380 1262 illi
2401 1209 2692 1265 ceciderint
2718 1210 2898 1268 doceri
2928 1215 3218 1283 potuerint,
3246 1230 3366 1270 cum
3396 1216 3450 1269 in
3478 1233 3597 1271 ma-
3682 1216 3687 1221 θ

2012 1309 2118 1365 gno
2147 1312 2409 1354 caesorum
2436 1316 2665 1357 numero
2685 1303 2906 1374 reliquis
2929 1314 3114 1360 essent
3135 1308 3455 1362 coaeervati.

2102 1387 2327 1444 Valentis
2351 1392 2607 1446 interitum
2630 1393 2795 1448 innuit
2827 1412 2860 1448 a
2900 1393 3080 1450 Cat/tis
3117 1397 3377 1453 combusti.
3399 1429 3471 1439 ——-
3490 1398 3599 1455 Ec—

2014 1484 2141 1554 quid
2168 1499 2298 1538 vero
2337 1485 2552 1552 mirum,
2612 1486 2656 1540 si
2705 1489 2857 1542 multi
2906 1503 2974 1543 ex
3026 1488 3247 1545 ducibus
3298 1491 3400 1546 hoc
3440 1493 3603 1547 modo

2015 1574 2352 1639 interierunt,
2384 1576 2597 1645 quando
2620 1585 2675 1632 ct
2700 1576 2997 1647 Imperator
3018 1579 3131 1649 ipse
3157 1581 3211 1634 in
3234 1582 3351 1635 vico
3366 1582 3597 1652 quodam

2019 1680 2139 1721 cum
2164 1668 2347 1735 paucis
2372 1667 2629 1723 militibus
2653 1669 2941 1725 conclusus
2966 1672 3114 1726 exire
3139 1671 3353 1742 quidem
3378 1682 3434 1727 et
3480 1688 3603 1729 sese

2019 1757 2394 1812 invadentibus
2431 1773 2705 1829 opponere
2733 1759 2951 1816 minime
2993 1777 3155 1816 ausus
3182 1771 3284 1827 est,
3334 1763 3428 1819 sed
3460 1764 3603 1819 intus

2018 1864 2242 1904 manens
2265 1865 2492 1905 accenso
2517 1851 2709 1907 abillis
2734 1853 2853 1923 igne
2882 1869 2984 1909 una
3036 1869 3159 1910 cum
3212 1855 3278 1911 iis
3329 1859 3601 1926 omnibus,

2016 1953 2154 2009 quos
2185 1954 2365 1995 secum
2394 1941 2642 2009 habebat,
2665 1944 2980 1999 combustus
2999 1956 3080 2002 est
3099 1962 3114 2012 ;
3134 1962 3232 2004 nec
3251 1949 3377 2004 viris
3405 1951 3600 2014 solum,

2019 2029 2115 2085 sed
2144 2031 2304 2086 etiam
2327 2033 2503 2102 equis,
2529 2042 2583 2088 et
2606 2034 2864 2103 trabibus,
2911 2047 2966 2091 et
2987 2038 3175 2105 muris,
3204 2047 3259 2094 et
3277 2041 3527 2097 omnibus
3551 2043 3604 2099 in

2018 2137 2181 2176 unum
2226 2133 2387 2193 atque
2439 2125 2686 2180 eumdem
2735 2127 2970 2183 cinerem
3022 2129 3379 2186 abeuntibus?
3445 2143 3604 2204 atque

2017 2211 2161 2267 hunc
2190 2214 2431 2269 nuntium
2460 2214 2516 2281 ii,
2571 2216 2661 2286 qui
2688 2233 2791 2273 una
2814 2232 2934 2273 cum
2959 2220 3286 2291 Imperatore
3304 2224 3371 2279 ad
3402 2225 3601 2281 bellum

2017 2303 2240 2374 profecti
2269 2304 2499 2373 fuerant,
2528 2307 2647 2363 loco
2678 2307 3021 2380 Imperatoris
3045 2312 3213 2382 ipsius
3255 2314 3323 2369 ad
3373 2331 3596 2372 uxorem

2018 2388 2360 2465 rep'ortantcs
2407 2397 2702 2455 redierunt.
2747 2400 2889 2458 Nihil
2934 2404 3099 2470 enim,
3146 2403 3277 2459 nihil
3325 2405 3483 2475 plane
3516 2422 3603 2473 ea,

2019 2503 2140 2558 quae
2161 2489 2214 2543 in
2240 2489 2441 2545 mundo
2460 2491 2738 2561 splendida
2764 2502 2909 2563 sunt,
2947 2495 3016 2549 ab
3045 2496 3131 2562 iis,
3175 2513 3295 2568 quae
3342 2499 3396 2553 in
3443 2514 3603 2558 scena

2019 2588 2299 2650 geruntur,
2346 2590 2507 2651 atque
2529 2598 2561 2638 a
2590 2588 2879 2640 'vernorum
2924 2585 3120 2641 florum
3149 2597 3427 2644 venustate
3449 2589 3604 2646 diﬂ'e-

2020 2677 2169 2724 runt.
2203 2669 2440 2725 Primum
2470 2671 2615 2728 enim
2638 2681 2923 2744 antequam
2944 2685 3239 2745 appareant
3260 2690 3602 2745 evanescunt,

2019 2760 2236 2828 deinde,
2285 2762 2450 2819 etiam
2494 2764 2540 2819 si
2584 2764 2856 2834 paululum
2897 2768 3153 2838 temporis
3191 2779 3460 2837 maneant,
3499 2771 3607 2827 cito

2019 2861 2198 2909 tamen
2225 2854 2292 2908 ad
2318 2854 2597 2911 interitum
2641 2866 2951 2928 properant.
2995 2859 3133 2927 Quid
3174 2860 3316 2915 enim
3358 2860 3605 2928 honore,

2021 2947 2114 3017 qui
2159 2962 2192 3002 a
2228 2948 2387 3018 vulgo
2416 2948 2726 3018 exhibetur,
2770 2959 2827 3006 et
2866 2952 3036 3022 gloria
3076 2955 3268 3009 exilius
3307 2970 3372 3011 ac
3410 2956 3607 3011 vilius?

2020 3053 2181 3107 quem
2219 3038 2484 3106 fructum,
2530 3056 2687 3111 quam
2735 3043 3019 3099 utilitatem
3063 3043 3330 3101 afferunt?
3372 3062 3605 3116 quonam

2018 3128 2161 3183 bono
2188 3130 2333 3185 exitu
2358 3130 2794 3185 concluduntur?

2092 3216 2283 3273 Gloria:
2311 3221 2548 3275 Immanw
2571 3222 2912 3277 conditionem
2938 3224 3161 3294 exponit.
3191 3253 3264 3265 -—
3287 3224 3463 3296 Atque
3496 3226 3604 3281 uti-

2024 3324 2147 3364 nam
2177 3310 2311 3366 nihil
2348 3311 2493 3367 aliud
2538 3312 2786 3369 subesset
2826 3316 2951 3370 mali
2983 3332 2997 3367 :
3041 3330 3183 3371 nunc
3217 3332 3346 3372 vero
3389 3327 3605 3387 praeter-

2021 3417 2180 3472 quam
2227 3402 2371 3472 quod
2423 3402 2555 3458 nihil
2602 3419 2730 3460 vere
2759 3405 2880 3460 boni
2932 3406 3057 3460 inde
3086 3408 3369 3476 provenit,
3413 3410 3606 3464 multas

2019 3494 2179 3548 etiam
2204 3494 2496 3569 molestias,
2517 3495 2682 3550 multa
2700 3496 2892 3551 damna
2909 3498 3124 3554 assidue
3147 3500 3192 3554 is
3216 3498 3360 3555 ferre
3376 3501 3604 3569 cogitur,

2020 3585 2191 3655 quise
2222 3584 2347 3639 huic
2397 3586 2758 3643 acerbissimae
2805 3588 3038 3644 domina:
3084 3590 3328 3659 subjecit.
3383 3590 3607 3646 Domina

2022 3677 2165 3732 enim
2187 3686 2495 3743 esteorum,
2529 3679 2619 3748 qui
2646 3679 2814 3748 ipsam
2840 3678 3195 3745 admiserunt,
3223 3690 3276 3736 et
3301 3697 3408 3752 quo
3439 3681 3610 3753 majo-

2023 3770 2173 3826 ribus
2200 3770 2470 3825 blanditiis
2497 3781 2552 3826 et
2578 3772 3030 3827 assentationibus
3049 3775 3242 3828 colitur
3266 3789 3296 3829 a
3325 3776 3515 3841 servis,
3541 3790 3609 3830 co

2024 3863 2194 3933 magis
2221 3877 2342 3919 sese
2361 3872 2549 3919 contra
2573 3864 2721 3935 ipsos
2743 3866 2923 3935 erigit,
2954 3875 3008 3921 et
3027 3867 3330 3923 durioribus
3352 3870 3496 3938 ipsos
3518 3885 3609 3923 ur-

2022 3965 2112 4026 get
2132 3955 2392 4011 mandatis
2419 3974 2434 4024 ;
2460 3971 2555 4012 eos
2574 3973 2724 4022 vero,
2783 3962 2871 4028 qui
2904 3959 3076 4028 ipsam
3107 3961 3356 4029 rejiciuut
3404 3977 3467 4016 ac
3512 3962 3609 4016 de-

2031 4049 2286 4118 spiciunt,
2338 4050 2640 4106 nullatenus
2663 4051 2846 4108 ulcisci
2876 4063 3052 4121 p0test
3082 4073 3096 4109 :
3126 4056 3195 4107 ita
3221 4063 3274 4107 ct
3301 4064 3525 4126 tyranno
3553 4063 3609 4110 et

2025 4138 2139 4196 fera
2162 4141 2397 4211 qualibet
2418 4142 2675 4197 immitior
2698 4153 2800 4197 est.
2829 4142 2961 4198 Nam
3001 4152 3256 4215 tyrannus
3293 4145 3507 4214 quidem
3554 4156 3609 4199 ct

2025 4232 2152 4287 fera:
2181 4233 2452 4288 blanditiis
2489 4248 2633 4304 smpe
2658 4236 2978 4301 mitescunt;
3012 4235 3126 4291 haec
3146 4245 3320 4290 autem
3348 4246 3473 4291 tunc
3496 4254 3609 4291 ma-

2025 4324 2170 4377 xime
2189 4323 2467 4389 ell'eratur,
2496 4326 2711 4394 quando
2740 4327 2788 4381 ei
2819 4328 3050 4381 maxime
3093 4329 3604 4396 auscultaverimus,

2027 4428 2091 4468 ac
2113 4413 2160 4468 si
2185 4413 2329 4470 dicto
2354 4416 2660 4472 audientem
2684 4417 2919 4472 inveniat
2947 4428 3106 4487 atque
3127 4418 3191 4471 ad
3217 4420 3396 4474 omnia
3445 4421 3608 4476 obse-

2027 4513 2299 4573 quentem,
2328 4506 2456 4561 nihil
2488 4516 2570 4562 est
2599 4519 2855 4577 prmterea
2885 4508 3025 4580 quod
3058 4510 3323 4580 imperare
3373 4513 3605 4567 omittat.
3635 4497 3646 4507 ’

2029 4596 2200 4654 [labet
2236 4614 2363 4660 vero
2402 4609 2457 4655 et
2498 4602 2719 4656 alteram
2748 4602 2871 4657 belli
2902 4603 3124 4670 sociam,
3152 4620 3310 4674 quam
3337 4621 3443 4660 non
3470 4609 3610 4662 male

2032 4686 2259 4744 fortasse
2304 4691 2422 4759 quis
2446 4691 2615 4761 ipsius
2654 4694 2810 4746 tiliam
2858 4694 3154 4764 appellarit.
3193 4695 3416 4763 Quando
3466 4699 3607 4752 enim

2030 4780 2142 4851 ipsa
2172 4782 2337 4851 probe
2364 4798 2393 4836 a
2437 4785 2592 4838 nobis
2634 4785 2856 4841 educata
2894 4794 2949 4840 ct
2990 4796 3143 4840 aucta
3165 4788 3373 4843 radices
3419 4792 3605 4858 egerit,

2032 4880 2157 4942 tunc
2176 4875 2531 4943 arrogantiam
2562 4877 2716 4945 parit,
2740 4892 2851 4929 rem
2877 4892 3000 4946 qua:
3043 4877 3209 4933 nihilo
3247 4880 3421 4932 minus
3449 4896 3607 4948 quam

2031 4975 2202 5019 mater
2220 4967 2478 5033 animum,
2524 4982 2680 5037 quem
2709 4969 2933 5037 ceperit,
2971 4970 3295 5039 praecipitem
3326 4984 3486 5040 agere
3519 4986 3611 5040 po-

2030 5066 2156 5113 test.

2104 5149 2159 5205 6.
2200 5149 2313 5204 Hoc
2332 5151 2608 5221 igitur,dic
2630 5152 2781 5212 mihi.
2811 5152 2982 5223 luges,
3014 5155 3154 5224 quod
3183 5156 3252 5210 ab
3280 5155 3381 5212 hac
3430 5156 3610 5213 duris-

2032 5241 2165 5295 sima
2191 5241 2403 5294 domina
2435 5242 2574 5295 Deus
2626 5252 2677 5298 te
2724 5244 3005 5300 liberavit?
3048 5247 3189 5317 quod
3229 5245 3480 5302 omnibus
3531 5250 3612 5303 his

2031 5330 2302 5400 pestiferis
2355 5330 2553 5384 morbis
2600 5346 2812 5387 omnem
2858 5336 3096 5405 obsepsit
3151 5338 3331 5391 viam?
3388 5338 3613 5395 Vivente

2037 5420 2180 5473 enim
2203 5419 2379 5475 adhuc
2406 5419 2496 5473 tibi
2524 5422 2637 5477 viro
2660 5425 2860 5479 nullum
2885 5427 2935 5479 in
2974 5436 3207 5483 mentem
3257 5438 3397 5484 lnam
3450 5431 3613 5485 insul-

2036 5510 2178 5566 tandi
2205 5512 2361 5564 tinent
2384 5510 2668 5575 fecissent;
2694 5525 2902 5571 mortuo
2921 5527 3096 5573 autem
3125 5536 3229 5573 non
3258 5520 3452 5576 habent
3473 5521 3614 5576 unde

2035 5602 2084 5656 in
2116 5601 2466 5671 cogitationes
2502 5614 2617 5658 tuas
2645 5604 2896 5676 impetum
2947 5606 3159 5664 faciant.
3201 5611 3311 5666 Iloc
3337 5612 3494 5683 igitur
3518 5612 3612 5666 tibi

2039 5689 2260 5763 posthac
2290 5693 2580 5749 curandum
2608 5711 2668 5750 ac
2697 5696 3054 5766 praestandum
3088 5710 3188 5772 est,
3220 5712 3275 5757 ut
3303 5718 3370 5760 ne
3399 5702 3613 5758 illarum
