4056 6208
449 284 554 341 607

449 399 745 456 discessum
771 395 976 466 lugeas,
1000 407 1174 462 neque
1198 391 1449 446 acerbum
1504 388 1652 443 illum
1697 386 2030 441 dominatum

450 498 690 558 expetas.
718 485 850 541 Nam
874 482 962 540 ubi
1008 482 1114 538 illa:
1161 480 1528 536 vehementius
1573 479 1797 549 spirant,
1851 478 2030 532 omnia

452 579 686 634 funditus
711 584 960 633 evertunt
988 589 1050 629 ac
1079 579 1426 643 prosternunt
1450 587 1465 624 :
1498 579 1554 626 et
1580 569 2030 640 quemadmodum

450 673 785 736 meretrices,
811 683 935 724 cum
973 667 1288 737 plerumque
1321 671 1509 733 suapte
1535 672 1722 717 natura
1764 662 2033 716 deformes

449 766 560 818 sint
581 778 644 818 ac
664 760 940 832 squalidae,
973 757 1308 812 frictionibus
1335 764 1390 810 et
1417 755 1548 809 fucis
1573 754 1814 808 incautos
1830 753 2032 808 etsim-

449 854 616 923 plices
633 853 888 921 iuvenum
913 848 1123 902 animos
1159 847 1486 917 illaqueant,
1541 853 1596 899 et
1649 852 1928 913 postquam
1978 843 2031 897 in

449 959 600 998 suam
630 943 886 997 ditionem
917 939 1236 1009 receperint,
1269 936 1439 991 servis
1465 934 1714 990 omnibus
1753 944 2034 989 contume-

450 1035 638 1090 liosius
659 1040 886 1087 tractant
912 1047 928 1085 :
962 1031 1033 1084 ita
1057 1040 1111 1085 et
1129 1027 1433 1099 hujusmodi
1457 1026 1786 1091 affectiones,
1814 1025 2035 1079 ambitio

453 1134 508 1178 et
531 1123 856 1193 arrogantia,
886 1121 1072 1192 quavis
1092 1121 1179 1176 lue
1204 1119 1486 1174 hominum
1509 1119 1718 1172 animos
1750 1116 1920 1188 magis
1954 1116 2036 1170 in—

447 1215 692 1285 quinant.

521 1302 749 1357 Gentiles
767 1301 1504 1374 quidivitiascontempserunt.
1536 1327 1608 1341 -—-
1638 1298 1774 1376 Hinc
1801 1305 1858 1355 et
1883 1297 2035 1352 multi

447 1395 662 1451 divitias
690 1411 937 1466 magnum
974 1396 1173 1450 bonum
1209 1393 1515 1448 duxerunt:
1545 1406 1710 1462 quare
1737 1390 1825 1461 qui
1865 1389 2037 1444 ambi-

449 1488 650 1542 tionem
680 1487 930 1557 ejecerit,
951 1502 1124 1556 neque
1149 1501 1179 1541 a
1203 1485 1404 1541 divitiis
1430 1484 1590 1539 etiam
1612 1484 1871 1554 capietur.
1900 1482 2034 1537 Nam

447 1580 641 1649 quibus
663 1580 813 1634 licuit
838 1579 907 1634 ob
936 1586 1300 1649 paupertatem
1344 1576 1601 1645 consequi
1631 1590 1875 1645 magnam
1917 1574 2036 1644 glo-

453 1671 621 1736 riam,
659 1670 694 1725 ii
717 1670 978 1725 ditescere
1023 1669 1244 1723 minime
1285 1667 1597 1734 voluerunt,
1649 1667 1742 1722 sed
1789 1681 2035 1736 magnam

447 1763 567 1816 auri
591 1763 696 1816 vim
711 1762 811 1816 sibi
841 1761 1076 1816 oblatam
1097 1769 1557 1829 contempserunt.
1579 1760 1749 1829 Atque
1763 1758 1862 1812 hos
1880 1758 2035 1812 mini-

448 1869 537 1909 me
561 1869 624 1909 ex
649 1869 736 1909 me
759 1868 1084 1924 cognoscere
1110 1842 1328 1908 necesse
1349 1853 1511 1908 habes
1535 1869 1549 1906 :
1578 1852 1690 1921 ipsa
1709 1852 1851 1906 enim
1881 1851 2035 1922 longe

449 1945 643 2000 melius
661 1961 820 2015 quam
839 1961 938 2015 ego
955 1945 1093 2000 nosti
1116 1943 1560 2012 Epaminondam,
1589 1942 1886 2008 Socratem,
1907 1943 2035 1996 Ari-

447 2037 665 2105 stidem,
701 2038 1008 2108 Diogenem,
1045 2036 1258 2092 Cratem
1278 2077 1293 2101 ,
1323 2035 1412 2106 qui
1459 2051 1586 2090 suos
1612 2049 1769 2106 agros
1797 2035 1849 2088 in
1873 2049 2032 2104 peco-

446 2143 568 2184 rum
599 2137 806 2198 pastum
828 2128 1057 2199 reliquit.
1085 2127 1217 2182 Nam
1238 2127 1326 2181 alii
1347 2126 1560 2197 quidem
1581 2166 1597 2192 ,
1621 2141 1740 2181 cum
1762 2141 1866 2180 non
1891 2135 2035 2182 esset

447 2219 502 2275 in
539 2231 789 2291 promptu
817 2219 1104 2286 ditescere,
1127 2215 1453 2273 exorientem
1484 2217 1585 2273 sibi
1621 2232 1688 2272 ex
1724 2226 2035 2287 paupertate

446 2312 669 2381 gloriam
712 2311 1233 2374 animadvertentes,
1264 2309 1419 2364 facile
1459 2309 1512 2363 in
1558 2323 1676 2364 eam
1723 2323 1781 2363 se
1827 2299 2040 2378 partem.

446 2404 744 2470 dederunt;
773 2403 858 2458 hic
899 2411 1077 2459 autem
1117 2411 1172 2458 et
1193 2417 1292 2469 ea,
1323 2417 1444 2473 qua:
1484 2401 1746 2466 habebat,
1777 2402 2034 2470 proiecit:

443 2496 582 2552 adeo
607 2512 794 2552 omnes
816 2496 972 2566 hujus
1003 2497 1130 2550 fera:
1161 2495 1352 2551 bellua:
1376 2494 1476 2549 sibi
1503 2492 1843 2563 acquirendae
1881 2493 2036 2562 cupi-

445 2588 613 2644 ditate
637 2589 990 2644 insaniebant.
1015 2587 1093 2642 Ne
1130 2586 1292 2657 igitur
1335 2601 1623 2657 queramur
1644 2586 1810 2642 Deum
1835 2601 1903 2641 ex
1933 2586 2035 2642 hac

445 2681 586 2750 turpi
629 2696 728 2735 nos
754 2680 1034 2751 tyrannide
1058 2687 1114 2735 et
1139 2678 1360 2734 ridicula
1387 2686 1442 2733 et
1471 2677 1756 2732 multorum
1803 2677 2034 2747 probro-

443 2786 565 2826 rum
597 2773 754 2842 plena
781 2771 1066 2827 exemisse.
1090 2770 1294 2826 Nomen
1325 2770 1468 2826 enim
1489 2770 1664 2824 solum
1691 2769 2031 2838 splendidum

443 2871 560 2930 est,
592 2878 681 2918 res
721 2873 898 2918 autem
931 2865 1042 2933 ipsa
1070 2863 1227 2934 longe
1248 2863 1382 2917 alios
1411 2872 1570 2933 atque
1591 2863 1890 2932 appellatio
1917 2863 2031 2932 ipsa

443 2953 780 3023 polliceatur,
826 2962 1094 3010 amatores
1132 2968 1259 3010 suos
1298 2951 1512 3020 reddit,
1553 2967 1617 3008 ac
1641 2967 1800 3008 nemo
1833 2960 1917 3008 est
1943 2952 2033 3022 qui

443 3045 629 3115 gloria:
672 3060 830 3101 causa
881 3045 1150 3116 quidpiam
1196 3049 1442 3117 agentem
1490 3059 1599 3100 non
1640 3044 1877 3100 irrideat.
1938 3044 2033 3102 llle

443 3137 586 3191 enim
629 3137 774 3192 solus
820 3137 1215 3208 suspiciendum
1244 3153 1306 3194 se
1337 3136 1606 3218 prtcbpre,
1633 3147 1687 3193 et
1711 3138 1880 3209 gloria
1925 3139 2033 3194 cir-

441 3229 733 3285 cumfluere
758 3231 972 3300 poterit,
1005 3231 1094 3300 qui
1119 3245 1186 3286 eo
1211 3231 1429 3285 minime
1454 3238 1659 3301 spectat
1692 3248 1705 3284 :
1733 3231 1823 3301 qui
1850 3242 2030 3287 autem

443 3335 693 3391 magnum
732 3320 982 3390 quiddam
1014 3330 1164 3391 putat
1199 3321 1422 3390 gloriam
1452 3337 1483 3376 a
1529 3321 1709 3376 multis
1756 3323 1987 3377 delatam
2009 3364 2025 3391 ,

441 3419 606 3480 atque
632 3410 774 3465 illius
795 3411 1188 3480 consequenda:
1211 3427 1370 3466 causa
1392 3411 1568 3466 omnia
1590 3411 1715 3466 facit
1735 3421 1789 3467 et
1808 3413 2026 3482 patitur,

443 3502 492 3558 is
536 3503 870 3572 potissimum
910 3503 978 3558 ab
1013 3517 1074 3556 ea
1120 3503 1281 3572 longe
1327 3484 1524 3566 aberit,
1565 3503 1788 3573 ejusque
1834 3520 2028 3575 expers

439 3593 581 3660 erit;
609 3609 786 3648 rerum
808 3609 935 3648 vero
957 3594 1143 3664 gloria:
1171 3595 1564 3649 adversantium
1593 3597 1824 3652 maxime
1853 3598 2022 3666 parti-

439 3700 584 3754 ceps,
612 3685 903 3751 irrisionis,
935 3686 1352 3751 criminationis,
1388 3687 1791 3743 maledictorum
1812 3729 1827 3752 ,
1851 3689 2020 3743 ofl'eno

442 3779 638 3843 sionis,
673 3779 802 3833 odii.
836 3779 1017 3850 Neque
1047 3780 1100 3834 in
1127 3779 1260 3834 viris
1290 3790 1491 3835 tantum
1521 3781 1572 3836 id
1597 3798 1692 3837 usu
1721 3783 1899 3850 venit,
1930 3784 2024 3840 sed

437 3873 599 3926 etiam
631 3874 682 3926 in
711 3873 864 3928 vobis
888 3875 1200 3930 mulieribus
1217 3915 1234 3940 ,
1256 3887 1416 3946 atque
1439 3877 1610 3932 multo
1637 3879 1825 3949 magis.

526 3964 668 4018 Vana
691 3967 856 4037 gloria
883 3983 962 4021 res
988 3967 1184 4022 odiosa.
1223 3988 1297 4009 -ι-
1331 3969 1463 4024 Nam
1498 3985 1616 4040 quae
1661 3979 1716 4025 et
1760 3971 1927 4041 figura
1971 3981 2026 4028 et

440 4055 653 4112 incessu
699 4067 754 4113 et
799 4059 995 4113 vestitu
1039 4059 1334 4129 simplicem
1389 4061 1672 4130 quamdam
1727 4061 2020 4117 bonitatem

439 4163 552 4219 pne
590 4165 650 4204 se
689 4150 825 4218 fert,
857 4159 912 4206 et
952 4166 979 4204 a
1008 4154 1221 4206 nemine
1269 4148 1524 4208 lfonorcm
1565 4163 1875 4223 aucupatur,
1904 4169 2022 4210 eam

438 4257 627 4297 omnes
653 4243 1004 4310 admirantur,
1047 4244 1374 4314 suspiciunt,
1417 4244 1742 4315 praedicant,
1776 4247 2023 4302 omnibus

436 4332 593 4388 bonis
633 4334 902 4389 ominibus
947 4345 1339 4406 prosequuntur
1374 4353 1388 4390 :
1431 4352 1582 4390 vana:
1621 4347 1797 4392 autem
1836 4339 2021 4408 gloriae

437 4425 683 4494 cupidam
747 4435 1076 4492 aversantur,
1129 4427 1393 4494 oderunt,
1441 4435 1497 4483 et
1557 4428 1718 4483 veluti
1789 4428 2020 4484 belluam

436 4516 720 4585 quamdam
743 4525 1006 4586 agrestem
1047 4519 1282 4588 fugiunt,
1308 4527 1590 4575 sescentas
1618 4520 1670 4574 in
1698 4520 1841 4576 illam
1863 4536 2019 4578 exse-

434 4610 704 4663 crationes
739 4621 795 4663 et
836 4611 1186 4666 contumelias
1224 4612 1589 4681 conjicientes.
1621 4613 1733 4670 Nec
1759 4629 1884 4669 vero
1932 4615 2018 4670 his

434 4699 713 4756 dumtaxat
740 4701 896 4756 malis
926 4717 1023 4757 nos
1055 4704 1312 4773 eripimus
1346 4705 1614 4774 vulgarem
1641 4707 1862 4776 gloriam
1883 4723 2015 4762 con-

435 4800 767 4860 temnentes,
795 4793 889 4849 sed
923 4803 979 4849 et
1011 4809 1110 4862 ea,
1133 4811 1253 4865 quae
1291 4796 1526 4850 omnium
1572 4797 1801 4852 maxima
1857 4807 2013 4868 sunt,

435 4883 723 4952 lucramur,
752 4885 879 4940 dum
912 4896 1107 4956 prmter
1143 4902 1204 4942 ea
1250 4903 1368 4957 qua:
1405 4887 1544 4944 dicta
1595 4897 1718 4944 sunt
1759 4893 2016 4960 paulatim

433 4975 707 5031 erudimur
724 4979 1008 5048 respirare,
1042 4987 1097 5034 et
1115 4981 1352 5048 aspirare
1377 4979 1443 5034 ad
1472 4980 1682 5045 caelum,
1713 4990 1766 5036 et
1801 4991 2014 5040 terrena

431 5068 609 5122 omnia
653 5067 935 5139 dispicere.
967 5069 1097 5124 Nam
1134 5070 1223 5140 qui
1243 5070 1422 5126 delato
1468 5071 1536 5126 ab
1577 5070 1884 5129 hominibus
1919 5075 2016 5130 ho-

431 5175 564 5216 nore
587 5161 806 5218 minime
833 5177 990 5233 egere
1030 5178 1092 5219 se
1135 5171 1315 5233 putat,
1347 5164 1601 5236 quidquid
1644 5165 1768 5221 boni
1813 5165 2008 5238 faciet,

430 5267 618 5323 magna
664 5270 784 5310 cum
841 5255 1126 5311 securitate
1169 5256 1359 5322 faciet,
1387 5274 1562 5328 neque
1593 5269 1686 5313 aut
1729 5259 2007 5327 adversis,

428 5355 522 5398 aut
545 5346 793 5401 secundis
824 5347 982 5418 hujus
1024 5349 1146 5402 vitae
1171 5349 1333 5404 rebus
1370 5349 1659 5420 quidquam
1688 5351 2010 5408 incommodi

427 5437 640 5492 sentiet.
664 5437 845 5508 Neque
869 5441 1011 5494 enim
1039 5447 1132 5494 aut
1156 5440 1399 5496 adversa:
1425 5441 1572 5495 illum
1595 5441 1826 5510 dejicere
1851 5451 2011 5512 atque

426 5527 655 5583 obruere
701 5539 956 5599 possunt,
998 5541 1097 5587 aut
1144 5532 1393 5587 secundae
1428 5533 1614 5588 inflare
1654 5547 1718 5587 ac
1748 5534 2008 5590 tumidum

425 5619 680 5688 reddere,
711 5620 804 5676 sed
843 5621 895 5676 in
929 5623 1088 5678 rebus
1114 5624 1347 5679 maxime
1374 5623 1586 5679 caducis
1611 5638 1674 5679 ac
1703 5623 1860 5680 fluxis
1880 5626 2007 5694 ipse

423 5713 596 5770 omnis
621 5715 926 5772 mutationis
953 5731 1146 5788 expers
1170 5727 1369 5775 manet.
1400 5717 1552 5787 Quod
1579 5717 1824 5776 celeriter
1868 5728 1922 5775 ct
1951 5719 2003 5774 in

1155 276 1215 335 S.
1251 275 1529 334 JOANNIS
1563 272 2042 331 CHRYSOSTOMI
2075 273 2394 332 ARCHIEP.
2435 275 2968 335 CONSTANTINOP.

3614 282 3718 340 608

2140 395 2232 442 tuo
2282 387 2446 458 ipsius
2489 391 2669 446 animo
2720 401 3033 446 eventurum
3090 405 3283 460 spero,
3331 391 3721 464 confestimque

2141 483 2367 534 terrenis
2395 481 2640 536 omnibus
2663 483 2918 551 abiectis,
2941 483 3210 538 cmlcstem
3239 492 3291 538 te
3326 483 3480 538 nobis
3506 486 3720 539 vivendi

2136 571 2393 626 rationem
2457 584 2989 644 repraesentaturum,
3054 575 3276 646 gloriam
3343 590 3505 642 vero,
3560 592 3722 646 quam

2133 676 2274 716 nunc
2297 661 2496 730 defles,
2525 665 2680 733 paulo
2713 674 2832 734 post
2860 665 3134 720 irrisuram
3153 707 3170 732 ,
3200 675 3254 720 et
3295 681 3482 720 vanam
3508 683 3572 722 ac
3599 666 3726 722 futi-

2135 751 2239 806 lcm
2289 752 2432 809 illius
2461 770 2745 824 personam
2789 757 3082 812 illusuram.
3117 756 3269 824 Quod
3318 758 3363 812 si
3403 759 3683 827 pristinam
3707 799 3720 822 ,

2135 861 2236 915 qua
2264 862 2359 916 per
2386 848 2532 902 illum
2576 849 2892 919 potiebaris,
2938 851 3278 906 securitatem
3317 850 3622 913 desideres,
3666 860 3724 905 et

2136 935 2395 992 bonorum
2423 937 2748 1005 custodiam,
2777 954 2874 994 nec
2903 948 3085 1008 patere
3115 940 3247 995 velis
3275 955 3458 995 eorum
3483 939 3718 1004 insidiis,

2135 1025 2225 1094 qui
2260 1027 2452 1083 alienis
2487 1029 2874 1084 calamitatibus
2916 1031 3207 1096 insultant,
3243 1031 3395 1084 Jacta
3437 1047 3586 1099 super
3615 1030 3724 1084 Do-

2135 1117 2327 1171 minum
2345 1135 2520 1172 curant
2549 1130 2723 1187 tuam,
2755 1131 2803 1175 et
2823 1122 2930 1192 ipse
2959 1131 3006 1174 te
3032 1123 3244 1175 enutriet
3276 1121 3447 1194 (Psal.
3481 1122 3572 1175 54.
3599 1122 3719 1190 25).

2137 1205 2381 1278 Inspicite
2431 1211 2608 1275 enim,
2651 1211 2854 1282 inquit,
2891 1213 2945 1266 in
2992 1213 3223 1284 antiquas
3263 1215 3640 1284 generationes,
3675 1224 3721 1267 et

2136 1299 2296 1352 videte
2319 1301 2366 1354 si
2388 1302 2498 1367 quis
2537 1305 2754 1370 speravit
2795 1304 2849 1358 in
2886 1304 3108 1359 Domino
3126 1347 3141 1370 ,
3169 1315 3215 1360 et
3242 1306 3486 1374 confusus
3509 1316 3581 1360 est
3601 1349 3614 1371 ,
3642 1307 3721 1360 vel

2135 1391 2180 1443 si
2202 1392 2313 1461 quis
2341 1393 2585 1446 invocavit
2609 1395 2782 1460 illum,
2811 1405 2858 1450 et
2883 1398 3142 1467 despectus
3161 1407 3234 1452 est
3258 1439 3274 1464 ,
3307 1398 3384 1452 vel
3401 1401 3448 1452 si
3476 1399 3588 1468 quis
3620 1408 3722 1452 ste-

2137 1482 2198 1534 tit
2248 1483 2302 1536 in
2345 1484 2598 1538 mandatis
2642 1487 2751 1556 ejus
2774 1527 2790 1552 ,
2817 1497 2863 1540 et
2892 1488 3158 1541 derelictus
3203 1497 3274 1542 est
3301 1487 3488 1550 (Eccli.
3514 1489 3569 1541 2.
3603 1488 3718 1558 10).

2134 1572 2267 1627 Nam
2297 1575 2384 1644 qui
2405 1589 2539 1631 onus
2566 1585 2672 1630 tam
2692 1578 3041 1633 intolerabilis
3065 1579 3380 1634 calamitatis
3406 1580 3572 1633 levius
3597 1579 3720 1633 red.

2135 1663 2302 1729 didit,
2325 1674 2379 1720 et
2408 1665 2459 1720 in
2491 1669 2741 1736 praesenti
2772 1670 3152 1738 tranquillitate
3173 1679 3226 1726 te
3253 1670 3564 1736 collocavit,
3595 1671 3640 1724 is
3665 1681 3720 1725 et

2135 1773 2254 1827 qua:
2300 1758 2580 1814 imminent
2622 1761 2970 1830 propulsabit.
3012 1761 3143 1816 Nam
3192 1761 3292 1817 hac
3328 1762 3541 1831 quidem
3567 1763 3718 1832 plaga

2135 1851 2332 1906 nullam
2359 1859 2413 1906 te
2438 1867 2685 1923 umquam
2706 1853 3000 1922 graviorem
3020 1869 3177 1922 posse
3200 1853 3444 1923 accipere
3474 1853 3716 1922 profecto

2135 1943 2289 1998 nobis
2315 1944 2642 1998 assentieris.
2669 1943 2891 2012 Quando
2916 1945 3074 2013 igitur
3099 1960 3331 2014 praesens
3352 1947 3548 1999 malum
3579 1945 3720 1999 adeo

2135 2034 2344 2091 fortiter
2370 2052 2434 2092 ac
2461 2052 2720 2108 generose
2745 2037 2944 2105 tulisti,
2976 2037 3136 2108 idque
3164 2054 3288 2094 cum
3323 2047 3375 2094 te
3419 2055 3545 2094 usus
3584 2055 3722 2094 non-

2134 2127 2261 2181 dum
2309 2127 2610 2198 docuisset,
2653 2131 2822 2184 multo
2849 2131 3016 2200 magis
3069 2147 3133 2185 ex
3179 2132 3272 2198 iis,
3317 2147 3437 2202 quae
3474 2133 3719 2189 accidere

2135 2227 2390 2286 possunt,
2432 2220 2476 2274 si
2505 2221 2630 2291 quid
2661 2229 2851 2290 prmter
2877 2222 3201 2276 voluntatem
3244 2233 3478 2278 nostram
3508 2224 3720 2279 accide-

2134 2309 2239 2373 rit,
2267 2309 2408 2379 quod
2456 2311 2599 2366 Deus
2645 2327 2800 2366 omen
2842 2321 3080 2377 avertat,
3128 2313 3282 2369 facile
3323 2314 3483 2369 feres.
3515 2315 3718 2370 Catlum

2135 2416 2336 2471 qurere,
2355 2411 2411 2457 et
2436 2404 2614 2458 omnia
2645 2419 2995 2474 quascumque
3014 2405 3078 2459 ad
3105 2406 3264 2460 vitam
3293 2406 3401 2462 illic
3423 2405 3718 2476 degendam

2134 2495 2470 2562 conducunt,
2512 2511 2575 2552 ac
2615 2497 2746 2551 nihil
2776 2513 2961 2553 eorum
3008 2513 3125 2568 quae
3168 2498 3255 2553 hic
3287 2499 3413 2552 fiant
3443 2498 3636 2554 laedere
3665 2509 3721 2556 te

2135 2587 2365 2656 poterit,
2395 2603 2464 2642 ne
2489 2588 2603 2658 ipse
2624 2588 2835 2658 quidem
2861 2589 3198 2644 tenebrarum
3226 2591 3532 2660 imperator,
3563 2589 3721 2644 dum-

2135 2678 2295 2732 modo
2340 2694 2409 2734 ne
2455 2681 2609 2735 nobis
2647 2681 2745 2751 ipsi
2776 2696 3081 2736 noceamus.
3111 2681 3240 2736 Nam
3267 2693 3321 2736 et
3340 2682 3386 2736 si
3414 2683 3530 2752 quis
3561 2681 3722 2737 bonis

2133 2770 2357 2839 spoliet,
2389 2780 2443 2826 et
2464 2773 2509 2826 si
2539 2787 2736 2842 corpus
2772 2774 3048 2838 concidat,
3093 2775 3223 2828 nihil
3254 2774 3442 2830 horum
3487 2776 3553 2831 ad
3580 2790 3718 2844 nos,

2133 2859 2295 2915 modo
2319 2862 2528 2916 animus
2556 2863 2709 2917 nobis
2728 2863 3005 2918 incolumis
3032 2873 3262 2919 maneat.

2205 2951 2258 3005 7.
2300 2949 2541 3008 Pecunia
2580 2953 2635 3006 in
2672 2954 2852 3008 caelum
2879 2955 3134 3009 mittenda:
3157 2956 3426 3024 quomodo.
3463 2986 3538 2998 -—
3587 2958 3716 3013 0m-

2134 3043 2262 3098 nino
2281 3054 2457 3099 autem
2501 3046 2546 3101 si
2585 3045 2666 3102 vis
2695 3048 2947 3118 pecunias
2988 3047 3056 3101 ab
3104 3047 3252 3102 omni
3294 3050 3530 3118 periculo
3576 3059 3719 3106 tutas

2131 3135 2401 3193 custodire
2424 3148 2481 3193 et
2502 3137 2846 3208 amplificare,
2869 3153 2968 3208 ego
2989 3153 3118 3193 sane
3142 3147 3197 3193 et
3215 3139 3430 3194 modum
3457 3149 3512 3194 et
3539 3140 3718 3196 locum

2129 3230 2541 3298 demonstrabo,
2571 3245 2678 3302 quo
2719 3231 2848 3285 nulli
2878 3245 3084 3297 eorum,
3117 3231 3204 3301 qui
3237 3231 3474 3287 insidiari
3509 3232 3716 3298 solent,

2130 3319 2209 3376 fas
2237 3330 2321 3377 est
2351 3322 2572 3377 irruere.
2598 3322 2730 3390 Quis
2761 3322 2920 3392 igitur
2959 3323 3107 3376 locus
3132 3323 3252 3377 est?
3280 3323 3481 3376 Caelum
3518 3341 3531 3376 :
3563 3323 3717 3378 mitte

2130 3411 2250 3466 illas
2292 3411 2359 3467 ad
2388 3413 2644 3483 optimum
2672 3414 2816 3468 illum
2860 3413 3064 3477 virum,
3090 3429 3153 3471 ac
3183 3429 3360 3484 neque
3403 3414 3507 3480 fur,
3539 3429 3718 3486 neque

2129 3503 2427 3569 insidiator,
2456 3519 2631 3573 neque
2672 3505 2775 3558 ulla
2802 3505 2903 3558 alia
2935 3505 3102 3574 pestis
3132 3505 3388 3573 impetum
3431 3504 3608 3561 facere
3654 3505 3713 3561 in

2129 3593 2251 3647 illas
2296 3594 2507 3662 poterit.
2539 3593 2596 3648 Si
2652 3593 2723 3648 ibi
2767 3594 2863 3649 has
2911 3595 3052 3664 ipsas
3106 3597 3359 3665 pecunias
3404 3595 3713 3664 defoderis,

2128 3701 2377 3757 magnum
2403 3701 2469 3741 ex
2494 3686 2577 3741 his
2602 3687 2803 3741 lucrum
2834 3688 3151 3757 reportabis.
3180 3687 3371 3743 Omnia
3398 3690 3538 3743 enim
3561 3705 3713 3758 qua:-

2126 3793 2357 3848 cumque
2380 3795 2408 3832 a
2436 3779 2590 3833 nobis
2617 3779 2670 3832 in
2708 3777 2854 3832 caalis
2887 3790 3159 3844 seruntur,
3190 3778 3346 3849 longe
3365 3779 3618 3848 majorem
3644 3793 3714 3835 ac

2127 3871 2402 3925 meliorem
2446 3876 2766 3939 proventum
2818 3869 3042 3934 habent,
3074 3884 3137 3924 ac
3164 3870 3322 3939 plane
3361 3870 3546 3938 talem,
3579 3886 3717 3940 qua-

2125 3959 2230 4014 lem
2281 3970 2697 4015 consentaneum
2742 3968 2917 4015 estex
2953 3961 3050 4028 iis,
3081 3976 3201 4029 quae
3229 3961 3280 4015 in
3307 3961 3452 4016 czelis
3497 3962 3712 4017 radices

2123 4059 2368 4121 egerunt.
2399 4049 2550 4117 Quod
2577 4052 2620 4106 si
2661 4051 2762 4105 hoc
2791 4050 2983 4106 feceris
3006 4091 3022 4117 ,
3055 4051 3178 4108 vide
3219 4053 3489 4122 qualibus‘
3518 4053 3714 4108 frueris

2124 4144 2316 4199 bonis:
2351 4143 2577 4213 primum
2623 4143 2838 4213 quidem
2875 4144 3199 4213 sempiterna
3229 4146 3332 4198 vita
3379 4153 3433 4199 et
3477 4145 3542 4199 iis
3586 4160 3713 4214 qua

2125 4235 2387 4305 promissa
2411 4246 2536 4290 sunt
2559 4235 2900 4306 diligentibus
2922 4235 3087 4291 Deum
3107 4277 3122 4301 ,
3154 4250 3271 4304 quae
3307 4250 3481 4306 neque
3519 4234 3713 4292 oculus

2123 4327 2287 4391 vidit,
2337 4342 2508 4397 neque
2551 4327 2696 4382 auris
2739 4326 2973 4392 audivit,
3023 4341 3194 4396 neque
3243 4325 3294 4380 in
3341 4341 3435 4381 cor
3471 4326 3716 4382 hominis

2121 4420 2509 4475 ascenderunt:
2538 4419 2731 4474 deinde
2759 4419 3144 4474 consuetudine
3162 4417 3350 4487 optimi
3382 4417 3485 4472 viri
3529 4418 3603 4472 tui
3648 4419 3712 4474 in

2119 4526 2280 4567 omne
2306 4526 2475 4566 aevum
2503 4525 2518 4565 :
2551 4519 2821 4580 postremo
2844 4524 2875 4562 a
2899 4509 3069 4571 curis,
3095 4509 3394 4573 timoribus,
3429 4509 3710 4578 periculis,

2120 4603 2345 4668 insidiis,
2425 4602 2730 4664 simultate,
2784 4599 2925 4664 odio,
2981 4615 3099 4670 qua:
3151 4599 3288 4653 hanc
3334 4607 3603 4664 exercent,
3650 4607 3715 4655 te

2120 4696 2290 4765 ipsam
2331 4693 2603 4749 liberabis.
2657 4693 2921 4762 Quamdiu
2967 4692 3109 4746 enim
3158 4691 3408 4761 pecunias
3454 4691 3592 4759 apud
3646 4697 3711 4746 te

2118 4788 2394 4854 retinebis,
2439 4793 2597 4841 erunt
2640 4785 2863 4840 fortasse
2889 4783 3071 4854 aliqui,
3105 4783 3192 4852 qui
3225 4781 3496 4836 fraudibus
3535 4780 3712 4835 inter-

2120 4892 2364 4939 vertant:
2392 4882 2472 4937 sin
2505 4890 2681 4935 autem
2710 4879 2776 4932 ad
2807 4879 2995 4934 cazlum
3025 4875 3384 4930 transmiseris
3410 4915 3424 4938 ,
3453 4873 3712 4944 periculis

2120 4991 2340 5031 vacuam
2363 5016 2376 5039 ,
2403 4982 2567 5028 tutam
2590 5013 2604 5038 ,
2627 4986 2691 5025 ac
2717 4968 3107 5040 tranquillitatis
3135 4967 3498 5039 plenissimam
3543 4965 3708 5020 vitam

2119 5071 2265 5124 vives
2288 5110 2302 5134 ,
2335 5069 2530 5138 quippe
2553 5083 2672 5137 qua:
2693 5065 3011 5121 sufficientia
3042 5079 3145 5117 una
3171 5077 3289 5117 cum
3317 5062 3512 5132 pietate
3560 5060 3712 5113 frue-

2117 5164 2213 5219 ris.
2244 5163 2446 5234 Magna:
2471 5161 2612 5215 enim
2639 5158 2922 5215 dementire
2947 5165 3047 5222 est,
3070 5156 3114 5211 si
3141 5155 3251 5225 agri
3277 5153 3490 5224 quidem
3513 5167 3706 5208 emcn-

2113 5256 2167 5310 di
2189 5255 2294 5310 sint
2314 5297 2329 5323 ,
2357 5253 2667 5310 feraciorem
2722 5260 2917 5306 terram
2952 5248 3181 5313 sectari;
3207 5261 3328 5300 cum
3356 5259 3486 5300 vero
3513 5244 3708 5299 cmlum

2113 5357 2271 5404 terra:
2315 5348 2436 5402 loco
2511 5347 2581 5402 sit
2626 5343 2990 5415 propositum,
3047 5356 3168 5396 cum
3225 5339 3294 5394 ibi
3351 5338 3506 5393 liceat
3551 5352 3701 5407 pra:-

2112 5439 2257 5494 dium
2307 5439 2410 5494 sibi
2453 5451 2794 5506 comparare,
2848 5442 3005 5488 terra:
3057 5432 3234 5502 potius
3285 5429 3706 5494 inhaererc,se-

2111 5546 2217 5602 que
2243 5530 2535 5595 molestiis,
2562 5543 2681 5598 qua:
2703 5541 2770 5582 ex
2797 5526 2895 5580 hac
2923 5539 3066 5593 saepe
3088 5523 3352 5586 incidunt,
3382 5533 3653 5590 exponere
3676 5535 3695 5574 :

2115 5639 2257 5694 szrpe
2292 5623 2434 5677 enim
2465 5632 2703 5676 nostraet
2753 5617 3040 5674 frustratur
3063 5631 3233 5686 spem.
3263 5614 3524 5680 Quoniam
3567 5627 3704 5667 vero

2109 5717 2235 5773 illud
2289 5717 2520 5788 graviter
2563 5713 2800 5787 percellit
2846 5712 3183 5783 concutitque
3233 5710 3466 5765 animum
3520 5717 3696 5775 tuum,
