4056 6208
478 298 582 354 609

475 413 573 468 καὶ
610 412 813 485 σφόδρα
843 412 978 487 δήλη
1018 408 1086 487 ἦν
1115 414 1251 486 αὕτη
1287 419 1321 487 ἡ
1364 415 1537 479 ἐλπὶς,
1574 415 1689 468 ἀλλ’
1732 416 1881 486 ὅμως
1928 414 2139 486 ἀνθρὼ-

1253 292 1312 350 S.
1350 296 1638 356 JOANNIS
1675 297 2161 357 CHRYSOSTOMI
2201 296 2525 354 ARCIIIEP.
2567 294 3114 353 CONSTANTINOP.

3799 301 3882 362 610

2243 415 2512 484 οὐρανοῖς,
2547 414 2682 485 ὅπερ
2713 416 2775 467 οὺ
2809 412 2978 485 μικρά
3004 412 3206 484 ζημίας
3231 415 3342 477 τοῖς
3382 413 3520 486 ὑπὲρ
3549 415 3656 468 τῶν
3687 418 3882 486 μελλόν-

476 518 597 555 σπων
629 501 782 564 ἐλπὶς
807 497 896 574 ἦν,
936 488 1198 566 πολλάκις
1224 501 1604 557 διαπίπτουσα·
1642 503 1736 556 καὶ
1769 502 1940 556 πολλὰ
1974 506 2031 556 ἐν
2062 502 2141 574 τῷ
2240 519 2349 556 των
2393 502 2813 557 πεπιστευκόσιν
2861 501 3007 555 ἐστίν
3034 519 3049 533 ·
3086 500 3278 554 ἔπειτα
3329 503 3386 556 δὲ
3411 541 3426 563 ,
3474 505 3521 556 εί
3562 504 3655 557 καὶ
3702 506 3881 577 σφόδρα

477 586 579 658 βίῳ
604 588 826 642 τοιαῦτα
852 588 1065 660 δρῶμεν
1095 590 1374 660 γινόμενα,
1409 592 1503 644 καὶ
1533 591 1642 645 τῶν
1673 591 1878 660 σφόδρα
1910 591 2142 662 προσδο-

474 674 752 746 κηθέντων
775 675 1075 729 ἀτελέστων
1110 677 1430 746 μεινάντων,
1457 677 1527 731 τὰ
1553 678 1610 731 δὲ
1638 679 1770 750 μηδ’
1797 678 1877 742 εἰς
1902 678 2024 731 νοῦν
2050 678 2139 732 ἐλ-

476 760 636 814 θόντα
651 763 779 832 ἡμῖν
802 765 881 826 εἰς
910 763 1060 827 τέλος
1076 764 1266 834 ἐξῆλθε
1285 765 1565 828 πολλάκις,
1587 767 1681 819 καὶ
1701 765 1860 818 τοῦτο
1893 766 1997 819 κάν
2016 767 2139 829 ταῖς

474 847 690 917 ἀρχαῖς,
719 849 820 903 κάν
852 853 970 913 ταῖς
1002 851 1320 921 βασιλείαις,
1338 857 1441 911 κάν
1474 856 1590 916 ταῖς
1621 852 2022 924 κληρονομίαις,
2046 852 2139 905 καὶ

474 936 587 996 τοῖς
600 935 797 1006 γάμοις
818 948 866 1002 ι,
884 938 977 991 καὶ
1002 940 1274 1010 πανταχοῦ
1296 940 1588 1010 συμϐαῖνον
1616 940 1829 1013 ὁρῶμεν
1854 940 1959 992 ἀεί.
1976 940 2139 993 Ὥστε

477 1020 636 1074 εἰκαί
670 1023 874 1095 σφόδρα
886 1026 1051 1094 ἐγγὺς
1075 1022 1144 1098 ἦν
1172 1028 1434 1099 ὁκαιρδς,
1456 1026 1592 1082 ἀλλά
1619 1027 1836 1090 πολλὰ,
1873 1026 2013 1080 κατὰ
2038 1027 2138 1098 τὴν

476 1108 793 1180 παροιμίαν,
818 1112 1046 1179 μεταξὺ
1072 1115 1321 1180 κύλικος
1349 1114 1447 1167 καὶ
1477 1115 1713 1184 χείλεος
1730 1113 1917 1182 ἄκρου
1942 1112 2133 1167 πέλει.

475 1195 586 1249 Kal
614 1197 647 1266 ἡ
694 1196 882 1269 Γραφὴ
912 1198 971 1252 δέ
1004 1216 1198 1272 φησιν·
1267 1201 1409 1254 Ἀπὸ
1440 1202 1694 1269 πρωΐθεγ
1720 1199 1832 1268 ἕως
1875 1199 2138 1268 ἑσπέρας

467 1282 827 1350 μεταϐάλλει
857 1287 1079 1355 καιρός.
1125 1286 1278 1341 Οὕτω
1310 1290 1403 1341 καὶ
1429 1287 1681 1358 βασιλεὺς
1717 1289 1746 1340 ὁ
1794 1288 2036 1360 σήμερον
2060 1286 2136 1340 ὢν

470 1368 660 1440 αὔριον
692 1371 937 1444 τελευτᾷ.
984 1375 1094 1429 Kal
1125 1375 1286 1429 πάλιν
1315 1375 1376 1429 τὸ
1418 1375 1548 1447 παρ’
1596 1375 1815 1440 ἐλπίδας
1857 1374 2137 1445 ἐμφαίνων

467 1458 603 1527 ἡμῖν
624 1458 783 1523 αὐτὸς
816 1455 970 1525 οὗτος
1000 1463 1029 1515 ό
1054 1463 1215 1533 σοφός
1240 1480 1404 1533 φησι·
1433 1464 1660 1518 Πολλοὶ
1689 1465 1966 1531 τύραννοι
1995 1461 2135 1516 ἐκά-

470 1546 651 1597 θισαν
683 1545 780 1600 ἐπὶ
803 1547 1084 1618 ἐδάφους,
1117 1554 1150 1604 ό
1192 1550 1260 1604 δὲ
1283 1552 1697 1619 ἀνυπονόητος
1732 1552 1986 1621 ἐφόρεσε
2008 1548 2137 1603 διά·-

470 1629 648 1699 δημα.
684 1634 793 1687 Kal
821 1636 884 1689 ού
914 1636 1133 1700 πάντως
1174 1638 1333 1708 δῆλον
1373 1635 1441 1710 ἦν
1473 1641 1556 1693 ὅτι
1589 1640 1761 1709 ζήσας
1800 1639 1888 1691 ἐπ’
1920 1637 2135 1709 ἐκείνην

466 1716 590 1787 ἥξει
620 1719 718 1790 τὴν
749 1722 951 1794 ἀρχήν·
981 1724 1044 1777 τὸ
1070 1724 1179 1796 γὰρ
1200 1725 1295 1779 τοῦ
1322 1726 1604 1796 μέλλοντος
1633 1726 1826 1798 ἄδηλον
1853 1726 1948 1780 καί
1967 1725 2135 1797 ’ἐτερα

471 1805 795 1862 ὑποπτεύειν
821 1813 1078 1881 παρεῖχεν
1114 1814 1265 1884 ἡμῖν.
1296 1814 1466 1867 Πόθεν
1507 1814 1617 1886 γὰρ
1646 1814 1803 1885 δῆλον
1836 1815 1917 1867 ὅτι
1963 1811 2137 1883 ζήσας

467 1894 559 1946 ἐπ’
593 1896 807 1967 ἐκείνην
846 1897 965 1968 ἥξει
1004 1898 1101 1971 τὴν
1131 1900 1336 1972 ἀρχήν;
1383 1902 1465 1955 ὃτι
1514 1903 1634 1972 ούχὶ
1672 1903 1766 1955 καὶ
1811 1901 1879 1955 τὰ
1912 1899 2135 1955 ἐναντία

468 1980 712 2046 ἐξέϐαινε
731 2025 747 2050 ,
782 1984 877 2038 καὶ
907 1985 1009 2057 τῆς
1037 1985 1202 2058 οὔσης
1233 1988 1491 2054 ἐξέπιπτε
1525 1989 1691 2059 τιμῆς
1731 1989 1873 2058 νόσῳ
1907 1988 2137 2059 παραδο-

469 2067 604 2133 θεὶς,
636 2070 731 2125 καὶ
765 2071 943 2144 φθόνῳ
992 2075 1085 2128 καὶ
1130 2074 1401 2147 βασκανίᾳ
1447 2076 1556 2130 τῶν
1595 2076 1933 2146 βουλομένων
1971 2075 2135 2131 αὑτὸν

467 2159 928 2230 παρευημερῆσαι
958 2160 1193 2233 βληθεὶς,
1230 2163 1263 2234 ἢ
1306 2164 1400 2217 καὶ
1447 2162 1631 2233 ἕτερόν
1668 2180 1722 2216 τι
1757 2162 1945 2225 παθὼν
1972 2163 2134 2233 χαλε-

467 2244 602 2310 πόν;
643 2245 837 2317 θῶμεν
877 2248 934 2301 δέ
954 2290 969 2313 ,
1016 2251 1066 2302 εἰ
1106 2249 1319 2319 βούλει,
1345 2251 1440 2305 καὶ
1468 2251 1627 2322 δῆλον
1659 2246 1799 2304 εἶναι
1834 2251 2021 2320 σαφῶς
2051 2252 2133 2306 ὃτι

466 2332 686 2397 πάντως
724 2332 1056 2400 ἐπιϐιώσας,
1098 2337 1301 2408 ταύτης
1346 2338 1567 2408 ἔμελλεν
1607 2337 1988 2408 ἐπιτυγχάνειν
2035 2338 2134 2410 τῆς

467 2421 710 2490 κορυφῆς
730 2438 744 2451 ·
775 2422 884 2493 ὃσῳ
906 2422 1014 2494 γάρ
1038 2425 1071 2495 ἡ
1093 2422 1219 2490 ἀξία
1247 2425 1469 2496 μείζων,
1496 2424 1734 2496 τοσούτῳ
1757 2426 1853 2478 καὶ
1878 2424 2132 2497 μείζονας

465 2504 611 2577 ἔχειν
644 2506 855 2578 ἀνάγκη
883 2504 1010 2573 τοὺς
1038 2510 1312 2575 κινδύνους
1340 2507 1410 2582 ἦν
1443 2512 1539 2566 καί⁸
1569 2512 1856 2584 φροντίδας
1884 2512 1978 2566 καὶ
2013 2513 2134 2566 ἐπι-

465 2590 684 2657 ϐουλάς.
731 2594 882 2665 Μηδὲ
920 2596 1092 2650 ταῦτα
1126 2597 1297 2665 ἐστω,
1336 2597 1452 2653 ἀλλ’
1508 2598 1803 2663 ἀκινδύνως
1849 2599 1944 2653 καὶ
1991 2599 2133 2671 μετά

467 2679 674 2751 πολλῆς
698 2684 798 2753 τῆς
824 2683 1055 2754 ἡσυχίας
1090 2682 1264 2739 ἐκεῖνο
1302 2684 1594 2740 διαπλείτω
1621 2685 1684 2739 τὸ
1719 2685 1957 2756 πέλαγος
1976 2702 1990 2716 ·
2037 2688 2132 2742 καὶ

466 2766 522 2820 τί
545 2766 606 2820 τὸ
629 2768 823 2839 πέρας,
852 2770 973 2823 εἰπέ
1007 2788 1098 2841 μοι
1123 2788 1137 2836 ;
1173 2773 1234 2826 ού
1260 2772 1417 2826 τοῦτο
1440 2774 1578 2843 ὅπερ
1599 2773 1693 2827 νῦν
1713 2814 1727 2840 ,
1755 2774 1957 2845 μᾶλλον
1979 2774 2039 2829 δὲ
2066 2775 2128 2829 ού

467 2853 645 2919 τοῦτο,
675 2855 788 2909 ἀλλ’
833 2857 1021 2928 ἓτερον
1059 2857 1190 2922 ἴσως
1231 2860 1392 2930 ἀηδὲς
1429 2862 1524 2915 καὶ
1564 2861 1857 2927 ἀπευκτόν.
1905 2862 2132 2934 Πρῶτον

471 2942 571 3013 μὲν
604 2943 666 2996 τὸ
702 2943 1030 3018 βραδύτερον
1082 2946 1210 3001 ἰδεῖν
1236 2948 1328 3002 τὸν
1373 2947 1628 3020 οὐρανὸν,
1670 2949 1770 3024 καί
1804 2948 1871 3004 τά
1912 2950 1972 3003 ἐν
2018 2952 2133 3015 τοῖς

528 3081 553 3110 ο
576 3079 712 3151 001p.
741 3082 830 3151 κάν
847 3063 1146 3151 τοῖς-γάμοις.
1188 3083 1315 3151 [utra
1335 3092 1457 3151 post_
1663 3085 1884 3151 Cplbert.
1917 3087 2136 3151 eLSavi-

470 3140 565 3213 ιῗιιε
586 3142 634 3190 in
665 3148 804 3213 texgu
827 3158 923 3213 ιιριι
948 3140 1134 3213 lfgtieni.
1151 3148 1303 3209 πέλει,
1330 3140 1463 3212 Quod
1488 3140 1677 3213 leéitur
1702 3149 1754 3200 in
1789 3153 1931 3200 textu
1954 3148 2130 3199 Morel.

474 3211 521 3253 el
544 3202 598 3251 in
617 3202 836 3267 margine
861 3206 1046 3256 Savilil.

2243 587 2387 640 ἐϐίου
2424 586 2696 658 καθαρῶς,
2726 586 2841 640 ἀλλ’
2867 587 3015 657 ὅμως
3047 587 3108 640 τὸ
3138 587 3315 657 μῆκος
3342 586 3435 639 τοῦ
3472 588 3585 657 βίου
3618 589 3713 641 καὶ
3737 590 3769 659 ἡ
3799 590 3881 660 τῆς

2239 674 2414 747 ἀρχῆς
2434 676 2648 746 ἐκείνης
2668 674 2877 744 ἀνάγκη
2896 675 2998 728 ούκ
3021 673 3087 728 ἂν
3119 674 3332 745 ἀφῆκεν
3358 674 3509 746 [549]
3538 674 3711 739 οὕτως
3736 675 3881 731 ἀπελ-

2240 760 2353 814 θεῖν
2381 760 2620 831 καθαρδν
2646 760 2834 833 ῶσπερ
2863 759 2982 814 νῦν.
3028 759 3259 831 ’Ἄδηλον
3295 760 3352 813 δὲ
3382 762 3431 813 εἰ
3461 761 3555 814 καὶ
3590 762 3789 827 πολλάς
3813 763 3884 817 δε-

2241 845 2471 916 ξάμενος
2500 847 2803 918 μεταϐολὰς
2835 848 2929 903 καὶ
2958 847 3093 918 πρὸς
3124 847 3400 919 ρᾳθυμίαν
3425 848 3719 912 ἀποκλίνας
3742 850 3884 920 ἐσχά-

2237 950 2336 1004 την
2374 935 2683 988 ἀπέπνευσε
2703 935 2755 991 ι).
2803 935 2920 989 Νῦν
2961 935 3057 1004 μὲν
3084 935 3193 1005 γὰρ
3234 933 3565 1005 θαρροῦμεν,
3598 936 3679 989 ὃτι
3720 938 3783 1007 τῇ
3807 936 3884 991 τοῦ

2237 1019 2373 1074 Θεοῦ
2416 1021 2599 1093 χάριτι
2639 1021 2776 1093 πρὸς
2806 1021 2867 1075 τὸ
2899 1022 3001 1091 τῆς
3025 1020 3387 1085 ἀναπαύσεως
3429 1021 3648 1092 ἀπέπτη
3683 1021 3882 1093 χωρίον,

2237 1106 2324 1161 διά
2348 1107 2410 1161 τὸ
2441 1108 2604 1180 μηδὲν
2650 1107 2800 1178 αύτῷ
2831 1108 3195 1179 τετολμῆσθαι
3230 1107 3341 1161 τῶν
3374 1108 3774 1163 ἀποκλειόντων
3805 1110 3887 1179 τῆς

2240 1194 2512 1265 βασιλείας
2539 1196 2649 1249 τῶν
2673 1195 2943 1268 οὐρανῶν·
2976 1196 3098 1250 τότε
3127 1196 3183 1249 δὲ
3209 1194 3377 1249 πολὺν
3407 1197 3599 1266 χρόνον
3627 1196 3886 1266 δημοσίοις

2236 1281 2557 1352 πράγμασιν
2602 1282 2950 1354 ἐνδιατρίψας
2987 1293 3036 1349 ο,
3083 1282 3214 1347 ἴσως
3258 1283 3324 1336 ἂν
3368 1284 3463 1336 καὶ
3516 1282 3690 1355 ῥύπον
3742 1283 3887 1337 πολὺν
3986 1348 3987 1353 η

2237 1369 2656 1441 προσετρίψατο.
2700 1369 2773 1423 Τὸ
2811 1371 2921 1441 γὰρ
2956 1371 3013 1424 ἐν
3054 1370 3204 1440 μέσῳ
3235 1370 3600 1441 στρεφόμενον
3627 1370 3885 1425 τοσούτων

2226 1459 2422 1519 ,κακῶν
2465 1459 2807 1531 κατορθῶσαι
2866 1460 2964 1531 μὲν
3009 1459 3121 1521 τῶν
3177 1459 3379 1530 σφόδρα
3443 1458 3686 1512 σπανίων
3735 1461 3884 1522 ἐστὶν,

2239 1547 2510 1617 ἁμαρτεῖν.
2545 1547 2601 1600 δὲ
2631 1548 2725 1600 καὶ
2766 1547 2969 1602 ἄκοντα
3008 1547 3103 1602 καὶ
3143 1547 3368 1611 ἐκόντα,
3399 1546 3508 1601 τῶν
3551 1547 3779 1600 εἰκότων
3806 1548 3886 1599 καὶ

2245 1634 2648 1706 συμϐαινόντων
2678 1636 2785 1690 ἀεί.
2843 1635 3005 1689 Ἀλλά
3036 1635 3133 1689 νῦν
3163 1634 3356 1687 τούτου
3400 1633 3496 1687 τοῦ
3534 1633 3689 1697 δέους
3727 1634 3887 1703 ἀπηλ-

2242 1723 2514 1795 λάγμεθα,
2557 1725 2654 1779 καὶ
2694 1725 2902 1797 σφόδρα
2955 1720 3300 1794 πεπείσμεθα
3346 1724 3427 1776 ὅτι
3485 1723 3544 1775 ἐν
3594 1721 3785 1795 ἐκείνῃ
3830 1725 3887 1791 τῇ

2240 1811 2426 1884 ἡμέρᾳ
2456 1812 2593 1884 μετά
2630 1811 2841 1883 πολλῆς
2860 1809 2980 1883 ἡξει
3022 1812 3121 1883 τῆς
3160 1810 3517 1881 φαιδρότητος
3540 1848 3555 1874 ,
3603 1810 3776 1877 ἐγγὺς
3806 1808 3889 1861 τοῦ

2243 1898 2505 1970 βασιλέως
2532 1900 2892 1971 ἀπολάμπων,
2925 1899 3019 1954 καὶ
3064 1900 3182 1969 μετ’
3204 1897 3450 1965 ἀγγέλων
3494 1894 3890 1966 προηγούμενος

2240 1985 2334 2040 τοῦ
2364 1987 2623 2059 Χριστοῦ,
2663 1988 2759 2041 καὶ
2789 1986 2889 2059 τὴν
2918 1986 3156 2058 άρῤητον
3190 1985 3348 2051 δόξαν
3377 1984 3776 2055 ἠμφιεσμένος,
3804 1983 3886 2036 καὶ

2241 2074 2476 2145 κρίνοντι
2517 2074 2804 2146 παρεστὼς
2845 2073 2925 2144 τῷ
2966 2073 3213 2143 βασιλεῖ,
3261 2072 3355 2126 καὶ
3399 2070 3468 2124 τά
3496 2071 3691 2142 πρῶτα
3729 2071 3892 2124 διακο-

2240 2160 2496 2232 νούμενος
2520 2160 2685 2233 αύτῷ.
2719 2161 2811 2215 Διὸ
2834 2162 2963 2225 τοὺς
2989 2160 3221 2232 θρήνους
3266 2160 3464 2227 ἀφεῖσα
3488 2159 3583 2211 καὶ
3610 2157 3717 2222 τὰς
3742 2161 3893 2228 οἰμωο
3928 2234 3929 2237 η

2239 2248 2343 2317 γάς
2372 2248 2495 2319 ἔχου
2519 2249 2620 2319 τῆς
2645 2249 2814 2319 αὐτῆς
2836 2247 3131 2311 πολιτείας,
3163 2246 3360 2318 μᾶλλον
3384 2246 3441 2299 δὲ
3464 2246 3556 2300 καὶ
3580 2245 3895 2317 ἀκριϐεστέ-

2242 2350 2361 2405 ρας,
2395 2335 2482 2387 ἴνα
2519 2336 2655 2406 πρὸς
2682 2333 2780 2406 τὴν
2814 2333 2939 2406 ἴσην
2965 2333 3115 2404 αὐτῷ
3144 2333 3400 2402 φθάσασα
3429 2331 3650 2404 ἀρετὴν,
3681 2331 3785 2402 τὴν
3808 2332 3888 2383 a6-

2236 2420 2337 2491 τὴν
2364 2422 2556 2493 ἐκείνῳ
2599 2422 2935 2493 κατοικήσῃς
2971 2421 3198 2493 σκηνὴν,
3233 2421 3328 2475 καὶ
3374 2419 3720 2490 συναφθῆναι
3745 2418 3894 2471 πάλιν

2238 2507 2386 2579 αύτῷ
2417 2508 2653 2580 δυνηθῇς
2688 2511 2770 2573 είς
2794 2510 2920 2574 τοὺς
2959 2507 3261 2572 ἀθανάτους
3298 2506 3501 2569 αἰῶνας
3528 2506 3777 2568 ἐκείνους
3798 2546 3812 2566 ,
3840 2505 3894 2557 ού

2236 2594 2436 2666 ταύτην
2470 2596 2571 2669 τὴν
2610 2597 2704 2651 τοῦ
2747 2597 2929 2669 γάμου
2975 2596 3291 2666 συνάφειαν,
3338 2594 3453 2648 ἀλλ’
3495 2593 3692 2664 ἐτέραν
3729 2592 3895 2662 πολλῷ

2240 2682 2501 2755 βελτίονα.
2535 2683 2686 2754 Αὕτη
2728 2684 2827 2755 μὲν
2853 2684 2962 2756 γὰρ
3001 2684 3271 2755 σωμάτων
3315 2681 3431 2736 ἐστί
3476 2679 3773 2753 συμπλοκὴ
3809 2679 3895 2751 μό-

2237 2787 2345 2824 νον·
2376 2770 2498 2825 τότε
2541 2770 2599 2825 δὲ
2644 2771 2824 2841 ψυχῆς
2852 2770 3002 2824 ἔσται
3049 2771 3186 2841 πρὸς
3230 2769 3406 2841 ψυχὴν
3442 2768 3637 2833 ἐνωσις
3686 2766 3902 2840 ἀκριϐε-

2239 2857 2425 2929 στέρα,
2447 2857 2542 2912 καὶ
2566 2856 2726 2929 ἡδίων
2751 2855 2930 2928 πολλῷ
2955 2858 3049 2913 καὶ
3081 2855 3325 2929 βελτίων.

2298 3025 2330 3066 δ
2348 3028 2521 3094 Morel.
2544 3029 3062 3094 ἐσχάτηνάπέπνευσε,
3087 3028 3238 3094 Savil.
3267 3030 3317 3078 in
3358 3034 3500 3080 textu
3522 3035 3576 3079 el
3594 3029 3744 3081 Culb.
3770 3030 3903 3094 ἰσχά-

2237 3105 2333 3154 τως
2352 3091 2803 3154 ἀπέπμπὴξὲενίι.
2826 3093 3052 3154 ἱιιιιιειδε.
3079 3091 3304 3154 ἐσχάτην.

2303 3150 2831 3216 ΙἶΜοιθι.λιεράγμιιιισιν
2871 3150 3303 3216 ἐνδον’διατρίψας.
3346 3150 3561 3203 Savilius
3586 3159 3643 3203 et
3684 3151 3898 3206 Colbert.

2239 3211 2508 3276 πράγμασιν
2531 3211 2840 3276 ἐνδιατρίψας.

536 3411 3788 3446 *———————————————_——_—_—_—_—g

1313 3587 1448 3642 ΤΟΥ
1477 3588 1710 3645 ΑΥΤΟΥ
1746 3590 1924 3645 ΠΡΟΣ
1960 3589 2103 3646 ΤΗΝ
2138 3591 2381 3646 ΔΥἸἨΝ
2413 3591 2576 3646 ΠΕΡΙ
2614 3591 3081 3648 ΜΟΝΑΝΔΡΙΑΣ.

540 3908 611 3958 α’.
639 3903 832 3975 Τὸμὲν
852 3906 951 3969 τὰς
966 3904 1227 3977 ἀπείρους
1242 3904 1456 3975 ὁμιλίας
1467 3903 1672 3975 ἀνδρῶν
1694 3906 1788 3960 καὶ
1810 3905 2014 3960 ὠδίνων
2040 3906 2133 3960 καὶ

471 3990 577 4044 τῶν
627 3991 802 4045 ἀλλων
848 3991 1122 4055 ἁπάντων,
1163 3991 1309 4062 ἅπερ
1347 3984 1738 4064 ἐπισυρόμενος
1766 3994 1796 4045 ό
1827 3992 2006 4062 γάμος
2047 3994 2132 4057 εἰς

472 4076 568 4142 τὰς
595 4079 703 4131 τῶν
728 4077 1028 4149 ἀνθρώπων
1048 4078 1354 4158 εἰσέρχεται
1382 4078 1578 4144 οἰκίας,
1610 4078 1810 4152 ἀνδρας
1844 4080 2128 4152 ἐπιζητεῖν

470 4163 780 4236 θαυμαστὸν
816 4165 987 4220 οὐδέν·
1020 4167 1115 4220 καὶ
1141 4166 1250 4237 γὰρ
1281 4165 1373 4219 τὸν
1416 4166 1650 4237 πόλεμον
1690 4169 1926 4239 πρᾶγμα
1957 4167 2129 4234 οὕτως

466 4250 724 4305 ἐπίπονον
764 4254 876 4316 τοῖς
909 4252 1157 4324 ἀπείροις
1186 4251 1388 4322 γλυκὺν
1426 4252 1459 4322 ἡ
1489 4251 1757 4324 παροιμία
1791 4248 1932 4307 εἷναί
1958 4270 2092 4325 φησι
2111 4271 2125 4286 ·

466 4340 527 4390 τὸ
553 4338 610 4392 δέ
637 4339 735 4402 τὰς
776 4338 944 4411 μυρία
978 4339 1351 4410 ἀνασχομένας
1372 4350 1399 4380 ι
1426 4339 1594 4403 κακά,
1631 4340 1888 4406 πολλάκις
1923 4341 1981 4395 δὲ
2025 4341 2133 4396 ὑπὸ

465 4423 566 4492 τῆς
590 4423 700 4477 τῶν
726 4425 1067 4495 πραγμάτων
1090 4425 1337 4497 ἀνάγκης
1353 4425 1793 4493 ἀναπεισθείσας,
1826 4427 2130 4499 μακαρίσαι

471 4509 570 4579 μὲν
614 4508 713 4573 τὰς
759 4510 1186 4580 ἀπηλλαγμένας
1218 4511 1327 4566 τῶν
1370 4512 1468 4566 τοῦ
1510 4514 1715 4585 κόσμου
1757 4514 2123 4587 πραγμάτων,

468 4596 776 4666 ἐπαρᾶσθαι
807 4596 864 4650 δὲ
894 4597 1151 4669 μυριάκις
1178 4599 1420 4664 ἐαυταῖς,
1457 4601 1554 4655 καὶ
1595 4604 1719 4666 ταῖς
1748 4618 2131 4674 προμνηστευ-

466 4682 667 4754 τρίαις.
702 4685 797 4738 καὶ
839 4687 905 4764 τῇ
941 4685 1126 4757 ἡμέρᾳ
1160 4686 1281 4740 καθ’
1307 4687 1374 4758 ἡν
1414 4689 1472 4743 at
1502 4689 1773 4754 παστάδες
1815 4688 2127 4756 ἐπλέκοντο,

466 4769 670 4833 ταύτας
692 4770 749 4824 δὲ
774 4770 912 4842 μετά
940 4771 1206 4845 τοσαύτην
1229 4774 1666 4847 ἀποδυσπέτησιν
1702 4777 1865 4832 πάλιν
1893 4775 2000 4830 τῶν
2028 4776 2129 4830 αύ-

467 4856 574 4910 τῶν
605 4856 946 4928 πραγμάτων
981 4858 1290 4930 ἐπιθυμεῖν,
1324 4860 1480 4914 τοῦτό
1516 4864 1630 4914 ἐστι
1682 4861 1744 4915 τὸ
1785 4861 2019 4933 μάλιστά
2061 4880 2131 4933 με

468 4942 765 5013 ἐκπλῆττον
787 4944 881 4997 καὶ⁵
904 4945 1089 4999 ποιοῦν
1110 4947 1354 5018 ἀπορεῖν,
1379 4948 1473 5000 καὶ
1496 4947 1597 5019 τὴν
1617 4947 1798 5001 αἰτίαν
1826 4946 2127 5020 ἐπιζητεῖν,

467 5029 534 5084 δι’
563 5030 630 5101 ἢν
651 5031 720 5085 τὰ
745 5031 1075 5103 πράγματα,
1104 5032 1141 5088 ἀ
1170 5034 1438 5107 πρότερον
1460 5036 1709 5105 ἐνόμιζον
1730 5031 2125 5107 εἶναιοφευκτά,

468 5121 555 5174 ὅτε
576 5116 716 5192 ἦσαν
742 5120 800 5174 ἐν
831 5120 1036 5186 αὐτοῖς,
1057 5120 1228 5176 ταῦτα
1252 5122 1369 5187 νῦν,
1398 5123 1487 5176 ὅτε
1509 5122 1686 5176 αὐτῶν
1707 5123 2125 5196 ἀπηλλάγησαν,

465 5207 544 5273 ὡς
576 5208 799 5262 ποθεινὰ
830 5208 990 5263 πάλιν
1026 5208 1263 5263 διώκειν.
1295 5209 1405 5262 Καὶ
1447 5209 1674 5281 μυρίους
1704 5211 1818 5265 ἀνω
1854 5212 1949 5266 καὶ
1977 5213 2127 5267 κάτω

469 5295 713 5367 στρέφων
738 5298 870 5366 παρ’
903 5295 1124 5367 ἐμαυτῷ
1152 5295 1444 5368 λογισμοὺς
1477 5297 1630 5368 μόλις
1663 5298 1815 5363 ποτὲ,
1852 5299 1929 5362 ὡς
1956 5301 2126 5370 ἐμαυ-

465 5384 557 5440 τδν
586 5383 776 5448 πείθω,
804 5382 903 5455 τὴν
922 5384 1101 5437 αἰτίαν
1124 5384 1220 5438 τοῦ
1245 5385 1569 5454 πράγματος
1600 5385 1885 5458 ηὕρισκον·
1920 5387 2122 5457 μᾶλλον

464 5473 524 5530 δὲ
551 5473 611 5526 οὐ
646 5472 745 5544 μία
774 5473 859 5536 τίς
885 5475 1031 5528 ἐστιν
1057 5474 1225 5536 αίτία,
1254 5473 1373 5528 οὐδὲ
1400 5473 1492 5528 δύο
1523 5475 1705 5545 μόνον,
1731 5475 1868 5537 ἀλλά
1892 5477 1985 5530 καὶ
2007 5478 2129 5530 τού-

466 5577 575 5616 Ιτων
603 5559 837 5623 πλείους.
871 5561 938 5617 Δί
970 5560 1067 5632 μὲν
1096 5560 1204 5632 γάρ
1237 5560 1342 5616 ὑπὸ
1378 5560 1471 5615 τοῦ
1511 5561 1705 5617 πολλοῦ
1760 5564 1858 5635 χρό

530 5696 549 5717 ⁸
566 5702 703 5757 Colb.
721 5706 893 5769 ἀνεχομ
901 5706 1018 5765 ένοις.

2232 3904 2570 3975 παραδοῦσαι
2600 3903 2668 3959 τὰ
2699 3904 2971 3978 πρότερα,
3002 3904 3097 3959 καὶ
3136 3905 3206 3961 τά
3237 3905 3296 3961 ἐν
3337 3907 3494 3978 χερσί
3524 3907 3915 3980 μνημονεύου-

2234 4008 2323 4047 σαι
2355 3992 2535 4063 μόνον,
2574 3991 2822 4063 ἔρχονται
2857 3992 2955 4063 μὲν
3003 3994 3097 4047 ἐπὶ
3141 3992 3234 4049 τὸν
3270 3996 3448 4066 γάμον
3488 3994 3565 4059 ὡς
3598 3997 3710 4050 ἐπὶ
3756 3997 3915 4050 λύσιν

2228 4077 2338 4131 τῶν
2360 4080 2463 4149 τῆς
2487 4079 2716 4150 χηρείας
2736 4078 2943 4145 κακῶν,
2971 4079 3284 4152 εὑρίσκουσι
3316 4081 3374 4134 δὲ
3401 4081 3565 4151 ἕτερα
3596 4082 3799 4153 πολλῷ
3820 4100 3921 4153 χα-

2230 4164 2512 4238 λεπώτερα
2539 4166 2598 4221 ἐν
2626 4164 2808 4237 αὐτῷ,
2834 4165 2911 4229 ὡς
2941 4164 3093 4238 [350]
3124 4167 3287 4222 πάλιν
3317 4167 3417 4233 τὰς
3458 4168 3631 4232 αὐτὰς
3683 4170 3925 4239 ἀφιέναι

2231 4258 2415 4330 φωνὰς
2446 4260 2624 4332 ἀσπερ
2656 4258 2750 4314 καὶ
2777 4259 3060 4332 πρότερον.
3111 4261 3306 4316 ’Δλλαι
3358 4263 3417 4317 δέ
3450 4263 3612 4317 πάλιν
3666 4265 3825 4335 πρδς
3855 4263 3927 4315 τὰ

2241 4354 2324 4409 τοῦ
2362 4355 2565 4427 κόσμου
2613 4356 2891 4425 κεχηνυῖαι
2939 4355 3270 4427 πράγματα,
3319 4357 3414 4411 καὶ
3455 4358 3555 4428 τῆς
3601 4356 3785 4429 δόξης
3827 4356 3929 4412 τοῦ

2230 4449 2496 4522 παρόντος
2534 4449 2941 4522 ἐκκρεμάμεναι
2992 4449 3134 4521 βίου,
3163 4451 3259 4505 καὶ
3289 4451 3387 4522 τὴν
3425 4451 3656 4523 χηρείαν
3698 4453 3931 4507 ἐπονεί-

2229 4545 2406 4600 διστον
2439 4546 2670 4616 πρᾶγμα
2698 4542 2836 4598 εἶναι
2873 4545 3217 4616 νομίζουσαι,
3269 4547 3552 4619 αἱροῦνται
3584 4548 3698 4614 τὰς
3732 4551 3805 4606 ἐν
3852 4549 3932 4621 τῷ

2230 4640 2392 4712 γάμῳ
2420 4640 2824 4712 ταλαιπωρίας,
2860 4642 3000 4713 ὑπὲρ
3025 4643 3124 4715 τῆς
3154 4642 3313 4715 δόξης
3333 4644 3432 4716 τῆς
3464 4644 3627 4715 κενῆς
3660 4648 3781 4701 καὶ
3833 4644 3931 4701 τοῦ

2228 4735 2397 4807 τύφου
2421 4735 2517 4790 τοῦ
2538 4736 2813 4808 περιττοῦ.
2835 4736 2957 4792 Εἰσὶ
2981 4738 3038 4792 δὲ
3066 4738 3123 4793 αἳ
3148 4738 3353 4793 τούτων
3385 4740 3483 4812 μὲν
3506 4739 3726 4807 οὐδενὶ,
3753 4743 3938 4815 ἀκρα-

2232 4832 2324 4904 σία
2350 4833 2407 4887 δὲ
2433 4832 2569 4904 μόνῃ
2600 4832 2989 4905 κρατούμεναι,
3044 4834 3138 4887 ἐπὶ
3183 4834 3255 4889 τὰ
3294 4835 3538 4907 πρότερα
3589 4836 3785 4891 πάλιν
3834 4839 3939 4889 ἐπ-

2230 4929 2566 5001 ανέρχονται,
2597 4930 2693 4983 καὶ
2713 4930 2811 5002 τὴν
2835 4929 3002 4993 ὅντως
3040 4929 3218 4983 αἰτίαν
3247 4930 3543 5002 πειρῶνται
3583 4934 3727 4996 ταῖς
3774 4935 3945 5005 εἰρη-

2234 5027 2422 5099 μέναις
2453 5026 2826 5098 ἀποκρύπτειν
2872 5027 3226 5099 προφάσεσιν.
3268 5027 3631 5083 Αἰτιάσασθαι
3675 5030 3802 5101 μὲν
3841 5028 3943 5086 οὖν

2234 5123 2403 5189 αὐτὰς
2447 5124 2542 5179 καὶ
2574 5124 2935 5179 καταδικάσαι
2977 5125 3119 5197 ὑπὲρ
3161 5124 3256 5179 τοῦ
3302 5127 3481 5197 γάμου
3528 5124 3744 5181 τούτου
3807 5128 3949 5184 οὔτε

2230 5222 2392 5288 αὐτὸς
2423 5222 2626 5295 τολμῶ,
2652 5221 2776 5277 οὔτε
2807 5223 2952 5295 ἀλλῳ
2980 5223 3251 5296 παραινῶ·
3293 5225 3481 5297 ἐπειδὴ
3514 5224 3656 5300 μηδέ
3692 5227 3795 5299 τῷ
3830 5245 3950 5300 μα-

2233 5319 2407 5392 καρίῳ
2448 5319 2643 5391 Παύλῳ
2681 5319 2840 5374 τοῦτο
2866 5320 3045 5384 δοκεῖ,
3080 5321 3279 5392 μᾶλλον
3309 5320 3365 5374 δὲ
3393 5321 3469 5393 τῷ
3508 5299 3954 5399 Πνεῦματιτῷ

2229 5416 2389 5487 ἁγίῳ.
2411 5415 2606 5470 Ἐἰπὼν
2636 5415 2765 5487 γάρ,
2794 5415 2961 5485 Γυνὴ
2987 5416 3216 5471 δέδεται
3246 5418 3408 5488 νόμῳ
3437 5418 3528 5487 ἐφ’
3563 5417 3744 5473 ὅσον
3792 5425 3957 5493 χρό-

2231 5530 2343 5567 νον
2369 5511 2436 5581 ζῇ
2456 5516 2490 5567 ὀ
2517 5512 2671 5580 ἀνὴρ
2700 5512 2908 5582 αὐτῆς·
2935 5512 3042 5567 ἐὰν
3073 5512 3141 5566 δὲ
3161 5513 3417 5583 κοιμηθῇ
3446 5517 3481 5568 ὁ
3504 5511 3669 5583 ἀνὴρ
3698 5518 3954 5591 αὐτῆς,

1861 5581 1953 5619 νου
1985 5564 2125 5639 λήθη
2236 5564 3562 5680 2532;420:03152.14[@55§LI{§5}J
3580 5564 3660 5663 ᾖ
3693 5564 3988 5696 Isi-XLI.

2236 5707 2329 5760 καὶ
2364 5708 2721 5781 συγχωρήσας
2752 5707 2818 5776 τῇ
2849 5707 2991 5779 χήρᾳ
3023 5708 3071 5761 εἰ
3100 5707 3338 5779 βούλοιτο
3363 5707 3693 5779 γαμηθῆναι
3734 5714 3961 5784 πάλιν,
