4056 6208
183 317 284 372 609

183 409 325 478 quod
352 424 501 482 smpc
528 410 755 480 sperasti
782 408 894 465 fore
934 418 992 464 ut
1034 409 1079 464 is
1106 409 1172 465 ad
1197 409 1569 480 praefectorum
1596 413 1769 482 digni-

188 513 346 557 tatern
375 500 716 560 eveheretur.
749 499 973 571 ideoque
998 499 1361 571 magistratmn
1397 502 1471 556 illi
1500 502 1765 572 quodam-

188 592 344 648 modo
371 601 617 664 ereptum
638 591 807 654 doles,
831 593 1058 661 primum
1085 592 1212 647 illud
1237 593 1450 663 quidem
1481 596 1562 648 fac
1591 603 1764 649 tecum

189 683 421 752 rogites,
449 682 575 736 licet
610 681 766 737 valde
805 682 1079 752 explorata
1129 695 1275 738 esset
1312 684 1429 741 lucc
1455 698 1612 752 apes.
1640 694 1777 739 atta-

189 788 305 827 men
354 775 645 826 humanam
697 771 859 826 fuisse
902 788 1091 841 spem,
1121 789 1241 842 qua:
1287 789 1430 843 smpe
1481 774 1668 829 fallere
1708 775 1778 829 sit

188 864 340 917 solita
374 880 391 918 :
426 876 489 917 ac
516 862 684 916 multa
718 862 1016 932 hujusmodi
1047 863 1099 917 iu
1129 862 1230 917 hac
1255 864 1357 916 vita
1389 864 1624 932 quotidie
1653 878 1778 918 eve-

191 954 302 1006 nire
341 953 650 1007 cernimus:
705 963 793 1017 ut,
835 968 956 1008 cum
999 968 1097 1017 ea,
1129 970 1248 1025 qure
1279 954 1433 1009 valde
1475 969 1774 1025 sperantur,

192 1045 412 1099 minime
440 1045 640 1119 exitum
667 1045 968 1114 inveniant,
1000 1061 1061 1101 ea
1085 1087 1101 1110 ,
1128 1062 1246 1116 qua:
1275 1062 1446 1117 neque
1466 1049 1517 1101 in
1546 1056 1778 1104 mentem

191 1145 492 1202 venerunt,
523 1138 591 1192 ad
646 1137 804 1193 ﬁnem
857 1154 1225 1209 saepenumero
1253 1140 1641 1209 perducantur:
1668 1142 1781 1197 sive

191 1228 255 1285 ad
276 1229 507 1299 imperia
533 1270 549 1295 ,
582 1230 696 1285 sive
721 1231 787 1284 ad
817 1247 975 1300 regna
994 1273 1008 1299 ,
1042 1233 1156 1287 sive
1179 1232 1245 1286 ad
1267 1232 1640 1301 ltrrreditates,
1666 1236 1779 1292 sive

191 1319 255 1373 ad
280 1321 651 1386 matrimonia,
674 1320 788 1376 sive
831 1321 936 1375 alio
963 1323 1197 1377 animum
1248 1323 1604 1380 intendamus.
1635 1326 1783 1394 Quo-

194 1412 332 1466 circa
382 1412 635 1481 quamvis
663 1427 826 1481 prope
850 1412 1064 1469 adesset.
1089 1423 1300 1483 tempus
1326 1457 1342 1482 ,
1375 1424 1570 1483 tamen,
1630 1427 1688 1471 ut
1729 1419 1781 1473 in

192 1504 488 1574 proverbio
526 1517 631 1571 εει,
681 1503 849 1558 Multa
887 1516 1003 1559 sunt
1044 1507 1176 1559 inter
1205 1508 1415 1561 calicem
1451 1519 1497 1562 et
1533 1526 1786 1565 summum

196 1597 385 1650 (obium
413 1593 517 1667 (α).
551 1598 629 1651 Ac
670 1610 799 1651 sane
849 1596 1117 1667 Scriptura
1160 1598 1275 1667 ipsa
1319 1598 1523 1668 inquit:
1552 1600 1597 1652 Α
1641 1617 1787 1656 mane

194 1670 354 1758 ιεᾷκε
379 1689 454 1740 ad
479 1703 738 1758 vesperam
776 1688 1069 1742 immutatur
1091 1698 1287 1759 tempus
1316 1688 1501 1761 (Et-cli.
1532 1689 1618 1745 18.
1648 1689 1740 1761 26)
1769 1708 1784 1745 :

196 1780 274 1836 sic
321 1787 380 1834 et
421 1795 557 1843 rex,
586 1779 677 1849 qui
708 1779 866 1834 hodie
917 1788 1017 1846 est,
1047 1796 1165 1835 cras
1204 1782 1450 1836 moritur.
1477 1786 1555 1837 Ac
1599 1797 1785 1837 rursus

197 1886 355 1940 quam
391 1871 588 1925 incerti
617 1886 799 1925 rerum
829 1871 1002 1926 exitus
1026 1872 1153 1938 sint,
1182 1872 1337 1928 nobis
1376 1871 1654 1929 declarans
1702 1872 1791 1928 hic

198 1962 314 2032 ipse
332 1962 567 2032 Sapiens
591 1963 797 2033 inquit,
827 1962 981 2017 Multi
1000 1964 1203 2034 tyranni
1229 1963 1461 2018 sederunt
1484 1965 1539 2018 in
1562 1965 1720 2028 solio,
1743 1973 1792 2019 et

200 2054 584 2126 inauspicabilis
634 2055 851 2125 portauit
903 2055 1137 2109 diadema
1181 2053 1376 2127 (Eccli.
1409 2056 1496 2111 Η.
1522 2054 1624 2128 5
1673 2056 1788 2112 Non

201 2146 373 2216 igitur
400 2144 890 2215 exploratissimum
933 2155 1069 2210 erat,
1092 2146 1137 2200 si
1160 2146 1398 2212 vixisset,
1424 2146 1493 2201 ad
1540 2162 1662 2201 eum
1715 2147 1795 2202 di-

203 2236 432 2309 gnitatis
475 2238 697 2307 gradum
738 2248 1135 2307 perventurum.
1165 2237 1298 2294 Nam
1344 2240 1577 2295 incertus
1628 2237 1795 2295 futuri

202 2339 460 2391 eventus,
487 2337 652 2397 atque
678 2329 784 2382 alia
813 2330 972 2384 etiam
998 2339 1173 2396 erant,
1201 2345 1320 2400 qua:
1342 2331 1496 2386 nobis
1525 2331 1793 2401 suspicio-

207 2435 331 2473 nem
399 2418 709 2488 injicerent.
770 2419 919 2476 Unde
967 2421 1111 2476 enim
1162 2415 1500 2478 manifestum
1544 2432 1697 2492 erat,
1747 2422 1796 2479 si

208 2512 473 2574 vixisset,
520 2510 592 2565 ad
644 2512 1009 2583 magistratum
1060 2512 1209 2568 illum
1255 2523 1496 2570 evectum
1527 2516 1624 2583 iri,
1678 2516 1798 2571 nul-

208 2599 367 2671 laque
393 2600 627 2656 adversa
653 2613 905 2658 eventura
942 2618 1062 2659 esse
1086 2621 1102 2659 :
1123 2604 1271 2659 verbi
1297 2607 1465 2674 gratia
1482 2645 1501 2671 ,
1534 2616 1591 2659 ut
1613 2608 1801 2664 morbo

208 2702 494 2762 correptus
517 2734 534 2758 ,
564 2701 655 2745 aut
701 2691 894 2747 invidia
934 2709 998 2748 ac
1044 2693 1411 2749 malevolentia
1455 2710 1639 2750 eorum
1664 2736 1681 2761 ,
1710 2696 1799 2766 qui

211 2784 631 2855 prosperitatem
660 2783 802 2837 illius
850 2798 956 2837 non
985 2783 1225 2850 ferrent,
1256 2786 1653 2841 circumventus
1679 2827 1694 2850 ,
1717 2786 1802 2841 vel

211 2880 386 2947 aliqua
414 2879 522 2931 alia
564 2866 869 2933 calamitate
894 2876 1134 2945 allectus,
1167 2880 1415 2948 prazsenti
1440 2882 1598 2936 etiam
1626 2881 1802 2953 digiti-

215 2979 318 3021 tate
344 2968 695 3037 privaretur?
723 2968 829 3023 Sed
881 2985 1138 3038 ponamus
1157 2971 1490 3041 exploratum
1540 2972 1725 3040 fuisse,
1757 2972 1804 3028 si

215 3060 418 3113 diutius
444 3058 669 3114 vixisset
695 3100 711 3125 ,
733 3059 799 3113 ad
829 3060 959 3114 illud
1006 3060 1273 3131 fastigium
1306 3073 1709 3131 perventurum:
1739 3073 1797 3118 at

220 3161 365 3206 certe
385 3193 400 3216 ,
429 3162 637 3222 quanto
690 3152 861 3221 major
881 3152 1128 3223 dignitas,
1161 3163 1306 3208 tanto
1330 3154 1620 3224 majoribus
1667 3157 1810 3224 peri-

225 3247 378 3312 culis,
436 3251 609 3315 curis,
655 3249 861 3305 insidiis
912 3252 1216 3307 necessario
1261 3252 1496 3307 suberat.
1541 3251 1806 3308 Cteterum

288 3449 362 3511 (α)
394 3448 653 3513 Adagium.

1314 316 1402 373 DE
1428 316 1564 373 NON
1603 317 1946 377 ITERANDO
1981 318 2343 380 CONJUGIO.’

3357 327 3464 385 (ὶίο

1877 413 2053 468 absint
2078 424 2131 469 et
2178 415 2297 481 ista,
2324 430 2388 470 ac
2407 415 2525 471 sine
2552 416 2793 486 periculo
2835 432 3147 489 summaque
3171 433 3294 474 cum
3319 431 3462 474 tran-

1876 504 2138 574 quillitate
2187 504 2312 559 illud
2366 506 2624 577 navigarit
2675 508 2922 578 pelagus:
2954 509 3137 579 ecquis
3181 509 3322 574 linis,
3376 509 3463 564 dic

1879 596 2029 663 mihi,
2061 598 2350 652 manebit?
2375 614 2441 652 an
2487 615 2591 653 non
2646 599 2784 654 idem
2812 599 2900 670 qui
2934 615 3073 654 nunc
3093 600 3118 653 ?
3141 609 3234 654 aut
3284 602 3464 669 potius

1881 704 1987 742 non
2035 688 2199 755 idem,
2232 689 2326 743 sed
2380 690 2516 744 alius
2547 692 2791 755 fortasse,
2848 692 3012 747 tristis
3068 692 3345 758 nimirum,
3402 708 3463 747 ac

1882 780 2021 833 votis
2075 781 2322 835 omnibus
2369 780 2953 851 fugiendus?Primum
3004 783 3215 852 quidem
3262 781 3464 836 tardius

1880 870 2103 925 vidisset
2130 872 2318 925 caelum
2340 879 2395 926 et
2418 887 2479 926 ca
2509 888 2626 942 qua:
2660 873 2712 926 in
2751 873 2895 927 caelis
2921 881 3065 939 sunt,
3096 872 3234 943 quod
3270 872 3335 927 iis
3376 871 3463 943 qui
3558 919 3563 924 .

1881 975 1970 1015 res
2001 959 2208 1016 futuras
2238 962 2340 1017 [ide
2376 972 2431 1016 et
2464 977 2559 1032 spe
2598 972 2985 1033 praeceperunt,
3034 979 3139 1018 non
3188 963 3464 1017 minimum

1882 1050 2134 1105 damnum
2160 1061 2261 1106 est.
2292 1052 2514 1121 Deinde,
2546 1053 2884 1123 quantumvis
2933 1062 3065 1124 pure
3116 1054 3357 1117 vixisset,
3386 1061 3468 1108 at-

1886 1152 2061 1200 tamen
2092 1146 2212 1199 vitae
2248 1145 2520 1216 longitudo
2545 1160 2606 1199 ac
2635 1145 2926 1201 necessitas
2953 1143 3193 1215 quaedam
3222 1148 3276 1199 iu
3319 1128 3467 1198 illum

1884 1235 2247 1305 magistratum
2279 1236 2557 1291 incurrens
2584 1251 2688 1290 non
2714 1252 2866 1306 aeque
2886 1236 3156 1306 integrum
3185 1244 3238 1289 et
3266 1251 3463 1304 purum

1885 1325 2032 1381 abire
2057 1325 2179 1381 hinc
2208 1327 2592 1394 permisissent,
2621 1336 2778 1398 atque
2798 1329 2898 1383 hoc
2921 1337 3176 1397 tempore.
3203 1326 3468 1381 Incertum

1886 1433 2099 1488 quoque
2117 1427 2171 1472 et
2195 1417 2323 1473 illud
2345 1459 2358 1483 ,
2382 1433 2448 1472 an
2477 1417 2613 1473 forte
2635 1419 2814 1473 multis
2838 1419 3012 1473 modis
3043 1417 3379 1483 immutatus,
3406 1429 3470 1470 ac

1889 1510 2224 1581 negligentia:
2271 1511 2483 1565 deditus
2525 1520 2822 1567 extremum
2888 1509 3156 1566 emisisset
3223 1508 3468 1563 halitum.

1888 1600 2021 1656 Nam
2042 1615 2184 1655 nunc
2209 1600 2422 1671 quidem
2452 1601 2771 1657 conﬁdimus
2804 1600 2893 1655 Dei
2922 1600 3093 1670 gratia
3140 1598 3289 1652 illum
3344 1611 3473 1652 evo-

1891 1693 2029 1761 lasse
2057 1692 2125 1747 ad
2157 1693 2562 1762 locum‘qttietis
2583 1734 2599 1759 ,
2632 1691 2774 1762 quod
2805 1691 3000 1762 nullam
3023 1689 3175 1743 exiis
3200 1688 3373 1757 culpis
3418 1686 3472 1740 in

1893 1782 2284 1849 se‘admiserit,
2314 1799 2431 1854 quae
2461 1799 2490 1837 a
2522 1798 2686 1853 regno
2723 1782 2973 1836 czelorum
3003 1778 3319 1835 excludunt:
3352 1788 3477 1833 tunc

1893 1891 2023 1931 vero
2075 1877 2284 1947 publica
2325 1875 2534 1945 negotia
2583 1874 2897 1944 plerumque
2945 1880 3179 1927 tractans
3251 1869 3478 1924 fortasse

1894 1968 2088 2024 multas
2141 1968 2207 2022 ad
2251 1984 2311 2023 se
2363 1970 2670 2021 attraxisset
2716 1965 2921 2020 sordes.
2949 1963 3082 2018 Nam
3127 1971 3205 2017 tot
3241 1960 3478 2030 undique

1898 2061 2052 2116 malis
2077 2058 2543 2114 circumstantibus
2561 2067 2763 2112 rectum
2805 2066 2986 2110 tenere
3031 2067 3243 2107 cursum
3296 2065 3474 2104 rarum

1899 2150 2184 2206 admodum
2215 2158 2330 2214 est;
2361 2163 2585 2219 peccare
2626 2158 2803 2201 autem
2833 2153 2888 2201 et
2935 2158 3030 2213 per
3068 2139 3475 2212 imprudentiam

1897 2250 1951 2297 et
1975 2249 2162 2311 Sponte
2182 2282 2197 2305 ,
2224 2238 2379 2294 valde
2409 2238 2655 2292 usitatum
2680 2251 2744 2291 ac
2767 2232 3150 2305 quotidianum.
3176 2231 3326 2286 Nunc
3348 2244 3478 2284 vero

1898 2347 1929 2387 a
1960 2332 2152 2387 timore
2186 2331 2288 2385 isto
2310 2330 2466 2399 longe
2489 2327 2774 2392 absumus,
2804 2339 2868 2379 ac
2888 2337 3207 2393 magnopere
3254 2319 3476 2376 conlidi-

1901 2437 2024 2480 mus
2042 2464 2058 2489 ,
2090 2429 2373 2477 venturum
2402 2419 2456 2473 in
2481 2416 2672 2473 dieilla
2699 2415 2914 2486 plenum
2936 2412 3111 2483 gaudii
3139 2421 3193 2466 et
3231 2409 3482 2479 splendo-

1901 2518 1977 2572 ris
1999 2513 2304 2586 proximum
2359 2509 2510 2579 Regi,
2540 2516 2701 2577 atque
2724 2520 2827 2561 una
2858 2520 2978 2560 cum
3007 2503 3210 2574 angelis
3236 2517 3482 2571 praeeun-

1906 2619 2016 2664 tem
2045 2604 2259 2661 Christo
2278 2644 2293 2668 ,
2321 2600 2489 2671 gloria
2516 2598 2767 2653 amictum
2810 2594 3060 2650 inell‘abili
3079 2635 3094 2661 ,
3127 2601 3181 2647 et
3226 2591 3484 2662 judicanti

1904 2700 2034 2771 Regi
2065 2697 2425 2759 assiste-mem,
2474 2699 2530 2747 et
2574 2691 2648 2745 in
2674 2686 3130 2760 prtestantissimis
3176 2684 3485 2739 muneribus
3542 2721 3563 2733 .

1906 2792 2317 2846 ministrantem.
2345 2782 2700 2851 Quamobrem
2729 2779 2894 2834 misso
2912 2777 3022 2848 jam
3052 2775 3178 2830 fletu
3205 2784 3259 2829 et
3285 2773 3488 2843 ejulatu

1907 2882 2150 2939 eamdem
2176 2877 2387 2934 vivendi
2437 2875 2721 2938 rationem,
2769 2871 2877 2925 imo
2905 2866 3289 2924 accuratiorem
3341 2874 3484 2930 tene,

1910 2986 1967 3032 ut
1991 2973 2232 3031 eamdem
2263 2979 2422 3039 atque
2442 2967 2532 3022 ille
2561 2964 2751 3034 adepta
2772 2962 3043 3027 virtutem,
3077 2961 3129 3013 iu
3154 2958 3293 3013 idem
3324 2960 3487 3013 etiam

1906 3083 2033 3124 cum
2064 3065 2158 3119 illo
2185 3058 2586 3117 tabernaculum
2615 3054 2912 3123 recipiaris,
2941 3066 3003 3106 ac
3026 3065 3209 3105 rursus
3235 3047 3489 3117 conjungi

1910 3173 2034 3217 cum
2083 3154 2178 3210 illo
2205 3165 2372 3222 queas
2401 3149 2452 3203 in
2495 3147 2821 3216 sempiterna
2849 3142 2936 3197 illa
2980 3128 3202 3205 saecula,
3231 3152 3335 3191 non
3387 3135 3493 3190 hoc

1909 3248 2235 3307 matrimonii
2267 3262 2424 3312 nexu,
2478 3242 2570 3300 sed
2612 3242 2717 3296 alio
2761 3237 2988 3310 quodam
3035 3235 3191 3305 longe
3239 3230 3482 3287 meliore.

1911 3346 2009 3401 llic
2054 3344 2196 3399 enim
2233 3354 2454 3409 corpora
2493 3346 2695 3392 tantum
2740 3331 2971 3401 copulat,
3005 3328 3094 3383 ille
3123 3341 3248 3381 vero
3272 3323 3490 3396 justior,

1912 3437 2079 3493 multo
2104 3433 2387 3507 jucundior
2411 3429 2700 3498 meliorque
2720 3424 2951 3479 animam
2979 3422 3169 3477 anima:
3193 3416 3387 3489 jungit.

1033 3569 3479 3611 _________________________—_.

689 3700 709 3727 ι
792 3675 1145 3737 EIUSDEM
1188 3678 1294 3739 AD
1338 3677 1683 3739 EAMDEM
1724 3675 1830 3737 DE
1869 3672 2034 3737 NON
2078 3663 2488 3732 ITERANDO
2531 3656 2941 3724 CONJUGIO.

1746 3830 2008 3883 ιθςοαοκδ

309 3954 359 4006 1.
404 3951 681 4017 Mulieres,
712 3968 830 4021 qua:
852 3953 1086 4007 virorum
1117 3953 1554 4009 consuetudinem
1576 3993 1592 4020 ,
1638 3960 1818 4023 partus

238 4040 472 4108 dolores,
504 4053 557 4097 et
583 4053 778 4098 czetera
807 4044 982 4097 omnia
1012 4060 1130 4113 quae
1156 4059 1333 4099 secum
1383 4044 1599 4099 trahens
1639 4041 1823 4097 matri-

240 4136 477 4187 monium
526 4135 579 4187 in
620 4134 891 4187 hominum
940 4134 1127 4189 domos
1172 4134 1484 4205 ingreditur,
1533 4146 1822 4202 numquam

241 4240 333 4279 usu
378 4235 772 4297 cognoverunt,
800 4226 863 4280 ad
905 4226 1047 4281 viros
1083 4228 1318 4281 animum
1363 4226 1651 4296 appellere,
1691 4222 1823 4277 nihil

243 4335 368 4374 sane
404 4318 717 4373 mirandum
743 4328 826 4373 est
855 4338 868 4374 :
901 4335 1022 4373 nam
1046 4330 1099 4374 et
1124 4319 1340 4381 bellum,
1369 4332 1482 4373 rem
1511 4316 1644 4371 adeo
1676 4314 1826 4368 labo-

247 4396 463 4475 riosam,
506 4411 798 4477 inexpertis
836 4408 992 4465 dulce
1038 4425 1158 4464 esse
1207 4409 1258 4463 in
1308 4407 1585 4479 proverbio
1630 4415 1732 4460 cst.
1760 4405 1829 4458 At

254 4501 517 4553 sexcentis
560 4498 719 4552 malis
762 4497 995 4564 affectas,
1023 4499 1319 4568 quibusque
1351 4498 1479 4551 dura
1508 4496 1620 4566 ipsa
1650 4509 1830 4548 rerum

258 4591 482 4645 conditio
510 4590 794 4659 persuasit.
819 4605 911 4645 eas
955 4589 1167 4660 quidem
1189 4630 1205 4656 ,
1237 4605 1355 4660 qua:
1402 4588 1587 4642 solutae
1615 4602 1646 4639 a
1673 4585 1833 4639 rebus

258 4679 408 4749 hujus
458 4680 645 4734 mundi
688 4681 849 4734 vitam
878 4689 1117 4751 agerent,
1146 4680 1328 4734 beatas
1358 4677 1663 4748 praedicare,
1695 4674 1836 4743 seip-

256 4785 339 4824 sas
362 4782 569 4835 autem,
598 4781 655 4826 et
684 4771 966 4840 pronubas,
992 4781 1046 4827 et
1068 4771 1211 4826 diem
1237 4786 1341 4840 quo
1367 4769 1419 4823 in
1442 4767 1836 4823 matrimonimn

254 4872 372 4915 sunt
394 4862 691 4925 collocata),
717 4861 906 4916 millies
929 4861 1214 4928 exsecrari,
1236 4875 1326 4915 eas
1342 4859 1481 4929 ipsas
1496 4869 1613 4928 post
1634 4865 1839 4912 tantum

256 4952 449 5006 fastidii
495 4968 681 5007 rursus
722 4951 1032 5006 earumdem
1075 4966 1251 5005 rerum
1280 4948 1544 5004 desiderio
1568 4949 1706 5017 capi,
1741 4946 1841 5001 hoc

258 5056 359 5112 est,
385 5043 532 5115 quod
573 5060 662 5098 me
710 5042 1093 5113 propemodum
1134 5039 1486 5111 obstupefecit
1512 5055 1574 5094 ac
1599 5036 1843 5092 dubitare

257 5138 417 5206 cogit,
451 5145 505 5188 et
536 5150 778 5210 qumrere
804 5132 994 5204 ecquid
1020 5147 1193 5187 causa:
1218 5132 1287 5186 sit
1325 5130 1667 5210 quamobrem
1710 5142 1844 5198 quas

261 5244 345 5282 res
370 5238 551 5287 antea,
577 5241 699 5278 cum
730 5224 780 5277 in
814 5224 877 5277 iis
905 5230 1261 5286 versarentur,
1286 5204 1558 5289 fugiendas
1578 5219 1846 5273 existima-

262 5316 524 5381 t-aut,laas
552 5330 845 5380 nuuc,cum
876 5314 943 5369 ab
968 5315 1031 5367 iis
1058 5313 1236 5367 libera:
1255 5319 1677 5380 suut,tamquam
1696 5326 1849 5380 cxpe-

264 5408 447 5462 tendas
470 5417 880 5477 persequantur.
896 5406 973 5460 Ac
995 5406 1155 5459 multa
1172 5404 1383 5474 quidem
1403 5403 1579 5457 animo
1608 5417 1845 5469 versans,

266 5500 350 5553 vix
378 5499 620 5559 tandem,
655 5507 708 5550 ut
740 5499 887 5565 puto,
915 5495 979 5550 ad
1008 5498 1173 5565 ipsam
1203 5495 1280 5549 rei
1310 5509 1522 5548 causam
1555 5492 1850 5564 iudagaudo

267 5590 508 5660 perveni.
535 5594 709 5660 Atque
737 5606 795 5642 ea
823 5588 1032 5659 quidem
1056 5604 1161 5643 non
1185 5602 1288 5643 una
1312 5596 1410 5652 est,
1436 5595 1527 5640 aut
1555 5585 1739 5651 altera,
1756 5583 1849 5640 sed

270 5682 428 5750 plane
452 5681 1011 5738 multh‘artimeuim
1033 5682 1101 5739 ob
1130 5679 1384 5752 temporis
1409 5678 1848 5750 longinquitatem

1926 3947 2163 4017 priorum
2205 3942 2402 4004 oblitae,
2438 3948 2495 3997 et
2519 3954 2581 3994 ea
2611 3944 2814 3993 tantum
2851 3946 2971 4003 quae
3015 3930 3069 3987 in
3094 3927 3337 4015 manibus
3378 3938 3505 3980 sunt

1928 4037 2249 4103 recolentes,
2294 4034 2515 4090 veniunt
2547 4029 2762 4101 quidem
2801 4025 2868 4081 ad
2907 4022 3322 4087 matrimonium,
3351 4018 3507 4089 quasi

1928 4128 1997 4185 ad
2024 4129 2074 4184 id
2098 4127 2239 4198 quod
2262 4126 2438 4188 omnia
2476 4122 2746 4179 viduitatis
2764 4115 3101 4175 incommoda
3128 4113 3383 4182 depellat;
3410 4108 3507 4164 sed
3600 4111 3612 4119 '

1931 4222 2036 4281 alia
2075 4219 2314 4290 quadam
2360 4215 2433 4271 ibi
2481 4214 2640 4283 longe
2681 4210 2925 4281 graviora
2969 4204 3299 4260 invenientes
3323 4211 3508 4255 rursus

1933 4312 2148 4371 easdem
2195 4324 2327 4379 quas
2369 4315 2569 4371 antea,
2614 4316 2775 4358 voces
2822 4297 3073 4353 emittunt
3099 4310 3114 4349 :
3142 4296 3332 4364 partim
3377 4303 3512 4345 vero

1937 4400 2220 4459 mundanis
2242 4398 2402 4453 rebus
2426 4408 2614 4451 rursus
2636 4391 2903 4447 inhiantes
2920 4386 3250 4458 gloriamque
3276 4395 3512 4452 przeseu-

1942 4496 2010 4551 tis
2042 4494 2164 4548 vita:
2190 4490 2512 4553 admirantes
2534 4497 2590 4542 et
2618 4484 2930 4540 viduitatem
2951 4494 3066 4534 rem
3088 4475 3367 4533 dedecoris
3393 4462 3514 4544 ple!

1940 4603 2062 4643 nam
2092 4596 2359 4657 putantes,
2390 4580 2545 4650 hujus
2574 4578 2746 4635 inanis
2783 4574 2965 4646 gloria:
2990 4580 3047 4627 et
3075 4570 3299 4627 tumoris
3350 4581 3513 4622 causa

1940 4679 2156 4737 easdem
2204 4680 2458 4746 appetunt
2502 4668 2821 4726 matrimonii
2892 4664 3156 4720 miserias.
3223 4659 3333 4715 Nec
3385 4670 3516 4719 vero

1943 4768 2136 4825 desunt
2175 4781 2294 4836 qua:
2358 4779 2463 4817 non
2502 4755 2806 4829 hujusmodi
2850 4753 3026 4810 causis
3069 4749 3353 4813 adductas,
3409 4746 3506 4800 sed

1945 4859 2045 4914 soli
2101 4852 2524 4926 intemperantia:
2582 4848 2870 4912 cedentes,
2923 4856 3111 4900 rursus
3162 4839 3230 4894 ad
3285 4837 3517 4908 priorem

1946 4952 2069 5006 vitae
2109 4950 2367 5005 rationem
2412 4943 2665 5007 redeunt,
2693 4954 2757 4993 ac
2782 4950 2959 4992 veram
2996 4947 3211 4987 causam
3254 4927 3522 4983 occultare

1949 5045 2035 5111 iis,
2062 5057 2196 5113 quas
2220 5039 2456 5101 diximus
2475 5075 2489 5099 ,
2521 5028 2877 5103 praetexendis
2903 5035 3183 5081 conantur.
3214 5019 3372 5113 Atqui
3395 5018 3523 5071 istas

1949 5112 2201 5201 accusare
2237 5140 2398 5199 atque
2441 5120 2739 5193 huiusmodi
2780 5114 3101 5172 matrimonii
3144 5112 3357 5166 nurnine
3388 5120 3525 5161 cou-

1950 5197 2205 5281 demeare
2247 5197 2418 5291 neque
2454 5215 2569 5284 ipse
2609 5209 2801 5274 ausim,
2846 5220 3019 5275 neque
3055 5202 3210 5259 alteri
3237 5209 3294 5255 ut
3334 5197 3523 5253 audeat

1952 5308 2137 5370 auctor
2182 5290 2321 5376 sim,
2361 5299 2785 5375 quandoquidem
2824 5297 2979 5351 aliter
3015 5294 3186 5348 visum
3236 5299 3320 5347 est
3370 5290 3531 5349 beato

1955 5405 2140 5468 Paulo,
2161 5374 2246 5456 vel
2266 5374 2439 5471 potius
2460 5390 2677 5465 Spiritui
2705 5387 2804 5461 ipsi
2829 5395 3036 5442 sancto.
3063 5382 3196 5439 Nam
3222 5397 3343 5436 cum
3372 5378 3540 5435 dixis-

1956 5507 2057 5559 set,
2091 5482 2275 5549 Mulier
2295 5488 2502 5559 alligata
2530 5493 2599 5539 cst
2626 5482 2723 5552 legi
2738 5523 2753 5549 ,
2775 5487 2959 5551 quauto
2985 5485 3207 5548 tempore
3224 5474 3301 5527 uir
3322 5474 3431 5546 ejus
3453 5472 3530 5525 ri-

1958 5591 2021 5643 rit
2054 5604 2071 5641 :
2096 5583 2227 5655 quod
2247 5583 2288 5635 si
2316 5566 2570 5633 derutierit
2600 5575 2672 5629 vir
2695 5573 2823 5643 ejus,
2846 5568 3000 5623 libera
3023 5575 3096 5620 est
3115 5565 3194 5619 cui
3217 5566 3331 5619 relit
3356 5563 3529 5625 nubat,

1960 5687 2149 5733 tantum
2179 5674 2229 5730 in
2258 5669 2473 5725 Domitio
2502 5668 2576 5741 (l.
2606 5663 2721 5721 Cor.
2746 5662 2797 5714 7.
2828 5659 2945 5730 59);
2974 5666 3128 5728 atque
3159 5657 3232 5712 ita
3262 5654 3428 5710 viduae
3443 5668 3541 5725 po-

3493 5896 3513 5921 Ι
