4056 6208
541 340 638 397 6H

543 462 789 510 testatem
815 453 1027 510 fecisset
1039 467 1221 509 rursus
1241 453 1287 508 si
1304 454 1430 508 velit
1446 453 1698 520 nubendi,
1712 455 2114 524 addidissetque

540 545 747 600 Bcatior
767 554 1040 610 autemest,
1063 545 1109 598 si
1132 545 1204 598 sic
1222 546 1548 614 permanserit
1583 545 1632 613 (1
1646 545 1786 600 .Cor.
1837 545 1892 602 7.
1914 545 2026 618 40);
2051 561 2120 602 ne

541 640 660 707 quis
684 647 890 708 putaret
909 637 1193 692 humanum
1218 651 1336 692 esse
1349 647 1692 708 praeceptum,
1711 637 1825 693 hmc
1841 638 2081 707 adjunxit
2099 653 2116 692 :

541 727 678 781 Puto
706 737 892 794 autem,
915 729 1048 797 quod
1072 737 1119 781 et
1141 744 1230 797 ego
1261 728 1509 795 Spiritum
1534 727 1630 782 Dei
1669 728 1877 782 habeam
1906 727 2116 800 (Ibid.),

543 821 699 891 plane
741 821 1026 877 ostendens
1068 821 1268 893 Spiritu
1301 823 1536 878 dictante
1576 822 1648 878 ita
1693 822 1795 878 sibi
1831 835 1952 877 esse
1993 835 2124 876 con-

539 912 758 980 scripta.

612 1003 866 1058 Secunda
903 1004 1095 1074 nuptiae
1135 1019 1236 1058 non
1273 1002 1562 1073 culpanda.
1587 1033 1659 1044 —
1683 1003 1761 1058 Ne
1782 1002 1904 1074 quis
1939 1002 2119 1073 igitur,

540 1107 659 1162 qua:
694 1093 852 1146 modo
885 1092 1124 1148 dicturus
1171 1108 1310 1157 sum,
1347 1094 1400 1148 in
1443 1109 1561 1148 eam
1605 1103 1806 1164 partem
1856 1092 2118 1161 accipiat,

540 1183 693 1253 quasi
733 1199 845 1250 eas,
891 1200 1011 1254 qua:
1069 1184 1411 1239 matrimonio
1450 1200 1509 1239 se
1543 1184 1792 1255 jungunt,
1835 1183 2121 1253 reprehen-

542 1272 664 1328 dam
692 1289 753 1329 ac
794 1275 1062 1330 criminer.
1105 1275 1337 1331 Summa:
1371 1277 1511 1332 enim
1551 1277 1866 1346 arrogantia:
1891 1290 1953 1330 ac
1977 1274 2124 1329 furo-

541 1365 617 1418 ris
655 1365 830 1431 fuerit,
870 1381 1001 1436 quas
1038 1382 1144 1421 non
1186 1368 1462 1438 castigavit
1504 1369 1690 1423 beatus
1717 1367 1829 1436 ille,
1869 1367 1965 1422 sed
2007 1367 2126 1436 qui-

543 1455 643 1511 bus
670 1457 924 1526 pepercit,
954 1457 1051 1512 has
1079 1468 1264 1513 contra
1291 1475 1322 1514 a
1342 1459 1494 1515 nobis
1533 1459 1726 1515 acerbe
1755 1458 2124 1526 condemnari,

544 1546 705 1618 idque
730 1562 849 1602 cum
881 1551 1150 1605 sexcentis
1177 1565 1274 1605 nos
1303 1550 1613 1606 criminibus
1653 1565 1977 1620 premamur.
2029 1549 2128 1603 Et-

543 1641 686 1694 enim
704 1641 792 1710 qui
816 1640 898 1694 vel
919 1640 1250 1708 ajudicando
1270 1642 1559 1709 abstinere,
1582 1657 1650 1697 ne
1669 1641 1856 1696 eadem
1879 1653 2128 1694 mensura

545 1731 600 1786 in
649 1747 746 1786 nos
787 1731 1045 1801 judicium
1092 1743 1428 1797 exerceatur,
1473 1741 1631 1802 atque
1659 1733 1712 1786 in
1735 1732 1962 1786 aliorum
2007 1743 2130 1800 pec-

545 1830 665 1877 cata
689 1822 906 1877 minime
949 1822 1294 1879 vehementes
1334 1837 1453 1878 esse
1494 1822 1702 1892 iudices
1738 1821 2007 1890 iubemur,
2033 1808 2146 1874 sed

547 1913 696 1970 lenes
720 1923 775 1969 et
793 1915 860 1970 ad
887 1916 1096 1970 veniam
1125 1915 1352 1971 dandam
1383 1915 1601 1984 faciles;
1631 1918 1678 1970 si
1705 1931 1816 1971 rem
1837 1930 1955 1986 quae
1981 1923 2130 1969 extra

547 2004 756 2074 culpam
774 2004 842 2060 sit
861 2005 1206 2060 criminemur
1217 2014 1271 2061 et
1283 2005 1721 2073 condemnemus,
1743 2003 2010 2075 quomodo
2023 2019 2130 2058 non

549 2112 765 2152 omnem
787 2098 941 2154 nobis
976 2097 1187 2153 veniam
1216 2091 1586 2168 praecidemus,
1616 2114 1684 2154 ex
1711 2109 1895 2152 nostro
1923 2097 1975 2151 in
2005 2112 2129 2167 pro-

548 2188 752 2243 ximum
793 2187 934 2244 facto
955 2189 1011 2243 in
1036 2204 1157 2244 eam
1183 2190 1504 2245 sententiam
1529 2189 1846 2245 inducentes
1869 2185 2126 2257 judicem,

548 2286 611 2335 ut
632 2259 805 2336 in\nos
833 2280 1067 2336 vicissim
1087 2296 1146 2337 se
1163 2279 1720 2352 praebeatduriorem?
1735 2277 1851 2333 Non
1891 2279 2050 2349 igitur
2074 2286 2134 2333 ut

547 2371 669 2427 illas
713 2386 960 2428 accusem
983 2387 1047 2428 ac
1065 2388 1316 2444 pungam,
1347 2371 1452 2428 huc
1477 2373 1720 2428 oratione
1745 2371 1952 2426 delatus
1977 2386 2093 2426 sum
2111 2386 2132 2424 :

548 2460 692 2531 quod
735 2463 877 2517 enim
904 2463 960 2518 in
986 2463 1212 2518 Domino
1255 2462 1374 2518 ﬁeri
1400 2471 1596 2533 potest,
1627 2463 1680 2516 in
1711 2461 1760 2516 id
1789 2461 1983 2517 cadere
2024 2461 2132 2516 cri-

547 2565 676 2606 men
703 2551 849 2606 nullo
871 2552 1032 2607 modo
1056 2561 1268 2622 potest:
1296 2551 1552 2619 Tantum,
1577 2553 1780 2622 inquit,
1807 2551 1860 2605 in
1884 2550 2128 2606 Domino.

553 2639 750 2694 Verum
776 2641 1223 2710 quemadmodum
1252 2657 1374 2698 cum
1399 2643 1468 2698 de
1485 2643 1787 2713 virginitate
1813 2643 1975 2699 verba
2001 2642 2134 2698 faci-

549 2749 692 2800 mus,
744 2749 852 2789 non
888 2742 946 2789 ut
980 2733 1049 2790 de
1084 2735 1408 2790 matrimonii
1455 2733 1712 2805 dignitate
1753 2734 2130 2800 detrahamus,

551 2824 695 2880 illam
722 2824 966 2881 laudibus
989 2825 1293 2881 extollimus
1319 2827 1437 2882 :ita
1465 2841 1586 2881 cum
1609 2826 1676 2882 de
1711 2826 1969 2882 viduitate
2009 2827 2129 2884 dis-

554 2924 805 2986 putamus
827 2956 844 2983 ,
906 2931 1012 2982 non
1039 2916 1252 2988 quidem
1287 2932 1387 2972 ceu
1421 2916 1682 2974 secundas
1707 2917 1920 2988 nuptias
1947 2917 2002 2972 in
2037 2933 2132 2974 ea-

551 3021 670 3062 rum
696 3021 874 3062 rerum
903 3022 1146 3076 numero,
1169 3007 1360 3079 quibus
1402 3007 1742 3063 interdictum
1771 3009 1860 3074 sit,
1901 3008 2135 3065 colloce-

550 3111 693 3165 mus,
744 3097 1030 3164 mulieres,
1079 3107 1137 3153 ut
1181 3099 1348 3155 semel
1393 3100 1639 3169 nupsisse
1678 3108 1943 3155 contentas
1983 3098 2131 3168 sint,

549 3189 897 3244 cohortamur
930 3205 946 3255 ;
987 3189 1086 3246 sed
1135 3189 1362 3244 fatemur
1412 3189 1629 3260 quidem
1687 3189 1936 3246 secundis
1971 3189 2133 3245 etiam

552 3275 724 3347 legem
751 3294 856 3332 non
882 3278 1092 3346 violari,
1139 3287 1506 3334 verumtamen
1550 3293 1685 3334 unas
1730 3279 1936 3334 iteratis
1977 3279 2137 3350 longe

557 3376 812 3436 praestare
841 3382 946 3422 non
976 3368 1301 3424 dubitamus.
1319 3367 1500 3439 Itaque
1520 3369 1573 3423 in
1595 3368 1696 3423 hac
1714 3369 2137 3439 comparatione.

551 3471 673 3512 cum
704 3473 864 3512 unum
890 3458 1044 3513 alteri
1063 3468 1315 3529 praestare
1341 3458 1588 3525 dicimus,
1621 3475 1779 3515 nemo
1809 3460 1912 3516 hoc
1933 3461 2130 3532 ipsum,

553 3547 695 3618 quod
722 3548 1026 3604 inferiorem
1052 3549 1224 3603 locum
1251 3557 1435 3606 tenere
1459 3549 1707 3616 dicimus,
1735 3551 1922 3606 vitium
1962 3560 2131 3621 putet.

554 3636 672 3692 Non
697 3638 839 3693 enim
875 3638 964 3693 illa
1007 3640 1228 3696 interse
1252 3639 1374 3695 ideo
1411 3640 1756 3709 conferimus,
1801 3649 1862 3696 ut
1899 3642 2136 3712 ipsorum

554 3728 780 3784 alterum
806 3731 860 3785 in
887 3731 1144 3787 malorum
1186 3733 1428 3790 ordinem
1474 3733 1778 3803 rejiciatur;
1807 3733 1904 3791 sed
1945 3749 2138 3790 conce-

555 3819 744 3874 dentes
772 3820 824 3875 id
855 3820 956 3892 legi
997 3833 1412 3878 consentaneum
1437 3837 1576 3888 esse,
1598 3833 1887 3894 nostroque
1916 3825 2137 3880 arbitrio

557 3911 897 3980 permissum,
925 3911 1152 3968 alterum
1183 3922 1357 3969 tamen
1383 3929 1495 3985 prae
1524 3914 1627 3970 hoc
1653 3915 1808 3986 longe
1848 3917 2016 3987 pluris
2059 3915 2138 3972 fa-

556 4005 756 4070 cimus,
805 4007 1079 4076 magisque
1134 4005 1475 4078 suspicimus.
1521 4007 1660 4072 Quid
1714 4008 1830 4064 ita?
1876 4008 2138 4076 Quoniam

557 4095 782 4150 multum
822 4096 1046 4153 interest
1081 4098 1325 4154 eamdem
1364 4098 1645 4154 mulierem
1681 4099 1840 4155 unius
1875 4100 1976 4154 viri
2018 4114 2139 4155 esse

559 4200 810 4254 uxorem,
842 4201 906 4242 ac
927 4186 1176 4244 duorum.
1201 4187 1335 4244 Nam
1358 4189 1446 4245 cui
1473 4190 1621 4260 prior
1658 4190 1789 4246 satis
1832 4199 1935 4258 est,
1983 4190 2140 4261 plane

558 4277 793 4334 ostendit
813 4293 914 4349 neq
925 4293 991 4334 ue
1015 4278 1083 4334 ad
1104 4279 1256 4335 illum
1282 4281 1457 4352 ipsum
1473 4295 1534 4338 se
1546 4281 1611 4337 ad
1611 4281 1913 4354 juncturam
1943 4281 2128 4350 fuisse,

557 4369 604 4423 si
633 4384 746 4426 rem
772 4384 872 4425 usu
896 4371 1014 4442 ipso
1039 4369 1206 4442 probe
1239 4373 1478 4429 novisset
1502 4390 1516 4428 :
1539 4388 1659 4444 qua:
1693 4381 1872 4428 autem
1909 4371 2138 4428 alterum

559 4472 814 4528 sponsum
833 4461 889 4515 in
915 4461 1108 4532 prioris
1150 4463 1324 4520 cubile
1365 4462 1588 4531 inducit,
1618 4479 1872 4534 magnum
1913 4463 2141 4533 egregias

559 4562 686 4620 erga
714 4551 970 4607 mundum
995 4554 1243 4610 amicitia:
1268 4563 1428 4626 atque
1445 4571 1571 4626 erga
1615 4571 1704 4611 res
1742 4563 1985 4613 terrenas
2011 4569 2141 4626 pro-

560 4638 834 4709 pensionis
880 4642 1133 4699 indicium
1171 4645 1392 4714 praebet.
1436 4646 1612 4716 Atque
1650 4646 1741 4702 illa
1781 4646 1996 4717 quidem
2041 4661 2142 4701 nec

559 4729 688 4785 dum
730 4731 931 4788 viveret
970 4733 1073 4800 vir,
1119 4749 1245 4804 erga
1281 4736 1444 4790 alium
1481 4745 1749 4792 commota
1790 4739 1972 4793 animo
2010 4746 2138 4794 est:

561 4819 678 4876 hate
707 4836 855 4888 vero,
881 4824 982 4914 etsi
1013 4824 1104 4880 illo
1131 4825 1342 4882 vivente
1373 4827 1442 4881 ab
1479 4828 1596 4883 aliis
1643 4843 1702 4883 se
1740 4827 1984 4898 pudicam
2023 4842 2142 4884 ser-

561 4909 720 4978 varit,
753 4909 991 4970 attamen
1034 4914 1233 4971 multos
1275 4915 1410 4972 alios
1444 4919 1614 4989 magis
1656 4932 1818 4989 quam
1863 4918 2015 4973 illum
2051 4934 2144 4974 su-

559 5006 755 5076 spexit.

629 5098 686 5153 2.
716 5095 822 5154 Sed
849 5113 920 5154 ne
957 5114 1024 5156 ex
1065 5099 1168 5156 hoc
1208 5100 1348 5158 facto
1375 5103 1734 5173 conjecturam
1775 5103 1845 5161 de
1871 5108 2143 5176 praeterita

562 5194 666 5248 vita
711 5192 1007 5261 faciamus,
1037 5210 1152 5250 rem
1194 5195 1363 5267 ipsam
1410 5196 1794 5267 expendamus.
1825 5197 2040 5255 Etenim
2084 5207 2143 5256 ut

569 5287 833 5357 virginitas
857 5288 1196 5345 matrimonio
1217 5291 1407 5346 melior
1431 5298 1550 5358 est,
1581 5291 1651 5347 ita
1677 5291 1779 5349 hoc
1803 5295 2143 5351 matrimonio

560 5377 710 5435 illud.
765 5381 927 5437 Vidua
977 5383 1121 5438 enim
1166 5383 1234 5440 de
1286 5384 1548 5455 principio
1598 5394 1804 5442 tantum
1853 5387 2143 5458 virginitati

558 5471 823 5526 concessit
843 5514 859 5540 ,
889 5473 958 5529 ad
985 5484 1285 5532 extremum
1309 5491 1438 5533 vero
1466 5477 1568 5547 ipsi
1611 5492 1796 5535 rursus
1820 5488 2061 5550 mquatur
2087 5491 2143 5537 et

559 5563 900 5636 conjungitur
947 5585 963 5624 :
1011 5570 1115 5627 hoc
1166 5586 1298 5629 vero
1347 5572 1745 5629 matrimonium
1795 5584 2018 5646 utraque
2071 5590 2142 5631 ex

558 5664 712 5725 parte
738 5672 769 5712 a
801 5659 1099 5730 virginitate
1123 5665 1292 5720 abest.
1321 5661 1437 5718 lluc
1460 5663 1688 5734 accedit,
1709 5679 1828 5721 eam
1849 5681 1968 5736 quae
1993 5666 2145 5722 facile

560 5749 661 5806 fert
714 5751 1022 5812 viduitatem
1043 5791 1059 5817 .
1110 5772 1140 5812 a
1183 5757 1298 5816 viro
1345 5769 1604 5830 quoque,
1627 5757 1756 5819 dum
1801 5759 1968 5832 vivit,
1999 5775 2142 5832 saepe
2177 5805 2192 5820 ί

1308 339 1367 395 S.
1404 338 1679 396 JOANNIS
1715 339 2191 400 CHRYSOSTOMI
2230 343 2550 402 ARCillEP.
2587 345 3124 405 CONSTANTINOP.

3669 373 3672 375 λ
3698 357 3801 413 612

2226 468 2286 511 se
2309 465 2585 514 continere
2615 474 2630 512 :
2660 473 2777 514 eam
2807 475 2952 524 vero,
2981 476 3100 532 qua:
3128 475 3241 516 rem
3269 463 3496 519 maxime
3525 465 3804 521 molestam

2226 557 2412 620 putat,
2443 550 2514 604 ita
2555 551 2792 606 animum
2822 551 3114 607 instituisse
3137 594 3152 617 ,
3201 563 3261 606 ut
3289 569 3392 608 non
3434 569 3553 609 eum
3599 556 3807 614 duobus

2225 637 2401 694 solum
2431 639 2685 707 tribusve,
2716 641 2808 696 sed
2838 643 2997 696 etiam
3027 642 3194 696 multo
3223 643 3480 712 pluribus,
3512 646 3554 699 si
3587 647 3660 700 ita
3690 661 3807 701 sors

2226 728 2382 796 ferat,
2429 730 2530 784 sibi
2570 745 2658 786 res
2702 730 2945 786 habenda
2991 732 3080 797 Sit,
3107 746 3190 787 .ac
3234 733 3320 786 vix
3364 742 3600 788 extrema
3641 745 3805 791 mtate

2225 819 2505 875 abstineat.
2538 821 2996 888 Quemadmodum
3042 823 3201 892 igitur
3248 825 3642 878 matrimonium
3675 825 3806 879 illud

2227 925 2429 981 magum
2456 910 2750 966 honestatis
2784 927 2847 966 ac
2878 913 3239 981 temperantiaa
3275 913 3545 982 specimen
3575 923 3660 969 est
3691 931 3706 967 ε
3739 914 3812 969 ita

2227 999 2331 1055 hoc
2357 1001 2576 1056 minime
2597 1002 2810 1071 quidem
2835 1001 3059 1057 dixerim
3091 1003 3342 1070 lasciviae,
3363 1004 3522 1067 absit,
3542 1005 3636 1059 sed
3664 1017 3813 1059 certe

2228 1091 2390 1144 animi
2433 1089 2738 1146 inﬁrmioris
2761 1131 2778 1157 ,
2824 1101 2878 1147 et
2903 1092 2992 1162 qui
3020 1093 3166 1147 carni
3197 1091 3407 1148 deditus
3437 1094 3504 1149 sit
3547 1103 3812 1163 terrzeqne

2227 1182 2416 1237 affixus
2443 1198 2540 1238 nec
2578 1199 2825 1255 magnum
2855 1195 3015 1254 atque
3041 1187 3307 1240 excelsum
3334 1186 3604 1258 quidpiam
3628 1189 3812 1241 animo

2227 1275 2511 1344 concipere
2533 1290 2779 1344 umquam
2807 1276 2995 1344 possit.

2300 1361 2574 1434 Sep/tisma
2603 1364 2657 1418 in
2697 1364 2898 1419 laudem
2926 1366 3247 1434 repetiturum
3287 1366 3578 1437 nuptiarum
3617 1367 3806 1425 refelli-

2230 1462 2333 1508 tur.
2361 1484 2434 1495 ——
2458 1454 2610 1522 Quod
2655 1455 2701 1509 si
2729 1455 2847 1525 quis
2888 1455 3140 1526 objiciat,
3172 1455 3313 1526 quod
3360 1457 3640 1511 honestum
3687 1467 3808 1512 est.

2231 1546 2335 1600 tale
2356 1561 2474 1600 esse
2497 1585 2513 1612 ,
2540 1545 2652 1602 sive
2676 1546 2842 1601 semel
2865 1547 3089 1602 obeatur
3111 1588 3126 1614 ,
3155 1549 3268 1603 sive
3291 1548 3370 1602 bis
3393 1588 3409 1613 ,
3439 1548 3550 1602 sive
3573 1549 3768 1618 saepius
3798 1564 3818 1603 :

2230 1635 2478 1692 similiter
2503 1636 2646 1690 enim
2694 1635 2975 1692 honestum
3022 1652 3280 1704 manere,
3312 1638 3599 1707 quinetiam
3644 1653 3768 1692 eum
3793 1680 3809 1704 ,

2232 1724 2323 1795 qui
2363 1726 2558 1796 saapius
2600 1726 2812 1781 functus
2853 1737 2973 1794 est,
3016 1727 3410 1782 laudabiliorem
3454 1743 3572 1782 esse
3612 1743 3680 1784 eo
3722 1729 3814 1797 qui

2233 1815 2442 1881 rarius;
2490 1816 2927 1886 respondebimus
2971 1817 3275 1887 hujusmodi
3319 1817 3586 1887 sophisma
3627 1820 3815 1872 iucau«

2232 1909 2456 1964 tioribus
2485 1909 2710 1964 fortasse
2737 1924 2895 1980 posse
2922 1911 3195 1980 imponere
3217 1951 3232 1975 ,
3277 1911 3344 1965 ab
3372 1911 3436 1965 iis
3461 1919 3633 1964 autem
3659 1952 3676 1975 ,
3722 1911 3814 1979 qui

2233 2003 2467 2058 animum
2520 2001 2799 2058 advertere
2847 2002 3150 2068 voluerint,
3203 2001 3357 2057 facile
3407 2001 3574 2057 refelli
3633 2016 3814 2071 posse.

2233 2094 2623 2150 Matrimonium
2663 2095 2804 2150 enim
2849 2110 2955 2150 non
3005 2109 3288 2165 corporum
3335 2093 3634 2150 commistio
3688 2092 3817 2146 facit

2233 2185 2327 2258 (ita
2356 2187 2498 2243 enim
2521 2195 2576 2241 et
2596 2185 2874 2242 fornicatio
2901 2186 3294 2240 matrimonium
3319 2187 3484 2254 esset)
3509 2226 3524 2250 ,
3552 2185 3643 2239 sed
3673 2184 3818 2254 quod

2234 2295 2296 2334 ea
2319 2320 2336 2347 ,
2364 2295 2484 2349 qua:
2507 2289 2669 2350 nupta
2697 2287 2816 2346 est,
2842 2294 2950 2334 uno
2973 2279 3088 2333 viro
3113 2287 3361 2333 contenta
3385 2287 3486 2332 est.
3514 2281 3686 2347 Atque
3714 2277 3817 2331 hoc

2235 2370 2377 2425 inter
2414 2370 2750 2426 meretricem
2779 2379 2938 2440 atque
2981 2370 3262 2440 ingenuam
3294 2369 3644 2438 pudicamque
3690 2383 3819 2422 mu-

2235 2460 2423 2517 lierem
2449 2461 2686 2517 interest.
2715 2461 2868 2530 Quod
2907 2462 2953 2517 si
2994 2476 3102 2516 uno
3132 2463 3243 2516 viro
3270 2469 3516 2516 contenta
3557 2469 3819 2530 perpetuo

2233 2552 2344 2619 sit,
2390 2553 2817 2624 conjunctionem
2863 2553 3016 2608 istam
3068 2553 3388 2607 matrimonii
3429 2552 3644 2607 nomine
3686 2566 3820 2606 vere

2234 2643 2519 2713 appellaris
2550 2661 2566 2699 :
2596 2644 2679 2699 sin
2723 2658 2821 2714 pro
2858 2657 2967 2698 uno
2994 2643 3190 2698 multos
3236 2656 3462 2713 sponsos
3502 2642 3557 2696 in
3597 2641 3821 2696 domum

2236 2733 2486 2800 inducat,
2515 2750 2622 2790 non
2665 2733 2912 2805 equidem
2949 2733 3355 2788 fornicationem
3396 2731 3566 2786 audeo
3594 2729 3778 2786 dicere
3803 2773 3821 2796 ,

2235 2827 2334 2884 sed
2358 2826 2487 2882 illud
2509 2826 2907 2891 contenderem,
2934 2825 3073 2880 hanc
3097 2825 3208 2892 illa,
3233 2840 3352 2895 quae
3377 2839 3536 2878 unum
3562 2823 3826 2878 duntaxat

2234 2920 2410 2975 virum
2435 2919 2619 2984 novit,
2650 2919 2807 2989 longe
2833 2917 3140 2973 inferiorem
3165 2931 3304 2972 esse.
3334 2914 3425 2986 Illa
3448 2915 3589 2971 enim
3614 2913 3824 2967 audivit

2237 3009 2520 3066 Dominum
2545 3008 2843 3064 dicentem:
2863 3007 3083 3076 Propter
3105 3007 3198 3060 hoc
3223 3006 3434 3059 dimittet
3458 3004 3605 3058 hante
3622 3013 3824 3074 patrem

2235 3110 2283 3156 et
2306 3110 2517 3155 matrem
2539 3115 2685 3153 suam
2707 3141 2723 3166 ,
2753 3108 2799 3153 et
2823 3097 3095 3152 adhwrebit
3118 3097 3265 3151 uxori
3292 3107 3402 3151 sua:
3421 3137 3437 3161 ,
3468 3105 3516 3149 et
3547 3104 3694 3148 erunt
3719 3096 3827 3148 duo

2236 3192 2292 3246 in
2331 3207 2535 3246 carnem
2561 3207 2719 3245 unam
2763 3189 2990 3262 (Matth.
3027 3189 3112 3245 l9.
3144 3187 3218 3260 5)
3243 3229 3259 3256 ,
3289 3203 3352 3243 ac
3391 3188 3508 3242 viro
3551 3186 3780 3242 adhaesit
3803 3229 3822 3253 ,

2235 3281 2460 3353 perinde
2484 3295 2548 3337 ac
2571 3297 2699 3338 vere
2723 3296 2816 3337 sua
2843 3294 2969 3340 caro
2995 3289 3138 3337 esset
3163 3323 3178 3348 ,
3207 3295 3380 3351 neque
3405 3280 3565 3336 oblita
3608 3289 3694 3335 est
3717 3279 3828 3334 sibi

2237 3377 2405 3431 semel
2447 3374 2678 3445 impositi
2721 3374 2926 3444 capitis.
2971 3369 3094 3429 llam
3130 3389 3259 3429 vero
3301 3387 3400 3428 nec
3439 3373 3670 3442 priorem
3720 3385 3828 3426 nec

2237 3466 2584 3536 posteriorem
2614 3465 2788 3520 virum
2831 3465 3100 3535 propriam
3142 3451 3359 3520 carnem
3406 3471 3615 3532 reputat
3645 3479 3661 3516 :
3693 3475 3825 3516 nam

2239 3557 2442 3627 primus
2471 3573 2501 3613 a
2529 3557 2782 3623 secundo,
2801 3552 3066 3613 secundus
3091 3557 3158 3612 ab
3183 3556 3274 3611 illo
3298 3555 3496 3626 ejectus
3519 3565 3620 3611 est.
3637 3555 3831 3626 Neque

2237 3649 2382 3704 enim
2423 3649 2615 3705 mulier
2641 3649 2833 3720 prioris
2861 3648 2959 3703 viri
3002 3647 3313 3704 memoriam
3356 3647 3535 3703 colere
3582 3647 3781 3717 poterit
3808 3688 3827 3712 ,

2240 3757 2360 3812 qua:
2386 3747 2506 3814 post
2548 3742 2696 3797 illum
2726 3740 2879 3797 alteri
2919 3740 3133 3810 nupsit,
3160 3753 3261 3795 nec
3302 3739 3646 3810 posteriorem
3671 3738 3831 3808 justo

2241 3849 2426 3890 amore
2468 3841 2854 3905 prosequetur,
2891 3841 3081 3903 magna
3123 3831 3297 3886 adhuc
3337 3831 3530 3886 mentis
3573 3839 3726 3900 parte
3770 3830 3835 3884 in

2240 3942 2365 3983 eum
2392 3927 2483 3996 qui
2517 3925 2647 3980 obiit
2672 3925 2928 3980 derivata.
2957 3923 3032 3978 Ita
3062 3922 3160 3991 ﬁt,
3188 3931 3246 3980 ut
3268 3922 3440 3977 neutri
3479 3925 3525 3976 is
3547 3962 3563 3987 ,
3593 3921 3682 3990 qui
3707 3920 3835 3975 viro

2242 4021 2504 4086 debetur,
2551 4033 2702 4074 amor
2747 4027 2908 4088 atque
2952 4017 3120 4071 honos
3162 4015 3230 4070 ab
3278 4029 3441 4070 uxore
3487 4012 3831 4069 exhibentur.

2242 4111 2448 4184 Ecquid
2474 4127 2604 4167 vero
2627 4110 2791 4166 animi
2832 4117 2982 4180 putet
3004 4107 3284 4178 posteriori
3327 4121 3525 4176 sponso
3549 4120 3666 4160 esse
3689 4145 3704 4170 ,
3733 4106 3836 4174 qui

2242 4205 2298 4259 in
2326 4203 2517 4274 prioris
2544 4201 2831 4258 thalamum
2860 4199 3169 4270 ingreditur,
3199 4205 3254 4254 et
3282 4197 3420 4251 illius
3446 4196 3639 4251 lectum
3667 4209 3833 4248 scan-

2241 4293 2359 4364 dit,
2387 4309 2450 4350 ac
2490 4302 2749 4365 praeterea
2789 4292 2930 4348 illius
2957 4305 3178 4346 uxorem
3221 4289 3481 4345 ridentem
3505 4329 3521 4354 ,
3549 4297 3605 4343 et
3629 4286 3730 4342 hac
3757 4287 3836 4343 de

2242 4401 2400 4442 causa
2440 4386 2706 4455 joeantem
2749 4401 2814 4443 ac
2857 4385 3125 4441 ludentem
3168 4382 3354 4438 videt?
3398 4381 3566 4437 Valde
3609 4379 3836 4450 quidem

2242 4487 2681 4547 commoveatur,
2725 4493 2898 4550 neque
2938 4476 3006 4532 ad
3047 4476 3186 4530 illam
3229 4477 3423 4543 magno
3468 4487 3589 4528 cum
3637 4485 3838 4526 amore

2243 4571 2463 4628 accedat
2487 4586 2705 4627 necesse
2729 4579 2830 4626 est.
2874 4569 3009 4624 Nam
3032 4567 3244 4623 tametsi
3285 4566 3522 4622 omnium
3549 4563 3838 4618 hominum

2243 4662 2560 4718 durissimus
2587 4661 2692 4726 sit,
2721 4675 2828 4716 non
2873 4668 3048 4714 tamen
3072 4658 3146 4713 ita
3174 4657 3422 4712 immanis
3444 4698 3460 4724 ,
3489 4664 3550 4710 ut
3589 4654 3842 4710 humano

2245 4753 2476 4824 quodam
2502 4767 2661 4808 sensu
2689 4766 2795 4806 non
2835 4749 3094 4805 afﬁciatur
3116 4789 3132 4814 ,
3168 4747 3328 4803 etiam
3355 4747 3402 4802 si
3444 4745 3534 4800 illa
3559 4745 3842 4800 sexcentis

2245 4847 2574 4903 ornamentis
2596 4856 2649 4901 et
2669 4845 2900 4916 seipsam
2949 4853 3005 4901 et
3045 4843 3264 4900 domum
3305 4840 3615 4912 compserit.
3661 4839 3836 4894 Dolor

2243 4939 2387 4994 enim
2414 4938 2592 4994 domui
2621 4937 2795 4993 illa‘tus
2835 4951 2942 4992 non
2967 4936 3095 4991 sinit
3122 4949 3306 5006 puram
3334 4941 3390 4990 et
3413 4933 3677 4989 sinceram
3706 4945 3841 4986 esse

2239 5032 2567 5102 voluptatem
2601 5047 2616 5084 :
2644 5029 2740 5086 sed
2769 5027 3215 5100 quemadmodum
3244 5027 3299 5082 in
3325 5025 3494 5082 muris
3520 5039 3615 5079 usu
3641 5022 3794 5076 venit
3821 5063 3841 5090 ,

2244 5131 2305 5178 ut
2325 5137 2446 5177 cum
2468 5136 2593 5193 pars
2615 5121 2789 5191 aliqua
2813 5119 2968 5176 valde
2991 5130 3178 5175 exusta
3206 5126 3307 5181 est,
3340 5116 3464 5172 licet
3487 5113 3839 5186 postmodum

2244 5213 2542 5280 dcalbetur,
2561 5211 2827 5282 subjectus
2843 5218 3018 5266 tamen
3044 5224 3106 5264 ac
3123 5206 3415 5279 profundus
3436 5206 3614 5276 nigror
3627 5203 3842 5260 cando-

2245 5319 2360 5360 rem
2386 5302 2591 5359 tectorii
2615 5303 2883 5369 obscuret,
2909 5310 3067 5372 atque
3091 5297 3435 5371 injucundum
3463 5295 3840 5365 Spectaculum

2246 5394 2481 5465 praebeat
2511 5410 2525 5446 :
2556 5392 2630 5448 ita
2674 5402 2727 5448 et
2752 5395 2852 5448 hac
2893 5389 2947 5447 in
2988 5407 3048 5447 re
3070 5433 3086 5460 ,
3119 5391 3326 5446 tametsi
3358 5387 3523 5443 multa
3549 5384 3840 5456 splendida

2247 5485 2612 5557 excogitentur
2632 5526 2648 5552 ,
2678 5485 2733 5539 in
2761 5485 2949 5540 mediis
2975 5493 3154 5540 tamen
3183 5483 3315 5553 ipsis
3341 5481 3578 5539 eminent
3615 5477 3794 5534 tristia
3820 5517 3842 5544 ,

2245 5559 2312 5632 ac
2335 5576 2559 5632 molesta
2597 5573 2841 5646 quaedam
2880 5590 2946 5631 ex
2973 5574 3040 5630 iis
3077 5573 3256 5628 mistio
3281 5571 3363 5626 ﬁt.
3391 5569 3523 5626 Nam
3549 5577 3605 5624 et
3645 5565 3795 5623 servi
3819 5606 3844 5634 ,

2248 5676 2303 5724 et
2343 5667 2589 5738 ancillae,
2618 5677 2674 5723 et
2712 5666 2958 5739 agricola:
2982 5709 2998 5735 ,
3036 5676 3092 5723 et
3132 5664 3414 5738 inquilini,
3457 5672 3514 5721 et
3550 5660 3711 5718 vicini
3733 5701 3752 5729 ,
3779 5668 3849 5715 et

2250 5760 2473 5832 gentiles
2497 5760 2690 5833 prioris
2728 5761 2824 5818 viri
2856 5767 3145 5818 maerentes
3172 5758 3442 5817 intuentur
3467 5771 3587 5828 qua:
3611 5753 3748 5811 ﬁunt
3773 5767 3851 5812 ac
