3944 6202
264 284 379 341 Ὀίὂ

270 426 385 476 νες,
412 408 503 463 καὶ
543 400 819 472 συγγενεῖς
853 398 942 453 τοῦ
972 398 1399 470 προαπελθόντος
1421 398 1757 468 κατηφοῦσιν
1783 411 1808 439 ι
1845 399 1937 451 ἐπὶ

272 499 385 559 τοῖς
420 491 732 564 γενομένοις
764 489 855 542 καὶ
885 484 1249 551 στενάςουσιν.
1291 485 1353 537 Εἰ
1385 484 1441 537 δὲ
1467 487 1560 539 καὶ
1587 485 1815 557 ὀρφανοὶ
1844 484 1939 537 τύ-

271 598 407 654 χωσι
439 576 908 648 καταλειφθέντες,
938 574 1049 628 νέοι
1080 573 1178 643 μὲν
1197 572 1350 634 ὄντες
1370 571 1592 643 κομιδῇ,
1618 571 1847 643 σφοδρὸν
1875 571 1936 624 τὸ

272 670 424 742 παρά
447 668 556 723 τῶν
595 665 907 736 δυναμένων
938 662 1173 716 συνιέναι
1204 658 1312 713 τῶν
1342 661 1639 731 γινομένων
1666 664 1737 731 τῇ
1772 663 1939 732 μητρί

270 759 333 812 τὸ
363 760 519 828 μῖσος
548 755 870 821 ὲξάπτουσιν
892 767 906 782 ο
929 754 977 805 εἰ
1004 750 1059 802 δὲ
1086 748 1337 820 ὲνήλικες
1362 746 1573 818 τύχοιεν
1594 747 1767 812 ὅντες,
1805 750 1941 802 πάν-

271 865 379 902 των
408 847 607 900 ἐκεῖνοι
645 843 846 914 μᾶλλον
868 840 1060 912 ἀηδίαν
1086 839 1609 903 κατασκευάζουσιν.
1642 840 1821 910 Ἀπερ
1846 834 1937 892 οῦν

272 936 366 989 καὶ
392 936 439 987 οἰ
469 931 755 1004 νομοθέται
792 929 1196 1000 συνεωρακότες
1229 928 1257 968 δ
1294 925 1529 990 ἅπαντα,
1563 928 1659 980 καὶ
1685 930 1816 991 τοὺς
1843 927 1937 980 ἐπὶ

271 1023 479 1085 τούτοις
520 1019 816 1088 ἀλγοῦντας
856 1007 1367 1090 παραμυθούμενοι,
1406 1016 1501 1068 καὶ
1545 1015 1688 1087 ὑπὲρ
1728 1014 1938 1068 ἑαυτῶν

272 1110 717 1179 ἀπολογούμενοι,
744 1108 825 1160 ὅτι
854 1106 915 1159 ού
941 1106 1080 1160 κατά
1110 1104 1336 1176 γνώμην
1363 1104 1482 1157 οὐδὲ
1510 1102 1939 1174 προηγουμένως

272 1197 455 1251 τοῦτον
480 1195 568 1249 τὸν
597 1194 774 1265 γάμον
800 1192 1088 1260 ἐπέταξαν,
1119 1192 1256 1246 ἀλλὰ
1280 1191 1598 1257 δεδοικότες,
1638 1191 1713 1262 μή
1737 1207 1789 1242 τι
1822 1192 1938 1260 χεῖ-

275 1303 366 1357 ρον
388 1283 615 1355 γένηται
636 1282 825 1347 κακὸν,
853 1280 1030 1335 πάντα
1056 1281 1150 1335 τοῦ
1178 1281 1431 1353 δευτέρου
1454 1280 1632 1351 γάμου
1653 1279 1721 1333 τὰ
1741 1277 1941 1350 φαιδρά

273 1371 661 1444 παρῃτήσαντο
686 1381 734 1434 ο,
765 1370 856 1423 καὶ
883 1368 1004 1423 οὕτε
1046 1368 1227 1434 αὐλὸς,
1260 1367 1383 1422 οὔτε
1408 1367 1615 1440 κρότοι,
1643 1365 1765 1419 οὔτε
1808 1366 1942 1436 ύμέ-

272 1477 440 1523 ναιος,
464 1457 587 1512 οὗτε
609 1458 914 1530 ὀρχήματα,
938 1457 1061 1511 οὔτε
1091 1456 1343 1527 στέφανοι
1362 1456 1646 1526 νυμφικοὶ,
1664 1453 1787 1508 οὔτε
1816 1453 1943 1508 ἄλλο

273 1566 329 1600 τι
359 1548 468 1603 τῶν
496 1548 753 1602 τοιούτων
794 1546 891 1620 τὴν
927 1547 1166 1618 ἑσπέραν
1196 1544 1491 1615 κοσμοῦσιν
1533 1542 1771 1615 ἐκείνην,
1807 1542 1943 1595 ἀλλά

275 1632 494 1708 πάντων
546 1632 717 1703 αὐτὴν
769 1631 1282 1702 ἀποκοσμήσαντες,
1332 1627 1507 1691 οὕτως
1555 1626 1938 1694 ἀστεφάνωτον

272 1722 468 1790 ἄγουσι
504 1721 595 1775 τὸν
638 1720 806 1792 ἀνδρα
840 1720 974 1792 πρὸς
1010 1720 1109 1789 τὴν
1144 1720 1322 1789 χήραν
1358 1719 1613 1786 γυναῖκα,
1661 1714 1944 1785 μονονουχὶ

274 1809 508 1879 βοῶντες
539 1808 627 1861 διὰ
662 1808 869 1862 τούτων
908 1811 989 1862 ὅτι
1020 1806 1199 1860 πάντα
1246 1804 1579 1875 συγγνώμης
1611 1802 1738 1867 ἀξια
1770 1802 1943 1873 πράτ-

272 1913 477 1958 τουσιν,
514 1896 628 1950 ἀλλ’
648 1896 750 1948 οὐκ
785 1897 1021 1949 ἐπαίνων
1055 1894 1148 1947 καὶ
1172 1894 1382 1965 κρότων
1406 1892 1499 1946 καί
1531 1892 1834 1959 στεφάνων.

343 1991 413 2053 γ’.
432 1985 556 2048 Πῶς
580 1980 672 2037 οῦν
692 1985 719 2037 ὁ
741 1982 952 2047 Παῦλος
976 1980 1215 2035 ἐκώλυσε
1238 1980 1515 2052 χηρεύειν,
1530 1980 1681 2050 φησί,
1704 1979 1799 2031 καὶ
1820 1976 1943 2048 βου-

272 2073 506 2144 λομένας
531 2073 633 2136 τὰς
659 2072 805 2137 νέας,
835 2072 1033 2125 οὑτωσὶ
1056 2070 1304 2142 γράφων*
1334 2066 1637 2136 Νεωτέρας
1665 2066 1733 2120 δὲ
1754 2064 1945 2135 χήρας

274 2159 564 2230 παραιτοῦ
583 2176 603 2225 ;
624 2161 735 2231 Οὐχ
760 2162 788 2213 ὁ
810 2158 1019 2222 Παῦλος
1042 2158 1141 2222 τάς
1167 2155 1498 2228 βουλομένας
1527 2154 1782 2226 χηρεύειν
1808 2150 1946 2206 ἐκώ-

275 2251 457 2314 λυσεν,
487 2249 603 2303 ἀλλ’
631 2251 836 2302 ἐκεῖναι
876 2249 972 2301 καὶ
1002 2247 1093 2304 τὸν
1119 2245 1329 2300 Παῦλον
1362 2246 1684 2315 ἠνάγκασαν
1713 2241 1787 2314 μὴ
1819 2240 1944 2312 βου-

272 2344 500 2417 λόμενον
539 2344 728 2399 τοῦτον
762 2343 1120 2409 διατάξασθαι
1145 2342 1237 2396 τὸν
1268 2340 1435 2412 νόμον
1484 2341 1675 2403 αὑταῖς
1695 2355 1709 2370 ⁸
1743 2340 1792 2393 εἰ
1836 2337 1944 2409 7&9

274 2441 370 2497 τοῦ
396 2441 611 2496 Παύλου
654 2442 716 2496 τὸ
745 2440 959 2512 θέλημα
998 2440 1175 2512 βούλει
1222 2438 1438 2509 μαθεῖν,
1484 2438 1651 2492 άκουε
1690 2435 1744 2489 τί
1777 2452 1943 2505 φησι·

278 2537 441 2593 Θέλω
467 2536 536 2591 δὲ
562 2537 796 2603 πάντας
831 2535 1180 2606 ἀνθρώπους
1225 2530 1381 2588 εῖναι
1413 2533 1496 2598 ὡς
1529 2530 1629 2584 καί
1661 2530 1943 2600 ἐμαυτὸν,

277 2633 347 2686 ἐν
392 2633 723 2703 ἐγκρατείᾳ.
766 2634 931 2687 Ὥστε
974 2631 1076 2685 ούκ
1114 2631 1181 2685 ἂν
1219 2630 1531 2700 ἐμαχέσατο
1570 2628 1779 2698 ἐαυτῷ,
1824 2626 1947 2680 οὐδὲ

279 2730 645 2802 ἐναντιολογίᾳ
682 2718 915 2801 τοσαύτη
951 2728 1279 2800 περιέπεσεν
1326 2729 1355 2781 ὁ
1387 2726 1658 2798 μακάριος
1696 2726 1904 2786 ἐκεῖνος
1930 2762 1944 2786 ,

279 2827 388 2881 οὐδ’
426 2825 491 2880 ἂν
521 2828 550 2881 ὁ
585 2826 793 2889 πάντας
823 2823 1147 2897 ἀνθρώπους
1181 2823 1503 2895 βουλόμενος
1539 2820 1691 2895 [555]
1721 2817 1858 2875 εἶναι
1890 2823 1949 2875 ἐν

280 2922 595 2995 ἐγκρατείᾳ,
626 2922 723 2986 τάς
756 2921 1086 2992 βουλομένας
1114 2919 1371 2992 χηρεύειν
1395 2918 1659 2973 ἐκώλυσε.
1694 2917 1821 2981 Πῶς
1851 2910 1946 2970 οὖν

281 3037 413 3091 φησι
438 3038 450 3051 ·
472 3018 767 3088 Νεωτέρας
796 3017 864 3073 δὲ
892 3018 1083 3089 χήρας
1111 3017 1432 3087 παραιτοῦ;
1472 3015 1611 3071 Ἀλλ’
1638 3015 1778 3081 εἰπὲ,
1804 3014 1951 3078 τίνος

280 3118 464 3172 ἕνεκεν
492 3116 586 3171 καὶ
615 3114 705 3169 διὰ
740 3115 824 3184 τίς
860 3117 935 3169 Οὐ
970 3115 1079 3187 γὰρ
1114 3114 1302 3180 ἁπλῶς
1335 3112 1508 3178 οὕτως
1534 3114 1780 3186 εἴρηκεν,
1812 3109 1949 3163 ἀλλά

282 3212 377 3265 καί
398 3211 495 3284 τὴν
526 3212 705 3267 αἰτίαν
730 3194 1113 3284 προστέθεικεν
1160 3209 1360 3267 εἰπών·
1394 3210 1582 3263 Ὅταν
1606 3207 1748 3277 ,γὰρ
1769 3222 1951 3260 κατα-

280 3307 689 3378 στρηνιάσωσι
736 3308 843 3362 τοῦ
886 3307 1164 3378 Χριστοῦ,
1192 3306 1401 3377 γαμεῖν
1432 3304 1741 3360 θέλουσιν.
1789 3301 1952 3372 Ὁρᾷς

282 3402 364 3457 ὅτι
406 3404 467 3457 ού
517 3403 619 3468 τὰς
669 3403 923 3476 χηρεύειν
968 3402 1330 3474 βουλομένας,
1370 3400 1507 3456 ἀλλά
1558 3387 1659 3463 τὰς
1700 3396 1950 3468 γαμῆσαι

283 3501 726 3575 προαιρουμένας
773 3499 911 3572 μετά
958 3501 1019 3554 τὸ
1050 3498 1318 3571 χηρεῦσαι
1353 3498 1551 3553 κωλύει
1598 3498 1805 3559 ἐκεῖνος
1849 3509 1946 3564 χη-

288 3596 472 3667 ρεῦσαι
510 3597 603 3652 καὶ
630 3599 711 3661 εἰς
741 3598 834 3653 τὸν
863 3596 1017 3667 ἀγιον
1050 3598 1256 3650 ἐκεῖνον
1292 3593 1727 3650 κατατάττεσθαι
1757 3591 1948 3665 χορὸνο

287 3693 379 3747 καὶ
405 3693 611 3765 σφόδρα
643 3692 811 3746 ποιῶν
842 3692 1101 3757 συνετῶς.
1133 3693 1195 3747 Εἰ
1226 3691 1336 3765 7&9
1371 3691 1605 3764 μέλλοις,
1648 3692 1804 3763 φησὶ,
1831 3690 1953 3744 δευ-

284 3788 343 3841 τέ
353 3806 466 3861 ροις
485 3788 685 3861 γάμοις
708 3788 939 3859 ὁμιλεῖν,
972 3789 1106 3861 μηδὲ
1126 3789 1432 3863 ἐπαγγείλῃ
1450 3788 1677 3861 χηρείαν
1691 3804 1704 3817 ·
1731 3786 1827 3840 τοῦ
1848 3785 1955 3857 7&9

289 3884 414 3957 μηδ’
442 3884 578 3950 ὅλως
606 3885 940 3957 ὑποσχέσθαι
975 3887 1037 3940 τὸ
1067 3887 1207 3959 μετά
1244 3886 1341 3959 τὴν
1372 3888 1666 3956 ὑπόσχεσιν
1704 3885 1958 3954 ἀγνωμο-

287 3978 446 4052 νῆσαι
475 3980 654 4054 πολλῷ
680 3983 860 4054 χεῖρόν
885 3985 1053 4039 ἐστιν.
1087 3983 1298 4055 Ὠσπερ
1326 3978 1419 4037 οῦν
1434 3981 1531 4046 τάς
1558 3982 1803 4051 συνεχεῖς
1832 3995 1957 4033 συν·

284 4084 473 4148 θυσίας
512 4083 828 4156 ἐπέτρεψεν,
896 4083 1326 4154 οὑονομοθετῶν,
1374 4082 1510 4137 άλλά
1567 4080 1958 4151 συγγινώσκων

287 4181 503 4245 αὐτοῖς’
540 4181 720 4235 Τοῦτο
750 4180 859 4256 γὰρ
890 4180 1068 4252 λέγω,
1100 4182 1255 4253 φησὶ,
1288 4181 1438 4236 κατὰ
1468 4176 1855 4250 συγγνώμην,
1885 4179 1958 4232 οὐ

289 4283 415 4335 κατ’
457 4280 769 4352 ἐπιταγὴν,
810 4280 911 4335 διὰ
948 4279 1066 4350 τὴν
1105 4279 1407 4349 ἀκρασίαν
1435 4277 1605 4349 ὑμῶν
1626 4294 1642 4310 ·
1683 4276 1828 4332 οὕτω
1864 4278 1961 4332 καῖ⁵

288 4377 523 4433 ενταῦθα
565 4377 633 4432 δι’
675 4378 862 4451 ἕτερον
906 4378 1089 4449 μεῖξον
1140 4377 1312 4433 κακὸν
1348 4376 1441 4433 τὸν
1476 4375 1733 4448 δεύτερον
1782 4373 1961 4446 γάμον

288 4471 540 4537 ἐπέταξε,
571 4472 782 4537 δεικνὺς
803 4475 884 4527 ὅτι
910 4474 1005 4527 καὶ
1028 4474 1186 4527 τοῦτο
1217 4472 1545 4544 συγγνώμης
1578 4471 1715 4535 ἐστὶ,
1746 4470 1812 4541 τῇ
1851 4466 1961 4521 τῶν

294 4567 502 4623 πολλῶν
536 4567 791 4641 ἀσθενείᾳ
836 4569 1399 4641 συγκαταδαινούσης.
1454 4568 1763 4622 Ἀσθένειαν
1810 4565 1868 4620 δὲ
1896 4566 1958 4621 οὐ

289 4663 593 4734 δυνάμεως,
637 4663 774 4718 ἀλλά
824 4665 1198 4737 προαιρέσεώς
1240 4684 1405 4738 φημι.
1455 4664 1724 4735 Καθάπερ
1770 4664 1879 4734 γὰρ
1927 4663 1962 4734 ἡ

292 4760 582 4833 παρθένος,
612 4760 753 4832 μετά
777 4760 876 4835 τὴν
912 4761 1013 4834 τῆς
1042 4761 1341 4831 παρθενίας
1371 4760 1702 4830 ἐπαγγελίαν
1734 4759 1963 4829 διαφθα-

296 4859 472 4928 ρεῖσα,
498 4857 939 4932 μοιχείας’χεῖρον
955 4859 1275 4930 ἐτόλμησεν·
1300 4857 1444 4911 οὕτω
1472 4856 1567 4910 καὶ
1589 4858 1621 4928 ἡ
1645 4858 1794 4930 χήρα
1815 4854 1964 4923 ἅπαξ

292 4954 760 5029 ἐπαγγειλαμένη,
793 4951 913 5011 εἶτα
942 4958 1232 5029 πατήσασα
1259 4957 1358 5020 τάς
1387 4955 1524 5029 πρὸς
1562 4954 1652 5008 τὸν
1674 4953 1805 5008 Θεὸν
1838 4971 1964 5007 συν-

294 5050 490 5122 θήκας,
519 5051 623 5107 ὑπὸ
646 5053 745 5126 τὴν
769 5054 939 5126 αὐτὴν
968 5054 1243 5127 ἁμαρτίαν
1261 5056 1528 5119 πεσεῖται,
1553 5050 1769 5122 καὶτῆς
1793 5050 1965 5121 αὐτῆς

294 5149 449 5204 ῑσται
480 5151 750 5223 τιμωρίας
789 5152 1119 5218 ὑπεύθυνος·
1153 5153 1281 5207 εἰδὲ
1310 5153 1414 5225 χρή
1442 5169 1496 5206 τι
1525 5151 1619 5206 καὶ
1653 5149 1965 5221 θαυμαστὸν

295 5248 491 5313 εἰπεῖν,
542 5252 684 5321 τάχα
728 5256 823 5305 καὶ
866 5250 1049 5323 πολλῷ
1092 5248 1368 5323 μείζονος·
1403 5248 1466 5302 οὐ
1500 5247 1610 5320 γάρ
1641 5249 1791 5301 ἐστιν
1828 5245 1963 5309 ἴσον,

294 5344 433 5416 ὅπερ
458 5347 553 5401 καὶ
572 5348 877 5421 ἀρχόμενος
908 5344 1083 5416 εἷπον,
1112 5349 1213 5421 τήν
1239 5365 1299 5402 τε
1333 5346 1583 5417 ἄπειρον,
1620 5344 1715 5400 καὶ
1743 5343 1841 5415 τὴν
1876 5358 1967 5395 πε-

295 5441 634 5512 πειραμένην
667 5445 780 5507 τοῖς
815 5444 1002 5509 αὐτοῖς
1036 5444 1198 5498 πάλιν
1241 5443 1559 5514 περιπεσεῖν
1612 5439 1961 5513 πειρασμοῖς.

359 5617 382 5684 ξ’
411 5615 545 5684 ςοίὶιλ.
571 5624 883 5684 καῃφιῶσιν.

356 5676 385 5747 ξι
414 5679 562 5747 ξιιχιι.
592 5690 643 5733 ει
664 5676 800 5747 Cblb.
823 5686 903 5733 καί
923 5689 965 5733 οἰ
989 5685 1122 5746 νόμοι
1144 5680 1505 5747 συνεωρακότες.

360 5742 383 5769 ⁸
408 5741 545 5793 Colb.
573 5762 657 5813 παρ
669 5745 956 5795 ισπάσαντο.

902 344 910 352 .
985 293 1042 348 S.
1082 290 1367 347 JOANNIS
1405 283 1893 346 CHRYSOSTOMI
1933 287 2256 345 ARCHIEP.
2298 290 2846 349 CONSTANTINOP.

3602 292 3709 350 6M

2045 400 2155 473 Καὶ
2187 402 2287 455 οὐκ
2319 402 2553 458 ἐνταῦθα
2587 405 2769 475 μόνον,
2811 405 2944 460 ἀλλά
2976 405 3272 479 προειπὼν,
3308 404 3401 461 καὶ
3433 405 3535 462 πάλ
3549 426 3597 460 ιν
3624 404 3713 458 λέ-

2045 507 2176 558 γων,
2212 492 2508 562 Βούλομαι
2528 494 2817 564 νεωτέρας
2846 496 3037 565 χήρας
3052 494 3279 566 γαμεῖν,
3306 496 3708 567 τεκνογονεῖν,

2044 579 2509 646 οἰκοδεσποτεῖν,
2530 581 2627 652 τὴν
2642 584 2821 637 αἰτίαν
2847 583 3187 654 προστίθησι,
3206 585 3275 637 δι’
3299 584 3365 655 ἢν
3392 584 3563 638 ταῦτα
3585 584 3714 656 βού-

2044 665 2215 721 λεται.
2249 667 2344 731 Τίς
2375 668 2431 722 δέ
2457 670 2603 722 ἐστιν
2636 669 2809 742 αῦτης
2837 670 3162 739 Μηδεμίαν,
3186 673 3339 743 φησὶ,
3369 671 3601 726 διδόναι
3633 670 3717 738 τῷ

2044 754 2431 825 ἀντικειμένῳ
2474 757 2754 828 ἀφορμὴν
2794 760 3093 829 λοιδορίας
3126 760 3321 831 χάριν.
3357 761 3574 831 Ἐπειδὴ
3602 761 3715 832 γάρ

2046 843 2248 907 πολλὰς
2279 844 2388 898 τῶν
2428 845 2614 917 χηρῶν
2660 846 2807 911 εἰκὸς
2848 843 2916 919 ἦν
2963 849 3083 902 τότε
3134 849 3570 920 προπετέστερον
3618 848 3716 901 καὶ

2046 931 2437 1002 αύθαδέστερον
2468 933 2545 1004 τῷ
2580 934 2720 1004 μετά
2758 934 2931 988 ταῦτα
2977 936 3277 1007 κεχρῆσθαι
3316 935 3435 1007 βίῳ,
3463 937 3716 1009 καθάπερ

2048 1019 2189 1082 τινὸς
2218 1020 2465 1093 ἀνάγκης
2488 1023 2582 1076 καὶ
2614 1023 2933 1088 δεσποτείας
2962 1023 3059 1094 τῆς
3086 1024 3219 1095 πρὸς
3248 1026 3339 1077 τὸν
3359 1024 3530 1096 ἄνδρα
3554 1022 3718 1089 συζυ-

2047 1104 2171 1173 γίας
2193 1106 2617 1178 ἀπαλλαγείσας,
2643 1110 2718 1175 ώς
2740 1111 2835 1167 καὶ
2858 1112 3098 1182 πονηράν
3125 1111 3533 1166 ἐπισπάσασθαι
3557 1110 3718 1177 δόξαν

2048 1193 2135 1248 διὰ
2160 1195 2258 1266 τῆς
2293 1196 2636 1268 ἰταμότητος,
2663 1199 2893 1267 ἀπάγων
2920 1199 3088 1263 αὐτὰς
3110 1199 3207 1271 τῆς
3235 1199 3479 1272 ὀλεθρίου
3508 1200 3719 1271 ταύτης

2050 1284 2382 1357 ἐλευθερίας,
2415 1287 2574 1340 πάλιν
2622 1288 2715 1342 ἐπὶ
2749 1288 2839 1343 τὸν
2874 1288 3036 1357 ζυγὸν
3068 1289 3190 1357 ἀγει
3222 1288 3312 1341 τὸν
3341 1288 3627 1361 πρότερον.
3654 1290 3719 1344 El

2049 1376 2157 1448 7&9
2181 1378 2361 1449 μέλλοι
2379 1397 2481 1443 τις,
2502 1380 2655 1450 φησί,
2674 1382 2817 1453 χήρα
2832 1376 2967 1435 οῦσα
2985 1381 3159 1454 λάθρα
3178 1381 3460 1455 πορνεύειν
3473 1382 3566 1436 καὶ
3586 1399 3720 1437 κατ⁴

2049 1466 2324 1537 αισχύνειν
2354 1468 2572 1542 ἑαυτὴν,
2612 1470 2791 1540 πολλῷ
2820 1470 3026 1542 βέλτιον
3047 1474 3268 1544 γαμεῖν,
3303 1471 3397 1525 καὶ
3416 1469 3723 1541 μηδεμίαν

2051 1563 2279 1620 διδόναι
2312 1565 2391 1632 τῷ
2431 1567 2815 1639 ἀντικειμένῳ
2841 1568 3125 1640 ἀφορμὴν
3155 1568 3463 1638 λοιδορίας
3495 1567 3675 1638 χάριν
3697 1580 3720 1602 ⁸

2052 1662 2192 1718 ὥστε
2225 1662 2312 1719 διὰ
2344 1667 2405 1719 τὸ
2442 1666 2516 1738 μὴ
2551 1666 2812 1739 παρέχειν
2856 1667 2956 1732 τάς
2998 1667 3255 1739 ἀφορμὰς
3283 1661 3383 1739 τῆς
3423 1666 3721 1738 λοιδορίας,

2053 1763 2145 1816 καὶ
2185 1763 2298 1834 βίον
2331 1764 2658 1836 ἐφύϐριστον
2684 1766 2783 1836 ζῇν
2811 1767 2906 1819 καὶ
2939 1765 3220 1835 πορνικὸν,
3273 1763 3367 1818 τὸν
3406 1767 3585 1836 γάμον
3623 1768 3724 1821 έπ-

2053 1859 2260 1926 έταξεν.
2283 1863 2478 1915 Ἀκουε
2498 1862 2628 1931 γοῦν
2657 1865 2751 1918 καὶ
2778 1864 2877 1917 ὅσα
2896 1862 3075 1917 αὐτῶν
3099 1865 3417 1934 κατηγορεῖ.
3452 1863 3583 1918 Δέον
3608 1864 3723 1937 7&9

2054 1961 2134 2023 εἰς
2175 1959 2483 2031 προσευχὰς
2506 1961 2805 2032 τετράφθαι
2834 1961 2926 2015 τὸν
2951 1961 3165 2016 ἅπαντα
3199 1960 3389 2033 χρόνον
3419 1960 3515 2014 καὶ
3543 1962 3727 2034 ἱκετη-

2057 2059 2179 2130 ρίας
2198 2073 2211 2088 ⁸
2241 2062 2313 2114 Αἰ
2339 2059 2407 2114 δὲ
2427 2099 2440 2122 ,
2475 2061 2628 2132 φησὶ,
2658 2060 2756 2114 καί
2787 2060 2961 2130 ἀργαί
2996 2060 3379 2130 μανθάνουσι
3410 2073 3603 2128 περιεί
3615 2059 3727 2129 χό-

2048 2173 2225 2225 μεναι
2243 2157 2347 2224 τὰς
2363 2157 2583 2224 οἰκίας-θ
2615 2160 2686 2212 οὐ
2708 2160 2901 2227 μόνον
2920 2157 2988 2211 δὲ
3002 2156 3199 2227 ἀργαὶ,
3220 2157 3381 2211 ἀλλὰ
3401 2156 3498 2211 καί
3526 2156 3726 2225 φλύα-

2046 2273 2144 2324 ροι
2157 2254 2253 2309 καὶ
2276 2256 2591 2325 περίεργοι,
2612 2254 2912 2309 λαλοῦσαι
2931 2253 3003 2308 τὰ
3012 2251 3097 2322 μὴ
3115 2251 3350 2306 δέοντα.
3367 2250 3539 2315 Αὐτὸς
3554 2249 3611 2304 δὲ
3626 2250 3729 2323 οὐχ

2053 2348 2196 2404 οὕτω
2221 2349 2489 2421 βούλεται,
2517 2349 2651 2404 ἀλλά
2679 2348 3063 2422 προσηλῶσθαι
3087 2346 3255 2420 αὐτὴν
3285 2346 3579 2411 διαπαντὸς
3611 2348 3730 2411 τοῖς

2058 2448 2447 2513 πνευματικοῖς
2465 2462 2479 2477 ⁸
2516 2446 2587 2501 Ἠ
2606 2445 2714 2516 γὰρ
2730 2443 3126 2506 σπαταλῶσα,
3146 2445 3301 2515 φησὶ,
3324 2443 3480 2503 ζῶσα
3511 2441 3725 2509 τέθνηυ

2056 2560 2182 2597 κεν.
2225 2518 2376 2597 ’ἐπεὶ
2403 2544 2495 2598 καὶ
2518 2542 2614 2614 τὴν
2638 2540 2929 2615 παρθένον,
2953 2540 3015 2594 οὐ
3036 2543 3104 2611 τῇ
3124 2526 3218 2594 ’ὧῦ
3249 2539 3500 2611 σώματος
3531 2540 3733 2611 ἁγνείᾳ

2058 2639 2309 2710 βούλεται
2339 2641 2544 2712 ὁρίζειν
2564 2639 2736 2694 ’τοῦτο
2763 2639 2824 2693 τὸ
2850 2639 3015 2693 καλὸν
3038 2635 3215 2711 [554],
3252 2636 3387 2693 ἀλλὰ
3415 2638 3515 2707 τὴν
3544 2639 3731 2692 πᾶσαν

2058 2740 2253 2813 σχολὴν
2287 2742 2368 2805 εἰς
2410 2739 2509 2813 τὴν
2551 2739 2807 2812 λατρείαν
2852 2738 3169 2794 ἀναλίσκειν
3212 2739 3307 2793 τοῦ
3342 2738 3504 2794 Θεοῦ.
3542 2739 3736 2793 Τοῦτο

2056 2836 2185 2908 γὰρ,
2219 2836 2372 2907 φησί,
2394 2835 2550 2906 λέγω
2576 2836 2740 2906 ὑμῖν,
2764 2837 2879 2905 οὐχ
2897 2836 3000 2890 ἵνα
3015 2836 3250 2906 βρόχον
3272 2834 3416 2906 ὑμῖν
3439 2834 3731 2900 ἐπιϐάλω,

2057 2932 2217 2987 ἀλλὰ
2254 2932 2405 3001 πρὸς
2427 2930 2492 2984 τὸ
2514 2933 2828 3001 εὔσχημον
2851 2931 2949 2986 καὶ
2971 2931 3385 3002 εὐπρόσεδρον
3420 2930 3501 2997 τῷ
3529 2933 3737 2999 Κυρίῳ

2057 3027 2539 3096 ἀπερισπάστως.
2572 3028 2645 3080 Ού
2681 3027 2788 3099 γὰρ
2831 3026 2977 3081 θέλει
3016 3027 3188 3099 αὐτὴν
3221 3028 3569 3100 μερίζεσθαι,
3607 3027 3735 3082 ἀλλ’

2059 3125 2186 3196 ὃλην
2215 3120 2356 3179 εἶναι
2386 3110 2494 3178 τῶν
2529 3124 2919 3196 πνευματικῶν
2957 3124 3048 3180 καὶ⁵
3080 3125 3190 3179 τῶν
3219 3126 3277 3189 ἐν
3316 3127 3430 3190 τοῖς
3454 3126 3734 3198 οὐρανοῖς,

2057 3222 2155 3276 καὶ
2176 3222 2243 3276 τά
2267 3221 2361 3276 τοῦ
2384 3221 2590 3293 Κυρίου
2624 3222 2914 3293 μεριμνᾷν.
2951 3220 3106 3274 Οὕτω
3130 3221 3222 3275 καί.
3248 3220 3346 3293 τὴν
3378 3220 3552 3291 χήραν
3573 3221 3738 3274 πολι-

2058 3317 2310 3372 τεύεσθαι
2344 3319 2597 3389 παραινεῖ
2622 3317 2794 3386 λέγων
2812 3334 2825 3348 ο
2871 3316 2941 3370 Ἡ
2961 3314 3029 3370 δὲ
3049 3315 3232 3382 ὄντως
3244 3314 3401 3386 χήρα
3434 3313 3533 3371 καί
3545 3331 3738 3384 mpo-

2058 3412 2293 3483 νωμένη
2325 3413 2591 3483 ἤλπισεν
2614 3414 2640 3452 ἀ
2670 3412 2768 3467 ἐπὶ
2804 3412 3100 3480 τὸνθεόν,
3131 3412 3227 3466 καί
3256 3410 3583 3481 προσμένει
3598 3409 3739 3477 ταῖς

2060 3509 2340 3577 δεήσεσι,
2380 3509 2479 3565 καί
2507 3509 2649 3578 ςταῖς
2676 3507 3042 3578 προσευχαῖς
3075 3507 3297 3573 νυκτὸς
3338 3507 3436 3561 καί
3481 3505 3743 3576 ἡμέρας.

2062 3606 2231 3661 Ὅταν
2246 3600 2339 3659 οὖν
2357 3603 2457 3676 τὴν
2486 3603 2681 3674 σχολὴν
2697 3603 2764 3675 ἢν
2787 3605 2845 3657 ὲν
2869 3605 2983 3667 τοῖς
3008 3602 3387 3672 εὐαγγελικοῖς
3408 3602 3743 3672 πράγμασιν

2061 3698 2371 3754 ἀναλίσκειν
2420 3698 2550 3772 χρὴ,
2577 3696 2780 3769 ταύτην
2812 3696 2887 3769 μὴ
2937 3696 3098 3767 μόνον
3130 3698 3212 3760 εἰς
3237 3697 3468 3769 περιττά
3508 3695 3604 3749 καὶ
3645 3697 3749 3750 ἀν-

2063 3794 2267 3866 ωφελῆ,
2310 3794 2444 3849 ἀλλά
2477 3794 2573 3848 καὶ
2608 3795 2688 3857 εἰς
2715 3792 2783 3846 τὰ
2830 3792 3031 3864 σφόδρα
3060 3793 3327 3865 ὲπιδλαὸἦ
3359 3792 3510 3865 παρά
3552 3793 3748 3849 πάντα

2064 3890 2343 3945 δαπανῶσι
2372 3889 2463 3943 τὸν
2492 3889 2626 3960 βίον,
2657 3888 2882 3951 εἰκότως
2915 3888 3086 3953 αὑτὰς
3117 3888 3212 3942 ἐπὶ
3243 3889 3334 3942 τὸν
3382 3889 3561 3960 γάμον
3604 3887 3743 3957 ἀγει

2064 3986 2270 4043 λοιπόν.
2293 3984 2557 4055 Καθάπερ
2576 3982 2670 4040 οῦν
2697 3985 2792 4039 καὶ
2832 3985 3109 4050 Ἰουδαίοις
3136 3984 3198 4038 τὸ
3229 3984 3500 4039 σάϐϐατον
3530 3984 3746 4040 ἔδωκεν

2065 4087 2094 4140 ὁ
2120 4085 2275 4151 Θεὸς,
2318 4084 2416 4155 οὐχ
2452 4084 2537 4136 ἵνα
2567 4083 2814 4155 ἀργῶσιν
2846 4082 3054 4150 ἀπλῶς,
3090 4082 3207 4137 ἀλλ’
3239 4083 3326 4136 ἵνα
3349 4081 3457 4135 τῶν
3482 4079 3748 4152 πονηρῶν

2066 4182 2377 4254 ἀπέχωνται
2405 4178 2659 4250 πράξεων
2679 4196 2693 4211 ⁸
2723 4179 2867 4234 οὕτω
2892 4180 2987 4234 καὶ
3016 4181 3050 4251 ή
3078 4180 3144 4251 χή
3155 4196 3222 4251 ρα
3250 4179 3345 4233 καὶ
3374 4179 3407 4249 ἡ
3442 4175 3747 4250 παρθένος,

2066 4280 2166 4351 οὐχ
2194 4279 2283 4334 ἵνα
2306 4276 2494 4341 ἁπλῶς
2526 4278 2600 4350 μὴ
2625 4277 2886 4348 ὁμιλῶσιν
2914 4276 3093 4349 ἀνδρὶ,
3110 4277 3302 4331 τοῦτον
3331 4278 3613 4350 αἱροῦνται
3644 4275 3750 4333 τὸν

2071 4376 2203 4448 βίον,
2230 4375 2344 4429 ἀλλ’
2376 4374 2463 4428 ἵνα
2481 4373 2548 4428 τά
2571 4372 2665 4428 τοῦ
2688 4373 2893 4445 Κυρίου
2924 4372 3284 4445 μεριμνῶσιν,
3317 4373 3406 4427 ἵνα
3426 4373 3486 4440 ἐξ
3510 4372 3751 4445 ὁλοκλή-

2074 4491 2167 4548 ρου
2188 4477 2254 4545 τῇ
2283 4472 2377 4526 τοῦ
2401 4470 2536 4525 Θεοῦ
2567 4483 2590 4511 ο
2621 4471 2887 4542 θεραπεία
2916 4470 3342 4542 προσεδρεύωσι.

2138 4572 2200 4626 δ’.
2218 4571 2346 4637 Ναὶ,
2367 4569 2548 4642 φησίν·
2568 4567 2682 4622 ἀλλ’
2696 4568 2967 4639 ἀφόρητον
2981 4566 3130 4620 ἔσται
3146 4568 3314 4622 κακὸν
3327 4567 3563 4636 γυναῖκα
3571 4558 3759 4623 οὖσαν

2069 4668 2409 4742 πραγμάτων
2437 4666 2662 4740 ἄπειρον
2695 4665 2762 4720 τά
2791 4662 2897 4718 τῶν
2925 4664 3135 4736 ἀνδρῶν
3164 4662 3571 4733 ἀναγκάζεσθαι
3603 4662 3759 4716 ὑπο-

2073 4766 2276 4837 μένειν.
2306 4763 2443 4819 υύτε
2462 4763 2570 4836 7&9
2590 4761 2729 4834 αὐτὴ
2754 4760 3132 4833 μεταχειρίσαι
3151 4759 3462 4832 δυνήσεται,
3485 4757 3760 4831 καθάπερ

2071 4865 2295 4927 ἐκεῖνος,
2320 4862 2415 4916 καὶ
2440 4858 2649 4930 θλίψεις
2682 4858 2789 4913 ἀπὸ
2816 4857 3020 4912 τούτων
3051 4857 3146 4912 καί
3171 4855 3233 4909 τὸ
3266 4855 3442 4910 πάντα
3474 4855 3758 4910 ἀπολέσαι

2070 4960 2322 5031 κερδανεῖ
2357 4957 2536 5031 μόνον.
2576 4952 2704 5029 Ἆρ’
2734 4951 2828 5010 οῦν
2860 4956 3031 5009 πᾶσαι
3062 4953 3118 5006 αἰ
3154 4951 3228 5024 μὴ
3248 4951 3525 5023 δευτέροις
3550 4950 3760 5024 ὁμιλήο

2073 5075 2235 5112 σασαι
2268 5056 2467 5127 γάμοις
2499 5055 2676 5109 πάντα
2707 5051 2997 5107 ἀπώλεσαν
3032 5049 3103 5103 τά
3139 5049 3350 5116 αὐτῶν,
3382 5050 3477 5103 καὶ
3523 5048 3761 5103 πάντων

2070 5151 2348 5217 ἐξέπεσον,
2376 5152 2471 5206 καί
2493 5152 2595 5205 οὐκ
2613 5150 2760 5205 ἐστιν
2784 5149 2911 5203 ἰδεῖν
2940 5150 3175 5219 γυναῖκα
3201 5148 3375 5219 χήραν
3401 5146 3761 5220 πραγμάτιον

2071 5246 2504 5319 προῖσταμένην;
2541 5232 2746 5318 Σκῆψις
2782 5245 2956 5300 ταῦτα
2989 5246 3083 5299 καὶ
3111 5242 3385 5316 πρόφασις
3414 5242 3510 5298 καὶ
3534 5243 3642 5314 τῆς
3672 5246 3763 5298 oi-

2073 5345 2227 5409 κείας
2245 5344 2529 5409 ἀσθενείας
2550 5342 3014 5416 προκαλύμματα.
3043 5341 3243 5396 Πολλαί
3265 5340 3376 5412 7&9
3396 5339 3508 5394 τῶν
3530 5338 3762 5412 ἀνδρῶν

2073 5440 2444 5513 γενναιότερον
2470 5440 2563 5493 καὶ¹
2584 5438 2759 5502 οἰκίας
2784 5438 3147 5511 προέστησαν,
3178 5438 3272 5492 καὶ
3300 5436 3497 5501 παῖδας
3523 5434 3763 5510 ἐξέθρε-

2114 5590 2117 5595 l
2136 5614 2161 5656 δ
2186 5616 2322 5669 Colb.
2345 5619 2558 5675 ἤλπισεν.

2142 5685 2164 5712 '
2190 5680 2325 5732 Colb.
2351 5677 2435 5728 τοῦ
2459 5679 2651 5743 Κυρίου.
