3944 6202
174 240 270 296 613

94 380 103 397 ,
171 341 408 401 gemunt.
443 331 599 408 Quod
620 331 664 386 si
693 341 945 402 praeterea
973 330 1155 402 pupilli
1181 331 1448 399 aﬂ'uerint,
1477 333 1521 387 si
1547 334 1756 411 quidem

172 426 325 480 valde
349 424 507 494 pueri
551 425 656 479 sint
679 465 696 491 ,
727 439 972 493 magnum
997 424 1065 479 ab
1091 425 1156 480 iis
1178 466 1193 489 ,
1224 425 1313 494 qui
1348 426 1413 479 de
1438 425 1598 479 rebus
1617 424 1762 494 judi-

172 534 289 571 care
330 527 543 586 queunt
566 555 583 580 ,
617 516 671 573 in
696 525 918 570 matrem
948 514 1129 569 odium
1170 515 1404 570 excitant
1434 531 1447 568 :
1479 515 1559 570 sin
1587 523 1762 570 autem

176 609 448 680 puberes,
507 616 748 672 tantam,
801 618 1054 677 quantam
1107 608 1196 661 vix
1244 607 1386 661 aliud
1437 608 1761 677 quidquam,

176 700 479 754 molestiam
496 707 829 769 comparant.
846 698 973 767 Qua:
989 698 1201 769 quidem
1223 700 1400 754 omnia
1416 714 1538 754 cum
1556 698 1766 769 legisla-

176 803 315 848 tores
339 790 857 857 animadverterent,
875 800 929 845 et
941 805 1055 857 eos,
1072 792 1163 862 qui
1185 799 1463 861 propterea
1478 801 1763 862 anguntur,

176 883 448 939 consolari
473 882 694 949 vellent,
715 891 769 936 et
796 882 953 937 simul
978 881 1059 936 sui
1082 880 1206 937 facti
1233 881 1493 936 rationem
1520 880 1764 947 reddere,

177 973 314 1044 quod
361 987 480 1027 non
519 987 587 1029 ex
630 972 902 1044 proposito
946 972 1032 1028 vel
1072 987 1137 1028 ex
1182 972 1423 1044 professo
1467 972 1768 1042 hujusmodi

178 1064 584 1118 matrimonium
611 1064 985 1130 instituerent,
1014 1064 1110 1119 sed
1135 1073 1335 1118 tantum
1360 1072 1507 1119 metu
1530 1062 1764 1128 adducti,

180 1170 242 1220 ne
304 1155 534 1225 gravius
588 1154 802 1223 aliquod
859 1156 1052 1209 malum
1107 1156 1438 1221 exsisteret,
1509 1153 1771 1209 secundas

179 1249 393 1317 nuptias
421 1247 572 1302 omni
598 1248 687 1302 illa
712 1246 985 1319 splendida
1008 1263 1200 1318 pompa
1227 1248 1523 1317 Spoliarunt
1555 1264 1568 1300 :
1600 1261 1773 1315 neque

182 1340 319 1395 enim
348 1339 485 1395 tibia
508 1379 524 1405 ,
552 1354 727 1409 neque
749 1339 987 1409 plausus,
1015 1354 1189 1408 neque
1226 1340 1533 1409 hymenaeus
1556 1378 1571 1403 ,
1601 1350 1774 1407 neque

183 1432 396 1488 chorea:
420 1474 438 1498 ,
474 1447 649 1502 neque
673 1446 885 1486 corona:
914 1432 1173 1501 nuptiales
1199 1472 1213 1496 ,
1246 1445 1421 1500 neque
1446 1429 1587 1484 aliud
1616 1428 1772 1500 quid-

183 1523 323 1593 piam
350 1523 619 1592 ejusmodi
646 1538 921 1593 vesperam
949 1522 1089 1576 illam
1116 1531 1328 1585 ornant,
1346 1520 1439 1576 sed
1467 1520 1582 1575 hinc
1597 1519 1775 1576 omnia

184 1613 533 1680 auferentes,
582 1615 660 1668 sic
709 1628 816 1668 non
864 1620 1176 1668 coronatum
1221 1612 1391 1667 virum
1443 1611 1509 1666 ad
1560 1610 1775 1665 viduam

187 1707 471 1762 mulierem
515 1705 830 1759 adducunt:
864 1713 1064 1759 tantum
1111 1719 1220 1759 non
1263 1720 1358 1774 per
1384 1704 1498 1759 haec
1538 1704 1777 1759 claman-

191 1805 304 1864 tes,
333 1813 461 1867 qua:
506 1796 639 1851 liunt
665 1796 841 1851 omnia
886 1808 1006 1851 esse
1044 1795 1258 1866 quidem
1296 1794 1557 1865 ejusmodi
1583 1793 1781 1865 quibus

191 1890 340 1942 venia
370 1888 555 1955 detur,
587 1888 683 1943 sed
706 1887 970 1954 laudibus,
993 1887 1226 1952 coronis,
1261 1887 1530 1956 plausibus
1558 1886 1779 1942 minime

190 1979 367 2050 digna.

262 2075 323 2127 ὃ.
366 2071 472 2126 Cur
491 2069 692 2126 Paulus
712 2070 945 2141 iuniores
969 2068 1147 2123 viduas
1175 2067 1360 2123 nubere
1394 2068 1526 2123 velit.
1570 2097 1642 2109 ——
1675 2064 1784 2121 Cur

192 2163 379 2233 igitur,
412 2163 583 2226 dices,
613 2161 811 2217 Paulus
842 2160 1086 2230 prohibet
1109 2202 1127 2227 ,
1155 2176 1223 2215 ne
1243 2160 1512 2230 iuniores,
1538 2158 1699 2214 etiam
1738 2158 1783 2212 si

191 2257 394 2321 velint,
450 2255 623 2309 viduae
662 2253 954 2308 maneant?
995 2252 1065 2306 ita
1120 2252 1262 2306 enim
1306 2251 1491 2306 scribit
1539 2267 1553 2305 :
1593 2249 1782 2303 Adole-

192 2348 468 2402 scentiores
510 2355 679 2399 autem
726 2344 903 2398 viduas
943 2342 1106 2398 devita
1156 2344 1234 2413 (l.
1271 2341 1407 2400 Tim.
1437 2342 1491 2397 5.
1530 2340 1636 2412 ll).
1668 2340 1784 2394 Non

196 2452 322 2494 sane
346 2436 553 2492 Paulus
595 2436 975 2507 impedimento
1007 2445 1107 2500 est,
1137 2433 1422 2504 quominus
1446 2448 1568 2503 quae
1603 2432 1789 2487 volunt

196 2529 567 2599 virginitatem
587 2535 822 2592 servent,
854 2525 948 2582 sed
975 2526 1105 2595 ipsa:
1134 2525 1310 2595 potius
1338 2531 1481 2589 sunt,
1504 2537 1623 2592 qua:
1653 2522 1791 2576 Pau-

196 2620 303 2677 lum
333 2635 406 2676 eo
434 2618 777 2675 necessitatis
800 2617 1129 2687 adegerunt,
1169 2626 1226 2671 ut
1267 2623 1462 2686 praeter
1501 2612 1664 2686 animi
1706 2611 1789 2667 sui

197 2713 523 2769 sententiam
551 2710 689 2766 hanc
714 2710 845 2781 ipsis
872 2710 1044 2780 legem
1064 2708 1249 2764 ferret.
1271 2708 1403 2763 Nam
1431 2708 1477 2762 si
1506 2704 1653 2762 Pauli
1669 2719 1793 2759 sen-

200 2805 423 2859 tentiam
453 2803 537 2857 vis
566 2816 906 2872 cognoscere,
933 2800 1056 2855 audi
1083 2799 1208 2871 quid
1233 2799 1420 2870 dicat:
1458 2798 1586 2853 Volo
1621 2813 1793 2852 omnes

204 2894 433 2948 homines
460 2908 571 2946 esse
596 2894 727 2946 sicut
762 2892 1006 2960 meipsum
1030 2890 1077 2963 (l
1093 2929 1107 2943 .
1130 2890 1250 2944 Cor.
1280 2892 1332 2945 7.
1351 2888 1407 2963 7)
1432 2907 1446 2942 :
1479 2889 1530 2943 id
1550 2898 1633 2944 est
1658 2903 1791 2943 con-

208 2987 489 3042 tiuentiam
514 2999 751 3040 servare.
781 2983 1140 3052 Quamobrem
1168 2998 1275 3038 non
1315 2982 1417 3038 sibi
1457 2983 1557 3053 ipsi
1604 2982 1796 3037 adver-

209 3087 354 3134 satur
384 3078 580 3131 beatus
600 3076 710 3141 ille,
744 3090 919 3145 neque
946 3075 1087 3130 inter
1127 3089 1185 3130 se
1225 3076 1510 3146 pugnantia
1545 3074 1795 3141 loquitur,

215 3183 310 3223 nec
337 3168 429 3238 qui
473 3168 604 3222 velit
641 3182 830 3223 omnes
877 3158 1121 3221 homines
1165 3165 1344 3220 colere
1391 3165 1796 3230 continentiam,

215 3257 458 3311 obstaret
483 3271 593 3327 quo
633 3256 810 3313 minus
840 3271 957 3326 qua:
984 3255 1170 3310 volunt
1195 3253 1366 3309 vidua:
1394 3262 1661 3310 maneant.
1692 3253 1801 3309 Cur

218 3364 343 3421 ergo
367 3349 538 3405 dicit:
564 3348 988 3404 Adolescentiores
1008 3358 1174 3402 autent
1195 3347 1370 3402 viduas
1386 3346 1551 3402 devita
1568 3347 1642 3416 (ί.
1666 3346 1800 3400 Tim.

222 3443 273 3497 5.
301 3443 393 3512 ιι)
415 3442 441 3494 7
460 3442 547 3497 die
570 3456 665 3497 cur
690 3451 744 3498 et
769 3457 870 3511 qua
898 3440 965 3495 de
991 3455 1171 3495 causa.
1201 3439 1317 3495 Non
1356 3439 1500 3493 enim
1521 3439 1622 3493 ista
1647 3437 1805 3493 abso—

220 3533 327 3587 lute
356 3532 620 3602 protulit,
652 3532 746 3586 sed
773 3546 988 3587 causam
1014 3530 1258 3600 adiunxit
1283 3548 1296 3584 :
1322 3528 1450 3584 Cum
1482 3531 1613 3583 enim
1649 3529 1799 3584 luxu-

221 3628 364 3678 riatte
381 3624 577 3694 fuerint
602 3624 653 3678 in
684 3623 903 3689 Christo,
937 3623 1119 3678 nubere
1138 3624 1328 3677 volunt.
1362 3622 1520 3679 Vides
1546 3638 1651 3677 non
1690 3637 1803 3687 eas,

221 3731 342 3786 qu
370 3716 684 3770 viduitatem
711 3730 931 3770 servare
959 3715 1163 3779 volunt,
1188 3714 1282 3769 sed
1309 3730 1427 3784 qua:
1458 3724 1733 3784 postquam
1753 3713 1807 3767 in

222 3809 538 3863 viduitatem
581 3807 912 3872 inciderunt,
950 3807 1256 3862 nubendum
1292 3806 1394 3862 sibi
1431 3815 1699 3873 statuunt,
1741 3804 1809 3860 ab

220 3902 316 3956 illo
345 3900 619 3970 prohiberi
649 3915 717 3954 ne
742 3898 913 3954 viduae
943 3910 1213 3965 maneant,
1244 3913 1378 3953 neve
1417 3897 1470 3953 in
1501 3913 1710 3953 sacrum
1741 3897 1808 3952 il-

224 3991 333 4045 lum
357 3991 589 4046 chorum
613 3989 976 4056 admittantnr,
1008 3990 1164 4059 idque
1193 3989 1346 4045 valde
1369 3988 1654 4059 sapienter.
1678 3987 1811 4044 Nam

224 4086 269 4139 si
310 4084 474 4139 alteri
513 4083 856 4138 matrimonio
893 4083 1140 4153 illiganda
1190 4098 1271 4149 es,
1326 4098 1498 4153 neque
1547 4082 1814 4153 spondere

226 4178 386 4233 etiam
414 4177 730 4231 viduitatem
761 4175 942 4231 debes.
971 4175 1102 4230 Nam
1124 4184 1244 4246 post
1273 4175 1677 4245 promissionem
1700 4190 1810 4229 mu.

234 4276 341 4321 tare
355 4267 682 4321 sententiam
698 4268 851 4336 longe
867 4265 1100 4320 deterius
1121 4274 1221 4327 est,
1236 4282 1392 4336 quam
1411 4281 1583 4337 neque
1598 4267 1815 4321 omnino

238 4357 572 4427 promittere.
619 4354 1080 4422 Quemadmodum
1126 4356 1282 4425 igitur
1323 4356 1590 4411 assiduam
1635 4355 1816 4410 liberis

240 4464 451 4516 operam
480 4448 617 4503 dare
641 4448 900 4516 permisit,
929 4462 1033 4500 non
1063 4446 1235 4517 legem
1275 4455 1533 4514 statuens,
1567 4448 1658 4502 sed
1688 4448 1815 4518 ipsis
1876 4440 1889 4451 ’

243 4539 518 4610 indulgens
549 4557 565 4593 :
597 4540 679 4595 sic
703 4539 844 4595 enim
874 4539 1064 4610 inquit,
1084 4537 1197 4593 Hoc
1217 4550 1384 4593 autem
1404 4540 1519 4592 dico
1546 4539 1818 4593 secundum

237 4632 626 4704 indulgentiam,
649 4648 750 4685 non
784 4632 1055 4705 secundum
1084 4632 1371 4697 imperium,
1404 4641 1607 4702 praptcr
1640 4632 1818 4686 incon—

242 4728 501 4778 tinentiam
527 4734 744 4778 vestram
775 4724 852 4797 (Ι.
884 4723 1003 4778 Cor.
1031 4725 1085 4779 7.
1108 4721 1165 4791 6)
1196 4741 1209 4776 :
1253 4724 1322 4778 ita
1366 4724 1465 4778 hoc
1506 4725 1665 4779 etiam
1702 4725 1821 4780 loco

238 4816 497 4885 gravioris
519 4814 650 4868 mali
675 4824 819 4869 metu
836 4814 1125 4869 secundum
1150 4813 1380 4868 instituit
1403 4814 1818 4881 matrimonium,

239 4906 531 4961 ostendens
559 4905 664 4961 hoc
690 4921 900 4977 quoque
929 4904 1266 4975 indulgentia:
1293 4920 1411 4961 esse
1443 4904 1509 4959 ad
1535 4904 1821 4960 multorum

242 4996 607 5053 inﬁrmitatem
638 5012 758 5053 sese
780 4996 1251 5052 accommodantis.
1266 4996 1629 5053 Infirmitatem
1648 5007 1823 5052 autem

241 5089 365 5145 dico
392 5104 500 5143 non
532 5089 806 5158 potentiae,
842 5087 936 5143 sed
972 5088 1281 5143 voluntatis.
1308 5087 1440 5142 Nam
1476 5087 1826 5158 quemadmo-

243 5181 369 5235 dum
397 5181 573 5250 virgo,
599 5179 646 5233 si
673 5187 793 5249 post
819 5180 1136 5249 promissam
1166 5178 1521 5248 virginitatem
1559 5193 1618 5234 se
1641 5178 1825 5233 violari

244 5274 454 5341 siverit,
477 5272 684 5329 facinus
708 5272 970 5327 adulterio
998 5272 1211 5343 gravius
1245 5274 1566 5342 perpetravit
1612 5289 1627 5325 :
1660 5272 1731 5327 ita
1774 5281 1828 5326 et

247 5368 426 5432 vidua,
454 5383 577 5438 qua:
599 5367 762 5423 semel
785 5367 1046 5438 promisit,
1079 5367 1123 5421 si
1150 5366 1343 5424 deinde
1368 5369 1667 5438 pactionem
1708 5382 1828 5423 cum

251 5457 359 5513 Deo
388 5458 587 5513 factam
624 5459 940 5515 conculcans
968 5459 1155 5515 eodem
1199 5458 1424 5517 crimine
1460 5458 1825 5529 se'polluerit,

252 5548 425 5605 eidem
457 5563 671 5619 quoque
695 5550 953 5620 supplicio
970 5550 1198 5607 obnoxia
1226 5559 1326 5616 est,
1370 5566 1432 5607 ac
1468 5549 1605 5605 forte
1645 5551 1827 5616 etiam,

254 5644 297 5695 si
335 5643 462 5699 licet
499 5643 693 5698 mirum
728 5642 973 5712 quiddam
1015 5645 1228 5713 dicere,
1270 5645 1424 5717 longe
1460 5642 1670 5711 majori.
1712 5641 1827 5698 Non

1276 241 1360 293 DE
1400 241 1535 294 NON
1576 241 1920 297 I'l'Eli.\NDO
1960 242 2308 301 CONJUGIO.

3350 254 3451 306 (illi

1875 336 2013 389 etaim
2045 337 2182 391 idem
2225 348 2328 401 est,
2361 347 2416 391 ut
2454 339 2604 393 initio
2640 339 2897 408 dicebam,
2950 342 3249 414 imperitam
3296 354 3454 414 atque

1872 430 2095 496 usujam
2124 429 2366 484 eductam
2416 431 2603 486 iisdem
2656 435 3003 490 succumbere
3054 435 3455 491 tcutationibus.

1872 517 2053 588 Neque
2078 535 2206 574 vero
2237 520 2339 574 hoc
2368 521 2484 576 loco
2511 522 2807 591 dumtaxat,
2831 525 2922 579 sed
2945 518 3103 580 ctiam
3135 528 3291 596 paulo
3314 536 3455 598 post,

1872 621 1992 661 cum
2020 608 2132 663 lucc
2166 611 2529 680 praemisisset,
2562 611 2688 667 Volo
2732 630 2821 685 ego
2852 616 3085 686 juniores
3130 616 3307 672 viduas
3358 634 3456 672 nu-

1872 698 2003 765 bere,
2035 703 2168 770 ﬁlios
2188 692 2470 771 procreare,
2503 715 2687 759 matres
2718 708 2940 776 familias
2979 724 3084 763 esse
3110 708 3189 781 (Ι.
3226 707 3362 763 Tim.
3403 709 3458 764 5.

1875 791 1988 864 14),
2015 808 2227 847 causam
2256 794 2453 860 subdit,
2488 810 2584 850 cur
2608 797 2746 851 istud
2774 798 2915 852 velit.
2946 798 3076 867 Qua:
3101 815 3163 855 ea
3180 802 3293 856 est?
3326 799 3461 856 Nul-

1875 884 1997 948 lam,
2024 884 2214 955 inquit,
2246 887 2558 940 occasionem
2586 888 2707 941 dare
2741 888 3029 944 adversario
3062 890 3317 945 maledicti
3342 908 3463 964 gra-

1875 974 1965 1026 tia.
1994 974 2124 1027 Nam
2151 976 2401 1045 quoniam
2431 978 2719 1033 verisimile
2753 988 2836 1033 est
2890 980 3082 1036 multas
3114 996 3178 1037 eo
3222 992 3464 1052 tempore

1876 1064 2060 1118 viduas
2088 1074 2209 1134 post
2239 1066 2336 1119 viri
2358 1066 2562 1121 obitum
2594 1069 2860 1137 licentius,
2892 1072 3167 1142 magisque
3204 1073 3465 1129 arbitratu

1877 1171 1975 1210 suo
2000 1157 2182 1212 vivere
2208 1157 2416 1225 solitas,
2442 1174 2470 1212 a
2497 1159 2595 1213 viri
2623 1161 2897 1225 societate,
2917 1161 3067 1230 quasi
3085 1177 3114 1215 a
3149 1164 3469 1218 necessitate

1878 1246 2104 1315 quadam
2134 1262 2196 1303 ac
2225 1247 2521 1315 dominatu,
2550 1248 2764 1315 liberas,
2796 1251 2865 1305 ita
2893 1261 2947 1305 ut
2986 1252 3325 1322 impudentia:
3367 1268 3468 1308 no—

1881 1339 2022 1393 mine
2059 1340 2252 1395 malam
2300 1341 2367 1396 de
2413 1357 2471 1397 se
2515 1343 2820 1412 opinionem
2870 1343 3140 1413 aderrcnt,
3192 1345 3466 1400 abducens

1881 1431 2022 1501 ipsas
2051 1433 2118 1488 ab
2146 1433 2243 1489 hac
2274 1436 2517 1503 pestifera
2548 1436 2813 1504 libertate,
2843 1454 3029 1493 rursus
3070 1441 3137 1492 ad
3184 1439 3466 1508 pristinum

1877 1522 2059 1592 jngum
2088 1524 2321 1579 adducit.
2352 1525 2483 1603 Nam
2506 1527 2574 1593 si,
2608 1527 2798 1596 inquit,
2834 1528 3063 1583 futurum
3092 1539 3174 1584 est
3204 1541 3260 1583 ut
3292 1529 3467 1585 vidui-

1885 1622 2043 1668 tatem
2073 1630 2182 1684 pru:
2208 1631 2267 1670 se
2294 1615 2472 1671 ferens
2498 1620 2759 1687 quaepiam
2795 1618 2929 1672 clam
2961 1619 3247 1674 fornicatur
3270 1635 3333 1674 ac
3379 1634 3469 1674 se-

1892 1704 2059 1774 ipsam
2081 1705 2393 1774 dedecoret,
2419 1708 2574 1778 longe
2594 1709 2762 1763 satius
2789 1708 3009 1774 nubere,
3043 1724 3103 1764 ac
3132 1708 3348 1764 Nullam
3386 1724 3474 1763 oc-

1885 1795 2134 1848 casionem
2164 1796 2286 1850 dare
2308 1796 2592 1851 adversario
2611 1797 2868 1852 maledicti
2886 1800 3069 1869 gratia.
3088 1799 3473 1868 Quamobrem,

1886 1901 1954 1940 ne
1980 1887 2291 1942 occasiones
2321 1888 2620 1943 maledictis
2650 1888 2800 1957 dent,
2831 1904 2893 1945 ac
2913 1890 3076 1944 vitam
3113 1889 3472 1946 mcretriciant

1887 1979 2327 2049 contumeliisque
2348 1980 2632 2034 obnoxiam
2673 1990 2853 2051 agant,
2896 1981 3291 2037 matrimonium
3341 1997 3477 2051 pm:-

1887 2070 2035 2140 cipit.
2063 2069 2197 2125 Audi
2222 2080 2351 2141 quot
2375 2081 2633 2141 praeterea
2659 2073 2764 2126 sint
2791 2087 2909 2142 qua:
2935 2072 3062 2142 ipsis
3102 2074 3229 2127 vitio
3270 2080 3463 2127 vertat.

1888 2162 2020 2218 Nam
2048 2177 2169 2219 cum
2217 2162 2476 2218 deberent
2515 2176 2674 2218 omne
2716 2178 2871 2217 suum
2911 2173 3116 2232 tempus
3147 2162 3478 2218 orationibus

1890 2264 1943 2311 et
1967 2254 2439 2324 supplicationibus
2462 2254 2681 2319 instare,
2708 2255 2822 2308 ista:
2846 2268 2996 2322 vero,
3024 2253 3214 2324 inquit,
3247 2251 3316 2307 Et
3342 2255 3474 2307 otio-

1891 2362 1961 2401 sa:
1987 2346 2185 2401 discunt
2213 2346 2477 2400 circumire
2504 2346 2712 2409 domos;
2740 2360 2840 2398 non
2878 2345 3041 2399 solum
3067 2346 3270 2414 otiosaz,
3297 2344 3386 2398 sed
3429 2351 3479 2398 ct

1892 2439 2128 2504 verbosis,
2156 2448 2202 2493 et
2227 2439 2461 2504 curiosae,
2494 2438 2747 2507 loquentes
2766 2453 2878 2507 quas
2911 2454 3009 2491 non
3047 2447 3240 2507 oportet
3277 2435 3381 2509 (Ib.
3425 2452 3475 2490 υ.

1895 2530 2009 2600 15).
2042 2529 2170 2584 Haec
2199 2544 2325 2584 vero
2351 2526 2455 2599 ipsi
2479 2529 2698 2582 minimc
2726 2527 3036 2597 probantur,
3066 2526 3161 2582 sed
3203 2526 3314 2581 vult
3358 2540 3482 2596 pcr-

1896 2628 2058 2690 pctuo
2082 2620 2269 2674 afﬁxas
2290 2634 2410 2675 esse
2429 2617 2590 2674 rebus
2618 2617 2996 2688 spiritualibus.
3024 2615 3164 2670 Nam
3190 2632 3303 2686 quia
3323 2617 3375 2670 in
3394 2616 3484 2675 de-

1897 2711 2026 2764 liciis
2081 2718 2173 2778 est,
2228 2710 2415 2781 inquit,
2468 2709 2635 2764 vivens
2690 2717 2889 2764 mortua
2931 2718 3002 2764 est
3035 2708 3113 2781 (1.
3146 2707 3279 2763 Tim.
3311 2709 3364 2762 5.
3389 2709 3480 2779 6);

1897 2800 2323 2873 quandoquidem
2368 2810 2420 2856 et
2465 2800 2718 2872 virginem
2768 2800 2936 2870 ipsam
2973 2799 3086 2854 vult
3132 2799 3331 2854 bonum
3379 2797 3485 2855 hoc

1900 2907 2053 2948 suum
2084 2907 2189 2946 non
2216 2891 2455 2961 corporis
2481 2891 2723 2946 castitate
2749 2889 2988 2955 definire,
3037 2888 3134 2944 sed
3173 2889 3484 2945 universum

1901 2985 2065 3039 otium
2087 2999 2240 3039 suum
2272 2983 2380 3038 Deo
2406 2997 2742 3048 consecrare,
2781 2992 2939 3052 atque
2979 2982 3054 3037 illi
3093 2994 3350 3052 perpetuo
3391 2981 3488 3037 de-

1903 3077 2125 3132 servire.
2182 3075 2256 3130 Ita
2308 3076 2450 3131 enim
2489 3074 2674 3130 scribit
2715 3092 2730 3130 :
2780 3074 2942 3128 Patro
2978 3076 3072 3129 hoc
3117 3074 3186 3127 ad
3221 3074 3489 3128 utilitatem

1904 3178 2118 3222 vestram
2144 3166 2277 3234 dico,
2304 3183 2405 3220 non
2434 3176 2487 3220 ut
2508 3166 2741 3237 laqueum
2768 3165 2905 3219 vobis
2934 3166 3180 3237 iujiciam,
3213 3164 3300 3220 sed
3323 3165 3392 3218 ad
3409 3166 3487 3233 id,

1905 3259 2041 3330 quod
2066 3258 2329 3313 honestum
2351 3266 2443 3325 est,
2462 3264 2508 3311 et
2531 3255 2666 3328 quod
2701 3256 2992 3329 facultatem
3020 3255 3234 3327 prtcbeat
3257 3257 3364 3310 sine
3387 3255 3488 3311 im-

1909 3350 2191 3420 pedimento
2225 3346 2493 3402 Dominum
2520 3346 2813 3401 obsecrandi
2845 3345 2921 3418 (ι.
2963 3346 3080 3403 Cor.
3122 3347 3175 3401 ⁸1.
3214 3347 3328 3417 55).
3374 3345 3525 3417 Non.

1908 3440 2051 3497 enim
2081 3440 2249 3510 ipsam
2290 3439 2483 3509 patitur
2527 3438 2748 3493 divisam
2788 3453 2929 3504 esse,
2977 3438 3074 3494 sed
3121 3447 3284 3492 totam
3331 3437 3494 3494 rebus

1910 3532 2277 3603 spiritualibus
2308 3546 2371 3587 ac
2397 3531 2696 3587 czelestibus
2728 3532 2932 3586 interere
2959 3531 3092 3597 vult,
3132 3538 3188 3587 et
3228 3546 3348 3601 quae
3384 3530 3495 3586 Do-

1913 3626 2040 3680 mini
2069 3635 2194 3681 sunt
2220 3639 2431 3680 curare.
2462 3623 2542 3678 Ad
2570 3623 2812 3679 eamdem
2841 3624 2961 3678 vitre
2989 3624 3248 3678 rationem
3280 3621 3494 3679 viduam
3570 3672 3583 3683 ,

1912 3710 2124 3787 quoque
2149 3726 2321 3782 vocat,
2361 3715 2545 3771 dicens
2574 3733 2589 3772 :
2619 3715 2747 3782 Qua:
2782 3725 2949 3768 autem
2986 3731 3099 3769 uere
3132 3713 3286 3768 vidua
3321 3722 3416 3782 est,
3451 3722 3500 3769 et

1914 3806 2140 3861 desolata
2184 3805 2402 3875 speravit
2440 3806 2494 3860 in
2527 3804 2727 3869 Deum,
2783 3815 2829 3860 et
2874 3806 3027 3859 instat
3076 3804 3499 3860 obsecrationibus

1915 3910 1965 3953 et
2005 3898 2315 3954 orationibus
2354 3907 2495 3953 nocte
2536 3907 2584 3953 et
2631 3899 2713 3952 die
2739 3898 2834 3969 (1.
2877 3897 3008 3952 Tim.
3050 3898 3104 3953 5.
3149 3896 3225 3970 5).
3274 3895 3500 3965 Quando

1917 3992 2077 4060 igitur
2102 3992 2303 4057 otium,
2346 3989 2487 4060 quod
2519 3990 2570 4044 in
2610 3989 2928 4060 evangelicis
2970 3989 3195 4060 negotiis
3223 3986 3499 4043 insumen-

1918 4082 2044 4137 dum
2093 4090 2238 4146 erat,
2286 4080 2340 4136 id
2381 4096 2489 4135 non
2536 4080 2694 4135 modo
2733 4080 2786 4134 in
2829 4079 2987 4135 rebus
3028 4076 3368 4148 supervacuis
3420 4084 3503 4131 at-

1919 4188 2022 4244 que
2060 4172 2364 4235 inutilibus.
2412 4171 2506 4228 sed
2543 4173 2701 4226 etiam
2727 4156 2879 4225 valde
2918 4171 3094 4225 noxiis
3121 4176 3375 4238 perpetuo
3398 4165 3503 4219 im-

1922 4264 2187 4334 pendunt;
2207 4265 2399 4318 merito
2422 4263 2488 4317 ad
2519 4263 2910 4317 matrimonium
2942 4277 3033 4316 cas
3062 4274 3245 4316 rursus
3266 4257 3500 4314 adducit.

1921 4355 2053 4411 Nam
2079 4353 2524 4427 quemadmodum
2550 4352 2748 4409 ludatis
2776 4353 3051 4409 sabbatum
3080 4351 3300 4408 dederat
3324 4350 3466 4407 Dens
3487 4392 3506 4418 ,

1923 4469 2027 4510 non
2056 4459 2112 4503 ut
2140 4449 2436 4504 otiarentur
2461 4446 2754 4511 dumtaxat,
2787 4444 2880 4501 sed
2905 4452 3013 4499 uta
3056 4443 3298 4516 turpibus
3336 4443 3507 4499 actio-

1925 4545 2081 4600 nibus
2102 4541 2429 4597 abstinerent
2459 4557 2473 4594 :
2501 4539 2572 4592 ita
2600 4536 2778 4602 vidua,
2819 4545 2873 4593 et
2903 4535 3054 4608 virgo
3073 4578 3089 4604 ,
3128 4552 3233 4591 non
3279 4543 3336 4589 ut
3383 4534 3510 4590 viris

1927 4651 2033 4692 non
2060 4635 2404 4696 misceantur,
2433 4631 2568 4686 hanc
2592 4629 2691 4685 sibi
2718 4628 2956 4700 deligunt
2985 4628 3170 4693 vitam,
3212 4625 3306 4681 Sed
3354 4636 3413 4681 ut
3447 4639 3508 4681 ea

1928 4744 2046 4798 qum
2068 4725 2279 4782 Domini
2301 4733 2426 4780 sunt
2451 4732 2656 4787 curent,
2685 4731 2843 4793 atque
2862 4736 2920 4776 se
2951 4730 3088 4775 totas
3112 4720 3163 4773 in
3195 4706 3284 4774 Dei
3311 4719 3508 4774 cultum

1927 4819 2224 4876 conferant.

2000 4911 2054 4965 4.
2097 4910 2238 4964 Num
2266 4908 2455 4979 possint
2502 4904 2667 4960 viduis
2702 4902 2924 4958 subsidio
2966 4901 3185 4954 virorum
3223 4914 3412 4954 carere.
3441 4927 3513 4939 ——

1932 5004 2006 5069 Ita
2032 5016 2181 5068 sane,
2214 5000 2416 5070 inquiet
2455 4997 2663 5065 aliquis.
2704 4993 2900 5048 Verum
2942 4989 3277 5046 intolerabile
3317 4988 3510 5042 malum

1932 5097 2054 5159 erit,
2082 5094 2358 5149 mulierem
2380 5091 2526 5146 nullo
2555 5102 2733 5143 rerum
2757 5100 2852 5140 usu
2898 5087 3124 5154 peritam
3167 5097 3249 5148 ea,
3282 5094 3402 5151 qua:
3445 5078 3513 5135 ad

1931 5187 2077 5242 viros
2106 5185 2391 5256 pertinent,
2430 5180 2609 5235 subire
2646 5177 2803 5247 cogi:
2844 5189 3016 5244 neque
3051 5172 3191 5228 enim
3233 5172 3344 5241 ipsa
3381 5182 3511 5241 per-

1935 5278 2059 5334 inde
2111 5286 2268 5344 atque
2296 5273 2384 5327 ille
2415 5277 2641 5325 tractare
2685 5278 2844 5337 atque
2884 5263 3257 5320 administrare
3293 5276 3381 5317 res
3421 5276 3517 5331 pu-

1936 5370 2092 5434 tcrit;
2114 5376 2273 5436 atque
2307 5365 2428 5418 hinc
2458 5361 2587 5417 nibil
2614 5359 2755 5414 aliud
2784 5355 3103 5422 lucrabitur,
3143 5369 3301 5425 quam
3341 5351 3515 5409 {ortu-

1936 5476 2123 5517 narum
2166 5458 2392 5512 ruinam.
2423 5455 2564 5525 Ergo
2604 5454 2950 5522 qumcumque
2973 5461 3004 5501 a
3029 5446 3278 5502 secundis
3320 5443 3520 5514 nuptiis

1938 5554 2348 5611 abhorruerunt,
2388 5546 2565 5600 omnia
2614 5557 2707 5600 sua
2758 5553 2969 5611 pessum
3015 5536 3291 5601 dederunt,
3340 5533 3517 5591 omnia

1942 5641 2281 5716 perdiderunt
2308 5656 2322 5707 ς
2354 5651 2524 5707 neque
2546 5633 2824 5691 mulierem
2851 5629 3064 5685 viduam
3108 5627 3369 5699 invenias,
3401 5639 3523 5697 quae
