3944 6202
427 220 540 273 (iiii

434 357 545 398 rem
570 354 720 397 suam
750 348 896 396 recte
921 338 1104 411 gerat?
1136 338 1622 409 Tergiversationes
1649 339 1748 393 ista
1789 347 1913 393 sunt
1953 354 2017 395 ae

433 440 726 499 praetextas
755 432 1085 501 propriaeque
1110 429 1432 484 infirmitatis
1454 429 1834 499 integumenta.
1850 429 2023 485 Multa:

434 526 578 579 enim
603 523 906 594 prmclarius
931 537 1089 592 quam
1111 521 1209 575 viri
1236 531 1289 575 et
1314 519 1531 575 domum
1563 508 2035 587 administrarunt,

435 627 487 669 ct
525 618 660 671 ﬁlios
707 615 934 686 pupillos
961 614 1339 678 educaverunt,
1376 620 1431 667 et
1468 614 1626 679 bona,
1658 628 1777 682 qua:
1805 627 2030 684 accepe-

436 716 580 771 rant,
619 707 736 762 alia:
776 714 1063 772 auxerunt,
1109 705 1229 760 aliae
1263 719 1367 759 non
1410 704 1735 760 minaerunt.
1782 703 1916 759 Nam
1962 703 2030 759 ab

450 801 678 869 ipsemet
708 799 859 853 initio
886 813 992 852 non
1013 798 1188 852 omnia
1219 796 1347 850 viris
1369 796 1636 852 commisit
1661 796 1830 861 Deus;
1860 808 2032 865 neque

444 891 511 945 ab
533 891 658 961 ipsis
680 890 808 946 solis
827 889 1083 962 pendere,
1110 904 1228 960 qua:
1250 888 1316 943 ad
1346 889 1504 942 vitam
1534 889 1818 958 pertinent,
1842 887 2028 954 voluit,

449 997 514 1036 ne
547 982 590 1035 si
623 981 813 1036 mulier
842 980 971 1035 nihil
1003 981 1068 1034 ad
1100 981 1260 1034 vitam
1290 979 1560 1035 conferret
1596 979 1887 1049 deSpieatui
1932 979 2031 1034 du—

447 1082 677 1125 veretur.
710 1071 1073 1140 Quamobrem
1106 1072 1156 1126 id
1198 1071 1530 1141 prospiciens
1568 1072 1706 1126 Deus
1750 1087 1854 1126 non
1899 1070 2035 1126 infe-

450 1163 594 1217 riore
620 1162 765 1216 illam
788 1161 906 1217 loco
936 1162 1244 1225 constituit;
1269 1169 1425 1231 atque
1449 1160 1501 1216 id
1526 1161 1593 1216 ab
1626 1161 1856 1233 ipsemet
1889 1160 2038 1216 initio

447 1253 648 1307 ciarum
672 1254 871 1309 faciens
894 1254 1067 1308 dixit:
1100 1252 1372 1306 Faciamus
1416 1253 1515 1323 ipsi
1554 1253 1839 1323 adjutorem
1881 1250 2034 1325 (Gen.

450 1343 504 1399 2.
547 1336 657 1415 18).
688 1345 893 1399 Etenim
919 1360 985 1399 ne
1014 1359 1079 1399 eo
1109 1343 1247 1414 quod
1275 1343 1387 1413 ipse
1415 1343 1644 1413 primum
1669 1341 1842 1398 factus
1873 1352 1953 1398 est
1978 1357 2041 1397 ac

452 1444 668 1504 propter
691 1435 862 1505 ipsum
891 1433 1114 1489 formata
1137 1434 1348 1499 mulier,
1372 1448 1593 1503 magnos
1615 1433 1872 1489 adversus
1898 1434 2041 1489 illam

452 1525 672 1595 spiritus
701 1526 778 1579 vir
804 1535 1057 1590 sumeret,
1090 1524 1192 1581 hoc
1213 1524 1377 1580 verbo
1405 1533 1665 1579 tumorem
1702 1524 1871 1594 ipsius
1895 1529 2038 1579 com-

455 1618 667 1688 pressit,
694 1617 983 1672 ostendens
1004 1616 1267 1671 mundana
1295 1618 1507 1687 negotia
1532 1614 1700 1670 nihilo
1727 1616 1904 1669 minus
1925 1631 2044 1670 mu-

456 1708 622 1775 lieris,
654 1723 809 1779 quant
841 1708 939 1761 viri
980 1722 1158 1777 egere.
1208 1706 1462 1775 Qumnam
1520 1708 1679 1777 igitur
1732 1707 1833 1760 ista
1886 1706 2047 1761 sunt?

457 1802 755 1873 quibusque
786 1802 839 1854 in
875 1801 1033 1854 rebus
1061 1799 1126 1854 ad
1152 1798 1739 1863 vitamsustentandam
1770 1798 2046 1854 nobiscum

462 1894 651 1948 mulier
676 1892 983 1946 societatem
1017 1890 1153 1945 init?
1190 1888 1330 1945 Sane
1364 1889 1615 1961 quoniam
1656 1889 1723 1944 ad
1770 1889 2050 1961 praesentis

463 1988 586 2039 vitm
612 1994 808 2039 Statum
830 1982 1255 2053 componendum
1282 1999 1388 2037 non
1424 1984 1599 2038 minus
1632 1984 1856 2053 privata,
1891 1998 2049 2053 quam

462 2077 672 2147 publica
705 2076 910 2147 negotia
937 2074 1153 2141 faciunt,
1188 2075 1301 2130 haec
1325 2075 1644 2145 dispertiens
1672 2074 1839 2142 Deus,
1862 2072 2048 2129 foren-

460 2168 539 2223 sia
568 2167 780 2238 quidem
807 2166 935 2221 viris
973 2164 1261 2232 commisit,
1291 2164 1583 2219 domestica
1608 2172 1785 2218 autem
1813 2163 2051 2220 mulieri-

463 2263 562 2316 bus
589 2277 603 2314 :
627 2275 689 2315 ac
717 2259 762 2315 si
784 2274 1002 2313 munera
1023 2257 1303 2328 ofﬁciaque
1324 2257 1421 2311 ista
1438 2265 1851 2321 commutentur,
1872 2256 2051 2311 omnia

461 2361 712 2408 corruent
741 2365 803 2406 ac
832 2351 1082 2421 peribunt
1114 2369 1126 2403 :
1157 2358 1302 2404 tanto
1329 2357 1551 2420 uterque
1591 2348 1772 2404 utilior
1802 2348 1970 2403 altero
1999 2347 2053 2401 in

465 2461 562 2500 suo
591 2460 809 2499 munere
835 2442 1082 2499 obeundo
1112 2451 1212 2497 est.
1242 2441 1422 2512 igitur,
1448 2441 1492 2495 si
1519 2440 1808 2496 domestica
1838 2454 1903 2495 ex
1934 2454 2058 2493 mu—

468 2537 621 2592 liebri
648 2536 865 2591 scientia
889 2533 1142 2603 pendent,
1171 2542 1327 2602 atque
1366 2533 1465 2586 ista
1494 2532 1547 2585 in
1591 2547 1650 2587 re
1696 2540 1899 2586 tantum
1939 2529 2056 2584 viro

469 2626 662 2681 mulier
687 2633 922 2695 prmstat,
950 2633 1206 2694 quantum
1233 2621 1351 2676 rudi
1378 2621 1580 2677 homini
1601 2619 1790 2674 artifex
1817 2619 1870 2674 in
1896 2619 2056 2674 rebus

468 2721 520 2772 in
551 2718 738 2787 quibus
766 2714 953 2769 artifex
982 2724 1085 2782 est,
1109 2729 1205 2768 cur
1229 2728 1423 2769 vanum
1455 2711 1610 2767 nobis
1637 2712 1882 2767 timorem
1914 2712 2058 2766 incu-

471 2809 663 2865 timus?
691 2807 820 2863 Nam
851 2822 1073 2878 peregre
1111 2805 1323 2876 quidem
1366 2803 1628 2875 proﬁcisci
1673 2817 1865 2872 resque
1907 2802 2059 2859 colli—

468 2916 592 2970 gere
623 2900 854 2955 virorum
884 2895 1249 2953 tantummodo
1274 2904 1386 2960 est,
1414 2893 1724 2967 mulieribus
1759 2902 1936 2948 autem
1977 2893 2061 2948 lu-

470 3009 564 3048 ero
590 3007 804 3064 operam
840 2990 969 3045 dare
993 2989 1211 3044 minime
1240 2986 1321 3043 fas
1349 2995 1465 3053 est;
1497 2996 1549 3041 at
1573 3001 1692 3058 qua:
1717 2993 1841 3041 sunt
1864 3000 2061 3056 appor-

473 3094 577 3140 tata
605 3083 872 3139 custodire
905 3098 971 3138 ac
1011 3082 1146 3137 tueri
1184 3081 1349 3151 ipsius
1391 3080 1556 3135 solius
1592 3089 1694 3135 est.
1732 3080 1811 3134 Ac
1849 3078 2059 3133 tametsi

475 3175 811 3246 praestantius
837 3152 1086 3245 quiddam
1115 3172 1354 3227 videatur
1375 3171 1673 3241 acquirere,
1708 3184 1865 3239 quam
1897 3169 2056 3235 tueri,

436 3268 441 3271 ’
472 3278 727 3335 attamen,
758 3270 801 3325 si
832 3270 933 3324 hoc
962 3269 1121 3335 absit,
1154 3267 1283 3322 illud
1314 3280 1524 3337 quoque
1545 3264 1730 3320 inutile
1750 3279 1813 3319 ac
1833 3278 2056 3318 vanum:

474 3378 619 3434 satpc
647 3378 772 3418 vero
800 3363 960 3419 etiam
986 3363 1030 3418 si
1063 3362 1166 3417 hoc
1193 3360 1351 3423 adsit,
1383 3357 1510 3413 illud
1557 3372 1665 3412 non
1709 3356 1882 3413 solum
1929 3355 2061 3423 nihil

476 3453 695 3524 profuit,
723 3453 818 3509 sed
848 3453 1006 3508 etiam
1035 3460 1223 3508 cuneta
1248 3451 1458 3507 evertit.
1497 3448 1757 3517 Quoniam
1786 3449 1931 3505 enim
1959 3447 2064 3503 dif-

478 3547 612 3600 fieilc
637 3555 738 3612 est,
767 3545 1036 3601 hominem
1067 3544 1198 3600 foris
1238 3544 1595 3614 negotiantem
1634 3551 1794 3614 atque
1835 3541 2063 3614 ampliﬁ-

414 3656 417 3659 '
476 3636 647 3694 cando
670 3637 986 3708 patrimonio
1031 3651 1246 3706 operam
1294 3644 1575 3691 navantem
1621 3633 1763 3704 juste
1802 3641 2063 3703 quaestum

479 3729 675 3796 facere,
704 3730 890 3797 majori
919 3729 1060 3784 enim
1086 3743 1152 3782 ex
1183 3736 1331 3797 parte
1373 3742 1439 3782 ex
1467 3725 1652 3781 alienis
1682 3724 1768 3779 isti
1792 3723 2065 3779 calamita-

479 3821 619 3875 tibus
642 3821 848 3875 lucrum
867 3819 1094 3884 faciunt;
1125 3818 1247 3873 hinc
1268 3832 1477 3888 quoque
1488 3816 1732 3872 ’mulieris
1754 3815 1855 3870 arti
1883 3822 1939 3871 et
1964 3830 2062 3886 gu-

478 3913 775 3969 bernationi
806 3927 949 3983 smpe
976 3911 1215 3967 ofﬁciunt
1241 3925 1322 3977 ea,
1355 3925 1474 3981 qua:
1512 3924 1609 3981 per
1649 3907 1961 3979 injustitiam
2010 3916 2064 3963 et

478 4004 582 4058 vim
615 4012 762 4073 parta
788 4003 837 4057 in
870 4018 1057 4057 manus
1099 4001 1264 4071 ipsius
1292 4007 1670 4071 pervenerunt.
1705 3994 2064 4066 Quamobrem

478 4095 578 4149 etsi
626 4093 796 4164 majus
839 4094 908 4148 sit
939 4092 1235 4163 acquirere,
1284 4106 1442 4161 quam
1481 4104 1838 4157 conservare,
1886 4097 2063 4145 tamen

477 4189 642 4244 altera
673 4204 735 4242 ex
758 4197 911 4258 parte
936 4186 1111 4242 minus
1134 4200 1255 4241 esse
1276 4182 1712 4255 deprehenditur,
1728 4181 1942 4253 quando
1960 4196 2064 4238 non

479 4282 650 4337 solum
702 4281 768 4335 ad
826 4281 1084 4335 bonorum
1126 4276 1593 4349 ampliﬁcationem
1639 4274 1774 4331 nihil
1815 4273 2062 4341 confert,

480 4375 573 4431 sed
600 4376 758 4430 etiam
788 4373 961 4443 perdit
981 4373 1091 4443 jam
1122 4371 1376 4443 reposita.
1408 4368 1547 4438 Quid
1572 4369 1732 4440 igitur
1760 4375 1961 4424 metuat
1986 4366 2066 4422 vi-

477 4465 603 4527 dua,
632 4480 699 4519 ne
723 4464 822 4517 viri
851 4464 1089 4518 absentia
1136 4477 1223 4517 res
1263 4460 1569 4517 domestica:
1601 4459 1835 4515 deterius
1863 4474 1921 4514 se
1973 4457 2067 4513 ha-

480 4556 658 4619 beant,
685 4568 908 4625 quarum
940 4554 1153 4608 vivente
1178 4553 1336 4608 etiam
1357 4553 1471 4608 viro
1496 4551 1610 4622 ipsa
1637 4550 2064 4620 procurationem

481 4643 827 4715 susceperat?
866 4646 934 4699 At
967 4642 1211 4710 facilius,
1256 4643 1496 4712 inquiet,
1539 4640 1890 4712 gubernabit,
1943 4656 2064 4697 cum

480 4745 623 4792 metu
652 4736 790 4790 illius
816 4750 972 4791 nemo
999 4733 1366 4801 reluctabitur,
1395 4748 1553 4789 nemo
1583 4732 1882 4788 molestiam
1932 4733 2063 4789 aﬁ‘e-

481 4836 581 4882 ret.
609 4825 740 4882 Nam
765 4835 820 4882 et
848 4826 1050 4892 famuli,
1082 4834 1137 4880 et
1177 4825 1462 4891 meonomi,
1494 4830 1548 4879 et
1585 4831 1977 4893 procuratores,
2003 4839 2068 4881 ac

482 4917 665 4989 reliqui
697 4930 883 4972 omnes
908 4917 1052 4971 illum
1079 4924 1377 4971 metuentes
1395 4914 1459 4969 ad
1504 4913 1795 4985 parendum
1839 4914 2067 4971 aderunt

481 5010 737 5080 prompti,
767 5024 832 5064 ac
854 5024 1010 5064 nemo
1039 5009 1141 5064 erit
1168 5009 1257 5079 qui
1285 5008 1613 5063 contradicat
1641 5024 1655 5062 :
1702 5015 1757 5062 at
1795 5023 1860 5063 eo
1899 5023 2059 5079 quem

481 5100 786 5156 metuebant
810 5115 840 5155 e
868 5099 1045 5154 medio
1071 5100 1300 5166 sublato,
1332 5114 1518 5154 omnes
1546 5097 1718 5153 vidua:
1745 5098 1954 5153 mulieri
1982 5097 2064 5152 in-

481 5192 701 5256 sultant,
731 5190 972 5261 improbe
1001 5200 1303 5256 versantur,
1346 5190 1674 5267 conﬁdentes
1720 5197 1865 5255 sunt,
1906 5198 2063 5259 atque

481 5282 656 5339 omnia
684 5291 991 5352 pervertunt
1019 5297 1080 5337 ac
1108 5268 1389 5354 dissipant.
1418 5280 1571 5349 Quod
1594 5281 1640 5336 si
1661 5279 1842 5336 ulcisci
1868 5294 1930 5335 ac
1954 5281 2065 5336 vin-

479 5373 672 5428 dictam
699 5388 912 5430 sumere
940 5373 1081 5439 velit,
1116 5382 1389 5445 torquens,
1421 5373 1730 5438 verberans,
1778 5374 1829 5426 in
1876 5386 2061 5428 carce-

480 5481 592 5521 rem
622 5465 932 5537 conjiciens,
967 5479 1075 5523 tum
1104 5484 1232 5525 vero
1283 5470 1334 5524 in
1380 5468 1521 5539 vulgi
1569 5466 2059 5538 reprehensionem,

480 5558 941 5626 criminationem,
1001 5562 1352 5617 contumelias
1413 5560 1654 5616 incurrit.
1705 5560 1967 5617 Craterum
2015 5563 2060 5615 si

482 5649 637 5706 ﬁdem
666 5652 713 5707 ei
731 5652 822 5724 qui
842 5653 971 5710 abiit
997 5653 1170 5711 datam
1199 5653 1431 5727 fregerit,
1465 5662 1623 5725 atque
1652 5651 1793 5709 illius
1820 5665 2055 5708 amorem

1145 224 1200 280 S.
1243 222 1519 281 JOANNIS
1557 222 2033 282 CHRYSOSTOMI
2073 226 2395 283 ARCIIIEP.
2437 226 2972 287 CONSTANTINOP.

3604 229 3706 286 616

2133 341 2398 397 oblivione
2422 342 2699 409 deleverit,
2721 351 2777 398 et
2812 355 3110 413 vesperam,
3134 355 3235 411 qua
3281 340 3372 397 ille
3406 340 3471 396 ad
3504 354 3563 397 se
3608 344 3718 414 pri-

2131 448 2277 487 mum
2302 434 2542 498 accessit,
2576 443 2630 488 et
2660 434 2923 502 plausum,
2968 441 3022 487 et
3067 433 3421 502 hymenaaum,
3469 442 3524 487 et
3574 435 3714 491 faces

2132 526 2417 596 nuptiales,
2441 535 2496 580 et
2524 527 2720 596 primos
2745 525 3044 595 amplexus,
3076 533 3130 580 et
3155 539 3386 590 mensas,
3432 533 3488 580 et
3532 527 3715 581 convi-

2134 629 2252 675 ctus
2275 618 2429 689 cujus
2457 634 2560 674 una
2587 633 2709 673 eum
2743 618 2833 672 illo
2861 610 2957 687 per
2996 631 3155 672 omne
3204 625 3413 685 tempus
3453 616 3718 687 particeps

2136 711 2256 780 fuit,
2288 722 2343 768 et
2368 712 2553 777 verba,
2581 727 2699 781 quae
2725 726 2755 765 a
2783 710 2898 765 viro
2924 725 3111 780 magna
3140 725 3259 765 cum
3289 709 3559 778 voluptate
3583 726 3719 765 uxo-

2136 817 2250 858 rem
2275 802 2458 857 audire
2486 801 2775 857 verisimile
2809 810 2891 855 est
2922 799 3003 854 :si
3045 799 3179 865 lucc,
3231 799 3467 868 inquam,
3513 801 3718 866 omnia,

2139 894 2359 964 perinde
2387 910 2450 949 ac
2470 893 2515 948 si
2542 908 2828 962 numquam
2860 890 3105 956 fuissent,
3134 899 3354 960 repente
3383 889 3615 960 abjiciat,
3639 899 3725 944 at-

2140 1001 2244 1056 que
2270 985 2421 1041 alteri
2442 986 2554 1040 viro
2579 985 2723 1040 fores
2747 983 3270 1053 aperiat,'ipsumque
3293 982 3360 1036 ad
3384 982 3524 1036 illius
3548 982 3727 1036 cubile

2143 1077 2335 1143 trahat,
2383 1092 2565 1132 rerum
2613 1076 2853 1131 omnium
2902 1074 3140 1145 priorum
3184 1073 3460 1129 conscium
3498 1074 3582 1127 :si
3612 1073 3730 1127 haec

2142 1167 2317 1229 faciat.
2350 1183 2578 1223 nemone
2607 1167 2706 1221 erit
2734 1166 2822 1235 qui
2852 1163 3248 1235 reprehendat?
3280 1179 3437 1219 nemo
3478 1163 3567 1233 qui
3618 1164 3729 1218 eri-

2143 1259 2411 1315 minetur?
2435 1274 2591 1314 nemo
2606 1258 2695 1328 qui
2718 1257 2851 1313 odio.
2872 1264 3245 1327 prosequatur,
3274 1269 3337 1308 ac
3361 1254 3729 1318 inhumanam,

2145 1351 2419 1424 perﬁdam,
2472 1350 2795 1421 fmdifragam
2842 1356 3015 1414 vocet,
3066 1355 3226 1419 atque
3267 1346 3566 1417 hujnsmodi
3615 1345 3732 1401 aliis

2146 1442 2399 1497 conviciis
2427 1440 2653 1496 oneret?
2727 1490 2759 1516 λ

2219 1533 2273 1589 5.
2333 1531 2585 1587 Secunda:
2640 1532 2832 1602 nuptiae
2895 1546 2996 1585 non
3058 1529 3208 1584 laude
3263 1529 3446 1600 dignm.
3497 1557 3567 1569 --
3615 1526 3734 1582 Non

2148 1623 2313 1689 enim,
2361 1623 2463 1677 etsi
2520 1623 2706 1678 beatus
2757 1622 2949 1676 Paulus
2998 1636 3110 1676 rem
3137 1621 3290 1674 istam
3316 1618 3579 1690 permisit,
3612 1633 3738 1687 pro-

2154 1724 2338 1785 pterea
2369 1713 2613 1768 laudibus
2633 1713 2844 1784 dignam
2876 1721 3050 1783 putes,
3096 1726 3159 1766 ac
3205 1726 3323 1781 qua:
3364 1710 3507 1781 vulgi
3548 1725 3737 1780 reprc-

2157 1807 2468 1861 hensionem
2499 1805 2696 1876 fugiat;
2725 1820 2882 1877 pruna
2924 1814 3127 1859 tantum
3166 1818 3229 1859 ac
3265 1803 3526 1873 supplicio
3565 1812 3735 1869 caret,

2152 1899 2335 1954 laudes
2360 1898 2572 1969 quidem
2603 1908 2657 1953 et
2684 1898 2926 1953 eneomia
2952 1912 3059 1951 non
3087 1905 3169 1951 est
3195 1896 3335 1966 quod
3375 1910 3433 1949 se
3463 1902 3740 1963 reportare

2155 2004 2312 2060 posse
2342 1999 2519 2060 speret
2543 1988 2620 2063 (ι.
2654 1987 2785 2043 Tim.
2808 1989 2862 2044 5.
2896 1989 3007 2058 14).
3032 1986 3164 2042 Nam
3185 1997 3239 2042 et
3271 1986 3550 2041 remissum
3576 1993 3742 2055 atque

2153 2082 2221 2137 ad
2256 2082 2527 2161 libidinem
2577 2082 2864 2152 proclivem
2902 2095 3044 2149 esse,
3081 2095 3144 2135 ac
3186 2095 3254 2135 ne
3293 2079 3480 2149 jejunii
3523 2078 3741 2148 quidem

2128 2183 2416 2243 ~tempore,
2445 2182 2537 2228 aut
2569 2175 2757 2243 quovis
2782 2173 2888 2228 alio
2929 2173 2997 2228 ab
3040 2187 3204 2227 uxore
3247 2172 3534 2237 abstinere,
3583 2171 3743 2241 longe

2156 2265 2369 2335 quidem
2397 2276 2450 2321 et
2478 2265 2700 2319 multum
2728 2279 2758 2318 a
2785 2263 3045 2335 supplicio
3070 2263 3238 2327 abest,
3268 2277 3373 2316 non
3397 2270 3570 2315 tamen
3599 2261 3743 2315 laudi

2158 2357 2454 2425 proximum
2482 2365 2565 2411 est
2595 2374 2607 2409 :
2638 2370 2758 2410 nam
2802 2354 2917 2409 hwc
2942 2354 3054 2424 ipsa
3086 2351 3408 2423 indulgentia
3438 2349 3566 2405 nihil
3595 2349 3744 2404 aliud

2158 2456 2261 2514 est,
2305 2462 2462 2517 quam
2510 2449 2716 2518 signum
2757 2460 2964 2515 magna:
3006 2442 3281 2513 cujusdam
3318 2440 3644 2497 inﬁrmitatis
3686 2454 3746 2495 ac

2160 2537 2438 2592 socordiae.
2473 2536 2829 2603 Quamobrem
2861 2535 2905 2590 si
2936 2534 3110 2599 times,
3144 2548 3211 2588 ne
3234 2531 3446 2587 famulis
3462 2529 3749 2601 puniendis

2159 2628 2395 2685 audacias
2438 2629 2632 2684 subeas
2672 2627 3014 2698 opinionem,
3062 2625 3189 2680 illud
3241 2624 3473 2679 vicissim
3518 2624 3747 2693 cogites,

2159 2722 2331 2777 multo
2357 2721 2525 2791 magis
2550 2720 3031 2790 pertimescendum
3061 2734 3202 2787 esse,
3229 2733 3298 2773 ne
3336 2725 3535 2771 tantam
3564 2717 3749 2771 molli-

2162 2813 2250 2869 tiei
2279 2823 2333 2868 et
2360 2813 2594 2868 libidinis
2621 2811 2814 2867 famam
2839 2812 3050 2867 subeas.
3094 2811 3362 2866 Praeterea
3400 2822 3528 2863 vero
3568 2808 3751 2864 licebit

2164 2904 2336 2959 viduae
2363 2904 2582 2960 meliore
2607 2903 2832 2975 quadam
2864 2903 3067 2957 ratione
3092 2900 3251 2956 rebus
3295 2899 3407 2954 suis
3443 2897 3746 2963 consulere,

2162 3005 2220 3051 ut
2246 3004 2299 3051 et
2323 3011 2511 3067 magna
2542 3011 2607 3051 ex
2650 3003 2801 3066 parte
2845 2994 2897 3049 in
2939 3002 3053 3048 tuto
3097 2993 3215 3047 illas
3260 2992 3507 3057 collucet,
3542 2998 3597 3045 et
3644 3005 3751 3048 non

2161 3090 2334 3145 solum
2361 3088 2833 3159 reprehensionem
2866 3086 3047 3157 fugiat,
3077 3084 3170 3141 sed
3205 3085 3363 3140 etiam
3403 3084 3470 3139 ab
3497 3082 3753 3138 omnibus

2163 3180 2426 3244 laudetur,
2472 3181 2723 3250 quodque
2768 3179 3093 3249 praecipuum
3138 3185 3241 3244 est,
3285 3174 3558 3231 mercedes
3605 3174 3750 3240 illas,

2163 3288 2281 3342 qua:
2309 3287 2338 3325 a
2365 3272 2474 3327 Deo
2501 3271 2824 3341 prtebentur,
2849 3278 3102 3341 reportet.
3139 3269 3270 3324 Nam
3315 3268 3358 3322 si
3398 3266 3657 3338 pecunias
3702 3267 3752 3321 in

2163 3364 2296 3419 caelo
2321 3364 2420 3420 sibi
2460 3363 2805 3434 deponendas
2849 3362 3117 3419 censuerit
3159 3363 3337 3432 ibique
3381 3370 3654 3431 tamquam
3701 3359 3753 3415 in

2163 3457 2311 3527 asylo
2333 3454 2560 3526 quodam
2584 3453 2949 3520 defodiendas,
2972 3452 3268 3533 nonsolum
3290 3466 3395 3505 non
3421 3451 3754 3515 minuentur,

2165 3548 2258 3604 sed
2282 3548 2461 3603 multis
2487 3548 2726 3618 partibus
2749 3546 2981 3616 majores
3019 3545 3164 3601 ﬁent.
3193 3543 3337 3598 Talis
3364 3543 3507 3598 enim
3538 3548 3623 3597 est
3656 3541 3757 3595 bu-

2163 3639 2252 3711 jus
2281 3640 2534 3696 sementis
2574 3646 2779 3693 natura.
2812 3637 2963 3705 Quod
3001 3637 3043 3692 si
3089 3635 3379 3691 inﬁrmiore
3419 3633 3598 3688 animo
3648 3640 3754 3697 est,

2165 3748 2324 3803 quam
2348 3740 2407 3786 ut
2430 3729 2681 3802 perfectae
2712 3730 2787 3785 illi
2833 3730 2934 3800 legi
2980 3725 3264 3798 implenda:
3307 3740 3402 3796 par
3443 3725 3531 3789 sit,
3573 3738 3758 3795 neque

2166 3823 2341 3878 omnia
2372 3823 2529 3877 simul
2555 3837 2619 3877 eo
2646 3822 2890 3893 trajicere
2913 3820 3073 3884 velit,
3103 3817 3229 3872 illud
3256 3831 3441 3871 rursus
3468 3814 3693 3885 cogitet,
3711 3817 3756 3868 si

2167 3916 2339 3970 virum
2364 3913 2608 3984 accipiat,
2637 3927 2741 3967 non
2767 3926 2897 3967 sane
2925 3911 3082 3967 talem
3110 3916 3467 3978 accepturam,
3495 3904 3586 3975 qui
3610 3903 3757 3958 bona

2167 4005 2473 4075 ampliﬁcet.
2501 4001 2653 4072 Quod
2681 4003 2726 4057 si
2753 4002 2912 4057 etiam
2943 4001 3062 4055 talis
3102 4000 3190 4065 sit,
3235 4013 3338 4053 non
3381 3996 3549 4051 solam
3590 4008 3759 4063 pecu-

2168 4095 2377 4151 niarum
2425 4093 2791 4150 accessionem
2830 4090 3152 4156 cdnsideret,
3191 4086 3287 4143 sed
3338 4085 3466 4141 illud
3512 4097 3755 4154 quoque,

2170 4186 2281 4242 fore
2306 4193 2366 4241 ut
2391 4186 2569 4240 multis
2589 4185 2641 4239 in
2669 4183 2828 4238 rebus
2860 4182 3025 4237 Deum
3071 4189 3230 4250 atque
3265 4177 3513 4233 homines
3551 4174 3760 4230 laedere

2169 4285 2405 4347 cogatur.
2436 4275 2569 4331 Nam
2597 4275 2640 4328 si
2667 4275 2754 4329 ille
2791 4288 2857 4329 ex
2882 4286 3104 4327 numero
3132 4268 3424 4340 potentium
3452 4273 3610 4336 atque
3636 4264 3759 4335 Opi-

2168 4367 2270 4423 bus
2295 4365 2675 4421 abundantium
2707 4362 2885 4428 fuerit,
2914 4361 3079 4416 multa
3104 4360 3247 4429 illam
3293 4367 3488 4428 praeter
3532 4364 3761 4409 sentcn-

2170 4458 2296 4515 tiam
2323 4466 2375 4513 et
2402 4457 2575 4512 facere
2597 4463 2653 4511 et
2675 4453 2815 4510 ferre
2835 4461 3024 4523 coget;
3051 4460 3106 4507 et
3132 4449 3272 4522 quod
3298 4464 3328 4502 a
3352 4446 3606 4503 viduitate
3638 4459 3761 4499 me-

2170 4550 2371 4614 tuebat,
2402 4549 2478 4603 illi
2509 4562 2646 4603 nunc
2675 4547 2843 4601 multo
2870 4544 3081 4616 gravius
3106 4552 3160 4598 et
3186 4540 3469 4597 violentius
3492 4536 3762 4592 immine-

2170 4641 2264 4696 bit.
2295 4640 2482 4706 Adde,
2528 4639 2744 4695 evenire
2790 4636 3043 4692 facillime
3080 4648 3271 4705 posse,
3315 4640 3375 4686 ut
3412 4628 3761 4685 celerrimam

2169 4734 2326 4788 faciat
2364 4732 2731 4787 mutationem.
2758 4729 2889 4784 Nam
2921 4728 3046 4783 dum
3073 4726 3227 4781 vidua
3254 4732 3354 4789 est,
3384 4724 3545 4778 etiam
3571 4720 3617 4774 si
3653 4721 3762 4776 ali-

2167 4824 2308 4895 quod
2335 4825 2386 4878 ir.
2428 4823 2584 4878 bonis
2624 4822 2999 4877 detrimentum
3038 4816 3282 4888 accipiat,
3328 4814 3529 4884 reliqua
3572 4821 3760 4866 tamen

2167 4918 2253 4972 illa
2279 4918 2424 4972 salva
2448 4927 2501 4972 et
2530 4925 2638 4971 tuta
2665 4913 2956 4970 manebunt
2983 4929 2996 4966 :
3026 4918 3081 4965 at
3107 4907 3466 4980 potenti’viro,
3504 4912 3558 4959 et
3600 4918 3763 4958 rem-

2168 5010 2455 5081 publicam,
2493 5009 2579 5063 vel
2627 5007 2784 5061 aliam
2831 5004 3133 5075 quampiam
3174 4997 3603 5072 procurationem
3655 5009 3757 5065 ge-

2168 5103 2325 5168 renti,
2354 5101 2694 5157 matrimonio
2715 5099 2920 5168 juncta,
2946 5109 3088 5165 smpe
3114 5092 3291 5147 omnia
3314 5088 3476 5145 simul
3504 5085 3719 5141 amittet
3739 5101 3757 5138 :

2167 5195 2527 5250 calamitatum
2557 5193 2719 5259 enim,
2748 5205 2867 5261 quae
2893 5188 3019 5243 viris
3058 5184 3324 5250 accidunt,
3374 5194 3568 5236 uxores
3608 5192 3752 5248 quo-

2167 5302 2270 5358 que
2299 5286 2579 5357 participes
2607 5284 2713 5338 sint
2741 5288 2970 5352 oportet.
3001 5276 3105 5333 Sed
3135 5285 3275 5341 esto,
3318 5272 3447 5327 nihil
3483 5265 3753 5341 ejusmodi

2167 5379 2389 5445 accidat,
2424 5376 2612 5448 ecquid
2642 5375 2797 5441 lucri,
2841 5373 2927 5427 die
2964 5371 3115 5430 mihi.
3160 5370 3468 5424 servitutem
3515 5359 3753 5417 libertati

2166 5468 2471 5524 anteferre?
2498 5465 2686 5537 ecquid
2713 5464 2950 5520 utilitatis
2978 5461 3174 5517 divitia:
3214 5458 3460 5520 afferunt,
3489 5467 3610 5509 cum
3641 5450 3750 5503 illis

2165 5559 2423 5615 arbitratu
2446 5573 2543 5614 suo
2573 5556 2646 5612 uti
2673 5555 2888 5610 minime
2916 5552 3109 5623 queat?
3144 5550 3330 5606 Nonne
3376 5546 3542 5601 multo
3606 5553 3751 5611 prm-

2166 5650 2409 5707 stabilius
2437 5659 2536 5718 est,
2571 5663 2732 5719 pauca
2760 5646 2829 5702 ita
2859 5645 3163 5716 pos-idere,
3192 5650 3249 5697 ut
3273 5639 3356 5695 illa
3399 5638 3450 5697 in
3481 5638 3747 5707 potestate
