3944 6202
269 296 370 352 617

269 410 490 470 habeas,
532 421 691 478 quam
721 405 921 472 omnia,
952 421 1069 476 qua:
1097 405 1148 460 in
1176 405 1306 461 orbe
1333 414 1592 462 terrarum
1619 416 1761 473 sunt,
1789 421 1852 462 ea

268 498 595 564 conditione,
625 508 681 553 ut
708 514 807 553 una
835 513 954 553 cum
978 498 1078 554 illis
1102 507 1152 553 te
1167 513 1376 568 quoque
1397 499 1550 554 alteri
1571 501 1860 570 subjicias?

273 589 422 643 Mitto
470 603 615 643 nunc
642 603 820 654 curas,
853 589 1222 656 contumelias,
1251 590 1510 655 convicia,
1544 591 1857 662 zelotypias,

277 680 466 734 inanes
515 679 866 749 suSpicioncs,
913 678 1124 734 dolores
1173 679 1432 750 pariendi,
1476 690 1531 736 et
1569 681 1770 751 reliqua
1811 682 1861 736 id

265 786 462 842 genus.
498 771 622 827 llaec
653 771 797 826 enim
826 780 969 826 recte
991 779 1117 827 tunc
1138 771 1450 839 afferuntur,
1481 787 1602 827 eum
1647 772 1714 826 ad
1757 773 1864 826 vir-

265 865 450 932 ginem
478 879 660 919 sermo
690 863 932 925 habetur,
964 862 1158 933 quippe
1186 879 1304 932 qua:
1338 863 1486 918 rudis
1512 873 1671 932 atque
1696 864 1862 933 impe-

268 956 370 1008 rita
403 965 487 1009 est
510 953 811 1023 hujusmodi
839 954 1206 1009 difficultatum
1229 972 1241 1017 ;
1271 954 1441 1009 viduae
1465 965 1639 1010 autem
1667 957 1709 1010 si
1737 971 1862 1009 nar-

265 1057 462 1100 rentur
487 1045 787 1100 molestiam
818 1048 994 1115 potius
1027 1045 1265 1100 afferent.
1297 1045 1424 1114 Qua:
1454 1047 1596 1101 enim
1620 1062 1716 1100 usu
1749 1047 1862 1117 ipso

265 1139 476 1206 optime
521 1138 726 1203 didicit,
760 1154 821 1192 ea
852 1139 894 1192 si
925 1139 1090 1207 ipsam
1123 1139 1298 1193 verbis
1321 1139 1514 1197 docere
1538 1140 1689 1203 velis,
1724 1139 1863 1193 frus-

267 1239 348 1282 tra
381 1244 607 1299 Operam
633 1245 831 1284 sumas.
861 1229 995 1284 lllud
1029 1238 1233 1284 tantum
1258 1230 1455 1286 addere
1478 1247 1576 1302 par
1612 1240 1712 1295 est,
1745 1247 1864 1286 eam

263 1337 391 1391 qua:
424 1322 573 1392 virgo
588 1323 790 1391 nupsit,
819 1322 987 1378 multo
1013 1323 1213 1392 majore
1237 1338 1356 1378 cum
1385 1323 1631 1378 libertate
1657 1317 1721 1379 ac
1743 1323 1868 1382 [ἱὼιο

263 1414 348 1465 cia
397 1413 516 1467 viro
551 1427 791 1480 usuram,
838 1429 996 1483 quam
1037 1430 1155 1483 quae
1193 1423 1313 1484 post
1360 1414 1691 1469 viduitatem.
1733 1415 1864 1469 Nam

270 1503 417 1558 hanc
444 1504 535 1574 qui
564 1505 852 1573 acceperit,
882 1515 938 1558 ut
965 1521 1184 1560 uxorem
1211 1521 1392 1561 amare
1431 1515 1626 1576 potest,
1657 1516 1718 1561 ut
1761 1507 1866 1561 vir-

266 1595 452 1665 ginem
481 1595 698 1650 ductam
726 1611 831 1650 non
865 1606 1054 1666 potest.
1087 1597 1255 1664 Quam
1287 1613 1415 1654 vero
1443 1613 1656 1654 amores
1682 1599 1754 1653 illi
1787 1600 1868 1655 his

269 1685 733 1751 vehementiores,
766 1695 820 1742 et
868 1689 1036 1758 magis
1083 1689 1478 1759 quodammodo
1521 1690 1692 1744 insani
1738 1691 1864 1756 sint,

272 1777 479 1832 nemini
515 1793 620 1831 non
651 1777 982 1847 exploratum
1009 1789 1109 1834 est.
1145 1779 1363 1834 Viduam
1392 1791 1569 1835 autem
1601 1790 1866 1850 tamquam

239 1872 372 1947 _viri
421 1888 530 1926 non
559 1874 780 1927 omnino
821 1875 1040 1927 insciam
1083 1874 1304 1930 minime
1345 1883 1456 1929 toto
1497 1877 1676 1930 animo
1717 1891 1868 1929 com-

272 1966 543 2035 plectetur
569 1975 730 2035 atque
767 1966 983 2020 amabit.
1027 1967 1228 2022 Omnes
1275 1968 1419 2022 enim
1476 1967 1585 2023 fere
1629 1969 1871 2023 homines

274 2057 515 2110 solemus
542 2056 656 2111 sive
681 2056 967 2128 zelotypia,
992 2058 1103 2112 sive
1140 2058 1314 2112 inanis
1339 2058 1523 2129 glorire
1544 2059 1740 2122 studio,
1759 2059 1871 2114 sive

277 2147 462 2201 nescio
501 2161 607 2217 qua
655 2147 759 2202 alia
797 2162 954 2202 causa
997 2147 1210 2203 adducti
1248 2163 1342 2204 eas
1383 2164 1471 2204 res
1519 2151 1787 2220 prmcipue
1816 2150 1869 2204 in

277 2253 465 2293 amore
491 2237 713 2299 habere,
746 2239 939 2309 quibus
959 2249 1246 2310 antequam
1279 2241 1334 2294 in
1368 2241 1592 2296 aliorum
1635 2251 1869 2310 potesta-

277 2340 384 2383 tem
418 2330 670 2384 venerint
694 2329 940 2397 fruimur,
963 2346 1294 2402 quarumque
1338 2347 1434 2387 nos
1478 2333 1635 2402 primi
1673 2347 1736 2388 ac
1771 2333 1870 2388 soli

278 2421 494 2476 domini
522 2437 728 2476 sumus.
767 2421 828 2476 ld
867 2432 922 2477 ct
956 2423 1006 2477 in
1037 2424 1366 2480 vestimentis
1392 2425 1678 2479 usuvenire
1699 2425 1871 2478 anim-

271 2514 567 2576 advertas;
617 2530 724 2568 non
776 2515 916 2569 enim
961 2530 1058 2580 ea,
1096 2516 1286 2585 quibus
1322 2516 1411 2570 alii
1434 2516 1512 2571 usi
1546 2526 1690 2583 sunt,
1719 2532 1873 2586 aeque

269 2618 402 2657 cara
434 2602 694 2658 habemus
715 2613 872 2673 atque
905 2605 991 2660 illa
1019 2606 1208 2676 quibus
1235 2622 1410 2662 nemo.
1437 2607 1577 2662 Idem
1606 2609 1660 2662 in
1689 2607 1868 2673 domo,

273 2695 427 2750 idem
469 2695 522 2749 in
551 2697 694 2750 vasis
729 2713 742 2748 :
789 2695 1007 2750 domum
1052 2699 1196 2752 enim
1243 2697 1398 2752 nobis
1441 2700 1509 2753 ab
1547 2699 1653 2754 alio
1695 2699 1870 2754 datam

275 2801 387 2840 non
424 2786 650 2855 perinde
677 2803 938 2858 amamus,
969 2799 1128 2859 atque
1154 2789 1318 2854 illam,
1365 2805 1523 2861 quam
1571 2791 1726 2846 nobis
1772 2791 1871 2861 ipsi

275 2885 592 2953 paravimus
622 2902 636 2937 :
665 2899 727 2940 ac
762 2885 924 2952 vasis,
956 2902 1073 2956 qua:
1101 2903 1273 2958 nuper
1301 2887 1437 2942 facta
1467 2896 1591 2942 sunt
1617 2887 1874 2957 nobisque

277 2977 519 3045 primum
552 2977 668 3031 usui
715 2977 947 3045 fuerunt,
992 2979 1145 3034 valde
1189 2981 1473 3050 parcimus,
1517 2995 1873 3051 magnumque

276 3068 380 3122 illis
415 3067 799 3122 conservandis
836 3069 1067 3124 studium
1097 3069 1485 3140 impendimus;
1533 3086 1652 3141 qua:
1696 3080 1871 3126 autem

275 3157 344 3209 ab
366 3156 498 3211 aliis
522 3155 589 3210 ad
627 3172 724 3212 nos
750 3169 1030 3223 venerunt,
1061 3175 1164 3213 non
1211 3175 1534 3230 magnOpere
1578 3159 1632 3214 in
1672 3160 1873 3215 deliciis

277 3247 568 3314 habemus,
599 3249 691 3304 sed
719 3249 852 3304 adeo
877 3259 1278 3318 aversamnr,ut
1306 3265 1447 3322 smpe
1477 3251 1527 3304 in
1557 3251 1713 3305 aliam
1741 3266 1874 3306 con-

276 3351 558 3395 vcrtamus
601 3339 849 3394 formam.
879 3341 1029 3408 Quod
1055 3343 1098 3396 si
1129 3343 1180 3396 in
1208 3341 1389 3410 domo,
1422 3343 1472 3396 in
1505 3351 1671 3406 veste,
1701 3343 1752 3397 in
1783 3357 1872 3396 va-

275 3433 350 3487 sis
379 3433 490 3487 hoc
515 3432 694 3486 animo
719 3447 924 3499 sumus,
948 3436 1147 3503 cogites
1176 3433 1355 3498 velim,
1380 3434 1432 3487 in
1460 3449 1646 3499 uxore,
1675 3448 1775 3504 qua
1795 3433 1876 3487 ni.

278 3523 351 3577 bil
381 3523 695 3578 hominibus
714 3524 998 3594 pretiosius
1028 3533 1128 3588 est,
1160 3533 1357 3594 quanto
1389 3524 1755 3580 vehementius
1778 3539 1876 3580 nos

277 3615 425 3670 affici
452 3623 872 3670 consentaneum
897 3609 1152 3669 sit.'Nam
1184 3616 1283 3668 alia
1313 3614 1525 3685 quidem
1552 3630 1651 3670 nec
1677 3616 1760 3679 iis,
1786 3615 1874 3684 qui

277 3709 544 3777 cupiunt,
574 3723 884 3763 recusamus
912 3708 1308 3763 communicare
1339 3726 1352 3759 :
1385 3708 1521 3763 hanc
1551 3718 1727 3763 autem
1778 3708 1878 3762 mi-

278 3803 430 3856 nime
459 3801 542 3855 fas
569 3810 684 3867 est,
711 3817 773 3856 ac
801 3802 956 3856 citius
985 3803 1144 3856 vitam
1187 3802 1583 3872 profundemus,
1622 3819 1777 3873 quam
1825 3803 1876 3858 id

281 3893 426 3946 ferre
455 3893 696 3946 animum
734 3891 1066 3947 inducamus.
1106 3892 1370 3962 Virginem
1419 3894 1577 3963 igitur
1623 3904 1676 3948 ut
1725 3894 1875 3950 dice-

279 3983 429 4048 bam,
466 3983 920 4050 utpoteintactam
968 3993 1023 4036 et
1067 3981 1166 4038 sibi
1213 3983 1480 4052 propriam
1520 3983 1666 4037 omni
1713 3980 1876 4038 animi

285 4073 488 4142 impetu
519 4072 925 4142 complectetur,
953 4090 1069 4127 eam
1100 4089 1244 4138 vero,
1268 4089 1385 4144 quae
1411 4074 1562 4128 alteri
1589 4075 1732 4143 prius
1758 4090 1889 4129 con-

282 4169 483 4229 suevit,
521 4180 626 4218 non
654 4180 802 4234 aeque
833 4164 1102 4220 benevolis
1146 4173 1306 4234 atque
1353 4165 1536 4220 amicis
1577 4165 1748 4220 oculis
1788 4181 1877 4220 as-

283 4256 464 4324 picict.

356 4347 411 4401 6.
439 4346 629 4415 Neque
656 4356 709 4401 tu
740 4347 890 4415 mihi,
917 4364 1033 4418 quae
1058 4364 1177 4404 raro
1202 4365 1264 4403 ac
1289 4349 1373 4403 vix
1401 4350 1565 4405 semel
1593 4350 1866 4417 eveniunt,

289 4437 507 4503 afferas,
535 4437 629 4491 sed
652 4453 768 4506 qua:
793 4439 1026 4508 quotidie
1059 4440 1108 4492 in
1136 4441 1405 4493 communi
1433 4440 1536 4495 vita
1561 4448 1874 4496 cernuntur.

289 4529 475 4599 Neque
523 4546 654 4586 vero
697 4530 780 4584 bze
810 4532 937 4585 solae
967 4547 1140 4586 causa:
1183 4542 1342 4597 sunt,
1374 4549 1469 4587 cur
1513 4534 1603 4588 illa
1636 4533 1880 4590 fidentius

290 4632 452 4690 agat,
497 4637 684 4676 verum
713 4623 869 4677 etiam
902 4621 1020 4677 alia:
1063 4623 1262 4678 multm.
1309 4623 1438 4678 Nam
1464 4625 1637 4679 vidua:
1664 4625 1878 4696 quidem

291 4717 520 4770 maritus
550 4715 704 4771 facile
731 4716 1055 4787 exprobrare
1091 4716 1322 4786 poterit,
1361 4735 1418 4772 se
1443 4733 1653 4788 quoque
1686 4719 1753 4772 ab
1792 4718 1880 4773 illa

292 4811 447 4877 parvi
489 4811 624 4874 fieri,
656 4826 718 4864 ac
755 4809 1040 4880 despectus
1080 4809 1331 4864 indicium
1371 4811 1611 4881 proferre
1650 4811 1881 4866 infideli-

292 4910 488 4965 tatem,
519 4917 677 4971 quam
704 4916 828 4972 erga
861 4903 1092 4970 priorem
1123 4903 1296 4956 virum
1324 4901 1590 4968 adhibuit,
1622 4912 1780 4974 atque
1811 4904 1880 4958 ita

287 5009 355 5046 os
385 4994 463 5046 illi
489 4993 791 5060 obstruere,
818 4994 974 5064 idque
998 5003 1102 5049 tam
1128 4994 1193 5050 de
1217 4994 1496 5064 przeteritis
1523 4993 1698 5060 rebus,
1723 5011 1880 5065 quam

286 5086 360 5140 de
412 5087 495 5149 iis,
521 5103 641 5156 qua:
690 5087 913 5142 fortasse
952 5087 1144 5141 futura;
1182 5105 1291 5141 non
1333 5095 1473 5142 sunt.
1514 5087 1700 5143 Mortui
1741 5089 1881 5143 enim

290 5178 399 5229 viri
433 5187 790 5246 contemptus,
818 5179 1078 5232 viventem
1103 5192 1334 5248 quoque,
1377 5188 1432 5232 ut
1476 5179 1616 5234 idem
1659 5179 1759 5233 sibi
1789 5197 1884 5234 ex-

291 5276 531 5333 spectet,
577 5268 916 5332 admonebit,
950 5269 1076 5323 licet
1111 5278 1423 5323 eventurum
1453 5286 1563 5338 non
1584 5271 1671 5324 sit.
1706 5270 1886 5340 Neque

291 5372 434 5409 vero
462 5358 546 5412 ille
569 5359 715 5412 solus
739 5357 853 5412 lucc
881 5369 1139 5428 perpetuo
1166 5361 1319 5413 uxori
1348 5360 1607 5428 objiciens
1630 5361 1886 5415 molestus

291 5450 426 5510 erit,
452 5451 540 5505 sed
570 5450 750 5506 famuli
782 5451 942 5507 etiam
969 5461 1132 5522 atque
1159 5453 1386 5518 ancillae,
1417 5454 1459 5508 si
1487 5457 1662 5507 minus
1688 5454 1882 5523 palam,

294 5549 455 5594 certe
492 5544 650 5595 tacito
688 5542 914 5611 quodam
956 5558 1231 5598 murmure
1269 5545 1537 5598 sexcentis
1563 5545 1729 5613 ipsam
1753 5560 1885 5598 con-

298 5633 461 5688 viciis
496 5636 785 5691 incessunt.
827 5638 978 5704 Quod
1018 5639 1062 5693 si
1106 5637 1242 5692 ﬁlios
1284 5637 1588 5708 impuberes
1617 5653 1678 5692 ex
1708 5638 1887 5707 priore

301 5738 424 5775 vim
468 5723 744 5795 habuerit,
788 5731 1049 5799 quomodo
1107 5729 1226 5784 illos
1286 5731 1527 5788 cducabit
1556 5771 1569 5797 ,
1619 5730 1886 5801 quomodo

1375 292 1461 350 DE
1498 293 1632 350 NON
1671 292 2016 350 ITERANDO
2052 294 2397 354 CONJUGIO.

3431 298 3465 354 6
3476 297 3553 354 i8~¥

1963 408 2208 464 curabit?
2243 409 2434 479 quibus
2473 416 2649 464 autem
2678 410 2890 480 pupillis
2921 425 3024 464 non
3071 410 3143 463 illi
3187 411 3432 465 miserius
3459 413 3538 466 vi-

1966 509 2114 565 vent,
2161 501 2250 570 qui
2295 510 2514 570 paterna
2553 501 2732 555 omnia
2773 501 2824 554 in
2855 501 3073 556 alterius
3102 511 3364 570 potestate
3395 502 3545 558 vidc-

1963 590 2118 658 bunt,
2163 589 2407 658 famulos,
2449 590 2687 656 domum,
2732 591 2950 661 praedia,
2989 600 3042 645 et
3069 591 3209 661 quod
3245 602 3404 662 caput
3428 608 3547 646 om-

1965 685 2113 739 nium
2163 693 2284 751 est,
2333 685 2597 740 uxorem?
2647 685 2916 754 quomodo
2971 687 3154 740 matris
3206 686 3324 741 loco
3378 687 3546 756 ipsam

1966 777 2145 830 colere
2173 775 2245 830 illi
2276 775 2565 844 poterunt?
2594 775 2861 845 quomodo
2894 777 3036 847 ipsos
3063 777 3147 831 illa
3172 776 3400 832 ﬁliorum
3431 778 3547 834 loco

1966 866 2187 937 diligere
2212 909 2226 932 ,
2268 882 2401 937 quos
2443 883 2565 921 cum
2615 868 2882 934 intuetur,
2923 868 3202 924 erubescat
3241 883 3304 923 ac
3349 869 3550 938 pudore

1968 957 2301 1012 suffundatur
2333 973 2549 1013 necesse
2585 959 2675 1024 sit,
2713 959 3008 1028 quibusque
3048 975 3150 1014 non
3195 976 3406 1016 omnem
3448 961 3548 1015 im-

1968 1048 2205 1118 pendere
2254 1058 2552 1104 maternum
2600 1047 2846 1102 affectum
2901 1059 3114 1118 potest,
3158 1065 3344 1120 magna
3389 1052 3550 1105 animi

1968 1150 2128 1210 atque
2155 1140 2354 1194 amoris
2383 1149 2532 1208 parte
2566 1139 2617 1193 in
2647 1138 2815 1201 filios,
2844 1155 2978 1209 quos
3006 1155 3070 1194 ex
3097 1141 3268 1195 altero
3295 1140 3548 1212 suscepit,

1971 1229 2269 1285 translata?
2296 1229 2432 1296 Quid
2458 1229 2636 1300 igitur,
2667 1229 2896 1300 inquies,
2929 1230 2973 1283 si
2998 1229 3147 1285 valde
3177 1240 3357 1285 tenera
3392 1241 3550 1286 actate

1971 1319 2170 1388 fuerit,
2219 1329 2377 1391 atque
2422 1321 2612 1391 exiguo
2672 1329 2912 1390 tempore
2959 1320 3063 1375 frui
3109 1322 3242 1376 viro
3279 1323 3554 1391 potuerit?

1969 1412 2106 1479 Quin
2133 1411 2198 1466 ad
2231 1411 2436 1481 puellas
2474 1411 2589 1466 haec
2614 1411 2743 1466 mibi
2783 1411 2923 1466 dicta
2948 1421 3092 1479 sunt,
3126 1428 3232 1467 non
3271 1412 3406 1479 illas,
3436 1428 3554 1483 qum

1966 1504 2075 1574 jam
2105 1513 2436 1570 senuerunt;
2468 1519 2590 1559 nam
2617 1519 2737 1559 cum
2769 1504 2893 1572 illis,
2921 1505 2965 1559 si
2991 1505 3056 1559 ad
3087 1505 3294 1576 nuptias
3319 1508 3552 1561 animum

1971 1595 2255 1665 adjiciam,
2321 1611 2389 1651 ne
2419 1595 2637 1650 verbum
2681 1595 2894 1665 quidem
2927 1595 3153 1661 faciam;
3196 1612 3369 1667 neque
3410 1597 3552 1652 enim

1971 1696 2152 1743 nostra
2199 1687 2303 1741 illis
2341 1688 2511 1741 oratio
2551 1701 2580 1740 a
2621 1687 2856 1741 secundo
2898 1686 3242 1743 matrimonio
3285 1689 3558 1743 abstinen-

1971 1777 2096 1831 dum
2119 1776 2479 1846 persuaderet,
2503 1775 2645 1846 quod
2673 1790 2850 1845 neque
2894 1775 3148 1846 temporis
3178 1775 3563 1846 longinquitas.

1972 1883 2144 1939 neque
2165 1876 2317 1935 aetas,
2345 1882 2518 1936 neque
2545 1866 2688 1921 aliud
2711 1867 2999 1938 quidquam
3023 1866 3345 1937 persuadere
3368 1869 3559 1938 potuit;

1971 1959 2067 2014 Sed
2101 1957 2167 2013 ad
2195 1958 2420 2027 juvenes
2445 1961 2620 2013 omnis
2649 1958 2780 2012 mihi
2808 1967 2892 2014 est
2919 1958 3159 2013 instituta
3188 1960 3379 2013 oratio.
3405 1958 3560 2026 Qua:-

1973 2052 2047 2107 ris
2087 2051 2266 2123 igitur,
2315 2049 2442 2121 quid
2469 2049 2516 2105 si
2550 2049 2757 2119 puella,
2800 2059 2858 2105 et
2886 2066 3005 2120 quae
3041 2065 3146 2105 uno
3187 2059 3390 2105 tantum
3419 2067 3564 2107 anno

1973 2157 2093 2198 cum
2125 2142 2301 2212 priore
2331 2142 2444 2195 viro
2475 2141 2663 2206 fuerit,
2709 2141 2862 2196 alteri
2894 2141 3100 2197 nnbat?
3130 2158 3225 2197 cur
3251 2142 3392 2197 illam
3423 2159 3558 2212 prae-

1973 2236 2115 2291 feres
2142 2237 2223 2301 ei,
2256 2251 2373 2306 quae
2409 2236 2594 2306 viginti
2633 2245 2724 2290 aut
2753 2235 2967 2306 triginta
2995 2251 3167 2291 annos
3201 2237 3252 2291 in
3281 2237 3558 2291 matrimo-

1975 2330 2064 2383 nio
2090 2328 2238 2399 egit?
2277 2327 2391 2383 Non
2427 2327 2528 2382 hoc
2573 2343 2750 2382 meum
2780 2337 2882 2393 est,
2931 2327 3027 2383 sed
3071 2329 3210 2384 beati
3241 2329 3390 2384 Pauli
3423 2347 3433 2382 :
3469 2329 3558 2383 ille

1973 2422 2116 2476 enim
2149 2420 2362 2491 inquit:
2395 2419 2601 2474 Βιαιὶον
2642 2428 2810 2474 autem
2858 2421 2988 2485 erit,
3034 2421 3079 2474 si
3115 2421 3188 2473 sic
3231 2421 3561 2489 permanserit

1976 2515 2054 2586 (l.
2081 2513 2199 2570 Cor.
2229 2515 2281 2568 7.
2310 2512 2424 2586 ω).
2456 2513 2787 2584 Caeteroqui,
2818 2513 3031 2568 tametsi
3063 2513 3151 2567 illa
3177 2513 3266 2567 diu
3290 2529 3411 2568 cum
3445 2513 3563 2567 viro
3595 2561 3601 2567 .

1975 2606 2126 2670 vixit,
2157 2614 2332 2660 tamen
2361 2621 2482 2660 cum
2510 2621 2646 2671 uno,
2673 2604 2864 2660 eodem
2887 2647 2901 2670 ,
2933 2619 2996 2659 ac
3033 2606 3174 2671 solo,
3205 2620 3471 2675 quemque
3497 2607 3566 2660 ab

1976 2696 2130 2752 initio
2158 2696 2410 2767 accepit:
2444 2696 2560 2752 haec
2596 2706 2770 2752 autem
2819 2695 3030 2751 duobus
3077 2710 3135 2750 se
3182 2698 3349 2766 ipsam
3393 2695 3560 2759 dedit,

1967 2791 2138 2861 idque
2169 2790 2308 2845 intra
2338 2790 2499 2845 breve
2532 2801 2762 2860 tempus.
2792 2791 2859 2843 At
2887 2804 2990 2844 non
3019 2789 3290 2844 voluntate
3319 2804 3412 2843 sua
3431 2829 3448 2856 ,
3478 2789 3562 2843 in-

1976 2884 2130 2953 quit;
2179 2897 2303 2937 nam
2347 2882 2394 2940 si
2442 2883 2589 2952 prior
2632 2881 2874 2946 viveret,
2923 2895 3087 2934 unum
3142 2880 3293 2934 illum
3338 2887 3562 2943 amaret,

1977 2983 2235 3045 prieterea
2280 2973 2554 3029 neminem
2585 2990 2598 3026 :
2631 2987 2774 3028 nunc
2809 2973 3023 3042 quando
3069 2973 3352 3026 immatura
3393 2982 3564 3026 morte

1977 3067 2216 3121 sublatus
2255 3074 2357 3132 est,
2404 3065 2707 3120 necessario
2745 3064 2900 3118 alteri
2944 3063 3206 3132 jungitur.
3253 3063 3356 3117 Sed
3391 3064 3565 3133 qualis

1978 3169 2059 3216 est
2085 3159 2200 3214 lucc
2227 3159 2562 3214 necessitas?
2601 3158 2714 3227 Ego
2742 3157 2884 3211 enim
2912 3158 3010 3210 hac
3035 3170 3193 3226 quam
3223 3155 3384 3210 affers
3403 3155 3564 3208 aliam

1978 3253 2136 3323 longe
2176 3252 2431 3321 majorem
2457 3249 2634 3317 video,
2669 3264 2786 3318 qua:
2828 3249 2996 3318 ipsam
3041 3257 3251 3301 mortuo
3275 3247 3391 3301 viro
3431 3260 3564 3302 con-

1981 3353 2176 3399 tentam
2217 3358 2335 3399 esse
2363 3341 2615 3406 suadeat,
2648 3342 2896 3395 nimirum
2926 3338 3187 3414 gustando
3218 3337 3519 3409 percepisse
3545 3377 3562 3401 ,

1979 3445 2233 3504 quantum
2280 3434 2446 3488 amari
2490 3433 2613 3488 insit
2657 3433 2706 3486 in
2754 3431 2911 3486 rebus
2952 3429 3252 3484 mundanis.
3286 3428 3416 3482 Nam
3446 3443 3567 3497 qua:

1980 3529 2032 3583 in
2079 3527 2207 3598 ipsis
2257 3526 2441 3596 perdiu
2491 3533 2696 3580 versata
2741 3533 2795 3579 ct
2831 3523 3017 3577 satiata
3066 3530 3181 3588 est,
3227 3520 3292 3574 ad
3351 3520 3564 3574 easdem

1979 3634 2192 3674 rursum
2232 3633 2290 3672 se
2327 3616 2598 3680 conferet,
2639 3615 2789 3686 quasi
2828 3613 3032 3668 similes
3072 3613 3357 3666 inventura
3391 3627 3404 3664 :
3447 3625 3564 3680 quae

1979 3725 2154 3768 autem
2187 3711 2443 3782 principia
2483 3710 2595 3779 ipsa
2625 3708 2758 3762 adeo
2787 3705 3011 3760 molesta
3049 3714 3265 3774 experta
3295 3712 3409 3768 est,
3441 3704 3566 3774 quid

1980 3805 2080 3858 sibi
2131 3802 2358 3866 volens,
2409 3809 2500 3855 aut
2551 3813 2808 3869 Sperans,
2857 3796 3222 3850 molestiarum
3274 3794 3566 3865 periculum

1981 3893 2183 3950 faciet?
2212 3892 2345 3947 Nam
2376 3892 2420 3946 si
2449 3891 2567 3960 quis
2595 3889 2660 3942 ad
2689 3898 3045 3943 mercaturam
3079 3885 3314 3940 animum
3341 3885 3564 3954 appulit,

1979 3989 2026 4043 si
2055 3995 2336 4055 antequam
2367 3981 2654 4053 quidquam
2683 3979 2815 4034 lucri
2847 3978 3036 4042 faciat,
3068 3976 3224 4032 simul
3257 3991 3319 4031 ac
3347 3991 3376 4030 e
3412 3985 3565 4044 portu

1983 4080 2128 4145 exiit,
2156 4077 2485 4146 naufragium
2520 4073 2674 4138 fecit,
2707 4088 2810 4127 non
2845 4071 2998 4125 facile
3027 4078 3378 4125 mercaturam
3417 4078 3565 4138 post-

1983 4171 2083 4225 hac
2107 4169 2410 4232 cxercebit;
2445 4168 2514 4220 ita
2542 4172 2957 4220 consentaneum
2985 4170 3086 4226 cst,
3116 4161 3252 4214 hanc
3278 4160 3439 4212 multa
3467 4157 3565 4212 sibi

1985 4277 2015 4316 e
2045 4259 2386 4315 matrimonio
2412 4256 2643 4326 jucunda
2671 4256 3008 4324 pollicentem
3031 4294 3046 4318 ,
3075 4267 3256 4305 verum
3284 4258 3566 4318 antequam

1983 4352 2049 4406 ad
2079 4367 2141 4406 ea
2166 4351 2302 4405 bene
2333 4347 2668 4418 percipienda
2701 4345 2977 4415 pervenire
3007 4351 3198 4412 queat,
3257 4350 3455 4394 tantmn
3485 4339 3564 4394 lu-

1985 4454 2126 4497 ctum
2157 4437 2650 4510 deprehendentem
2677 4479 2690 4502 ,
2722 4451 2900 4491 rerum
2929 4434 3276 4488 humanarum
3307 4447 3566 4502 amorem,

1945 4549 1962 4570 κ
1987 4534 2085 4589 nisi
2117 4532 2268 4588 valde
2297 4532 2366 4586 sit
2407 4530 2802 4599 intemperans,
2848 4526 3135 4596 deponere.
3181 4525 3480 4594 Quinetiam
3522 4525 3566 4580 si

1987 4627 2140 4682 valde
2171 4628 2234 4682 iis
2262 4624 2525 4681 afficiatur
2554 4629 2712 4692 atque
2739 4621 2926 4686 inbiet,
2955 4619 3197 4689 principii
3231 4628 3404 4673 tamen
3437 4617 3568 4688 inju-

1989 4720 2234 4775 cnnditas
2262 4717 2390 4772 satis
2417 4715 2603 4771 idonea
2632 4724 2734 4780 est,
2761 4730 2879 4784 quae
2907 4729 3118 4768 omnem
3147 4711 3450 4780 exstinguat
3475 4725 3570 4766 cu-

1989 4811 2281 4881 piditatem.
2307 4808 2456 4863 Tune
2484 4807 2625 4863 enim
2659 4807 2710 4860 in
2741 4806 2822 4870 iis,
2858 4820 2978 4874 qnze
3017 4804 3345 4871 suscepimus
3366 4843 3380 4866 ,
3409 4803 3572 4870 potis-

1987 4903 2180 4960 simum
2214 4915 2556 4971 perseverare
2588 4897 2991 4960 consuevimus,
3023 4909 3142 4948 cum
3176 4892 3428 4962 principia
3459 4891 3569 4962 ipsa

1989 5012 2053 5050 ex
2083 4994 2345 5051 sententia
2388 4990 2782 5062 processerint;
2820 4987 2964 5059 quod
3003 4987 3047 5041 si
3089 4986 3156 5040 ab
3199 4986 3383 5049 initio,
3415 4994 3594 5054 atque-

1990 5090 2056 5142 ab
2089 5089 2251 5157 ipsis,
2284 5096 2341 5141 ut
2372 5086 2440 5139 ita
2482 5085 2706 5139 dixerim
2728 5124 2742 5147 ,
2785 5081 3088 5135 carceribus
3131 5081 3180 5132 in
3213 5077 3484 5131 molestias
3517 5092 3578 5130 ae

1990 5182 2328 5236 difficultates
2354 5179 2696 5240 incurrimus,
2731 5175 2909 5228 statim
2940 5172 3198 5242 cupiditas
3226 5169 3481 5234 defervct,
3516 5185 3576 5221 ac.

1992 5283 2158 5327 totum
2206 5269 2476 5340 negotium
2525 5268 2859 5337 deponimus.
2911 5262 3302 5330 Quamobrem,
3351 5275 3576 5330 quarum

1993 5365 2273 5418 immatura
2292 5360 2516 5415 viduitas
2539 5369 2638 5421 est,
2662 5359 2758 5412 has
2780 5357 2907 5411 mihi
2933 5357 3156 5408 alterum
3181 5353 3582 5407 matrimonium

1993 5455 2164 5509 facilis
2189 5452 2558 5522 repudiatur-as
2579 5448 2871 5504 verisimile
2897 5446 3128 5508 videtur,
3151 5459 3219 5499 ne
3245 5443 3430 5498 eadem
3459 5459 3575 5497 rur-

1992 5562 2083 5601 sus
2111 5544 2496 5614 perpetiantur.
2521 5541 2650 5596 Nam
2678 5556 2795 5608 qum
2822 5545 2997 5592 servat
3018 5535 3350 5600 viduitatem,
3379 5535 3432 5588 in
3465 5543 3578 5586 tuto

1994 5653 2050 5692 se
2093 5634 2408 5698 collocabit,
2444 5649 2545 5689 nec
2572 5631 2798 5688 similem
2830 5626 3052 5699 posthac
3093 5627 3292 5682 luctum
3333 5625 3576 5687 timebit;

1996 5745 2152 5801 quem
2180 5745 2306 5784 sane
2340 5737 2652 5797 exspectare
2693 5733 2939 5796 cogetur,
2984 5737 3100 5794 quae
3129 5721 3363 5779 secundo
3389 5717 3574 5774 mani—
