3944 6202
388 288 493 343 ϐὶ9

393 400 630 456 niunium
660 398 943 456 contraxit.
973 396 1086 452 liuc
1115 395 1319 451 accedit
1346 392 1588 450 eamdem
1615 391 1825 463 quidem
1852 405 1972 446 csse

395 493 730 557 viduitatem,
764 505 867 545 non
901 498 1075 543 tamen
1107 485 1347 541 eamdem
1377 485 1624 538 omnibus
1654 482 1823 537 viduis
1849 497 1974 551 pro-

394 584 620 652 positam
663 595 780 636 essc
819 578 1151 644 mercedem,
1182 577 1274 632 sed
1307 576 1397 631 uni
1441 575 1788 646 ampliorem,
1822 571 1972 626 alteri

395 674 712 742 parciorem.
748 670 875 738 Qua:
898 670 1038 724 enim
1077 669 1144 722 ab
1183 666 1538 722 adolescentia
1569 665 1752 736 jugum
1793 678 1976 719 susce-

394 769 616 832 perunt,
648 761 814 816 multo
843 759 1042 829 majore
1084 757 1288 812 honore
1321 757 1590 826 potientur
1611 797 1626 821 ,
1659 764 1816 825 atque
1857 769 1975 807 am-

395 853 654 923 plioribus
687 851 1027 914 muneribus;
1073 866 1192 919 qua:
1231 858 1406 903 autem
1438 849 1490 902 in
1535 848 1646 918 ipsa
1673 848 1782 916 jam
1818 862 1975 902 sene-

397 954 562 1009 etute,
591 959 695 997 non
727 957 876 1012 aeque
901 950 1060 1012 atque
1091 940 1215 995 illae.
1244 939 1379 1008 Quid
1415 938 1529 992 ita?
1558 937 1708 1004 Quod
1737 937 1821 990 illa
1861 936 1979 1007 qui-

395 1035 548 1100 dem,
577 1050 695 1088 cum
739 1033 902 1087 multa
931 1033 1240 1096 obstarent,
1287 1031 1355 1085 ob
1383 1030 1475 1084 Dei
1516 1031 1762 1083 timorem
1801 1028 1977 1082 omnia

396 1126 496 1180 sibi
545 1123 855 1194 perferenda
901 1123 1069 1186 duxit,
1117 1121 1238 1176 huic
1277 1130 1455 1175 autem
1498 1119 1646 1173 nullo
1683 1117 1877 1172 sudore
1916 1133 1979 1173 ac

399 1219 582 1272 labore
621 1231 756 1288 Opus
798 1217 893 1270 fuit
920 1233 933 1270 :
963 1216 1080 1284 quis
1125 1215 1266 1270 enim
1314 1214 1482 1280 labor,
1530 1213 1619 1268 ubi
1663 1211 1794 1266 nihil
1837 1211 1979 1281 quod

397 1309 501 1363 vim
550 1307 781 1363 afferat?
831 1306 1288 1372 Quemadmodum
1337 1305 1531 1375 igitur,
1581 1320 1700 1375 qua:
1749 1304 1979 1373 seipsam

398 1398 550 1454 alteri
579 1398 693 1452 viro
710 1397 851 1464 .didit
875 1439 889 1464 ,
922 1398 970 1452 ei
997 1440 1011 1464 ,
1053 1412 1170 1467 qua:
1201 1397 1414 1452 unicum
1448 1397 1691 1466 agnovit,
1724 1394 1985 1451 concedat

398 1497 612 1558 oportet
644 1505 655 1541 :
690 1489 761 1542 ita
789 1503 907 1558 qua:
948 1488 1000 1541 in
1034 1487 1262 1556 ipsemet
1287 1487 1458 1542 aetatis
1494 1487 1625 1541 flore
1651 1486 1704 1540 in
1729 1485 1982 1542 viduitate

401 1588 744 1649 perseverat,
773 1581 928 1649 longo
958 1580 1235 1635 intervallo
1279 1595 1396 1634 eam
1419 1621 1433 1646 ,
1466 1594 1584 1649 qua:
1621 1579 1674 1632 in
1712 1587 1985 1633 seneCtute

401 1670 573 1724 virum
614 1670 806 1735 amisit,
852 1671 1092 1724 anteibit.
1137 1671 1299 1739 Atqui
1345 1679 1569 1739 utraque
1598 1683 1762 1722 unum
1803 1667 1986 1721 habuit

401 1763 609 1829 virum,
649 1763 743 1817 sed
775 1763 887 1817 lia-c
930 1772 1104 1817 tamen
1150 1763 1322 1831 ipsum
1360 1761 1620 1816 castitatis
1661 1759 1982 1815 curriculum

403 1855 632 1909 confecit
654 1895 668 1919 ,
696 1853 786 1908 illa
816 1869 946 1909 vero
974 1855 1132 1923 longo
1161 1853 1311 1908 abest
1340 1852 1641 1907 intervallo.
1688 1850 1851 1920 Igitur
1877 1865 1985 1906 non

402 1950 470 2004 ad
502 1949 736 2004 laborem
781 1949 950 2004 solum
971 1989 985 2014 ,
1017 1948 1108 2002 sed
1137 1947 1294 2002 etiam
1325 1945 1393 2000 ad
1421 1944 1723 2000 mercedem
1754 1955 1983 2012 spectes.

404 2040 494 2094 Sic
524 2041 774 2109 pleraque
802 2040 1050 2093 virtutum
1078 2037 1251 2091 officia
1276 2036 1512 2091 difﬁcilia
1541 2035 1695 2090 nobis
1714 2035 1982 2101 videntur,

404 2145 523 2184 cum
573 2130 797 2185 sudores
844 2141 1002 2199 atque
1051 2143 1345 2193 mrumnas,
1379 2143 1495 2198 quae
1525 2126 1816 2182 subeunda:
1841 2135 1984 2193 sunt,

404 2222 616 2276 assidue
637 2223 816 2278 animo
837 2237 1135 2289 versamus,
1160 2235 1332 2290 neque
1358 2221 1625 2290 proposita
1651 2220 1755 2275 illis
1771 2220 1986 2291 praemia

404 2312 900 2368 animadvertimus.

481 2404 598 2461 Una
633 2423 746 2460 cum
799 2406 1052 2461 laboribus
1091 2407 1300 2476 premia
1349 2422 1542 2477 quoque
1588 2404 1878 2477 spectanda.
1917 2432 1990 2444 -—

407 2499 559 2565 Quod
588 2501 807 2554 minime
834 2500 1130 2554 faciendum
1161 2509 1262 2564 est,
1287 2499 1380 2553 sed
1407 2497 1805 2566 circumspectis
1830 2496 1989 2551 simul

409 2590 678 2645 laboribus
718 2605 781 2644 ac
812 2591 1045 2660 prtemiis
1073 2604 1279 2644 summa
1323 2588 1698 2653 subducenda;
1731 2597 1858 2641 tunc
1897 2603 1992 2640 au-

410 2694 514 2736 tem
537 2725 553 2750 ,
585 2693 642 2738 ut
670 2698 799 2738 vere
842 2691 996 2750 sunt,
1041 2682 1113 2736 ita
1140 2697 1169 2736 a
1199 2682 1351 2737 nobis
1381 2681 1552 2735 facilia
1591 2680 1989 2750 judicabuntur.

409 2771 541 2827 Nam
567 2773 655 2842 qui
682 2773 733 2826 in
764 2772 904 2828 bello
927 2771 1184 2842 przeclare
1206 2785 1264 2826 se
1284 2771 1439 2842 gerit,
1471 2786 1576 2825 non
1596 2769 1814 2825 vulnera
1840 2769 1994 2824 dum-

411 2870 585 2927 taxat,
614 2877 768 2917 casus
796 2877 866 2940 ac_
883 2871 1141 2930 mortem,
1170 2862 1274 2918 sed
1301 2864 1459 2917 etiam
1491 2870 1716 2932 tropaea,
1742 2861 1992 2916 victorias

409 2959 738 3023 ceterosque
764 2953 996 3009 honores
1020 2969 1208 3010 omnes
1231 2962 1485 3024 reputans
1509 2953 1562 3008 in
1589 2953 1756 3008 aciem
1784 2953 1994 3008 fortiter

411 3042 686 3100 descendit
734 3062 746 3098 :
789 3045 867 3102 sic
916 3045 1143 3116 agricola
1195 3059 1301 3102 non
1355 3045 1533 3101 solum
1585 3044 1851 3112 laborem,
1901 3044 1992 3116 qui

1105 289 1162 342 S.
1197 287 1479 344 .lOANNlS
1514 286 2000 342 CllRYSOSTOMl
2035 281 2366 342 ARCIIIEP.
2400 277 2945 340 CONSTANTINOP.

3545 282 3648 337 6ἳο

2073 391 2274 448 arando
2311 409 2376 448 ac
2417 392 2666 450 fodiendo
2691 394 2982 450 sumendus
3008 403 3088 450 est
3110 435 3125 462 ,
3165 392 3256 450 sed
3284 393 3443 449 etiam
3475 408 3643 452 arcam

2075 495 2138 536 ac
2183 483 2460 538 toreularia
2497 485 2566 539 ob
2597 485 2781 540 oculos
2823 499 3163 556 proponens,
3209 485 3454 540 alacriter
3494 500 3650 556 opera

2077 589 2171 629 sua
2203 586 2372 646 urget.
2417 577 2599 631 ltidcm
2641 578 2798 647 igitur
2835 585 2890 632 et
2928 591 3026 632 nos
3053 592 3146 648 spe
3185 579 3326 633 bona
3367 594 3651 634 mrutnnam

2079 665 2346 720 viduitatis
2371 666 2540 723 levem
2568 667 2870 733 reddamus,
2899 676 3056 738 atque
3080 682 3146 723 eo
3174 670 3342 739 magis
3375 682 3472 722 nos
3495 684 3650 738 quam

2079 756 2172 820 illi,
2204 757 2345 825 quod
2376 757 2480 812 illis
2503 755 2716 828 quidem
2740 758 2903 812 multa
2931 773 3070 827 saepe
3093 773 3157 812 ex
3190 760 3274 827 iis,
3307 775 3426 828 qua:
3452 759 3503 813 in
3529 759 3655 829 ipsis

2079 851 2180 904 sita
2211 865 2316 904 non
2347 859 2518 915 erant,
2547 850 2998 921 exspectationem
3027 851 3420 920 praeciderunt;
3453 860 3656 906 nostras

2080 951 2256 997 autem
2295 958 2418 1013 spes
2462 958 2620 998 nemo
2661 952 2744 998 est
2787 944 2875 1014 qui
2917 942 3238 1008 confundat,
3280 942 3382 998 nisi
3419 943 3657 997 voluntas

2082 1042 2260 1088 nostra
2287 1035 2590 1089 accesserit.
2621 1033 2750 1100 Quae
2780 1032 2981 1088 utinam
3015 1048 3119 1088 non
3150 1033 3382 1097 accedat,
3415 1032 3509 1087 sed
3535 1033 3660 1087 illud

2084 1124 2356 1179 nobiscum
2407 1125 2699 1194 cogitantes
2748 1123 2959 1178 viduam
3004 1139 3034 1176 a
3081 1125 3282 1194 virgine
3327 1139 3432 1177 non
3474 1125 3659 1193 procul

2083 1217 2272 1272 abesse
2291 1257 2305 1282 ,
2336 1228 2494 1287 atque
2521 1217 2681 1272 etiam
2711 1216 2979 1271 interdum
3026 1216 3171 1270 illam
3199 1217 3520 1270 antecellcre
3540 1257 3556 1282 ,
3588 1217 3667 1270 ni-

2086 1309 2312 1374 mirum,
2343 1322 2459 1362 cum
2491 1307 2640 1377 virgo
2671 1307 2897 1377 negotiis
2923 1321 2980 1361 se
3018 1307 3303 1376 implicarit
3334 1323 3348 1360 :
3385 1305 3547 1360 Vidua
3568 1320 3665 1358 au-

2091 1409 2191 1456 tem
2223 1415 2288 1454 cx
2309 1399 2459 1454 Pauli
2485 1400 2748 1454 sententia
2796 1399 3019 1453 desolata
3044 1408 3091 1452 et
3113 1399 3166 1451 in
3187 1397 3295 1452 Deo
3319 1414 3457 1466 spem
3481 1413 3668 1468 ponens

2085 1491 2320 1545 institerit
2359 1490 2780 1544 obsecrationibus
2808 1498 2854 1543 et
2893 1489 3202 1543 orationibus
3231 1488 3318 1557 (1.
3344 1487 3387 1540 Τ
3386 1489 3474 1543 int.
3501 1487 3556 1542 5.
3582 1487 3668 1556 5),

2087 1592 2246 1652 atque
2274 1582 2340 1637 ab
2369 1581 2526 1652 hujus
2556 1583 2681 1637 vitae
2721 1581 2948 1652 negotiis
2975 1580 3308 1636 abstinuerit.
3349 1579 3404 1634 In
3447 1593 3664 1633 arenam

2091 1675 2228 1730 hanc
2255 1674 2642 1730 descendamus
2671 1683 2728 1728 ut
2770 1673 3040 1743 quaatinde
3069 1687 3167 1728 nos
3190 1681 3408 1727 manent
3448 1669 3669 1742 praemia

2090 1783 2498 1838 consequamur.
2526 1767 2669 1833 llmc,
2700 1781 2806 1820 non
2832 1781 2938 1836 quo
2966 1765 3263 1820 necessaria
3286 1764 3671 1835 judicaremus,

2091 1861 2362 1914 attulimus
2382 1901 2397 1926 ,
2425 1867 2516 1913 aut
2544 1873 2651 1928 quo
2675 1857 2823 1923 illas,
2851 1873 2970 1927 qua:
3000 1857 3052 1910 in
3079 1856 3333 1912 viduitate
3362 1866 3675 1926 permanere

2091 1950 2296 2017 nolunt,
2323 1949 2829 2015 condemnaremus,
2858 1948 2950 2002 sed
2980 1947 3082 2002 hoc
3111 1961 3271 2001 unum
3301 1944 3675 2000 cohortatione

2092 2040 2559 2110 admonitioneque
2586 2047 2766 2093 nostra
2791 2048 3029 2109 agentes,
3058 2046 3115 2091 ut
3142 2052 3210 2092 ne
3239 2046 3392 2091 terra:
3422 2045 3677 2105 perpetuo

2093 2132 2265 2187 affixae
2297 2131 2505 2186 haerere
2539 2131 2724 2198 velint,
2770 2129 2863 2184 sed
2905 2129 3071 2184 semel
3109 2128 3294 2182 soluta:
3337 2127 3389 2180 in
3431 2125 3678 2180 libertate

2096 2231 2366 2289 maneant,
2391 2222 2456 2277 ad
2476 2223 2667 2278 caelum
2702 2223 2957 2290 aspirent,
2984 2219 3253 2274 caelestem
3277 2216 3486 2272 vivendi
3518 2217 3680 2270 ratio-

2097 2333 2218 2372 nem
2247 2315 2553 2380 adhibeant,
2579 2329 2641 2367 ac
2667 2313 2862 2383 juncta:
2885 2311 3095 2366 Christo
3116 2326 3178 2366 ea
3198 2311 3374 2365 omnia
3402 2318 3674 2380 praestent,

2095 2425 2214 2481 qua:
2241 2409 2308 2463 iis
2330 2406 2669 2472 conveniunt,
2695 2420 2812 2474 qua:
2837 2413 3040 2458 tantum
3065 2411 3232 2458 nacta:
3254 2411 3378 2456 sunt
3398 2416 3679 2472 sponsum:

2093 2501 2343 2571 quoniam
2387 2498 2561 2567 ipsum
2613 2497 2768 2552 decet
2789 2496 2805 2527 ³
2837 2496 3010 2551 omnis
3061 2494 3246 2564 gloria,
3279 2493 3449 2547 honor
3474 2502 3532 2546 et
3559 2492 3685 2547 ado-

2094 2593 2231 2646 ratio
2259 2605 2362 2645 una
2391 2604 2509 2644 cum
2537 2597 2753 2657 experte
2783 2585 3028 2656 principii
3055 2585 3210 2640 Patre
3238 2599 3301 2638 ac
3323 2582 3536 2638 viviﬁco
3561 2597 3682 2636 san-

2097 2694 2290 2752 etoque
2320 2681 2488 2751 ipsius
2517 2677 2718 2748 Spiritu
2738 2719 2752 2746 ,
2787 2691 2928 2732 nunc
2966 2684 3019 2732 et
3047 2690 3292 2747 semper,
3320 2683 3375 2730 et
3402 2674 3456 2728 in
3483 2673 3684 2730 szccula

2097 2773 2438 2830 saeculorum.
2466 2773 2657 2827 Amen.

2162 2993 2179 3025 ί
2216 2991 2444 3052 Quoniam
2466 2988 2623 3054 ipsum
2645 2987 2795 3054 decet,
2821 2993 2926 3054 etc._
2948 2993 3064 3054 tiasc
3102 2983 3298 3054 vulgata
3307 3046 3314 3054 _
3331 2979 3582 3054 conclusio
3603 2981 3688 3032 do-

2102 3062 2178 3106 est
2201 3045 2251 3104 in
2271 3054 2424 3114 Colb.,
2448 3045 2622 3116 estque
2645 3045 2847 3102 fortaése
2869 3045 3245 3099 additamentth
3268 3045 3466 3096 librarii.
