3944 6202
520 259 614 316 δίει

539 452 1931 480 agam

1210 258 1266 315 S.
1305 259 1593 316 JOANNIS
1630 257 2124 316 CllllYSOSTOMI
2165 258 2487 316 ARCHIEP.
2532 258 3077 316 CONSTANTINOP.
3678 261 3777 320 6‘32

2052 455 3768 485 ἴτ’-Μ

1854 466 2210 478 .—-—————

1271 694 1396 780 IN
1501 689 1932 784 LIBROS

2036 690 2182 780 DE
2288 687 3042 783 SACEBDOTIO

1785 970 2517 1089 MONITUM.

1913 1240 2398 1267 ηψ-

587 1423 737 1498 ιὸῑὶυ]
758 1422 953 1479 Eximii
968 1419 1149 1492 operis
1165 1426 1542 1491 argumentum
1557 1433 1621 1472 ex
1647 1417 1765 1487 ipso
1786 1416 1905 1486 ejus
1922 1431 2095 1486 proa-

519 1522 632 1573 nno
654 1531 986 1573 mutuamur.
1016 1513 1279 1574 Basilius,
1317 1513 1457 1567 inter
1483 1511 1692 1566 amicos
1714 1508 2092 1580 Cbrysostomi

527 1609 855 1681 pracipuns,
887 1607 1081 1662 iisdem
1106 1613 1268 1675 atque
1295 1604 1383 1659 ille
1417 1602 1717 1674 magistris,
1764 1600 1959 1656 iisdem
2010 1599 2093 1654 di-

527 1699 774 1770 sciplinis
796 1712 1013 1768 operam
1042 1695 1195 1751 dedit
1221 1713 1234 1748 :
1274 1710 1372 1764 par
1401 1702 1519 1747 erat
1544 1692 1826 1762 utriusque
1855 1689 2091 1755 animus,

523 1788 625 1859 par
652 1789 869 1861 generis
908 1785 1192 1851 conditio;
1235 1800 1402 1838 unum
1455 1783 1597 1838 circa
1652 1784 1777 1836 vita
1826 1781 2093 1836 rationem

520 1878 884 1950 propositum,
938 1875 1197 1932 amicitia
1246 1872 1466 1928 vinculo
1514 1880 1903 1941 opportunum.
1955 1869 2092 1924 Cum

521 1987 649 2024 vero
678 1969 984 2040 proximum
1009 1976 1154 2023 esset
1183 1974 1244 2021 ut
1277 1964 1510 2020 Basilius
1539 1965 1704 2018 vitam
1731 1960 2087 2016 monasticam

519 2064 955 2132 amplecteretur,
992 2069 1122 2115 tunc
1181 2058 1605 2129 Cltrysostomus
1655 2053 1774 2111 foro
1807 2069 2093 2125 scenaque

520 2153 772 2209 addictus
811 2152 990 2209 studia
1038 2152 1091 2206 in
1144 2150 1419 2206 contraria
1480 2148 1805 2205 declinabat.
1857 2146 2095 2203 Basilius

515 2262 667 2307 vero.
697 2245 789 2317 qui
824 2243 1201 2317 Chrysostomi
1242 2242 1545 2297 amicitiam
1573 2250 1627 2297 et
1664 2240 2086 2297 contubernium

517 2338 699 2409 magni
726 2337 976 2401 iaciebat,
1011 2317 1113 2390 hoc
1160 2334 1228 2389 ab
1268 2349 1334 2389 eo
1379 2334 1595 2389 demum
1647 2333 1979 2403 impetravit,
2034 2340 2095 2388 ut

517 2433 680 2484 domo
736 2438 966 2496 uterque
1016 2442 1117 2483 sua
1167 2426 1354 2481 relicta
1405 2440 1697 2481 commune
1753 2425 2089 2481 domicilium

516 2524 830 2580 incolerent.
862 2520 987 2577 Hac
1024 2520 1268 2576 consilia
1299 2519 1393 2574 ubi
1448 2520 1685 2589 primum
1722 2519 1893 2575 sensit
1921 2517 2095 2589 Chry-

517 2613 740 2669 sostomi
774 2623 968 2677 mater,
1005 2611 1177 2665 lilium
1207 2625 1276 2665 ne
1314 2625 1374 2665 se
1402 2610 1621 2666 deserat
1654 2609 1908 2665 admistis
1934 2610 2091 2665 blan-

513 2706 663 2761 ditiis
685 2705 961 2769 hortatttr,
996 2704 1240 2773 dumque
1275 2702 1379 2772 ipsi
1430 2717 1459 2756 a
1497 2701 1726 2772 pristina
1780 2715 1918 2771 pene
1967 2716 2092 2756 sen-

516 2800 684 2855 tentia
717 2798 951 2853 abducto
1014 2797 1183 2852 instat
1219 2794 1474 2860 Basilius,
1534 2795 1724 2850 eadem
1755 2810 1877 2865 qua
1939 2795 2092 2865 prius

513 2890 839 2960 cﬂlagitans,
871 2903 1000 2944 ecce
1043 2885 1188 2941 fama
1244 2886 1485 2956 undique
1531 2885 1843 2956 percrebuit
1880 2894 2092 2941 utrum-

514 2998 623 3051 que
651 2982 704 3035 in
739 2980 1103 3050 episcopalem
1139 2978 1455 3049 dignitatem
1482 2976 1915 3048 promovendum
1939 2993 2086 3035 esse.

514 3071 633 3127 Iloc
666 3070 897 3141 perculsi
943 3070 1105 3125 ambo
1143 3083 1362 3124 rumore
1393 3068 1552 3139 longe
1605 3068 1872 3125 dissimile
1913 3069 2093 3126 consi-

513 3167 647 3220 lium
687 3165 913 3230 ineunt;
947 3161 1182 3217 Basilius
1215 3171 1385 3217 totum
1412 3161 1490 3215 rei
1514 3161 1784 3231 judicium
1819 3162 2090 3233 permittit

511 3259 711 3324 amico,
746 3258 797 3311 in
852 3264 1148 3324 utrumque
1178 3262 1426 3323 paratus,
1477 3253 1593 3308 sive
1634 3254 2086 3309 consentiendum

511 3354 624 3407 sive
652 3348 965 3420 fugiendum
997 3357 1185 3412 esset;
1214 3346 1638 3417 Cbrysostomus
1689 3362 1843 3411 vero,
1895 3348 1989 3417 qui
2029 3363 2089 3403 se

510 3451 661 3498 tanto
691 3441 897 3496 honore
917 3454 1145 3508 prorsus
1175 3437 1453 3507 indignutn
1473 3478 1488 3502 ,
1524 3438 1760 3503 amicum
1819 3455 1948 3495 vero
2002 3440 2090 3495 di-

506 3532 830 3604 gnissimum
884 3530 1157 3593 censebat,
1200 3544 1269 3584 ne
1308 3537 1417 3584 tam
1462 3530 1657 3584 idoneo
1696 3531 1945 3587 ministro
1984 3531 2091 3588 Ec-

509 3623 731 3679 clesiam
753 3619 843 3674 Dei
875 3619 1125 3688 privaret,
1143 3620 1231 3689 pia
1252 3636 1385 3675 usus
1413 3627 1550 3682 arte,
1571 3618 1704 3673 nihil
1723 3635 1915 3690 urgere
1930 3621 2087 3689 dixit,

509 3717 600 3772 sed
624 3716 725 3770 hac
761 3713 827 3770 de
859 3729 915 3770 re
963 3722 1149 3783 postea
1205 3728 1306 3769 suo
1362 3721 1606 3783 tempore
1668 3712 2085 3767 deliberandum

508 3824 630 3863 esse
654 3826 669 3861 :
696 3822 758 3861 ea
785 3806 993 3861 scilicet
1021 3811 1221 3871 mente,
1261 3814 1317 3859 ut
1363 3805 1617 3859 incautus
1644 3801 1882 3860 Basilius
1922 3820 2086 3874 cape-

507 3908 656 3953 retur
678 3907 732 3953 et
757 3896 1121 3966 episcopalem
1152 3897 1400 3951 ordinem
1444 3896 1528 3950 vel
1561 3896 1764 3950 invitus
1792 3896 2080 3965 acciperet.

511 3989 631 4058 Ipse
665 4004 793 4043 vero
818 3988 1034 4043 interim
1062 4001 1184 4042 sese
1227 3986 1559 4060 occultavit:
1594 4001 1790 4056 resque
1827 4001 1926 4056 pro
1957 3997 2084 4042 voto

507 4080 583 4134 illi
614 4079 819 4145 cessit;
868 4088 1059 4147 captus
1088 4078 1234 4133 enim
1268 4076 1526 4143 Basilius,
1562 4076 1663 4131 etsi
1716 4076 1808 4130 diu
1844 4090 2080 4131 relucta-

506 4185 613 4237 tus,
648 4172 932 4227 ordinatus
987 4180 1169 4225 tamen
1227 4176 1332 4226 est.
1389 4168 1527 4225 Hinc
1586 4169 1840 4241 quarela
1897 4170 2079 4225 Basilii

480 4245 646 4337 'apud
673 4263 1141 4337 Chrysostomum,
1170 4271 1225 4318 et
1249 4261 1635 4332 responsiones
1672 4259 2078 4332 Chrysostomi,

501 4362 658 4428 queis
692 4367 862 4414 totum
900 4372 1040 4429 opus
1098 4356 1300 4427 dialogi
1354 4370 1508 4411 more
1556 4355 1952 4421 constituitur;
2004 4355 2078 4410 ibi

502 4462 632 4502 vero
661 4448 729 4504 de
755 4447 1020 4519 dignitate
1047 4456 1103 4504 et
1120 4447 1308 4525 .olIicio
1338 4446 1684 4502 sacerdotum
1716 4455 1826 4501 tam
1865 4445 2079 4517 egregie

502 4538 744 4606 loquitur
791 4545 1014 4592 sanctus
1071 4538 1301 4604 doctor,
1356 4544 1417 4592 ut
1475 4537 1564 4592 hic
1615 4537 1752 4593 liber
1817 4538 2075 4594 omnibus

500 4643 718 4696 semper
752 4627 1101 4682 admirationi
1140 4627 1326 4684 fuerit.
1364 4629 1606 4685 Isidorus
1634 4638 1781 4685 certe
1801 4627 2075 4687 PelusiOta

501 4719 663 4787 epist.
700 4716 804 4771 156
833 4718 957 4772 libri
1003 4733 1043 4782 ι,
1082 4717 1307 4772 Nullum
1345 4720 1507 4783 enim,
1570 4720 1666 4783 ait,
1727 4719 1954 4786 nullum,
1991 4722 2076 4775 in-

499 4828 679 4881 quam,
711 4796 889 4881 pectus
937 4810 1095 4880 hujus
1130 4810 1282 4865 lectio
1311 4812 1627 4881 penetravit,
1678 4813 1817 4883 quod
1854 4831 1955 4868 non
1992 4815 2075 4867 di-

498 4902 618 4957 rino
649 4920 827 4958 amore
850 4904 1108 4958 sauciarit
1133 4918 1151 4956 :
1179 4904 1531 4957 venerandam
1568 4906 1756 4974 quippe
1780 4922 1887 4959 rem
1915 4916 2075 4974 atque

498 4997 651 5050 aditu
688 4996 947 5067 difﬁcilem
982 4994 1339 5050 sacerdotium
1388 5011 1498 5049 esse
1544 4995 1896 5062 demonstrat,
1931 4999 2074 5069 ejus—

495 5103 595 5159 que
650 5088 748 5140 rite
785 5087 1196 5141 administrandi
1251 5087 1511 5142 rationem
1571 5088 1739 5141 docet.
1789 5087 1932 5142 Nam
1974 5090 2069 5145 Dei

494 5194 812 5232 arcanorum
839 5179 1051 5247 sapiens
1101 5178 1190 5232 ille
1222 5180 1476 5248 interpres
1506 5178 1764 5242 Joannes,
1820 5180 2070 5250 Byzantii

491 5269 782 5337 episcopus,
808 5279 964 5339 atque
1005 5268 1133 5323 adeo
1162 5270 1321 5323 totius
1352 5269 1606 5325 Ecclesia:
1635 5269 1838 5335 oculus,
1872 5270 2067 5325 librum

492 5357 643 5411 illum
663 5366 771 5412 tam
800 5358 1066 5414 subtiliter
1092 5369 1140 5414 et
1169 5369 1415 5415 accurate
1442 5362 1793 5425 concinnavit,
1818 5372 1872 5415 ut
1895 5379 2070 5416 omnes

494 5457 602 5502 tam
618 5450 708 5518 qui
722 5450 1008 5504 secundum
1030 5450 1129 5506 Dei
1156 5453 1432 5521 placitura,
1451 5468 1608 5522 quam
1638 5453 1727 5520 qui
1753 5454 2070 5524 negligenter

490 5535 784 5590 sacerdotio
832 5539 1154 5610 funguntur,
1200 5540 1281 5594 hic
1325 5550 1433 5594 tum
1477 5541 1693 5597 virtutes
1740 5552 1850 5596 tum
1898 5543 2067 5611 o/fen-

489 5628 659 5681 siones
675 5645 796 5682 suns
817 5643 1216 5700 repraesentatas
1240 5634 1525 5689 iureniant.
1559 5633 1757 5691 Suidas
1774 5651 1904 5690 vero
1924 5635 2066 5690 hunc

490 5718 684 5774 librum
716 5723 974 5777 eximium
1000 5740 1119 5779 csse
1142 5725 1364 5796 dicit“?
1397 5743 1453 5778 τε
1478 5725 1719 5794 Magni
1750 5730 1813 5797 τῇ
1847 5727 2062 5799 φράσει,

2197 1412 2290 1466 καὶ
2328 1415 2393 1485 τῇ
2428 1413 2683 1487 λειότητι,
2715 1418 2808 1470 καὶ
2835 1420 2911 1489 τῷ
2932 1420 3114 1476 κάλλει
3141 1423 3248 1477 τῶν
3286 1424 3588 1497 ὀνομάτων,
3614 1449 3634 1482 ς
3661 1439 3780 1488 tum

2196 1505 2528 1563 sublimitate
2564 1508 2940 1580 et’dictione,
2986 1523 3099 1569 tum
3141 1516 3365 1575 lenitate
3408 1531 3465 1576 et
3502 1522 3780 1595 elegantia

2194 1597 2508 1655 verberum.
2547 1619 2567 1653 ι

2269 1688 2375 1746 Sed
2442 1692 2592 1748 circa
2628 1693 2773 1751 hanc
2833 1696 3121 1755 historiam
3178 1702 3392 1773 aliquot
3441 1708 3780 1775 quastione:

2200 1792 2537 1840 moventur:
2575 1786 2755 1856 primo
2804 1804 2915 1857 quo
2967 1798 3213 1863 tempore
3268 1795 3405 1865 hac,
3440 1814 3563 1868 qua
3611 1815 3781 1872 supra

2197 1889 2417 1932 narrata
2460 1886 2610 1944 sunt,
2651 1881 3020 1953 contigerint;
3059 1884 3257 1943 deinde
3286 1890 3411 1959 quis
3441 1892 3513 1947 sit
3544 1893 3636 1948 ille
3674 1893 3781 1950 Ba-

2199 1967 2411 2033 silius,
2465 1967 2845 2042 Cbrysosromi
2902 1974 3137 2042 amicus,
3197 1988 3267 2034 ct‘
3327 1982 3486 2051 cujus
3534 1984 3780 2043 civitatis

2197 2060 2490 2131 episcopus
2549 2062 2621 2118 sit
2693 2066 3021 2133 ordinatus;
3080 2070 3301 2127 demttm
3360 2090 3470 2144 quo
3524 2085 3776 2149 tempore

2196 2150 2631 2223 Chrysostomus
2674 2155 2836 2212 hosce
2870 2157 3038 2216 libros
3067 2162 3315 2219 ediderit.
3349 2163 3507 2231 Quod
3562 2178 3779 2240 spectat

2197 2242 2265 2298 ad
2295 2251 2507 2313 tempus
2532 2254 2765 2317 peracta
2786 2249 2886 2312 rei,
2917 2260 3127 2306 certum
3160 2262 3269 2325 est,
3300 2254 3418 2326 ipso
3446 2259 3779 2317 testiﬁcante

2194 2336 2614 2408 Chrysostomo,
2644 2339 2697 2394 id
2729 2341 2994 2398 accidisse
3024 2359 3150 2400 cum
3181 2347 3361 2404 adhuc
3393 2350 3481 2405 ille
3505 2351 3559 2407 in
3589 2351 3775 2410 forum

2196 2426 2456 2499 frequens
2483 2431 2798 2499 ventitaret,
2825 2440 2880 2488 et
2930 2449 3111 2491 scena
3137 2437 3537 2498 oblectamenta
3586 2456 3775 2503 secta-

2197 2531 2394 2586 retur;
2425 2530 2589 2593 atque
2629 2522 2766 2579 adeo
2803 2534 2929 2580 ante
2955 2541 3159 2582 annum
3190 2529 3315 2598 375,
3344 2548 3454 2603 quo
3497 2550 3624 2592 cum
3658 2545 3779 2595 tar-

2201 2613 2428 2669 dissime
2454 2614 2509 2670 in
2545 2615 2894 2673 solitudinem
2937 2634 2998 2676 se
3030 2624 3299 2691 contulit,
3338 2627 3430 2682 ubi
3468 2644 3565 2685 sex
3611 2635 3780 2692 annis

2205 2706 2466 2761 sevet‘iori
2498 2706 2806 2778 disciplina
2836 2726 2958 2768 sese
2980 2721 3155 2770 totum
3188 2715 3334 2772 dedit
3366 2736 3382 2775 :
3416 2734 3594 2793 neque
3623 2726 3777 2782 enim

2198 2803 2323 2865 post
2359 2795 2513 2851 illum
2547 2812 2847 2869 secessum,
2879 2803 2962 2857 vel
2990 2801 3302 2863 forensibus
3331 2812 3515 2868 causis
3544 2827 3777 2884 operam

2196 2887 2366 2954 dedit,
2394 2889 2479 2944 vel
2512 2904 2686 2946 scena
2750 2895 3059 2962 spectacula
3100 2905 3342 2957 sectatus
3379 2911 3467 2957 est
3497 2920 3774 2978 unquam.

2202 2978 2423 3035 Certum
2459 2989 2543 3037 est
2571 2981 2782 3052 itidem,
2816 2985 2937 3055 ipso
2971 2996 3164 3043 sancto
3212 2988 3436 3047 doctore
3484 3008 3778 3065 narrante,

2193 3089 2318 3129 cum
2365 3078 2481 3132 hac
2518 3088 2837 3149 agerentur,
2863 3080 2976 3152 jam
3014 3080 3469 3154 Chrysostomum
3522 3101 3578 3145 et
3610 3091 3778 3150 Basi-

2196 3163 2330 3219 lium
2364 3168 2651 3238 magistris
2685 3179 2738 3223 et
2775 3168 3093 3227 doctoribus
3138 3174 3481 3242 valedixisse,
3530 3196 3776 3248 quorum

2192 3265 2511 3326 postremus
2566 3257 2745 3314 iuerat
2793 3259 3062 3319 Diodorus
3093 3263 3401 3323 Tarsensis.
3439 3270 3577 3328 Huic
3638 3291 3778 3333 vero

2191 3363 2412 3421 operam
2449 3352 2652 3407 dabant
2693 3360 2924 3424 uterque
2980 3370 3126 3411 anno
3165 3359 3387 3416 circiter
3424 3362 3524 3418 571
3563 3382 3578 3431 ;
3619 3371 3776 3427 unde

2195 3452 2461 3512 sequatur
2489 3458 2552 3497 ea
2582 3444 2765 3499 omnia
2825 3445 2917 3499 illo
2961 3447 3232 3504 accidisse
3265 3453 3442 3521 spatio
3492 3459 3641 3526 quod
3680 3462 3777 3515 in-

2191 3534 2399 3590 terﬂuit
2433 3550 2608 3590 annos
2650 3534 2794 3591 inter
2834 3536 2940 3591 572
2969 3548 3024 3593 et
3055 3539 3183 3605 375,
3218 3556 3397 3614 neque
3433 3546 3546 3602 ullo
3598 3552 3777 3608 modo

2190 3643 2353 3698 posse
2382 3627 2569 3684 isthae
2598 3628 2681 3683 vel
2715 3631 2864 3700 prius
2894 3631 2978 3685 vel
3007 3642 3196 3702 postea
3228 3635 3419 3692 locari.
3480 3640 3772 3702 Adversus

2193 3721 2333 3776 hanc
2361 3729 2541 3775 tamen
2571 3721 2942 3795 chronologia
3008 3727 3279 3783 rationem
3311 3730 3521 3802 aliquot
3568 3749 3778 3792 exsur-

2190 3823 2324 3879 gunt
2357 3811 2698 3868 dillicultates
2735 3829 2750 3866 :
2806 3830 2930 3870 nam
2965 3816 3010 3870 si
3076 3833 3221 3872 anno
3266 3819 3372 3875 574
3400 3823 3483 3879 vel
3539 3825 3775 3886 circiter

2192 3902 2617 3974 Chrysostomus
2640 3913 2698 3959 ut
2729 3905 3020 3978 episcopus
3045 3910 3393 3969 ordinaretur
3417 3921 3766 3989 perquisitus

2189 4006 2292 4061 est,
2331 4013 2453 4051 cum
2484 4005 2671 4065 utpote
2703 4006 2866 4053 natus
2896 4015 3041 4055 anno
3073 4002 3176 4056 547
3211 4005 3294 4059 vel
3325 4007 3575 4075 circiter,
3605 4028 3767 4071 anno

2189 4087 2295 4141 5ἰῶ
2329 4101 2649 4141 vtcestmum
2700 4089 2990 4158 septimum
3043 4091 3262 4147 circiter
3307 4111 3511 4153 annum
3552 4117 3769 4173 ageret,

2187 4178 2426 4231 nondum
2443 4177 2691 4245 attigerat
2703 4187 2916 4234 atatem
2936 4196 2965 4235 a
2980 4182 3190 4251 synodo
3206 4183 3633 4249 Neocasariensi
3659 4212 3771 4265 pro

2188 4268 2520 4339 presbyteris
2550 4269 2855 4341 deligendis
2904 4274 3256 4344 assignatam,
3300 4279 3522 4351 triginta
3563 4284 3768 4343 videli-

2190 4370 2275 4416 cet
2307 4377 2615 4416 annorum:
2653 4367 2929 4433 quomodo
2963 4380 3094 4437 ergo
3118 4379 3331 4437 poterat
3359 4371 3415 4425 in
3437 4374 3767 4447 episcopum

2187 4450 2480 4520 cooptari?
2514 4451 2593 4507 Ad
2628 4453 2742 4508 hac
2771 4469 2922 4519 vero,
2957 4457 3278 4528 priusquam
3326 4461 3767 4536 Cbrysostomus

2184 4540 2250 4595 ad
2296 4541 2669 4611 episcopatum
2705 4545 3137 4615 perquireretur,
3184 4560 3361 4607 mater
3395 4554 3513 4622 eius
3566 4558 3765 4627 ipsum

2179 4634 2468 4705 alloquens
2504 4650 2564 4691 se
2613 4634 2727 4705 jam
2769 4639 3151 4708 consenuisse,
3203 4653 3259 4699 et
3287 4646 3497 4701 obitum
3551 4666 3767 4721 propc-

2177 4726 2320 4780 diem
2362 4734 2681 4795 exspectare
2718 4728 2890 4785 dicit:
2948 4731 3011 4785 0t
3067 4732 3124 4787 δὲ
3166 4740 3538 4809 γεγηρακότες
3588 4744 3765 4814 ἡμεῖς

2175 4817 2330 4871 οὐδὲν
2381 4816 2565 4891 ἕτερον
2628 4818 2662 4890 ἢ
2715 4820 2805 4874 τὸν
2861 4821 3088 4879 θάνατον
3159 4828 3532 4902 ἀναμένομεν
3600 4838 3763 4906 atqui

2175 4907 2621 4979 Chrysostomus,
2664 4920 2723 4966 ut
2780 4912 2895 4983 ipse
2949 4927 3167 4982 narrat,
3232 4929 3359 4976 ante
3424 4924 3764 4982 vicesimum

2178 5001 2369 5054 matris
2396 5014 2601 5053 annum
2656 5011 2818 5059 natus
2870 5013 2975 5071 est,
3040 5008 3184 5061 unde
3246 5026 3512 5080 sequatur
3546 5014 3759 5084 ipsam,

2174 5105 2299 5144 cum
2325 5090 2751 5160 (Zhrysostomus
2782 5093 2835 5148 in
2868 5096 3246 5167 episcopatum
3276 5103 3614 5172 perquisitus
3641 5120 3756 5173 est,

2175 5182 2417 5236 nondum
2462 5184 2944 5256 quadragesimum
2995 5191 3289 5259 septimum
3328 5195 3584 5264 attigisse
3646 5214 3757 5254 arb

2172 5290 2326 5339 num,
2354 5284 2409 5329 et
2437 5277 2528 5345 qui
2568 5286 2778 5346 poterat
2814 5279 2905 5334 illa
2938 5280 3051 5350 jam
3097 5283 3277 5338 vetula
3307 5294 3360 5340 et
3408 5302 3503 5356 per
3530 5298 3758 5345 atatem

2172 5368 2331 5421 morti
2360 5369 2606 5437 proxima
2647 5371 2814 5426 esse?
2856 5370 2951 5426 Ila
2993 5389 3156 5443 porro
3193 5376 3538 5436 dillieultates
3571 5385 3759 5451 majo-

2175 5472 2262 5511 res
2294 5458 2544 5521 evadent,
2582 5459 2627 5514 si
2680 5460 2735 5515 in
2792 5476 2995 5517 annum
3042 5464 3168 5529 5'75,
3221 5470 3303 5522 vel
3356 5471 3410 5524 in
3449 5472 3577 5539 572,
3631 5476 3759 5531 hac

2173 5550 2499 5618 perquisitio
2554 5553 2884 5611 retrahatur.
2949 5556 3147 5614 Verum
3206 5562 3320 5618 hac
3381 5576 3751 5635 quantumvis

2170 5638 2471 5706 probabilia
2510 5641 2799 5698 videantur
2860 5646 3037 5720 [361],
3070 5666 3136 5707 ne
3194 5653 3487 5711 minimum
3522 5660 3752 5729 quidem

2170 5745 2271 5784 nos
2330 5744 2360 5785 a
2421 5730 2602 5800 priore
2675 5740 2944 5795 sententia
3034 5742 3389 5803 dimovcaut:
3446 5764 3573 5805 nam
3637 5768 3751 5818 ea,
