3944 6202
315 205 440 259 62Γ

313 332 452 386 quas
481 315 648 371 modo
673 316 980 387 posuimus,
1014 317 1278 387 temporis
1301 325 1442 370 noue
1474 316 1698 370 omnino
1729 322 1892 370 certae

319 410 596 464 videntur.
638 409 793 478 Quod
833 419 1272 485 autemprgcntc
1299 424 1431 464 casu
1461 423 1527 464 ac
1559 410 1891 463 necessitate

315 502 577 572 quapiam
605 502 710 555 viri
749 503 988 556 nondum
1028 502 1247 572 triginta
1296 517 1470 556 annos
1524 500 1731 555 emensi
1773 501 1888 570 epi-

310 590 463 659 scopi
512 590 816 659 antiquitus
857 591 1025 646 creati
1076 589 1304 656 fuerint,
1343 606 1448 646 non
1487 600 1646 645 vacat
1700 607 1889 646 exem-

312 684 460 752 plis:
495 683 600 737 etsi
652 684 740 736 illa
797 683 1089 738 admodum
1147 700 1272 738 rara
1325 684 1455 739 sint.
1516 682 1572 738 S.
1607 683 1889 755 Remigius

306 775 513 843 quippe
548 775 836 830 Remensis
864 775 1156 844 episcopus
1191 784 1410 831 creatus
1441 787 1545 837 est,
1593 792 1715 830 cum
1753 777 1890 831 duo-

301 879 428 915 rum
466 879 637 932 supra
665 864 851 934 viginti
885 879 1153 918 annorum
1204 849 1388 919 esset:
1423 873 1477 919 et
1540 865 1887 922 Eleutherius

301 956 535 1024 quidam
565 956 758 1024 viginti
819 971 1093 1010 annorum
1156 956 1480 1011 adolescens
1531 957 1599 1012 ab
1656 958 1886 1013 Aniceto

300 1062 443 1116 papa
467 1049 763 1117 episcopus
790 1049 996 1103 missus
1027 1057 1112 1103 est
1146 1049 1200 1101 in
1232 1048 1532 1119 Illyricum.
1568 1050 1721 1115 Quod
1762 1066 1886 1121 spe-

298 1149 416 1193 ctat
456 1149 646 1194 autem
677 1141 743 1195 ad
781 1147 1010 1196 matrem
1044 1140 1451 1213 Chrysostomi,
1486 1158 1609 1212 quae
1639 1159 1758 1198 sese
1789 1159 1883 1196 ve-

295 1231 473 1284 tulam
503 1241 559 1286 et
583 1233 742 1287 morti
767 1233 1071 1303 proximam
1099 1234 1336 1300 dicebat,
1367 1250 1492 1289 cum
1519 1235 1884 1306 quadraginta

298 1331 520 1390 septem
552 1331 762 1376 tantum
797 1337 1071 1378 annorum
1104 1336 1287 1380 esset:
1337 1325 1452 1381 haec
1499 1327 1643 1382 dicta
1691 1332 1883 1384 matris

296 1413 478 1467 ﬁlium
527 1415 934 1485 compellantis,
982 1425 1036 1470 et
1097 1432 1165 1472 ne
1199 1418 1532 1472 sedeserat
1584 1419 1879 1487 hortantis,

293 1520 409 1560 non
439 1515 574 1562 sunt
603 1507 670 1560 ad
699 1508 936 1562 litteram
964 1508 1304 1579 accipienda.
1336 1509 1494 1577 Nam,
1523 1519 1582 1565 ut
1614 1512 1740 1566 alibi
1772 1528 1880 1567 non

294 1599 473 1651 semel
505 1599 842 1665 monuimus,
872 1601 918 1655 si
950 1615 1014 1655 ex
1067 1600 1230 1656 dictis
1285 1601 1622 1671 hujusmodi,
1679 1605 1880 1673 quibus

292 1706 474 1755 senes,
513 1700 764 1744 extrema:
826 1693 1109 1745 senectutis
1164 1693 1444 1758 homines;
1481 1694 1562 1748 vel
1615 1694 1879 1758 vicissim,

286 1773 938 1852 juvenes,-adolescentes
960 1823 974 1847 ,
1013 1785 1164 1852 pueri
1196 1794 1717 1853 commemorantur,
1771 1787 1884 1841 cal—

294 1876 486 1928 rulum
523 1873 790 1944 temporis
832 1889 1182 1945 poneremus,
1222 1875 1424 1945 passim
1463 1877 1877 1948 chronologiam

294 1967 668 2038 pessumdare
694 1973 1027 2036 opus;esset.

367 2059 494 2114 Jam
530 2059 836 2115 de'Basilio
871 2059 1256 2131 Chrysostomi
1285 2061 1482 2129 amico,
1531 2064 1654 2132 quis
1688 2079 1882 2134 nempe

294 2152 532 2220 cujusve
615 2153 854 2208 civitatis
929 2153 1224 2224 episcopus
1308 2154 1496 2222 fuerit,
1577 2159 1871 2228 agendum.

295 2243 600 2309 Socrates,
669 2259 833 2314 quem
905 2244 1063 2299 multi
1132 2247 1392 2316 deinceps
1455 2238 1628 2304 secuti
1704 2260 1874 2315 sunt,

291 2335 368 2387 ait
413 2349 540 2391 esse
599 2333 863 2390 Basiliam
915 2333 1169 2406 Magnum
1202 2337 1336 2401 ;sed
1365 2347 1450 2393 est
1494 2339 1625 2392 illud
1657 2341 1870 2412 ἀπροσ-

286 2425 563 2489 διόνυσον,
609 2433 671 2478 ιιι
725 2439 890 2480 nemo
917 2440 1024 2479 non
1059 2426 1225 2481 videt.
1270 2426 1553 2497 Siquidem
1617 2429 1709 2484 ille
1764 2430 1881 2485 Ca:-

293 2516 570 2571 sariensis
604 2517 897 2587 episcopus
926 2515 1379 2589 Chrysostomum
1434 2528 1683 2574 nostrum
1724 2530 1882 2576 :etate

292 2610 460 2679 longe
491 2611 773 2680 praecedit,
806 2625 904 2666 nec
939 2611 1053 2666 ullo
1097 2613 1262 2667 modo
1294 2614 1603 2685 studiorum
1637 2613 1756 2683 ejus
1786 2629 1879 2669 so-

289 2703 437 2766 cius,
477 2718 585 2758 nec
621 2703 928 2759 Antiochiae
969 2704 1257 2761 ordinatus
1285 2721 1407 2762 esse
1465 2708 1684 2776 potuit:
1742 2708 1874 2777 quid

290 2797 455 2866 plura
481 2796 687 2863 dicam,
711 2799 932 2866 quando
961 2799 1137 2867 palam
1167 2809 1250 2854 est
1275 2800 1384 2854 labi
1409 2801 1686 2856 Socratem
1716 2802 1739 2855 ?
1767 2799 1879 2856 Nec

290 2889 520 2945 felicius
540 2888 798 2954 Photius,
827 2889 920 2960 qui
947 2898 1099 2960 putat
1119 2905 1244 2946 esse
1269 2891 1526 2948 Basilium
1561 2892 1880 2949 Seleucien-

292 2997 436 3044 sem,
458 2997 629 3052 quem
671 2997 817 3036 anno
845 2982 950 3036 572
974 2983 1062 3037 vix
1095 2992 1282 3039 natum
1320 2998 1598 3055 putamus,
1636 2987 1880 3056 quando-

290 3075 518 3145 quidem
579 3088 724 3129 anno
760 3075 861 3128 451
917 3076 1129 3146 synodo
1173 3076 1608 3131 Chalcedonensi
1655 3079 1875 3148 episco-

293 3181 398 3234 pus
427 3165 706 3232 interfuit,
741 3174 797 3221 et
824 3182 970 3221 anno
1004 3167 1112 3222 458
1143 3168 1463 3238 imperatori
1516 3168 1682 3224 Leoni
1735 3171 1876 3226 seri--

293 3257 425 3324 psit.
457 3249 580 3310 Νοῆ
614 3257 868 3312 audiendi
901 3258 1028 3312 item
1061 3259 1330 3324 videntur,
1371 3261 1462 3330 qui
1509 3269 1703 3330 putant
1763 3261 1876 3316 lla-

292 3349 507 3401 ximum
549 3348 927 3420 Cbrysostomi
961 3350 1197 3406 amicum
1253 3353 1504 3408 eumdem
1563 3369 1684 3409 esse
1715 3362 1880 3424 atque

295 3443 570 3497 Basilium
630 3444 682 3496 in
724 3442 809 3496 his
839 3442 917 3496 De
947 3443 1244 3497 sacerdotio
1276 3443 1432 3500 libris
1477 3429 1878 3500 memoratum:

292 3552 421 3591 nam
455 3550 727 3605 quorsum
769 3535 857 3589 illa
891 3537 1174 3591 nominum
1205 3549 1314 3591 tam
1351 3537 1696 3592 dissimilium
1725 3552 1878 3592 com-

295 3631 530 3685 mutatio
556 3630 579 3683 ?
607 3627 883 3687 Omnibus
916 3630 1081 3700 igitur
1109 3640 1362 3687 accurate
1389 3631 1672 3701 perpensis
1691 3672 1708 3699 ,
1737 3631 1879 3686 veri-

1418 199 1506 254 DE
1546 199 2000 258 SACERDOTIO.
2037 231 2107 245 -
2135 201 2473 257 MONITUM.

3441 199 3567 255 623'

1999 316 2176 370 simile
2206 326 2336 386 puto
2365 315 2625 370 Basilium
2685 331 2807 371 eum
2862 331 3002 382 esse,
3031 315 3124 384 qui
3188 313 3568 386 synodoyCon-

1998 407 2502 476 S'antinopolitana:
2567 422 2712 460 anno
2766 407 2863 460 '58l
2920 407 3208 476 cpiscopus
3264 403 3570 474 Raphaneae

1997 497 2331 559 subscribit,
2392 497 2659 566 siquidem
2714 504 2934 566 tempus
2987 496 3233 564 apprime
3291 495 3564 564 quadrat:

2001 586 2300 656 Raphanea
2331 587 2386 642 in
2452 587 2609 660 Syria
2643 603 2810 658 prope
2861 587 3205 642 Antiochiam
3256 586 3360 640 sita
3411 595 3564 641 erat:

1995 682 2317 737 commodus
2369 697 2502 737 sane
2554 683 2742 749 locus,
2799 689 2858 734 ut
2911 679 3142 735 Joannis
3193 677 3566 751 Cbrysostomi

1994 771 2263 842 frequenti
2297 773 2603 844 colloquio,
2652 774 2764 827 imo
2796 772 2960 826 etiam
3008 772 3367 826 contubernio
3417 771 3567 826 frue-

1994 874 2144 919 retur
2177 866 2442 932 Basilius,
2485 866 2631 937 quod
2685 867 2739 920 in
2779 865 2886 920 [ine
2932 863 3130 934 dialogi
3172 879 3230 918 se
3275 870 3566 934 peroptare

1993 959 2144 1016 dicit.

2064 1054 2252 1110 Restat
2283 1065 2341 1108 ut
2373 1069 2547 1124 pauca
2583 1054 2828 1108 dicamus
2873 1052 2940 1108 de
2976 1060 3216 1123 tempore
3247 1067 3356 1122 quo
3400 1052 3565 1108 hosce

1996 1147 2172 1201 libros
2205 1147 2375 1200 edidit
2409 1145 2877 1216 Chrysostomus:
2914 1159 3088 1214 neque
3113 1145 3256 1198 enim
3311 1144 3562 1198 audiendi

1993 1247 2124 1293 sunt
2156 1238 2194 1291 ii
2251 1237 2344 1308 qui
2382 1237 2571 1291 volunt
2621 1237 2809 1291 eodem
2858 1237 2976 1306 ipso
3021 1243 3282 1305 tempore,
3329 1251 3440 1306 quo
3478 1252 3564 1292 res

1992 1339 2214 1400 peracta
2249 1339 2352 1396 est,
2383 1329 2500 1384 haec
2531 1329 2821 1399 scripsisse
2853 1328 2912 1382 S.
2947 1328 3249 1383 doctorem.
3279 1327 3559 1398 Siquidem

1990 1422 2072 1478 vel
2104 1422 2218 1492 ipsa
2258 1420 2506 1476 ordiendi
2572 1421 2710 1474 ratio
2766 1419 2985 1488 aliquod
3046 1421 3291 1489 elapsum
3348 1428 3562 1488 tempus

1988 1514 2317 1580 subindicat,
2356 1522 2409 1566 et
2437 1512 2607 1567 series
2637 1519 2747 1565 tota
2773 1527 2884 1565 rem
2918 1512 3249 1576 meditatam,
3279 1521 3330 1566 et
3364 1511 3417 1564 in
3450 1511 3561 1565 ozio

1989 1607 2307 1661 adornatam
2340 1619 2451 1674 pra:
2489 1618 2547 1658 se
2579 1603 2704 1658 fert.
2741 1603 2830 1657 Ait
2864 1601 3119 1658 Socrates
3148 1603 3220 1656 lib
3249 1618 3324 1667 vt,
3353 1618 3472 1672 cap.
3503 1603 3558 1666 5,

1985 1701 2459 1771 Chrysostomum,
2506 1711 2630 1750 cum
2679 1695 2946 1750 diaconus
2987 1705 3167 1758 esset,
3219 1697 3318 1749 hos
3368 1696 3560 1750 condi-

1984 1795 2130 1848 disse
2165 1791 2356 1853 libros,
2390 1789 2596 1844 scilicet
2625 1788 2694 1842 ab
2730 1803 2874 1842 anno
2916 1787 3014 1842 381
3077 1787 3144 1841 ad
3179 1803 3378 1841 annum
3431 1785 3556 1852 386,

1984 1900 2094 1954 quo
2135 1882 2190 1934 in
2225 1879 2622 1949 presbyterium
2658 1877 2905 1931 adlectus
2946 1885 3047 1930 est.
3084 1873 3359 1929 Palladius
3406 1889 3558 1935 vero,

1984 1973 2286 2031 secundum
2357 1970 2856 2040 interpretationem
2944 1966 3197 2027 Latinam
3278 1965 3556 2019 Ambrosii

1983 2063 2442 2129 Camaldulensis,
2484 2063 2536 2116 in
2589 2075 2808 2115 secessu
2843 2069 2895 2112 et
2919 2059 3211 2114 solitudine
3265 2057 3378 2111 haec
3407 2056 3554 2111 illum

1981 2159 2216 2214 edidisse
2281 2163 2488 2221 narrat,
2521 2153 2733 2209 scilicet
2763 2152 2831 2206 ab
2862 2166 3006 2205 anno
3070 2151 3287 2205 circiter
3321 2151 3417 2204 571
3482 2151 3550 2205 ad

1985 2251 2110 2315 581,
2147 2263 2257 2319 quo
2295 2263 2361 2302 ex
2409 2247 2626 2301 deserto
2667 2245 2720 2298 in
2777 2245 2965 2298 urbem
3021 2244 3200 2298 rediit.
3255 2242 3557 2298 Palladium

1985 2356 2121 2396 sane
2154 2340 2534 2394 incunctanter
2585 2351 2958 2406 sequeremur,
2997 2344 3184 2404 utpote
3228 2335 3556 2406 Chrysosto-

1985 2447 2077 2488 mo
2107 2431 2368 2502 aequalem
2399 2440 2459 2485 et
2488 2428 2708 2482 aliunde
2735 2427 2838 2482 ﬁde
2863 2427 3188 2497 digniorem,
3214 2428 3257 2482 si
3289 2428 3339 2480 in
3366 2427 3556 2483 Graeco

1988 2535 2159 2588 textu,
2185 2539 2347 2593 quem
2377 2521 2547 2576 edidit
2576 2519 2856 2573 Emerieus
2900 2518 3166 2588 Bigotius,
3200 2520 3387 2573 eadrm
3440 2520 3555 2590 ipsa

1984 2617 2294 2688 legerentur
2322 2631 2336 2681 ;
2369 2613 2462 2667 sed
2492 2627 2616 2667 cum
2660 2612 2732 2665 ibi
2767 2626 2837 2665 ne
2865 2611 2970 2682 γρῦ
3001 2611 3214 2680 quidem
3249 2611 3349 2666 hac
3407 2617 3471 2665 de
3502 2627 3558 2667 re

1985 2713 2319 2776 compareat,
2351 2720 2382 2758 a
2410 2703 2621 2758 calculo
2650 2701 2873 2756 ferendo
2901 2700 3340 2770 super-sedemus.
3372 2700 3559 2771 Neque

1982 2798 2130 2855 enim
2164 2796 2440 2851 Ambrosii
2492 2795 2934 2850 Camaldulcnsis
2988 2793 3276 2848 lectionem
3335 2794 3558 2849 omnino

1979 2890 2330 2961 rejiciendam
2360 2897 2658 2958 putamus:
2688 2885 2956 2957 siquidem
2991 2885 3081 2940 ille
3120 2901 3228 2941 non
3262 2885 3374 2940 haec
3405 2901 3558 2941 som-

1979 2982 2183 3037 niando
2233 2989 2576 3036 commentus
2622 2980 2867 3045 videtur,
2913 2979 3008 3034 sed
3042 2979 3132 3033 illa
3173 2978 3573 3049 interpretatus,

1980 3090 2123 3140 esse,
2153 3089 2278 3143 qua:
2311 3073 2366 3126 in
2399 3072 2584 3141 aliquo
2625 3072 2923 3141 exemplari
2972 3071 3164 3126 Graeco
3215 3073 3553 3142 legebantur.

1982 3165 2055 3222 Ut
2081 3175 2140 3222 ut
2175 3181 2300 3222 vero
2324 3165 2416 3232 sit,
2450 3165 2586 3219 nihil
2616 3165 2682 3219 de
2717 3173 2957 3234 tempore
3004 3172 3331 3227 statuemus,
3383 3164 3558 3218 donec

1985 3259 2263 3330 quidpiam
2294 3259 2496 3314 certius
2531 3254 2792 3328 emergat.

2057 3350 2562 3421 lnterpretationem
2595 3350 2849 3404 Germani
2883 3348 3078 3411 Brixii,
3133 3349 3260 3402 licet
3317 3347 3552 3416 aliquam

1984 3444 2269 3514 elegantiae
2300 3444 2535 3514 speciem
2577 3457 2687 3510 pra:
2714 3457 2773 3495 se
2804 3440 2998 3507 ferret,
3029 3448 3212 3508 utpote
3240 3455 3359 3508 qua:
3396 3454 3556 3508 para-

1982 3536 2208 3607 phrasin
2237 3544 2452 3607 saperet
2484 3549 2659 3605 neque
2695 3535 2763 3589 ita
2798 3543 3053 3588 accurate
3087 3531 3415 3587 concinnata
3464 3545 3553 3585 es-

1982 3639 2086 3696 set,
2118 3629 2430 3699 rejecimus,
2464 3641 2774 3697 novamque
2801 3626 3131 3696 paravimus.
