3944 6202
720 462 731 470 ’
1309 462 1703 539 SANCTI
1760 455 2186 532 PATRIS
2250 424 2661 527 nos'n'u

810 550 1656 790 JOANNIS
1753 616 3215 779 CHRYSOSTOMI

1026 885 1347 1045 DE
1479 866 3021 1101 SACERDOTIO

1775 1160 2042 1256 artari
2090 1176 2279 1254 sex.

1904 1352 1943 1369 Ἀ,

1439 1388 2641 1593 ιιΒΕἷῖἷέιΜυδ.

1795 1653 2258 1683 ___________

1216 1724 1248 1735 ’κ

856 1790 963 1825 ΠΕΟ
990 1786 1160 1824 ιπεσκτ
1181 1780 1321 1825 Lisso
1342 1778 1518 1815 ριιικοε

394 1892 427 1935 t.
465 1882 664 1934 Basilius
684 1880 907 1931 omnibus
926 1872 1241 1939 Chrysostomi
1260 1870 1428 1939 amicis
1439 1861 1718 1939 antecellit.
1773 1924 1784 1939 9

396 1933 445 1996 it.
471 1933 743 1994 concordia
792 1933 1359 1999 Basiliietijhrysostomi,
1385 1936 1437 1979 et
1458 1933 1724 1978 communis
1744 1933 1869 1973 circa
1900 1933 1986 1970 res

461 2020 635 2075 omnes
654 2002 1005 2075 diquiS'll-iO-“_
1076 2070 1175 2075 _____
1222 2056 1315 2075 __,,_
1355 2051 1615 2075 _,‘_.....:,...
1660 2048 1672 2075 :

399 2044 1026 2125 uiT"§i5ie‘££i"iii'éiiﬁiiis,
1068 2070 1177 2109 cum
1222 2056 1319 2106 vita
1355 2051 1619 2102 monastica
1660 2044 1873 2097 ineunda
1913 2055 1990 2093 es-

462 2136 559 2179 snt.

402 2173 1090 2250 iv'ﬁoposiiuniopmmunis
1111 2176 1415 2229 habitationis
1436 2173 1708 2235 utriusque.

401 2262 456 2303 ν.
490 2247 648 2300 Matris
665 2247 927 2296 blanditiae.

401 2297 475 2364 vi.
491 2297 652 2361 ii‘rlius
673 2321 767 2371 qua
794 2310 841 2357 in
863 2306 1162 2371 ordinatione
1185 2297 1801 2371 ususpstphrysostomus.

405 2360 494 2424 iii.
530 2360 681 2421 Basilii
693 2360 1181 2431 'accusatio_modesta
1208 2370 1259 2411 et
1284 2360 1510 2431 siuq_|cx.
1530 2420 1541 2431 ο
1676 2429 1709 2431 Η
1736 2416 1770 2431 γ’

402 2418 509 2485 ἦῆ.
534 2418 851 2497 ξῑῖιῆὦδῑὸιηί
875 2428 1097 2497 defensio
1120 2439 1228 2497 cum
1250 2418 1934 2497 reprehensioneconjuncti.

405 2475 782 2556 {£36915};
791 2475 1095 2552 tempestiva
1132 2475 1506 2535 fraude'utilitas
1528 2496 1541 2530 :
1562 2479 1719 2530 thesis
1753 2475 1817 2527 ‘et
1838 2475 1973 2524 locus
2014 2496 2025 2507 ο

467 2556 750 2610 oonununis.

487 2777 535 2829 1.
568 2772 792 2827 Basilius
818 2768 1046 2824 omnibus
1071 2761 1415 2834 Chrysoslomi
1433 2759 1606 2813 amicis
1632 2754 1902 2810 antecellit.
1923 2780 1996 2791 -——

414 2865 540 2922 Mihi
586 2862 799 2933 quidem
830 2859 985 2913 amici
1009 2855 1314 2925 complures
1360 2851 1537 2916 fuere,
1593 2848 1733 2916 iique
1757 2842 1993 2916 germani

412 2966 466 3011 et
492 2954 635 3020 veri,
665 2951 755 3023 qui
795 2949 1043 3023 amicitia:
1084 2947 1230 3013 leges
1269 2953 1323 2999 et
1352 2943 1516 3014 probe
1558 2938 1913 3008 intelligerent
1940 2942 1996 2989 et

411 3022 697 3116 diligenter
704 3022 1050 3098 observarent
1069 3055 1082 3090 :
1105 3036 1296 3091 horum
1315 3049 1443 3088 vero
1464 3029 1813 3101 complurium
1835 3041 1992 3093 unus,

412 3137 504 3207 qui
527 3144 752 3192 caeteros
775 3148 961 3189 omnes
1002 3130 1234 3186 amicitia
1264 3129 1418 3197 longe
1446 3123 1759 3195 superabat,
1790 3130 1996 3176 tantum

415 3232 535 3285 illos
562 3238 705 3284 retro
733 3226 1030 3295 relinquere
1058 3221 1337 3286 studebat,
1366 3227 1621 3289 quantum
1653 3214 1729 3270 illi
1759 3212 1997 3283 reliquos

416 3319 756 3376 mediocriter
794 3330 917 3385 erga
964 3329 1051 3368 me
1093 3311 1330 3367 allectos.
1371 3309 1421 3364 Is
1454 3324 1518 3364 ex
1559 3321 1744 3362 eorum
1775 3318 1998 3359 numero

415 3420 561 3475 erat,
600 3408 689 3478 qui
734 3405 885 3460 lateri
914 3418 1034 3458 meo
1063 3410 1323 3473 perpetuo
1352 3399 1656 3454 hmrerent:
1684 3394 1881 3451 etenim
1908 3392 2001 3447 iis-

418 3503 540 3557 dem
576 3510 688 3555 tum
715 3496 1006 3567 disciplinis
1036 3502 1145 3549 tum
1175 3490 1444 3562 magistris
1472 3503 1688 3559 operam
1734 3486 1996 3543 dedimus.

420 3593 594 3649 Unum
625 3590 901 3659 utriusque
936 3594 1051 3643 erat
1088 3586 1227 3642 circa
1256 3583 1437 3639 literas
1464 3580 1694 3637 studium
1716 3621 1731 3647 ,
1761 3594 1862 3634 una
1888 3577 2002 3633 sol-

423 3682 661 3745 licitudo,
690 3696 784 3751 par
810 3678 1134 3734 desiderium
1168 3676 1356 3731 iisdem
1384 3690 1448 3731 ex
1479 3674 1638 3729 rebus
1668 3681 1869 3726 natum.
1891 3669 2001 3726 Ne-

422 3792 524 3845 que
550 3776 689 3831 enim
719 3774 889 3829 solum
919 3787 1039 3827 eum
1067 3771 1134 3826 ad
1165 3768 1444 3839 magistros
1470 3768 1882 3835 ventitaremus,
1907 3764 2003 3820 sed

424 3867 580 3921 etiam
613 3880 731 3919 cum
760 3863 906 3918 illinc
938 3876 1183 3933 egressos
1218 3860 1499 3914 consilium
1542 3859 1675 3913 inire
1699 3865 2001 3928 oporteret,

425 3955 566 4027 quod
588 3953 921 4026 prmstantius
937 3953 1058 4006 vitae
1076 3965 1243 4023 genus
1264 3950 1416 4005 nobis
1436 3948 1820 4019 capessendum
1841 3954 2003 4013 esset,

427 4061 555 4104 tunc
578 4048 737 4103 etiam
766 4046 905 4101 idem
934 4058 1228 4100 consensus
1253 4043 1561 4113 apparebat.

496 4141 552 4195 2.
584 4138 867 4193 Concordia
907 4135 1090 4190 Basilii
1117 4145 1162 4189 cl
1199 4133 1543 4205 Cltrysostomi
1564 4174 1580 4200 ,
1633 4142 1679 4187 et
1731 4131 2007 4186 communis

427 4235 562 4286 circa
589 4247 669 4285 res
694 4245 863 4284 omnes
889 4227 1189 4298 disquisitio.
1220 4256 1291 4267 -—
1320 4224 1485 4278 Erant
1512 4232 1566 4279 et
1590 4223 1693 4277 alia
1722 4239 1841 4294 qua:
1874 4223 2008 4277 hanc

429 4323 766 4380 concordiam
792 4323 997 4377 ﬁrmam
1017 4321 1490 4389 inconcussamque
1510 4326 1800 4373 servarent.
1828 4317 2009 4387 Neque

430 4416 573 4470 enim
598 4415 668 4469 ob
703 4415 887 4484 patria:
917 4412 1317 4483 amplitudinem
1344 4411 1481 4465 alter
1502 4410 1755 4465 adversus
1785 4411 2009 4465 alterum

433 4521 493 4561 se
518 4504 707 4560 eﬁ'errc
735 4511 977 4573 poterat:
1009 4502 1139 4556 mihi
1170 4517 1274 4556 non
1305 4517 1435 4571 Opes
1461 4516 1682 4556 summa:
1711 4511 1883 4565 erant,
1913 4513 2012 4554 nec

434 4599 526 4652 ille
554 4606 791 4651 extrema
837 4592 1177 4662 premebatur
1203 4594 1376 4661 inopia
1409 4610 1422 4646 :
1466 4592 1572 4646 imo
1615 4600 1669 4645 et
1708 4591 2012 4644 facultatum

433 4686 650 4741 modum
698 4683 949 4754 propositi
994 4682 1192 4751 paritas
1238 4682 1627 4736 mmulabatur:
1668 4695 1763 4750 par
1804 4680 2015 4751 generis

434 4775 668 4831 conditio
693 4781 808 4829 erat
829 4814 845 4840 ,
874 4772 1157 4841 omniaque
1184 4771 1249 4825 ad
1274 4771 1589 4825 sententiam
1620 4780 1854 4824 nostram
1882 4784 2013 4824 con-

435 4868 739 4924 currebant.

506 4963 561 5017 ‘5.
593 4961 795 5017 Stalera
822 4958 1103 5029 ina’qualis,
1134 4971 1249 5010 (um
1276 4955 1376 5010 vita
1401 4956 1672 5009 monastica
1694 4952 1912 5006 ineunda
1941 4969 2018 5006 es-

436 5063 528 5107 sel.
555 5080 628 5092 --
654 5052 787 5107 Cum
818 5060 994 5105 autem
1026 5062 1325 5120 proxumum
1353 5054 1495 5101 esset
1523 5054 1582 5100 ut
1605 5046 1789 5100 beatus
1818 5045 1908 5100 ille
1937 5045 2018 5100 vir

439 5143 819 5200 monachorum
859 5142 1019 5196 vitam
1060 5154 1348 5210 veramque
1393 5137 1781 5209 philosophiam
1810 5137 2016 5207 ample-

439 5244 696 5300 cteretur,
721 5233 830 5304 jam
857 5248 961 5287 non
991 5247 1087 5301 par
1113 5242 1229 5287 erat
1253 5239 1469 5295 statera,
1499 5229 1591 5285 sed
1619 5228 1734 5299 ejus
1759 5231 1903 5295 lanx,
1930 5238 2017 5282 ut-

442 5333 566 5394 pote
592 5324 779 5391 levior,
807 5323 1047 5378 sublimis
1084 5321 1386 5388 ferebatur;
1419 5336 1519 5391 ego
1543 5335 1672 5376 vero
1705 5319 1885 5375 mundi
1926 5335 2019 5373 cu-

443 5416 749 5486 piditatibus
783 5417 1018 5470 irretitus
1056 5414 1261 5470 lancem
1303 5427 1475 5468 meam
1496 5412 1858 5481 .‘juvenilibus
1881 5426 2016 5465 onu-

445 5517 581 5563 stam
602 5506 1025 5575 cogitationibus,
1047 5506 1428 5576 deprimebam.
1445 5505 1541 5560 llic
1556 5503 1765 5559 demum
1788 5503 2017 5558 amicitia

446 5598 656 5669 quidem
682 5596 851 5662 ﬁrma,
885 5606 940 5651 ut
966 5607 1109 5665 ante,
1138 5596 1402 5663 manebat,
1426 5596 1517 5651 sed
1543 5594 1869 5651 consuetudo
1893 5594 2017 5648 diri-

451 5690 727 5744 mebatur:
758 5703 928 5757 neque
972 5689 1111 5745 enim
1155 5704 1258 5744 una
1290 5688 1485 5745 versari
1527 5697 1768 5758 poterant
1796 5687 1883 5758 qui
1913 5701 2017 5743 non

2089 1746 2278 1803 iisdem
2305 1742 2493 1799 studiis
2518 1747 2843 1796 tenerentur.
2872 1737 3135 1794 Cieterum
3165 1738 3251 1795 ubi
3275 1746 3329 1794 et
3357 1738 3469 1809 ipse
3493 1751 3524 1794 a
3556 1737 3673 1793 vitae

2090 1838 2248 1907 hujus
2271 1833 2521 1889 ﬂuctibus
2543 1840 2703 1901 caput
2726 1830 2995 1901 paululum
3017 1830 3183 1896 erexi,
3207 1846 3292 1886 me
3315 1830 3400 1886 ille
3420 1830 3673 1885 ambabus

2089 1924 2442 1999 apprehendit
2487 1922 2732 1978 manibus
2765 1940 2779 1976 :
2825 1929 2880 1976 at
2920 1935 2990 1976 ne
3035 1920 3113 1976 sic
3154 1921 3367 1991 quidem
3407 1921 3673 1991 potuimus

2091 2017 2449 2089 aequalitatem
2503 2012 2783 2084 pristinam
2839 2012 3095 2069 retinere.
3157 2012 3365 2067 Etenim
3415 2027 3540 2068 cum
3594 2012 3675 2067 ille

2094 2125 2194 2165 nos
2230 2118 2470 2179 tempore
2493 2105 2894 2169 antevertisset,
2926 2104 3227 2174 ardensque
3269 2104 3502 2161 studium
3530 2103 3676 2160 exhi-

2095 2201 2334 2263 buisset,
2379 2212 2565 2254 rursus
2605 2195 2886 2252 sublimior
2916 2194 3205 2265 ferebatur,
3239 2196 3291 2251 in
3332 2195 3496 2255 altum
3528 2195 3679 2252 valde

2094 2291 2353 2347 sublatus.

2165 2398 2220 2452 4.
2261 2394 2588 2466 Propositum
2630 2393 2908 2449 communis
2945 2393 3266 2449 habitationis
3301 2394 3586 2465 utriusque.
3614 2424 3683 2436 —

2095 2489 2343 2543 Attamen
2366 2486 2541 2540 bonus
2567 2501 2686 2539 cum
2715 2492 2858 2540 esset
2885 2484 3277 2554 amicitiamque
3301 2492 3542 2539 nostram
3572 2498 3679 2539 ma-

2095 2581 2185 2651 gni
2217 2581 2433 2645 faceret,
2465 2592 2496 2631 a
2520 2587 2837 2631 ceterorum
2864 2576 3102 2630 omnium
3127 2574 3476 2630 contubernio
3500 2589 3566 2632 se
3591 2575 3681 2630 ab-

2096 2671 2337 2736 ducens,
2385 2668 2659 2723 nobiscum
2698 2666 2844 2721 omni
2885 2674 3126 2736 tempore
3166 2665 3504 2734 versabatur,
3546 2666 3683 2738 quod

2099 2771 2256 2817 antea
2286 2762 2386 2831 ipsi
2407 2762 2459 2814 in
2489 2767 2612 2814 voto
2641 2767 2775 2824 erat,
2807 2757 2921 2823 sed,
2950 2766 3007 2813 ut
3033 2758 3162 2825 dixi,
3191 2774 3222 2813 a
3254 2758 3478 2829 segnitie
3505 2767 3687 2814 nostra

2098 2853 2399 2924 prohibitus
2425 2850 2619 2907 fuerat.
2649 2849 2834 2919 Neque
2857 2849 3000 2905 enim
3032 2858 3239 2920 poterat
3264 2850 3328 2917 is,
3359 2850 3450 2921 qui
3471 2850 3687 2921 judiciis

2102 2955 2154 3002 et
2186 2946 2303 3001 foro
2346 2943 2585 2999 hmrebat
2620 2952 2675 2998 ct
2710 2958 2885 2998 scema
2930 2942 3320 2999 oblectamenta
3359 2944 3687 3012 sectabatur,

2100 3044 2312 3093 cum‘eo
2332 3050 2475 3105 smpe
2496 3034 2720 3101 versari,
2745 3034 2836 3104 qui
2857 3032 3007 3088 libris
3026 3032 3237 3090 deditus
3257 3033 3309 3088 in
3333 3032 3506 3089 forum
3536 3051 3691 3092 num-

2099 3143 2257 3199 quam
2279 3127 2584 3182 ventitaret.
2612 3124 2974 3193 Quamobrem
2995 3139 3114 3179 eum
3140 3133 3296 3181 antea
3320 3125 3573 3194 repulsus
3599 3140 3692 3181 nos

2100 3218 2168 3274 ad
2191 3218 2434 3274 eamdem
2463 3217 2582 3271 vita:
2607 3216 2917 3272 societatem
2943 3214 3254 3285 accepisset,
3282 3215 3422 3285 quod
3442 3218 3558 3285 jam
3588 3216 3693 3287 pri-

2100 3309 2221 3365 dem
2245 3307 2569 3364 desiderium
2595 3306 2938 3377 parturiebat,
2968 3304 3249 3377 confestim
3278 3307 3503 3377 peperit,
3532 3322 3601 3363 ac
3627 3322 3694 3363 ne

2038 3452 2043 3455 .
2101 3400 2375 3455 minimam
2402 3398 2616 3469 quidem
2637 3397 2739 3452 dici
2769 3406 2973 3466 partem
2998 3412 3026 3449 a
3058 3396 3212 3452 nobis
3237 3397 3424 3453 abesse
3449 3397 3692 3467 patieba-

2105 3500 2226 3546 tur:
2260 3490 2356 3546 sed
2380 3488 2593 3545 assidue
2616 3487 2945 3554 hortabatur,
2974 3494 3033 3541 ut
3054 3486 3215 3542 domo
3241 3496 3462 3557 uterque
3484 3502 3586 3543 sua
3616 3504 3698 3543 re-

2105 3582 2228 3638 licta
2262 3596 2546 3638 commune
2585 3579 2907 3636 domicilium
2951 3579 3345 3635 iucolcremus:
3378 3594 3484 3650 quo
3522 3581 3698 3652 impe-

2105 3683 2242 3731 trato
2262 3675 2372 3744 jam
2401 3689 2490 3729 res
2514 3673 2569 3728 in
2599 3673 2841 3728 manibus
2866 3680 3002 3728 erat.

2176 3774 2231 3829 5.
2261 3772 2445 3827 Matris
2472 3771 2745 3826 blandiore.
2773 3800 2844 3811 —
2872 3770 3069 3825 Verum
3107 3770 3335 3826 assidua:
3359 3771 3550 3827 matris
3582 3771 3698 3827 ille.

2106 3863 2280 3918 ccbm
2307 3862 2642 3926 obstiterunt,
2675 3860 2959 3931 quominus
3002 3859 3138 3916 hanc
3164 3861 3239 3916 illi
3260 3862 3484 3932 gratiam
3506 3862 3699 3918 redde-

2108 3971 2258 4021 rem;
2292 3955 2399 4009 imo
2449 3969 2599 4023 vero,
2630 3954 2912 4024 quominus
2939 3952 2991 4009 id
3027 3953 3267 4008 beneﬁcii
3298 3955 3366 4010 ab
3392 3969 3458 4010 eo
3481 3955 3699 4025 accipe-

2109 4063 2241 4103 rem.
2282 4046 2567 4102 Enimvero
2607 4047 2697 4101 ubi
2744 4047 2830 4101 illa
2883 4046 3100 4101 odorata
3138 4056 3219 4102 est
3260 4062 3345 4102 me
3391 4046 3443 4102 id
3486 4047 3699 4106 consilii

2110 4138 2264 4199 inire.
2296 4137 2480 4192 dextra
2507 4138 2898 4207 apprehensum
2930 4137 3220 4192 introduxit
3241 4154 3327 4193 me
3355 4138 3404 4191 in
3429 4139 3700 4207 peculiare

2110 4229 2210 4283 sibi
2240 4228 2561 4283 domicilium
2581 4270 2597 4295 ,
2634 4243 2697 4283 ac
2726 4244 2810 4283 me
2848 4242 3010 4298 prope
3038 4229 3270 4296 lectum,
3303 4227 3393 4282 ubi
3424 4245 3509 4285 me
3545 4230 3702 4285 enixa

2114 4318 2314 4385 fuerat,
2347 4318 2580 4374 assidere
2608 4319 2777 4388 jusso,
2811 4319 3022 4374 emissis
3046 4318 3397 4397 laerymarum
3431 4319 3666 4375 fontibus
3686 4363 3702 4387 ,

2115 4409 2243 4478 ipsis
2274 4409 2522 4479 lacrymis
2547 4410 2929 4465 miserabiliora
2955 4410 3114 4465 verba
3142 4411 3469 4479 proferebat,
3505 4411 3593 4466 his
3620 4429 3705 4467 me

2113 4498 2445 4567 gemebunda
2469 4499 2829 4569 compellans:
2860 4498 2991 4569 Ego,
3023 4500 3224 4570 inquit,
3257 4501 3348 4568 ﬁli,
3383 4502 3578 4557 virtute
3611 4519 3704 4573 pa-

2115 4586 2219 4644 tris
2253 4589 2326 4643 tui
2364 4604 2468 4644 non
2516 4590 2683 4645 multo
2727 4598 2964 4660 tempore
3009 4591 3080 4644 ita
3129 4592 3441 4661 providente
3484 4595 3707 4648 numine

2118 4679 2219 4734 frui
2262 4680 2428 4749 potui.
2474 4679 2605 4734 Nam
2650 4690 2832 4751 partus
2875 4680 2953 4735 tui
2998 4680 3213 4738 dolores
3242 4684 3510 4754 excipiens
3558 4686 3708 4740 illius

2118 4771 2322 4837 obitus,
2354 4781 2405 4827 te
2430 4772 2717 4842 pupillum,
2750 4788 2834 4827 me
2864 4772 3074 4828 viduam
3109 4786 3424 4845 prazmature
3451 4776 3707 4847 reliquit,

2118 4861 2312 4917 additis
2349 4862 2615 4949 viduitatis
2660 4863 3044 4930 incommodis,
3091 4880 3210 4935 quas
3256 4868 3490 4937 expertis
3528 4868 3707 4923 solum

2120 4953 2284 5022 probe
2310 4962 2434 5007 nota
2456 4962 2597 5007 sunt.
2622 4953 2809 5008 Nullus
2836 4954 2976 5009 enim
3018 4970 3197 5011 sermo
3227 4956 3369 5012 illam
3415 4966 3711 5028 tempesta-

2122 5053 2227 5098 tem
2256 5058 2321 5098 ac
2348 5044 2631 5114 procellam
2662 5044 2959 5114 exprimere
2992 5047 3190 5115 possit,
3221 5062 3379 5118 quam
3406 5050 3582 5119 puella
3615 5066 3709 5103 su-

2122 5138 2228 5206 bit,
2257 5152 2378 5193 cum
2405 5153 2574 5208 nuper
2598 5153 2629 5194 e
2657 5138 2817 5194 domo
2838 5139 3003 5209 patris
3030 5140 3221 5195 emissa
3239 5182 3254 5207 ,
3285 5156 3348 5196 ac
3373 5144 3710 5212 negotiorum

2123 5234 2363 5305 imperita
2384 5276 2400 5303 ,
2428 5243 2647 5305 repente
2677 5235 2818 5290 luctu
2853 5235 3166 5291 intolerabili
3199 5237 3471 5305 perculsa,
3504 5237 3713 5291 sollici-

2124 5325 2364 5381 tudinem
2386 5334 2541 5380 tetatc
2560 5340 2623 5382 ac
2643 5341 2771 5383 sexu
2793 5341 2889 5380 suo
2910 5325 3163 5395 majorem
3190 5328 3459 5399 suscipere
3479 5326 3711 5397 cogitur.

2122 5415 2266 5485 Opus
2292 5416 2433 5471 enim
2463 5426 2544 5470 est
2567 5431 2841 5471 servorum
2882 5417 3140 5487 ignaviam
3167 5422 3481 5484 emendare,
3513 5422 3711 5489 nequi-

2125 5504 2249 5559 tiam
2276 5506 2580 5570 observare,
2612 5515 2955 5575 cognatorum
2996 5507 3211 5564 insidias
3236 5510 3573 5580 propulsare,
3608 5526 3713 5578 pu-

2125 5596 2452 5651 blicanorum
2485 5597 2750 5651 molestias
2783 5608 2835 5653 et
2861 5596 2911 5653 in
2942 5598 3282 5670 vectigalibus
3306 5602 3573 5671 exigendis
3607 5603 3714 5654 im-

2127 5686 2430 5744 manitatem
2463 5687 2662 5744 fortiter
2685 5688 2841 5747 ferre.
2870 5689 3020 5760 Quod
3050 5693 3090 5747 si
3123 5693 3184 5761 is,
3210 5691 3296 5764 qui
3322 5704 3545 5750 mortem
3571 5692 3716 5759 obit,
