3944 6202
190 275 289 329 625

183 394 383 464 prolem
404 392 701 464 relinquat;
726 396 771 450 si
793 395 861 451 sit
886 397 1101 466 femina,
1133 414 1374 472 magnam
1401 403 1582 474 utique
1607 403 1761 460 matri

178 499 357 539 curam
384 484 621 553 exhibet,
652 487 749 544 sed
781 497 952 545 tamen
984 491 1281 561 sumptibus
1308 503 1364 549 et
1390 504 1533 551 metu
1563 511 1761 552 vacan-

178 588 282 632 tem
308 595 322 628 :
354 586 406 631 at
435 578 573 633 ﬁlius
592 582 858 635 sexcentis
880 583 1114 652 quotidie
1138 584 1416 641 timoribus
1434 588 1603 656 replet
1625 590 1761 644 ntul-

175 670 345 740 tisque
383 670 861 740 sollicitudinibus;
905 675 1059 731 mitto
1096 677 1238 732 enim
1276 682 1618 749 pecuniarum
1661 698 1758 736 ex-

170 775 409 830 pensam,
434 777 590 831 quam
617 763 836 819 multam
862 764 1039 822 facere
1057 768 1263 839 cogitur
1287 780 1474 839 mater,
1497 773 1541 826 si
1562 773 1757 827 libera-

168 855 285 909 liter
313 854 465 911 illum
490 855 720 911 educare
755 856 952 927 cupiat.
994 858 1078 915 Me
1120 869 1294 916 tamen
1340 862 1529 916 horum
1555 865 1753 920 nullum

165 944 227 999 ad
251 946 454 1001 alteras
487 947 698 1017 nuptias
725 949 807 1003 vel
838 950 905 1004 ad
942 950 1171 1006 alterum
1210 954 1263 1008 in
1310 956 1470 1023 patris
1501 955 1575 1010 tui
1611 958 1753 1015 mdes

165 1035 525 1090 inducendum
562 1052 816 1107 sponsum
859 1043 1152 1108 permovit;
1197 1043 1293 1098 sed
1334 1045 1385 1098 in
1430 1047 1659 1115 procella
1698 1057 1754 1104 et

163 1130 365 1186 turbine
410 1132 613 1196 mansi,
656 1132 993 1204 ferreamque
1030 1136 1301 1191 viduitatis
1331 1136 1598 1195 fornacem
1643 1156 1748 1196 non

161 1221 331 1285 evasi,
380 1223 559 1291 primo
586 1223 801 1291 quidem
830 1239 1064 1294 superno
1103 1228 1231 1280 fulta
1263 1229 1527 1296 subsidio,
1555 1231 1748 1288 deinde

159 1330 255 1369 non
286 1315 508 1383 modico
552 1316 680 1371 mibi
708 1316 762 1371 in
794 1319 1179 1375 calamitatibus
1210 1320 1400 1376 solatio
1424 1332 1567 1387 erat,
1603 1324 1744 1393 quod

158 1407 354 1460 vultum
381 1405 690 1477 frequenter
716 1418 860 1462 tuum
887 1409 1202 1478 aspicerem,
1226 1425 1290 1465 ac
1309 1413 1480 1466 vivam
1508 1412 1744 1469 defuncti

157 1498 445 1568 imaginem
465 1513 755 1562 servarem,
774 1513 894 1568 qum
912 1499 1061 1555 illum
1080 1509 1324 1556 accurate
1345 1502 1587 1558 referret.
1611 1504 1745 1571 Qua-

157 1596 369 1657 propter
398 1603 522 1642 cum
552 1588 724 1644 adhuc
759 1588 934 1645 infans
950 1603 1136 1659 esses,
1169 1592 1394 1648 necdum
1421 1593 1564 1664 loqui
1592 1595 1740 1650 valc-

153 1695 265 1745 res,
304 1694 441 1734 cum
483 1681 717 1736 maxime
747 1681 898 1752 pueri
946 1693 1195 1752 parentes
1230 1684 1496 1742 oblectare
1531 1687 1754 1756 solent,-

154 1788 350 1842 magna:
380 1773 517 1827 mihi
542 1774 893 1829 consolationi
916 1776 1078 1830 fuisti.
1100 1776 1281 1847 Neque
1304 1777 1429 1832 illud
1458 1779 1585 1833 mihi
1611 1780 1738 1836 vitio

152 1873 350 1919 vertere
380 1865 582 1934 possis,
612 1865 754 1936 quod
782 1866 904 1921 licet
932 1866 1240 1922 viduitatem
1267 1867 1474 1924 fortiter
1500 1872 1731 1936 tulerim,

153 1965 399 2024 paternas
443 1964 623 2010 tamen
664 1956 733 2012 ob
768 1956 1037 2012 viduitatis
1075 1958 1466 2014 incommodum
1499 1960 1589 2015 tibi
1630 1962 1731 2016 mi-

154 2048 347 2102 nuerim
379 2047 692 2115 facultates,
723 2048 864 2119 quod
897 2050 1076 2104 multis
1112 2050 1165 2104 in
1201 2049 1427 2106 orbitate
1454 2050 1734 2106 infeliciter

152 2137 405 2192 accidisse
434 2138 596 2192 novi:
630 2154 751 2191 nam
787 2138 905 2193 illas
938 2138 1034 2194 tibi
1073 2140 1305 2209 integras
1334 2142 1566 2204 servavi,
1609 2142 1731 2197 licet

150 2228 269 2282 nihil
293 2244 490 2283 eorum
518 2239 821 2299 sumptuum
852 2231 1300 2300 prmtcrmiserim,
1326 2231 1417 2301 qui
1442 2231 1507 2286 ad
1535 2232 1730 2287 libera-

148 2318 243 2375 lem
268 2320 665 2375 institutionem
692 2328 833 2375 tuam
857 2320 1144 2375 necessarii
1167 2330 1319 2375 erant
1344 2339 1357 2376 :
1390 2321 1547 2392 idque
1565 2337 1631 2377 ex
1655 2322 1728 2376 fa-

146 2412 431 2467 cultatibus
453 2411 588 2466 meis
612 2426 786 2481 exque
812 2411 1079 2481 pecuniis,
1106 2426 1239 2482 quas
1265 2426 1295 2467 e
1321 2411 1482 2467 domo
1509 2420 1725 2484 paterna

145 2503 447 2559 attuleram.
476 2501 555 2558 Ne
582 2519 710 2558 vero
738 2512 891 2573 putes
927 2518 1014 2559 me
1040 2503 1133 2558 tibi
1169 2503 1575 2573 exprobrantem
1610 2503 1725 2559 hinc

143 2593 307 2649 dicere
330 2612 348 2648 :
382 2593 485 2649 sed
523 2608 620 2663 pro
647 2592 731 2647 his
754 2593 1000 2647 omnibus
1037 2607 1194 2648 unam
1221 2592 1432 2664 postulo
1464 2594 1683 2664 gratiam
1701 2631 1721 2660 ,

143 2699 202 2738 ne
238 2700 322 2739 me
370 2684 545 2738 altera
587 2683 842 2739 viduitate
887 2684 1157 2752 involvas,
1204 2698 1305 2737 neu
1345 2685 1719 2754 sopitumjam

140 2775 323 2830 luctum
396 2774 578 2829 denuo
633 2774 832 2830 excites
853 2813 868 2838 ,
926 2788 1112 2829 verum
1163 2783 1388 2829 mortem
1445 2783 1722 2845 exspectes

138 2883 296 2923 meam
329 2885 349 2922 :
391 2867 527 2923 hinc
565 2866 790 2922 fortasse
832 2866 978 2922 brevi
1016 2865 1387 2937 emigrandum
1424 2866 1557 2921 mihi
1595 2868 1716 2921 erit.

137 2959 252 3016 Nam
277 2960 515 3030 juvenes
543 2958 755 3030 quidem
783 2958 848 3014 ad
885 2969 1187 3029 provectam
1215 2958 1429 3029 perduci
1468 2968 1717 3015 senectu-

138 3061 232 3108 tem
266 3067 496 3124 sperare
530 3059 782 3124 possunt;
817 3066 917 3107 nos
939 3053 1266 3122 autem,‘qui
1305 3052 1714 3119 consenuimns,

134 3144 253 3199 nihil
282 3144 437 3199 aliud
473 3160 635 3214 quam
675 3150 901 3199 mortem
934 3143 1322 3212 prmstolamur.
1364 3141 1498 3198 Cum
1537 3143 1716 3214 itaque

133 3254 211 3293 me
238 3248 404 3295 terra:
441 3238 754 3317 tradideris,
784 3238 1056 3309 patrisque
1092 3238 1300 3293 ossibus
1337 3237 1713 3303 admiscueris,

133 3330 301 3403 longas
326 3332 595 3401 suscipito
625 3329 1073 3402 peregrinationes
1089 3371 1106 3396 ,
1135 3338 1188 3385 et
1215 3329 1587 3400 quodcumque
1612 3345 1710 3385 vo-

133 3423 281 3480 lueris
304 3423 534 3494 pelagus
564 3423 833 3494 trajicito:
864 3436 1021 3478 nemo
1046 3432 1172 3478 tunc
1199 3421 1563 3492 prohibiturus
1588 3430 1671 3476 est
1693 3438 1708 3477 :

130 3526 372 3572 merum
412 3516 586 3573 donec
611 3516 970 3586 respiramus,
1005 3514 1409 3571 contubernium
1435 3530 1612 3570 meum
1643 3530 1710 3569 ne

129 3623 358 3678 respuas,
392 3624 496 3663 neu
519 3609 570 3662 in
593 3607 686 3663 Dei
706 3606 1054 3663 offensionem
1078 3615 1278 3662 temere
1299 3607 1558 3674 incurras,
1581 3607 1706 3661 dmn

129 3716 216 3755 nos
259 3702 398 3756 nihil
443 3710 622 3756 tamen
664 3700 821 3755 lassus
859 3714 890 3754 a
933 3699 1086 3755 nobis
1133 3706 1212 3754 tot
1253 3698 1405 3754 malis
1448 3699 1706 3753 involves.

130 3792 322 3846 Etenim
353 3792 404 3846 si
429 3792 685 3861 conqueri
715 3800 899 3860 potes,
940 3790 1081 3862 quod
1112 3797 1163 3845 te
1189 3790 1256 3845 ad
1288 3790 1582 3845 mundanas
1610 3805 1706 3845 cu-

128 3897 205 3935 ras
226 3882 557 3954 pertraham,
584 3898 646 3937 ac
664 3882 891 3950 negotiis
920 3880 1225 3952 prospicere
1256 3881 1359 3936 tuis
1387 3896 1571 3951 cogam
1592 3922 1607 3946 ,
1637 3897 1705 3936 ne

127 3972 261 4041 leges
300 3983 545 4038 natum),
578 3987 646 4026 ne
681 3971 1078 4037 educationem,
1120 3985 1188 4026 ne
1228 3970 1702 4037 consuetudinem,

126 4077 217 4116 neu
255 4062 404 4117 aliud
428 4061 697 4133 quidpiam
724 4061 1050 4128 reverearis,
1076 4060 1171 4115 sed
1200 4075 1297 4115 nos
1325 4068 1590 4129 tamquam
1618 4060 1702 4114 in-

124 4154 399 4213 sidiatores
421 4165 476 4209 et
497 4154 739 4209 inimicos
759 4153 910 4224 fuge;
936 4154 1019 4208 sin
1040 4168 1167 4208 vero
1189 4152 1316 4207 nihil
1344 4167 1448 4207 non
1474 4153 1698 4223 agimus,

124 4255 176 4298 ut
199 4246 288 4301 tibi
317 4246 490 4299 otium
523 4259 770 4315 paremus
798 4243 863 4299 ad
892 4244 1052 4298 vitam
1081 4242 1457 4298 instituendam
1478 4284 1492 4309 ,
1523 4244 1568 4298 si
1605 4245 1703 4296 mi-

123 4350 216 4387 nus
237 4335 384 4390 aliud
409 4336 712 4398 vinculum,
746 4343 891 4390 certe
919 4336 1022 4390 hoc
1049 4350 1212 4389 unum
1242 4342 1294 4390 te
1320 4332 1459 4404 apud
1484 4349 1582 4389 nos
1610 4333 1705 4389 de-

125 4426 297 4480 tineat.
325 4426 462 4481 Nam
499 4426 708 4482 etiamsi
739 4436 789 4481 te
816 4441 846 4480 a
872 4427 1135 4481 sexcentis
1160 4425 1279 4480 aliis
1314 4426 1479 4481 amari
1518 4426 1664 4481 dicas
1683 4469 1697 4493 ,

126 4517 287 4571 nauus
322 4517 417 4572 tibi
454 4524 656 4572 tantam
689 4517 982 4571 libertatem
1010 4516 1342 4586 procumbit,
1375 4517 1702 4587 quandoqui-

121 4606 236 4662 dem
275 4623 436 4665 nemo
477 4617 591 4674 est,
638 4609 724 4663 cui
772 4607 1093 4663 existimatio
1139 4616 1227 4661 tua
1265 4621 1418 4677 aeque
1462 4621 1525 4662 ac
1570 4608 1699 4662 mihi

115 4712 231 4752 cara
257 4701 347 4755 sit.

182 4793 233 4845 6.
263 4791 435 4845 Praua
458 4807 559 4860 qua
577 4790 631 4845 in
652 4789 966 4844 ordinatione
989 4805 1110 4844 usus
1129 4798 1202 4844 est
1220 4787 1702 4859 Chrysostomus.-—

121 4881 234 4937 llaec
260 4893 318 4937 et
346 4884 428 4938 bis
454 4883 606 4952 plura
631 4882 818 4936 matris
840 4879 1001 4936 verba
1029 4890 1179 4935 erant
1208 4897 1222 4934 :
1255 4895 1374 4950 qua:
1394 4895 1513 4934 cum
1533 4894 1698 4950 gene-

120 4992 236 5031 roso
280 4977 359 5031 illi
412 4977 530 5031 viro
559 4975 923 5030 renuntiarem
950 5014 965 5036 ,
1021 4973 1109 5027 ille
1156 4973 1353 5027 nedum
1397 4972 1699 5041 hujusmodi

115 5068 288 5122 verbis
330 5074 671 5131 moveretur,
698 5065 874 5119 acrius
898 5063 1058 5118 etiam
1107 5062 1337 5117 instabat
1360 5061 1548 5121 eadem
1587 5063 1701 5132 ipsa

118 5172 224 5225 qua:
258 5159 407 5228 prius
432 5156 751 5226 efﬂagitans.
770 5154 895 5210 Hzec
914 5168 1034 5209 cum
1055 5153 1193 5207 inter
1221 5166 1319 5207 nos
1341 5166 1697 5219 versaremus,

122 5247 199 5302 illo
218 5247 530 5319 frequenter
557 5248 815 5310 instante,
845 5260 932 5300 me
948 5243 1216 5300 abnuente
1240 5284 1254 5307 ,
1279 5252 1496 5298 exortus
1525 5242 1703 5298 subito

94 5352 302 5397 .ramor
343 5348 633 5408 utrumque
678 5336 952 5392 turbavit:
985 5334 1121 5389 fama
1168 5334 1312 5389 enim
1352 5343 1468 5389 erat
1508 5348 1607 5388 nos
1634 5334 1702 5388 ad

125 5432 470 5503 rp'seopalem
519 5432 829 5502 dignitatem
862 5433 878 5461 ‘
919 5426 1308 5500 promovendos
1374 5440 1513 5481 esse.
1577 5425 1704 5493 Qui-

182 5603 200 5634 ι
231 5602 370 5651 mil.
396 5605 448 5652 in
473 5610 635 5658 textu,
652 5599 818 5652 Morel.
844 5609 895 5651 et
918 5602 1123 5651 maxima
1148 5594 1259 5660 pars
1281 5607 1406 5657 Mss.,
1434 5597 1502 5649 ad
1523 5598 1705 5661 episco-

130 5660 577 5775 mnitatem
593 5678 609 5726 ;
626 5664 765 5715 savii.
791 5665 839 5715 in
863 5666 1076 5727 margine
1096 5670 1151 5714 et
1174 5670 1378 5726 quatuor
1393 5670 1524 5722 Mss,
1544 5660 1610 5711 ad
1633 5674 1705 5711 sa-

1418 280 1504 339 DE
1540 276 1991 347 SACEBDOTIO.
2031 294 2160 352 LIB.
2205 300 2247 355 l.

3346 327 3453 382 625

1870 407 1969 464 bus
1989 413 2183 471 auditis
2201 457 2216 484 ,
2246 431 2346 489 ego
2389 419 2577 477 timore
2602 423 2759 482 simul
2785 434 2840 484 et
2878 428 3207 492 hzesitatione
3236 444 3447 509 percul—

1867 515 1961 558 sus
1985 518 2103 603 sum
2127 547 2144 572 ,
2175 509 2367 565 timore
2387 550 2402 577 ,
2435 528 2501 567 ne
2529 514 2724 572 invitus
2765 534 3022 591 raperer;
3074 524 3409 590 haesitatione
3428 576 3447 603 ,

1865 607 1987 647 cum
2034 594 2327 654 identidem
2368 601 2722 673 disquirerem
2753 625 2859 679 quo
2903 625 3056 681 pacto
3083 617 3212 674 viris
3240 622 3346 679 illis
3393 594 3447 682 in

1865 696 2099 785 mentem
2129 690 2364 785 venisset
2390 692 2457 749 de
2482 696 2632 752 nobis
2653 700 2941 771 quidquam
2971 706 3268 777 bujusmodi
3296 712 3444 785 engi-

1862 781 1977 868 tare
2000 792 2016 829 :
2038 793 2160 868 nam
2189 783 2451 852 meipsum
2494 787 2791 857 inspicienti
2818 794 2949 850 nihil
2975 805 3319 858 succurrebat
3350 781 3444 863 illo

1860 864 2076 937 dignum
2123 870 2348 928 honore.
2394 874 2704 934 Generosus
2727 895 2902 953 autem
2934 888 3040 952 ille,
3088 906 3175 947 me
3212 898 3437 952 seorsim

1859 961 2219 1061 conveniens,
2251 981 2372 1021 cum
2421 968 2613 1026 famam
2641 977 2790 1043 quasi
2818 977 3083 1047 ignoranti
3132 989 3433 1061 aperis-set,

1856 1049 2110 1120 rogabat,
2138 1063 2198 1108 ut
2223 1060 2668 1125 quemadmodum
2696 1062 2840 1133 ante,
2873 1068 2958 1123 hic
2986 1073 3147 1126 etiam
3169 1049 3433 1138 factor-uni

1854 1141 2305 1216 consiliorumque
2320 1159 2596 1207 consortes
2613 1153 2916 1213 videremur
2939 1176 2952 1210 :
2972 1173 3215 1230 paratum
3235 1180 3294 1222 se
3313 1183 3435 1226 esse

1853 1231 1919 1287 ad
1946 1237 2199 1292 utramvis
2223 1238 2361 1293 viam
2390 1243 2744 1312 amplecterer
2761 1288 2777 1312 ,
2808 1248 2919 1304 sive
2947 1248 3253 1321 fugiendum
3274 1298 3292 1324 ,
3317 1259 3433 1315 sive

1850 1327 2293 1383 consentiendum
2317 1340 2488 1400 esset,
2522 1338 2967 1406 persequendam.
3010 1341 3138 1413 Ejus
3178 1361 3276 1416 ego
3311 1350 3431 1403 ani-

1849 1429 1993 1469 mum
2033 1421 2411 1489 conspicatus,
2457 1423 2816 1496 damnumque
2854 1439 3001 1485 ratus
3040 1449 3125 1488 me
3168 1436 3429 1495 universae

1848 1504 2102 1562 Ecclesiae
2126 1509 2425 1579 illaturum,
2446 1513 2492 1568 si
2521 1524 2625 1568 tam
2649 1518 2816 1586 probo
2834 1559 2847 1584 ,
2889 1529 2995 1574 tam
3021 1522 3087 1576 ad
3132 1526 3420 1583 multorum

1846 1598 2212 1666 pnefecturam
2242 1602 2437 1658 idoneo
2470 1605 2670 1675 juvene
2696 1623 2911 1679 gregem
2952 1614 3149 1669 Christi
3186 1617 3256 1673 ob
3280 1619 3427 1674 infir-

1845 1690 2082 1771 mitatem
2120 1708 2295 1748 meam
2343 1697 2612 1767 privarem
2635 1741 2650 1766 ,
2683 1704 2824 1771 quod
2855 1705 2905 1758 in
2937 1706 3116 1763 animo
3159 1720 3275 1765 erat
3318 1728 3423 1769 non

1842 1779 2018 1835 detexi
2044 1821 2060 1848 ,
2087 1784 2187 1838 etsi
2215 1795 2370 1840 antea
2418 1787 2624 1844 nullum
2652 1782 2994 1848 consiliorum
3038 1812 3275 1855 meorum
3324 1802 3425 1873 ipsi

1841 1874 2187 1930 occultassem
2222 1895 2238 1932 :
2291 1879 2387 1934 sed
2410 1897 2536 1937 cum
2555 1884 2950 1954 respondissem
2995 1904 3059 1944 at
3085 1889 3152 1945 de
3196 1907 3257 1948 re
3297 1910 3425 1950 cou-

1838 1963 2179 2054 sultationem
2199 1967 2343 2021 aliud
2365 1970 2423 2023 in
2451 1980 2656 2042 tempus
2682 1975 3019 2043 rejiciendam
3050 1994 3207 2048 esse;
3239 1998 3416 2054 neque

1837 2053 2071 2110 enim'id
2114 2057 2165 2111 in
2209 2061 2487 2127 prtesentia
2533 2077 2765 2132 urgere:
2799 2067 2979 2121 statim
3021 2073 3259 2139 persuasi
3290 2075 3419 2131 nihil

1841 2158 2125 2217 propterea
2157 2151 2449 2206 curandum
2496 2168 2616 2209 esse
2655 2196 2670 2221 ,
2701 2154 3051 2231 fiduciamque
3099 2163 3264 2219 indidi
3286 2207 3303 2232 ,
3331 2183 3420 2223 me

1833 2237 2072 2307 ejusdem
2123 2243 2403 2297 sententia:
2455 2256 2758 2300 consortem
2786 2249 2933 2314 fore,
2984 2253 3029 2306 si
3067 2255 3281 2323 quando
3327 2272 3416 2312 res

1834 2327 2134 2399 liujusmodi
2159 2333 2510 2402 contingeret.
2535 2334 2685 2390 Haud
2715 2337 2783 2391 ita
2816 2341 2981 2394 multo
3000 2342 3191 2412 elapso
3211 2354 3417 2416 tempo-

1831 2432 1890 2474 re
1910 2460 1926 2487 ,
1957 2435 2080 2475 cum
2128 2420 2174 2476 is
2203 2422 2292 2491 qui
2323 2438 2420 2478 nos
2446 2424 2789 2482 ordinaturus
2827 2439 2945 2483 erat
2987 2431 3050 2485 ad
3063 2435 3324 2501 venisset,
3348 2451 3413 2492 ac

1829 2524 1915 2564 me
1962 2510 2077 2580 ipse
2113 2513 2494 2580 occultassem,
2549 2515 2738 2571 borum
2790 2519 3004 2589 ignarus
3030 2522 3119 2577 ille
3155 2527 3304 2595 quasi
3342 2529 3410 2583 ad

1824 2601 1968 2657 aliud
1999 2603 2267 2673 negotium
2296 2606 2531 2673 ducitur,
2570 2608 2862 2679 jugumque
2903 2614 3094 2683 accipit
3124 2657 3140 2683 ,
3188 2632 3411 2687 aperans

1827 2709 1914 2749 me
1934 2737 1948 2763 ,
1980 2704 2037 2751 ut
2061 2699 2411 2767 promiseram
2431 2741 2446 2766 ,
2476 2700 2695 2771 perinde
2724 2712 3072 2773 sequuturum
3104 2723 3224 2765 esse
3257 2727 3270 2764 :
3301 2710 3409 2766 imo

1827 2788 2004 2856 potius
2030 2791 2124 2854 se,
2154 2805 2241 2845 me
2290 2800 2593 2861 praeeunte,
2625 2805 2997 2865 sequuturum.
3032 2799 3241 2855 Etenim
3270 2818 3407 2858 non-

1825 2880 1953 2935 nulli
1979 2894 2047 2936 ex
2079 2882 2142 2936 iis
2170 2884 2259 2952 qui
2284 2883 2505 2939 aderant
2536 2886 2774 2942 videntes
2801 2903 2921 2943 eum
2943 2931 2959 2955 ,
2991 2892 3131 2960 quod
3157 2908 3404 2964 compre-

1824 2968 2019 3024 hensus
2058 2980 2233 3038 esset,
2280 2988 2422 3043 aegre
2470 2973 2764 3041 ferentem,
2819 2979 2870 3033 ei
2900 2980 3061 3035 verba
3102 2981 3399 3051 dederunt,

1821 3062 2117 3116 clamantes
2141 3104 2156 3128 ,
2186 3063 2473 3119 absurdum
2514 3080 2633 3121 esse
2656 3108 2671 3133 ,
2701 3084 2824 3123 eum
2861 3071 2952 3140 qui
2979 3073 3226 3128 omnibus
3264 3076 3405 3130 fero-

1819 3153 1933 3208 cior
1956 3152 2254 3220 videbatur,
2277 3170 2363 3209 me
2391 3154 2753 3226 designantes,
2778 3173 2896 3213 cum
2926 3176 3115 3231 magna
3142 3164 3400 3221 modestia

1819 3242 2033 3297 Patrum
2079 3243 2270 3311 placito
2324 3244 2752 3314 obtemperasse;
2804 3248 2950 3303 illum
3003 3260 3180 3306 autem
3229 3255 3397 3309 multo

1818 3334 2214 3404 prudentiorem
2244 3342 2299 3388 et
2320 3335 2728 3392 moderatiorem
2757 3337 3017 3407 ferocire,
3045 3358 3234 3397 vanam
3273 3345 3392 3415 glo.

1816 3427 1947 3481 riam
1993 3438 2279 3496 appetere,
2335 3427 2764 3495 subsultantem,
2816 3431 3173 3499 resilientem,
3226 3451 3388 3504 repu-

1814 3524 2082 3587 gnantem.
2100 3519 2197 3574 llis
2220 3516 2308 3573 ille
2323 3516 2856 3588 verbisohsequutus,
2893 3532 3170 3592 postquam
3197 3524 3397 3581 audivit

1814 3621 1902 3662 me
1934 3606 2216 3677 aufugisse,
2250 3607 2415 3663 tristis
2453 3606 2737 3662 admodum
2789 3623 2877 3665 me
2918 3611 3060 3677 adit,
3091 3614 3396 3685 assidetque

1811 3695 1939 3750 mihi
1962 3737 1978 3763 ,
2004 3698 2162 3751 verba
2200 3694 2380 3753 facere
2423 3697 2679 3766 cupiens;
2708 3713 2890 3753 verum
2940 3701 3104 3756 animi
3152 3705 3393 3774 angustia

1810 3784 2058 3841 detentus
2076 3826 2092 3853 ,
2120 3801 2239 3841 cum
2269 3801 2387 3842 eam
2407 3827 2423 3853 ,
2455 3803 2609 3857 quam
2633 3802 2824 3858 passus
2848 3778 3056 3859 fuerat,
3083 3792 3189 3847 vim
3215 3794 3392 3850 decla-

1811 3892 1932 3932 rare
1958 3891 2065 3931 non
2089 3887 2307 3946 posset,
2338 3878 2391 3931 iu
2423 3878 2539 3948 ipso
2564 3878 2673 3934 oris
2698 3878 2845 3934 hiatu
2869 3879 2970 3936 fari
2993 3883 3390 3954 prohibebatur,

1808 3982 2041 4023 mterore
2064 3968 2361 4022 orationem
2394 3977 2679 4039 antequam
2720 3969 2911 4027 dentes
2939 3975 3271 4041 transiliret,
3303 3977 3389 4031 in-

1810 4068 2188 4131 terrumpente.
2236 4060 2386 4116 Illum
2416 4077 2516 4134 ego
2558 4062 2779 4119 intuitus
2825 4065 3073 4139 lacrymis
3118 4069 3385 4139 perfusum

1807 4153 2091 4222 animoque
2113 4153 2381 4208 turbatum
2400 4194 2417 4220 ,
2444 4155 2521 4209 rei
2549 4170 2764 4211 causam
2789 4157 3011 4213 edoctus
3030 4201 3046 4225 ,
3076 4162 3237 4215 multa
3262 4177 3385 4217 cum

1807 4246 2074 4315 voluptate
2103 4245 2155 4299 in
2184 4247 2351 4300 risum
2382 4247 2597 4317 prorupi
2619 4288 2635 4314 ,
2663 4249 3162 4320 apprehensumque
3195 4252 3387 4308 dexteo

1808 4351 1864 4391 ra
1890 4336 2189 4391 deosculari
2218 4347 2442 4391 conatus
2469 4351 2584 4392 sum
2609 4379 2626 4405 ,
2656 4339 2869 4408 Deoque
2910 4341 3136 4410 gloriam
3179 4340 3382 4397 refere-

1804 4427 1961 4491 bam,
1995 4426 2136 4495 quod
2182 4426 2601 4481 machinamenta
2643 4427 2774 4481 mihi
2825 4438 2972 4484 recte
3022 4443 3086 4484 ac
3133 4445 3231 4500 pro
3256 4442 3384 4488 voto

1805 4517 2113 4573 cessissent.
2146 4516 2239 4572 llle
2276 4524 2336 4570 ut
2382 4531 2468 4571 me
2496 4516 2674 4572 laetum
2707 4517 3037 4589 hilaremque
3066 4519 3241 4589 vidit,
3293 4522 3384 4583 ubi

1806 4609 2033 4679 primum
2076 4622 2137 4665 se
2182 4623 2212 4663 a
2234 4607 2388 4663 nobis
2433 4606 2715 4679 deceptum
2740 4624 2860 4665 esse
2885 4612 3299 4684 animadvertit,
3329 4613 3384 4671 id

1804 4702 1960 4771 longe
1985 4701 2198 4771 gravius
2224 4699 2601 4771 indigniusque
2625 4699 2849 4756 ferebat.

1875 4794 1927 4847 7.
1949 4791 2130 4846 Basilii
2153 4793 2406 4846 accusatio
2440 4791 2664 4846 modesta
2690 4802 2741 4846 et
2780 4793 3012 4864 simplex.
3033 4823 3106 4834 —
3128 4794 3296 4850 Porro
3313 4795 3385 4849 ab

1793 4878 1883 4935 illa
1896 4881 2292 4953 perturbatione
2304 4881 2489 4937 sedato
2512 4897 2798 4953 parumper
2828 4884 3167 4947 animo,Etsi,
3190 4885 3379 4955 inquit,

1806 4985 1985 5044 partes
2010 4984 2219 5029 nostras
2246 4975 2521 5044 reSpueris
2538 5015 2554 5041 ,
2574 4988 2638 5029 ac
2663 4973 2859 5028 nullam
2880 4973 2990 5043 jam
3021 4973 3192 5029 nostri
3220 4976 3381 5028 ratio-

1807 5083 1928 5123 nem
1956 5067 2184 5132 habeas,
2237 5082 2336 5122 nec
2378 5077 2525 5121 certe
2565 5066 2679 5121 seio
2719 5080 2820 5136 qua
2851 5066 2919 5121 de
2958 5080 3118 5121 causa
3146 5067 3382 5136 oportuit

1807 5160 1993 5213 saltem
2038 5168 2091 5213 te
2133 5156 2537 5214 existimationis
2580 5164 2683 5211 tua:
2729 5170 2910 5210 curam
2955 5156 3169 5211 habere.
3232 5156 3383 5211 Nune

1806 5266 1935 5306 vero
1956 5249 2193 5305 omnium
2243 5263 2336 5302 ora
2367 5246 2657 5317 aperuisti,
2702 5256 2858 5316 teque
2883 5261 2950 5301 ex
2979 5247 3153 5301 inanis
3195 5246 3384 5317 gloria:

1807 5356 1988 5397 amore
2009 5341 2184 5396 cuncti
2222 5340 2405 5393 dicunt
2430 5338 2532 5393 hoc
2559 5339 2911 5393 ministerium
2938 5353 3250 5405 recusasse,
3283 5354 3384 5395 nec

1807 5432 2084 5502 quisquam
2113 5440 2195 5485 est
2222 5431 2309 5500 qui
2334 5440 2384 5483 te
2408 5428 2477 5484 ab
2523 5429 2622 5483 hac
2649 5428 3019 5484 criminatione
3043 5430 3259 5485 eximat.
3288 5430 3387 5484 hli-

1809 5523 1860 5578 hi
1887 5530 2063 5579 autem
2108 5537 2176 5576 ne
2206 5523 2257 5576 in
2299 5520 2472 5575 forum
2520 5520 2731 5591 quidem
2778 5518 3040 5575 ventitare
3080 5519 3246 5575 licet:
3274 5529 3382 5575 tam

1810 5615 1964 5672 multi
1995 5627 2189 5682 nempe
2227 5613 2469 5681 suntqui
2512 5625 2614 5667 nos
2642 5609 2999 5677 conveniunt,
3045 5625 3109 5666 ac
3148 5611 3385 5683 quotidie

1816 5711 2077 5766 incusant.
2109 5705 2240 5761 Nam
2267 5706 2476 5777 quoties
2505 5719 2590 5762 me
2619 5704 2673 5760 in
2701 5716 3037 5778 quacumque
3058 5702 3209 5760 urbis
3236 5713 3391 5773 parte
