3944 6202
499 322 601 377 6‘27

501 437 715 502 vident,
748 431 973 488 seorsim
1007 428 1288 484 adductum
1335 425 1622 481 familiares
1668 425 1835 480 nostri
1881 439 1968 479 me
2017 423 2070 477 in

502 526 788 581 maximam
819 521 1057 576 criminis
1089 528 1289 588 partem
1319 525 1530 572 vocant.
1563 516 1689 585 Ejus
1715 515 1920 570 consilii
1951 530 2075 585 gna-

503 631 595 670 rus
619 656 636 682 ,
686 615 864 674 aiunt,
900 611 1095 665 nullam
1127 609 1268 664 enim
1309 623 1487 663 rerum
1533 606 1600 661 ad
1629 621 1749 661 eum
1795 606 2071 676 pertinen-

505 706 633 758 tium
664 703 974 773 ignorabas,
1005 700 1136 753 nihil
1166 699 1400 769 oportuit
1440 698 1774 753 dissimulare
1794 737 1808 761 ,
1839 697 1930 751 sed
1960 711 2073 751 rem

504 796 779 850 nobiscum
822 792 1230 859 communicare,
1268 805 1442 861 neque
1478 790 1734 845 defuisset
1789 804 1877 843 ars
1903 830 1917 854 ,
1971 801 2073 857 qua

509 887 655 940 illum
687 885 740 938 in
793 884 922 938 retia
948 882 1354 950 eonjiceremus.
1377 881 1458 936 Me
1476 896 1604 936 vero
1630 879 1780 934 fateri
1807 879 1970 949 pudet
1995 879 2076 934 di-

505 992 629 1030 cere
655 1017 669 1042 ,
706 991 791 1029 me
817 975 866 1028 id
892 974 1170 1029 consilium
1200 987 1229 1027 a
1257 981 1308 1028 te
1329 974 1437 1042 jam
1469 972 1675 1042 pridem
1709 971 1893 1025 initum
1923 971 2076 1040 igno-

505 1083 658 1131 rare,
692 1082 759 1121 ne
801 1067 876 1120 illi
920 1065 1205 1120 amicitiam
1233 1071 1470 1118 nostram
1498 1063 1670 1118 ﬁctam
1701 1077 1822 1116 esse
1868 1069 2072 1131 putent.

505 1158 634 1212 Nam
662 1159 704 1212 si
735 1158 803 1212 ita
831 1165 940 1223 est,
978 1166 1035 1210 ut
1067 1171 1190 1211 vere
1219 1164 1321 1221 est,
1375 1155 1516 1225 quod
1540 1170 1606 1210 ne
1639 1164 1692 1208 tu
1719 1152 1930 1224 quidem
1958 1160 2079 1221 post

507 1250 628 1303 talia
658 1258 802 1318 gesta
831 1249 1050 1303 inficiari
1081 1249 1280 1317 possis,
1329 1261 1433 1302 non
1460 1263 1490 1302 e
1533 1263 1594 1302 re
1634 1246 1791 1301 fuerit
1828 1255 2078 1300 externos

508 1340 782 1403 homines,
829 1340 925 1408 qui
971 1339 1054 1393 vel
1099 1339 1421 1393 mediocrem
1467 1337 1532 1392 de
1577 1337 1733 1392 nobis
1772 1337 2075 1405 opinionem

508 1429 735 1494 habent,
763 1430 899 1484 mala
930 1430 1102 1484 celare
1162 1441 1366 1484 nostra.
1401 1430 1534 1484 Rem
1566 1431 1742 1500 itaque
1771 1439 1828 1484 ut
1856 1445 1980 1485 vere
2019 1444 2079 1484 se

507 1519 666 1574 habet
708 1521 810 1575 illis
838 1521 1046 1590 aperire
1091 1536 1313 1587 vereor,
1346 1521 1438 1575 sed
1489 1531 1664 1576 tacere
1708 1537 1904 1592 cogor,
1951 1537 2079 1576 ocu-

508 1611 693 1679 losque
733 1612 786 1664 in
819 1621 1011 1665 terram
1038 1611 1320 1666 demittere
1343 1653 1357 1675 ,
1385 1619 1543 1681 atque
1585 1611 1652 1666 ab
1676 1613 2079 1670 occurrentibus

507 1704 776 1758 declinare
801 1713 853 1758 et
880 1705 1104 1758 resilire.
1138 1704 1346 1757 Etenim
1385 1704 1505 1757 licet
1534 1704 1677 1772 prius
1705 1703 1834 1757 illud
1877 1705 2080 1758 crimen

508 1795 774 1863 effugiam,
803 1803 965 1849 restat
989 1805 1160 1848 tamen
1184 1803 1242 1848 ut
1267 1794 1526 1848 mendacii
1549 1797 1846 1848 necessario
1866 1809 2076 1864 arguar.

508 1885 686 1956 Neque
703 1887 847 1940 enim
874 1887 1093 1941 credent
1113 1902 1347 1955 unquam
1375 1886 1502 1939 mihi
1533 1885 1728 1940 dicenti
1753 1897 1803 1940 te
1831 1887 2080 1941 Basilium

516 1977 567 2030 in
596 1992 780 2030 eorum
814 1992 1033 2030 numero
1057 1977 1295 2046 posuisse
1315 2018 1330 2043 ,
1360 1977 1552 2046 quibus
1592 1991 1784 2030 arcana
1813 1977 1950 2031 scire
1993 1987 2080 2031 tua

509 2082 611 2118 non
667 2066 806 2118 licet.
836 2065 1027 2120 Verum
1057 2065 1170 2119 hmc
1197 2081 1300 2118 non
1332 2065 1552 2119 multum
1579 2080 1707 2120 curo
1728 2109 1743 2128 ,
1775 2065 1984 2135 quando
2010 2067 2079 2119 ita

510 2154 602 2208 tibi
627 2155 854 2223 jucunda
902 2155 1088 2219 fuere;
1117 2163 1171 2208 at
1197 2155 1458 2225 reliquum
1502 2155 1732 2210 dedecus
1763 2197 1778 2222 ,
1814 2159 1902 2226 qui
1940 2156 2080 2211 ferre

510 2247 809 2314 possimus?
835 2245 966 2300 Nam
996 2247 1085 2300 alii
1133 2256 1183 2300 te
1219 2248 1532 2316 arrogantia:
1562 2289 1575 2312 ,
1611 2249 1697 2302 alii
1721 2263 1871 2301 vanae
1900 2247 2082 2318 gloria:

509 2343 757 2390 accusant
792 2352 806 2399 ;
850 2336 935 2404 qui
966 2347 1140 2390 autem
1166 2337 1270 2390 reis
1295 2337 1469 2390 minus
1518 2352 1732 2406 parcere
1765 2337 1983 2402 volunt,
2029 2345 2084 2392 et

513 2427 628 2480 hare
650 2436 872 2495 utraque
893 2427 1250 2496 improperant
1272 2467 1287 2492 ,
1314 2436 1365 2480 ct
1388 2437 1644 2496 praeterea
1668 2427 1923 2496 adjiciunt
1941 2442 2080 2494 eam,

509 2534 663 2586 quam
693 2519 755 2570 iis
781 2518 869 2586 qui
899 2534 996 2572 nos
1025 2519 1224 2572 honore
1247 2518 1541 2572 affecerunt
1577 2519 1868 2583 intulimus,
1894 2527 2080 2572 contu-

511 2607 761 2672 meliam,
793 2621 926 2675 quos
968 2607 1126 2661 etiam
1169 2607 1350 2661 dicunt
1392 2607 1505 2661 hmc
1542 2610 1663 2676 jure
1703 2623 1887 2676 passos
1929 2623 2080 2676 esse,

515 2696 622 2750 imo
641 2697 882 2765 graviora
906 2697 1278 2764 promeruisse;
1303 2706 1480 2765 utpote
1496 2696 1584 2764 qui
1611 2705 1686 2750 tot
1707 2698 1968 2766 tantisque
1995 2713 2082 2752 re-

513 2787 651 2842 lictis
679 2788 825 2853 viris,
843 2803 1034 2857 pueros
1051 2788 1163 2841 heri
1185 2803 1244 2842 ac
1263 2789 1638 2842 nudiustertius
1661 2789 1710 2842 in
1739 2790 2080 2844 szecularibus

519 2879 662 2931 curis
688 2878 950 2931 volutatos
974 2917 987 2940 ,
1026 2887 1082 2931 ut
1108 2877 1172 2930 ad
1218 2879 1377 2932 breve
1408 2887 1612 2947 tempus
1655 2879 1932 2948 supercilia
1958 2894 2086 2934 con-

515 2969 818 3036 traherent,
849 2969 1018 3038 pullas
1062 2977 1236 3024 vestes
1266 2969 1576 3035 induerent,
1602 2969 1890 3040 vultusque
1919 2971 2082 3024 tristi-

516 3061 638 3114 tiam
692 3061 1041 3125 simularent,
1090 3059 1378 3129 derepente
1448 3059 1514 3114 ad
1569 3068 1768 3114 tantum
1830 3059 2084 3116 honorem

512 3152 855 3217 adduxerint,
903 3159 1156 3221 quantum
1202 3167 1266 3206 ne
1312 3153 1362 3206 in
1387 3153 1584 3206 somnis
1629 3152 1838 3221 quidem
1875 3154 2084 3223 assequi

513 3246 886 3314 Speravissent.
918 3247 1090 3314 Atque
1133 3245 1165 3298 ii
1210 3244 1458 3314 quidem,
1501 3245 1678 3306 aiunt,
1716 3247 1802 3314 qui
1841 3261 1870 3298 a
1917 3247 2082 3314 prima

513 3348 669 3392 artato
695 3338 760 3392 ad
799 3348 1088 3392 extremam
1143 3353 1309 3406 usque
1351 3347 1674 3391 senectutem
1725 3339 1947 3392 ascesim
1973 3339 2085 3393 sive

513 3430 942 3483 exercitationem
970 3427 1151 3481 sectati
1191 3436 1348 3494 sunt,
1391 3427 1441 3480 in
1481 3426 1812 3480 subditorum
1862 3443 2082 3482 numero

514 3528 637 3572 sunt
666 3536 679 3583 ;
715 3519 973 3587 imperant
999 3528 1172 3572 autem
1199 3518 1299 3571 illis
1326 3519 1556 3586 ipsorum
1581 3517 1670 3571 filii
1691 3559 1706 3584 ,
1735 3517 1822 3587 qui
1853 3533 1916 3572 ne
1945 3519 2085 3587 leges

515 3609 727 3677 quidem
755 3618 1013 3663 noverunt
1038 3608 1160 3661 huic
1189 3606 1486 3662 exercendo
1520 3607 1841 3676 magistratui
1865 3608 2082 3676 positas.

517 3701 640 3755 llarc
667 3711 718 3756 et
754 3701 900 3769 plura
932 3701 1206 3770 loquentes
1234 3699 1536 3769 frequenter
1573 3701 1788 3754 instant.
1825 3701 1932 3770 Ego
1957 3715 2085 3755 vero

515 3791 642 3861 quid
684 3791 749 3845 ad
781 3791 896 3847 hmc
921 3791 1269 3862 respondeam
1315 3791 1498 3860 ignoro
1529 3809 1542 3846 :
1574 3800 1627 3845 tu
1647 3833 1661 3857 ,
1707 3807 1914 3860 quaeso,
1955 3792 2085 3846 mihi

517 3882 867 3952 suppeditato.
889 3881 1069 3952 Neque
1091 3883 1230 3936 enim
1259 3892 1386 3952 puto
1403 3891 1602 3937 temere
1638 3891 1688 3936 te
1712 3891 1765 3936 et
1789 3883 1902 3937 sine
1927 3898 2084 3938 causa

517 3971 714 4042 fugisse
738 3982 1038 4043 tantamque
1054 3973 1347 4042 suscepisse
1359 3974 1610 4028 adversus
1625 3974 1757 4028 adeo
1777 3985 2085 4042 praestantes

515 4065 659 4118 viros
689 4065 1032 4128 inimicitiam;
1059 4064 1150 4118 sed
1183 4064 1486 4133 ponderatis
1510 4065 1668 4119 rebus
1689 4065 1754 4118 ad
1779 4065 1830 4119 id
1853 4066 2081 4132 venisse,

519 4153 656 4207 umle
680 4165 732 4208 et
755 4154 845 4209 tibi
873 4163 1109 4225 paratam
1131 4153 1492 4209 defensionem
1518 4154 1706 4209 adesse
1726 4155 1970 4210 arbitror.
1993 4156 2085 4210 Dic

516 4260 672 4314 ergo,
702 4262 824 4299 num
849 4246 1046 4315 justam
1077 4245 1274 4300 habeas
1316 4247 1708 4301 excusationem
1729 4287 1744 4313 ,
1774 4261 1930 4316 quam
1974 4248 2083 4301 cri-

515 4339 860 4393 minatoribus
905 4339 1206 4394 afferamns.
1235 4338 1365 4393 Nam
1397 4338 1463 4393 de
1492 4339 1676 4408 injuria
1704 4353 1804 4408 qua
1838 4354 1924 4393 me
1958 4339 2085 4393 afl‘e-

514 4428 630 4480 cisti
671 4443 774 4482 non
799 4429 1074 4497 expostulo
1105 4437 1274 4483 tecum
1296 4469 1310 4494 ,
1343 4443 1448 4482 non
1477 4427 1617 4497 quod
1644 4427 1949 4497 deceperis,
1977 4444 2083 4482 non

511 4518 651 4586 quod
677 4519 998 4586 prodideris,
1032 4536 1136 4575 non
1182 4519 1320 4588 quod
1365 4521 1511 4574 omni
1557 4529 1792 4588 tempore
1838 4520 2084 4574 amicitia:

515 4623 650 4660 mea:
681 4605 902 4661 fructum
935 4609 1138 4662 tuleris.
1166 4609 1272 4664 Nos
1298 4610 1493 4679 quippe
1519 4609 1749 4662 animam
1797 4619 2030 4664 nostram
2059 4650 2074 4674 ,

516 4707 575 4750 ut
605 4697 674 4750 ita
704 4697 873 4750 dicam
895 4740 909 4763 ,
943 4697 1033 4751 tibi
1061 4699 1271 4752 allatam
1292 4740 1306 4764 ,
1347 4700 1397 4752 iu
1427 4699 1670 4754 manibus
1711 4701 1813 4754 tuis
1842 4703 2082 4770 reposui-

517 4802 634 4841 mus
662 4805 673 4840 :
703 4797 756 4841 tu
778 4802 903 4842 vero
931 4777 1127 4841 tantam
1150 4787 1424 4841 adversum
1449 4803 1547 4842 nos
1568 4789 1906 4845 calliditatem
1931 4792 2083 4845 adhi-

516 4877 672 4932 huisti
693 4920 706 4943 ,
735 4887 983 4948 quantam
1003 4879 1047 4932 si
1070 4877 1138 4931 ab
1164 4878 1388 4932 inimicis
1405 4878 1506 4932 tuis
1526 4879 1815 4934 cavendum
1835 4880 1926 4934 tibi
1949 4880 2080 4936 fuis-

515 4978 617 5024 set.
647 4970 803 5040 Atqui
830 4969 1088 5040 oportuit,
1119 4970 1161 5022 si
1185 4968 1461 5022 consilium
1489 4969 1787 5038 hujusmodi
1817 4972 1940 5026 utile
1964 4986 2082 5028 esse

517 5060 770 5130 putabas,
798 5061 934 5115 illius
965 5059 1166 5114 lucrum
1211 5072 1314 5112 non
1365 5057 1546 5128 fugere
1575 5077 1588 5113 :
1621 5060 1702 5113 sin
1729 5059 2040 5116 damnosum
2061 5105 2077 5130 ,

513 5167 611 5208 nos
640 5165 848 5223 quoque
866 5191 880 5214 ,
912 5165 1044 5220 quos
1064 5149 1309 5204 omnibus
1334 5165 1544 5218 semper
1572 5149 1822 5220 praeferre
1843 5151 2077 5219 dicebas,

513 5243 710 5298 damno
735 5243 962 5312 eripere.
986 5242 1062 5296 Tu
1085 5257 1210 5296 vero
1235 5242 1363 5296 nihil
1392 5257 1494 5295 non
1523 5243 1672 5312 egisti
1703 5253 1758 5297 ιιι
1787 5259 1850 5298 eo
1878 5245 2079 5300 incide-

513 5347 726 5400 remus,
762 5349 932 5403 neque
961 5333 1083 5388 dolo
1108 5333 1191 5388 vel
1215 5333 1550 5388 simulatione
1588 5350 1720 5404 opus
1749 5345 1861 5391 erat
1891 5337 2080 5391 adver-

513 5437 604 5478 sus
631 5439 750 5477 eum
771 5465 797 5490 ,.
819 5424 907 5493 qui
928 5424 1042 5478 sine
1067 5423 1190 5478 dolo
1218 5433 1272 5478 et
1297 5425 1607 5494 simpliciter
1631 5427 1804 5480 omnia
1831 5428 2006 5482 dicere
2025 5439 2080 5483 et

514 5527 672 5580 agere
700 5514 836 5582 apud
857 5523 907 5569 te
937 5515 1158 5568 solebat.
1183 5515 1427 5568 Attamen
1449 5554 1462 5578 ,
1486 5525 1543 5569 ut
1565 5515 1670 5569 dixi
1692 5558 1706 5582 ,
1731 5517 1859 5570 nihil
1894 5533 2076 5572 eorum

512 5601 720 5656 crimini
742 5603 811 5656 do
836 5643 848 5667 ,
883 5619 1051 5674 neque
1078 5605 1414 5659 solitudinem
1443 5605 1706 5673 exprobro
1726 5647 1740 5672 ,
1771 5608 1820 5661 in
1851 5624 1950 5676 qua
1977 5623 2078 5664 nos

512 5693 829 5750 constituisti
854 5733 868 5760 ,
899 5710 1019 5750 cum
1057 5695 1318 5766 colloquia
1347 5695 1431 5750 illa
1461 5695 1754 5764 abstulisti,
1795 5714 1858 5754 ex
1884 5698 2072 5770 quibus

1199 315 1256 368 S.
1298 311 1570 369 JOANNIS
1605 307 2083 366 CHRYSOSTOMI
2121 307 2437 366 ARClllEP.
2477 309 3011 367 CONSTANTINOP.

3642 313 3753 369 628

2177 433 2230 478 et
2256 423 2578 494 voluptatem
2604 434 2660 480 et
2678 425 2956 480 utilitatem
2985 440 3088 480 non
3111 425 3380 481 minimam
3402 439 3542 496 smpe
3563 441 3759 498 carpe-

2179 513 2388 569 hamus.
2423 515 2620 570 Verum
2651 515 2766 571 haec
2789 516 2964 570 omnia
2982 517 3135 571 mitto
3155 558 3170 583 ,
3199 515 3312 573 hme
3340 518 3494 572 tacite
3517 528 3571 573 et
3598 534 3757 573 man-

2178 615 2330 662 suete
2359 606 2472 662 fero
2504 625 2518 661 :
2546 624 2649 662 non
2672 608 2813 678 quod
2841 617 2895 662 tu
2919 619 3195 663 mansuete
3223 609 3274 662 in
3306 625 3402 663 nos
3425 609 3719 679 deliqueris
3737 651 3755 676 ,

2178 697 2271 752 sed
2297 698 2436 767 quod
2479 713 2595 752 eam
2626 699 2755 753 mihi
2785 700 2953 769 legem
2981 700 3392 770 praescripserim
3419 699 3486 754 ab
3516 701 3600 754 illa
3627 703 3717 755 die
3737 744 3754 768 ,

2179 804 2281 858 qua
2309 789 2594 844 amicitiam
2625 791 2718 844 inii
2745 799 2920 858 tuam,
2945 800 3002 846 ut
3025 792 3264 861 quamvis
3298 791 3424 844 mihi
3454 791 3755 846 molesﬁam

2179 881 2396 936 afferres
2415 922 2429 945 ,
2461 881 2658 935 nullam
2687 882 2782 936 abs
2811 892 2860 937 te
2891 883 3184 953 apologiam
3215 883 3500 951 exigerem.
3540 884 3756 938 Etenim

2179 971 2322 1040 quod
2348 986 2452 1025 non
2479 972 2744 1026 mediocre
2774 973 2902 1027 mihi
2931 973 3180 1028 damnum
3211 973 3452 1028 intuleris
3471 1015 3486 1040 ,
3516 975 3628 1043 ipse
3656 990 3760 1029 no-

2181 1065 2283 1130 sti,
2316 1065 2359 1119 si
2390 1064 2550 1118 modo
2579 1065 2884 1120 meminisse
2910 1067 3041 1120 velis
3079 1080 3385 1120 sermonum
3410 1106 3425 1129 ,
3458 1074 3569 1120 tum
3616 1081 3759 1134 quos

2181 1154 2346 1208 exteri
2376 1154 2443 1209 de.
2478 1155 2628 1210 nobis
2649 1196 2663 1218 ,
2693 1164 2807 1209 tum
2835 1170 2968 1226 quos
2995 1171 3092 1210 nos
3118 1155 3184 1211 de
3212 1156 3364 1210 nobis
3407 1157 3535 1224 ipsis
3564 1172 3760 1225 perpe-

2185 1253 2272 1297 tuo
2302 1244 2602 1298 habuimus.
2618 1245 2680 1299 lli
2703 1260 2862 1315 porro
2887 1261 3162 1300 sermones
3181 1255 3364 1310 erant,
3389 1263 3633 1316 magnum
3658 1262 3762 1301 no—

2183 1335 2263 1388 bis
2293 1335 2404 1392 fore
2428 1337 2628 1392 lucrum
2650 1353 2714 1392 ex
2745 1338 3022 1392 concordia
3041 1379 3056 1404 ,
3083 1339 3493 1408 praesidiumque
3522 1355 3584 1392 ex
3613 1339 3760 1394 ami-

2181 1426 2302 1480 citia
2331 1436 2530 1481 mutua.
2559 1427 2766 1498 Aliique
2789 1443 2975 1482 omnes
2993 1427 3259 1495 dicebant,
3286 1429 3402 1483 aliis
3430 1430 3585 1483 etiam
3617 1431 3763 1484 bene

2182 1518 2361 1571 multis
2389 1533 2492 1572 non
2519 1519 2740 1573 modica:
2757 1519 2963 1572 utilitati
2991 1519 3101 1573 fore
3125 1520 3460 1573 concordiam
3480 1529 3718 1573 nostram
3741 1536 3760 1576 :

2183 1625 2280 1680 ego
2303 1625 2430 1664 vero
2450 1651 2466 1673 ,
2499 1610 2639 1680 quod
2667 1611 2731 1666 ad
2781 1627 2866 1666 me
2893 1611 3111 1676 attinet,
3154 1627 3441 1682 numquam
3474 1613 3759 1666 utilitatem

2183 1699 2408 1769 cuipiam
2434 1715 2590 1768 posse
2617 1715 2703 1755 me
2727 1709 2978 1770 praestare
3009 1702 3223 1770 putavi;
3252 1702 3488 1757 dicebam
3533 1710 3713 1756 tamen
3739 1744 3759 1770 ,

2185 1789 2285 1843 hoc
2315 1789 2503 1844 saltem
2536 1805 2632 1844 nos
2661 1791 2864 1846 lucrum
2903 1807 3005 1846 non
3033 1807 3257 1860 parvum
3287 1809 3351 1848 ex
3397 1795 3623 1847 amicitia
3655 1794 3761 1849 de-

2183 1889 2458 1948 cerpturos
2487 1896 2606 1935 esse
2627 1923 2640 1947 ,
2674 1882 2815 1951 quod
2844 1883 2906 1936 iis
2930 1883 3016 1952 qui
3059 1899 3156 1938 nos
3185 1900 3489 1953 oppugnare
3517 1886 3757 1949 vellent,

2188 1971 2620 2040 inexpugnabiles
2650 1971 2811 2026 futuri
2841 1987 3100 2027 essemus.
3151 1973 3274 2027 ﬂare
3305 1974 3397 2027 tibi
3441 1974 3492 2028 iu
3521 1985 3755 2029 mentem

2184 2076 2436 2116 revocare
2474 2078 2760 2132 numquam
2796 2064 3066 2119 cessabam
3099 2083 3113 2119 :
3145 2065 3367 2118 Difficile
3395 2074 3477 2119 est
3508 2075 3750 2136 tempus,

2184 2151 2522 2206 insidiatores
2554 2153 2738 2218 multi,
2776 2169 3025 2222 germana
3059 2156 3253 2208 caritas
3283 2157 3570 2222 exstincta,
3611 2158 3750 2210 invi-

2185 2239 2285 2294 dia:
2309 2242 2569 2310 pernicies
2592 2241 2708 2311 ejus
2738 2245 2908 2296 locum
2937 2243 3131 2308 subiit,
3160 2244 3212 2298 in
3240 2246 3414 2299 medio
3440 2246 3752 2314 laqueorum

2186 2331 2581 2401 progredimur,
2633 2337 2686 2386 in
2752 2334 2924 2401 pinnis
2978 2335 3182 2389 urbium
3236 2336 3566 2390 ambulamus
3621 2354 3638 2392 :
3691 2338 3756 2392 ad

2185 2422 2515 2490 gaudendum
2545 2423 2612 2478 de
2635 2424 2790 2478 malis
2816 2424 3010 2478 nostris
3037 2425 3200 2494 parati
3228 2436 3370 2488 sunt,
3402 2427 3445 2480 si
3475 2427 3599 2496 quid
3625 2427 3758 2482 forte

2187 2511 2458 2566 sinistrum
2486 2513 2761 2580 acciderit,
2787 2514 2962 2582 multi,
2986 2515 3286 2585 etundique
3319 2517 3548 2583 instant;
3602 2533 3760 2572 nemo

2187 2619 2314 2659 vero
2334 2616 2414 2660 est
2457 2606 2546 2675 qui
2579 2607 2746 2660 vicem
2779 2615 3011 2660 nostram
3039 2607 3242 2672 doleat,
3271 2609 3350 2660 vel
3379 2608 3566 2663 saltem
3600 2609 3756 2678 pauci

2188 2696 2486 2765 hujusmodi
2517 2696 2810 2752 sunt.Vide
2831 2713 2898 2752 ne
2932 2698 2974 2751 si
3001 2698 3394 2768 disjungamur,
3426 2698 3592 2752 risum
3620 2700 3763 2754 mul-

2188 2798 2296 2842 tum
2323 2790 2436 2844 aliis
2464 2805 2804 2856 moveamus,
2847 2792 3063 2862 risuque
3105 2793 3402 2861 graviorem
3443 2792 3715 2862 jacturam
3749 2812 3764 2849 :

2189 2879 2372 2933 Frater
2409 2881 2494 2949 qui
2521 2883 2790 2952 adjuvatur
2817 2899 2847 2935 α
2867 2885 3027 2954 fratre
3045 2925 3061 2947 ,
3084 2884 3227 2949 quasi
3253 2885 3425 2937 civitas
3461 2885 3656 2937 munita
3677 2927 3693 2946 ,
3721 2894 3769 2938 et

2185 2971 2328 3040 quasi
2365 2987 2571 3041 regnum
2601 2972 2814 3025 vectibus
2862 2974 3116 3040 ﬁrmatum
3143 2972 3320 3043 (Prov.
3373 2974 3458 3028 l8.
3493 2974 3606 3044 19).
3640 2974 3725 3029 Ne
3747 3017 3764 3040 ,

2187 3077 2387 3130 quaiso,
2420 3063 2555 3116 hane
2580 3063 2839 3117 dissolvas
2865 3065 3327 3130 necessitudinem,
3351 3080 3521 3134 neque
3550 3074 3765 3120 vectem

2187 3151 2477 3222 dirumpas.
2509 3154 2632 3208 Haec
2659 3161 2714 3208 et
2738 3155 2818 3208 his
2842 3155 2988 3222 plura
3017 3170 3159 3224 saepe
3187 3155 3422 3210 dicebam
3444 3198 3458 3221 ,
3504 3157 3636 3210 nihil
3670 3173 3770 3210 un-

2188 3257 2346 3311 quam
2389 3241 2686 3312 hujusmodi
2726 3244 3034 3312 suspicans,
3081 3244 3174 3298 sed
3216 3255 3266 3299 te
3310 3260 3441 3299 sano
3470 3247 3768 3301 admodum

2187 3330 2367 3386 animo
2414 3349 2534 3403 erga
2591 3349 2688 3388 nos
2728 3349 2844 3388 esse
2890 3344 3118 3406 putans,
3160 3344 3315 3406 atque
3357 3352 3422 3390 ex
3472 3337 3767 3391 abundanti

2188 3423 2446 3477 medelam
2485 3440 2614 3479 sano
2642 3425 2892 3480 adhibere
2917 3442 3106 3481 curans
3125 3468 3140 3492 ,
3170 3443 3267 3482 nec
3291 3428 3725 3483 animadverteris
3746 3471 3766 3498 ,

2188 3521 2244 3567 ut
2272 3523 2449 3583 patet,
2479 3530 2563 3568 me
2588 3517 2860 3585 :egrotanti
2897 3516 3129 3572 remedia
3168 3533 3462 3586 apponere,
3488 3527 3543 3572 at
3586 3534 3656 3574 ne
3689 3521 3769 3575 sic

2187 3607 2400 3676 quidem
2449 3607 2629 3662 infelix
2686 3608 2951 3678 quidpiam
3000 3609 3235 3664 lucratus
3277 3625 3434 3676 sum,
3479 3627 3656 3680 neque
3700 3628 3769 3668 ex

2189 3707 2330 3753 tanta
2354 3700 2442 3755 illa
2469 3701 2672 3755 cautela
2699 3701 2825 3754 mihi
2847 3701 3130 3770 quidquam
3150 3704 3370 3757 accessit
3393 3695 3765 3758 emolumenti.

2187 3787 2378 3844 Omnia
2398 3791 2590 3860 quippe
2605 3791 2690 3844 illa
2713 3790 2986 3845 confertim
3004 3792 3307 3860 projiciens,
3321 3807 3491 3862 neque
3507 3791 3556 3846 id
3582 3804 3764 3851 tecum

2186 3889 2456 3947 reputans,
2476 3895 2562 3933 me
2582 3887 2845 3949 tamquam
2867 3895 3052 3935 navem
3077 3896 3181 3935 non
3195 3882 3519 3936 saburratam
3545 3882 3598 3937 in
3621 3884 3767 3952 pela-

2185 3983 2284 4037 gus
2337 3969 2651 4024 immensum
2695 3971 2946 4036 emisisti,
2980 3970 3111 4024 nihil
3162 3973 3400 4041 cogitans
3434 3971 3766 4044 decumanos

2189 4058 2306 4112 illos
2335 4058 2525 4113 fluetus
2547 4101 2562 4126 ,
2594 4076 2728 4129 quos
2755 4076 2840 4116 me
2863 4061 3125 4116 sustinere
3154 4077 3372 4117 necesse
3412 4072 3512 4117 est.
3546 4063 3681 4117 Nam
3715 4067 3762 4120 si

2188 4153 2455 4223 contingat
2484 4153 2568 4208 vel
2595 4154 2913 4208 calumniam
2935 4194 2950 4220 ,
2985 4155 3064 4210 vel
3089 4154 3432 4218 cachinnum,
3469 4155 3555 4210 vel
3599 4158 3763 4211 aliam

2186 4244 2423 4312 quamvis
2451 4244 2825 4298 contumeliam
2869 4253 2924 4298 et
2971 4245 3266 4298 molestiam
3297 4246 3350 4299 in
3388 4259 3486 4300 nos
3531 4246 3762 4314 inferri,

2186 4348 2327 4403 saepe
2369 4342 2544 4388 autem
2584 4335 2744 4389 multa
2785 4335 3085 4403 hujusmodi
3129 4337 3428 4391 necessario
3467 4338 3719 4392 accidunt
3745 4381 3761 4405 ,

2186 4423 2251 4477 ad
2280 4440 2435 4494 quem
2467 4423 2828 4494 confugiemus
2849 4424 2873 4476 ?
2898 4425 3034 4493 apud
3073 4441 3230 4494 quem
3255 4427 3519 4496 angustias
3548 4438 3765 4482 nostras

2185 4513 2627 4569 exonerahimus?
2653 4515 2770 4584 quis
2795 4514 3158 4569 defensionem
3205 4516 3456 4586 suscipiet
3480 4520 3764 4572 nostram?

2186 4606 2304 4674 quis
2330 4605 2575 4659 maeroris
2619 4614 2864 4660 auctores
2907 4605 3157 4660 retundet
3193 4616 3352 4676 atque
3394 4606 3631 4673 sedabit,
3667 4625 3765 4664 no-

2185 4697 2369 4766 bisque
2424 4697 2666 4752 dolorum
2717 4697 2874 4752 finem
2923 4698 3113 4763 faciet,
3160 4707 3215 4753 et
3259 4699 3504 4753 solatium
3536 4699 3759 4767 afferet,

2187 4797 2501 4856 paratosque
2530 4803 2625 4842 nos
2664 4788 2848 4842 reddet
2871 4789 2936 4843 ad
2966 4789 3186 4844 aliorum
3218 4788 3464 4844 ferendas
3491 4790 3762 4860 ineptias?

2187 4875 2354 4931 Nemo
2381 4891 2508 4931 sane
2537 4877 2719 4944 adest,
2751 4887 2803 4933 te
2830 4879 2896 4934 ab
2918 4879 3020 4933 hoc
3045 4880 3354 4948 gravissimo
3388 4881 3528 4935 bello
3572 4883 3762 4950 procul

2188 4978 2393 5022 remoto
2417 5008 2432 5034 ,
2469 4977 2526 5022 ut
2561 4984 2628 5023 ne
2668 4969 2952 5023 clamorem
2983 4970 3194 5040 quidem
3233 4986 3408 5024 meum
3449 4971 3637 5026 audire
3669 4988 3762 5025 va-

2187 5059 2315 5114 leas.
2363 5061 2443 5114 An
2490 5061 2627 5114 nosti
2667 5070 2921 5130 quantum
2971 5061 3248 5116 admiseris
3294 5063 3526 5116 malum?
3570 5079 3640 5118 an
3668 5065 3755 5119 vel

2185 5165 2359 5216 nunc,
2392 5160 2668 5221 postquam
2701 5153 3036 5220 percussisti,
3079 5153 3322 5222 agnoscis
3381 5169 3537 5223 quam
3591 5153 3764 5208 letale

2185 5242 2313 5296 mihi
2342 5244 2530 5297 vulnus
2558 5243 2850 5298 inflixeris?
2878 5243 3071 5298 Verum
3109 5245 3222 5299 hate
3260 5246 3417 5299 missa
3460 5243 3757 5299 faciamus:

2185 5348 2357 5403 neque
2385 5334 2523 5387 enim
2552 5332 2804 5402 deinceps
2829 5344 3075 5403 paterunt
3099 5350 3162 5389 ea
3187 5335 3438 5399 dissolvi,
3469 5351 3588 5404 qua:
3622 5335 3762 5390 facta

2151 5466 2153 5468 -
2183 5434 2339 5491 sunt,
2371 5440 2541 5494 neque
2582 5427 2752 5480 exitus
2789 5427 3009 5495 reperiri
3062 5427 3113 5480 in
3156 5427 3316 5480 rebus
3355 5427 3496 5479 exitu
3522 5429 3763 5481 carenti-

2185 5514 2301 5567 bus.
2339 5514 2472 5580 Quid
2505 5529 2664 5582 porro
2713 5514 2777 5568 ad
2825 5525 3036 5568 exteros
3087 5515 3361 5570 dicemus?
3401 5514 3526 5584 quid
3571 5530 3762 5570 eorum

2183 5609 2638 5662 criminationibus
2677 5607 3156 5677 respondebimus?

2257 5700 2307 5754 8.
2333 5698 2672 5770 Chrysostomi
2691 5699 2912 5769 defensio
2934 5715 3047 5754 cum
3065 5699 3443 5771 reprehensione
3463 5700 3760 5769 coniuncta.
