3944 6202
290 452 359 463 --
383 415 955 475 CIIRYSOS'I'OMUS.
1006 415 1186 479 Bono,
1233 412 1478 481 inquam,
1520 409 1698 464 animo
1726 414 1875 467 esto;

264 528 463 583 neque
490 510 637 566 enim
681 510 746 562 ad
776 508 962 562 horum
1010 513 1212 560 tantum
1257 505 1516 559 rationem
1556 496 1880 555 reddendam

291 613 508 673 paratus
538 616 680 663 sum,
710 598 806 654 sed
833 607 889 652 et
915 597 968 650 in
994 596 1187 665 quibus
1212 609 1309 648 nos
1331 594 1481 662 culpa
1506 592 1766 646 immunes
1795 587 1884 643 di-

291 693 507 760 misisti,
531 692 585 747 in
608 692 671 746 iis
691 691 852 745 etiam
876 702 970 759 pro
998 686 1138 742 virili
1159 700 1273 742 mea
1300 683 1666 740 defensionem
1694 694 1882 750 parare

287 784 568 848 conabor;
598 797 664 837 ac
688 782 733 836 si
760 780 905 843 libet,
928 779 995 834 ab
1016 779 1081 832 iis
1110 776 1236 847 ipsis
1262 776 1458 830 ordiar.
1482 774 1754 844 Siquidem
1783 772 1881 826 ab-

288 875 488 936 surdus
529 872 924 940 admodumque
972 870 1207 938 ingratus
1245 881 1439 933 essem,
1488 866 1532 920 si
1578 872 1881 921 extet-orum

290 969 607 1040 opinionem
635 978 852 1028 curans,
871 961 1107 1031 nihilque
1127 974 1234 1015 non
1260 973 1422 1029 agens
1452 966 1507 1011 ut
1525 955 1573 1011 ei
1602 954 1881 1009 accusandi

294 1063 459 1117 finem
488 1059 705 1123 faciant,
735 1057 905 1111 virum
933 1054 1061 1110 mihi
1090 1052 1327 1107 omnium
1356 1049 1759 1112 amicissimum,
1791 1046 1883 1116 qui

292 1161 440 1208 tanta
470 1165 599 1221 erga
636 1163 725 1204 me
750 1161 879 1203 usus
916 1146 986 1200 sit
1011 1142 1329 1199 verecundia
1354 1182 1368 1206 ,
1401 1150 1458 1196 ut
1488 1156 1553 1195 ne
1579 1139 1793 1209 quidem
1816 1138 1884 1194 de

292 1246 439 1300 illata
466 1242 600 1307 sibi,
634 1249 691 1296 ut
722 1247 889 1311 punit,
916 1237 1109 1307 injuria
1136 1235 1386 1305 conqueri
1411 1233 1556 1297 velit,
1588 1232 1695 1285 imo
1723 1231 1881 1286 etiam

295 1337 409 1393 suis
427 1333 745 1406 posthabitis
762 1331 830 1387 de
856 1329 1048 1385 nostris
1078 1327 1292 1396 insuper
1311 1332 1534 1394 satagat,
1559 1338 1663 1378 non
1686 1324 1882 1392 possim

295 1427 538 1492 flectere,
569 1438 761 1494 meque
793 1419 933 1491 apud
973 1419 1120 1474 illum
1145 1420 1212 1473 de
1240 1416 1381 1471 illata
1408 1414 1597 1485 injuria
1626 1428 1878 1483 purgare,

297 1517 425 1587 quin
446 1515 608 1570 etiam
633 1512 832 1581 majore
850 1526 971 1581 erga
999 1510 1142 1564 illum
1164 1508 1385 1578 segnitie
1405 1507 1476 1562 uti
1499 1505 1699 1569 videar,
1726 1520 1883 1575 quam

300 1607 387 1662 ille
433 1602 792 1659 sollicitudine
818 1616 940 1672 erga
970 1616 1055 1655 me
1104 1600 1286 1655 utitur.
1314 1598 1427 1665 Qua
1476 1598 1633 1667 igitur
1671 1598 1722 1651 in
1752 1612 1811 1651 re
1834 1606 1885 1651 te

302 1696 538 1752 lazsimus
557 1737 574 1760 ,
603 1691 1033 1764 quandoquidem
1063 1690 1188 1745 hinc
1231 1689 1601 1744 constituimus
1626 1686 1884 1758 apologis:

304 1789 522 1859 pelagus
547 1784 790 1855 ingredi?
816 1799 882 1838 an
910 1783 1031 1853 quia
1055 1792 1104 1837 te
1127 1781 1592 1846 circumvenimus,
1625 1789 1887 1834 nostram-

300 1896 403 1952 que
432 1880 528 1934 tibi
557 1886 788 1934 mentem
817 1873 1148 1932 celavimus?
1176 1874 1334 1945 Atqui
1378 1873 1508 1928 illud
1537 1888 1657 1928 cum
1687 1887 1784 1941 pro
1811 1871 1887 1926 tui

300 1971 533 2040 decepti,
581 1977 691 2023 tum
746 1982 842 2037 pro
890 1981 1074 2022 eorum
1126 1966 1305 2026 etiam,
1333 1963 1523 2035 quibus
1551 1972 1603 2019 te
1659 1962 1888 2017 fallendo

305 2060 667 2131 prodidimus,
695 2056 919 2112 utilitate
946 2055 1187 2111 fecimus.
1219 2053 1274 2111 Si
1308 2055 1482 2124 itaque
1523 2053 1713 2108 astutia
1744 2068 1887 2108 scm-

303 2166 396 2221 per
420 2149 584 2215 mala,
616 2162 787 2219 neque
832 2147 919 2201 illa
944 2160 1196 2216 umquam
1221 2146 1307 2200 vel
1350 2145 1416 2199 ad
1441 2143 1716 2215 quodlibet
1741 2159 1889 2200 com-

308 2242 521 2297 modum
542 2241 619 2295 uti
650 2241 827 2306 liceat,
858 2245 1073 2309 paratus
1097 2251 1213 2293 sum
1245 2252 1429 2308 ptenas
1452 2237 1580 2293 dare
1607 2252 1891 2307 quascum-

304 2349 404 2404 que
441 2332 676 2388 volueris
709 2349 723 2385 ε
752 2347 847 2387 seu
878 2329 1053 2400 potius
1076 2329 1199 2399 quia
1230 2344 1517 2399 numquam
1559 2344 1627 2383 ex
1653 2343 1739 2383 me
1766 2344 1883 2397 pte-

305 2439 398 2479 nas
422 2425 641 2495 exigere
668 2421 975 2483 sustinebis,
1003 2433 1095 2474 eas
1126 2418 1223 2488 ipsi
1253 2419 1648 2489 nobismetipsis
1684 2419 1888 2489 irroga-

305 2519 496 2581 bimns,
519 2529 652 2584 quas
674 2513 849 2568 solent
868 2510 1073 2581 jndices
1097 2509 1359 2573 sontibus,
1386 2525 1505 2564 cum
1531 2509 1598 2564 ab
1619 2509 1886 2565 actoribus

303 2607 411 2660 suis
439 2607 516 2660 rei
550 2605 746 2673 peracti
774 2602 989 2657 fuerint.
1018 2602 1110 2656 Sin
1141 2615 1268 2655 vero
1293 2601 1484 2654 astutia
1524 2616 1630 2655 non
1674 2614 1888 2670 semper

303 2697 457 2750 tinxia
488 2704 597 2759 est,
633 2694 727 2749 sed
766 2708 863 2763 pro
892 2707 1074 2746 eorum
1106 2691 1195 2761 qni
1223 2691 1308 2745 illa
1338 2699 1556 2745 utuntur
1583 2689 1761 2758 animo
1790 2706 1884 2744 seu

302 2789 436 2842 mala
458 2802 555 2842 seu
581 2786 718 2840 bona
733 2783 978 2850 efficitur,
1001 2785 1216 2838 missam
1242 2781 1440 2837 faciens
1460 2780 1885 2835 criminationem

304 2883 455 2933 istam
478 2919 493 2943 ,
537 2891 641 2947 qua
672 2885 724 2930 te
759 2875 1179 2929 circumventum
1218 2872 1489 2943 quereris,
1520 2873 1680 2942 proba
1709 2885 1806 2925 nos
1835 2872 1887 2925 in

303 2971 496 3024 malum
525 2977 646 3023 astu
680 2980 807 3021 usos
837 2980 956 3020 esse
988 2982 1001 3019 :
1035 2965 1205 3020 donec
1230 2964 1372 3019 enim
1415 2963 1466 3018 id
1497 2962 1747 3027 abfuerit,
1777 2979 1882 3017 non

302 3059 595 3123 criminari,
614 3056 707 3113 sed
726 3056 942 3111 laudare
965 3054 1318 3125 decipientem
1336 3071 1543 3124 :equum
1570 3053 1724 3109 fuerit
1746 3053 1883 3123 apud

301 3166 392 3205 eos
428 3149 624 3203 saltem
653 3146 744 3217 qui
784 3146 1010 3217 aliquam
1041 3144 1177 3215 (equi
1209 3145 1438 3215 bonique
1481 3144 1741 3198 rationem
1787 3145 1887 3198 Ita-

306 3243 448 3296 bent.
494 3240 725 3293 Tantum
768 3239 911 3292 enim
956 3237 1088 3291 lucri
1134 3235 1293 3291 habet
1320 3245 1616 3305 opportuna
1641 3235 1885 3304 bonoque

302 3334 483 3386 animo
512 3340 695 3401 parata
723 3329 901 3396 fraus,
930 3334 988 3383 ut
1016 3327 1166 3382 multi
1206 3341 1369 3396 saepe,
1414 3325 1552 3397 quod
1580 3342 1640 3381 ea
1670 3342 1774 3380 non
1805 3327 1883 3380 usi

299 3424 425 3485 sint,
478 3436 665 3492 pinnas
706 3419 968 3474 dederint.
1001 3420 1079 3474 Ac
1112 3419 1157 3473 si
1187 3419 1318 3474 velis
1364 3417 1527 3473 duces
1555 3418 1882 3473 exercituum

299 3514 612 3569 examinare
646 3513 713 3566 ab
738 3510 868 3566 orbe
905 3510 1119 3565 condito
1144 3509 1467 3565 eelebriores
1486 3551 1500 3575 ,
1532 3510 1743 3564 illorum
1772 3520 1882 3562 tro-

302 3619 412 3673 pm
433 3618 594 3673 qnam
619 3601 846 3671 plurima
873 3599 999 3655 dolo
1026 3609 1174 3669 parta
1202 3600 1518 3669 comperies,
1547 3615 1744 3669 eosque
1774 3614 1875 3653 tna-

296 3694 399 3761 jori
439 3691 599 3746 laude
642 3692 937 3746 celebratos
958 3732 973 3757 ,
1022 3705 1180 3761 quam
1207 3690 1295 3760 qtti
1324 3700 1511 3759 aperto
1542 3701 1711 3744 marte
1740 3690 1883 3745 vice-

300 3793 444 3839 runt.
478 3783 609 3838 Nam
652 3784 705 3836 hi
730 3782 941 3852 quidem
983 3782 1167 3852 majori
1196 3784 1537 3852 pecuniarum
1578 3782 1882 3836 hominum-

300 3894 405 3946 que
429 3876 710 3945 di~peudio
736 3875 920 3930 hostes
940 3884 1213 3945 superant,
1245 3876 1313 3929 ita
1338 3885 1394 3928 ut
1422 3875 1729 3945 plerumque
1751 3877 1879 3930 nihil

298 3968 571 4024 comedi
600 3984 669 4023 ex
696 3968 918 4023 victoria
940 3968 1195 4033 referant,
1223 3966 1317 4023 sed
1348 3982 1454 4021 non
1476 3967 1735 4022 minorem
1758 3970 1775 4000 ⁸
1805 3969 1884 4023 vi-

301 4072 478 4115 ctores
497 4073 658 4129 quam
686 4058 810 4113 victi
838 4067 945 4112 tum
983 4057 1245 4113 exercitus
1275 4065 1383 4111 tum
1413 4057 1585 4111 aerarii
1619 4057 1880 4126 jacturatn

304 4150 522 4206 faciant.
552 4148 635 4203 Ad
665 4148 779 4203 hazc
805 4163 933 4203 vero
964 4162 1070 4203 non
1099 4148 1279 4201 sinunt
1305 4161 1399 4202 eos
1425 4147 1548 4202 victi
1580 4157 1686 4201 tota
1712 4149 1881 4202 victo-

301 4244 392 4295 ria:
416 4240 587 4310 gloria
630 4237 766 4304 frui;
796 4240 993 4295 etenim
1045 4238 1175 4309 ipsis
1200 4238 1319 4308 ejus
1360 4253 1483 4307 pars
1511 4253 1617 4293 non
1663 4239 1881 4293 minima

301 4335 460 4397 cedit,
493 4342 681 4403 utpote
725 4331 816 4402 qui
842 4332 1034 4387 animis
1064 4332 1294 4387 victores
1314 4371 1332 4399 ,
1375 4330 1686 4401 corporibus
1709 4332 1879 4386 solum

305 4426 585 4483 inferiores
610 4424 843 4490 fuerint;
875 4425 943 4478 ita
971 4433 1049 4491 ut,
1078 4424 1123 4478 si
1154 4423 1450 4494 potuissent
1478 4422 1750 4478 confossi'
1776 4439 1880 4477 non

305 4520 514 4586 cadere,
539 4533 713 4589 neque
734 4533 877 4573 mors
904 4518 1023 4572 illos
1048 4518 1439 4587 prostravisset,
1464 4532 1746 4587 numquam
1773 4518 1884 4571 ala-

307 4612 543 4665 critatem
565 4611 693 4663 anni
718 4610 1042 4664 amisissent.
1069 4609 1170 4675 Qui
1197 4623 1326 4663 vero
1346 4606 1530 4663 fraude
1550 4609 1762 4663 vincere
1787 4623 1882 4678 po-

308 4704 422 4768 tuit,
449 4717 558 4756 non
579 4701 920 4756 calamitosos
943 4700 1137 4766 solum,
1164 4700 1256 4755 sed
1277 4702 1437 4755 etiam
1458 4702 1567 4755 risu
1591 4701 1778 4771 dignos
1799 4700 1879 4755 ef-

310 4791 408 4845 ficit
438 4791 643 4846 hostes.
699 4790 815 4845 Non
844 4792 1007 4855 enim,
1041 4798 1098 4845 ut
1128 4790 1254 4857 illi‘c,
1286 4805 1465 4860 parent
1490 4790 1700 4860 utrique
1729 4790 1883 4846 forti—

304 4883 497 4935 tudinis
516 4923 534 4947 ,
561 4882 630 4935 ita
670 4891 725 4937 et
748 4881 834 4935 hic
860 4880 1019 4935 ambo
1047 4879 1339 4950 prudentiae
1369 4880 1576 4934 laudem
1605 4880 1876 4949 referunt;

304 4972 393 5024 sed
424 4972 688 5041 integrum
740 4972 1029 5026 victoribus
1077 4971 1312 5025 victoria:
1367 4971 1643 5040 praemium
1693 4973 1875 5027 cedit:

308 5063 558 5131 quodque
585 5079 691 5116 non
722 5062 899 5116 minus
937 5071 1040 5125 est,
1067 5063 1302 5117 victorias
1326 5062 1650 5131 voluptatem
1679 5064 1880 5119 civitati

299 5155 567 5209 sinceram
591 5164 826 5209 servant.
857 5154 1038 5225 Neque
1065 5154 1208 5209 enim
1238 5154 1457 5224 perinde
1488 5170 1545 5209 se
1570 5155 1765 5210 habent
1785 5172 1879 5225 pe-

298 5248 575 5301 cuniarum
602 5247 754 5315 copia
784 5246 1165 5316 hominumque
1193 5245 1493 5311 multitudo,
1531 5256 1689 5318 atque
1715 5247 1877 5302 animi

300 5338 619 5407 prudentia;
641 5336 904 5407 siquidem
935 5337 1020 5392 illa
1049 5338 1099 5391 in
1136 5353 1234 5391 usu
1255 5337 1447 5391 bellico
1470 5337 1730 5407 frequenti
1752 5354 1878 5393 con-

294 5429 433 5482 sumi
478 5428 673 5494 solent,
720 5436 881 5500 atque
931 5443 1268 5499 possessores
1304 5442 1429 5483 suos
1460 5427 1734 5492 deserere;
1765 5428 1879 5483 haec

363 5608 379 5633 ³
416 5610 582 5661 tumst.
605 5601 856 5656 ninorem.
879 5603 929 5653 iu
951 5605 1104 5653 tribus
1126 5610 1233 5653 Mss.

360 5667 486 5714 ’θὶς
530 5664 671 5713 savii.
739 5672 790 5712 et
850 5676 1020 5715 omnes
1080 5666 1187 5717 fere
1258 5673 1394 5727 Mss;

294 5727 501 5778 ωιτιξιεδ

1471 5662 1635 5714 Morel.
1703 5663 1870 5720 habet.

1496 295 1583 349 DE
1615 288 2061 349 SACERDOTIO.
2106 288 2231 345 LIB.
2274 289 2315 346 1.

3466 299 3567 353 6341

1988 419 2118 460 vero
2160 415 2358 474 quanto
2401 404 2569 475 magis
2622 419 2895 471 exerceas,
2945 414 3088 460 tanto
3115 408 3282 478 magis
3328 420 3567 478 augetur.

1987 496 2170 568 Neque
2192 498 2364 552 solum
2396 497 2447 551 in
2474 496 2651 564 bellis,
2682 496 2775 552 sed
2798 498 2957 552 etiam
2996 498 3140 587 paqis
3169 508 3429 569 tempore,
3454 516 3572 556 tua-

1988 603 2149 657 gnum
2187 587 2652 658 necessariumque
2678 586 2879 643 fraudis
2906 605 3057 643 usum
3082 586 3201 645 ess‘e
3239 593 3570 662 eomperias,

1990 695 2090 734 nec
2121 688 2327 733 tantum
2352 678 2418 734 ad
2443 679 2672 735 civitatis
2713 681 2940 750 negotia,
2965 681 3059 737 sed
3087 691 3140 737 et
3165 682 3231 737 ad
3254 682 3570 750 domestica,

1990 770 2103 824 viro
2119 769 2375 824 adversus
2399 784 2641 832 uxorem,
2667 771 2820 825 uxori
2849 770 3105 826 adversus
3132 772 3326 838 virum,
3352 775 3487 843 patri
3516 774 3568 829 in

1989 858 2154 914 filium
2180 901 2195 925 ,
2227 861 2397 915 amico
2423 861 2476 915 in
2518 861 2770 929 amicum,
2795 862 2900 917 imo
2929 863 3086 918 etiam
3117 863 3226 919 filio
3251 864 3302 919 in
3340 876 3568 937 patrem.

1989 951 2169 1022 Neque
2196 953 2336 1007 enim
2366 954 2471 1010 alio
2499 953 2658 1009 modo
2684 956 2855 1025 potuit
2878 955 2982 1011 filia
3012 956 3189 1013 Saulis
3214 960 3384 1014 virum
3413 975 3566 1015 suum

1989 1058 2019 1098 e
2049 1044 2290 1100 manibus
2315 1046 2430 1113 ejus
2463 1061 2684 1111 eruere,
2717 1062 2873 1115 quam
2905 1059 3106 1117 patrem
3147 1049 3462 1120 decipienth
3492 1053 3567 1121 (l.

1992 1136 2118 1206 Reg.
2155 1137 2238 1193 19.
2269 1138 2334 1191 12
2355 1138 2394 1208 ).
2428 1138 2663 1208 Eiusque
2707 1138 2869 1195 frater
2890 1141 2997 1210 jam
3029 1153 3265 1211 ereptum
3301 1160 3332 1197 a
3360 1158 3565 1211 sorore,

1992 1230 2285 1300 iterumque
2314 1230 2700 1299 periclitantem
2730 1246 2944 1287 servare
2974 1234 3213 1302 cupiens,
3238 1234 3424 1290 iisdem
3455 1237 3568 1306 qui.

1993 1321 2088 1375 bus
2117 1337 2257 1375 uxor
2284 1322 2400 1389 ejus
2429 1337 2555 1377 usus
2581 1332 2660 1377 est
2687 1324 2805 1378 telis
2832 1322 2994 1394 (Ibid.
3025 1324 3114 1379 20.
3137 1325 3217 1396 8).

2062 1413 2194 1467 Tum
2224 1413 2549 1479 BASlLlUS,
2581 1415 2723 1471 Nihil
2764 1416 2876 1471 haec
2914 1416 2980 1472 ad
3011 1434 3130 1485 me,
3164 1418 3364 1489 inquit,
3399 1434 3562 1491 neque

1989 1505 2127 1558 enim
2161 1504 2329 1559 hostis
2358 1520 2473 1559 sum
2503 1507 2585 1561 vel
2615 1508 2894 1572 inimicus,
2926 1524 3097 1580 neque
3140 1525 3205 1565 ex
3248 1525 3429 1567 eorum
3472 1526 3559 1566 ttu-

1989 1611 2140 1650 mero
2161 1637 2177 1664 ,
2220 1599 2410 1668 quibus
2436 1600 2657 1655 Ludendi
2689 1602 2897 1656 animus
2940 1613 3052 1668 est;
3085 1612 3270 1660 contra
3300 1620 3428 1661 vero
3468 1615 3571 1661 tua:

1989 1700 2202 1756 semper
2248 1690 2525 1744 sententiae
2555 1690 2732 1746 omnia
2762 1707 2879 1746 mea
2906 1694 3171 1757 commisi,
3223 1695 3308 1750 cui
3335 1710 3568 1765 semper,

1990 1776 2202 1847 quando
2229 1787 2283 1833 tu
2307 1777 2532 1849 jussisti,
2560 1780 2888 1851 obsequutus
2912 1796 3054 1838 sum.

2062 1868 2115 1924 9.
2170 1868 2361 1940 Magna
2389 1887 2453 1924 ea:
2493 1873 2783 1941 tempestiva
2807 1873 2988 1946 fraude
3024 1875 3233 1929 utilitas.
3260 1906 3332 1916 —
3353 1875 3572 1931 CHRY-

1990 1958 2365 2017 SOSTOMUS.
2398 1962 2486 2025 At,
2518 1976 2551 2016 ο
2580 1962 2660 2017 vir
2683 1963 2994 2020 admirande
3020 1975 3179 2036 atque
3200 1968 3420 2037 optime,
3454 1969 3573 2023 ideo

1993 2048 2085 2103 tibi
2107 2048 2215 2119 jam
2244 2058 2398 2104 antea
2425 2050 2557 2117 dixi,
2583 2068 2686 2108 non
2711 2052 2762 2106 in
2796 2053 2934 2108 bello
2959 2064 3158 2109 tantum
3182 2065 3235 2110 et
3262 2066 3443 2111 contra
3474 2057 3573 2112 ho-

1991 2146 2122 2204 stes,
2146 2139 2240 2194 sed
2271 2140 2427 2195 etiam
2453 2142 2504 2195 in
2546 2157 2674 2211 pace
2697 2152 2751 2197 et
2773 2142 3026 2199 adversus
3052 2145 3402 2201 amicissimos
3426 2147 3573 2201 fran-

1989 2228 2057 2284 de
2085 2233 2157 2284 uti
2186 2230 2448 2287 interdum
2489 2248 2622 2303 opus
2647 2249 2784 2289 esse.
2814 2235 2965 2304 Quod
2985 2246 3160 2292 autem
3189 2253 3250 2293 ea
3279 2255 3383 2293 non
3411 2240 3572 2295 modo

1990 2319 2393 2392 decipientibus,
2422 2325 2514 2379 sed
2546 2326 2703 2380 etiam
2736 2326 2970 2397 deceptis
3000 2329 3142 2383 utilis
3160 2330 3247 2390 sit,
3271 2345 3300 2383 a
3322 2331 3569 2401 quopiam

1991 2416 2314 2469 medicorum
2367 2416 2659 2484 sciscitare,
2713 2434 2943 2488 quonam
2985 2419 3060 2474 illi
3108 2420 3268 2475 modo
3320 2436 3492 2492 mgros
3541 2438 3571 2478 a

1992 2510 2179 2565 morbo
2211 2510 2472 2577 liberent;
2499 2513 2787 2582 audiesque
2810 2514 2951 2583 ipsos
2978 2529 3086 2568 non
3106 2524 3219 2568 arte
3246 2524 3446 2568 tantum
3474 2515 3569 2580 uti,

1991 2602 2086 2657 sed
2109 2612 2162 2657 et
2192 2602 2453 2658 fallaciam
2501 2603 2763 2658 interdum
2793 2604 3069 2669 adhibere,
3100 2614 3257 2674 atque
3281 2606 3396 2674 ejus
3420 2608 3572 2660 auxi-

1990 2692 2062 2746 lio
2087 2692 2322 2748 adhibito
2361 2707 2535 2764 (egros
2572 2694 2784 2749 sanitati
2817 2695 3118 2750 restituere.
3165 2697 3389 2763 Quando
3429 2697 3572 2750 enim

1992 2793 2100 2837 tum
2124 2787 2309 2838 morbo
2336 2784 2685 2841 laborantium
2725 2788 3029 2854 morositas,
3063 2796 3172 2841 tum
3205 2788 3376 2842 morbi
3407 2788 3572 2858 ipsius

1988 2873 2275 2931 difficultas
2314 2877 2640 2932 medicorum
2679 2877 2960 2933 consilium
3006 2896 3112 2934 non
3154 2880 3403 2947 admittit,
3447 2890 3574 2936 tunc

1988 2967 2210 3023 fallaciae
2238 2983 2517 3038 personam
2550 2970 2773 3026 induere
2808 2981 3087 3042 coguntur,
3123 2982 3180 3028 ut
3221 2974 3573 3043 quemadmoo

1988 3060 2115 3116 dum
2148 3061 2202 3116 in
2238 3076 2396 3117 scena
2423 3062 2499 3118 rei
2538 3064 2815 3120 veritatem
2853 3065 3106 3135 obtegere
3146 3068 3365 3135 possint.
3399 3068 3573 3137 Atque

1989 3153 2094 3218 hic,
2127 3154 2172 3207 si
2199 3154 2391 3224 placet,
2440 3171 2601 3209 unum
2651 3156 2742 3210 tibi
2772 3172 2834 3212 ex
2862 3157 3040 3211 multis
3066 3157 3247 3211 dolum
3270 3159 3565 3224 enarrabo,

1987 3260 2144 3316 quem
2169 3259 2200 3300 a
2225 3246 2444 3301 medicis
2479 3248 2851 3303 concinnatum
2896 3248 3093 3302 audivi.
3141 3248 3329 3304 Incidit
3354 3249 3569 3318 quidam

1988 3338 2042 3392 in
2067 3337 2257 3394 febrim
2294 3338 2566 3394 ardentem
2597 3355 2660 3394 ac
2693 3339 3217 3394 vehementissimam
3247 3356 3262 3394 :
3295 3352 3455 3395 mStus
3485 3342 3569 3394 in-

1984 3444 2115 3499 gens
2143 3438 2278 3497 erat,
2311 3446 2371 3485 ac
2400 3440 2585 3484 cuncta
2612 3445 2695 3490 ea.
2718 3446 2837 3499 quze
2860 3431 3030 3500 ignem
3052 3432 3388 3502 exstinguere
3413 3441 3566 3502 pote-

1984 3531 2126 3588 rant,
2150 3523 2436 3591 respuebat
2464 3538 2624 3593 a'ger.
2656 3522 2913 3593 Cupiebat
2934 3532 3109 3578 autem
3136 3532 3190 3578 et
3214 3525 3350 3594 apud
3381 3540 3568 3580 omnes

1985 3627 2045 3668 se
2071 3612 2326 3668 adeuntes
2347 3614 2597 3679 instabat,
2620 3615 2717 3668 sibi
2740 3631 2944 3669 merum
2970 3616 3116 3686 large
3143 3618 3491 3687 porrigerent,
3513 3629 3569 3671 et

1984 3706 2260 3760 exitiosam
2286 3706 2428 3759 illam
2452 3706 2754 3775 cupidinem
2779 3707 2999 3777 implere
3026 3718 3390 3777 procurarent.
3414 3709 3565 3776 Quod

1985 3810 2114 3850 sane
2142 3810 2247 3850 non
2272 3795 2463 3851 febrim
2491 3797 2650 3851 modo
2682 3797 3080 3864 inflammasset,
3112 3800 3205 3854 sed
3234 3801 3485 3855 miserum
3513 3801 3566 3855 in

1984 3887 2220 3943 furorem
2248 3889 2584 3957 coniecisset,
2616 3890 2660 3944 si
2683 3889 2800 3960 quis
2828 3899 3001 3945 tamen
3032 3892 3192 3947 talem
3221 3892 3319 3962 ipsi
3345 3893 3567 3963 gratiam

1983 3979 2327 4036 exhibuisset.
2353 3980 2485 4035 Cum
2526 3981 2612 4037 hic
2641 3996 2728 4036 ars
2758 3982 2889 4037 nihil
2920 3985 3201 4054 proliceret
3220 4024 3236 4052 ,
3260 3985 3567 4055 nullamque

1983 4074 2283 4129 machinam
2304 4075 2604 4143 excogitare
2627 4083 2827 4146 posset,
2847 4077 2953 4131 imo
2970 4092 3185 4146 prorsus
3202 4092 3264 4131 ea
3278 4077 3565 4147 reﬁcienda

1981 4164 2283 4232 videretur,
2328 4164 2442 4233 ejus
2482 4166 2623 4220 vices
2657 4164 2861 4221 fallacia
2900 4168 3197 4236 suscipiens
3223 4167 3325 4220 vim
3367 4176 3564 4221 tantam

1982 4259 2233 4324 ostendit,
2258 4267 2510 4327 quantum
2542 4274 2663 4312 mox
2701 4259 2903 4312 audies.
2950 4258 3161 4312 Etenim
3198 4257 3437 4313 medicus
3472 4274 3566 4312 vas

1984 4358 2270 4404 testaceum
2296 4364 2484 4404 recens
2501 4365 2529 4402 c
2548 4349 2759 4403 fornace
2773 4348 3018 4403 eductum
3037 4349 3159 4403 vino
3181 4348 3442 4418 permulto
3470 4349 3566 4403 im-

1983 4441 2169 4497 mersit
2188 4458 2200 4493 ε
2224 4442 2544 4497 abstractum
2563 4441 2685 4495 hinc
2704 4455 2926 4494 vacuum
2944 4455 3063 4495 cum
3077 4454 3208 4509 aqua
3234 4440 3564 4510 replevisset,

1978 4532 2130 4602 jubet
2144 4532 2448 4601 :rgrotantis
2460 4532 2763 4586 cubiculum
2789 4531 2919 4585 velis
2947 4530 3124 4585 multis
3142 4531 3468 4596 obumbrari,
3499 4547 3567 4587 ne

1982 4624 2070 4678 lux
2095 4623 2271 4676 dolum
2294 4621 2580 4692 proderet;
2614 4630 2670 4677 et
2693 4636 2839 4692 :rgro
2859 4637 2952 4676 vas
2983 4623 3133 4693 quasi
3162 4638 3311 4677 mero
3351 4622 3565 4692 plenum

1984 4718 2231 4788 propinat
2257 4732 2271 4769 :
2301 4731 2405 4786 quo
2439 4715 2523 4769 vix
2568 4715 2810 4770 manibus
2844 4716 3177 4785 apprehenso
3202 4726 3433 4785 aegrotus
3460 4716 3564 4770 vini

1983 4812 2146 4866 odore
2162 4811 2337 4864 statim
2356 4809 2623 4878 deceptus,
2644 4808 2782 4879 quod
2804 4808 3034 4863 oblatum
3052 4806 3221 4862 fuerat
3242 4822 3346 4861 non
3361 4807 3568 4863 curavit

1985 4902 2416 4969 examinandum,
2439 4901 2532 4957 sed
2559 4902 2725 4956 odore
2747 4900 2952 4955 illectus
2979 4915 3042 4953 ac
3068 4898 3301 4953 tenebris
3326 4897 3561 4962 delustis,

1983 5004 2205 5063 urgente
2221 4994 2379 5048 etiam
2393 4991 2660 5063 cupidine,
2677 4990 2839 5044 multa
2856 5005 2976 5045 cum
3001 4989 3251 5043 aviditate
3273 4987 3447 5041 hausit
3467 5002 3481 5049 ;
3501 5001 3564 5040 ac

1983 5087 2203 5139 satiatus
2232 5083 2634 5139 suffocatiouem
2666 5082 2842 5135 statim
2867 5081 2880 5112 ¹
2907 5081 3160 5144 excussit,
3200 5089 3256 5133 et
3280 5077 3564 5132 imminens

1982 5176 2271 5246 periculum
2319 5173 2520 5242 effugit.
2555 5172 2737 5225 Viden‘
2776 5171 2997 5225 fallacia:
3038 5168 3275 5224 lucrum?
3315 5166 3466 5235 Quod
3517 5167 3564 5220 si

1981 5267 2101 5337 quis
2139 5279 2327 5319 omnes
2370 5264 2695 5318 medicorum
2724 5262 2875 5316 dolos
2905 5275 3184 5315 recensere
3215 5260 3357 5323 velit,
3390 5259 3561 5313 oratio

1983 5372 2112 5412 sane
2140 5355 2363 5423 longior,
2396 5369 2551 5422 quam
2576 5367 2671 5422 par
2698 5353 2786 5417 sit,
2815 5351 3022 5407 evadet.
3050 5351 3159 5405 Nec
3187 5349 3361 5404 solum
3389 5349 3445 5416 ii,
3469 5351 3563 5420 qui

1983 5455 2205 5509 corpora
2234 5446 2455 5503 curant,
2483 5437 2577 5491 sed
2600 5437 2761 5490 etiam
2793 5437 2826 5490 ii
2847 5478 2861 5498 .
2891 5435 2977 5505 qui
3009 5432 3204 5488 anima:
3234 5433 3434 5488 morbis
3469 5446 3565 5487 cu-

1983 5534 2163 5590 randis
2189 5542 2408 5596 vacant,
2445 5530 2545 5587 hoc
2578 5529 2879 5599 frequenter
2927 5526 3170 5582 remedio
3222 5524 3298 5582 uti
3343 5539 3564 5593 compe-

2045 5662 2061 5693 ¹
2090 5666 2137 5708 In
2153 5657 2317 5708 uorel.
2340 5656 2505 5715 deest,
2528 5654 2714 5715 statim;
2729 5656 2818 5707 sed
2840 5654 3047 5705 habetur
3064 5653 3110 5701 in
3135 5650 3270 5701 savii.
3294 5651 3402 5701 etin
3421 5647 3573 5699 omni-

1981 5722 2076 5773 bus
2104 5734 2232 5784 pette
2248 5720 2507 5772 codicibus.
