3944 6202
384 289 477 341 651

385 430 608 481 riuntnr.
627 424 740 481 ‘Sic
767 426 952 480 beatus
978 424 1168 479 Paulus
1195 423 1342 492 (Act.
1371 420 1460 475 2L
1483 417 1587 489 26)
1617 417 1808 471 multas
1848 408 1964 470 iilas

386 518 686 572 Jmlmornm
726 516 993 589 myriadas
1020 515 1234 570 attraxit
1259 513 1389 585 (1d.
1436 511 1523 567 16.
1548 510 1618 582 ’5)
1648 529 1663 566 :
1689 511 1788 564 hoc
1835 513 1957 564 item

386 610 609 664 consilio
636 607 974 662 Timotheum
998 604 1326 661 circumcidit
1351 604 1455 665 ille.
1477 604 1564 673 qui
1595 602 1794 659 Calatis
1820 598 1961 672 (Gal.

387 703 439 755 5.
472 700 527 771 Ξ)
557 698 853 753 scribebat‘
872 698 1000 752 nihil
1025 698 1358 767 profuturum
1386 694 1652 750 Christum
1673 695 1734 748 iis
1754 694 1842 763 qui
1865 693 1968 748 cir-

387 791 776 846 cumciduntur.
813 789 937 844 Ideo
969 789 1070 857 legi
1118 803 1177 842 se
1207 787 1439 842 subdidit
1485 787 1550 853 is,
1597 791 1683 857 qui
1708 787 1965 858 justitiam

388 898 454 936 ex
481 882 594 950 lege
632 891 751 950 post
781 880 933 934 ﬁdem
967 881 1018 934 in
1048 880 1316 934 Christum
1346 878 1722 934 detrimentum
1755 879 1970 949 putabat

393 974 648 1044 (Philipp.
697 974 752 1027 '5.
785 973 863 1043 7).
895 971 1118 1027 Fraudis
1146 972 1342 1041 quippe
1368 987 1555 1041 magna
1589 972 1664 1026 vis
1688 1012 1702 1034 ,
1734 970 1859 1025 dum
1902 987 1970 1026 ne

389 1065 572 1119 doloso
600 1066 823 1118 consilio
851 1064 1124 1119 olTeratur.
1155 1063 1264 1117 lmo
1290 1077 1419 1118 vero
1444 1060 1558 1117 haec
1586 1064 1801 1117 minime
1827 1062 1970 1117 fraus

388 1154 702 1223 appellanda
731 1164 834 1219 est,
877 1155 968 1208 scd
1000 1154 1317 1219 meonomia,
1347 1144 1607 1223 sapieniia
1629 1163 1684 1208 et
1711 1169 1797 1208 ars
1826 1170 1970 1224 qua:-

390 1246 508 1298 dam
529 1288 542 1310 ,
575 1260 693 1315 qua:
724 1247 890 1314 possit
921 1246 1114 1298 multos
1145 1245 1317 1298 exitus
1344 1245 1395 1298 in
1426 1245 1583 1299 rebus
1603 1245 1783 1299 arduis
1812 1260 1969 1314 repe-

391 1338 514 1401 rire,
559 1337 856 1406 animaeque
886 1337 1075 1391 delicta
1098 1337 1403 1392 emendare.
1449 1338 1630 1407 Neque
1660 1338 1800 1391 enim
1843 1337 1972 1392 Phi-

392 1446 544 1483 neem
586 1430 902 1483 homicidam
945 1430 1168 1484 dixerim
1202 1428 1390 1500 (Nunt.
1420 1430 1510 1486 Q5.
1543 1432 1620 1501 7),
1648 1431 1789 1501 quod
1823 1431 1972 1500 plaga

395 1538 494 1574 una
547 1521 680 1575 duos
737 1521 1506 1590 occideritzquemadmodum
1562 1536 1732 1590 neque
1771 1521 1972 1576 Heliam

393 1616 467 1682 (-5.
508 1614 630 1685 Reg.
657 1612 868 1685 1.9-1?)
886 1614 954 1668 ob
981 1612 1098 1668 illos
1114 1613 1534 1670 centummilites
1559 1629 1850 1684 eorumque
1878 1616 1971 1670 du-

393 1721 502 1771 ces,
531 1721 592 1759 ac
620 1721 864 1776 magnum
907 1708 1049 1761 illum
1079 1706 1350 1776 sanguinis
1382 1712 1690 1770 torrentem,
1723 1722 1879 1777 quem
1907 1723 1973 1763 ex

394 1813 577 1850 eormn
603 1799 689 1867 qui
715 1798 1015 1853 daemonum
1054 1800 1333 1854 sacrificuli
1377 1811 1528 1855 erant
1567 1803 1714 1857 caede
1757 1819 1975 1860 manare

457 1910 473 1939 ¹
501 1910 573 1957 sic
605 1910 743 1959 savil.
771 1918 822 1961 et
845 1909 1027 1975 aliquot
1046 1919 1155 1963 Mss.
1180 1921 1230 1962 In
1255 1921 1301 1963 Β.
1323 1914 1654 1968 (muniantur.

1106 284 1162 337 S.
1202 279 1480 336 JOANNIS
1517 275 1989 334 CllltYSOSTOMl
2032 275 2351 331 ARCHIEP.
2391 274 2928 333 CONSTANTINOP.

3542 282 3642 336 63?.

2070 410 2194 466 fecit
2220 412 2240 483 (
2265 413 2316 467 5.
2353 411 2479 485 Reg.
2509 412 2595 469 l8.
2627 413 2697 469 54
2720 414 2759 482 ).
2786 413 2917 468 Nam
2946 413 2988 467 si
3020 411 3122 467 hoc
3149 413 3576 481 concederemus,
3593 430 3646 472 et

2068 505 2110 555 si
2143 518 2228 557 res
2259 503 2398 571 ipsas
2439 503 2627 568 nudas,
2661 518 2764 558 non
2807 518 3042 575 expenso
3084 512 3359 558 auctorum
3389 506 3641 572 consilio,

2071 593 2373 662 expendere
2395 594 2515 664 quis
2536 594 2784 661 voluerit,
2813 594 2875 649 At
2897 593 3081 649 raham
3108 595 3271 650 occisi
3295 599 3400 650 nati
3426 596 3641 653 damna-

2073 700 2130 737 re
2169 685 2344 754 quivis
2397 685 2639 754 poterit(
2675 684 2803 739 Gen.
2860 686 2952 739 22.
3009 686 3075 751 ὃς
3105 686 3195 740 27.
3229 687 3368 756 i9);
3409 700 3645 759 nepotem

2072 775 2196 828 item
2227 783 2282 829 et
2321 776 2636 843 abnepotem
2691 776 2805 846 ejus
2851 776 3094 832 maleﬁcii
3146 786 3201 832 et
3246 777 3355 832 doli
3399 794 3646 838 accusare

2069 866 2268 938 (Exod.
2299 868 2381 921 ll.
2408 866 2466 938 2)
2515 883 2529 920 :
2583 869 2661 924 sic
2707 869 2850 924 enim
2882 870 2970 923 ille
2997 870 3465 940 primogenitumm
3510 876 3648 932 obti-

2073 961 2225 1024 nuit;
2257 959 2346 1015 hic
2391 976 2521 1016 vero
2569 961 2941 1032 Egyptiorum
2975 962 3185 1018 divitias
3216 965 3266 1018 in
3297 966 3646 1025 lsraelitarum

2074 1052 2345 1106 exercitus
2375 1053 2664 1107 transtulit.
2709 1055 2774 1107 At
2805 1069 2909 1107 non
2940 1054 3009 1108 ita
3039 1068 3098 1109 se
3124 1070 3210 1111 res
3237 1055 3415 1124 habet,
3445 1074 3549 1114 non
3581 1062 3648 1115 ita

2074 1157 2205 1197 sane
2237 1159 2251 1196 :
2283 1157 2448 1212 apage
2485 1151 2681 1198 tantam
2720 1144 3013 1199 audaciam.
3040 1144 3156 1200 Non
3184 1147 3341 1202 modo
3366 1150 3507 1204 enim
3534 1151 3652 1207 illos

2070 1233 2228 1302 culpa
2249 1249 2440 1288 vacare
2464 1233 2712 1301 dicimus,
2734 1235 2827 1291 sed
2855 1238 3012 1291 etiam
3035 1253 3099 1292 eo
3124 1239 3336 1295 nomine
3363 1243 3649 1309 miramur;

2079 1323 2510 1394 quandoquidem
2537 1325 2650 1395 ipse
2677 1327 2816 1381 Deus
2854 1328 2970 1382 illos
2997 1328 3115 1382 ideo
3141 1329 3390 1386 laudavit.
3415 1332 3653 1404 Namque

2076 1414 2164 1469 ille
2190 1414 2347 1468 fallax
2381 1414 2501 1485 jure
2530 1416 2757 1484 dicatur,
2788 1418 2878 1488 qui
2909 1418 2961 1473 id
2986 1420 3163 1490 inique
3195 1422 3519 1492 aggreditur,
3550 1440 3651 1480 non

2074 1513 2254 1558 autem
2285 1505 2372 1575 qui
2405 1520 2535 1561 sano
2564 1507 2614 1562 id
2642 1510 2865 1563 consilio
2894 1508 3020 1566 facit
3044 1512 3085 1563 ι.
3118 1511 3373 1584 Sameque
3402 1517 3657 1587 contingit

2075 1604 2136 1649 ut
2180 1593 2361 1652 fallere
2412 1599 2479 1653 sit
2527 1613 2683 1668 Opus,
2715 1607 2775 1654 ut
2820 1614 2915 1670 per
2942 1600 3242 1671 hujusmodi
3275 1615 3443 1659 artem
3470 1622 3656 1677 magna

2080 1687 2276 1740 utilitas
2317 1689 2649 1758 importetur.
2683 1689 2782 1758 Qui
2826 1701 3002 1747 autem
3046 1701 3189 1748 recta
3235 1696 3316 1749 via
3347 1695 3578 1764 incedit,
3610 1699 3656 1753 ei

2076 1791 2235 1845 quem
2258 1776 2440 1834 fallere
2468 1780 2636 1834 noluit
2665 1796 2853 1851 magna
2880 1795 3021 1851 δίκερε
3049 1784 3184 1839 mala
3216 1785 3409 1841 intulit.

2144 1867 2160 1898 ι
2195 1873 2438 1937 tlmgnon
2460 1875 2617 1918 autent
2640 1869 2873 1937 quisano
2906 1871 2959 1921 id
2996 1873 3193 1937 consilio
3229 1875 3362 1937 radi,
3394 1876 3579 1928 desunt
3614 1880 3659 1930 in

2079 1928 2287 1977 maxima
2310 1936 2416 1979 Mss.
2444 1938 2599 1993 parte,
2623 1928 2712 1980 sed
2736 1933 2975 1984 habentur
2999 1937 3046 1984 in
3069 1935 3209 1985 savil.
3229 1928 3289 1987 'et
3312 1928 3471 1988 Morel.

392 2011 3596 2056 -——-——_—___.___________________________

1378 2094 1845 2202 LIBER
1940 2102 2777 2217 SECUNDUS.

808 2377 918 2412 Illic
950 2377 1119 2414 INSUNT
1152 2378 1290 2414 LIBRO
1321 2379 1548 2417 SECUNDO:

394 2474 426 2515 l.
460 2466 783 2516 Sacerdotium
805 2466 989 2528 grande
1014 2480 1124 2518 esse
1147 2469 1338 2531 signum
1375 2467 1620 2521 ebaritatts
1677 2484 1796 2537 erga
1846 2474 1978 2523 chri-

454 2537 495 2577 ςι
502 2541 580 2576 [Ill]
588 2563 599 2575 .

392 2595 446 2635 ll.
483 2596 577 2637 Hoc
593 2590 915 2639 ministerium
938 2588 1044 2638 aliis
1067 2591 1387 2641 antecellere.

394 2658 461 2698 III.
495 2657 710 2711 Magnum
735 2658 785 2699 et
798 2650 1363 2715 adnitandunranitmtm
1387 2655 1661 2715 requirere.

391 2718 459 2758 tv.
496 2709 608 2759 item
632 2724 746 2760 esse
764 2709 953 2777 plenam
974 2712 1299 2777 difﬁcultatum
1319 2727 1376 2764 ac
1395 2709 1733 2777 periculorum.

393 2781 441 2820 v.
479 2779 570 2821 Nos
592 2775 1068 2843 promer-caritatem
1092 2776 1142 2823 iu
1175 2775 1410 2843 Chr-istum
1434 2790 1554 2843 rem
1579 2780 1718 2828 istam
1762 2779 1973 2843 fugisse.

394 2839 460 2881 VI.
497 2835 847 2905 Dettmnstratio
907 2836 1095 2885 virtutis
1154 2836 1326 2899 Basilii,
1374 2852 1431 2889 ac
1479 2840 1788 2892 vehementis
1816 2835 1967 2907 'ejus

460 2896 689 2944 caritatis.

394 2963 480 3002 \‘tl.
515 2956 655 3029 Quod.
670 2970 762 3005 non
788 2959 836 3006 in
867 2958 1206 3029 gontumeliam
1244 2973 1428 3023 eorum,
1454 2965 1651 3027 quinos
1696 2965 1970 3029 elegerant,

454 3018 806 3082 ordinationem
832 3018 1149 3082 eﬂ‘ugcrimus
1162 3058 1173 3068 .

393 3085 498 3128 vm.
532 3080 659 3138 Quod
686 3066 1146 3144 emanasse;
1163 3066 1518 3148 vituperatione
1551 3086 1661 3140 illos
1683 3066 1973 3141 emerimus.

461 3292 609 3358 Quod
634 3294 791 3363 igitur
817 3310 880 3349 cx
911 3311 1062 3365 atque
1089 3306 1141 3351 et
1189 3297 1328 3351 bono
1354 3298 1554 3355 fraudis
1585 3303 1633 3356 vi
1681 3304 1755 3358 uti
1787 3304 1967 3375 liceat,

392 3384 497 3436 imo
519 3385 692 3454 potius
730 3386 868 3456 quod
894 3403 1011 3441 eam
1039 3405 1143 3443 non
1176 3390 1411 3445 fraudem
1440 3431 1454 3457 ,
1479 3394 1574 3449 sed
1606 3395 1970 3456 admirandam

390 3477 741 3531 oeconomiam
795 3480 1061 3547 appellare
1110 3492 1397 3552 oporteat,
1457 3488 1696 3556 pluribus
1763 3502 1972 3562 poterat

390 3566 741 3633 comprobari.
783 3567 913 3635 Quia
959 3585 1085 3625 vero
1143 3588 1260 3642 qua)
1289 3578 1531 3645 superius
1560 3579 1699 3634 dicta
1730 3592 1854 3638 sunt
1901 3584 1968 3639 ad

392 3657 441 3709 id
470 3656 958 3715 -demoastmudum
1019 3663 1322 3730 sufﬁciunt,
1371 3684 1532 3738 grave
1582 3673 1969 3747 molestumque

389 3749 615 3817 putarim
646 3766 1088 3821 supervacaneam
1148 3759 1516 3831 prolixamque
1554 3778 1614 3819 ea
1646 3764 1710 3820 de
1740 3783 1797 3823 re
1843 3784 1967 3825 ora-

391 3841 586 3896 tionem
620 3851 818 3898 texere.
854 3843 1026 3900 Tuum
1048 3846 1115 3903 de
1143 3850 1469 3921 reliquaerit
1497 3856 1808 3924 ostendere,
1841 3877 1968 3917 num

388 3947 453 3984 ex
493 3932 776 3988 commodo
807 3943 898 3990 tuo
925 3935 1068 3992 fraus
1108 3954 1169 3993 ea
1199 3956 1227 3993 a
1275 3944 1427 3998 nobis
1454 3945 1687 4002 adhibita
1715 3951 1801 4005 sit.
1828 3951 1963 4007 Tum

390 4024 691 4081 BASILIUS
720 4044 731 4080 :
763 4027 837 4083 Ec
887 4029 1027 4098 quod
1052 4073 1067 4097 ,
1102 4032 1310 4102 inquit,
1360 4036 1512 4092 nobis
1541 4037 1744 4095 lucrum
1788 4059 1852 4097 ex
1879 4047 1967 4100 tali

388 4116 469 4170 vel
520 4120 815 4173 meonomia
846 4121 928 4175 vel
977 4124 1230 4192 sapientia
1261 4167 1276 4189 ,
1316 4135 1369 4182 et
1409 4130 1676 4197 quomodo
1720 4150 1834 4187 eam
1868 4151 1965 4204 ap-

388 4208 588 4276 pellare
638 4210 832 4276 libeat,
882 4221 938 4266 ut
966 4227 1274 4283 persuasum
1324 4216 1478 4273 nobis
1516 4220 1584 4274 sit
1608 4235 1828 4279 nosate
1859 4242 1965 4281 non

384 4301 547 4356 fuisse
566 4302 848 4373 deceptos?

464 4393 514 4445 1.
544 4392 895 4449 Sacerdotium
943 4399 1134 4468 grande
1179 4417 1284 4455 esse
1328 4404 1524 4475 signant
1573 4408 1795 4463 caritatis
1845 4427 1968 4482 erga

388 4483 661 4539 Christum.
683 4485 1070 4545 —JOANNES
1094 4491 1134 4545 ⁸.
1161 4491 1390 4562 Ecquid,
1428 4496 1663 4565 inquam,
1694 4498 1794 4554 hoc
1817 4499 1964 4556 lucro

387 4574 560 4644 majus
597 4576 753 4631 fuerit
777 4610 799 4642 ,ο
824 4594 981 4648 quam
1013 4582 1056 4636 si
1097 4584 1209 4638 ltzec
1233 4600 1450 4655 agamus
1472 4630 1486 4654 ,
1516 4606 1634 4657 qua:
1664 4592 1963 4648 dilectionis

384 4680 511 4733 erga
559 4663 825 4720 Christum
864 4681 1170 4738 argumenta
1209 4689 1327 4730 esse
1371 4677 1503 4732 dixit
1532 4680 1643 4750 ipse
1678 4683 1916 4740 Christus
1944 4726 1960 4752 ,

384 4757 473 4825 qui
501 4758 860 4826 apostolorum
900 4763 1239 4833 corypltmum
1287 4768 1366 4823 sic
1407 4769 1693 4838 alloquitur
1720 4816 1735 4840 ,
1768 4774 1918 4830 Petre
1944 4818 1959 4844 ,

382 4850 555 4920 inquit
582 4891 597 4915 ,
637 4869 780 4907 amas
832 4871 911 4909 me
940 4854 1113 4925 (Joan.
1140 4858 1230 4913 21.
1262 4860 1390 4930 15)?
1416 4861 1469 4916 id
1509 4864 1598 4918 illo
1640 4867 1957 4935 conﬁtente,

383 4942 621 5013 adjungit
652 4962 665 4999 :
695 4946 756 5001 Si
801 4964 943 5001 amas
979 4964 1075 5012 me,
1109 4966 1258 5019 pasce
1308 4968 1422 5006 oves
1468 4970 1626 5009 meas.
1668 4956 1962 5031 lnterrogat

383 5034 701 5103 discipulum
723 5036 971 5107 Magister
1004 5080 1019 5105 ,
1052 5055 1176 5093 num
1224 5040 1472 5110 diligatur
1501 5044 1568 5099 ab
1599 5060 1664 5100 co
1687 5086 1701 5112 ,
1742 5064 1845 5103 non
1902 5059 1961 5106 ut

387 5124 623 5180 ediscat:
656 5127 921 5196 quomodo
951 5129 1090 5183 enim
1119 5131 1320 5186 ediscat
1363 5149 1482 5188 eum
1512 5137 1748 5193 omnium
1800 5143 1958 5198 corda

386 5219 577 5273 norit?
607 5219 698 5274 sed
731 5229 785 5274 ut
835 5236 931 5276 nos
962 5221 1205 5291 doceret,
1240 5235 1493 5294 quantum
1521 5228 1664 5283 cordi
1691 5231 1790 5287 sibi
1818 5244 1961 5290 esset

387 5310 685 5380 lmjusmodi
709 5314 882 5383 gregis
910 5314 1236 5383 praefecmra.
1274 5315 1327 5371 Id
1349 5332 1469 5372 cum
1505 5320 1677 5390 palam
1706 5324 1795 5393 sit,
1828 5326 1957 5383 illud

387 5404 510 5455 item
543 5403 880 5459 manifestum
908 5406 1030 5471 erit,
1061 5423 1302 5478 magnam
1333 5407 1448 5464 fore
1476 5414 1775 5471 mercedem
1804 5418 1957 5476 labo-

385 5496 518 5547 ranti
570 5495 622 5548 in
667 5497 731 5551 iis
757 5540 770 5560 ,
824 5515 940 5568 qua:
969 5516 1159 5571 magno
1200 5502 1338 5572 apud
1395 5502 1659 5562 Christum
1690 5509 1743 5565 in
1786 5514 1957 5582 pretio

448 5648 531 5725 *‘lu
555 5645 736 5709 aliquot
754 5649 993 5725 codicibus
1010 5652 1084 5700 hic
1107 5654 1350 5725 inseritur,
1363 5662 1583 5725 Joamtes,
1599 5659 1788 5725 supple,
1807 5662 1957 5725 (hry-

385 5716 625 5767 sasanmas,
649 5724 756 5771 qum
782 5718 855 5759 cst
876 5710 1022 5761 altera
1048 5714 1267 5777 colloquii
1294 5710 1517 5779 persona.
1543 5710 1591 5769 ui
1615 5710 1719 5773 aliis
1740 5710 1898 5776 setius.

2087 2381 2230 2427 sunt.
2270 2372 2403 2428 Nam
2441 2373 2521 2440 si,
2582 2389 2702 2430 eum
2752 2376 3008 2446 quosdam
3060 2378 3300 2435 videmus
3346 2381 3662 2445 famulorum

2083 2464 2168 2519 vel
2232 2480 2480 2535 pecorum
2538 2467 2881 2523 'uostrorum
2938 2484 3119 2525 curam
3187 2472 3419 2543 habere,
3464 2478 3663 2534 sollici-

2085 2555 2319 2612 tudinem
2372 2556 2515 2612 illam
2583 2573 2679 2628 pro
2737 2570 3051 2629 argumento
3106 2565 3305 2621 amoris
3363 2583 3491 2638 erga
3566 2585 3662 2628 nos

2086 2645 2342 2702 habemus
2367 2689 2380 2712 ,
2411 2648 2619 2704 etiamsi
2668 2650 2757 2704 illa
2792 2652 2968 2707 omnia
3014 2656 3252 2723 pecunize
3281 2663 3450 2727 pretio
3478 2677 3663 2719 eman~

2084 2746 2167 2792 tur
2197 2758 2210 2794 :
2239 2740 2325 2809 qui
2357 2754 2462 2795 non
2519 2743 2759 2811 pecunia,
2787 2752 2880 2798 aut
2919 2745 3024 2800 alio
3050 2748 3298 2818 qu0piam
3351 2751 3540 2821 simili,
3576 2754 3665 2813 sed

2080 2831 2298 2901 propria
2326 2840 2497 2887 morte
2529 2832 2667 2888 hunc
2687 2849 2899 2905 gregem
2935 2838 3093 2903 emit,
3134 2848 3187 2894 et
3217 2856 3312 2910 pro
3351 2844 3516 2899 ovilis
3544 2862 3665 2915 pre-

2080 2924 2154 2978 tio
2202 2926 2511 2996 sanguinem
2540 2926 2685 2982 dedit
2714 2968 2730 2993 ,
2763 2939 2959 2999 quanto
3003 2935 3220 3000 prtemio
3256 2945 3500 3004 pastores
3554 2941 3665 3010 ejus

2078 3019 2472 3073 remunerabit?
2497 3020 2851 3086 Quamobrem
2891 3036 3012 3076 cum
3057 3023 3280 3080 dixisset
3325 3026 3622 3099 discipulus
3650 3074 3665 3095 ,

2078 3106 2155 3160 Tu
2179 3109 2297 3176 scis,
2330 3107 2545 3163 Domine
2566 3153 2581 3177 ,
2612 3111 2731 3180 quia
2773 3127 2887 3166 amo
2923 3123 2989 3179 te,
3026 3122 3079 3168 et
3120 3114 3369 3170 dilectum
3398 3118 3575 3186 ipsum
3617 3124 3664 3176 in

2074 3199 2372 3256 dilectionis
2395 3211 2582 3258 testem
2634 3215 2871 3259 vocasset
2906 3222 2923 3257 :
2974 3222 3078 3260 non
3108 3206 3192 3261 hic
3216 3210 3361 3263 stetit
3387 3209 3665 3282 Servatur,

2073 3291 2167 3348 scd
2184 3292 2481 3348 dilectionis
2496 3303 2862 3365 argumentum
2879 3296 3091 3367 adjecit.
3113 3299 3225 3354 Non
3243 3300 3382 3355 enim
3401 3316 3664 3373 quantum

2073 3384 2262 3440 Petrus
2278 3401 2335 3441 se
2350 3386 2590 3457 diligeret
2606 3388 2886 3443 ostendere
2903 3397 3028 3445 tunc
3045 3392 3282 3447 Volebat:
3303 3411 3423 3450 nam
3437 3396 3489 3451 id
3510 3398 3665 3454 nobis

2071 3490 2136 3531 ex
2167 3477 2344 3531 multis
2371 3480 2698 3548 argumentis
2739 3480 2849 3550 jam
2879 3484 3046 3550 palam
3098 3497 3247 3550 erat;
3280 3487 3375 3543 sed
3404 3500 3665 3559 quantum

2075 3566 2186 3637 ipse
2235 3567 2528 3623 Ecclesiam
2581 3570 2825 3640 diligeret
2866 3587 3013 3627 suam
3039 3615 3056 3640 ,
3096 3584 3149 3630 et
3201 3576 3413 3634 Pettnm
3454 3591 3514 3636 et
3568 3599 3668 3639 nos

2071 3673 2257 3714 omnes
2287 3660 2496 3716 edoceri
2537 3663 2736 3729 voluit,
2768 3673 2825 3717 ut
2854 3680 3095 3734 magnam
3124 3676 3178 3721 et
3214 3686 3311 3724 nos
3357 3670 3455 3727 hac
3504 3675 3559 3729 in
3606 3692 3666 3730 re

2071 3750 2477 3806 sollicitudinem
2527 3753 2902 3809 exhiberemus
2929 3755 3102 3828 (Rom.
3131 3759 3184 3815 8.
3217 3762 3331 3831 52).
3358 3763 3466 3818 Cur
3518 3769 3665 3823 enim

2072 3841 2212 3897 Deus
2242 3842 2378 3897 Filio
2405 3860 2500 3897 suo
2525 3845 2793 3914 unigenito
2818 3863 2921 3901 non
2951 3852 3217 3917 pepercit,
3246 3853 3340 3908 sed
3367 3870 3528 3924 quem
3555 3860 3664 3913 uni-

2069 3948 2190 3986 cum
2241 3932 2470 3988 habebat
2501 3936 2716 3990 tradidit
2757 3935 2937 4005 (Joan.
2967 3938 3020 3994 3.
3056 3941 3181 4011 16)9
3209 3941 3276 3999 Ut
3301 3960 3394 3999 eos
3432 3948 3527 4016 qui
3554 3949 3664 4004 ini-

2071 4022 2210 4076 [υἱ-ρο
2244 4039 2367 4093 erga
2421 4040 2480 4079 se
2543 4027 2722 4081 animo
2771 4039 2952 4083 essent
3003 4031 3101 4086 sibi
3154 4036 3561 4105 reconciliaret,
3608 4050 3663 4096 et

2070 4114 2391 4183 peculiarem
2441 4116 2540 4170 sibi
2604 4119 2855 4187 populum
2911 4118 3126 4176 faceret.
3180 4121 3291 4178 Cur
3343 4130 3663 4197 sanguinem

2068 4204 2288 4258 effudit?
2321 4204 2390 4259 Ut
2416 4206 2510 4260 has
2541 4217 2745 4262 emeret
2774 4225 2923 4276 oves,
2955 4226 3087 4285 quas
3114 4212 3273 4270 Petro
3300 4225 3353 4271 et
3377 4232 3662 4277 successo-

2068 4296 2216 4351 ribus
2267 4298 2383 4366 ejus
2423 4299 2637 4355 tradidit
2670 4300 2800 4370 (Tit.
2844 4302 2899 4357 2.
2934 4303 3186 4377 14)..ῐυτθ
3228 4311 3249 4341 ⁸
3292 4324 3418 4380 ergo
3446 4312 3660 4371 dicebat
3732 4324 3735 4329 '

2067 4389 2331 4458 Christus,
2368 4392 2614 4459 Quisnam
2641 4404 2715 4449 est
2746 4396 2912 4463 ﬁdelis
2956 4414 3125 4453 servus
3145 4410 3193 4454 et
3219 4403 3438 4471 prudens
3459 4445 3475 4469 ,
3508 4424 3661 4476 quem

2070 4480 2333 4535 constituet
2355 4482 2590 4538 dominus
2616 4486 2724 4557 ejus
2749 4502 2901 4557 super
2926 4489 3125 4543 domum
3145 4508 3289 4545 suam
3311 4494 3529 4564 (Matth.
3558 4498 3656 4553 24.

2067 4571 2197 4641 43)?
2226 4572 2456 4629 Rursum
2493 4576 2651 4631 verba
2681 4577 2968 4634 dubitantis
3013 4591 3136 4635 sunt
3159 4625 3173 4648 ,
3199 4585 3296 4638 etsi
3326 4587 3416 4655 qui
3474 4587 3658 4659 loqui-

2070 4674 2154 4717 tur
2194 4664 2323 4719 nihil
2377 4666 2626 4722 dubitans
2672 4684 2737 4724 ea
2768 4670 3000 4740 proferat
3031 4690 3044 4726 :
3073 4675 3165 4729 sed
3204 4678 3657 4746 quemadmodum

2066 4769 2185 4810 cum
2215 4756 2430 4812 Petrum
2463 4758 2809 4831 interrogaret
2834 4779 2956 4818 ntun
2987 4779 3047 4821 se
3083 4766 3356 4837 diligeret,
3389 4785 3496 4825 non
3527 4774 3660 4830 ideo

2066 4847 2433 4903 sciscitabatur
2461 4851 2601 4920 quod
2628 4853 2787 4909 vellet
2811 4854 3053 4924 discipuli
3082 4873 3315 4915 amorem
3340 4863 3652 4935 explorare,

2066 4937 2158 4992 sed
2191 4948 2248 4992 ut
2274 4934 2473 5009 prOprii
2500 4944 2697 4997 amoris
2723 4946 3132 5015 magnitudinem
3163 4950 3477 5018 declararet;
3500 4956 3569 5009 ita
3597 4969 3656 5012 et

2065 5042 2207 5082 nunc
2235 5043 2354 5082 cum
2382 5030 2539 5096 dicit,
2569 5031 2812 5098 Quisnam
2841 5045 2914 5088 est
2934 5036 3098 5105 ﬁdelis
3124 5056 3292 5093 servus
3318 5053 3364 5094 et
3389 5046 3659 5112 prudens!

2065 5130 2169 5169 non
2200 5116 2303 5173 hoc
2355 5120 2466 5182 ait,
2498 5121 2638 5189 quod
2669 5123 2716 5179 ei
2767 5124 2975 5194 ignotus
3004 5128 3073 5181 sit
3102 5128 3270 5184 ﬁdelis
3319 5146 3381 5187 ac
3409 5136 3655 5203 prudens

2066 5220 2272 5274 servus,
2305 5209 2397 5264 sed
2423 5210 2564 5279 quod
2590 5213 2873 5268 ostendere
2900 5216 3060 5281 velit,
3089 5233 3247 5288 quam
3277 5224 3380 5276 rari
3401 5224 3508 5277 sint
3539 5224 3650 5280 ltu-

2059 5295 2289 5365 jusmodi
2319 5301 2491 5365 servi,
2523 5312 2577 5355 et
2615 5313 2814 5372 quanta
2856 5306 2925 5360 sit
2953 5307 3093 5363 illius
3145 5311 3480 5380 magistratus
3516 5331 3645 5370 am.

2063 5387 2288 5455 plitudo.
2319 5388 2448 5445 Vide
2492 5392 2671 5464 itaque
2709 5406 2958 5465 quantum
2988 5399 3056 5454 sit
3101 5406 3372 5470 praemium
3415 5422 3430 5460 :
3470 5406 3649 5479 Super

2062 5480 2251 5548 omnia,
2300 5480 2505 5552 inquit,
2535 5484 2666 5539 bona
2692 5504 2784 5543 sua
2804 5491 3065 5547 constituet
3104 5510 3237 5549 eum.

2124 5613 2163 5697 ἱ.
2176 5613 2854 5697 s‘icnsivi‘llftnplurimiless.
2896 5631 2944 5674 ln
2968 5626 3130 5677 Morel.
3173 5638 3221 5681 et
3263 5630 3384 5695 aliis,
3428 5636 3648 5697 {antido-

2057 5685 2163 5741 rm_n
2184 5681 2239 5741 et,
2250 5676 2638 5741 proyﬁnqttmfam,
2665 5680 2861 5741 legitur.

2124 5737 2144 5764 ³
2176 5733 2359 5799 Αιὶἑιιιυὶ
2378 5733 2635 5801 ΜέςηῙιιηί
2652 5733 2867 5798 αεῖυδτσ.
