3944 6202
280 324 382 378 633

352 435 409 488 2.
446 433 558 487 Hoc
575 433 907 488 ministerium
923 433 1038 489 alits
1063 432 1420 489 antecellere.-—
1443 432 1697 488 Etiamne
1716 433 1871 502 igitur

286 539 425 579 nunc
474 523 753 579 nobiscum
780 523 1069 579 contendes
1088 522 1240 593 quasi
1284 531 1335 578 te
1375 521 1514 578 male
1552 522 1603 576 in
1631 523 1870 577 fraudem

288 615 666 684 injecerinn.s,
716 630 836 667 cum
885 614 1133 668 omnibus
1161 614 1254 669 Dei
1304 613 1457 668 bonis
1505 613 1870 683 prrefieieudus

287 708 391 768 sis,
424 704 514 758 illa
537 720 725 774 agens,
770 719 889 774 quae
916 705 1092 773 agenti
1138 704 1290 759 f‘etro
1332 708 1615 774 potentiam
1657 705 1865 769 indidit,

288 796 605 865 victorisque
648 795 903 863 apostolis
946 796 1102 865 longe
1144 795 1464 865 anteposuit.
1511 795 1662 860 Nam,
1695 795 1864 861 Petrc,

283 888 484 956 inquit,
520 904 663 941 amas
684 904 779 941 mre
816 887 931 957 plus
979 887 1098 941 his?
1135 884 1295 940 Pasce
1337 902 1449 940 ores
1499 903 1655 942 meas.
1709 886 1867 955 Atqui

283 988 494 1049 paterat
518 981 596 1034 sic
623 994 745 1035 eum
773 979 971 1049 alloqui
999 979 1087 1035 :Si
1108 995 1256 1033 atuas
1286 995 1400 1044 me,
1427 979 1623 1049 jejuuia
1651 994 1863 1047 exerce,

276 1072 420 1127 humi
446 1072 610 1136 cuba,
641 1072 848 1142 vigilias
883 1072 1026 1134 cole,
1058 1070 1252 1140 injuria
1284 1070 1486 1126 affectis
1508 1071 1861 1141 patrocinare,

271 1172 391 1217 esto
417 1162 629 1233 pupillis
649 1163 796 1231 quasi
827 1171 993 1231 pater,
1014 1171 1065 1216 et
1084 1162 1233 1215 matri
1250 1176 1432 1215 eorum
1452 1161 1599 1231 quasi
1623 1162 1859 1216 maritus.

269 1253 424 1309 Nunc
445 1270 571 1308 vero
598 1254 680 1307 his
701 1253 1073 1324 praetermissis
1110 1253 1377 1319 omnibus,
1421 1253 1544 1323 quid
1570 1254 1680 1307 ait?
1706 1252 1865 1308 Pasce

275 1361 389 1400 aves
420 1362 577 1400 meas.
620 1346 706 1400 Illa
729 1345 872 1400 enim
904 1361 1021 1414 qua:
1050 1360 1207 1415 supra
1237 1345 1344 1400 dixi
1368 1362 1431 1399 ex
1455 1346 1677 1400 subditis
1706 1346 1858 1401 multi

275 1435 431 1491 facile
472 1445 726 1506 praestare
749 1436 991 1506 possint,
1024 1452 1128 1491 non
1161 1437 1257 1492 viri
1300 1437 1510 1504 solum,
1556 1437 1650 1493 sed
1699 1439 1859 1493 etiam

274 1528 529 1583 mulieres
559 1547 571 1581 :
605 1538 659 1582 at
687 1545 807 1584 cum
839 1528 906 1584 de
932 1530 1180 1584 Ecclesia:
1207 1531 1516 1599 praefectura
1537 1530 1707 1602 deque
1731 1548 1861 1587 con-

271 1619 544 1674 crrdenda
571 1628 644 1672 tut
664 1618 961 1674 animarum
986 1634 1112 1674 cura
1135 1622 1307 1691 agitur
1324 1662 1338 1688 ,
1370 1621 1582 1678 recedat
1601 1638 1630 1676 a
1655 1623 1859 1692 magni-

276 1714 461 1768 tudine
493 1715 624 1767 tanti
646 1714 842 1783 negotii
877 1721 1016 1767 totus
1042 1712 1324 1768 femininus
1349 1729 1537 1779 sexus,
1575 1714 1680 1768 imo
1701 1716 1857 1769 etiam

277 1808 516 1860 virorum
588 1820 711 1874 pars
784 1805 1052 1870 maxima;
1125 1814 1345 1876 agantur
1387 1806 1439 1860 in
1491 1807 1723 1861 medium
1769 1807 1858 1877 qui

268 1914 463 1968 magno
514 1898 800 1952 intervallo
843 1898 1053 1952 ceteris
1097 1897 1346 1952 omnibus
1382 1897 1752 1963 antecellunt,
1803 1906 1860 1953 et

263 1990 354 2057 qui
386 1988 679 2043 secundum
706 1987 869 2041 animi
897 1988 1142 2043 virtutem
1171 1988 1379 2044 caeteris
1404 1998 1555 2043 tanto
1580 1990 1853 2043 sublimio-

267 2096 371 2135 res.
395 2088 550 2146 sunt,
594 2090 793 2149 quanto
846 2080 1095 2134 universa
1146 2079 1491 2134 llebrzeorum
1544 2090 1700 2150 gente
1727 2080 1857 2137 S.riil

266 2171 564 2228 secundum
616 2172 858 2241 corporis
894 2171 1265 2241 proceritatem
1319 2174 1398 2242 (l.
1436 2173 1562 2244 Reg.
1592 2172 1681 2228 10.
1720 2172 1853 2243 25);

267 2268 378 2321 imo
430 2276 485 2322 et
524 2267 682 2337 longe
724 2265 913 2337 majori
964 2265 1156 2335 apatio.
1182 2265 1261 2320 Ne
1286 2265 1414 2320 mihi
1456 2267 1599 2320 enim
1632 2266 1719 2320 hie
1756 2267 1855 2320 hu-

264 2373 539 2413 merorum
568 2357 905 2429 proceritatis
930 2371 1180 2412 mensura
1208 2366 1481 2426 quaeratur
1505 2374 1520 2410 :
1550 2356 1643 2412 sed
1662 2368 1857 2427 quanta

262 2450 512 2505 estinter
556 2448 710 2503 bruta
750 2458 801 2503 ct
844 2448 1187 2503 rationabiles
1224 2448 1468 2502 homines
1515 2449 1812 2505 differentia
1837 2490 1853 2515 ,

262 2550 469 2595 tantum
497 2541 635 2596 inter
650 2550 914 2610 pastorem
934 2549 991 2595 et
1004 2556 1098 2596 eos
1121 2541 1209 2610 qui
1226 2550 1513 2609 pascuntur
1532 2541 1599 2596 sit
1612 2541 1858 2597 interval-

263 2634 398 2699 lum,
422 2648 494 2688 ne
509 2633 634 2703 quid
660 2634 887 2702 amplius
903 2633 1077 2688 dicam
1106 2651 1120 2688 :
1142 2647 1263 2687 nam
1280 2633 1345 2688 de
1369 2633 1539 2688 multo
1567 2634 1856 2704 majoribus

260 2723 563 2794 periculum
587 2733 687 2779 est.
707 2722 978 2792 Siquidem
1004 2722 1095 2793 qui
1115 2737 1242 2778 oves
1263 2723 1509 2793 perdidit,
1523 2725 1762 2794 autlupis
1780 2738 1858 2779 ra-

266 2815 543 2884 pientibus
562 2857 577 2883 ,
604 2824 694 2869 aut
724 2814 924 2869 furibus
946 2816 1282 2882 instantibus,
1312 2824 1403 2870 aut
1422 2826 1569 2886 peste
1593 2817 1817 2887 quadam
1838 2859 1853 2884 ,

260 2916 353 2961 aut
392 2908 504 2961 alio
532 2906 876 2977 contingente
903 2922 1057 2968 casu,
1092 2908 1323 2978 aliquam
1352 2908 1575 2964 fortasse
1605 2910 1857 2966 veniama

266 2998 488 3055 dontino
543 2999 721 3069 gregis
752 2998 1147 3069 impetraverit;
1190 2998 1272 3052 sin
1304 3012 1490 3067 ptenas
1519 2999 1606 3055 ille
1646 3000 1855 3070 exigat,

266 3089 489 3159 pecunia
541 3098 743 3142 tantum
783 3087 1162 3142 mulctabitur:
1194 3097 1249 3141 at
1301 3088 1390 3143 ille
1438 3088 1521 3142 cui
1560 3088 1813 3167 homines
1839 3131 1855 3153 ,

268 3179 600 3233 rationabilis
652 3178 849 3233 Christi
914 3194 1080 3248 grex,
1141 3178 1431 3233 concrediti
1479 3188 1639 3245 sunt,
1689 3181 1858 3249 primo

266 3269 480 3338 quidem
533 3283 630 3338 pro
676 3269 856 3322 ovium
899 3268 1132 3337 pernicie
1168 3284 1274 3322 non
1321 3269 1666 3338 pecuniarum
1695 3309 1713 3336 ,
1762 3271 1857 3326 sed

266 3360 456 3414 anima:
484 3375 600 3413 sum
627 3359 888 3428 jacturam
922 3358 1049 3413 facit
1080 3375 1093 3410 :
1122 3350 1315 3413 deinde
1353 3359 1523 3413 multo
1548 3359 1718 3429 majus
1739 3376 1861 3431 gra-

268 3450 488 3520 viasque
515 3460 784 3504 certamen
816 3448 997 3503 habet.
1041 3448 1156 3502 Non
1207 3464 1328 3502 cum
1368 3448 1507 3518 lupis
1558 3451 1655 3518 ipsi
1687 3465 1858 3520 pugna

268 3550 364 3604 est,
394 3555 498 3595 nec
537 3540 606 3595 de
632 3539 837 3593 furibus
880 3540 1067 3594 metuit
1095 3579 1112 3604 ,
1161 3553 1333 3608 neque
1359 3548 1416 3593 ut
1444 3548 1646 3608 pestem
1676 3540 1856 3610 abigat

270 3646 300 3685 a
332 3646 493 3701 grege
548 3630 808 3684 sollicitus
847 3638 971 3693 est;
1005 3628 1097 3682 sed
1145 3629 1461 3698 quibuscum
1502 3629 1695 3683 bellum
1742 3631 1855 3696 sit,

272 3733 323 3773 et
360 3720 648 3775 adversum
683 3734 820 3788 quos
857 3718 995 3773 lucta
1042 3717 1293 3781 ineunda,
1329 3716 1454 3772 audi
1480 3716 1690 3772 beatum
1729 3718 1860 3772 Pau-

280 3812 381 3864 lum
452 3809 768 3865 dicentem:
804 3808 924 3861 Non
972 3818 1044 3861 est
1097 3807 1239 3861 nobis
1301 3807 1435 3861 lucta
1470 3807 1709 3860 adversus
1735 3824 1860 3860 sun-

280 3904 478 3973 guiuem
506 3911 552 3956 et
603 3917 806 3956 carnem
830 3940 845 3965 ,
895 3901 982 3955 sed
1022 3901 1262 3953 adversus
1290 3899 1603 3968 principatus
1623 3939 1639 3964 ,
1684 3899 1863 3952 aduer-

277 4013 357 4049 sas
407 4003 676 4061 potestates
705 4033 721 4058 ,
779 3992 1019 4046 adversus
1067 3990 1243 4044 mundi
1285 3999 1502 4045 rectores
1548 3991 1862 4043 tenebrarum

274 4086 444 4140 seculi
474 4085 628 4149 huius
656 4123 672 4148 ,
722 4083 962 4136 adversus
999 4080 1287 4150 spiritualia
1313 4080 1549 4149 nequitia:
1598 4081 1651 4132 in
1711 4078 1860 4132 ert-le-

271 4179 423 4230 uibus
449 4172 669 4245 (Ephes.
701 4172 754 4227 6.
792 4171 902 4242 l2).
935 4164 1181 4226 Vidistin'
1204 4168 1536 4224 inimicorum
1570 4168 1862 4222 multitudi-

274 4282 392 4321 nem
421 4266 718 4336 ingentem,
751 4262 1037 4333 phalanges
1067 4259 1273 4315 feroces
1303 4276 1406 4314 non
1438 4260 1578 4314 ferro
1608 4261 1859 4327 munitas,

272 4358 361 4413 sed
406 4357 607 4428 quibus
654 4353 850 4408 sufficit
896 4353 963 4406 ad
997 4352 1333 4421 omnigenam
1380 4359 1700 4406 armaturam
1751 4351 1861 4420 ipsa

275 4460 453 4505 natura
482 4448 509 4501 τ
573 4447 663 4501 Vis
688 4458 739 4501 et
786 4446 948 4500 alium
999 4444 1291 4499 exercitum
1336 4442 1519 4497 videre
1567 4450 1767 4496 trucem
1810 4450 1865 4497 et

277 4543 559 4596 immanem
577 4574 599 4601 ,ς
624 4538 747 4592 huic
782 4537 929 4607 gregi
961 4535 1297 4589 insidiantem
1321 4534 1344 4588 ἲ
1375 4533 1544 4603 ipsum
1569 4548 1779 4603 quoque
1799 4549 1863 4588 ex

275 4634 456 4690 eadem
505 4630 722 4701 Specula
748 4628 1065 4697 couspicies.
1095 4625 1224 4681 Nam
1255 4625 1347 4695 qui
1401 4624 1469 4679 de
1511 4639 1669 4695 supra
1709 4624 1866 4678 dictis

278 4725 433 4782 verba
464 4723 631 4788 fecit,
685 4721 730 4775 is
773 4721 884 4790 ipse
918 4728 973 4774 et
1017 4719 1117 4773 hos
1142 4716 1298 4771 nobis
1337 4716 1519 4772 hostes
1563 4715 1758 4770 iudicat
1784 4715 1865 4770 his

281 4818 453 4873 verbis
483 4833 497 4870 :
525 4814 801 4886 Hanifcsta
835 4822 954 4866 sunt
977 4826 1128 4879 Opera
1148 4809 1315 4863 carnis
1348 4806 1540 4880 (Galat.
1571 4807 1624 4863 5.
1655 4806 1741 4862 i9.
1770 4807 1861 4862 20.
1886 4821 1899 4833 ‘

280 4908 368 4976 2i)
400 4926 415 4960 :
444 4921 561 4977 qua
597 4915 713 4960 sunt
755 4903 1020 4975 farnicatio
1045 4941 1062 4966 ,
1119 4900 1422 4954 adulterium
1448 4938 1467 4966 ,
1498 4899 1817 4953 immunditia
1845 4940 1861 4963 ,

284 5001 605 5073 irnpudieitia
627 5041 644 5063 ,
702 4997 958 5051 idolorum
1003 4995 1213 5049 servitus
1234 5034 1249 5059 ,
1282 4993 1575 5058 veneﬁcium
1603 5031 1619 5057 ,
1647 4991 1864 5045 inimicio

283 5095 392 5157 tim,
418 5091 764 5146 contentiones
786 5129 801 5151 ,
830 5086 1178 5142 wurulationes
1199 5124 1213 5147 ,
1242 5084 1337 5137 ine
1359 5124 1373 5149 ,
1402 5084 1530 5137 rixa
1549 5126 1563 5145 ,
1592 5083 1862 5135 detractio-

279 5201 362 5236 nes
386 5226 402 5250 ,
432 5182 630 5236 susurri
656 5222 669 5244 ,
696 5180 854 5233 animi
881 5187 1099 5231 tumores
1125 5216 1139 5239 ,
1173 5174 1502 5228 dissensiones
1525 5175 1600 5244 (2.
1632 5173 1748 5228 Cor.
1774 5172 1863 5229 l2.

280 5273 369 5344 20)
392 5316 407 5341 ,
439 5283 495 5328 et
535 5272 638 5326 alia
670 5270 753 5324 his
781 5269 930 5339 plura
962 5285 975 5321 :
1007 5282 1175 5336 neque
1212 5264 1353 5320 enim
1377 5266 1550 5317 onmia
1579 5280 1864 5321 ernrmera-

280 5367 386 5431 vit,
416 5365 513 5421 sed
544 5380 610 5418 ex
663 5363 747 5418 his
799 5362 954 5415 nobis
996 5370 1190 5414 cretera
1246 5357 1456 5425 reliquit
1505 5355 1861 5425 intelligenda.

284 5459 446 5513 l'orro
498 5455 642 5527 quod
690 5454 757 5508 ad
810 5453 1087 5507 brutoruur
1142 5457 1408 5520 pastorem
1450 5448 1677 5517 pertinet
1706 5489 1720 5513 ,
1773 5448 1863 5517 qui

284 5566 495 5622 gregem
540 5547 766 5619 perdere
796 5545 1013 5610 volunt,
1056 5543 1144 5597 ubi
1198 5541 1377 5596 vident
1423 5540 1727 5610 praefectura
1778 5538 1860 5593 fu-

286 5642 511 5712 gientem
543 5681 558 5699 ,
605 5654 710 5690 non
767 5635 911 5689 illum
954 5641 1306 5705 oppugnant,
1337 5634 1428 5691 sed
1484 5630 1613 5686 satis
1666 5629 1864 5684 habent

298 5731 341 5785 si
375 5744 573 5800 pecora
634 5729 841 5800 rapiant
884 5727 1009 5784 :hie
1049 5741 1216 5783 vero.
1266 5726 1359 5783 etsi
1409 5736 1578 5785 totum
1646 5735 1860 5793 gregem

1487 323 1574 379 DE
1613 324 2059 382 SACERDUTIO.
2101 327 2225 382 LIB.
2263 327 2323 381 ll.

3450 341 3553 398 631

1979 436 2308 506 abripuerint
2334 480 2350 507 ,
2408 454 2475 495 ne
2524 438 2603 495 sic
2647 439 2858 512 quidem
2914 460 2944 500 a
2993 456 3205 515 pastore
3246 448 3556 520 abstinent,

1975 526 2071 582 sed
2115 528 2281 599 magis
2324 530 2524 586 instant
2588 535 2856 604 magisque
2905 535 3207 606 ferociunt,
3256 556 3355 596 nec
3414 543 3557 612 prius

1975 617 2133 671 finem
2169 617 2368 673 faciunt
2401 637 2557 689 quam
2603 623 2686 677 vel
2721 625 2863 678 illum
2894 630 3273 694 prostraverint
3298 672 3315 697 ,
3343 633 3426 687 vel
3459 634 3554 702 ipsi

1975 705 2232 777 profligati
2257 708 2466 765 fuerint.
2486 711 2566 766 Ad
2588 711 2700 767 haec
2720 724 2893 771 autem
2924 718 3181 786 pecudum
3205 721 3373 777 morbi
3389 724 3557 776 maui-

1976 796 2090 848 t'esti
2119 805 2258 861 sunt,
2291 799 2403 855 sive
2431 797 2596 855 fames
2619 802 2707 868 sit,
2734 805 2846 858 sive
2876 806 3057 873 pestis,
3076 809 3187 863 sive
3209 809 3419 876 vulnus,
3443 813 3556 867 sive

1973 885 2114 967 aliud
2136 887 2403 958 quidpiam
2432 890 2672 947 dolorem
2710 896 2921 963 pariens
2953 915 2966 951 :
3008 898 3056 951 id
3087 908 3263 954 autem
3291 918 3395 956 non
3428 918 3545 957 nio-

1972 975 2092 1031 dico
2133 978 2438 1049 adjumeuto
2487 992 2568 1037 est
2610 986 2677 1039 ad
2720 989 3046 1057 aegritudinis
3081 994 3429 1050 curationem.
3459 997 3555 1052 Est

1970 1075 2022 1120 et
2072 1068 2213 1122 aliud
2261 1068 2363 1125 hoc
2393 1074 2723 1128 commodius
2756 1075 2822 1131 ad
2875 1080 3115 1147 quemvis
3155 1084 3396 1139 morbum
3443 1093 3551 1142 cito

1970 1157 2309 1228 abigendum.
2359 1163 2493 1231 Quid
2524 1166 2686 1221 illud?
2728 1168 2910 1238 Magna
2964 1187 3081 1226 cum
3130 1184 3386 1243 potestate
3454 1196 3549 1249 pa-

1969 1257 2142 1304 stores
2171 1253 2398 1320 pecudes
2426 1269 2548 1310 suas
2574 1268 2870 1327 porrectam
2901 1262 3212 1318 medicinam
3246 1282 3435 1337 capere
3456 1286 3549 1325 co-

1968 1348 2094 1408 gunt
2122 1379 2137 1406 ,
2181 1341 2388 1397 etiamsi
2417 1344 2696 1401 obsistunt.
2724 1348 2854 1404 Nam
2892 1351 3042 1407 facile
3092 1353 3255 1424 ligare
3296 1371 3545 1426 possunt,

1967 1429 2012 1483 si
2057 1430 2368 1500 adustione,
2414 1435 2457 1490 si
2505 1438 2741 1493 sectione
2792 1456 2924 1510 opus
2967 1442 3078 1509 sit,
3107 1446 3150 1499 si
3181 1447 3267 1500 diu
3322 1449 3550 1506 inclusas

1966 1535 2182 1579 servare
2209 1536 2491 1595 oporteat,
2520 1536 2574 1584 et
2599 1530 2743 1585 aliud
2773 1549 2869 1602 pro
2911 1535 3015 1590 alio
3045 1538 3290 1605 pabulum
3317 1542 3507 1597 offerre
3530 1585 3546 1609 ,

1966 1614 2010 1669 si
2037 1614 2249 1685 abigere
2286 1632 2316 1670 a
2345 1618 2471 1673 rivis
2500 1634 2751 1690 aquarum
2784 1641 2796 1677 :
2825 1635 3123 1695 caeteraque
3153 1632 3328 1685 ouruia
3364 1674 3379 1697 ,
3425 1652 3543 1702 quae

1965 1707 2275 1762 censuerint
2300 1710 2367 1764 ad
2410 1710 2619 1767 illarum
2646 1714 3062 1773 incolumitatem
3107 1721 3370 1790 Conferre,
3405 1728 3546 1781 nullo

1965 1797 2178 1866 negotio
2205 1800 2508 1855 admovent.

2035 1890 2087 1944 5.
2116 1889 2361 1962 Magnum
2385 1903 2434 1946 et
2461 1894 2815 1951 admirandum
2844 1901 3067 1955 animum
3092 1905 3360 1971 requirere.
3388 1937 3458 1946 ——
3481 1910 3546 1963 At

1964 1978 2236 2036 hominum
2289 1982 2625 2040 inﬁrmitates
2677 1988 2815 2044 haud
2859 1989 3012 2047 facile
3068 1994 3225 2049 homo
3271 2002 3473 2053 noverit
3531 2019 3544 2055 :

1965 2069 2157 2127 Nullus
2202 2073 2335 2127 enim
2387 2075 2644 2130 hominum
2674 2081 2806 2132 novit
2850 2097 2962 2150 qua:
2990 2094 3102 2136 sunt
3149 2086 3364 2140 [taurinis
3392 2130 3406 2153 ,
3449 2092 3546 2143 nisi

1961 2162 2169 2233 spiritus
2199 2163 2416 2219 hominis
2441 2205 2456 2229 ,
2485 2167 2574 2235 qui
2627 2178 2699 2222 est
2741 2170 2791 2222 in
2821 2169 2910 2224 illo
2943 2171 3022 2241 (1.
3051 2173 3168 2228 Cor.
3197 2175 3250 2228 2.
3288 2178 3396 2247 11).
3443 2183 3544 2244 Qui

1963 2252 2124 2323 igitur
2150 2254 2319 2324 possit
2342 2258 2601 2327 quispiam
2648 2260 2939 2316 remedium
2987 2264 3270 2323 admovere
3314 2272 3499 2326 ruorbo
3524 2315 3540 2339 ,

1970 2344 2121 2414 cujus
2164 2346 2380 2402 modum
2428 2364 2535 2403 non
2566 2350 2745 2417 novit,
2798 2366 2920 2407 cum
2966 2354 3124 2410 etiam
3154 2371 3389 2428 perszepe
3418 2376 3543 2416 ues-

1961 2437 2072 2491 eire
2091 2439 2258 2506 possit
2286 2453 2353 2494 an
2380 2450 2601 2510 aegrotet
2630 2443 2841 2498 necne?
2870 2445 3002 2498 Cum
3032 2461 3190 2514 porro
3220 2460 3377 2504 notus
3404 2468 3544 2506 mor-

1962 2527 2062 2583 bus
2089 2538 2171 2584 est
2194 2571 2208 2594 ,
2247 2540 2370 2587 tunc
2399 2534 2570 2603 majus
2600 2536 2865 2605 negotium
2903 2538 3136 2594 facessit.
3186 2540 3369 2611 Neque
3396 2547 3542 2600 enim

1962 2631 2185 2689 possunt
2230 2623 2451 2692 quilibet
2489 2624 2732 2682 homines
2784 2629 2894 2697 pari
2946 2630 3198 2688 facilitate
3241 2638 3451 2703 curari,
3480 2655 3543 2694 ac

1964 2721 2143 2780 pastor
2165 2725 2315 2768 curat
2338 2729 2511 2771 ovem.
2547 2716 2642 2772 llic
2665 2718 2807 2773 enim
2834 2735 2966 2788 opus
2994 2722 3215 2791 perinde
3246 2735 3330 2779 est
3357 2727 3537 2797 ligare,

1960 2800 2030 2858 ab
2052 2803 2304 2859 alimento
2328 2806 2559 2876 abigere,
2591 2823 2779 2876 urere,
2808 2823 3023 2877 secare;
3047 2812 3139 2866 sed
3167 2823 3398 2883 potestas
3426 2834 3541 2874 me-

1961 2894 2152 2952 dicina:
2169 2898 2491 2968 accipienda:
2522 2915 2623 2953 non
2670 2916 2834 2970 penes
2861 2902 3003 2957 illum
3022 2914 3105 2959 est
3128 2907 3214 2976 qui
3245 2910 3537 2965 remedium

1963 2986 2253 3054 admovet,
2298 2989 2390 3044 sed
2420 3005 2583 3059 penes
2619 2992 2767 3046 illum
2800 2994 2889 3062 qui
2935 2997 3121 3049 morbo
3168 2996 3389 3052 laborat.
3432 2999 3544 3055 lloc

1961 3078 2104 3133 enim
2151 3094 2271 3133 eum
2327 3090 2508 3135 nosset
2560 3081 2904 3137 admirandus
2966 3085 3054 3139 ille
3106 3086 3216 3151 vir,
3257 3088 3542 3144 Corinthiis

1963 3167 2207 3224 dicebat:
2235 3168 2352 3223 Non
2372 3171 2505 3224 enim
2532 3171 2853 3225 dominamur
2877 3173 2996 3241 ﬁdei
3024 3185 3197 3229 vestrm
3221 3219 3234 3241 ,
3267 3178 3354 3230 sed
3380 3180 3536 3249 adju-

1965 3266 2097 3313 tores
2131 3276 2304 3313 sumus
2355 3262 2531 3330 gaudii
2566 3263 2715 3315 vestri
2762 3261 2839 3335 (2.
2868 3263 2985 3318 Cor.
3016 3265 3067 3319 1.
3092 3264 3205 3337 25).
3232 3264 3542 3325 Christianis

1963 3347 2108 3402 enim
2160 3347 2378 3404 minime
2415 3351 2650 3406 omnium
2704 3352 2825 3407 licet
2876 3353 3066 3408 delicta
3125 3359 3449 3424 peccantium
3492 3363 3541 3414 vi

1964 3439 2273 3495 emendare.
2305 3440 2487 3497 Exteri
2526 3443 2739 3513 quidem
2766 3444 2972 3514 judices
3006 3446 3335 3503 facinorosos
3376 3450 3544 3505 homi-

1964 3547 2099 3597 nes,
2141 3534 2231 3603 qui
2270 3535 2563 3590 secundum
2617 3536 2760 3607 leges
2792 3539 2930 3606 capti
2961 3547 3086 3592 sunt
3118 3579 3132 3604 ,
3183 3555 3368 3610 magna
3421 3555 3541 3596 eum

1965 3625 2279 3680 auctoritate
2351 3625 2593 3681 cohibent
2617 3666 2633 3692 ,
2675 3642 2737 3682 ac
2764 3627 2845 3682 vel
2873 3628 3062 3681 invitos
3102 3645 3132 3683 a
3173 3631 3408 3685 moribus
3434 3634 3545 3700 pri-

1965 3717 2116 3770 stinis
2143 3724 2365 3770 arcent:
2398 3718 2485 3771 hic
2518 3726 2695 3772 autem
2737 3735 2843 3773 non
2882 3721 2930 3774 vi
2971 3721 3217 3775 adactum
3247 3764 3262 3788 ,
3291 3724 3388 3777 sed
3419 3738 3542 3792 per‘

1966 3824 2181 3864 suasura
2225 3809 2522 3877 hujusmodi
2570 3810 2840 3866 hominem
2894 3822 3105 3881 oportet
3148 3814 3215 3868 ad
3264 3815 3541 3869 meliorem

1969 3899 2170 3969 frugem
2225 3916 2499 3956 revocare.
2530 3901 2646 3956 Non
2677 3903 2820 3957 enim
2864 3912 3006 3957 tanta
3048 3904 3200 3959 nobis
3253 3905 3472 3960 facultas
3514 3922 3544 3960 a

1968 3990 2176 4060 legibus
2226 3990 2383 4045 datur
2442 3991 2508 4045 ad
2580 3991 2948 4062 delinquentes
3021 3994 3390 4059 coercendos;
3439 3997 3546 4051 imo

1966 4080 2175 4135 etiamsi
2228 4081 2542 4148 dedissent,
2573 4099 2676 4137 non
2707 4098 2982 4152 possemus
3029 4085 3113 4137 illa
3158 4086 3229 4138 uti
3253 4124 3271 4150 ,
3309 4085 3546 4154 quando-

1967 4173 2179 4241 quidem
2214 4174 2349 4227 Deus
2374 4188 2479 4227 non
2509 4188 2603 4228 eos
2630 4184 2869 4238 coronat,
2888 4175 2975 4243 qui
2999 4168 3049 4228 vi
3072 4175 3240 4230 abacti
3263 4191 3291 4228 a
3314 4176 3545 4243 nequitia

1969 4263 2274 4328 abstinent,
2318 4264 2410 4319 sed
2437 4280 2531 4319 eos
2558 4306 2573 4329 ,
2610 4266 2698 4334 qui
2759 4281 2822 4319 ex
2856 4266 3022 4319 libero
3068 4267 3338 4335 proposito
3374 4268 3442 4321 ab
3483 4283 3544 4322 ea

1970 4353 2255 4409 declinant.
2282 4355 2637 4419 Quamobrem
2678 4355 2839 4409 multa
2866 4355 3076 4424 quidem
3103 4366 3218 4412 arte
3246 4371 3378 4428 Opus
3423 4369 3505 4412 est
3528 4398 3542 4423 ,

1971 4452 2026 4499 ut
2072 4443 2195 4514 a‘gri
2225 4443 2554 4498 sacerdotum
2588 4444 2836 4499 remediis
2884 4444 3117 4500 liberator
3173 4461 3233 4500 se
3284 4448 3547 4516 subjicere

1971 4533 2291 4588 suadeantur
2320 4550 2333 4585 :
2363 4548 2535 4603 neque
2564 4533 2612 4587 id
2644 4536 2812 4588 solum
2832 4574 2850 4601 ,
2876 4535 2969 4588 sed
3016 4545 3071 4590 ut
3098 4538 3255 4592 etiam
3305 4537 3406 4592 illis
3436 4555 3546 4592 ute-

1972 4623 2105 4678 delre
2128 4626 2354 4693 gratiam
2398 4623 2646 4678 habeant.
2697 4623 2828 4678 Nam
2856 4625 2901 4679 si
2932 4626 3050 4695 quis
3100 4626 3308 4684 vinetus
3352 4629 3552 4684 resiliat

1972 4715 2047 4785 (id
2088 4715 2228 4771 enim
2260 4731 2422 4784 penes
2451 4716 2621 4784 ipsum
2646 4717 2774 4786 est),
2819 4717 3036 4786 gravius
3085 4718 3187 4773 sibi
3225 4719 3418 4773 malum
3467 4719 3549 4773 ef.

1973 4807 2123 4871 ficit;
2166 4807 2211 4863 si
2251 4808 2520 4863 monentis
2550 4806 2741 4870 verba,
2776 4806 2902 4863 ferri
2956 4824 3105 4863 more
3133 4811 3362 4864 secantia
3389 4850 3404 4873 ,
3460 4826 3547 4865 re-

1971 4897 2176 4966 spuerit
2201 4937 2215 4961 ,
2246 4907 2551 4967 eontemptu
2606 4912 2705 4952 suo
2736 4897 2877 4952 aliud
2908 4898 3007 4953 sibi
3038 4899 3225 4952 vulnus
3253 4899 3452 4967 adjicit,
3487 4916 3550 4955 ac

1971 4988 2193 5043 medela:
2230 4988 2508 5042 occasione
2550 4987 2961 5043 vehementioris
2988 4989 3157 5043 morbi
3183 5003 3338 5043 causa
3380 4990 3551 5042 nasci-

1973 5090 2058 5133 tur
2088 5097 2100 5132 :
2131 5094 2302 5148 neque
2330 5082 2471 5134 enim
2508 5087 2593 5133 est
2618 5079 2706 5147 qui
2739 5079 2843 5132 vim
2868 5077 3055 5133 afferat
3081 5120 3095 5144 ,
3130 5092 3228 5133 nec
3249 5078 3336 5148 qui
3361 5092 3549 5132 curare

1974 5172 2196 5226 invitum
2248 5170 2433 5239 possit.

2043 5262 2095 5316 ι.
2129 5261 2258 5316 Rem
2303 5276 2406 5314 esse
2460 5259 2659 5330 plenam
2710 5258 3051 5329 difﬁcultatum
3094 5274 3157 5311 ac
3195 5258 3552 5325 periculorum.

1970 5381 2042 5392 —
2059 5350 2193 5419 Quid
2223 5350 2380 5420 igitur
2398 5350 2657 5419 agendum
2679 5350 2702 5403 ?
2723 5350 2931 5405 Etenim
2983 5350 3026 5403 si
3058 5348 3238 5402 mitius
3280 5361 3406 5418 agas
3431 5362 3554 5401 eum

1969 5459 2056 5508 eo,
2082 5442 2170 5513 qui
2188 5458 2373 5512 magna
2401 5440 2636 5495 sectione
2679 5456 2813 5510 Opus
2843 5439 3021 5505 habet,
3052 5454 3223 5508 neque
3242 5438 3553 5510 profundam

1971 5550 2104 5604 Opus
2133 5533 2343 5586 habenti
2375 5531 2579 5601 plagam
2608 5531 2829 5599 infligas,
2857 5538 3061 5598 partem
3111 5529 3348 5585 vulneris
3371 5529 3555 5582 abstu-

1973 5627 2093 5691 lisli,
2113 5633 2316 5696 partem
2347 5624 2598 5693 reliquisti
2621 5640 2634 5687 ;
2665 5624 2745 5677 sin
2775 5622 3078 5692 requisitam
3097 5623 3381 5677 sectionem
3409 5634 3559 5690 pror-

1971 5732 2062 5774 sus
2081 5717 2408 5786 adhibueris,
2436 5731 2581 5789 sarpe
2614 5716 2699 5772 ille
2727 5715 2925 5771 doloris
2975 5714 3297 5787 impatientia
3324 5712 3557 5767 animum
