  <div class='ocr_page' id='page_1' title='image "/cluster/home/n/w/nwhite01/storage/ocr_20150623/48/hvd.32044073501892/113.png"; bbox 0 0 3944 6202; ppageno 0'>
   <div class='ocr_carea' id='block_1_1' title="bbox 425 318 527 378">
    <p class='ocr_par' dir='ltr' id='par_1_1' title="bbox 425 318 527 378">
     <span class='ocr_line' id='line_1_1' title="bbox 425 318 527 378; baseline -0.088 0"><span class='ocrx_word' id='word_1_1' title='bbox 425 318 527 378; x_wconf 74' lang='grc'><strong>655</strong></span> 
     </span>
    </p>
   </div>
   <div class='ocr_carea' id='block_1_2' title="bbox 423 425 2000 498">
    <p class='ocr_par' dir='ltr' id='par_1_2' title="bbox 423 425 2000 498">
     <span class='ocr_line' id='line_1_2' title="bbox 423 425 2000 498; baseline -0.001 -17"><span class='ocrx_word' id='word_1_2' title='bbox 423 425 786 498; x_wconf 81' lang='lat' dir='ltr'><strong>despondeas,</strong></span> <span class='ocrx_word' id='word_1_3' title='bbox 809 427 1054 483; x_wconf 90' lang='lat' dir='ltr'><strong>omnibus</strong></span> <span class='ocrx_word' id='word_1_4' title='bbox 1099 426 1377 482; x_wconf 70' lang='lat' dir='ltr'><strong>confertim</strong></span> <span class='ocrx_word' id='word_1_5' title='bbox 1411 427 1647 495; x_wconf 73' lang='lat' dir='ltr'><strong>rejectis,</strong></span> <span class='ocrx_word' id='word_1_6' title='bbox 1671 436 1787 481; x_wconf 83' lang='lat' dir='ltr'><strong>tum</strong></span> <span class='ocrx_word' id='word_1_7' title='bbox 1831 426 2000 482; x_wconf 67' lang='lat' dir='ltr'><strong>medi.</strong></span> 
     </span>
    </p>
   </div>
   <div class='ocr_carea' id='block_1_3' title="bbox 422 519 2011 591">
    <p class='ocr_par' dir='ltr' id='par_1_3' title="bbox 422 519 2011 591">
     <span class='ocr_line' id='line_1_3' title="bbox 422 519 2011 591; baseline -0.002 -15"><span class='ocrx_word' id='word_1_8' title='bbox 422 520 564 587; x_wconf 90' lang='lat' dir='ltr'><strong>cina,</strong></span> <span class='ocrx_word' id='word_1_9' title='bbox 598 530 706 575; x_wconf 90' lang='lat' dir='ltr'><strong>tum</strong></span> <span class='ocrx_word' id='word_1_10' title='bbox 763 519 1031 591; x_wconf 77' lang='lat' dir='ltr'><strong>ligamine,</strong></span> <span class='ocrx_word' id='word_1_11' title='bbox 1063 519 1294 588; x_wconf 83' lang='lat' dir='ltr'><strong>seipsnm</strong></span> <span class='ocrx_word' id='word_1_12' title='bbox 1334 519 1653 589; x_wconf 85' lang='lat' dir='ltr'><strong>praecipitem</strong></span> <span class='ocrx_word' id='word_1_13' title='bbox 1690 519 1854 585; x_wconf 86' lang='lat' dir='ltr'><strong>dabit,</strong></span> <span class='ocrx_word' id='word_1_14' title='bbox 1882 533 2011 573; x_wconf 90' lang='lat' dir='ltr'><strong>con-</strong></span> 
     </span>
    </p>
   </div>
   <div class='ocr_carea' id='block_1_4' title="bbox 423 610 2005 683">
    <p class='ocr_par' dir='ltr' id='par_1_4' title="bbox 423 610 2005 683">
     <span class='ocr_line' id='line_1_4' title="bbox 423 610 2005 683; baseline -0.001 -16"><span class='ocrx_word' id='word_1_15' title='bbox 423 612 696 683; x_wconf 89' lang='lat' dir='ltr'><strong>lritojugo</strong></span> <span class='ocrx_word' id='word_1_16' title='bbox 717 627 781 667; x_wconf 89' lang='lat' dir='ltr'><strong>ac</strong></span> <span class='ocrx_word' id='word_1_17' title='bbox 817 611 1086 668; x_wconf 83' lang='lat' dir='ltr'><strong>confracto</strong></span> <span class='ocrx_word' id='word_1_18' title='bbox 1134 610 1363 665; x_wconf 87' lang='lat' dir='ltr'><strong>vinculo.</strong></span> <span class='ocrx_word' id='word_1_19' title='bbox 1411 610 1667 680; x_wconf 84' lang='lat' dir='ltr'><strong>Equidem</strong></span> <span class='ocrx_word' id='word_1_20' title='bbox 1697 611 1890 665; x_wconf 89' lang='lat' dir='ltr'><strong>multos</strong></span> <span class='ocrx_word' id='word_1_21' title='bbox 1918 626 2005 666; x_wconf 83' lang='lat' dir='ltr'><strong>re-</strong></span> 
     </span>
    </p>
   </div>
   <div class='ocr_carea' id='block_1_5' title="bbox 423 701 2008 771">
    <p class='ocr_par' dir='ltr' id='par_1_5' title="bbox 423 701 2008 771">
     <span class='ocr_line' id='line_1_5' title="bbox 423 701 2008 771; baseline 0 -13"><span class='ocrx_word' id='word_1_22' title='bbox 423 717 643 758; x_wconf 88' lang='lat' dir='ltr'><strong>censere</strong></span> <span class='ocrx_word' id='word_1_23' title='bbox 667 717 876 771; x_wconf 88' lang='lat' dir='ltr'><strong>possem</strong></span> <span class='ocrx_word' id='word_1_24' title='bbox 916 702 968 756; x_wconf 90' lang='lat' dir='ltr'><strong>in</strong></span> <span class='ocrx_word' id='word_1_25' title='bbox 1013 710 1248 756; x_wconf 85' lang='lat' dir='ltr'><strong>extrema</strong></span> <span class='ocrx_word' id='word_1_26' title='bbox 1288 701 1423 755; x_wconf 86' lang='lat' dir='ltr'><strong>mala</strong></span> <span class='ocrx_word' id='word_1_27' title='bbox 1472 701 1744 768; x_wconf 86' lang='lat' dir='ltr'><strong>deductos,</strong></span> <span class='ocrx_word' id='word_1_28' title='bbox 1771 701 1912 771; x_wconf 88' lang='lat' dir='ltr'><strong>quod</strong></span> <span class='ocrx_word' id='word_1_29' title='bbox 1940 704 2008 759; x_wconf 89' lang='lat' dir='ltr'><strong>ab</strong></span> 
     </span>
    </p>
   </div>
   <div class='ocr_carea' id='block_1_6' title="bbox 424 793 2006 865">
    <p class='ocr_par' dir='ltr' id='par_1_6' title="bbox 424 793 2006 865">
     <span class='ocr_line' id='line_1_6' title="bbox 424 793 2006 865; baseline -0.002 -15"><span class='ocrx_word' id='word_1_30' title='bbox 424 798 503 851; x_wconf 89' lang='lat' dir='ltr'><strong>eis</strong></span> <span class='ocrx_word' id='word_1_31' title='bbox 528 809 682 865; x_wconf 72' lang='lat' dir='ltr'><strong>pmna</strong></span> <span class='ocrx_word' id='word_1_32' title='bbox 729 795 956 865; x_wconf 92' lang='lat' dir='ltr'><strong>peccatis</strong></span> <span class='ocrx_word' id='word_1_33' title='bbox 986 808 1081 863; x_wconf 88' lang='lat' dir='ltr'><strong>par</strong></span> <span class='ocrx_word' id='word_1_34' title='bbox 1113 801 1505 863; x_wconf 89' lang='lat' dir='ltr'><strong>exposceretur.</strong></span> <span class='ocrx_word' id='word_1_35' title='bbox 1557 793 1736 863; x_wconf 82' lang='lat' dir='ltr'><strong>Neque</strong></span> <span class='ocrx_word' id='word_1_36' title='bbox 1761 795 1897 848; x_wconf 91' lang='lat' dir='ltr'><strong>enim</strong></span> <span class='ocrx_word' id='word_1_37' title='bbox 1925 802 2006 847; x_wconf 80' lang='lat' dir='ltr'><strong>te-</strong></span> 
     </span>
    </p>
   </div>
   <div class='ocr_carea' id='block_1_7' title="bbox 423 885 2005 956">
    <p class='ocr_par' dir='ltr' id='par_1_7' title="bbox 423 885 2005 956">
     <span class='ocr_line' id='line_1_7' title="bbox 423 885 2005 956; baseline -0.003 -13"><span class='ocrx_word' id='word_1_38' title='bbox 423 904 570 943; x_wconf 88' lang='lat' dir='ltr'><strong>mere</strong></span> <span class='ocrx_word' id='word_1_39' title='bbox 597 887 662 942; x_wconf 91' lang='lat' dir='ltr'><strong>ad</strong></span> <span class='ocrx_word' id='word_1_40' title='bbox 694 895 1023 956; x_wconf 77' lang='lat' dir='ltr'><strong>peccatorum</strong></span> <span class='ocrx_word' id='word_1_41' title='bbox 1047 885 1258 939; x_wconf 89' lang='lat' dir='ltr'><strong>modum</strong></span> <span class='ocrx_word' id='word_1_42' title='bbox 1285 893 1492 954; x_wconf 83' lang='lat' dir='ltr'><strong>Oportet</strong></span> <span class='ocrx_word' id='word_1_43' title='bbox 1533 895 1585 939; x_wconf 90' lang='lat' dir='ltr'><strong>et</strong></span> <span class='ocrx_word' id='word_1_44' title='bbox 1612 899 1820 954; x_wconf 76' lang='lat' dir='ltr'><strong>pcenam</strong></span> <span class='ocrx_word' id='word_1_45' title='bbox 1851 885 2005 939; x_wconf 88' lang='lat' dir='ltr'><strong>adbi-</strong></span> 
     </span>
    </p>
   </div>
   <div class='ocr_carea' id='block_1_8' title="bbox 423 975 2001 1047">
    <p class='ocr_par' dir='ltr' id='par_1_8' title="bbox 423 975 2001 1047">
     <span class='ocr_line' id='line_1_8' title="bbox 423 975 2001 1047; baseline -0.004 -12"><span class='ocrx_word' id='word_1_46' title='bbox 423 978 551 1035; x_wconf 87' lang='lat' dir='ltr'><strong>bere</strong></span> <span class='ocrx_word' id='word_1_47' title='bbox 578 995 594 1045; x_wconf 89' lang='lat'><strong>;</strong></span> <span class='ocrx_word' id='word_1_48' title='bbox 643 978 736 1033; x_wconf 90' lang='lat' dir='ltr'><strong>sed</strong></span> <span class='ocrx_word' id='word_1_49' title='bbox 768 978 1093 1047; x_wconf 89' lang='lat' dir='ltr'><strong>peccantium</strong></span> <span class='ocrx_word' id='word_1_50' title='bbox 1120 977 1441 1047; x_wconf 89' lang='lat' dir='ltr'><strong>propositum</strong></span> <span class='ocrx_word' id='word_1_51' title='bbox 1491 975 1870 1045; x_wconf 81' lang='lat' dir='ltr'><strong>explorandum</strong></span> <span class='ocrx_word' id='word_1_52' title='bbox 1899 984 2001 1041; x_wconf 88' lang='lat' dir='ltr'><strong>est,</strong></span> 
     </span>
    </p>
   </div>
   <div class='ocr_carea' id='block_1_9' title="bbox 424 1071 2002 1143">
    <p class='ocr_par' dir='ltr' id='par_1_9' title="bbox 424 1071 2002 1143">
     <span class='ocr_line' id='line_1_9' title="bbox 424 1071 2002 1143; baseline -0.003 -15"><span class='ocrx_word' id='word_1_53' title='bbox 424 1089 514 1138; x_wconf 88' lang='lat' dir='ltr'><strong>ne,</strong></span> <span class='ocrx_word' id='word_1_54' title='bbox 536 1073 659 1127; x_wconf 92' lang='lat' dir='ltr'><strong>dum</strong></span> <span class='ocrx_word' id='word_1_55' title='bbox 687 1073 825 1143; x_wconf 90' lang='lat' dir='ltr'><strong>quod</strong></span> <span class='ocrx_word' id='word_1_56' title='bbox 857 1073 1079 1127; x_wconf 87' lang='lat' dir='ltr'><strong>scissum</strong></span> <span class='ocrx_word' id='word_1_57' title='bbox 1124 1080 1205 1125; x_wconf 86' lang='lat' dir='ltr'><strong>est</strong></span> <span class='ocrx_word' id='word_1_58' title='bbox 1245 1086 1502 1126; x_wconf 83' lang='lat' dir='ltr'><strong>consuere</strong></span> <span class='ocrx_word' id='word_1_59' title='bbox 1545 1072 1645 1136; x_wconf 83' lang='lat' dir='ltr'><strong>vis,</strong></span> <span class='ocrx_word' id='word_1_60' title='bbox 1688 1071 2002 1125; x_wconf 85' lang='lat' dir='ltr'><strong>deteriorem</strong></span> 
     </span>
    </p>
   </div>
   <div class='ocr_carea' id='block_1_10' title="bbox 421 1159 1999 1230">
    <p class='ocr_par' dir='ltr' id='par_1_10' title="bbox 421 1159 1999 1230">
     <span class='ocr_line' id='line_1_10' title="bbox 421 1159 1999 1230; baseline -0.004 -12"><span class='ocrx_word' id='word_1_61' title='bbox 421 1164 705 1218; x_wconf 78' lang='lat' dir='ltr'><strong>scissuram</strong></span> <span class='ocrx_word' id='word_1_62' title='bbox 735 1160 919 1227; x_wconf 80' lang='lat' dir='ltr'><strong>facias,</strong></span> <span class='ocrx_word' id='word_1_63' title='bbox 945 1177 1070 1226; x_wconf 91' lang='lat' dir='ltr'><strong>neu,</strong></span> <span class='ocrx_word' id='word_1_64' title='bbox 1099 1160 1223 1215; x_wconf 88' lang='lat' dir='ltr'><strong>dum</strong></span> <span class='ocrx_word' id='word_1_65' title='bbox 1243 1160 1447 1230; x_wconf 87' lang='lat' dir='ltr'><strong>lapsum</strong></span> <span class='ocrx_word' id='word_1_66' title='bbox 1486 1160 1771 1214; x_wconf 87' lang='lat' dir='ltr'><strong>emendare</strong></span> <span class='ocrx_word' id='word_1_67' title='bbox 1797 1159 1999 1226; x_wconf 89' lang='lat' dir='ltr'><strong>studes,</strong></span> 
     </span>
    </p>
   </div>
   <div class='ocr_carea' id='block_1_11' title="bbox 423 1241 2002 1324">
    <p class='ocr_par' dir='ltr' id='par_1_11' title="bbox 423 1241 2002 1324">
     <span class='ocr_line' id='line_1_11' title="bbox 423 1241 2002 1324; baseline -0.003 -16"><span class='ocrx_word' id='word_1_68' title='bbox 423 1255 677 1324; x_wconf 85' lang='lat' dir='ltr'><strong>majorem</strong></span> <span class='ocrx_word' id='word_1_69' title='bbox 706 1253 912 1307; x_wconf 89' lang='lat' dir='ltr'><strong>ruinam</strong></span> <span class='ocrx_word' id='word_1_70' title='bbox 937 1268 1105 1322; x_wconf 88' lang='lat' dir='ltr'><strong>pares.</strong></span> <span class='ocrx_word' id='word_1_71' title='bbox 1127 1241 1257 1307; x_wconf 83' lang='lat' dir='ltr'><strong>Nam</strong></span> <span class='ocrx_word' id='word_1_72' title='bbox 1274 1252 1360 1322; x_wconf 88' lang='lat' dir='ltr'><strong>qui</strong></span> <span class='ocrx_word' id='word_1_73' title='bbox 1381 1252 1573 1306; x_wconf 90' lang='lat' dir='ltr'><strong>inﬁrmi</strong></span> <span class='ocrx_word' id='word_1_74' title='bbox 1595 1262 1715 1306; x_wconf 88' lang='lat' dir='ltr'><strong>sunt</strong></span> <span class='ocrx_word' id='word_1_75' title='bbox 1731 1267 1792 1305; x_wconf 89' lang='lat' dir='ltr'><strong>ac</strong></span> <span class='ocrx_word' id='word_1_76' title='bbox 1814 1251 2002 1306; x_wconf 84' lang='lat' dir='ltr'><strong>remis-</strong></span> 
     </span>
    </p>
   </div>
   <div class='ocr_carea' id='block_1_12' title="bbox 422 1343 2001 1414">
    <p class='ocr_par' dir='ltr' id='par_1_12' title="bbox 422 1343 2001 1414">
     <span class='ocr_line' id='line_1_12' title="bbox 422 1343 2001 1414; baseline -0.001 -15"><span class='ocrx_word' id='word_1_77' title='bbox 422 1344 489 1407; x_wconf 83' lang='lat' dir='ltr'><strong>si,</strong></span> <span class='ocrx_word' id='word_1_78' title='bbox 517 1345 786 1414; x_wconf 76' lang='lat' dir='ltr'><strong>magisque</strong></span> <span class='ocrx_word' id='word_1_79' title='bbox 809 1343 987 1398; x_wconf 91' lang='lat' dir='ltr'><strong>mundi</strong></span> <span class='ocrx_word' id='word_1_80' title='bbox 1014 1344 1218 1399; x_wconf 92' lang='lat' dir='ltr'><strong>deliciis</strong></span> <span class='ocrx_word' id='word_1_81' title='bbox 1243 1343 1455 1408; x_wconf 85' lang='lat' dir='ltr'><strong>irretiti,</strong></span> <span class='ocrx_word' id='word_1_82' title='bbox 1500 1344 1695 1413; x_wconf 84' lang='lat' dir='ltr'><strong>quique</strong></span> <span class='ocrx_word' id='word_1_83' title='bbox 1717 1360 1776 1396; x_wconf 88' lang='lat' dir='ltr'><strong>ex</strong></span> <span class='ocrx_word' id='word_1_84' title='bbox 1808 1358 2001 1413; x_wconf 87' lang='lat' dir='ltr'><strong>genere</strong></span> 
     </span>
    </p>
   </div>
   <div class='ocr_carea' id='block_1_13' title="bbox 422 1436 2001 1508">
    <p class='ocr_par' dir='ltr' id='par_1_13' title="bbox 422 1436 2001 1508">
     <span class='ocr_line' id='line_1_13' title="bbox 422 1436 2001 1508; baseline -0.001 -17"><span class='ocrx_word' id='word_1_85' title='bbox 422 1446 479 1493; x_wconf 92' lang='lat' dir='ltr'><strong>et</strong></span> <span class='ocrx_word' id='word_1_86' title='bbox 505 1437 735 1508; x_wconf 89' lang='lat' dir='ltr'><strong>potentia</strong></span> <span class='ocrx_word' id='word_1_87' title='bbox 776 1437 938 1491; x_wconf 89' lang='lat' dir='ltr'><strong>altum</strong></span> <span class='ocrx_word' id='word_1_88' title='bbox 961 1452 1149 1506; x_wconf 80' lang='lat' dir='ltr'><strong>sapere</strong></span> <span class='ocrx_word' id='word_1_89' title='bbox 1176 1445 1413 1506; x_wconf 83' lang='lat' dir='ltr'><strong>possunt,</strong></span> <span class='ocrx_word' id='word_1_90' title='bbox 1446 1436 1478 1490; x_wconf 93' lang='lat' dir='ltr'><strong>ii</strong></span> <span class='ocrx_word' id='word_1_91' title='bbox 1502 1436 1695 1491; x_wconf 85' lang='lat' dir='ltr'><strong>sensim</strong></span> <span class='ocrx_word' id='word_1_92' title='bbox 1728 1436 2001 1504; x_wconf 84' lang='lat' dir='ltr'><strong>paulatim-</strong></span> 
     </span>
    </p>
   </div>
   <div class='ocr_carea' id='block_1_14' title="bbox 427 1526 1998 1597">
    <p class='ocr_par' dir='ltr' id='par_1_14' title="bbox 427 1526 1998 1597">
     <span class='ocr_line' id='line_1_14' title="bbox 427 1526 1998 1597; baseline -0.001 -16"><span class='ocrx_word' id='word_1_93' title='bbox 427 1543 530 1597; x_wconf 90' lang='lat' dir='ltr'><strong>que</strong></span> <span class='ocrx_word' id='word_1_94' title='bbox 559 1542 588 1580; x_wconf 93' lang='lat' dir='ltr'><strong>a</strong></span> <span class='ocrx_word' id='word_1_95' title='bbox 619 1526 868 1597; x_wconf 84' lang='lat' dir='ltr'><strong>peccandi</strong></span> <span class='ocrx_word' id='word_1_96' title='bbox 899 1526 1281 1581; x_wconf 87' lang='lat' dir='ltr'><strong>consuetudine</strong></span> <span class='ocrx_word' id='word_1_97' title='bbox 1308 1527 1528 1591; x_wconf 85' lang='lat' dir='ltr'><strong>retrahi,</strong></span> <span class='ocrx_word' id='word_1_98' title='bbox 1549 1542 1611 1582; x_wconf 91' lang='lat' dir='ltr'><strong>ac</strong></span> <span class='ocrx_word' id='word_1_99' title='bbox 1640 1528 1682 1580; x_wconf 89' lang='lat' dir='ltr'><strong>si</strong></span> <span class='ocrx_word' id='word_1_100' title='bbox 1710 1542 1813 1581; x_wconf 92' lang='lat' dir='ltr'><strong>non</strong></span> <span class='ocrx_word' id='word_1_101' title='bbox 1846 1526 1998 1596; x_wconf 87' lang='lat' dir='ltr'><strong>peni-</strong></span> 
     </span>
    </p>
   </div>
   <div class='ocr_carea' id='block_1_15' title="bbox 424 1619 1999 1689">
    <p class='ocr_par' dir='ltr' id='par_1_15' title="bbox 424 1619 1999 1689">
     <span class='ocr_line' id='line_1_15' title="bbox 424 1619 1999 1689; baseline 0 -16"><span class='ocrx_word' id='word_1_102' title='bbox 424 1630 530 1686; x_wconf 89' lang='lat' dir='ltr'><strong>tus,</strong></span> <span class='ocrx_word' id='word_1_103' title='bbox 566 1620 755 1689; x_wconf 90' lang='lat' dir='ltr'><strong>partim</strong></span> <span class='ocrx_word' id='word_1_104' title='bbox 780 1621 964 1675; x_wconf 89' lang='lat' dir='ltr'><strong>saltem</strong></span> <span class='ocrx_word' id='word_1_105' title='bbox 992 1620 1060 1674; x_wconf 86' lang='lat' dir='ltr'><strong>ab</strong></span> <span class='ocrx_word' id='word_1_106' title='bbox 1105 1620 1190 1686; x_wconf 90' lang='lat' dir='ltr'><strong>iis,</strong></span> <span class='ocrx_word' id='word_1_107' title='bbox 1247 1620 1437 1689; x_wconf 88' lang='lat' dir='ltr'><strong>quibus</strong></span> <span class='ocrx_word' id='word_1_108' title='bbox 1478 1619 1801 1686; x_wconf 85' lang='lat' dir='ltr'><strong>detinentur,</strong></span> <span class='ocrx_word' id='word_1_109' title='bbox 1849 1620 1999 1673; x_wconf 91' lang='lat' dir='ltr'><strong>malis</strong></span> 
     </span>
    </p>
   </div>
   <div class='ocr_carea' id='block_1_16' title="bbox 423 1709 1993 1780">
    <p class='ocr_par' dir='ltr' id='par_1_16' title="bbox 423 1709 1993 1780">
     <span class='ocr_line' id='line_1_16' title="bbox 423 1709 1993 1780; baseline -0.001 -16"><span class='ocrx_word' id='word_1_110' title='bbox 423 1709 636 1765; x_wconf 87' lang='lat' dir='ltr'><strong>liberari</strong></span> <span class='ocrx_word' id='word_1_111' title='bbox 668 1712 869 1779; x_wconf 83' lang='lat' dir='ltr'><strong>possint</strong></span> <span class='ocrx_word' id='word_1_112' title='bbox 894 1727 908 1764; x_wconf 89' lang='lat'><strong>:</strong></span> <span class='ocrx_word' id='word_1_113' title='bbox 935 1710 1124 1780; x_wconf 85' lang='lat' dir='ltr'><strong>quibus</strong></span> <span class='ocrx_word' id='word_1_114' title='bbox 1149 1711 1191 1764; x_wconf 90' lang='lat' dir='ltr'><strong>si</strong></span> <span class='ocrx_word' id='word_1_115' title='bbox 1222 1711 1395 1763; x_wconf 87' lang='lat' dir='ltr'><strong>statim</strong></span> <span class='ocrx_word' id='word_1_116' title='bbox 1417 1711 1806 1778; x_wconf 86' lang='lat' dir='ltr'><strong>correptiouem</strong></span> <span class='ocrx_word' id='word_1_117' title='bbox 1837 1711 1993 1763; x_wconf 67' lang='lat' dir='ltr'><strong>indu-</strong></span> 
     </span>
    </p>
   </div>
   <div class='ocr_carea' id='block_1_17' title="bbox 424 1802 1996 1871">
    <p class='ocr_par' dir='ltr' id='par_1_17' title="bbox 424 1802 1996 1871">
     <span class='ocr_line' id='line_1_17' title="bbox 424 1802 1996 1871; baseline -0.001 -15"><span class='ocrx_word' id='word_1_118' title='bbox 424 1816 538 1867; x_wconf 89' lang='lat' dir='ltr'><strong>cas,</strong></span> <span class='ocrx_word' id='word_1_119' title='bbox 581 1803 738 1855; x_wconf 88' lang='lat' dir='ltr'><strong>etiam</strong></span> <span class='ocrx_word' id='word_1_120' title='bbox 771 1804 973 1857; x_wconf 89' lang='lat' dir='ltr'><strong>minore</strong></span> <span class='ocrx_word' id='word_1_121' title='bbox 1025 1803 1108 1856; x_wconf 88' lang='lat' dir='ltr'><strong>illa</strong></span> <span class='ocrx_word' id='word_1_122' title='bbox 1142 1802 1508 1856; x_wconf 86' lang='lat' dir='ltr'><strong>emendatione</strong></span> <span class='ocrx_word' id='word_1_123' title='bbox 1535 1802 1779 1871; x_wconf 81' lang='lat' dir='ltr'><strong>privabis.</strong></span> <span class='ocrx_word' id='word_1_124' title='bbox 1811 1803 1996 1855; x_wconf 86' lang='lat' dir='ltr'><strong>Anima</strong></span> 
     </span>
    </p>
   </div>
   <div class='ocr_carea' id='block_1_18' title="bbox 424 1893 1998 1963">
    <p class='ocr_par' dir='ltr' id='par_1_18' title="bbox 424 1893 1998 1963">
     <span class='ocr_line' id='line_1_18' title="bbox 424 1893 1998 1963; baseline 0.001 -17"><span class='ocrx_word' id='word_1_125' title='bbox 424 1893 620 1963; x_wconf 88' lang='lat' dir='ltr'><strong>quippe</strong></span> <span class='ocrx_word' id='word_1_126' title='bbox 640 1894 915 1949; x_wconf 83' lang='lat' dir='ltr'><strong>confestim</strong></span> <span class='ocrx_word' id='word_1_127' title='bbox 960 1895 1011 1948; x_wconf 90' lang='lat' dir='ltr'><strong>in</strong></span> <span class='ocrx_word' id='word_1_128' title='bbox 1040 1895 1283 1948; x_wconf 85' lang='lat' dir='ltr'><strong>ruborem</strong></span> <span class='ocrx_word' id='word_1_129' title='bbox 1312 1903 1423 1947; x_wconf 89' lang='lat' dir='ltr'><strong>acta</strong></span> <span class='ocrx_word' id='word_1_130' title='bbox 1458 1895 1511 1947; x_wconf 91' lang='lat' dir='ltr'><strong>in</strong></span> <span class='ocrx_word' id='word_1_131' title='bbox 1554 1893 1892 1948; x_wconf 90' lang='lat' dir='ltr'><strong>indolentiam</strong></span> <span class='ocrx_word' id='word_1_132' title='bbox 1922 1894 1998 1947; x_wconf 86' lang='lat' dir='ltr'><strong>la-</strong></span> 
     </span>
    </p>
   </div>
   <div class='ocr_carea' id='block_1_19' title="bbox 427 1983 1995 2054">
    <p class='ocr_par' dir='ltr' id='par_1_19' title="bbox 427 1983 1995 2054">
     <span class='ocr_line' id='line_1_19' title="bbox 427 1983 1995 2054; baseline 0.001 -19"><span class='ocrx_word' id='word_1_133' title='bbox 427 1983 586 2050; x_wconf 89' lang='lat' dir='ltr'><strong>bitur,</strong></span> <span class='ocrx_word' id='word_1_134' title='bbox 619 1999 788 2054; x_wconf 89' lang='lat' dir='ltr'><strong>neque</strong></span> <span class='ocrx_word' id='word_1_135' title='bbox 819 1984 1023 2038; x_wconf 81' lang='lat' dir='ltr'><strong>blandis</strong></span> <span class='ocrx_word' id='word_1_136' title='bbox 1051 1993 1228 2053; x_wconf 86' lang='lat' dir='ltr'><strong>postea</strong></span> <span class='ocrx_word' id='word_1_137' title='bbox 1276 1985 1453 2038; x_wconf 85' lang='lat' dir='ltr'><strong>verbis</strong></span> <span class='ocrx_word' id='word_1_138' title='bbox 1493 1993 1658 2053; x_wconf 88' lang='lat' dir='ltr'><strong>paret,</strong></span> <span class='ocrx_word' id='word_1_139' title='bbox 1694 2000 1863 2053; x_wconf 89' lang='lat' dir='ltr'><strong>neque</strong></span> <span class='ocrx_word' id='word_1_140' title='bbox 1894 1985 1995 2037; x_wconf 89' lang='lat' dir='ltr'><strong>mi-</strong></span> 
     </span>
    </p>
   </div>
   <div class='ocr_carea' id='block_1_20' title="bbox 426 2073 1995 2140">
    <p class='ocr_par' dir='ltr' id='par_1_20' title="bbox 426 2073 1995 2140">
     <span class='ocr_line' id='line_1_20' title="bbox 426 2073 1995 2140; baseline 0.001 -13"><span class='ocrx_word' id='word_1_141' title='bbox 426 2073 509 2127; x_wconf 88' lang='lat' dir='ltr'><strong>nis</strong></span> <span class='ocrx_word' id='word_1_142' title='bbox 530 2074 774 2140; x_wconf 84' lang='lat' dir='ltr'><strong>ﬂectitur,</strong></span> <span class='ocrx_word' id='word_1_143' title='bbox 806 2075 1188 2129; x_wconf 89' lang='lat' dir='ltr'><strong>necheneﬁciis</strong></span> <span class='ocrx_word' id='word_1_144' title='bbox 1218 2085 1494 2138; x_wconf 87' lang='lat' dir='ltr'><strong>movetur;</strong></span> <span class='ocrx_word' id='word_1_145' title='bbox 1527 2074 1619 2127; x_wconf 86' lang='lat' dir='ltr'><strong>sed</strong></span> <span class='ocrx_word' id='word_1_146' title='bbox 1661 2075 1824 2128; x_wconf 91' lang='lat' dir='ltr'><strong>multo</strong></span> <span class='ocrx_word' id='word_1_147' title='bbox 1845 2075 1995 2129; x_wconf 84' lang='lat' dir='ltr'><strong>dete-</strong></span> 
     </span>
    </p>
   </div>
   <div class='ocr_carea' id='block_1_21' title="bbox 425 2162 1996 2234">
    <p class='ocr_par' dir='ltr' id='par_1_21' title="bbox 425 2162 1996 2234">
     <span class='ocr_line' id='line_1_21' title="bbox 425 2162 1996 2234; baseline 0.003 -19"><span class='ocrx_word' id='word_1_148' title='bbox 425 2163 535 2216; x_wconf 86' lang='lat' dir='ltr'><strong>rior</strong></span> <span class='ocrx_word' id='word_1_149' title='bbox 560 2162 789 2217; x_wconf 86' lang='lat' dir='ltr'><strong>efﬁcitur</strong></span> <span class='ocrx_word' id='word_1_150' title='bbox 832 2164 918 2217; x_wconf 90' lang='lat' dir='ltr'><strong>illa</strong></span> <span class='ocrx_word' id='word_1_151' title='bbox 944 2164 1153 2218; x_wconf 88' lang='lat' dir='ltr'><strong>civitate</strong></span> <span class='ocrx_word' id='word_1_152' title='bbox 1175 2205 1190 2229; x_wconf 95' lang='lat'><strong>,</strong></span> <span class='ocrx_word' id='word_1_153' title='bbox 1227 2179 1381 2234; x_wconf 89' lang='lat' dir='ltr'><strong>quam</strong></span> <span class='ocrx_word' id='word_1_154' title='bbox 1410 2164 1661 2233; x_wconf 84' lang='lat' dir='ltr'><strong>prepheta</strong></span> <span class='ocrx_word' id='word_1_155' title='bbox 1692 2164 1996 2233; x_wconf 74' lang='lat' dir='ltr'><strong>vituperans</strong></span> 
     </span>
    </p>
   </div>
   <div class='ocr_carea' id='block_1_22' title="bbox 421 2253 1995 2326">
    <p class='ocr_par' dir='ltr' id='par_1_22' title="bbox 421 2253 1995 2326">
     <span class='ocr_line' id='line_1_22' title="bbox 421 2253 1995 2326; baseline 0.001 -19"><span class='ocrx_word' id='word_1_156' title='bbox 421 2255 633 2308; x_wconf 83' lang='lat' dir='ltr'><strong>dicebat</strong></span> <span class='ocrx_word' id='word_1_157' title='bbox 664 2272 676 2307; x_wconf 92' lang='lat'>:</span> <span class='ocrx_word' id='word_1_158' title='bbox 720 2253 882 2308; x_wconf 79' lang='lat' dir='ltr'><strong>Facta</strong></span> <span class='ocrx_word' id='word_1_159' title='bbox 917 2264 988 2309; x_wconf 81' lang='lat' dir='ltr'><strong>est</strong></span> <span class='ocrx_word' id='word_1_160' title='bbox 1014 2255 1098 2309; x_wconf 87' lang='lat' dir='ltr'><strong>tibi</strong></span> <span class='ocrx_word' id='word_1_161' title='bbox 1143 2260 1281 2326; x_wconf 82' lang='lat' dir='ltr'><strong>frons</strong></span> <span class='ocrx_word' id='word_1_162' title='bbox 1312 2257 1604 2321; x_wconf 80' lang='lat' dir='ltr'><strong>meretricis,</strong></span> <span class='ocrx_word' id='word_1_163' title='bbox 1634 2258 1773 2326; x_wconf 85' lang='lat' dir='ltr'><strong>apud</strong></span> <span class='ocrx_word' id='word_1_164' title='bbox 1825 2271 1995 2309; x_wconf 80' lang='lat' dir='ltr'><strong>omnes</strong></span> 
     </span>
    </p>
   </div>
   <div class='ocr_carea' id='block_1_23' title="bbox 421 2340 1994 2419">
    <p class='ocr_par' dir='ltr' id='par_1_23' title="bbox 421 2340 1994 2419">
     <span class='ocr_line' id='line_1_23' title="bbox 421 2340 1994 2419; baseline 0.002 -20"><span class='ocrx_word' id='word_1_165' title='bbox 421 2347 750 2401; x_wconf 78' lang='lat' dir='ltr'><strong>inverecunde</strong></span> <span class='ocrx_word' id='word_1_166' title='bbox 769 2349 912 2419; x_wconf 76' lang='lat' dir='ltr'><strong>egisti</strong></span> <span class='ocrx_word' id='word_1_167' title='bbox 958 2348 1101 2417; x_wconf 88' lang='lat' dir='ltr'><strong>(Jer.</strong></span> <span class='ocrx_word' id='word_1_168' title='bbox 1150 2349 1203 2403; x_wconf 78' lang='grc'><strong>5.</strong></span> <span class='ocrx_word' id='word_1_169' title='bbox 1232 2350 1265 2403; x_wconf 80' lang='grc'><strong>5</strong></span> <span class='ocrx_word' id='word_1_170' title='bbox 1297 2349 1333 2417; x_wconf 87' lang='grc'><strong>).</strong></span> <span class='ocrx_word' id='word_1_171' title='bbox 1360 2340 1617 2415; x_wconf 82' lang='lat' dir='ltr'><strong>Quocirca</strong></span> <span class='ocrx_word' id='word_1_172' title='bbox 1660 2349 1821 2402; x_wconf 87' lang='lat' dir='ltr'><strong>multa</strong></span> <span class='ocrx_word' id='word_1_173' title='bbox 1862 2363 1994 2418; x_wconf 89' lang='lat' dir='ltr'><strong>opus</strong></span> 
     </span>
    </p>
   </div>
   <div class='ocr_carea' id='block_1_24' title="bbox 423 2436 1994 2507">
    <p class='ocr_par' dir='ltr' id='par_1_24' title="bbox 423 2436 1994 2507">
     <span class='ocr_line' id='line_1_24' title="bbox 423 2436 1994 2507; baseline 0.001 -17"><span class='ocrx_word' id='word_1_174' title='bbox 423 2444 504 2490; x_wconf 85' lang='lat' dir='ltr'><strong>est</strong></span> <span class='ocrx_word' id='word_1_175' title='bbox 533 2436 727 2505; x_wconf 86' lang='lat' dir='ltr'><strong>pastori</strong></span> <span class='ocrx_word' id='word_1_176' title='bbox 757 2437 1033 2506; x_wconf 85' lang='lat' dir='ltr'><strong>prudentia</strong></span> <span class='ocrx_word' id='word_1_177' title='bbox 1071 2452 1132 2492; x_wconf 84' lang='lat' dir='ltr'><strong>ac</strong></span> <span class='ocrx_word' id='word_1_178' title='bbox 1151 2438 1412 2491; x_wconf 85' lang='lat' dir='ltr'><strong>sexcentis</strong></span> <span class='ocrx_word' id='word_1_179' title='bbox 1456 2439 1639 2500; x_wconf 87' lang='lat' dir='ltr'><strong>oculis,</strong></span> <span class='ocrx_word' id='word_1_180' title='bbox 1671 2447 1727 2491; x_wconf 91' lang='lat' dir='ltr'><strong>ut</strong></span> <span class='ocrx_word' id='word_1_181' title='bbox 1764 2438 1994 2507; x_wconf 87' lang='lat' dir='ltr'><strong>nudique</strong></span> 
     </span>
    </p>
   </div>
   <div class='ocr_carea' id='block_1_25' title="bbox 421 2528 1990 2598">
    <p class='ocr_par' dir='ltr' id='par_1_25' title="bbox 421 2528 1990 2598">
     <span class='ocr_line' id='line_1_25' title="bbox 421 2528 1990 2598; baseline 0.001 -17"><span class='ocrx_word' id='word_1_182' title='bbox 421 2528 612 2581; x_wconf 77' lang='lat' dir='ltr'><strong>anima:</strong></span> <span class='ocrx_word' id='word_1_183' title='bbox 641 2538 836 2582; x_wconf 86' lang='lat' dir='ltr'><strong>statum</strong></span> <span class='ocrx_word' id='word_1_184' title='bbox 883 2529 1290 2598; x_wconf 83' lang='lat' dir='ltr'><strong>circumspiciat.</strong></span> <span class='ocrx_word' id='word_1_185' title='bbox 1341 2529 1798 2597; x_wconf 81' lang='lat' dir='ltr'><strong>Quemadmodum</strong></span> <span class='ocrx_word' id='word_1_186' title='bbox 1847 2529 1990 2583; x_wconf 85' lang='lat' dir='ltr'><strong>enim</strong></span> 
     </span>
    </p>
   </div>
   <div class='ocr_carea' id='block_1_26' title="bbox 422 2618 1993 2687">
    <p class='ocr_par' dir='ltr' id='par_1_26' title="bbox 422 2618 1993 2687">
     <span class='ocr_line' id='line_1_26' title="bbox 422 2618 1993 2687; baseline 0.001 -15"><span class='ocrx_word' id='word_1_187' title='bbox 422 2618 574 2672; x_wconf 85' lang='lat' dir='ltr'><strong>multi</strong></span> <span class='ocrx_word' id='word_1_188' title='bbox 608 2619 657 2670; x_wconf 91' lang='lat' dir='ltr'><strong>in</strong></span> <span class='ocrx_word' id='word_1_189' title='bbox 704 2620 1056 2687; x_wconf 83' lang='lat' dir='ltr'><strong>arrogantiam</strong></span> <span class='ocrx_word' id='word_1_190' title='bbox 1111 2621 1434 2673; x_wconf 87' lang='lat' dir='ltr'><strong>extolluntur</strong></span> <span class='ocrx_word' id='word_1_191' title='bbox 1459 2631 1511 2673; x_wconf 89' lang='lat' dir='ltr'><strong>et</strong></span> <span class='ocrx_word' id='word_1_192' title='bbox 1553 2621 1604 2673; x_wconf 90' lang='lat' dir='ltr'><strong>iu</strong></span> <span class='ocrx_word' id='word_1_193' title='bbox 1652 2621 1837 2674; x_wconf 83' lang='lat' dir='ltr'><strong>salutis</strong></span> <span class='ocrx_word' id='word_1_194' title='bbox 1883 2637 1993 2674; x_wconf 73' lang='lat' dir='ltr'><strong>sua:</strong></span> 
     </span>
    </p>
   </div>
   <div class='ocr_carea' id='block_1_27' title="bbox 423 2709 1992 2780">
    <p class='ocr_par' dir='ltr' id='par_1_27' title="bbox 423 2709 1992 2780">
     <span class='ocr_line' id='line_1_27' title="bbox 423 2709 1992 2780; baseline 0.001 -16"><span class='ocrx_word' id='word_1_195' title='bbox 423 2709 844 2778; x_wconf 78' lang='lat' dir='ltr'><strong>desperationem</strong></span> <span class='ocrx_word' id='word_1_196' title='bbox 865 2709 1119 2775; x_wconf 86' lang='lat' dir='ltr'><strong>incidunt,</strong></span> <span class='ocrx_word' id='word_1_197' title='bbox 1152 2709 1295 2779; x_wconf 90' lang='lat' dir='ltr'><strong>quod</strong></span> <span class='ocrx_word' id='word_1_198' title='bbox 1323 2711 1597 2764; x_wconf 87' lang='lat' dir='ltr'><strong>acerbiora</strong></span> <span class='ocrx_word' id='word_1_199' title='bbox 1628 2711 1858 2766; x_wconf 89' lang='lat' dir='ltr'><strong>remedia</strong></span> <span class='ocrx_word' id='word_1_200' title='bbox 1886 2711 1992 2780; x_wconf 89' lang='lat' dir='ltr'><strong>pati</strong></span> 
     </span>
    </p>
   </div>
   <div class='ocr_carea' id='block_1_28' title="bbox 422 2801 1993 2872">
    <p class='ocr_par' dir='ltr' id='par_1_28' title="bbox 422 2801 1993 2872">
     <span class='ocr_line' id='line_1_28' title="bbox 422 2801 1993 2872; baseline 0.001 -17"><span class='ocrx_word' id='word_1_201' title='bbox 422 2808 687 2870; x_wconf 86' lang='lat' dir='ltr'><strong>nequeant</strong></span> <span class='ocrx_word' id='word_1_202' title='bbox 716 2801 820 2854; x_wconf 87' lang='lat' dir='ltr'><strong>:ita</strong></span> <span class='ocrx_word' id='word_1_203' title='bbox 851 2809 974 2854; x_wconf 91' lang='lat' dir='ltr'><strong>sunt</strong></span> <span class='ocrx_word' id='word_1_204' title='bbox 1003 2810 1056 2855; x_wconf 93' lang='lat' dir='ltr'><strong>et</strong></span> <span class='ocrx_word' id='word_1_205' title='bbox 1083 2802 1172 2854; x_wconf 86' lang='lat' dir='ltr'><strong>alii</strong></span> <span class='ocrx_word' id='word_1_206' title='bbox 1216 2802 1326 2871; x_wconf 91' lang='lat' dir='ltr'><strong>qui,</strong></span> <span class='ocrx_word' id='word_1_207' title='bbox 1357 2801 1495 2870; x_wconf 90' lang='lat' dir='ltr'><strong>quod</strong></span> <span class='ocrx_word' id='word_1_208' title='bbox 1551 2817 1707 2871; x_wconf 87' lang='lat' dir='ltr'><strong>pares</strong></span> <span class='ocrx_word' id='word_1_209' title='bbox 1760 2804 1993 2872; x_wconf 87' lang='lat' dir='ltr'><strong>peccatis</strong></span> 
     </span>
    </p>
   </div>
   <div class='ocr_carea' id='block_1_29' title="bbox 420 2874 1991 2961">
    <p class='ocr_par' dir='ltr' id='par_1_29' title="bbox 420 2874 1991 2961">
     <span class='ocr_line' id='line_1_29' title="bbox 420 2874 1991 2961; baseline 0.001 -17"><span class='ocrx_word' id='word_1_210' title='bbox 420 2888 532 2944; x_wconf 87' lang='lat' dir='ltr'><strong>suis</strong></span> <span class='ocrx_word' id='word_1_211' title='bbox 558 2874 902 2958; x_wconf 73' lang='lat' dir='ltr'><strong>pmnasluere</strong></span> <span class='ocrx_word' id='word_1_212' title='bbox 932 2890 1122 2956; x_wconf 88' lang='lat' dir='ltr'><strong>nolint,</strong></span> <span class='ocrx_word' id='word_1_213' title='bbox 1173 2891 1225 2943; x_wconf 92' lang='lat' dir='ltr'><strong>in</strong></span> <span class='ocrx_word' id='word_1_214' title='bbox 1274 2891 1572 2961; x_wconf 75' lang='lat' dir='ltr'><strong>neglectum</strong></span> <span class='ocrx_word' id='word_1_215' title='bbox 1615 2901 1909 2958; x_wconf 85' lang='lat' dir='ltr'><strong>vertuntur,</strong></span> <span class='ocrx_word' id='word_1_216' title='bbox 1939 2902 1991 2946; x_wconf 89' lang='lat' dir='ltr'><strong>et</strong></span> 
     </span>
    </p>
   </div>
   <div class='ocr_carea' id='block_1_30' title="bbox 419 2980 1984 3052">
    <p class='ocr_par' dir='ltr' id='par_1_30' title="bbox 419 2980 1984 3052">
     <span class='ocr_line' id='line_1_30' title="bbox 419 2980 1984 3052; baseline 0.001 -17"><span class='ocrx_word' id='word_1_217' title='bbox 419 2980 584 3035; x_wconf 88' lang='lat' dir='ltr'><strong>multo</strong></span> <span class='ocrx_word' id='word_1_218' title='bbox 607 2980 898 3035; x_wconf 89' lang='lat' dir='ltr'><strong>deteriores</strong></span> <span class='ocrx_word' id='word_1_219' title='bbox 932 2982 1180 3047; x_wconf 82' lang='lat' dir='ltr'><strong>evadunt,</strong></span> <span class='ocrx_word' id='word_1_220' title='bbox 1229 2985 1590 3052; x_wconf 89' lang='lat' dir='ltr'><strong>majorcmque</strong></span> <span class='ocrx_word' id='word_1_221' title='bbox 1646 2983 1896 3051; x_wconf 88' lang='lat' dir='ltr'><strong>peccandi</strong></span> <span class='ocrx_word' id='word_1_222' title='bbox 1921 2984 1984 3036; x_wconf 89' lang='lat' dir='ltr'><strong>li-</strong></span> 
     </span>
    </p>
   </div>
   <div class='ocr_carea' id='block_1_31' title="bbox 418 3071 1988 3141">
    <p class='ocr_par' dir='ltr' id='par_1_31' title="bbox 418 3071 1988 3141">
     <span class='ocr_line' id='line_1_31' title="bbox 418 3071 1988 3141; baseline 0.001 -16"><span class='ocrx_word' id='word_1_223' title='bbox 418 3071 645 3125; x_wconf 89' lang='lat' dir='ltr'><strong>centiam</strong></span> <span class='ocrx_word' id='word_1_224' title='bbox 678 3080 948 3140; x_wconf 87' lang='lat' dir='ltr'><strong>usurpant.</strong></span> <span class='ocrx_word' id='word_1_225' title='bbox 979 3071 1118 3126; x_wconf 89' lang='lat' dir='ltr'><strong>Nihil</strong></span> <span class='ocrx_word' id='word_1_226' title='bbox 1145 3072 1320 3141; x_wconf 87' lang='lat' dir='ltr'><strong>itaque</strong></span> <span class='ocrx_word' id='word_1_227' title='bbox 1341 3071 1526 3128; x_wconf 87' lang='lat' dir='ltr'><strong>horum</strong></span> <span class='ocrx_word' id='word_1_228' title='bbox 1576 3074 1692 3126; x_wconf 84' lang='lat' dir='ltr'><strong>sine</strong></span> <span class='ocrx_word' id='word_1_229' title='bbox 1739 3073 1988 3128; x_wconf 82' lang='lat' dir='ltr'><strong>examine</strong></span> 
     </span>
    </p>
   </div>
   <div class='ocr_carea' id='block_1_32' title="bbox 418 3161 1989 3234">
    <p class='ocr_par' dir='ltr' id='par_1_32' title="bbox 418 3161 1989 3234">
     <span class='ocr_line' id='line_1_32' title="bbox 418 3161 1989 3234; baseline 0.002 -18"><span class='ocrx_word' id='word_1_230' title='bbox 418 3161 817 3232; x_wconf 88' lang='lat' dir='ltr'><strong>relinquendum</strong></span> <span class='ocrx_word' id='word_1_231' title='bbox 860 3172 959 3227; x_wconf 89' lang='lat' dir='ltr'><strong>est,</strong></span> <span class='ocrx_word' id='word_1_232' title='bbox 1014 3162 1107 3219; x_wconf 90' lang='lat' dir='ltr'><strong>sed</strong></span> <span class='ocrx_word' id='word_1_233' title='bbox 1157 3165 1404 3219; x_wconf 89' lang='lat' dir='ltr'><strong>omnibus</strong></span> <span class='ocrx_word' id='word_1_234' title='bbox 1434 3163 1535 3219; x_wconf 84' lang='lat' dir='ltr'><strong>rite</strong></span> <span class='ocrx_word' id='word_1_235' title='bbox 1559 3165 1842 3233; x_wconf 77' lang='lat' dir='ltr'><strong>exploratis</strong></span> <span class='ocrx_word' id='word_1_236' title='bbox 1874 3166 1989 3234; x_wconf 83' lang='lat' dir='ltr'><strong>epi-</strong></span> 
     </span>
    </p>
   </div>
   <div class='ocr_carea' id='block_1_33' title="bbox 416 3253 1992 3323">
    <p class='ocr_par' dir='ltr' id='par_1_33' title="bbox 416 3253 1992 3323">
     <span class='ocr_line' id='line_1_33' title="bbox 416 3253 1992 3323; baseline 0.003 -18"><span class='ocrx_word' id='word_1_237' title='bbox 416 3265 610 3320; x_wconf 87' lang='lat' dir='ltr'><strong>scopus</strong></span> <span class='ocrx_word' id='word_1_238' title='bbox 637 3264 1009 3319; x_wconf 69' lang='lat' dir='ltr'><strong>congruenter,</strong></span> <span class='ocrx_word' id='word_1_239' title='bbox 1038 3269 1157 3323; x_wconf 68' lang='lat' dir='ltr'><strong>qua:</strong></span> <span class='ocrx_word' id='word_1_240' title='bbox 1206 3253 1273 3307; x_wconf 90' lang='lat' dir='ltr'><strong>ad</strong></span> <span class='ocrx_word' id='word_1_241' title='bbox 1322 3268 1381 3308; x_wconf 91' lang='lat' dir='ltr'><strong>se</strong></span> <span class='ocrx_word' id='word_1_242' title='bbox 1429 3253 1709 3322; x_wconf 81' lang='lat' dir='ltr'><strong>pertinent,</strong></span> <span class='ocrx_word' id='word_1_243' title='bbox 1759 3254 1992 3323; x_wconf 77' lang='lat' dir='ltr'><strong>proferat</strong></span> 
     </span>
    </p>
   </div>
   <div class='ocr_carea' id='block_1_34' title="bbox 414 3341 1991 3414">
    <p class='ocr_par' dir='ltr' id='par_1_34' title="bbox 414 3341 1991 3414">
     <span class='ocr_line' id='line_1_34' title="bbox 414 3341 1991 3414; baseline 0.003 -19"><span class='ocrx_word' id='word_1_244' title='bbox 414 3348 644 3409; x_wconf 85' lang='lat' dir='ltr'><strong>oportet,</strong></span> <span class='ocrx_word' id='word_1_245' title='bbox 662 3356 730 3396; x_wconf 90' lang='lat' dir='ltr'><strong>ne</strong></span> <span class='ocrx_word' id='word_1_246' title='bbox 757 3357 946 3395; x_wconf 88' lang='lat' dir='ltr'><strong>vanam</strong></span> <span class='ocrx_word' id='word_1_247' title='bbox 975 3342 1378 3397; x_wconf 89' lang='lat' dir='ltr'><strong>sollicitudinem</strong></span> <span class='ocrx_word' id='word_1_248' title='bbox 1394 3341 1661 3396; x_wconf 88' lang='lat' dir='ltr'><strong>adhibeat.</strong></span> <span class='ocrx_word' id='word_1_249' title='bbox 1686 3342 1865 3414; x_wconf 86' lang='lat' dir='ltr'><strong>Neque</strong></span> <span class='ocrx_word' id='word_1_250' title='bbox 1891 3344 1991 3400; x_wconf 88' lang='lat' dir='ltr'><strong>hac</strong></span> 
     </span>
    </p>
   </div>
   <div class='ocr_carea' id='block_1_35' title="bbox 414 3432 1982 3499">
    <p class='ocr_par' dir='ltr' id='par_1_35' title="bbox 414 3432 1982 3499">
     <span class='ocr_line' id='line_1_35' title="bbox 414 3432 1982 3499; baseline 0.003 -13"><span class='ocrx_word' id='word_1_251' title='bbox 414 3432 470 3487; x_wconf 91' lang='lat' dir='ltr'><strong>in</strong></span> <span class='ocrx_word' id='word_1_252' title='bbox 500 3447 559 3487; x_wconf 89' lang='lat' dir='ltr'><strong>re</strong></span> <span class='ocrx_word' id='word_1_253' title='bbox 585 3441 809 3499; x_wconf 90' lang='lat' dir='ltr'><strong>tantum,</strong></span> <span class='ocrx_word' id='word_1_254' title='bbox 827 3433 920 3488; x_wconf 88' lang='lat' dir='ltr'><strong>sed</strong></span> <span class='ocrx_word' id='word_1_255' title='bbox 932 3436 1093 3489; x_wconf 89' lang='lat' dir='ltr'><strong>etiam</strong></span> <span class='ocrx_word' id='word_1_256' title='bbox 1108 3433 1167 3487; x_wconf 92' lang='lat' dir='ltr'><strong>in</strong></span> <span class='ocrx_word' id='word_1_257' title='bbox 1179 3433 1699 3490; x_wconf 66' lang='lat' dir='ltr'><strong>abscissisEcclesim</strong></span> <span class='ocrx_word' id='word_1_258' title='bbox 1728 3435 1982 3490; x_wconf 88' lang='lat' dir='ltr'><strong>membris</strong></span> 
     </span>
    </p>
   </div>
   <div class='ocr_carea' id='block_1_36' title="bbox 415 3522 1981 3593">
    <p class='ocr_par' dir='ltr' id='par_1_36' title="bbox 415 3522 1981 3593">
     <span class='ocr_line' id='line_1_36' title="bbox 415 3522 1981 3593; baseline 0.002 -16"><span class='ocrx_word' id='word_1_259' title='bbox 415 3522 796 3592; x_wconf 85' lang='lat' dir='ltr'><strong>conjungeudis</strong></span> <span class='ocrx_word' id='word_1_260' title='bbox 826 3523 1004 3578; x_wconf 90' lang='lat' dir='ltr'><strong>multis</strong></span> <span class='ocrx_word' id='word_1_261' title='bbox 1026 3524 1172 3578; x_wconf 91' lang='lat' dir='ltr'><strong>illum</strong></span> <span class='ocrx_word' id='word_1_262' title='bbox 1225 3524 1452 3593; x_wconf 84' lang='lat' dir='ltr'><strong>negotiis</strong></span> <span class='ocrx_word' id='word_1_263' title='bbox 1513 3523 1742 3579; x_wconf 89' lang='lat' dir='ltr'><strong>distendi</strong></span> <span class='ocrx_word' id='word_1_264' title='bbox 1783 3525 1981 3580; x_wconf 90' lang='lat' dir='ltr'><strong>videas.</strong></span> 
     </span>
    </p>
   </div>
   <div class='ocr_carea' id='block_1_37' title="bbox 414 3612 1985 3686">
    <p class='ocr_par' dir='ltr' id='par_1_37' title="bbox 414 3612 1985 3686">
     <span class='ocr_line' id='line_1_37' title="bbox 414 3612 1985 3686; baseline 0.001 -18"><span class='ocrx_word' id='word_1_265' title='bbox 414 3612 547 3668; x_wconf 83' lang='lat' dir='ltr'><strong>Nam</strong></span> <span class='ocrx_word' id='word_1_266' title='bbox 572 3615 745 3668; x_wconf 81' lang='lat' dir='ltr'><strong>ovium</strong></span> <span class='ocrx_word' id='word_1_267' title='bbox 767 3614 978 3684; x_wconf 88' lang='lat' dir='ltr'><strong>quidem</strong></span> <span class='ocrx_word' id='word_1_268' title='bbox 1008 3625 1185 3685; x_wconf 82' lang='lat' dir='ltr'><strong>pastor</strong></span> <span class='ocrx_word' id='word_1_269' title='bbox 1219 3630 1431 3685; x_wconf 79' lang='lat' dir='ltr'><strong>gregem</strong></span> <span class='ocrx_word' id='word_1_270' title='bbox 1485 3615 1642 3671; x_wconf 87' lang='lat' dir='ltr'><strong>habet</strong></span> <span class='ocrx_word' id='word_1_271' title='bbox 1677 3625 1985 3686; x_wconf 88' lang='lat' dir='ltr'><strong>sequentem</strong></span> 
     </span>
    </p>
   </div>
   <div class='ocr_carea' id='block_1_38' title="bbox 414 3703 1986 3775">
    <p class='ocr_par' dir='ltr' id='par_1_38' title="bbox 414 3703 1986 3775">
     <span class='ocr_line' id='line_1_38' title="bbox 414 3703 1986 3775; baseline 0.003 -19"><span class='ocrx_word' id='word_1_272' title='bbox 414 3717 750 3773; x_wconf 87' lang='lat' dir='ltr'><strong>quocumque</strong></span> <span class='ocrx_word' id='word_1_273' title='bbox 775 3703 983 3759; x_wconf 90' lang='lat' dir='ltr'><strong>duxerit</strong></span> <span class='ocrx_word' id='word_1_274' title='bbox 1014 3722 1027 3759; x_wconf 90' lang='lat'><strong>:</strong></span> <span class='ocrx_word' id='word_1_275' title='bbox 1058 3705 1199 3775; x_wconf 91' lang='lat' dir='ltr'><strong>quod</strong></span> <span class='ocrx_word' id='word_1_276' title='bbox 1247 3706 1290 3759; x_wconf 87' lang='lat' dir='ltr'><strong>si</strong></span> <span class='ocrx_word' id='word_1_277' title='bbox 1332 3721 1447 3775; x_wconf 65' lang='lat' dir='ltr'><strong>qua:</strong></span> <span class='ocrx_word' id='word_1_278' title='bbox 1486 3720 1613 3761; x_wconf 89' lang='lat' dir='ltr'><strong>oves</strong></span> <span class='ocrx_word' id='word_1_279' title='bbox 1641 3705 1708 3761; x_wconf 90' lang='lat' dir='ltr'><strong>de</strong></span> <span class='ocrx_word' id='word_1_280' title='bbox 1732 3716 1873 3760; x_wconf 86' lang='lat' dir='ltr'><strong>recta</strong></span> <span class='ocrx_word' id='word_1_281' title='bbox 1905 3709 1986 3761; x_wconf 89' lang='lat' dir='ltr'><strong>via</strong></span> 
     </span>
    </p>
   </div>
   <div class='ocr_carea' id='block_1_39' title="bbox 415 3794 1988 3869">
    <p class='ocr_par' dir='ltr' id='par_1_39' title="bbox 415 3794 1988 3869">
     <span class='ocr_line' id='line_1_39' title="bbox 415 3794 1988 3869; baseline 0.003 -20"><span class='ocrx_word' id='word_1_282' title='bbox 415 3794 717 3862; x_wconf 86' lang='lat' dir='ltr'><strong>dcﬁectant,</strong></span> <span class='ocrx_word' id='word_1_283' title='bbox 777 3797 1080 3866; x_wconf 90' lang='lat' dir='ltr'><strong>salubrique</strong></span> <span class='ocrx_word' id='word_1_284' title='bbox 1132 3798 1319 3852; x_wconf 86' lang='lat' dir='ltr'><strong>relicto</strong></span> <span class='ocrx_word' id='word_1_285' title='bbox 1365 3798 1556 3867; x_wconf 86' lang='lat' dir='ltr'><strong>pabulo</strong></span> <span class='ocrx_word' id='word_1_286' title='bbox 1601 3798 1802 3853; x_wconf 88' lang='lat' dir='ltr'><strong>sterilia</strong></span> <span class='ocrx_word' id='word_1_287' title='bbox 1830 3807 1988 3869; x_wconf 88' lang='lat' dir='ltr'><strong>atque</strong></span> 
     </span>
    </p>
   </div>
   <div class='ocr_carea' id='block_1_40' title="bbox 414 3883 1979 3956">
    <p class='ocr_par' dir='ltr' id='par_1_40' title="bbox 414 3883 1979 3956">
     <span class='ocr_line' id='line_1_40' title="bbox 414 3883 1979 3956; baseline 0.004 -20"><span class='ocrx_word' id='word_1_288' title='bbox 414 3883 637 3954; x_wconf 88' lang='lat' dir='ltr'><strong>abrupta</strong></span> <span class='ocrx_word' id='word_1_289' title='bbox 658 3884 769 3939; x_wconf 90' lang='lat' dir='ltr'><strong>loca</strong></span> <span class='ocrx_word' id='word_1_290' title='bbox 790 3885 1096 3956; x_wconf 84' lang='lat' dir='ltr'><strong>depascant,</strong></span> <span class='ocrx_word' id='word_1_291' title='bbox 1129 3888 1256 3942; x_wconf 90' lang='lat' dir='ltr'><strong>satis</strong></span> <span class='ocrx_word' id='word_1_292' title='bbox 1281 3897 1382 3952; x_wconf 92' lang='lat' dir='ltr'><strong>est,</strong></span> <span class='ocrx_word' id='word_1_293' title='bbox 1405 3888 1451 3941; x_wconf 93' lang='lat' dir='ltr'><strong>si</strong></span> <span class='ocrx_word' id='word_1_294' title='bbox 1476 3888 1631 3942; x_wconf 87' lang='lat' dir='ltr'><strong>altius</strong></span> <span class='ocrx_word' id='word_1_295' title='bbox 1678 3889 1890 3955; x_wconf 89' lang='lat' dir='ltr'><strong>clamet,</strong></span> <span class='ocrx_word' id='word_1_296' title='bbox 1924 3898 1979 3942; x_wconf 88' lang='lat' dir='ltr'><strong>ut</strong></span> 
     </span>
    </p>
   </div>
   <div class='ocr_carea' id='block_1_41' title="bbox 413 3976 1983 4049">
    <p class='ocr_par' dir='ltr' id='par_1_41' title="bbox 413 3976 1983 4049">
     <span class='ocr_line' id='line_1_41' title="bbox 413 3976 1983 4049; baseline 0.004 -22"><span class='ocrx_word' id='word_1_297' title='bbox 413 3988 505 4029; x_wconf 85' lang='lat' dir='ltr'><strong>eas</strong></span> <span class='ocrx_word' id='word_1_298' title='bbox 530 3984 733 4043; x_wconf 86' lang='lat' dir='ltr'><strong>repetat</strong></span> <span class='ocrx_word' id='word_1_299' title='bbox 758 3983 811 4029; x_wconf 92' lang='lat' dir='ltr'><strong>et</strong></span> <span class='ocrx_word' id='word_1_300' title='bbox 838 3976 902 4029; x_wconf 89' lang='lat' dir='ltr'><strong>ad</strong></span> <span class='ocrx_word' id='word_1_301' title='bbox 923 3992 1134 4046; x_wconf 87' lang='lat' dir='ltr'><strong>gregem</strong></span> <span class='ocrx_word' id='word_1_302' title='bbox 1184 3978 1420 4033; x_wconf 87' lang='lat' dir='ltr'><strong>reducat.</strong></span> <span class='ocrx_word' id='word_1_303' title='bbox 1472 3981 1538 4033; x_wconf 82' lang='lat' dir='ltr'><strong>At</strong></span> <span class='ocrx_word' id='word_1_304' title='bbox 1564 3980 1606 4032; x_wconf 92' lang='lat' dir='ltr'><strong>si</strong></span> <span class='ocrx_word' id='word_1_305' title='bbox 1646 3981 1764 4049; x_wconf 90' lang='lat' dir='ltr'><strong>quis</strong></span> <span class='ocrx_word' id='word_1_306' title='bbox 1790 3996 1818 4032; x_wconf 91' lang='lat' dir='ltr'><strong>a</strong></span> <span class='ocrx_word' id='word_1_307' title='bbox 1843 3991 1983 4034; x_wconf 87' lang='lat' dir='ltr'><strong>recta</strong></span> 
     </span>
    </p>
   </div>
   <div class='ocr_carea' id='block_1_42' title="bbox 413 4062 1976 4136">
    <p class='ocr_par' dir='ltr' id='par_1_42' title="bbox 413 4062 1976 4136">
     <span class='ocr_line' id='line_1_42' title="bbox 413 4062 1976 4136; baseline 0.005 -20"><span class='ocrx_word' id='word_1_308' title='bbox 413 4062 520 4118; x_wconf 82' lang='lat' dir='ltr'><strong>fide</strong></span> <span class='ocrx_word' id='word_1_309' title='bbox 539 4064 883 4131; x_wconf 88' lang='lat' dir='ltr'><strong>aberraverit,</strong></span> <span class='ocrx_word' id='word_1_310' title='bbox 917 4082 1162 4136; x_wconf 85' lang='lat' dir='ltr'><strong>magnum</strong></span> <span class='ocrx_word' id='word_1_311' title='bbox 1188 4069 1381 4136; x_wconf 90' lang='lat' dir='ltr'><strong>pastori</strong></span> <span class='ocrx_word' id='word_1_312' title='bbox 1403 4084 1534 4136; x_wconf 92' lang='lat' dir='ltr'><strong>opus</strong></span> <span class='ocrx_word' id='word_1_313' title='bbox 1560 4069 1834 4135; x_wconf 88' lang='lat' dir='ltr'><strong>incumbit,</strong></span> <span class='ocrx_word' id='word_1_314' title='bbox 1865 4086 1976 4123; x_wconf 86' lang='lat' dir='ltr'><strong>ma-</strong></span> 
     </span>
    </p>
   </div>
   <div class='ocr_carea' id='block_1_43' title="bbox 410 4157 1982 4229">
    <p class='ocr_par' dir='ltr' id='par_1_43' title="bbox 410 4157 1982 4229">
     <span class='ocr_line' id='line_1_43' title="bbox 410 4157 1982 4229; baseline 0.004 -21"><span class='ocrx_word' id='word_1_315' title='bbox 410 4168 513 4224; x_wconf 87' lang='lat' dir='ltr'><strong>gna</strong></span> <span class='ocrx_word' id='word_1_316' title='bbox 549 4165 667 4224; x_wconf 85' lang='lat' dir='ltr'><strong>eget</strong></span> <span class='ocrx_word' id='word_1_317' title='bbox 712 4157 1101 4225; x_wconf 86' lang='lat' dir='ltr'><strong>perseverantia</strong></span> <span class='ocrx_word' id='word_1_318' title='bbox 1131 4167 1289 4228; x_wconf 90' lang='lat' dir='ltr'><strong>atque</strong></span> <span class='ocrx_word' id='word_1_319' title='bbox 1316 4158 1586 4227; x_wconf 85' lang='lat' dir='ltr'><strong>patientia.</strong></span> <span class='ocrx_word' id='word_1_320' title='bbox 1633 4158 1815 4229; x_wconf 89' lang='lat' dir='ltr'><strong>Neque</strong></span> <span class='ocrx_word' id='word_1_321' title='bbox 1841 4159 1982 4214; x_wconf 90' lang='lat' dir='ltr'><strong>enim</strong></span> 
     </span>
    </p>
   </div>
   <div class='ocr_carea' id='block_1_44' title="bbox 410 4251 1986 4322">
    <p class='ocr_par' dir='ltr' id='par_1_44' title="bbox 410 4251 1986 4322">
     <span class='ocr_line' id='line_1_44' title="bbox 410 4251 1986 4322; baseline 0.002 -18"><span class='ocrx_word' id='word_1_322' title='bbox 410 4258 585 4322; x_wconf 54' lang='lat' dir='ltr'><strong>potest</strong></span> <span class='ocrx_word' id='word_1_323' title='bbox 611 4251 693 4305; x_wconf 85' lang='lat' dir='ltr'><strong>vel</strong></span> <span class='ocrx_word' id='word_1_324' title='bbox 708 4251 758 4306; x_wconf 92' lang='lat' dir='ltr'><strong>vi</strong></span> <span class='ocrx_word' id='word_1_325' title='bbox 775 4251 1063 4317; x_wconf 87' lang='lat' dir='ltr'><strong>retrahere,</strong></span> <span class='ocrx_word' id='word_1_326' title='bbox 1109 4251 1197 4307; x_wconf 90' lang='lat' dir='ltr'><strong>vel</strong></span> <span class='ocrx_word' id='word_1_327' title='bbox 1235 4261 1374 4307; x_wconf 89' lang='lat' dir='ltr'><strong>metu</strong></span> <span class='ocrx_word' id='word_1_328' title='bbox 1401 4267 1592 4322; x_wconf 89' lang='lat' dir='ltr'><strong>cogere</strong></span> <span class='ocrx_word' id='word_1_329' title='bbox 1620 4269 1634 4319; x_wconf 93' lang='lat'><strong>;</strong></span> <span class='ocrx_word' id='word_1_330' title='bbox 1668 4252 1760 4307; x_wconf 92' lang='lat' dir='ltr'><strong>sed</strong></span> <span class='ocrx_word' id='word_1_331' title='bbox 1781 4253 1986 4308; x_wconf 83' lang='lat' dir='ltr'><strong>suasio-</strong></span> 
     </span>
    </p>
   </div>
   <div class='ocr_carea' id='block_1_45' title="bbox 415 4342 1979 4412">
    <p class='ocr_par' dir='ltr' id='par_1_45' title="bbox 415 4342 1979 4412">
     <span class='ocr_line' id='line_1_45' title="bbox 415 4342 1979 4412; baseline -0.001 -13"><span class='ocrx_word' id='word_1_332' title='bbox 415 4356 479 4399; x_wconf 81' lang='lat' dir='ltr'><strong>tle</strong></span> <span class='ocrx_word' id='word_1_333' title='bbox 502 4351 713 4412; x_wconf 87' lang='lat' dir='ltr'><strong>oportet</strong></span> <span class='ocrx_word' id='word_1_334' title='bbox 735 4343 801 4397; x_wconf 88' lang='lat' dir='ltr'><strong>ad</strong></span> <span class='ocrx_word' id='word_1_335' title='bbox 819 4343 1090 4398; x_wconf 85' lang='lat' dir='ltr'><strong>veritatem</strong></span> <span class='ocrx_word' id='word_1_336' title='bbox 1120 4342 1392 4409; x_wconf 90' lang='lat' dir='ltr'><strong>reducere,</strong></span> <span class='ocrx_word' id='word_1_337' title='bbox 1423 4343 1562 4399; x_wconf 89' lang='lat' dir='ltr'><strong>unde</strong></span> <span class='ocrx_word' id='word_1_338' title='bbox 1589 4344 1739 4399; x_wconf 91' lang='lat' dir='ltr'><strong>initio</strong></span> <span class='ocrx_word' id='word_1_339' title='bbox 1763 4343 1979 4399; x_wconf 87' lang='lat' dir='ltr'><strong>excidit.</strong></span> 
     </span>
    </p>
   </div>
   <div class='ocr_carea' id='block_1_46' title="bbox 408 4429 1977 4503">
    <p class='ocr_par' dir='ltr' id='par_1_46' title="bbox 408 4429 1977 4503">
     <span class='ocr_line' id='line_1_46' title="bbox 408 4429 1977 4503; baseline 0 -16"><span class='ocrx_word' id='word_1_340' title='bbox 408 4429 681 4487; x_wconf 65' lang='lat' dir='ltr'><strong>Generoso</strong></span> <span class='ocrx_word' id='word_1_341' title='bbox 727 4432 902 4502; x_wconf 87' lang='lat' dir='ltr'><strong>itaque</strong></span> <span class='ocrx_word' id='word_1_342' title='bbox 934 4433 1132 4503; x_wconf 83' lang='lat' dir='ltr'><strong>indiget</strong></span> <span class='ocrx_word' id='word_1_343' title='bbox 1171 4435 1368 4498; x_wconf 89' lang='lat' dir='ltr'><strong>animo,</strong></span> <span class='ocrx_word' id='word_1_344' title='bbox 1412 4449 1479 4489; x_wconf 92' lang='lat' dir='ltr'><strong>ne</strong></span> <span class='ocrx_word' id='word_1_345' title='bbox 1510 4434 1710 4489; x_wconf 87' lang='lat' dir='ltr'><strong>viribus</strong></span> <span class='ocrx_word' id='word_1_346' title='bbox 1747 4432 1977 4500; x_wconf 89' lang='lat' dir='ltr'><strong>deﬁciat,</strong></span> 
     </span>
    </p>
   </div>
   <div class='ocr_carea' id='block_1_47' title="bbox 409 4522 1982 4595">
    <p class='ocr_par' dir='ltr' id='par_1_47' title="bbox 409 4522 1982 4595">
     <span class='ocr_line' id='line_1_47' title="bbox 409 4522 1982 4595; baseline 0.002 -19"><span class='ocrx_word' id='word_1_347' title='bbox 409 4537 513 4577; x_wconf 88' lang='lat' dir='ltr'><strong>neu</strong></span> <span class='ocrx_word' id='word_1_348' title='bbox 531 4522 597 4576; x_wconf 88' lang='lat' dir='ltr'><strong>de</strong></span> <span class='ocrx_word' id='word_1_349' title='bbox 626 4523 913 4576; x_wconf 89' lang='lat' dir='ltr'><strong>errantium</strong></span> <span class='ocrx_word' id='word_1_350' title='bbox 932 4525 1103 4579; x_wconf 72' lang='lat' dir='ltr'><strong>salute</strong></span> <span class='ocrx_word' id='word_1_351' title='bbox 1133 4524 1402 4594; x_wconf 89' lang='lat' dir='ltr'><strong>desperet,</strong></span> <span class='ocrx_word' id='word_1_352' title='bbox 1430 4533 1488 4579; x_wconf 91' lang='lat' dir='ltr'><strong>ut</strong></span> <span class='ocrx_word' id='word_1_353' title='bbox 1538 4525 1842 4595; x_wconf 86' lang='lat' dir='ltr'><strong>frequenter</strong></span> <span class='ocrx_word' id='word_1_354' title='bbox 1867 4524 1982 4579; x_wconf 76' lang='lat' dir='ltr'><strong>lucc</strong></span> 
     </span>
    </p>
   </div>
   <div class='ocr_carea' id='block_1_48' title="bbox 408 4610 1979 4686">
    <p class='ocr_par' dir='ltr' id='par_1_48' title="bbox 408 4610 1979 4686">
     <span class='ocr_line' id='line_1_48' title="bbox 408 4610 1979 4686; baseline 0.002 -20"><span class='ocrx_word' id='word_1_355' title='bbox 408 4610 607 4681; x_wconf 85' lang='lat' dir='ltr'><strong>cogitet</strong></span> <span class='ocrx_word' id='word_1_356' title='bbox 643 4621 698 4666; x_wconf 88' lang='lat' dir='ltr'><strong>et</strong></span> <span class='ocrx_word' id='word_1_357' title='bbox 723 4611 986 4681; x_wconf 88' lang='lat' dir='ltr'><strong>loquatur,</strong></span> <span class='ocrx_word' id='word_1_358' title='bbox 1012 4611 1297 4683; x_wconf 85' lang='lat' dir='ltr'><strong>Nequando</strong></span> <span class='ocrx_word' id='word_1_359' title='bbox 1337 4614 1475 4668; x_wconf 81' lang='lat' dir='ltr'><strong>Deus</strong></span> <span class='ocrx_word' id='word_1_360' title='bbox 1500 4615 1581 4668; x_wconf 85' lang='lat' dir='ltr'><strong>det</strong></span> <span class='ocrx_word' id='word_1_361' title='bbox 1607 4617 1709 4669; x_wconf 84' lang='lat' dir='ltr'><strong>illis</strong></span> <span class='ocrx_word' id='word_1_362' title='bbox 1729 4617 1979 4686; x_wconf 68' lang='lat' dir='ltr'><strong>paeniten-</strong></span> 
     </span>
    </p>
   </div>
   <div class='ocr_carea' id='block_1_49' title="bbox 411 4703 1979 4777">
    <p class='ocr_par' dir='ltr' id='par_1_49' title="bbox 411 4703 1979 4777">
     <span class='ocr_line' id='line_1_49' title="bbox 411 4703 1979 4777; baseline 0.003 -20"><span class='ocrx_word' id='word_1_363' title='bbox 411 4703 532 4757; x_wconf 86' lang='lat' dir='ltr'><strong>tiam</strong></span> <span class='ocrx_word' id='word_1_364' title='bbox 552 4707 621 4757; x_wconf 80' lang='lat' dir='ltr'><strong>ad</strong></span> <span class='ocrx_word' id='word_1_365' title='bbox 673 4703 1067 4773; x_wconf 74' lang='lat' dir='ltr'><strong>cognoscendam</strong></span> <span class='ocrx_word' id='word_1_366' title='bbox 1102 4707 1376 4773; x_wconf 82' lang='lat' dir='ltr'><strong>veritatem,</strong></span> <span class='ocrx_word' id='word_1_367' title='bbox 1406 4716 1451 4761; x_wconf 85' lang='lat' dir='ltr'><strong>et</strong></span> <span class='ocrx_word' id='word_1_368' title='bbox 1473 4708 1770 4777; x_wconf 78' lang='lat' dir='ltr'><strong>resipiscam</strong></span> <span class='ocrx_word' id='word_1_369' title='bbox 1799 4725 1830 4761; x_wconf 90' lang='lat' dir='ltr'><strong>a</strong></span> <span class='ocrx_word' id='word_1_370' title='bbox 1860 4708 1979 4761; x_wconf 85' lang='lat' dir='ltr'><strong>dia-</strong></span> 
     </span>
    </p>
   </div>
   <div class='ocr_carea' id='block_1_50' title="bbox 409 4792 1973 4866">
    <p class='ocr_par' dir='ltr' id='par_1_50' title="bbox 409 4792 1973 4866">
     <span class='ocr_line' id='line_1_50' title="bbox 409 4792 1973 4866; baseline 0.004 -20"><span class='ocrx_word' id='word_1_371' title='bbox 409 4792 509 4847; x_wconf 83' lang='lat' dir='ltr'><strong>boli</strong></span> <span class='ocrx_word' id='word_1_372' title='bbox 528 4793 705 4863; x_wconf 80' lang='lat' dir='ltr'><strong>laqueo</strong></span> <span class='ocrx_word' id='word_1_373' title='bbox 735 4793 752 4863; x_wconf 96' lang='lat'>(</span> <span class='ocrx_word' id='word_1_374' title='bbox 776 4793 831 4848; x_wconf 73' lang='grc'><strong>2.</strong></span> <span class='ocrx_word' id='word_1_375' title='bbox 858 4792 987 4847; x_wconf 81' lang='lat' dir='ltr'><strong>Tim.</strong></span> <span class='ocrx_word' id='word_1_376' title='bbox 1014 4793 1069 4849; x_wconf 73' lang='grc'><strong>2.</strong></span> <span class='ocrx_word' id='word_1_377' title='bbox 1091 4793 1180 4850; x_wconf 74' lang='lat'><strong>25.</strong></span> <span class='ocrx_word' id='word_1_378' title='bbox 1205 4795 1275 4850; x_wconf 75' lang='lat'><strong>26</strong></span> <span class='ocrx_word' id='word_1_379' title='bbox 1308 4797 1347 4865; x_wconf 94' lang='lat'><strong>).</strong></span> <span class='ocrx_word' id='word_1_380' title='bbox 1394 4797 1680 4866; x_wconf 86' lang='lat' dir='ltr'><strong>Propterea</strong></span> <span class='ocrx_word' id='word_1_381' title='bbox 1719 4799 1973 4853; x_wconf 89' lang='lat' dir='ltr'><strong>Dominus</strong></span> 
     </span>
    </p>
   </div>
   <div class='ocr_carea' id='block_1_51' title="bbox 407 4884 1978 4956">
    <p class='ocr_par' dir='ltr' id='par_1_51' title="bbox 407 4884 1978 4956">
     <span class='ocr_line' id='line_1_51' title="bbox 407 4884 1978 4956; baseline 0.004 -17"><span class='ocrx_word' id='word_1_382' title='bbox 407 4884 694 4953; x_wconf 89' lang='lat' dir='ltr'><strong>discipulos</strong></span> <span class='ocrx_word' id='word_1_383' title='bbox 740 4885 817 4940; x_wconf 90' lang='lat' dir='ltr'><strong>sic</strong></span> <span class='ocrx_word' id='word_1_384' title='bbox 854 4886 1217 4956; x_wconf 87' lang='lat' dir='ltr'><strong>alloquebatur</strong></span> <span class='ocrx_word' id='word_1_385' title='bbox 1249 4904 1263 4940; x_wconf 91' lang='lat'><strong>:</strong></span> <span class='ocrx_word' id='word_1_386' title='bbox 1293 4887 1537 4952; x_wconf 79' lang='lat' dir='ltr'><strong>Quisnam</strong></span> <span class='ocrx_word' id='word_1_387' title='bbox 1594 4889 1760 4954; x_wconf 79' lang='lat' dir='ltr'><strong>ﬁdelis</strong></span> <span class='ocrx_word' id='word_1_388' title='bbox 1805 4907 1978 4945; x_wconf 82' lang='lat' dir='ltr'><strong>servus</strong></span> 
     </span>
    </p>
   </div>
   <div class='ocr_carea' id='block_1_52' title="bbox 402 4967 1977 5042">
    <p class='ocr_par' dir='ltr' id='par_1_52' title="bbox 402 4967 1977 5042">
     <span class='ocr_line' id='line_1_52' title="bbox 402 4967 1977 5042; baseline 0.005 -21"><span class='ocrx_word' id='word_1_389' title='bbox 402 4976 454 5021; x_wconf 85' lang='lat' dir='ltr'><strong>et</strong></span> <span class='ocrx_word' id='word_1_390' title='bbox 472 4967 690 5038; x_wconf 79' lang='lat' dir='ltr'><strong>prudens</strong></span> <span class='ocrx_word' id='word_1_391' title='bbox 718 4968 736 5037; x_wconf 94' lang='lat'>(</span> <span class='ocrx_word' id='word_1_392' title='bbox 758 4967 942 5022; x_wconf 80' lang='lat' dir='ltr'><strong>Matth.</strong></span> <span class='ocrx_word' id='word_1_393' title='bbox 970 4969 1059 5024; x_wconf 67' lang='grc'><strong>24.</strong></span> <span class='ocrx_word' id='word_1_394' title='bbox 1087 4971 1155 5025; x_wconf 72' lang='grc'><strong>45</strong></span> <span class='ocrx_word' id='word_1_395' title='bbox 1191 4969 1254 5042; x_wconf 86' lang='lat'>)?</span> <span class='ocrx_word' id='word_1_396' title='bbox 1279 4971 1408 5025; x_wconf 87' lang='lat' dir='ltr'><strong>Nam</strong></span> <span class='ocrx_word' id='word_1_397' title='bbox 1452 4972 1539 5042; x_wconf 87' lang='lat' dir='ltr'><strong>qui</strong></span> <span class='ocrx_word' id='word_1_398' title='bbox 1562 4974 1794 5041; x_wconf 87' lang='lat' dir='ltr'><strong>seipsum</strong></span> <span class='ocrx_word' id='word_1_399' title='bbox 1821 4989 1977 5028; x_wconf 88' lang='lat' dir='ltr'><strong>exer-</strong></span> 
     </span>
    </p>
   </div>
   <div class='ocr_carea' id='block_1_53' title="bbox 404 5058 1973 5133">
    <p class='ocr_par' dir='ltr' id='par_1_53' title="bbox 404 5058 1973 5133">
     <span class='ocr_line' id='line_1_53' title="bbox 404 5058 1973 5133; baseline 0.004 -21"><span class='ocrx_word' id='word_1_400' title='bbox 404 5066 508 5123; x_wconf 87' lang='lat' dir='ltr'><strong>cet,</strong></span> <span class='ocrx_word' id='word_1_401' title='bbox 543 5058 593 5111; x_wconf 92' lang='lat' dir='ltr'><strong>iu</strong></span> <span class='ocrx_word' id='word_1_402' title='bbox 619 5072 679 5112; x_wconf 90' lang='lat' dir='ltr'><strong>se</strong></span> <span class='ocrx_word' id='word_1_403' title='bbox 700 5058 869 5112; x_wconf 80' lang='lat' dir='ltr'><strong>Solum</strong></span> <span class='ocrx_word' id='word_1_404' title='bbox 898 5061 1177 5116; x_wconf 88' lang='lat' dir='ltr'><strong>utilitatem</strong></span> <span class='ocrx_word' id='word_1_405' title='bbox 1231 5062 1619 5118; x_wconf 88' lang='lat' dir='ltr'><strong>circumscribit</strong></span> <span class='ocrx_word' id='word_1_406' title='bbox 1648 5081 1659 5116; x_wconf 90' lang='lat'>:</span> <span class='ocrx_word' id='word_1_407' title='bbox 1695 5064 1973 5133; x_wconf 87' lang='lat' dir='ltr'><strong>pastoralis</strong></span> 
     </span>
    </p>
   </div>
   <div class='ocr_carea' id='block_1_54' title="bbox 404 5147 1973 5224">
    <p class='ocr_par' dir='ltr' id='par_1_54' title="bbox 404 5147 1973 5224">
     <span class='ocr_line' id='line_1_54' title="bbox 404 5147 1973 5224; baseline 0.006 -24"><span class='ocrx_word' id='word_1_408' title='bbox 404 5157 579 5202; x_wconf 89' lang='lat' dir='ltr'><strong>autem</strong></span> <span class='ocrx_word' id='word_1_409' title='bbox 605 5147 768 5203; x_wconf 88' lang='lat' dir='ltr'><strong>ofﬁcii</strong></span> <span class='ocrx_word' id='word_1_410' title='bbox 818 5150 1019 5204; x_wconf 91' lang='lat' dir='ltr'><strong>lucrum</strong></span> <span class='ocrx_word' id='word_1_411' title='bbox 1046 5151 1112 5205; x_wconf 91' lang='lat' dir='ltr'><strong>ad</strong></span> <span class='ocrx_word' id='word_1_412' title='bbox 1143 5153 1444 5207; x_wconf 87' lang='lat' dir='ltr'><strong>universum</strong></span> <span class='ocrx_word' id='word_1_413' title='bbox 1474 5154 1727 5224; x_wconf 91' lang='lat' dir='ltr'><strong>populum</strong></span> <span class='ocrx_word' id='word_1_414' title='bbox 1772 5165 1973 5210; x_wconf 88' lang='lat' dir='ltr'><strong>manat.</strong></span> 
     </span>
    </p>
   </div>
   <div class='ocr_carea' id='block_1_55' title="bbox 404 5238 1973 5312">
    <p class='ocr_par' dir='ltr' id='par_1_55' title="bbox 404 5238 1973 5312">
     <span class='ocr_line' id='line_1_55' title="bbox 404 5238 1973 5312; baseline 0.005 -19"><span class='ocrx_word' id='word_1_415' title='bbox 404 5238 544 5295; x_wconf 83' lang='lat' dir='ltr'><strong>Sane</strong></span> <span class='ocrx_word' id='word_1_416' title='bbox 567 5241 656 5310; x_wconf 88' lang='lat' dir='ltr'><strong>qui</strong></span> <span class='ocrx_word' id='word_1_417' title='bbox 708 5242 958 5309; x_wconf 85' lang='lat' dir='ltr'><strong>pecunias</strong></span> <span class='ocrx_word' id='word_1_418' title='bbox 989 5243 1169 5312; x_wconf 84' lang='lat' dir='ltr'><strong>egenis</strong></span> <span class='ocrx_word' id='word_1_419' title='bbox 1213 5242 1503 5310; x_wconf 84' lang='lat' dir='ltr'><strong>distribuit,</strong></span> <span class='ocrx_word' id='word_1_420' title='bbox 1552 5255 1643 5300; x_wconf 86' lang='lat' dir='ltr'><strong>aut</strong></span> <span class='ocrx_word' id='word_1_421' title='bbox 1667 5246 1797 5300; x_wconf 85' lang='lat' dir='ltr'><strong>alias</strong></span> <span class='ocrx_word' id='word_1_422' title='bbox 1832 5246 1973 5301; x_wconf 64' lang='lat' dir='ltr'><strong>laesis</strong></span> 
     </span>
    </p>
   </div>
   <div class='ocr_carea' id='block_1_56' title="bbox 402 5332 1972 5405">
    <p class='ocr_par' dir='ltr' id='par_1_56' title="bbox 402 5332 1972 5405">
     <span class='ocr_line' id='line_1_56' title="bbox 402 5332 1972 5405; baseline 0.003 -21"><span class='ocrx_word' id='word_1_423' title='bbox 402 5332 777 5399; x_wconf 87' lang='lat' dir='ltr'><strong>patrocinatur,</strong></span> <span class='ocrx_word' id='word_1_424' title='bbox 812 5334 864 5387; x_wconf 91' lang='lat' dir='ltr'><strong>in</strong></span> <span class='ocrx_word' id='word_1_425' title='bbox 890 5334 1063 5404; x_wconf 88' lang='lat' dir='ltr'><strong>aliquo</strong></span> <span class='ocrx_word' id='word_1_426' title='bbox 1082 5335 1338 5404; x_wconf 78' lang='lat' dir='ltr'><strong>proximis</strong></span> <span class='ocrx_word' id='word_1_427' title='bbox 1361 5336 1592 5405; x_wconf 79' lang='lat' dir='ltr'><strong>prodest,</strong></span> <span class='ocrx_word' id='word_1_428' title='bbox 1627 5344 1772 5390; x_wconf 88' lang='lat' dir='ltr'><strong>tanto</strong></span> <span class='ocrx_word' id='word_1_429' title='bbox 1797 5338 1972 5390; x_wconf 88' lang='lat' dir='ltr'><strong>minus</strong></span> 
     </span>
    </p>
   </div>
   <div class='ocr_carea' id='block_1_57' title="bbox 404 5425 1971 5496">
    <p class='ocr_par' dir='ltr' id='par_1_57' title="bbox 404 5425 1971 5496">
     <span class='ocr_line' id='line_1_57' title="bbox 404 5425 1971 5496; baseline 0.004 -23"><span class='ocrx_word' id='word_1_430' title='bbox 404 5430 577 5475; x_wconf 86' lang='lat' dir='ltr'><strong>tamen</strong></span> <span class='ocrx_word' id='word_1_431' title='bbox 611 5439 764 5488; x_wconf 86' lang='lat' dir='ltr'><strong>quam</strong></span> <span class='ocrx_word' id='word_1_432' title='bbox 784 5425 1051 5493; x_wconf 87' lang='lat' dir='ltr'><strong>sacerdos,</strong></span> <span class='ocrx_word' id='word_1_433' title='bbox 1075 5436 1269 5496; x_wconf 91' lang='lat' dir='ltr'><strong>quanto</strong></span> <span class='ocrx_word' id='word_1_434' title='bbox 1292 5427 1564 5482; x_wconf 80' lang='lat' dir='ltr'><strong>intervallo</strong></span> <span class='ocrx_word' id='word_1_435' title='bbox 1593 5427 1765 5481; x_wconf 89' lang='lat' dir='ltr'><strong>anima</strong></span> <span class='ocrx_word' id='word_1_436' title='bbox 1783 5443 1971 5495; x_wconf 86' lang='lat' dir='ltr'><strong>corpo-</strong></span> 
     </span>
    </p>
   </div>
   <div class='ocr_carea' id='block_1_58' title="bbox 402 5510 1971 5588">
    <p class='ocr_par' dir='ltr' id='par_1_58' title="bbox 402 5510 1971 5588">
     <span class='ocr_line' id='line_1_58' title="bbox 402 5510 1971 5588; baseline 0.004 -24"><span class='ocrx_word' id='word_1_437' title='bbox 402 5510 445 5564; x_wconf 91' lang='lat' dir='ltr'><strong>ri</strong></span> <span class='ocrx_word' id='word_1_438' title='bbox 467 5521 700 5578; x_wconf 75' lang='lat' dir='ltr'><strong>przestat.</strong></span> <span class='ocrx_word' id='word_1_439' title='bbox 725 5512 851 5569; x_wconf 84' lang='lat' dir='ltr'><strong>Jure</strong></span> <span class='ocrx_word' id='word_1_440' title='bbox 870 5518 1041 5586; x_wconf 84' lang='lat' dir='ltr'><strong>itaque</strong></span> <span class='ocrx_word' id='word_1_441' title='bbox 1096 5517 1349 5571; x_wconf 88' lang='lat' dir='ltr'><strong>Dominus</strong></span> <span class='ocrx_word' id='word_1_442' title='bbox 1370 5533 1548 5571; x_wconf 88' lang='lat' dir='ltr'><strong>curam</strong></span> <span class='ocrx_word' id='word_1_443' title='bbox 1574 5518 1746 5588; x_wconf 85' lang='lat' dir='ltr'><strong>gregis</strong></span> <span class='ocrx_word' id='word_1_444' title='bbox 1774 5517 1971 5571; x_wconf 89' lang='lat' dir='ltr'><strong>amoris</strong></span> 
     </span>
    </p>
   </div>
   <div class='ocr_carea' id='block_1_59' title="bbox 404 5607 1307 5672">
    <p class='ocr_par' dir='ltr' id='par_1_59' title="bbox 404 5607 1307 5672">
     <span class='ocr_line' id='line_1_59' title="bbox 404 5607 1307 5672; baseline 0.007 -19"><span class='ocrx_word' id='word_1_445' title='bbox 404 5615 528 5669; x_wconf 86' lang='lat' dir='ltr'><strong>erga</strong></span> <span class='ocrx_word' id='word_1_446' title='bbox 553 5614 610 5655; x_wconf 88' lang='lat' dir='ltr'><strong>se</strong></span> <span class='ocrx_word' id='word_1_447' title='bbox 636 5616 999 5672; x_wconf 84' lang='lat' dir='ltr'><strong>argumentum</strong></span> <span class='ocrx_word' id='word_1_448' title='bbox 1028 5622 1144 5662; x_wconf 89' lang='lat' dir='ltr'><strong>esse</strong></span> <span class='ocrx_word' id='word_1_449' title='bbox 1160 5607 1307 5660; x_wconf 75' lang='lat' dir='ltr'><strong>dixit.</strong></span> 
     </span>
    </p>
   </div>
   <div class='ocr_carea' id='block_1_60' title="bbox 466 5689 1967 5768">
    <p class='ocr_par' dir='ltr' id='par_1_60' title="bbox 466 5689 1967 5768">
     <span class='ocr_line' id='line_1_60' title="bbox 466 5689 1967 5768; baseline 0.007 -25"><span class='ocrx_word' id='word_1_450' title='bbox 466 5689 680 5746; x_wconf 72' lang='lat' dir='ltr'><strong>BASlL.</strong></span> <span class='ocrx_word' id='word_1_451' title='bbox 732 5692 809 5748; x_wconf 86' lang='lat' dir='ltr'><strong>Tu</strong></span> <span class='ocrx_word' id='word_1_452' title='bbox 855 5711 1015 5762; x_wconf 88' lang='lat' dir='ltr'><strong>vero,</strong></span> <span class='ocrx_word' id='word_1_453' title='bbox 1068 5699 1270 5768; x_wconf 87' lang='lat' dir='ltr'><strong>inquit,</strong></span> <span class='ocrx_word' id='word_1_454' title='bbox 1319 5696 1588 5752; x_wconf 85' lang='lat' dir='ltr'><strong>Christum</strong></span> <span class='ocrx_word' id='word_1_455' title='bbox 1637 5714 1742 5754; x_wconf 92' lang='lat' dir='ltr'><strong>non</strong></span> <span class='ocrx_word' id='word_1_456' title='bbox 1779 5695 1967 5747; x_wconf 68' lang='lat' dir='ltr'><strong>ama-&#39;5?</strong></span> 
     </span>
    </p>
   </div>
   <div class='ocr_carea' id='block_1_61' title="bbox 1165 314 2977 375">
    <p class='ocr_par' dir='ltr' id='par_1_61' title="bbox 1165 314 2977 375">
     <span class='ocr_line' id='line_1_61' title="bbox 1165 314 2977 375; baseline -0.002 -1"><span class='ocrx_word' id='word_1_457' title='bbox 1165 318 1222 375; x_wconf 85' lang='lat' dir='ltr'><strong>S.</strong></span> <span class='ocrx_word' id='word_1_458' title='bbox 1260 316 1537 373; x_wconf 66' lang='lat' dir='ltr'><strong>JOANNIS</strong></span> <span class='ocrx_word' id='word_1_459' title='bbox 1571 314 2044 371; x_wconf 70' lang='lat' dir='ltr'><strong>CHRYSOSTOMI</strong></span> <span class='ocrx_word' id='word_1_460' title='bbox 2081 314 2394 371; x_wconf 75' lang='lat' dir='ltr'><strong>ARCHIEP.</strong></span> <span class='ocrx_word' id='word_1_461' title='bbox 2438 314 2977 373; x_wconf 75' lang='lat' dir='ltr'><strong>CONSTANTINOP.</strong></span> 
     </span>
    </p>
   </div>
   <div class='ocr_carea' id='block_1_62' title="bbox 3593 319 3693 374">
    <p class='ocr_par' dir='ltr' id='par_1_62' title="bbox 3593 319 3693 374">
     <span class='ocr_line' id='line_1_62' title="bbox 3593 319 3693 374; baseline -0.01 0"><span class='ocrx_word' id='word_1_462' title='bbox 3593 319 3693 374; x_wconf 77' lang='lat'><strong>636</strong></span> 
     </span>
    </p>
   </div>
   <div class='ocr_carea' id='block_1_63' title="bbox 2120 425 3692 500">
    <p class='ocr_par' dir='ltr' id='par_1_63' title="bbox 2120 425 3692 500">
     <span class='ocr_line' id='line_1_63' title="bbox 2120 425 3692 500; baseline 0.004 -20"><span class='ocrx_word' id='word_1_463' title='bbox 2120 425 2493 482; x_wconf 81' lang='lat' dir='ltr'><strong>CHRYSOST.</strong></span> <span class='ocrx_word' id='word_1_464' title='bbox 2545 427 2612 482; x_wconf 85' lang='lat' dir='ltr'><strong>Et</strong></span> <span class='ocrx_word' id='word_1_465' title='bbox 2654 443 2809 495; x_wconf 89' lang='lat' dir='ltr'><strong>amo,</strong></span> <span class='ocrx_word' id='word_1_466' title='bbox 2858 438 2909 483; x_wconf 90' lang='lat' dir='ltr'><strong>et</strong></span> <span class='ocrx_word' id='word_1_467' title='bbox 2953 427 3162 482; x_wconf 63' lang='lat' dir='ltr'><strong>amaneli</strong></span> <span class='ocrx_word' id='word_1_468' title='bbox 3204 428 3359 483; x_wconf 86' lang='lat' dir='ltr'><strong>linem</strong></span> <span class='ocrx_word' id='word_1_469' title='bbox 3409 446 3692 500; x_wconf 75' lang='lat' dir='ltr'><strong>numquam</strong></span> 
     </span>
    </p>
   </div>
   <div class='ocr_carea' id='block_1_64' title="bbox 2115 517 3689 589">
    <p class='ocr_par' dir='ltr' id='par_1_64' title="bbox 2115 517 3689 589">
     <span class='ocr_line' id='line_1_64' title="bbox 2115 517 3689 589; baseline 0.004 -18"><span class='ocrx_word' id='word_1_470' title='bbox 2115 517 2303 573; x_wconf 85' lang='lat' dir='ltr'><strong>faciam</strong></span> <span class='ocrx_word' id='word_1_471' title='bbox 2324 529 2406 573; x_wconf 89' lang='lat' dir='ltr'><strong>:at</strong></span> <span class='ocrx_word' id='word_1_472' title='bbox 2433 534 2619 573; x_wconf 89' lang='lat' dir='ltr'><strong>vereor</strong></span> <span class='ocrx_word' id='word_1_473' title='bbox 2637 536 2722 585; x_wconf 89' lang='lat' dir='ltr'><strong>ne,</strong></span> <span class='ocrx_word' id='word_1_474' title='bbox 2746 536 2902 589; x_wconf 83' lang='lat' dir='ltr'><strong>quem</strong></span> <span class='ocrx_word' id='word_1_475' title='bbox 2921 535 3060 581; x_wconf 89' lang='lat' dir='ltr'><strong>amn,</strong></span> <span class='ocrx_word' id='word_1_476' title='bbox 3084 535 3204 574; x_wconf 90' lang='lat' dir='ltr'><strong>eum</strong></span> <span class='ocrx_word' id='word_1_477' title='bbox 3229 520 3451 575; x_wconf 86' lang='lat' dir='ltr'><strong>irritem.</strong></span> <span class='ocrx_word' id='word_1_478' title='bbox 3472 522 3552 576; x_wconf 61' lang='lat' dir='ltr'><strong>BA</strong></span> <span class='ocrx_word' id='word_1_479' title='bbox 3563 523 3689 577; x_wconf 85' lang='lat' dir='ltr'><strong>SlL.</strong></span> 
     </span>
    </p>
   </div>
   <div class='ocr_carea' id='block_1_65' title="bbox 2114 612 3692 691">
    <p class='ocr_par' dir='ltr' id='par_1_65' title="bbox 2114 612 3692 691">
     <span class='ocr_line' id='line_1_65' title="bbox 2114 612 3692 691; baseline 0.004 -25"><span class='ocrx_word' id='word_1_480' title='bbox 2114 612 2330 682; x_wconf 81' lang='lat' dir='ltr'><strong>Ecquod</strong></span> <span class='ocrx_word' id='word_1_481' title='bbox 2358 613 2603 682; x_wconf 74' lang='lat' dir='ltr'><strong>mnigma,</strong></span> <span class='ocrx_word' id='word_1_482' title='bbox 2641 613 2802 682; x_wconf 85' lang='lat' dir='ltr'><strong>inquit</strong></span> <span class='ocrx_word' id='word_1_483' title='bbox 2826 652 2841 678; x_wconf 92' lang='lat'><strong>,</strong></span> <span class='ocrx_word' id='word_1_484' title='bbox 2871 612 3146 667; x_wconf 86' lang='lat' dir='ltr'><strong>obscurius</strong></span> <span class='ocrx_word' id='word_1_485' title='bbox 3174 613 3348 691; x_wconf 82' lang='lat' dir='ltr'><strong>fuerit,</strong></span> <span class='ocrx_word' id='word_1_486' title='bbox 3378 616 3421 667; x_wconf 89' lang='lat' dir='ltr'><strong>si</strong></span> <span class='ocrx_word' id='word_1_487' title='bbox 3448 614 3692 673; x_wconf 77' lang='lat' dir='ltr'><strong>Christus</strong></span> 
     </span>
    </p>
   </div>
   <div class='ocr_carea' id='block_1_66' title="bbox 2114 703 3693 775">
    <p class='ocr_par' dir='ltr' id='par_1_66' title="bbox 2114 703 3693 775">
     <span class='ocr_line' id='line_1_66' title="bbox 2114 703 3693 775; baseline 0.003 -18"><span class='ocrx_word' id='word_1_488' title='bbox 2114 703 2283 769; x_wconf 89' lang='lat' dir='ltr'><strong>illum,</strong></span> <span class='ocrx_word' id='word_1_489' title='bbox 2310 705 2399 775; x_wconf 93' lang='lat' dir='ltr'><strong>qui</strong></span> <span class='ocrx_word' id='word_1_490' title='bbox 2432 720 2490 759; x_wconf 88' lang='lat' dir='ltr'><strong>se</strong></span> <span class='ocrx_word' id='word_1_491' title='bbox 2515 713 2674 768; x_wconf 87' lang='lat' dir='ltr'><strong>amet,</strong></span> <span class='ocrx_word' id='word_1_492' title='bbox 2703 719 2830 758; x_wconf 80' lang='lat' dir='ltr'><strong>mes</strong></span> <span class='ocrx_word' id='word_1_493' title='bbox 2860 720 2982 758; x_wconf 90' lang='lat' dir='ltr'><strong>suas</strong></span> <span class='ocrx_word' id='word_1_494' title='bbox 3010 720 3225 773; x_wconf 86' lang='lat' dir='ltr'><strong>pascere</strong></span> <span class='ocrx_word' id='word_1_495' title='bbox 3249 705 3462 775; x_wconf 87' lang='lat' dir='ltr'><strong>jubeat:</strong></span> <span class='ocrx_word' id='word_1_496' title='bbox 3484 716 3539 761; x_wconf 90' lang='lat' dir='ltr'><strong>tu</strong></span> <span class='ocrx_word' id='word_1_497' title='bbox 3565 723 3693 762; x_wconf 84' lang='lat' dir='ltr'><strong>vero</strong></span> 
     </span>
    </p>
   </div>
   <div class='ocr_carea' id='block_1_67' title="bbox 2113 794 3691 865">
    <p class='ocr_par' dir='ltr' id='par_1_67' title="bbox 2113 794 3691 865">
     <span class='ocr_line' id='line_1_67' title="bbox 2113 794 3691 865; baseline 0.002 -17"><span class='ocrx_word' id='word_1_498' title='bbox 2113 795 2258 849; x_wconf 83' lang='lat' dir='ltr'><strong>dicas</strong></span> <span class='ocrx_word' id='word_1_499' title='bbox 2304 796 2421 850; x_wconf 89' lang='lat' dir='ltr'><strong>ideo</strong></span> <span class='ocrx_word' id='word_1_500' title='bbox 2470 795 2612 848; x_wconf 90' lang='lat' dir='ltr'><strong>nolle</strong></span> <span class='ocrx_word' id='word_1_501' title='bbox 2665 808 2922 863; x_wconf 82' lang='lat' dir='ltr'><strong>pa5ecre,</strong></span> <span class='ocrx_word' id='word_1_502' title='bbox 2968 795 3089 864; x_wconf 89' lang='lat' dir='ltr'><strong>quia</strong></span> <span class='ocrx_word' id='word_1_503' title='bbox 3140 794 3241 848; x_wconf 91' lang='lat' dir='ltr'><strong>hoc</strong></span> <span class='ocrx_word' id='word_1_504' title='bbox 3299 796 3691 865; x_wconf 72' lang='lat' dir='ltr'><strong>praacipieutcm</strong></span> 
     </span>
    </p>
   </div>
   <div class='ocr_carea' id='block_1_68' title="bbox 2112 885 3687 961">
    <p class='ocr_par' dir='ltr' id='par_1_68' title="bbox 2112 885 3687 961">
     <span class='ocr_line' id='line_1_68' title="bbox 2112 885 3687 961; baseline 0.003 -22"><span class='ocrx_word' id='word_1_505' title='bbox 2112 887 2296 940; x_wconf 88' lang='lat' dir='ltr'><strong>amas?</strong></span> <span class='ocrx_word' id='word_1_506' title='bbox 2321 885 2877 943; x_wconf 71' lang='lat' dir='ltr'><strong>CHRYSUSTOMUS.</strong></span> <span class='ocrx_word' id='word_1_507' title='bbox 2907 887 3022 941; x_wconf 88' lang='lat' dir='ltr'><strong>Non</strong></span> <span class='ocrx_word' id='word_1_508' title='bbox 3051 897 3151 950; x_wconf 91' lang='lat' dir='ltr'><strong>est,</strong></span> <span class='ocrx_word' id='word_1_509' title='bbox 3181 888 3414 957; x_wconf 89' lang='lat' dir='ltr'><strong>inquam,</strong></span> <span class='ocrx_word' id='word_1_510' title='bbox 3438 891 3687 961; x_wconf 67' lang='lat' dir='ltr'><strong>anigma,</strong></span> 
     </span>
    </p>
   </div>
   <div class='ocr_carea' id='block_1_69' title="bbox 2113 979 3689 1051">
    <p class='ocr_par' dir='ltr' id='par_1_69' title="bbox 2113 979 3689 1051">
     <span class='ocr_line' id='line_1_69' title="bbox 2113 979 3689 1051; baseline 0.003 -18"><span class='ocrx_word' id='word_1_511' title='bbox 2113 979 2220 1033; x_wconf 91' lang='lat' dir='ltr'><strong>imo</strong></span> <span class='ocrx_word' id='word_1_512' title='bbox 2250 994 2334 1034; x_wconf 91' lang='lat' dir='ltr'><strong>res</strong></span> <span class='ocrx_word' id='word_1_513' title='bbox 2364 979 2646 1033; x_wconf 79' lang='lat' dir='ltr'><strong>admodum</strong></span> <span class='ocrx_word' id='word_1_514' title='bbox 2677 980 2817 1034; x_wconf 86' lang='lat' dir='ltr'><strong>clara</strong></span> <span class='ocrx_word' id='word_1_515' title='bbox 2847 989 2899 1035; x_wconf 90' lang='lat' dir='ltr'><strong>et</strong></span> <span class='ocrx_word' id='word_1_516' title='bbox 2926 981 3168 1051; x_wconf 86' lang='lat' dir='ltr'><strong>simplex.</strong></span> <span class='ocrx_word' id='word_1_517' title='bbox 3215 980 3346 1035; x_wconf 88' lang='lat' dir='ltr'><strong>Nam</strong></span> <span class='ocrx_word' id='word_1_518' title='bbox 3383 982 3426 1035; x_wconf 86' lang='lat' dir='ltr'><strong>si</strong></span> <span class='ocrx_word' id='word_1_519' title='bbox 3467 982 3689 1038; x_wconf 83' lang='lat' dir='ltr'><strong>idoneus</strong></span> 
     </span>
    </p>
   </div>
   <div class='ocr_carea' id='block_1_70' title="bbox 2112 1072 3685 1145">
    <p class='ocr_par' dir='ltr' id='par_1_70' title="bbox 2112 1072 3685 1145">
     <span class='ocr_line' id='line_1_70' title="bbox 2112 1072 3685 1145; baseline 0.001 -19"><span class='ocrx_word' id='word_1_520' title='bbox 2112 1087 2283 1126; x_wconf 89' lang='lat' dir='ltr'><strong>essem</strong></span> <span class='ocrx_word' id='word_1_521' title='bbox 2315 1072 2733 1127; x_wconf 87' lang='lat' dir='ltr'><strong>administrando</strong></span> <span class='ocrx_word' id='word_1_522' title='bbox 2773 1072 2978 1127; x_wconf 88' lang='lat' dir='ltr'><strong>muneri</strong></span> <span class='ocrx_word' id='word_1_523' title='bbox 3004 1073 3151 1140; x_wconf 83' lang='lat' dir='ltr'><strong>juxta</strong></span> <span class='ocrx_word' id='word_1_524' title='bbox 3181 1073 3371 1128; x_wconf 88' lang='lat' dir='ltr'><strong>Christi</strong></span> <span class='ocrx_word' id='word_1_525' title='bbox 3398 1075 3649 1145; x_wconf 75' lang='lat' dir='ltr'><strong>placitura</strong></span> <span class='ocrx_word' id='word_1_526' title='bbox 3672 1116 3685 1140; x_wconf 91' lang='lat'><strong>,</strong></span> 
     </span>
    </p>
   </div>
   <div class='ocr_carea' id='block_1_71' title="bbox 2112 1166 3686 1236">
    <p class='ocr_par' dir='ltr' id='par_1_71' title="bbox 2112 1166 3686 1236">
     <span class='ocr_line' id='line_1_71' title="bbox 2112 1166 3686 1236; baseline 0.003 -17"><span class='ocrx_word' id='word_1_527' title='bbox 2112 1177 2165 1219; x_wconf 92' lang='lat' dir='ltr'><strong>ct</strong></span> <span class='ocrx_word' id='word_1_528' title='bbox 2186 1174 2357 1218; x_wconf 90' lang='lat' dir='ltr'><strong>tamen</strong></span> <span class='ocrx_word' id='word_1_529' title='bbox 2378 1166 2684 1235; x_wconf 86' lang='lat' dir='ltr'><strong>eﬁ&#39;ugcrem,</strong></span> <span class='ocrx_word' id='word_1_530' title='bbox 2709 1174 2891 1234; x_wconf 86' lang='lat' dir='ltr'><strong>argute</strong></span> <span class='ocrx_word' id='word_1_531' title='bbox 2912 1180 3095 1236; x_wconf 85' lang='lat' dir='ltr'><strong>posses</strong></span> <span class='ocrx_word' id='word_1_532' title='bbox 3114 1166 3252 1219; x_wconf 89' lang='lat' dir='ltr'><strong>dicta</strong></span> <span class='ocrx_word' id='word_1_533' title='bbox 3275 1182 3394 1220; x_wconf 86' lang='lat' dir='ltr'><strong>mea</strong></span> <span class='ocrx_word' id='word_1_534' title='bbox 3410 1168 3686 1223; x_wconf 80' lang='lat' dir='ltr'><strong>refellere:</strong></span> 
     </span>
    </p>
   </div>
   <div class='ocr_carea' id='block_1_72' title="bbox 2111 1254 3683 1324">
    <p class='ocr_par' dir='ltr' id='par_1_72' title="bbox 2111 1254 3683 1324">
     <span class='ocr_line' id='line_1_72' title="bbox 2111 1254 3683 1324; baseline 0.003 -16"><span class='ocrx_word' id='word_1_535' title='bbox 2111 1254 2233 1324; x_wconf 90' lang='lat' dir='ltr'><strong>quia</strong></span> <span class='ocrx_word' id='word_1_536' title='bbox 2262 1270 2389 1309; x_wconf 88' lang='lat' dir='ltr'><strong>vero</strong></span> <span class='ocrx_word' id='word_1_537' title='bbox 2418 1256 2580 1309; x_wconf 89' lang='lat' dir='ltr'><strong>animi</strong></span> <span class='ocrx_word' id='word_1_538' title='bbox 2612 1255 2943 1309; x_wconf 89' lang='lat' dir='ltr'><strong>imbecillitas</strong></span> <span class='ocrx_word' id='word_1_539' title='bbox 2975 1256 3095 1311; x_wconf 91' lang='lat' dir='ltr'><strong>huic</strong></span> <span class='ocrx_word' id='word_1_540' title='bbox 3125 1272 3209 1311; x_wconf 92' lang='lat' dir='ltr'><strong>me</strong></span> <span class='ocrx_word' id='word_1_541' title='bbox 3239 1255 3415 1311; x_wconf 85' lang='lat' dir='ltr'><strong>ofﬁcio</strong></span> <span class='ocrx_word' id='word_1_542' title='bbox 3447 1257 3683 1312; x_wconf 77' lang='lat' dir='ltr'><strong>inutilem</strong></span> 
     </span>
    </p>
   </div>
   <div class='ocr_carea' id='block_1_73' title="bbox 2109 1346 3689 1416">
    <p class='ocr_par' dir='ltr' id='par_1_73' title="bbox 2109 1346 3689 1416">
     <span class='ocr_line' id='line_1_73' title="bbox 2109 1346 3689 1416; baseline 0.004 -15"><span class='ocrx_word' id='word_1_543' title='bbox 2109 1346 2398 1411; x_wconf 90' lang='lat' dir='ltr'><strong>constituit,</strong></span> <span class='ocrx_word' id='word_1_544' title='bbox 2446 1362 2540 1401; x_wconf 89' lang='lat' dir='ltr'><strong>cur</strong></span> <span class='ocrx_word' id='word_1_545' title='bbox 2583 1346 2881 1416; x_wconf 89' lang='lat' dir='ltr'><strong>objectione</strong></span> <span class='ocrx_word' id='word_1_546' title='bbox 2919 1362 3051 1416; x_wconf 90' lang='lat' dir='ltr'><strong>opus</strong></span> <span class='ocrx_word' id='word_1_547' title='bbox 3088 1349 3226 1402; x_wconf 85' lang='lat' dir='ltr'><strong>erit?</strong></span> <span class='ocrx_word' id='word_1_548' title='bbox 3262 1349 3470 1405; x_wconf 87' lang='lat' dir='ltr'><strong>Etenim</strong></span> <span class='ocrx_word' id='word_1_549' title='bbox 3498 1366 3689 1407; x_wconf 84' lang='lat' dir='ltr'><strong>vereor</strong></span> 
     </span>
    </p>
   </div>
   <div class='ocr_carea' id='block_1_74' title="bbox 2109 1437 3684 1511">
    <p class='ocr_par' dir='ltr' id='par_1_74' title="bbox 2109 1437 3684 1511">
     <span class='ocr_line' id='line_1_74' title="bbox 2109 1437 3684 1511; baseline 0.003 -21"><span class='ocrx_word' id='word_1_550' title='bbox 2109 1452 2176 1491; x_wconf 91' lang='lat' dir='ltr'><strong>ne</strong></span> <span class='ocrx_word' id='word_1_551' title='bbox 2205 1437 2249 1491; x_wconf 90' lang='lat' dir='ltr'><strong>si</strong></span> <span class='ocrx_word' id='word_1_552' title='bbox 2274 1453 2486 1508; x_wconf 82' lang='lat' dir='ltr'><strong>gregem</strong></span> <span class='ocrx_word' id='word_1_553' title='bbox 2511 1438 2702 1492; x_wconf 85' lang='lat' dir='ltr'><strong>Christi</strong></span> <span class='ocrx_word' id='word_1_554' title='bbox 2733 1439 2869 1493; x_wconf 89' lang='lat' dir='ltr'><strong>bene</strong></span> <span class='ocrx_word' id='word_1_555' title='bbox 2891 1439 3149 1493; x_wconf 80' lang='lat' dir='ltr'><strong>valentem</strong></span> <span class='ocrx_word' id='word_1_556' title='bbox 3179 1454 3243 1494; x_wconf 91' lang='lat' dir='ltr'><strong>ac</strong></span> <span class='ocrx_word' id='word_1_557' title='bbox 3266 1448 3510 1511; x_wconf 84' lang='lat' dir='ltr'><strong>vegetum</strong></span> <span class='ocrx_word' id='word_1_558' title='bbox 3542 1444 3684 1495; x_wconf 84' lang='lat' dir='ltr'><strong>acci-</strong></span> 
     </span>
    </p>
   </div>
   <div class='ocr_carea' id='block_1_75' title="bbox 2108 1527 3682 1599">
    <p class='ocr_par' dir='ltr' id='par_1_75' title="bbox 2108 1527 3682 1599">
     <span class='ocr_line' id='line_1_75' title="bbox 2108 1527 3682 1599; baseline 0.005 -19"><span class='ocrx_word' id='word_1_559' title='bbox 2108 1528 2246 1596; x_wconf 89' lang='lat' dir='ltr'><strong>piam</strong></span> <span class='ocrx_word' id='word_1_560' title='bbox 2266 1568 2281 1593; x_wconf 93' lang='lat'><strong>,</strong></span> <span class='ocrx_word' id='word_1_561' title='bbox 2326 1527 2623 1598; x_wconf 89' lang='lat' dir='ltr'><strong>deindeque</strong></span> <span class='ocrx_word' id='word_1_562' title='bbox 2653 1529 2823 1598; x_wconf 89' lang='lat' dir='ltr'><strong>ipsum</strong></span> <span class='ocrx_word' id='word_1_563' title='bbox 2869 1529 3068 1583; x_wconf 89' lang='lat' dir='ltr'><strong>incuria</strong></span> <span class='ocrx_word' id='word_1_564' title='bbox 3108 1530 3322 1599; x_wconf 83' lang='lat' dir='ltr'><strong>perdam</strong></span> <span class='ocrx_word' id='word_1_565' title='bbox 3343 1572 3356 1596; x_wconf 92' lang='lat'><strong>,</strong></span> <span class='ocrx_word' id='word_1_566' title='bbox 3391 1531 3560 1586; x_wconf 88' lang='lat' dir='ltr'><strong>Deum</strong></span> <span class='ocrx_word' id='word_1_567' title='bbox 3587 1533 3682 1588; x_wconf 82' lang='lat' dir='ltr'><strong>ad-</strong></span> 
     </span>
    </p>
   </div>
   <div class='ocr_carea' id='block_1_76' title="bbox 2106 1618 3682 1690">
    <p class='ocr_par' dir='ltr' id='par_1_76' title="bbox 2106 1618 3682 1690">
     <span class='ocr_line' id='line_1_76' title="bbox 2106 1618 3682 1690; baseline 0.005 -20"><span class='ocrx_word' id='word_1_568' title='bbox 2106 1632 2317 1671; x_wconf 87' lang='lat' dir='ltr'><strong>versum</strong></span> <span class='ocrx_word' id='word_1_569' title='bbox 2349 1633 2432 1671; x_wconf 91' lang='lat' dir='ltr'><strong>me</strong></span> <span class='ocrx_word' id='word_1_570' title='bbox 2463 1618 2661 1672; x_wconf 89' lang='lat' dir='ltr'><strong>irritem</strong></span> <span class='ocrx_word' id='word_1_571' title='bbox 2684 1659 2697 1683; x_wconf 89' lang='lat'><strong>,</strong></span> <span class='ocrx_word' id='word_1_572' title='bbox 2728 1619 2816 1688; x_wconf 90' lang='lat' dir='ltr'><strong>qui</strong></span> <span class='ocrx_word' id='word_1_573' title='bbox 2845 1619 2914 1673; x_wconf 92' lang='lat' dir='ltr'><strong>ita</strong></span> <span class='ocrx_word' id='word_1_574' title='bbox 2960 1619 3128 1687; x_wconf 89' lang='lat' dir='ltr'><strong>ipsum</strong></span> <span class='ocrx_word' id='word_1_575' title='bbox 3162 1630 3299 1673; x_wconf 90' lang='lat' dir='ltr'><strong>amat</strong></span> <span class='ocrx_word' id='word_1_576' title='bbox 3326 1660 3343 1685; x_wconf 90' lang='lat'><strong>,</strong></span> <span class='ocrx_word' id='word_1_577' title='bbox 3386 1629 3440 1673; x_wconf 90' lang='lat' dir='ltr'><strong>ut</strong></span> <span class='ocrx_word' id='word_1_578' title='bbox 3469 1621 3535 1675; x_wconf 89' lang='lat' dir='ltr'><strong>ad</strong></span> <span class='ocrx_word' id='word_1_579' title='bbox 3566 1624 3682 1690; x_wconf 86' lang='lat' dir='ltr'><strong>ejus</strong></span> 
     </span>
    </p>
   </div>
   <div class='ocr_carea' id='block_1_77' title="bbox 2106 1709 3681 1777">
    <p class='ocr_par' dir='ltr' id='par_1_77' title="bbox 2106 1709 3681 1777">
     <span class='ocr_line' id='line_1_77' title="bbox 2106 1709 3681 1777; baseline 0.003 -15"><span class='ocrx_word' id='word_1_580' title='bbox 2106 1709 2328 1763; x_wconf 87' lang='lat' dir='ltr'><strong>salutem</strong></span> <span class='ocrx_word' id='word_1_581' title='bbox 2360 1709 2411 1762; x_wconf 92' lang='lat' dir='ltr'><strong>in</strong></span> <span class='ocrx_word' id='word_1_582' title='bbox 2444 1710 2665 1777; x_wconf 89' lang='lat' dir='ltr'><strong>pretium</strong></span> <span class='ocrx_word' id='word_1_583' title='bbox 2708 1723 2825 1764; x_wconf 88' lang='lat' dir='ltr'><strong>sese</strong></span> <span class='ocrx_word' id='word_1_584' title='bbox 2865 1710 3155 1764; x_wconf 88' lang='lat' dir='ltr'><strong>tradiderit.</strong></span> <span class='ocrx_word' id='word_1_585' title='bbox 3196 1710 3521 1767; x_wconf 73' lang='lat' dir='ltr'><strong>BASILIUS.</strong></span> <span class='ocrx_word' id='word_1_586' title='bbox 3570 1713 3681 1767; x_wconf 88' lang='lat' dir='ltr'><strong>Lu-</strong></span> 
     </span>
    </p>
   </div>
   <div class='ocr_carea' id='block_1_78' title="bbox 2105 1799 3677 1874">
    <p class='ocr_par' dir='ltr' id='par_1_78' title="bbox 2105 1799 3677 1874">
     <span class='ocr_line' id='line_1_78' title="bbox 2105 1799 3677 1874; baseline 0.003 -21"><span class='ocrx_word' id='word_1_587' title='bbox 2105 1799 2256 1865; x_wconf 90' lang='lat' dir='ltr'><strong>dens,</strong></span> <span class='ocrx_word' id='word_1_588' title='bbox 2286 1800 2472 1869; x_wconf 91' lang='lat' dir='ltr'><strong>inquit,</strong></span> <span class='ocrx_word' id='word_1_589' title='bbox 2500 1800 2611 1854; x_wconf 79' lang='lat' dir='ltr'><strong>haec</strong></span> <span class='ocrx_word' id='word_1_590' title='bbox 2632 1800 2764 1855; x_wconf 90' lang='lat' dir='ltr'><strong>dicis</strong></span> <span class='ocrx_word' id='word_1_591' title='bbox 2788 1817 2802 1854; x_wconf 89' lang='lat'><strong>:</strong></span> <span class='ocrx_word' id='word_1_592' title='bbox 2828 1816 2947 1854; x_wconf 85' lang='lat' dir='ltr'><strong>nam</strong></span> <span class='ocrx_word' id='word_1_593' title='bbox 2973 1802 3015 1855; x_wconf 87' lang='lat' dir='ltr'><strong>si</strong></span> <span class='ocrx_word' id='word_1_594' title='bbox 3039 1802 3199 1863; x_wconf 89' lang='lat' dir='ltr'><strong>serio,</strong></span> <span class='ocrx_word' id='word_1_595' title='bbox 3234 1816 3337 1855; x_wconf 88' lang='lat' dir='ltr'><strong>non</strong></span> <span class='ocrx_word' id='word_1_596' title='bbox 3366 1803 3518 1858; x_wconf 73' lang='lat' dir='ltr'><strong>video</strong></span> <span class='ocrx_word' id='word_1_597' title='bbox 3542 1821 3677 1874; x_wconf 90' lang='lat' dir='ltr'><strong>quo-</strong></span> 
     </span>
    </p>
   </div>
   <div class='ocr_carea' id='block_1_79' title="bbox 2104 1890 3677 1963">
    <p class='ocr_par' dir='ltr' id='par_1_79' title="bbox 2104 1890 3677 1963">
     <span class='ocr_line' id='line_1_79' title="bbox 2104 1890 3677 1963; baseline 0.004 -20"><span class='ocrx_word' id='word_1_598' title='bbox 2104 1890 2261 1944; x_wconf 88' lang='lat' dir='ltr'><strong>modo</strong></span> <span class='ocrx_word' id='word_1_599' title='bbox 2290 1891 2480 1944; x_wconf 88' lang='lat' dir='ltr'><strong>melius</strong></span> <span class='ocrx_word' id='word_1_600' title='bbox 2529 1890 2892 1945; x_wconf 89' lang='lat' dir='ltr'><strong>demonstrare</strong></span> <span class='ocrx_word' id='word_1_601' title='bbox 2932 1890 3160 1945; x_wconf 85' lang='lat' dir='ltr'><strong>volucris</strong></span> <span class='ocrx_word' id='word_1_602' title='bbox 3190 1907 3284 1946; x_wconf 88' lang='lat' dir='ltr'><strong>nos</strong></span> <span class='ocrx_word' id='word_1_603' title='bbox 3309 1894 3426 1963; x_wconf 89' lang='lat' dir='ltr'><strong>jure</strong></span> <span class='ocrx_word' id='word_1_604' title='bbox 3456 1894 3639 1950; x_wconf 89' lang='lat' dir='ltr'><strong>dolere</strong></span> <span class='ocrx_word' id='word_1_605' title='bbox 3661 1938 3677 1962; x_wconf 90' lang='lat'><strong>,</strong></span> 
     </span>
    </p>
   </div>
   <div class='ocr_carea' id='block_1_80' title="bbox 2103 1979 3681 2054">
    <p class='ocr_par' dir='ltr' id='par_1_80' title="bbox 2103 1979 3681 2054">
     <span class='ocr_line' id='line_1_80' title="bbox 2103 1979 3681 2054; baseline 0.005 -22"><span class='ocrx_word' id='word_1_606' title='bbox 2103 1995 2260 2049; x_wconf 86' lang='lat' dir='ltr'><strong>quam</strong></span> <span class='ocrx_word' id='word_1_607' title='bbox 2291 1979 2439 2035; x_wconf 87' lang='lat' dir='ltr'><strong>hisce</strong></span> <span class='ocrx_word' id='word_1_608' title='bbox 2469 1981 2641 2034; x_wconf 82' lang='lat' dir='ltr'><strong>verbis</strong></span> <span class='ocrx_word' id='word_1_609' title='bbox 2673 1981 2775 2034; x_wconf 90' lang='lat' dir='ltr'><strong>tuis</strong></span> <span class='ocrx_word' id='word_1_610' title='bbox 2799 2021 2812 2043; x_wconf 91' lang='lat'><strong>,</strong></span> <span class='ocrx_word' id='word_1_611' title='bbox 2857 1980 3048 2050; x_wconf 92' lang='lat' dir='ltr'><strong>quibus</strong></span> <span class='ocrx_word' id='word_1_612' title='bbox 3088 1996 3370 2037; x_wconf 79' lang='lat' dir='ltr'><strong>mmrorem</strong></span> <span class='ocrx_word' id='word_1_613' title='bbox 3412 1983 3681 2054; x_wconf 87' lang='lat' dir='ltr'><strong>depellere</strong></span> 
     </span>
    </p>
   </div>
   <div class='ocr_carea' id='block_1_81' title="bbox 2101 2069 3676 2141">
    <p class='ocr_par' dir='ltr' id='par_1_81' title="bbox 2101 2069 3676 2141">
     <span class='ocr_line' id='line_1_81' title="bbox 2101 2069 3676 2141; baseline 0.004 -18"><span class='ocrx_word' id='word_1_614' title='bbox 2101 2069 2346 2124; x_wconf 83' lang='lat' dir='ltr'><strong>curabas.</strong></span> <span class='ocrx_word' id='word_1_615' title='bbox 2381 2071 2489 2139; x_wconf 86' lang='lat' dir='ltr'><strong>Ego</strong></span> <span class='ocrx_word' id='word_1_616' title='bbox 2515 2071 2655 2124; x_wconf 90' lang='lat' dir='ltr'><strong>enim</strong></span> <span class='ocrx_word' id='word_1_617' title='bbox 2681 2071 2800 2124; x_wconf 87' lang='lat' dir='ltr'><strong>licet</strong></span> <span class='ocrx_word' id='word_1_618' title='bbox 2828 2070 2971 2138; x_wconf 89' lang='lat' dir='ltr'><strong>prius</strong></span> <span class='ocrx_word' id='word_1_619' title='bbox 2996 2071 3231 2126; x_wconf 84' lang='lat' dir='ltr'><strong>noverim</strong></span> <span class='ocrx_word' id='word_1_620' title='bbox 3260 2088 3344 2127; x_wconf 90' lang='lat' dir='ltr'><strong>me</strong></span> <span class='ocrx_word' id='word_1_621' title='bbox 3381 2089 3476 2141; x_wconf 89' lang='lat' dir='ltr'><strong>per</strong></span> <span class='ocrx_word' id='word_1_622' title='bbox 3503 2083 3554 2130; x_wconf 89' lang='lat' dir='ltr'><strong>te</strong></span> <span class='ocrx_word' id='word_1_623' title='bbox 3580 2075 3676 2130; x_wconf 87' lang='lat' dir='ltr'><strong>de-</strong></span> 
     </span>
    </p>
   </div>
   <div class='ocr_carea' id='block_1_82' title="bbox 2103 2158 3675 2232">
    <p class='ocr_par' dir='ltr' id='par_1_82' title="bbox 2103 2158 3675 2232">
     <span class='ocr_line' id='line_1_82' title="bbox 2103 2158 3675 2232; baseline 0.002 -18"><span class='ocrx_word' id='word_1_624' title='bbox 2103 2169 2313 2228; x_wconf 85' lang='lat' dir='ltr'><strong>ceptum</strong></span> <span class='ocrx_word' id='word_1_625' title='bbox 2342 2175 2402 2213; x_wconf 89' lang='lat' dir='ltr'><strong>ac</strong></span> <span class='ocrx_word' id='word_1_626' title='bbox 2429 2160 2692 2229; x_wconf 88' lang='lat' dir='ltr'><strong>proditum</strong></span> <span class='ocrx_word' id='word_1_627' title='bbox 2720 2158 2883 2215; x_wconf 89' lang='lat' dir='ltr'><strong>fuisse</strong></span> <span class='ocrx_word' id='word_1_628' title='bbox 2906 2201 2920 2225; x_wconf 87' lang='lat'><strong>,</strong></span> <span class='ocrx_word' id='word_1_629' title='bbox 2956 2176 3097 2214; x_wconf 90' lang='lat' dir='ltr'><strong>nunc</strong></span> <span class='ocrx_word' id='word_1_630' title='bbox 3122 2176 3249 2216; x_wconf 87' lang='lat' dir='ltr'><strong>sane</strong></span> <span class='ocrx_word' id='word_1_631' title='bbox 3275 2163 3442 2217; x_wconf 90' lang='lat' dir='ltr'><strong>multo</strong></span> <span class='ocrx_word' id='word_1_632' title='bbox 3470 2164 3639 2232; x_wconf 86' lang='lat' dir='ltr'><strong>magis</strong></span> <span class='ocrx_word' id='word_1_633' title='bbox 3659 2206 3675 2230; x_wconf 92' lang='lat'><strong>,</strong></span> 
     </span>
    </p>
   </div>
   <div class='ocr_carea' id='block_1_83' title="bbox 2101 2249 3678 2321">
    <p class='ocr_par' dir='ltr' id='par_1_83' title="bbox 2101 2249 3678 2321">
     <span class='ocr_line' id='line_1_83' title="bbox 2101 2249 3678 2321; baseline 0.005 -19"><span class='ocrx_word' id='word_1_634' title='bbox 2101 2251 2311 2320; x_wconf 91' lang='lat' dir='ltr'><strong>quando</strong></span> <span class='ocrx_word' id='word_1_635' title='bbox 2349 2249 2553 2321; x_wconf 82' lang='lat' dir='ltr'><strong>objecta</strong></span> <span class='ocrx_word' id='word_1_636' title='bbox 2600 2250 2689 2304; x_wconf 93' lang='lat' dir='ltr'><strong>tibi</strong></span> <span class='ocrx_word' id='word_1_637' title='bbox 2732 2251 2952 2305; x_wconf 87' lang='lat' dir='ltr'><strong>crimina</strong></span> <span class='ocrx_word' id='word_1_638' title='bbox 2997 2251 3199 2307; x_wconf 91' lang='lat' dir='ltr'><strong>diluere</strong></span> <span class='ocrx_word' id='word_1_639' title='bbox 3243 2263 3461 2308; x_wconf 90' lang='lat' dir='ltr'><strong>conatus</strong></span> <span class='ocrx_word' id='word_1_640' title='bbox 3487 2269 3575 2319; x_wconf 90' lang='lat' dir='ltr'><strong>es,</strong></span> <span class='ocrx_word' id='word_1_641' title='bbox 3626 2256 3678 2310; x_wconf 88' lang='lat' dir='ltr'><strong>id</strong></span> 
     </span>
    </p>
   </div>
   <div class='ocr_carea' id='block_1_84' title="bbox 2101 2340 3676 2410">
    <p class='ocr_par' dir='ltr' id='par_1_84' title="bbox 2101 2340 3676 2410">
     <span class='ocr_line' id='line_1_84' title="bbox 2101 2340 3676 2410; baseline 0.003 -16"><span class='ocrx_word' id='word_1_642' title='bbox 2101 2341 2280 2395; x_wconf 90' lang='lat' dir='ltr'><strong>edisco</strong></span> <span class='ocrx_word' id='word_1_643' title='bbox 2305 2348 2358 2394; x_wconf 91' lang='lat' dir='ltr'><strong>et</strong></span> <span class='ocrx_word' id='word_1_644' title='bbox 2388 2340 2550 2409; x_wconf 81' lang='lat' dir='ltr'><strong>probe</strong></span> <span class='ocrx_word' id='word_1_645' title='bbox 2590 2340 2827 2410; x_wconf 88' lang='lat' dir='ltr'><strong>intelligo</strong></span> <span class='ocrx_word' id='word_1_646' title='bbox 2850 2380 2865 2406; x_wconf 87' lang='lat'><strong>,</strong></span> <span class='ocrx_word' id='word_1_647' title='bbox 2914 2356 3018 2410; x_wconf 79' lang='lat' dir='ltr'><strong>quo</strong></span> <span class='ocrx_word' id='word_1_648' title='bbox 3062 2357 3146 2396; x_wconf 88' lang='lat' dir='ltr'><strong>me</strong></span> <span class='ocrx_word' id='word_1_649' title='bbox 3178 2342 3386 2396; x_wconf 76' lang='lat' dir='ltr'><strong>tandem</strong></span> <span class='ocrx_word' id='word_1_650' title='bbox 3415 2344 3676 2404; x_wconf 87' lang='lat' dir='ltr'><strong>malorum</strong></span> 
     </span>
    </p>
   </div>
   <div class='ocr_carea' id='block_1_85' title="bbox 2101 2430 3672 2501">
    <p class='ocr_par' dir='ltr' id='par_1_85' title="bbox 2101 2430 3672 2501">
     <span class='ocr_line' id='line_1_85' title="bbox 2101 2430 3672 2501; baseline 0.002 -15"><span class='ocrx_word' id='word_1_651' title='bbox 2101 2430 2392 2486; x_wconf 75' lang='lat' dir='ltr'><strong>induxeris.</strong></span> <span class='ocrx_word' id='word_1_652' title='bbox 2422 2431 2552 2486; x_wconf 86' lang='lat' dir='ltr'><strong>Nam</strong></span> <span class='ocrx_word' id='word_1_653' title='bbox 2575 2432 2618 2485; x_wconf 89' lang='lat' dir='ltr'><strong>si</strong></span> <span class='ocrx_word' id='word_1_654' title='bbox 2638 2438 2687 2486; x_wconf 89' lang='lat' dir='ltr'><strong>te</strong></span> <span class='ocrx_word' id='word_1_655' title='bbox 2709 2431 2827 2486; x_wconf 91' lang='lat' dir='ltr'><strong>ideo</strong></span> <span class='ocrx_word' id='word_1_656' title='bbox 2843 2432 2909 2485; x_wconf 89' lang='lat' dir='ltr'><strong>ab</strong></span> <span class='ocrx_word' id='word_1_657' title='bbox 2928 2431 3029 2486; x_wconf 90' lang='lat' dir='ltr'><strong>hoc</strong></span> <span class='ocrx_word' id='word_1_658' title='bbox 3045 2433 3336 2488; x_wconf 86' lang='lat' dir='ltr'><strong>ministerio</strong></span> <span class='ocrx_word' id='word_1_659' title='bbox 3351 2434 3672 2501; x_wconf 70' lang='lat' dir='ltr'><strong>subduxisti,</strong></span> 
     </span>
    </p>
   </div>
   <div class='ocr_carea' id='block_1_86' title="bbox 2101 2522 3678 2596">
    <p class='ocr_par' dir='ltr' id='par_1_86' title="bbox 2101 2522 3678 2596">
     <span class='ocr_line' id='line_1_86' title="bbox 2101 2522 3678 2596; baseline 0.008 -23"><span class='ocrx_word' id='word_1_660' title='bbox 2101 2524 2217 2590; x_wconf 87' lang='lat' dir='ltr'><strong>quia</strong></span> <span class='ocrx_word' id='word_1_661' title='bbox 2246 2522 2477 2577; x_wconf 88' lang='lat' dir='ltr'><strong>animum</strong></span> <span class='ocrx_word' id='word_1_662' title='bbox 2508 2532 2651 2577; x_wconf 91' lang='lat' dir='ltr'><strong>tuum</strong></span> <span class='ocrx_word' id='word_1_663' title='bbox 2682 2533 2839 2577; x_wconf 72' lang='lat' dir='ltr'><strong>tanta:</strong></span> <span class='ocrx_word' id='word_1_664' title='bbox 2873 2523 3027 2578; x_wconf 91' lang='lat' dir='ltr'><strong>molis</strong></span> <span class='ocrx_word' id='word_1_665' title='bbox 3065 2525 3141 2578; x_wconf 90' lang='lat' dir='ltr'><strong>rei</strong></span> <span class='ocrx_word' id='word_1_666' title='bbox 3186 2540 3368 2596; x_wconf 90' lang='lat' dir='ltr'><strong>parem</strong></span> <span class='ocrx_word' id='word_1_667' title='bbox 3411 2543 3515 2582; x_wconf 90' lang='lat' dir='ltr'><strong>non</strong></span> <span class='ocrx_word' id='word_1_668' title='bbox 3552 2543 3678 2585; x_wconf 78' lang='lat' dir='ltr'><strong>esse</strong></span> 
     </span>
    </p>
   </div>
   <div class='ocr_carea' id='block_1_87' title="bbox 2101 2613 3672 2685">
    <p class='ocr_par' dir='ltr' id='par_1_87' title="bbox 2101 2613 3672 2685">
     <span class='ocr_line' id='line_1_87' title="bbox 2101 2613 3672 2685; baseline 0.006 -19"><span class='ocrx_word' id='word_1_669' title='bbox 2101 2613 2341 2680; x_wconf 87' lang='lat' dir='ltr'><strong>sciebas,</strong></span> <span class='ocrx_word' id='word_1_670' title='bbox 2390 2630 2474 2667; x_wconf 87' lang='lat' dir='ltr'><strong>me</strong></span> <span class='ocrx_word' id='word_1_671' title='bbox 2517 2615 2661 2683; x_wconf 90' lang='lat' dir='ltr'><strong>prius</strong></span> <span class='ocrx_word' id='word_1_672' title='bbox 2708 2625 2944 2683; x_wconf 87' lang='lat' dir='ltr'><strong>ereptum</strong></span> <span class='ocrx_word' id='word_1_673' title='bbox 2993 2619 3261 2685; x_wconf 88' lang='lat' dir='ltr'><strong>oportuit,</strong></span> <span class='ocrx_word' id='word_1_674' title='bbox 3315 2619 3473 2673; x_wconf 89' lang='lat' dir='ltr'><strong>etiam</strong></span> <span class='ocrx_word' id='word_1_675' title='bbox 3521 2621 3565 2674; x_wconf 92' lang='lat' dir='ltr'><strong>si</strong></span> <span class='ocrx_word' id='word_1_676' title='bbox 3621 2622 3672 2675; x_wconf 93' lang='lat' dir='ltr'><strong>id</strong></span> 
     </span>
    </p>
   </div>
   <div class='ocr_carea' id='block_1_88' title="bbox 2100 2703 3672 2763">
    <p class='ocr_par' dir='ltr' id='par_1_88' title="bbox 2100 2703 3672 2763">
     <span class='ocr_line' id='line_1_88' title="bbox 2100 2703 3672 2763; baseline 0.005 -8"><span class='ocrx_word' id='word_1_677' title='bbox 2100 2719 2308 2757; x_wconf 88' lang='lat' dir='ltr'><strong>summo</strong></span> <span class='ocrx_word' id='word_1_678' title='bbox 2334 2703 2511 2758; x_wconf 89' lang='lat' dir='ltr'><strong>studio</strong></span> <span class='ocrx_word' id='word_1_679' title='bbox 2542 2704 2875 2758; x_wconf 86' lang='lat' dir='ltr'><strong>ambivissem</strong></span> <span class='ocrx_word' id='word_1_680' title='bbox 2901 2722 2915 2757; x_wconf 92' lang='lat'><strong>:</strong></span> <span class='ocrx_word' id='word_1_681' title='bbox 2939 2720 3007 2759; x_wconf 87' lang='lat' dir='ltr'><strong>ne</strong></span> <span class='ocrx_word' id='word_1_682' title='bbox 3048 2705 3221 2760; x_wconf 88' lang='lat' dir='ltr'><strong>dicam</strong></span> <span class='ocrx_word' id='word_1_683' title='bbox 3250 2722 3336 2763; x_wconf 90' lang='lat' dir='ltr'><strong>me</strong></span> <span class='ocrx_word' id='word_1_684' title='bbox 3363 2708 3452 2762; x_wconf 88' lang='lat' dir='ltr'><strong>tibi</strong></span> <span class='ocrx_word' id='word_1_685' title='bbox 3484 2709 3672 2763; x_wconf 88' lang='lat' dir='ltr'><strong>horum</strong></span> 
     </span>
    </p>
   </div>
   <div class='ocr_carea' id='block_1_89' title="bbox 2103 2794 3674 2863">
    <p class='ocr_par' dir='ltr' id='par_1_89' title="bbox 2103 2794 3674 2863">
     <span class='ocr_line' id='line_1_89' title="bbox 2103 2794 3674 2863; baseline 0.004 -15"><span class='ocrx_word' id='word_1_686' title='bbox 2103 2794 2380 2848; x_wconf 90' lang='lat' dir='ltr'><strong>consilium</strong></span> <span class='ocrx_word' id='word_1_687' title='bbox 2422 2795 2630 2863; x_wconf 87' lang='lat' dir='ltr'><strong>penitus</strong></span> <span class='ocrx_word' id='word_1_688' title='bbox 2661 2794 3009 2849; x_wconf 88' lang='lat' dir='ltr'><strong>commisisse.</strong></span> <span class='ocrx_word' id='word_1_689' title='bbox 3034 2795 3183 2851; x_wconf 79' lang='lat' dir='ltr'><strong>Nunc</strong></span> <span class='ocrx_word' id='word_1_690' title='bbox 3206 2812 3334 2851; x_wconf 90' lang='lat' dir='ltr'><strong>vero</strong></span> <span class='ocrx_word' id='word_1_691' title='bbox 3360 2814 3472 2852; x_wconf 87' lang='lat' dir='ltr'><strong>rem</strong></span> <span class='ocrx_word' id='word_1_692' title='bbox 3499 2800 3674 2854; x_wconf 87' lang='lat' dir='ltr'><strong>solum</strong></span> 
     </span>
    </p>
   </div>
   <div class='ocr_carea' id='block_1_90' title="bbox 2101 2886 3673 2960">
    <p class='ocr_par' dir='ltr' id='par_1_90' title="bbox 2101 2886 3673 2960">
     <span class='ocr_line' id='line_1_90' title="bbox 2101 2886 3673 2960; baseline 0.003 -20"><span class='ocrx_word' id='word_1_693' title='bbox 2101 2895 2243 2940; x_wconf 90' lang='lat' dir='ltr'><strong>tuam</strong></span> <span class='ocrx_word' id='word_1_694' title='bbox 2285 2886 2353 2940; x_wconf 88' lang='lat' dir='ltr'><strong>ob</strong></span> <span class='ocrx_word' id='word_1_695' title='bbox 2378 2887 2561 2940; x_wconf 90' lang='lat' dir='ltr'><strong>oculos</strong></span> <span class='ocrx_word' id='word_1_696' title='bbox 2603 2886 2803 2941; x_wconf 88' lang='lat' dir='ltr'><strong>habens</strong></span> <span class='ocrx_word' id='word_1_697' title='bbox 2833 2902 3001 2941; x_wconf 90' lang='lat' dir='ltr'><strong>meam</strong></span> <span class='ocrx_word' id='word_1_698' title='bbox 3040 2887 3335 2957; x_wconf 78' lang='lat' dir='ltr'><strong>neglexisti.</strong></span> <span class='ocrx_word' id='word_1_699' title='bbox 3360 2891 3533 2960; x_wconf 83' lang='lat' dir='ltr'><strong>Atque</strong></span> <span class='ocrx_word' id='word_1_700' title='bbox 3561 2892 3673 2945; x_wconf 88' lang='lat' dir='ltr'><strong>uti-</strong></span> 
     </span>
    </p>
   </div>
   <div class='ocr_carea' id='block_1_91' title="bbox 2101 2976 3670 3048">
    <p class='ocr_par' dir='ltr' id='par_1_91' title="bbox 2101 2976 3670 3048">
     <span class='ocr_line' id='line_1_91' title="bbox 2101 2976 3670 3048; baseline 0.003 -18"><span class='ocrx_word' id='word_1_701' title='bbox 2101 2992 2221 3030; x_wconf 89' lang='lat' dir='ltr'><strong>nam</strong></span> <span class='ocrx_word' id='word_1_702' title='bbox 2254 2977 2606 3047; x_wconf 80' lang='lat' dir='ltr'><strong>neglexisses!</strong></span> <span class='ocrx_word' id='word_1_703' title='bbox 2635 2976 2685 3030; x_wconf 91' lang='lat' dir='ltr'><strong>id</strong></span> <span class='ocrx_word' id='word_1_704' title='bbox 2710 2992 2838 3032; x_wconf 88' lang='lat' dir='ltr'><strong>sane</strong></span> <span class='ocrx_word' id='word_1_705' title='bbox 2863 2977 3150 3046; x_wconf 85' lang='lat' dir='ltr'><strong>optandum</strong></span> <span class='ocrx_word' id='word_1_706' title='bbox 3173 2988 3313 3034; x_wconf 88' lang='lat' dir='ltr'><strong>esset</strong></span> <span class='ocrx_word' id='word_1_707' title='bbox 3338 2998 3351 3034; x_wconf 89' lang='lat'><strong>:</strong></span> <span class='ocrx_word' id='word_1_708' title='bbox 3378 2997 3561 3038; x_wconf 84' lang='lat' dir='ltr'><strong>verum</strong></span> <span class='ocrx_word' id='word_1_709' title='bbox 3593 2994 3670 3048; x_wconf 88' lang='lat' dir='ltr'><strong>tn,</strong></span> 
     </span>
    </p>
   </div>
   <div class='ocr_carea' id='block_1_92' title="bbox 2098 3067 3670 3139">
    <p class='ocr_par' dir='ltr' id='par_1_92' title="bbox 2098 3067 3670 3139">
     <span class='ocr_line' id='line_1_92' title="bbox 2098 3067 3670 3139; baseline 0.005 -19"><span class='ocrx_word' id='word_1_710' title='bbox 2098 3076 2154 3121; x_wconf 89' lang='lat' dir='ltr'><strong>ut</strong></span> <span class='ocrx_word' id='word_1_711' title='bbox 2182 3067 2385 3122; x_wconf 88' lang='lat' dir='ltr'><strong>facilius</strong></span> <span class='ocrx_word' id='word_1_712' title='bbox 2409 3084 2436 3122; x_wconf 91' lang='lat' dir='ltr'><strong>a</strong></span> <span class='ocrx_word' id='word_1_713' title='bbox 2467 3068 2825 3139; x_wconf 71' lang='lat' dir='ltr'><strong>qurereutibus</strong></span> <span class='ocrx_word' id='word_1_714' title='bbox 2862 3083 3084 3137; x_wconf 87' lang='lat' dir='ltr'><strong>caperer</strong></span> <span class='ocrx_word' id='word_1_715' title='bbox 3103 3109 3118 3132; x_wconf 89' lang='lat'><strong>,</strong></span> <span class='ocrx_word' id='word_1_716' title='bbox 3166 3070 3382 3125; x_wconf 87' lang='lat' dir='ltr'><strong>insidias</strong></span> <span class='ocrx_word' id='word_1_717' title='bbox 3407 3074 3670 3128; x_wconf 87' lang='lat' dir='ltr'><strong>struxisti.</strong></span> 
     </span>
    </p>
   </div>
   <div class='ocr_carea' id='block_1_93' title="bbox 2096 3157 3669 3230">
    <p class='ocr_par' dir='ltr' id='par_1_93' title="bbox 2096 3157 3669 3230">
     <span class='ocr_line' id='line_1_93' title="bbox 2096 3157 3669 3230; baseline 0.004 -18"><span class='ocrx_word' id='word_1_718' title='bbox 2096 3157 2276 3228; x_wconf 87' lang='lat' dir='ltr'><strong>Neque</strong></span> <span class='ocrx_word' id='word_1_719' title='bbox 2301 3160 2441 3214; x_wconf 87' lang='lat' dir='ltr'><strong>enim</strong></span> <span class='ocrx_word' id='word_1_720' title='bbox 2465 3158 2589 3213; x_wconf 92' lang='lat' dir='ltr'><strong>illud</strong></span> <span class='ocrx_word' id='word_1_721' title='bbox 2615 3159 2788 3228; x_wconf 82' lang='lat' dir='ltr'><strong>ell&#39;ugii</strong></span> <span class='ocrx_word' id='word_1_722' title='bbox 2823 3158 2911 3214; x_wconf 88' lang='lat' dir='ltr'><strong>tibi</strong></span> <span class='ocrx_word' id='word_1_723' title='bbox 2947 3159 3277 3229; x_wconf 89' lang='lat' dir='ltr'><strong>relinquitur,</strong></span> <span class='ocrx_word' id='word_1_724' title='bbox 3305 3162 3444 3230; x_wconf 89' lang='lat' dir='ltr'><strong>quod</strong></span> <span class='ocrx_word' id='word_1_725' title='bbox 3476 3162 3669 3218; x_wconf 78' lang='lat' dir='ltr'><strong>videii-</strong></span> 
     </span>
    </p>
   </div>
   <div class='ocr_carea' id='block_1_94' title="bbox 2096 3250 3671 3321">
    <p class='ocr_par' dir='ltr' id='par_1_94' title="bbox 2096 3250 3671 3321">
     <span class='ocr_line' id='line_1_94' title="bbox 2096 3250 3671 3321; baseline 0.002 -17"><span class='ocrx_word' id='word_1_726' title='bbox 2096 3259 2181 3305; x_wconf 91' lang='lat' dir='ltr'><strong>cet</strong></span> <span class='ocrx_word' id='word_1_727' title='bbox 2203 3251 2341 3319; x_wconf 83' lang='lat' dir='ltr'><strong>vulgi</strong></span> <span class='ocrx_word' id='word_1_728' title='bbox 2368 3250 2546 3319; x_wconf 87' lang='lat' dir='ltr'><strong>opinio</strong></span> <span class='ocrx_word' id='word_1_729' title='bbox 2576 3258 2624 3304; x_wconf 87' lang='lat' dir='ltr'><strong>te</strong></span> <span class='ocrx_word' id='word_1_730' title='bbox 2645 3250 2942 3318; x_wconf 89' lang='lat' dir='ltr'><strong>deceperit,</strong></span> <span class='ocrx_word' id='word_1_731' title='bbox 2966 3258 3119 3318; x_wconf 89' lang='lat' dir='ltr'><strong>teque</strong></span> <span class='ocrx_word' id='word_1_732' title='bbox 3146 3250 3210 3304; x_wconf 90' lang='lat' dir='ltr'><strong>ad</strong></span> <span class='ocrx_word' id='word_1_733' title='bbox 3240 3266 3423 3321; x_wconf 87' lang='lat' dir='ltr'><strong>magna</strong></span> <span class='ocrx_word' id='word_1_734' title='bbox 3451 3254 3671 3307; x_wconf 80' lang='lat' dir='ltr'><strong>mirabi-</strong></span> 
     </span>
    </p>
   </div>
   <div class='ocr_carea' id='block_1_95' title="bbox 2098 3339 3673 3408">
    <p class='ocr_par' dir='ltr' id='par_1_95' title="bbox 2098 3339 3673 3408">
     <span class='ocr_line' id='line_1_95' title="bbox 2098 3339 3673 3408; baseline 0.003 -15"><span class='ocrx_word' id='word_1_735' title='bbox 2098 3339 2270 3408; x_wconf 89' lang='lat' dir='ltr'><strong>liaque</strong></span> <span class='ocrx_word' id='word_1_736' title='bbox 2299 3339 2366 3394; x_wconf 91' lang='lat' dir='ltr'><strong>de</strong></span> <span class='ocrx_word' id='word_1_737' title='bbox 2395 3355 2479 3393; x_wconf 91' lang='lat' dir='ltr'><strong>me</strong></span> <span class='ocrx_word' id='word_1_738' title='bbox 2509 3339 2855 3394; x_wconf 82' lang='lat' dir='ltr'><strong>existimanda</strong></span> <span class='ocrx_word' id='word_1_739' title='bbox 2883 3339 3180 3393; x_wconf 82' lang='lat' dir='ltr'><strong>deduxerit.</strong></span> <span class='ocrx_word' id='word_1_740' title='bbox 3211 3340 3324 3394; x_wconf 87' lang='lat' dir='ltr'><strong>Non</strong></span> <span class='ocrx_word' id='word_1_741' title='bbox 3352 3343 3493 3396; x_wconf 86' lang='lat' dir='ltr'><strong>enim</strong></span> <span class='ocrx_word' id='word_1_742' title='bbox 3533 3344 3673 3399; x_wconf 86' lang='lat' dir='ltr'><strong>inter</strong></span> 
     </span>
    </p>
   </div>
   <div class='ocr_carea' id='block_1_96' title="bbox 2095 3431 3670 3504">
    <p class='ocr_par' dir='ltr' id='par_1_96' title="bbox 2095 3431 3670 3504">
     <span class='ocr_line' id='line_1_96' title="bbox 2095 3431 3670 3504; baseline 0.006 -19"><span class='ocrx_word' id='word_1_743' title='bbox 2095 3431 2434 3486; x_wconf 88' lang='lat' dir='ltr'><strong>admirandos</strong></span> <span class='ocrx_word' id='word_1_744' title='bbox 2460 3440 2514 3486; x_wconf 89' lang='lat' dir='ltr'><strong>et</strong></span> <span class='ocrx_word' id='word_1_745' title='bbox 2538 3432 2854 3500; x_wconf 89' lang='lat' dir='ltr'><strong>conspicuos</strong></span> <span class='ocrx_word' id='word_1_746' title='bbox 2879 3447 3158 3487; x_wconf 90' lang='lat' dir='ltr'><strong>censemur</strong></span> <span class='ocrx_word' id='word_1_747' title='bbox 3182 3452 3197 3488; x_wconf 92' lang='lat'><strong>:</strong></span> <span class='ocrx_word' id='word_1_748' title='bbox 3226 3450 3414 3504; x_wconf 85' lang='lat' dir='ltr'><strong>neque,</strong></span> <span class='ocrx_word' id='word_1_749' title='bbox 3459 3438 3670 3494; x_wconf 82' lang='lat' dir='ltr'><strong>etiamsi</strong></span> 
     </span>
    </p>
   </div>
   <div class='ocr_carea' id='block_1_97' title="bbox 2096 3523 3667 3593">
    <p class='ocr_par' dir='ltr' id='par_1_97' title="bbox 2096 3523 3667 3593">
     <span class='ocr_line' id='line_1_97' title="bbox 2096 3523 3667 3593; baseline 0.004 -15"><span class='ocrx_word' id='word_1_750' title='bbox 2096 3539 2183 3578; x_wconf 86' lang='lat' dir='ltr'><strong>res</strong></span> <span class='ocrx_word' id='word_1_751' title='bbox 2224 3524 2291 3577; x_wconf 89' lang='lat' dir='ltr'><strong>ita</strong></span> <span class='ocrx_word' id='word_1_752' title='bbox 2322 3539 2381 3578; x_wconf 89' lang='lat' dir='ltr'><strong>se</strong></span> <span class='ocrx_word' id='word_1_753' title='bbox 2424 3523 2732 3589; x_wconf 88' lang='lat' dir='ltr'><strong>habuisset,</strong></span> <span class='ocrx_word' id='word_1_754' title='bbox 2762 3524 3045 3577; x_wconf 84' lang='lat' dir='ltr'><strong>multorum</strong></span> <span class='ocrx_word' id='word_1_755' title='bbox 3080 3524 3257 3593; x_wconf 89' lang='lat' dir='ltr'><strong>opinio</strong></span> <span class='ocrx_word' id='word_1_756' title='bbox 3279 3527 3487 3581; x_wconf 83' lang='lat' dir='ltr'><strong>veritati</strong></span> <span class='ocrx_word' id='word_1_757' title='bbox 3512 3541 3667 3585; x_wconf 86' lang='lat' dir='ltr'><strong>ante-</strong></span> 
     </span>
    </p>
   </div>
   <div class='ocr_carea' id='block_1_98' title="bbox 2096 3614 3667 3685">
    <p class='ocr_par' dir='ltr' id='par_1_98' title="bbox 2096 3614 3667 3685">
     <span class='ocr_line' id='line_1_98' title="bbox 2096 3614 3667 3685; baseline 0.003 -17"><span class='ocrx_word' id='word_1_758' title='bbox 2096 3615 2337 3685; x_wconf 87' lang='lat' dir='ltr'><strong>ponenda</strong></span> <span class='ocrx_word' id='word_1_759' title='bbox 2370 3615 2573 3670; x_wconf 90' lang='lat' dir='ltr'><strong>fuisset.</strong></span> <span class='ocrx_word' id='word_1_760' title='bbox 2603 3614 2732 3668; x_wconf 87' lang='lat' dir='ltr'><strong>Nam</strong></span> <span class='ocrx_word' id='word_1_761' title='bbox 2759 3614 2803 3668; x_wconf 90' lang='lat' dir='ltr'><strong>si</strong></span> <span class='ocrx_word' id='word_1_762' title='bbox 2835 3614 2925 3668; x_wconf 86' lang='lat' dir='ltr'><strong>tibi</strong></span> <span class='ocrx_word' id='word_1_763' title='bbox 2953 3630 3237 3683; x_wconf 87' lang='lat' dir='ltr'><strong>numquam</strong></span> <span class='ocrx_word' id='word_1_764' title='bbox 3263 3632 3359 3685; x_wconf 90' lang='lat' dir='ltr'><strong>per</strong></span> <span class='ocrx_word' id='word_1_765' title='bbox 3384 3632 3482 3671; x_wconf 90' lang='lat' dir='ltr'><strong>nos</strong></span> <span class='ocrx_word' id='word_1_766' title='bbox 3511 3629 3667 3674; x_wconf 88' lang='lat' dir='ltr'><strong>antea</strong></span> 
     </span>
    </p>
   </div>
   <div class='ocr_carea' id='block_1_99' title="bbox 2096 3704 3665 3774">
    <p class='ocr_par' dir='ltr' id='par_1_99' title="bbox 2096 3704 3665 3774">
     <span class='ocr_line' id='line_1_99' title="bbox 2096 3704 3665 3774; baseline 0.003 -16"><span class='ocrx_word' id='word_1_767' title='bbox 2096 3706 2350 3771; x_wconf 89' lang='lat' dir='ltr'><strong>licuisset,</strong></span> <span class='ocrx_word' id='word_1_768' title='bbox 2383 3715 2439 3759; x_wconf 94' lang='lat' dir='ltr'><strong>ut</strong></span> <span class='ocrx_word' id='word_1_769' title='bbox 2465 3704 2858 3760; x_wconf 87' lang='lat' dir='ltr'><strong>consuetudinis</strong></span> <span class='ocrx_word' id='word_1_770' title='bbox 2891 3715 3084 3758; x_wconf 73' lang='lat' dir='ltr'><strong>nostra:</strong></span> <span class='ocrx_word' id='word_1_771' title='bbox 3113 3705 3400 3774; x_wconf 87' lang='lat' dir='ltr'><strong>perieulum</strong></span> <span class='ocrx_word' id='word_1_772' title='bbox 3432 3706 3665 3773; x_wconf 84' lang='lat' dir='ltr'><strong>faceres,</strong></span> 
     </span>
    </p>
   </div>
   <div class='ocr_carea' id='block_1_100' title="bbox 2094 3796 3661 3869">
    <p class='ocr_par' dir='ltr' id='par_1_100' title="bbox 2094 3796 3661 3869">
     <span class='ocr_line' id='line_1_100' title="bbox 2094 3796 3661 3869; baseline 0.001 -16"><span class='ocrx_word' id='word_1_773' title='bbox 2094 3800 2239 3854; x_wconf 88' lang='lat' dir='ltr'><strong>color</strong></span> <span class='ocrx_word' id='word_1_774' title='bbox 2265 3800 2453 3869; x_wconf 90' lang='lat' dir='ltr'><strong>aliquis</strong></span> <span class='ocrx_word' id='word_1_775' title='bbox 2478 3798 2666 3853; x_wconf 87' lang='lat' dir='ltr'><strong>adesse</strong></span> <span class='ocrx_word' id='word_1_776' title='bbox 2688 3797 2781 3852; x_wconf 90' lang='lat' dir='ltr'><strong>tibi</strong></span> <span class='ocrx_word' id='word_1_777' title='bbox 2807 3796 3092 3862; x_wconf 86' lang='lat' dir='ltr'><strong>videretur,</strong></span> <span class='ocrx_word' id='word_1_778' title='bbox 3115 3812 3234 3852; x_wconf 90' lang='lat' dir='ltr'><strong>cum</strong></span> <span class='ocrx_word' id='word_1_779' title='bbox 3263 3813 3332 3852; x_wconf 90' lang='lat' dir='ltr'><strong>ex</strong></span> <span class='ocrx_word' id='word_1_780' title='bbox 3359 3799 3497 3869; x_wconf 86' lang='lat' dir='ltr'><strong>vulgi</strong></span> <span class='ocrx_word' id='word_1_781' title='bbox 3526 3800 3661 3855; x_wconf 75' lang='lat' dir='ltr'><strong>fama</strong></span> 
     </span>
    </p>
   </div>
   <div class='ocr_carea' id='block_1_101' title="bbox 2094 3889 3666 3961">
    <p class='ocr_par' dir='ltr' id='par_1_101' title="bbox 2094 3889 3666 3961">
     <span class='ocr_line' id='line_1_101' title="bbox 2094 3889 3666 3961; baseline 0 -15"><span class='ocrx_word' id='word_1_782' title='bbox 2094 3892 2409 3946; x_wconf 85' lang='lat' dir='ltr'><strong>sententiam</strong></span> <span class='ocrx_word' id='word_1_783' title='bbox 2441 3891 2642 3957; x_wconf 87' lang='lat' dir='ltr'><strong>ferres;</strong></span> <span class='ocrx_word' id='word_1_784' title='bbox 2673 3890 2752 3943; x_wconf 90' lang='lat' dir='ltr'><strong>sin</strong></span> <span class='ocrx_word' id='word_1_785' title='bbox 2780 3902 2955 3943; x_wconf 89' lang='lat' dir='ltr'><strong>autem</strong></span> <span class='ocrx_word' id='word_1_786' title='bbox 2982 3889 3156 3944; x_wconf 90' lang='lat' dir='ltr'><strong>nullus</strong></span> <span class='ocrx_word' id='word_1_787' title='bbox 3182 3890 3397 3960; x_wconf 87' lang='lat' dir='ltr'><strong>perinde</strong></span> <span class='ocrx_word' id='word_1_788' title='bbox 3423 3901 3583 3961; x_wconf 86' lang='lat' dir='ltr'><strong>atque</strong></span> <span class='ocrx_word' id='word_1_789' title='bbox 3611 3902 3666 3946; x_wconf 90' lang='lat' dir='ltr'><strong>tu</strong></span> 
     </span>
    </p>
   </div>
   <div class='ocr_carea' id='block_1_102' title="bbox 2094 3980 3665 4050">
    <p class='ocr_par' dir='ltr' id='par_1_102' title="bbox 2094 3980 3665 4050">
     <span class='ocr_line' id='line_1_102' title="bbox 2094 3980 3665 4050; baseline 0 -14"><span class='ocrx_word' id='word_1_790' title='bbox 2094 3992 2271 4036; x_wconf 90' lang='lat' dir='ltr'><strong>nostra</strong></span> <span class='ocrx_word' id='word_1_791' title='bbox 2303 3981 2472 4046; x_wconf 92' lang='lat' dir='ltr'><strong>novit,</strong></span> <span class='ocrx_word' id='word_1_792' title='bbox 2503 3981 2607 4034; x_wconf 92' lang='lat' dir='ltr'><strong>imo</strong></span> <span class='ocrx_word' id='word_1_793' title='bbox 2633 3988 2869 4034; x_wconf 89' lang='lat' dir='ltr'><strong>nostrum</strong></span> <span class='ocrx_word' id='word_1_794' title='bbox 2899 3980 3131 4033; x_wconf 89' lang='lat' dir='ltr'><strong>animum</strong></span> <span class='ocrx_word' id='word_1_795' title='bbox 3166 3982 3352 4035; x_wconf 89' lang='lat' dir='ltr'><strong>melius</strong></span> <span class='ocrx_word' id='word_1_796' title='bbox 3376 3997 3533 4050; x_wconf 89' lang='lat' dir='ltr'><strong>quam</strong></span> <span class='ocrx_word' id='word_1_797' title='bbox 3563 3981 3665 4050; x_wconf 85' lang='lat' dir='ltr'><strong>ipsi</strong></span> 
     </span>
    </p>
   </div>
   <div class='ocr_carea' id='block_1_103' title="bbox 2094 4069 3663 4143">
    <p class='ocr_par' dir='ltr' id='par_1_103' title="bbox 2094 4069 3663 4143">
     <span class='ocr_line' id='line_1_103' title="bbox 2094 4069 3663 4143; baseline 0.001 -18"><span class='ocrx_word' id='word_1_798' title='bbox 2094 4085 2338 4143; x_wconf 84' lang='lat' dir='ltr'><strong>parentes</strong></span> <span class='ocrx_word' id='word_1_799' title='bbox 2377 4082 2430 4127; x_wconf 89' lang='lat' dir='ltr'><strong>et</strong></span> <span class='ocrx_word' id='word_1_800' title='bbox 2471 4071 2752 4127; x_wconf 92' lang='lat' dir='ltr'><strong>eductores</strong></span> <span class='ocrx_word' id='word_1_801' title='bbox 2794 4079 3127 4140; x_wconf 87' lang='lat' dir='ltr'><strong>perspectum</strong></span> <span class='ocrx_word' id='word_1_802' title='bbox 3168 4069 3364 4136; x_wconf 86' lang='lat' dir='ltr'><strong>habes,</strong></span> <span class='ocrx_word' id='word_1_803' title='bbox 3406 4087 3509 4140; x_wconf 89' lang='lat' dir='ltr'><strong>qua</strong></span> <span class='ocrx_word' id='word_1_804' title='bbox 3556 4082 3663 4126; x_wconf 90' lang='lat' dir='ltr'><strong>tam</strong></span> 
     </span>
    </p>
   </div>
   <div class='ocr_carea' id='block_1_104' title="bbox 2095 4161 3664 4234">
    <p class='ocr_par' dir='ltr' id='par_1_104' title="bbox 2095 4161 3664 4234">
     <span class='ocr_line' id='line_1_104' title="bbox 2095 4161 3664 4234; baseline -0.001 -16"><span class='ocrx_word' id='word_1_805' title='bbox 2095 4164 2349 4234; x_wconf 90' lang='lat' dir='ltr'><strong>probabili</strong></span> <span class='ocrx_word' id='word_1_806' title='bbox 2379 4165 2618 4217; x_wconf 89' lang='lat' dir='ltr'><strong>oratione</strong></span> <span class='ocrx_word' id='word_1_807' title='bbox 2646 4163 2810 4216; x_wconf 90' lang='lat' dir='ltr'><strong>utaris</strong></span> <span class='ocrx_word' id='word_1_808' title='bbox 2832 4204 2848 4228; x_wconf 91' lang='lat'><strong>,</strong></span> <span class='ocrx_word' id='word_1_809' title='bbox 2889 4170 2947 4215; x_wconf 91' lang='lat' dir='ltr'><strong>ut</strong></span> <span class='ocrx_word' id='word_1_810' title='bbox 2987 4161 3155 4231; x_wconf 89' lang='lat' dir='ltr'><strong>possis</strong></span> <span class='ocrx_word' id='word_1_811' title='bbox 3189 4161 3516 4217; x_wconf 88' lang='lat' dir='ltr'><strong>auditoribus</strong></span> <span class='ocrx_word' id='word_1_812' title='bbox 3545 4179 3664 4232; x_wconf 86' lang='lat' dir='ltr'><strong>per-</strong></span> 
     </span>
    </p>
   </div>
   <div class='ocr_carea' id='block_1_105' title="bbox 2090 4252 3650 4320">
    <p class='ocr_par' dir='ltr' id='par_1_105' title="bbox 2090 4252 3650 4320">
     <span class='ocr_line' id='line_1_105' title="bbox 2090 4252 3650 4320; baseline -0.001 -10"><span class='ocrx_word' id='word_1_813' title='bbox 2090 4255 2344 4319; x_wconf 86' lang='lat' dir='ltr'><strong>suadere,</strong></span> <span class='ocrx_word' id='word_1_814' title='bbox 2398 4263 2447 4307; x_wconf 91' lang='lat' dir='ltr'><strong>te</strong></span> <span class='ocrx_word' id='word_1_815' title='bbox 2484 4268 2581 4307; x_wconf 90' lang='lat' dir='ltr'><strong>nos</strong></span> <span class='ocrx_word' id='word_1_816' title='bbox 2619 4252 2671 4306; x_wconf 92' lang='lat' dir='ltr'><strong>in</strong></span> <span class='ocrx_word' id='word_1_817' title='bbox 2703 4262 2902 4306; x_wconf 86' lang='lat' dir='ltr'><strong>tantum</strong></span> <span class='ocrx_word' id='word_1_818' title='bbox 2938 4252 3155 4320; x_wconf 89' lang='lat' dir='ltr'><strong>periculi</strong></span> <span class='ocrx_word' id='word_1_819' title='bbox 3185 4267 3287 4306; x_wconf 90' lang='lat' dir='ltr'><strong>non</strong></span> <span class='ocrx_word' id='word_1_820' title='bbox 3318 4252 3454 4306; x_wconf 91' lang='lat' dir='ltr'><strong>ultro</strong></span> <span class='ocrx_word' id='word_1_821' title='bbox 3483 4256 3650 4320; x_wconf 80' lang='lat' dir='ltr'><strong>eonje</strong></span> 
     </span>
    </p>
   </div>
   <div class='ocr_carea' id='block_1_106' title="bbox 2090 4340 3666 4401">
    <p class='ocr_par' dir='ltr' id='par_1_106' title="bbox 2090 4340 3666 4401">
     <span class='ocr_line' id='line_1_106' title="bbox 2090 4340 3666 4401; baseline -0.001 -1"><span class='ocrx_word' id='word_1_822' title='bbox 2090 4345 2265 4401; x_wconf 83' lang='lat' dir='ltr'><strong>cisse?</strong></span> <span class='ocrx_word' id='word_1_823' title='bbox 2311 4345 2503 4398; x_wconf 74' lang='lat' dir='ltr'><strong>Verum</strong></span> <span class='ocrx_word' id='word_1_824' title='bbox 2543 4344 2658 4398; x_wconf 75' lang='lat' dir='ltr'><strong>haec</strong></span> <span class='ocrx_word' id='word_1_825' title='bbox 2686 4357 2823 4397; x_wconf 90' lang='lat' dir='ltr'><strong>nunc</strong></span> <span class='ocrx_word' id='word_1_826' title='bbox 2852 4342 3009 4395; x_wconf 83' lang='lat' dir='ltr'><strong>missa</strong></span> <span class='ocrx_word' id='word_1_827' title='bbox 3055 4340 3306 4396; x_wconf 88' lang='lat' dir='ltr'><strong>faciamus</strong></span> <span class='ocrx_word' id='word_1_828' title='bbox 3331 4359 3345 4395; x_wconf 91' lang='lat'><strong>:</strong></span> <span class='ocrx_word' id='word_1_829' title='bbox 3369 4358 3471 4397; x_wconf 90' lang='lat' dir='ltr'><strong>non</strong></span> <span class='ocrx_word' id='word_1_830' title='bbox 3515 4346 3666 4399; x_wconf 86' lang='lat' dir='ltr'><strong>enim</strong></span> 
     </span>
    </p>
   </div>
   <div class='ocr_carea' id='block_1_107' title="bbox 2095 4432 3669 4506">
    <p class='ocr_par' dir='ltr' id='par_1_107' title="bbox 2095 4432 3669 4506">
     <span class='ocr_line' id='line_1_107' title="bbox 2095 4432 3669 4506; baseline 0.001 -16"><span class='ocrx_word' id='word_1_831' title='bbox 2095 4445 2145 4490; x_wconf 91' lang='lat' dir='ltr'><strong>te</strong></span> <span class='ocrx_word' id='word_1_832' title='bbox 2176 4436 2413 4506; x_wconf 90' lang='lat' dir='ltr'><strong>cogimus</strong></span> <span class='ocrx_word' id='word_1_833' title='bbox 2442 4434 2524 4488; x_wconf 90' lang='lat' dir='ltr'><strong>his</strong></span> <span class='ocrx_word' id='word_1_834' title='bbox 2550 4433 2617 4488; x_wconf 88' lang='lat' dir='ltr'><strong>de</strong></span> <span class='ocrx_word' id='word_1_835' title='bbox 2645 4432 2820 4488; x_wconf 88' lang='lat' dir='ltr'><strong>causis</strong></span> <span class='ocrx_word' id='word_1_836' title='bbox 2859 4433 2945 4501; x_wconf 90' lang='lat' dir='ltr'><strong>jus</strong></span> <span class='ocrx_word' id='word_1_837' title='bbox 2985 4432 3195 4487; x_wconf 86' lang='lat' dir='ltr'><strong>dicere:</strong></span> <span class='ocrx_word' id='word_1_838' title='bbox 3218 4448 3319 4501; x_wconf 87' lang='lat' dir='ltr'><strong>qua</strong></span> <span class='ocrx_word' id='word_1_839' title='bbox 3350 4432 3669 4493; x_wconf 83' lang='lat' dir='ltr'><strong>defensione</strong></span> 
     </span>
    </p>
   </div>
   <div class='ocr_carea' id='block_1_108' title="bbox 2092 4521 3668 4583">
    <p class='ocr_par' dir='ltr' id='par_1_108' title="bbox 2092 4521 3668 4583">
     <span class='ocr_line' id='line_1_108' title="bbox 2092 4521 3668 4583; baseline 0.001 -2"><span class='ocrx_word' id='word_1_840' title='bbox 2092 4535 2273 4581; x_wconf 91' lang='lat' dir='ltr'><strong>contra</strong></span> <span class='ocrx_word' id='word_1_841' title='bbox 2301 4533 2635 4579; x_wconf 88' lang='lat' dir='ltr'><strong>accusatores</strong></span> <span class='ocrx_word' id='word_1_842' title='bbox 2665 4523 2905 4577; x_wconf 83' lang='lat' dir='ltr'><strong>utemur?</strong></span> <span class='ocrx_word' id='word_1_843' title='bbox 2930 4521 3014 4577; x_wconf 92' lang='lat' dir='ltr'><strong>dic</strong></span> <span class='ocrx_word' id='word_1_844' title='bbox 3039 4524 3212 4578; x_wconf 91' lang='lat' dir='ltr'><strong>sodes.</strong></span> <span class='ocrx_word' id='word_1_845' title='bbox 3241 4524 3482 4579; x_wconf 83' lang='lat' dir='ltr'><strong>CllRYS.</strong></span> <span class='ocrx_word' id='word_1_846' title='bbox 3502 4526 3668 4583; x_wconf 84' lang='lat' dir='ltr'><strong>Certe</strong></span> 
     </span>
    </p>
   </div>
   <div class='ocr_carea' id='block_1_109' title="bbox 2090 4616 3667 4687">
    <p class='ocr_par' dir='ltr' id='par_1_109' title="bbox 2090 4616 3667 4687">
     <span class='ocr_line' id='line_1_109' title="bbox 2090 4616 3667 4687; baseline 0.001 -15"><span class='ocrx_word' id='word_1_847' title='bbox 2090 4633 2193 4672; x_wconf 91' lang='lat' dir='ltr'><strong>non</strong></span> <span class='ocrx_word' id='word_1_848' title='bbox 2226 4618 2389 4687; x_wconf 90' lang='lat' dir='ltr'><strong>prius,</strong></span> <span class='ocrx_word' id='word_1_849' title='bbox 2418 4617 2649 4686; x_wconf 90' lang='lat' dir='ltr'><strong>inquam,</strong></span> <span class='ocrx_word' id='word_1_850' title='bbox 2677 4616 2742 4670; x_wconf 89' lang='lat' dir='ltr'><strong>ad</strong></span> <span class='ocrx_word' id='word_1_851' title='bbox 2772 4616 2856 4669; x_wconf 88' lang='lat' dir='ltr'><strong>illa</strong></span> <span class='ocrx_word' id='word_1_852' title='bbox 2892 4630 2977 4670; x_wconf 90' lang='lat' dir='ltr'><strong>me</strong></span> <span class='ocrx_word' id='word_1_853' title='bbox 3005 4625 3206 4670; x_wconf 88' lang='lat' dir='ltr'><strong>vertam</strong></span> <span class='ocrx_word' id='word_1_854' title='bbox 3232 4658 3248 4682; x_wconf 94' lang='lat'><strong>,</strong></span> <span class='ocrx_word' id='word_1_855' title='bbox 3280 4633 3435 4686; x_wconf 87' lang='lat' dir='ltr'><strong>quam</strong></span> <span class='ocrx_word' id='word_1_856' title='bbox 3475 4632 3536 4672; x_wconf 92' lang='lat' dir='ltr'><strong>ea</strong></span> <span class='ocrx_word' id='word_1_857' title='bbox 3577 4620 3667 4674; x_wconf 84' lang='lat' dir='ltr'><strong>di-</strong></span> 
     </span>
    </p>
   </div>
   <div class='ocr_carea' id='block_1_110' title="bbox 2089 4706 3667 4776">
    <p class='ocr_par' dir='ltr' id='par_1_110' title="bbox 2089 4706 3667 4776">
     <span class='ocr_line' id='line_1_110' title="bbox 2089 4706 3667 4776; baseline 0.002 -15"><span class='ocrx_word' id='word_1_858' title='bbox 2089 4708 2261 4774; x_wconf 87' lang='lat' dir='ltr'><strong>luero,</strong></span> <span class='ocrx_word' id='word_1_859' title='bbox 2293 4722 2409 4776; x_wconf 77' lang='lat' dir='ltr'><strong>qua:</strong></span> <span class='ocrx_word' id='word_1_860' title='bbox 2436 4706 2500 4760; x_wconf 90' lang='lat' dir='ltr'><strong>ad</strong></span> <span class='ocrx_word' id='word_1_861' title='bbox 2532 4714 2582 4760; x_wconf 91' lang='lat' dir='ltr'><strong>te</strong></span> <span class='ocrx_word' id='word_1_862' title='bbox 2609 4714 2867 4775; x_wconf 89' lang='lat' dir='ltr'><strong>spectant,</strong></span> <span class='ocrx_word' id='word_1_863' title='bbox 2919 4706 3125 4759; x_wconf 89' lang='lat' dir='ltr'><strong>etiamsi</strong></span> <span class='ocrx_word' id='word_1_864' title='bbox 3156 4709 3454 4762; x_wconf 85' lang='lat' dir='ltr'><strong>sexcenties</strong></span> <span class='ocrx_word' id='word_1_865' title='bbox 3492 4710 3667 4764; x_wconf 80' lang='lat' dir='ltr'><strong>instes</strong></span> 
     </span>
    </p>
   </div>
   <div class='ocr_carea' id='block_1_111' title="bbox 2087 4795 3669 4864">
    <p class='ocr_par' dir='ltr' id='par_1_111' title="bbox 2087 4795 3669 4864">
     <span class='ocr_line' id='line_1_111' title="bbox 2087 4795 3669 4864; baseline 0.003 -13"><span class='ocrx_word' id='word_1_866' title='bbox 2087 4806 2141 4852; x_wconf 90' lang='lat' dir='ltr'><strong>ut</strong></span> <span class='ocrx_word' id='word_1_867' title='bbox 2201 4797 2417 4851; x_wconf 89' lang='lat' dir='ltr'><strong>crimina</strong></span> <span class='ocrx_word' id='word_1_868' title='bbox 2500 4796 2781 4864; x_wconf 77' lang='lat' dir='ltr'><strong>depellam.</strong></span> <span class='ocrx_word' id='word_1_869' title='bbox 2858 4795 3202 4864; x_wconf 84' lang='lat' dir='ltr'><strong>ignorantiam</strong></span> <span class='ocrx_word' id='word_1_870' title='bbox 3265 4797 3404 4851; x_wconf 86' lang='lat' dir='ltr'><strong>enim</strong></span> <span class='ocrx_word' id='word_1_871' title='bbox 3480 4798 3669 4856; x_wconf 79' lang='lat' dir='ltr'><strong>dixisti</strong></span> 
     </span>
    </p>
   </div>
   <div class='ocr_carea' id='block_1_112' title="bbox 2086 4885 3664 4947">
    <p class='ocr_par' dir='ltr' id='par_1_112' title="bbox 2086 4885 3664 4947">
     <span class='ocr_line' id='line_1_112' title="bbox 2086 4885 3664 4947; baseline 0.003 -6"><span class='ocrx_word' id='word_1_872' title='bbox 2086 4888 2294 4942; x_wconf 87' lang='lat' dir='ltr'><strong>veniam</strong></span> <span class='ocrx_word' id='word_1_873' title='bbox 2321 4887 2473 4940; x_wconf 79' lang='lat' dir='ltr'><strong>nobis</strong></span> <span class='ocrx_word' id='word_1_874' title='bbox 2493 4885 2700 4947; x_wconf 70' lang='lat' dir='ltr'><strong>afferre,</strong></span> <span class='ocrx_word' id='word_1_875' title='bbox 2725 4895 2777 4940; x_wconf 89' lang='lat' dir='ltr'><strong>et</strong></span> <span class='ocrx_word' id='word_1_876' title='bbox 2799 4886 2943 4940; x_wconf 89' lang='lat' dir='ltr'><strong>omni</strong></span> <span class='ocrx_word' id='word_1_877' title='bbox 2966 4900 3062 4940; x_wconf 91' lang='lat' dir='ltr'><strong>nos</strong></span> <span class='ocrx_word' id='word_1_878' title='bbox 3077 4886 3440 4942; x_wconf 89' lang='lat' dir='ltr'><strong>criminatione</strong></span> <span class='ocrx_word' id='word_1_879' title='bbox 3463 4889 3664 4947; x_wconf 82' lang='lat' dir='ltr'><strong>liberos</strong></span> 
     </span>
    </p>
   </div>
   <div class='ocr_carea' id='block_1_113' title="bbox 2085 4976 3658 5045">
    <p class='ocr_par' dir='ltr' id='par_1_113' title="bbox 2085 4976 3658 5045">
     <span class='ocr_line' id='line_1_113' title="bbox 2085 4976 3658 5045; baseline 0.003 -13"><span class='ocrx_word' id='word_1_880' title='bbox 2085 4977 2220 5042; x_wconf 83' lang='lat' dir='ltr'><strong>fore,</strong></span> <span class='ocrx_word' id='word_1_881' title='bbox 2252 4976 2295 5031; x_wconf 91' lang='lat' dir='ltr'><strong>si</strong></span> <span class='ocrx_word' id='word_1_882' title='bbox 2320 4992 2493 5030; x_wconf 89' lang='lat' dir='ltr'><strong>rerum</strong></span> <span class='ocrx_word' id='word_1_883' title='bbox 2524 4986 2727 5029; x_wconf 90' lang='lat' dir='ltr'><strong>tuarum</strong></span> <span class='ocrx_word' id='word_1_884' title='bbox 2755 4976 2939 5045; x_wconf 83' lang='lat' dir='ltr'><strong>ignari,</strong></span> <span class='ocrx_word' id='word_1_885' title='bbox 2971 4984 3021 5029; x_wconf 92' lang='lat' dir='ltr'><strong>te</strong></span> <span class='ocrx_word' id='word_1_886' title='bbox 3047 4977 3098 5029; x_wconf 89' lang='lat' dir='ltr'><strong>in</strong></span> <span class='ocrx_word' id='word_1_887' title='bbox 3121 4985 3434 5044; x_wconf 63' lang='lat' dir='ltr'><strong>praesentem</strong></span> <span class='ocrx_word' id='word_1_888' title='bbox 3460 4990 3658 5038; x_wconf 85' lang='lat' dir='ltr'><strong>statum</strong></span> 
     </span>
    </p>
   </div>
   <div class='ocr_carea' id='block_1_114' title="bbox 2087 5067 3660 5137">
    <p class='ocr_par' dir='ltr' id='par_1_114' title="bbox 2087 5067 3660 5137">
     <span class='ocr_line' id='line_1_114' title="bbox 2087 5067 3660 5137; baseline 0.001 -14"><span class='ocrx_word' id='word_1_889' title='bbox 2087 5067 2502 5132; x_wconf 81' lang='lat' dir='ltr'><strong>deduxerimus;</strong></span> <span class='ocrx_word' id='word_1_890' title='bbox 2549 5068 2670 5136; x_wconf 90' lang='lat' dir='ltr'><strong>quia</strong></span> <span class='ocrx_word' id='word_1_891' title='bbox 2700 5081 2825 5120; x_wconf 88' lang='lat' dir='ltr'><strong>vero</strong></span> <span class='ocrx_word' id='word_1_892' title='bbox 2855 5074 2904 5119; x_wconf 88' lang='lat' dir='ltr'><strong>te</strong></span> <span class='ocrx_word' id='word_1_893' title='bbox 2948 5082 3049 5119; x_wconf 88' lang='lat' dir='ltr'><strong>non</strong></span> <span class='ocrx_word' id='word_1_894' title='bbox 3096 5067 3396 5134; x_wconf 85' lang='lat' dir='ltr'><strong>ignorantes</strong></span> <span class='ocrx_word' id='word_1_895' title='bbox 3423 5070 3660 5137; x_wconf 81' lang='lat' dir='ltr'><strong>prodidi-</strong></span> 
     </span>
    </p>
   </div>
   <div class='ocr_carea' id='block_1_115' title="bbox 2085 5156 3663 5225">
    <p class='ocr_par' dir='ltr' id='par_1_115' title="bbox 2085 5156 3663 5225">
     <span class='ocr_line' id='line_1_115' title="bbox 2085 5156 3663 5225; baseline 0.001 -13"><span class='ocrx_word' id='word_1_896' title='bbox 2085 5174 2222 5219; x_wconf 84' lang='lat' dir='ltr'><strong>mus,</strong></span> <span class='ocrx_word' id='word_1_897' title='bbox 2253 5173 2340 5212; x_wconf 91' lang='lat' dir='ltr'><strong>res</strong></span> <span class='ocrx_word' id='word_1_898' title='bbox 2369 5166 2483 5210; x_wconf 90' lang='lat' dir='ltr'><strong>tuas</strong></span> <span class='ocrx_word' id='word_1_899' title='bbox 2508 5156 2745 5225; x_wconf 89' lang='lat' dir='ltr'><strong>apprime</strong></span> <span class='ocrx_word' id='word_1_900' title='bbox 2785 5156 3039 5210; x_wconf 87' lang='lat' dir='ltr'><strong>callentes</strong></span> <span class='ocrx_word' id='word_1_901' title='bbox 3059 5196 3074 5219; x_wconf 90' lang='lat'><strong>,</strong></span> <span class='ocrx_word' id='word_1_902' title='bbox 3114 5156 3236 5212; x_wconf 73' lang='lat' dir='ltr'><strong>ideo</strong></span> <span class='ocrx_word' id='word_1_903' title='bbox 3259 5171 3469 5212; x_wconf 88' lang='lat' dir='ltr'><strong>omnem</strong></span> <span class='ocrx_word' id='word_1_904' title='bbox 3502 5160 3663 5214; x_wconf 83' lang='lat' dir='ltr'><strong>nobis</strong></span> 
     </span>
    </p>
   </div>
   <div class='ocr_carea' id='block_1_116' title="bbox 2083 5247 3661 5316">
    <p class='ocr_par' dir='ltr' id='par_1_116' title="bbox 2083 5247 3661 5316">
     <span class='ocr_line' id='line_1_116' title="bbox 2083 5247 3661 5316; baseline 0 -15"><span class='ocrx_word' id='word_1_905' title='bbox 2083 5248 2279 5303; x_wconf 86' lang='lat' dir='ltr'><strong>auferri</strong></span> <span class='ocrx_word' id='word_1_906' title='bbox 2309 5247 2664 5301; x_wconf 82' lang='lat' dir='ltr'><strong>excusationis</strong></span> <span class='ocrx_word' id='word_1_907' title='bbox 2703 5253 2757 5300; x_wconf 91' lang='lat' dir='ltr'><strong>et</strong></span> <span class='ocrx_word' id='word_1_908' title='bbox 2797 5247 3133 5314; x_wconf 86' lang='lat' dir='ltr'><strong>congruentis</strong></span> <span class='ocrx_word' id='word_1_909' title='bbox 3161 5247 3415 5316; x_wconf 76' lang='lat' dir='ltr'><strong>apologia:</strong></span> <span class='ocrx_word' id='word_1_910' title='bbox 3444 5263 3661 5307; x_wconf 73' lang='lat' dir='ltr'><strong>ansam.</strong></span> 
     </span>
    </p>
   </div>
   <div class='ocr_carea' id='block_1_117' title="bbox 2083 5335 3661 5406">
    <p class='ocr_par' dir='ltr' id='par_1_117' title="bbox 2083 5335 3661 5406">
     <span class='ocr_line' id='line_1_117' title="bbox 2083 5335 3661 5406; baseline 0.003 -14"><span class='ocrx_word' id='word_1_911' title='bbox 2083 5342 2152 5392; x_wconf 89' lang='lat' dir='ltr'><strong>At</strong></span> <span class='ocrx_word' id='word_1_912' title='bbox 2175 5354 2271 5406; x_wconf 78' lang='lat' dir='ltr'><strong>ego</strong></span> <span class='ocrx_word' id='word_1_913' title='bbox 2295 5346 2473 5390; x_wconf 88' lang='lat' dir='ltr'><strong>contra</strong></span> <span class='ocrx_word' id='word_1_914' title='bbox 2495 5350 2685 5390; x_wconf 88' lang='lat' dir='ltr'><strong>censeo</strong></span> <span class='ocrx_word' id='word_1_915' title='bbox 2700 5354 2715 5391; x_wconf 70' lang='grc' dir='ltr'>ε</span> <span class='ocrx_word' id='word_1_916' title='bbox 2731 5335 2843 5390; x_wconf 62' lang='lat' dir='ltr'><strong>haec</strong></span> <span class='ocrx_word' id='word_1_917' title='bbox 2862 5338 3001 5391; x_wconf 89' lang='lat' dir='ltr'><strong>enim</strong></span> <span class='ocrx_word' id='word_1_918' title='bbox 3025 5336 3192 5390; x_wconf 89' lang='lat' dir='ltr'><strong>multo</strong></span> <span class='ocrx_word' id='word_1_919' title='bbox 3215 5348 3370 5406; x_wconf 84' lang='lat' dir='ltr'><strong>egent</strong></span> <span class='ocrx_word' id='word_1_920' title='bbox 3388 5342 3661 5396; x_wconf 85' lang='lat' dir='ltr'><strong>examine.</strong></span> 
     </span>
    </p>
   </div>
   <div class='ocr_carea' id='block_1_118' title="bbox 2079 5424 3663 5495">
    <p class='ocr_par' dir='ltr' id='par_1_118' title="bbox 2079 5424 3663 5495">
     <span class='ocr_line' id='line_1_118' title="bbox 2079 5424 3663 5495; baseline 0.003 -14"><span class='ocrx_word' id='word_1_921' title='bbox 2079 5426 2217 5481; x_wconf 88' lang='lat' dir='ltr'><strong>Sane</strong></span> <span class='ocrx_word' id='word_1_922' title='bbox 2265 5442 2384 5480; x_wconf 90' lang='lat' dir='ltr'><strong>eum</strong></span> <span class='ocrx_word' id='word_1_923' title='bbox 2439 5426 2528 5494; x_wconf 91' lang='lat' dir='ltr'><strong>qui</strong></span> <span class='ocrx_word' id='word_1_924' title='bbox 2578 5424 2643 5477; x_wconf 90' lang='lat' dir='ltr'><strong>ad</strong></span> <span class='ocrx_word' id='word_1_925' title='bbox 2691 5425 3043 5479; x_wconf 84' lang='lat' dir='ltr'><strong>sacerdotium</strong></span> <span class='ocrx_word' id='word_1_926' title='bbox 3090 5428 3389 5495; x_wconf 88' lang='lat' dir='ltr'><strong>quempiam</strong></span> <span class='ocrx_word' id='word_1_927' title='bbox 3439 5429 3663 5485; x_wconf 86' lang='lat' dir='ltr'><strong>tradere</strong></span> 
     </span>
    </p>
   </div>
   <div class='ocr_carea' id='block_1_119' title="bbox 2080 5515 3658 5584">
    <p class='ocr_par' dir='ltr' id='par_1_119' title="bbox 2080 5515 3658 5584">
     <span class='ocr_line' id='line_1_119' title="bbox 2080 5515 3658 5584; baseline 0.005 -16"><span class='ocrx_word' id='word_1_928' title='bbox 2080 5516 2238 5581; x_wconf 85' lang='lat' dir='ltr'><strong>velit,</strong></span> <span class='ocrx_word' id='word_1_929' title='bbox 2295 5531 2399 5569; x_wconf 86' lang='lat' dir='ltr'><strong>non</strong></span> <span class='ocrx_word' id='word_1_930' title='bbox 2445 5524 2654 5583; x_wconf 83' lang='lat' dir='ltr'><strong>oportet</strong></span> <span class='ocrx_word' id='word_1_931' title='bbox 2697 5515 2807 5570; x_wconf 90' lang='lat' dir='ltr'><strong>sola</strong></span> <span class='ocrx_word' id='word_1_932' title='bbox 2852 5516 2991 5584; x_wconf 84' lang='lat' dir='ltr'><strong>vulgi</strong></span> <span class='ocrx_word' id='word_1_933' title='bbox 3024 5516 3289 5584; x_wconf 83' lang='lat' dir='ltr'><strong>opinione</strong></span> <span class='ocrx_word' id='word_1_934' title='bbox 3339 5529 3658 5577; x_wconf 85' lang='lat' dir='ltr'><strong>contentum</strong></span> 
     </span>
    </p>
   </div>
   <div class='ocr_carea' id='block_1_120' title="bbox 2076 5604 3659 5678">
    <p class='ocr_par' dir='ltr' id='par_1_120' title="bbox 2076 5604 3659 5678">
     <span class='ocr_line' id='line_1_120' title="bbox 2076 5604 3659 5678; baseline 0.005 -20"><span class='ocrx_word' id='word_1_935' title='bbox 2076 5618 2216 5668; x_wconf 87' lang='lat' dir='ltr'><strong>esse,</strong></span> <span class='ocrx_word' id='word_1_936' title='bbox 2245 5604 2337 5657; x_wconf 83' lang='lat' dir='ltr'><strong>sed</strong></span> <span class='ocrx_word' id='word_1_937' title='bbox 2365 5613 2421 5657; x_wconf 91' lang='lat' dir='ltr'><strong>ut</strong></span> <span class='ocrx_word' id='word_1_938' title='bbox 2447 5619 2566 5658; x_wconf 90' lang='lat' dir='ltr'><strong>cum</strong></span> <span class='ocrx_word' id='word_1_939' title='bbox 2607 5604 2695 5657; x_wconf 90' lang='lat' dir='ltr'><strong>illa</strong></span> <span class='ocrx_word' id='word_1_940' title='bbox 2744 5620 2891 5657; x_wconf 90' lang='lat' dir='ltr'><strong>suam</strong></span> <span class='ocrx_word' id='word_1_941' title='bbox 2924 5620 3031 5674; x_wconf 75' lang='lat' dir='ltr'><strong>pra:</strong></span> <span class='ocrx_word' id='word_1_942' title='bbox 3058 5606 3300 5660; x_wconf 88' lang='lat' dir='ltr'><strong>omnibus</strong></span> <span class='ocrx_word' id='word_1_943' title='bbox 3329 5606 3487 5662; x_wconf 87' lang='lat' dir='ltr'><strong>addat</strong></span> <span class='ocrx_word' id='word_1_944' title='bbox 3513 5626 3659 5678; x_wconf 84' lang='lat' dir='ltr'><strong>opus</strong></span> 
     </span>
    </p>
   </div>
   <div class='ocr_carea' id='block_1_121' title="bbox 2078 5694 3656 5765">
    <p class='ocr_par' dir='ltr' id='par_1_121' title="bbox 2078 5694 3656 5765">
     <span class='ocr_line' id='line_1_121' title="bbox 2078 5694 3656 5765; baseline 0.003 -16"><span class='ocrx_word' id='word_1_945' title='bbox 2078 5701 2189 5754; x_wconf 89' lang='lat' dir='ltr'><strong>est.</strong></span> <span class='ocrx_word' id='word_1_946' title='bbox 2234 5702 2394 5764; x_wconf 90' lang='lat' dir='ltr'><strong>utque</strong></span> <span class='ocrx_word' id='word_1_947' title='bbox 2424 5694 2474 5748; x_wconf 91' lang='lat' dir='ltr'><strong>in</strong></span> <span class='ocrx_word' id='word_1_948' title='bbox 2504 5695 2685 5763; x_wconf 84' lang='lat' dir='ltr'><strong>primis</strong></span> <span class='ocrx_word' id='word_1_949' title='bbox 2716 5695 2853 5751; x_wconf 89' lang='lat' dir='ltr'><strong>illius</strong></span> <span class='ocrx_word' id='word_1_950' title='bbox 2893 5695 3169 5752; x_wconf 86' lang='lat' dir='ltr'><strong>facultates</strong></span> <span class='ocrx_word' id='word_1_951' title='bbox 3208 5695 3465 5765; x_wconf 76' lang='lat' dir='ltr'><strong>exploret.</strong></span> <span class='ocrx_word' id='word_1_952' title='bbox 3514 5697 3656 5754; x_wconf 81' lang='lat' dir='ltr'><strong>Nam</strong></span> 
     </span>
    </p>
   </div>
  </div>
