3944 6202
229 338 333 394 657

224 467 422 522 beatus
454 462 540 521 ille
573 462 768 519 Paulus
795 475 917 516 cum
949 459 1117 515 dixit:
1146 458 1357 526 Oportet
1386 466 1553 509 autem
1586 456 1730 510 illum
1769 464 1817 508 et

224 557 569 611 testimonium
596 555 776 608 habere
800 552 985 607 bonum
1013 553 1073 605 ab
1095 552 1155 605 iis
1175 550 1259 621 qui
1286 548 1410 621 [oris
1435 557 1551 602 sunt
1575 547 1652 618 (l.
1679 544 1820 601 Tim.

224 651 287 704 3.
318 648 398 716 Ἰ),
430 660 764 718 nequaquam
793 645 926 698 tollit
952 652 1254 697 accuratum
1286 640 1671 710 probatumque
1696 652 1824 692 exao

231 759 383 805 men,
405 755 575 811 neque
598 747 653 793 ut
672 737 992 808 prJ‘cipumu
1037 735 1151 806 ejus
1180 732 1508 805 probationis
1533 733 1739 802 signum
1772 730 1824 785 id

229 842 507 904 proponit.
536 831 749 886 Etenim
776 828 957 883 multis
982 835 1135 882 antea
1160 825 1448 897 prmmissis
1479 825 1691 879 tandem
1723 823 1824 877 hoc

229 922 483 989 addidit,
520 929 583 977 ut
611 919 952 985 ostenderet,
996 933 1103 972 non
1147 932 1299 972 suum
1334 925 1532 970 tantum
1562 915 1821 969 calculum

220 1013 484 1069 sufﬁcere
508 1010 573 1066 ad
605 1011 735 1065 tales
772 1009 1094 1074 electiones,
1124 1006 1216 1061 sed
1243 1022 1361 1060 cum
1398 1005 1515 1060 aliis
1544 1014 1716 1060 tamen
1741 1020 1823 1060 re-

220 1104 394 1175 quiri.
440 1101 596 1173 Saepe
624 1116 852 1172 namque
877 1099 1053 1155 evenit
1080 1107 1135 1153 ut
1163 1097 1302 1168 vulgi
1341 1097 1520 1166 opinio
1558 1096 1686 1150 falsa
1713 1095 1821 1150 sit:

224 1204 511 1262 praeeunte
542 1201 721 1248 autem
751 1199 1000 1246 accurato
1028 1190 1272 1243 examine
1304 1187 1433 1241 nihil
1470 1197 1654 1257 postea
1685 1186 1825 1257 peri-

182 1306 188 1345 :
220 1285 339 1340 culi
367 1299 434 1338 ex
466 1298 527 1338 ea
557 1282 814 1352 suSpicari
836 1282 963 1336 licet
986 1269 1243 1350 :ide'Oque
1266 1279 1499 1349 postalia
1519 1288 1822 1333 exterarum

221 1377 397 1432 etiam
430 1374 791 1430 testimonium
818 1373 1061 1444 requirit.
1084 1370 1271 1442 Neque
1298 1372 1438 1426 enim
1469 1371 1639 1426 solum
1666 1371 1816 1436 dixit,

224 1467 450 1537 Oportet
487 1476 656 1521 autem
684 1464 831 1520 illum
872 1474 919 1520 et
960 1464 1295 1520 testimonium
1324 1463 1505 1517 habere
1532 1463 1713 1517 bonum
1745 1464 1819 1535 (l.

220 1558 366 1614 Tim.
392 1559 447 1614 5.
472 1556 564 1630 7);
591 1557 685 1613 sed
705 1556 926 1623 addidit,
954 1556 1029 1610 Ab
1052 1555 1115 1610 iis
1139 1556 1224 1627 qui
1247 1555 1371 1626 foris
1399 1564 1539 1621 sunt,
1569 1563 1626 1609 ut
1652 1555 1820 1623 palam

220 1651 469 1719 faceret,
518 1660 824 1706 exterorum
854 1649 1091 1719 Opinioni
1132 1655 1186 1702 et
1217 1646 1373 1702 famae
1403 1646 1592 1716 praeire
1628 1646 1822 1700 debere

221 1750 542 1797 accuratum
578 1755 824 1796 examen.
865 1738 1125 1807 Quoniam
1164 1738 1322 1809 igitur
1349 1753 1448 1808 ego
1472 1753 1590 1808 quae
1608 1746 1668 1809 te
1696 1753 1821 1808 spe—

221 1832 451 1888 ctabant
491 1831 610 1902 plus
643 1847 803 1903 quam
841 1838 1088 1901 parentes
1131 1829 1242 1896 tui,
1274 1837 1330 1884 ut
1356 1831 1469 1897 ipse
1497 1828 1697 1894 fateris,
1726 1843 1824 1882 no-

221 1938 415 1979 veram
441 1964 457 1987 ,
499 1922 621 1978 ideo
647 1921 838 1992 dignus
871 1935 988 1976 sum
1018 1920 1110 1991 qui
1156 1919 1223 1974 ab
1249 1918 1394 1973 omni
1432 1918 1655 1974 crimine
1690 1918 1824 1974 liber

223 2014 495 2070 dimittar.

298 2106 632 2164 BASILIUS.
656 2106 770 2162 Non
800 2105 919 2160 ideo
945 2104 1193 2176 effugeris
1216 2146 1231 2170 ,
1278 2103 1479 2175 inquit,
1512 2102 1557 2159 si
1587 2112 1638 2159 te
1678 2103 1824 2173 quis-

225 2198 371 2268 piam
418 2212 676 2253 accusare
720 2196 867 2252 velit.
917 2198 1106 2251 Annon
1156 2195 1442 2250 meministi
1493 2204 1544 2250 te
1589 2210 1620 2249 a
1668 2193 1822 2249 nobis

222 2304 373 2359 saepe
402 2289 639 2355 audisse,
667 2297 824 2359 atque
843 2288 910 2343 ab
936 2286 1061 2356 ipsis
1082 2286 1331 2357 operibus
1356 2285 1638 2341 edidicisse
1663 2300 1821 2355 quam

222 2396 417 2451 parum
437 2381 687 2452 generosi
710 2381 809 2436 sim
831 2380 1033 2434 animi?
1063 2380 1253 2433 Annon
1275 2377 1405 2433 mihi
1430 2393 1574 2447 saepe
1595 2378 1820 2433 ridendo

223 2475 723 2545 pusillanimitatem
765 2471 1126 2543 exprobrabas
1151 2510 1167 2537 ,
1216 2469 1358 2542 quod
1409 2469 1495 2525 vel
1542 2469 1822 2526 levissimis

224 2566 370 2622 curis
392 2565 552 2620 facile
576 2563 871 2635 dejicerer?

289 2657 348 2714 5.
381 2655 497 2711 Nos
529 2665 733 2727 prapter
758 2655 1015 2708 caritatem
1043 2653 1096 2706 in
1130 2650 1386 2707 Christum
1419 2667 1525 2706 rem
1558 2650 1705 2704 istam
1730 2650 1818 2720 fu-

218 2749 371 2820 gisse.
402 2776 482 2787 —
510 2743 886 2801 CHRYSOST.
915 2743 1127 2798 Memini
1157 2757 1287 2797 sane
1317 2757 1403 2797 me
1430 2756 1576 2811 sazpe
1598 2740 1700 2796 hoc
1723 2742 1820 2797 abs

218 2850 274 2896 te
299 2839 517 2906 audire,
544 2852 718 2908 neque
758 2836 964 2891 inficias
989 2852 1076 2890 eo.
1106 2836 1218 2906 Ego
1246 2850 1375 2889 vero
1415 2834 1458 2889 si
1494 2833 1705 2904 quando
1733 2849 1821 2889 ca-

215 2930 470 2996 villahar,
508 2928 654 2999 joco,
686 2943 794 2983 non
852 2926 1014 2992 serio,
1057 2926 1108 2980 id
1148 2924 1391 2996 agebam.
1423 2924 1674 2979 Attamen
1711 2939 1819 2979 non

217 3039 281 3079 ea
325 3022 397 3078 de
437 3037 502 3077 re
536 3036 681 3076 nunc
708 3019 1060 3083 contendam;
1102 3032 1236 3087 rogo
1270 3027 1319 3072 te
1358 3025 1537 3070 autem
1573 3014 1817 3071 eamdem

219 3115 349 3170 mihi
370 3122 601 3185 praestes
622 3111 1026 3183 ingenuitatem,
1051 3108 1139 3163 ubi
1162 3108 1418 3162 virtutum
1438 3114 1644 3161 tuarum
1669 3122 1819 3160 men-

218 3208 422 3260 tionem
456 3204 671 3258 faciam.
711 3201 923 3257 Etcnim
960 3199 1005 3254 si
1043 3198 1256 3254 coneris
1295 3212 1397 3252 nos
1436 3195 1699 3251 mendacii
1726 3211 1816 3250 ar—

223 3314 414 3371 guere,
461 3296 558 3350 tibi
603 3312 706 3349 non
747 3307 1048 3364 parccmus,
1086 3290 1178 3347 scd
1216 3287 1559 3344 ostendemus
1603 3296 1655 3342 te
1696 3302 1818 3341 mo-

219 3391 405 3445 destia:
432 3387 637 3458 potius,
658 3400 815 3457 quam
838 3383 1079 3438 veritatis
1096 3396 1254 3436 causa
1274 3379 1392 3435 huic
1415 3380 1573 3434 verba
1597 3377 1812 3446 fecisse,

220 3496 323 3536 non
353 3480 481 3534 aliis
517 3492 677 3548 quam
704 3475 882 3531 verbis
910 3483 964 3529 et
999 3472 1152 3528 factis
1179 3473 1283 3527 tuis
1318 3471 1589 3541 usurpatis
1613 3471 1678 3525 ad
1701 3486 1814 3526 rem

220 3570 647 3629 conﬁrmandam
677 3568 920 3623 testibus.
966 3568 1142 3637 Atque
1172 3565 1401 3636 primum
1442 3564 1538 3620 abs
1578 3573 1629 3619 te
1663 3580 1814 3635 quae-

222 3680 341 3718 rere
371 3663 503 3717 volo
536 3678 552 3715 :
578 3659 804 3724 Nostin’,
835 3664 1030 3728 quanta
1070 3657 1141 3710 sit
1178 3656 1259 3710 vis
1290 3655 1572 3710 caritatis?
1602 3653 1812 3709 Etenim

220 3755 495 3820 Christus,
523 3752 706 3807 missis
735 3749 989 3821 prodigiis
1021 3747 1288 3812 omnibus,
1320 3762 1439 3817 quae
1466 3746 1533 3801 ab
1557 3744 1814 3815 apostolis

221 3848 429 3903 edenda
482 3854 658 3911 erant,
710 3842 776 3898 In
819 3844 943 3908 hoc,
991 3842 1181 3912 inquit,
1224 3850 1524 3911 cognoscent
1565 3839 1811 3906 homines,

219 3941 335 4009 quia
359 3938 608 4008 discipuli
634 3938 732 3991 mei
756 3936 894 4001 estis,
919 3937 962 3989 si
987 3933 1309 3988 dilectionem
1335 3932 1610 3988 habueritis
1630 3933 1698 3987 ad
1726 3934 1811 3986 in—

219 4033 374 4085 vicem
422 4029 607 4099 (Joan.
649 4028 741 4083 15.
794 4027 911 4098 ‘55).
957 4025 1155 4081 Paulus
1200 4039 1328 4079 vero
1380 4024 1455 4078 ait
1499 4023 1643 4078 illam
1691 4037 1813 4079 esse

220 4123 351 4193 legis
379 4124 396 4155 ¹
425 4120 848 4191 plenitudinem,
887 4119 1003 4175 sine
1040 4133 1141 4189 qua
1170 4116 1489 4173 charismata
1528 4116 1657 4171 nihil
1687 4131 1815 4186 pro-

220 4224 340 4269 sunt
365 4212 549 4279 (Rom.
578 4213 666 4267 15.
692 4211 803 4281 10).
829 4209 965 4265 illud
988 4224 1119 4264 sane
1138 4210 1392 4264 eximium
1414 4208 1634 4273 bonum,
1656 4205 1810 4261 disci-

222 4306 469 4375 pulorum
519 4301 719 4357 Christi
764 4303 997 4371 signum,
1039 4298 1182 4370 quod
1226 4299 1355 4368 ipsis
1397 4296 1811 4353 cbarismatibus

222 4396 467 4465 superius
492 4401 598 4458 est,
629 4390 736 4446 vidi
762 4392 814 4446 in
844 4391 1025 4446 animo
1051 4400 1141 4445 tuo
1169 4404 1429 4460 generose
1454 4390 1691 4455 insitum,
1719 4404 1812 4445 co-

225 4485 538 4555 piosumque
566 4482 796 4538 fructum
834 4481 1104 4538 emittere.
1132 4481 1265 4535 Tum
1296 4480 1599 4538 BASILIUS
1637 4499 1652 4536 :
1683 4481 1810 4537 Mihi

225 4575 357 4632 hanc
391 4592 511 4632 rem
549 4589 893 4645 summopere
929 4589 1073 4629 curze
1100 4588 1244 4640 esse,
1289 4575 1681 4644 maximamque
1720 4590 1810 4632 me

225 4666 640 4722 sollicitudinem
670 4664 723 4719 in
752 4664 857 4719 hoc
883 4662 1159 4735 implendo
1188 4672 1458 4734 praecepto
1485 4678 1688 4734 ponere
1724 4664 1809 4720 fa-

223 4768 334 4813 teor
364 4778 379 4815 :
410 4755 559 4828 quod
600 4766 779 4812 autem
817 4771 888 4812 ne
925 4755 1204 4811 dimidium
1244 4755 1457 4827 quidem
1502 4757 1620 4827 ejus
1656 4771 1809 4814 asse-

218 4860 413 4919 quntus
438 4848 543 4904 sim
565 4890 580 4914 ,
599 4855 655 4902 tu
676 4847 805 4901 mihi
833 4846 983 4902 testis
1004 4846 1136 4911 eris,
1158 4846 1204 4901 si
1231 4861 1336 4901 non
1358 4845 1425 4900 ad
1444 4847 1689 4916 gratiam,
1711 4847 1808 4904 sed

221 4941 517 4996 secundum
543 4939 624 4994 rei
647 4938 931 4993 veritatem
969 4936 1113 5008 loqui
1143 4937 1397 4992 volueris.
1424 4936 1803 4994 CHRYSOST.

223 5031 385 5104 Igitur
409 5031 480 5088 ad
507 5040 821 5103 argumenta
844 5045 931 5085 me
956 5038 1183 5095 vertam,
1206 5038 1260 5084 et
1282 5029 1425 5099 quod
1449 5031 1807 5088 comminatus

218 5139 333 5181 sum
356 5138 505 5179 nunc
526 5122 807 5193 praestabo,
840 5131 900 5176 ut
921 5119 1196 5176 ostendam
1225 5128 1275 5175 te
1306 5119 1618 5176 modestiam
1644 5136 1805 5192 quam

224 5217 500 5271 veritatem
530 5214 699 5285 magis
726 5228 937 5270 curare.
967 5212 1206 5283 Remque
1235 5211 1464 5267 narrabo
1503 5228 1672 5284 nuper
1708 5228 1804 5285 ge-

222 5318 381 5378 stam,
416 5322 487 5364 ne
518 5306 664 5377 quis,
699 5306 748 5361 si
789 5315 968 5361 vetera
1011 5319 1344 5372 recenseam,
1385 5306 1684 5376 suspicetur
1716 5322 1805 5363 me

228 5400 476 5470 temporis
516 5397 865 5453 diuturnitate
903 5396 1179 5451 veritatem
1227 5395 1519 5465 obtegere:
1562 5410 1684 5451 cum
1711 5411 1806 5452 ve-

234 5489 352 5545 ritas
391 5490 510 5559 ipsa
552 5503 658 5542 non
698 5487 970 5557 permittat
996 5500 1095 5541 nos
1119 5484 1406 5558 quidquam
1428 5485 1691 5560 attingere
1718 5488 1804 5545 vel

231 5580 308 5644 iis,
332 5595 453 5652 quae
478 5578 546 5636 ad
569 5578 794 5650 gratiam
818 5577 1089 5635 dicuntur.

288 5749 305 5782 ι
339 5751 511 5815 aliqui,
537 5749 656 5816 tegis
676 5757 723 5802 et
744 5750 1095 5816 prophetarum.

1403 341 1490 399 DE
1527 339 1976 400 SACERDOTIO.
2020 341 2146 397 LIB.
2188 343 2252 398 Il.

3415 353 3518 409 638

2010 452 2063 507 6.
2104 452 2477 509 Demonstratia
2511 454 2707 513 virtutis
2744 457 2953 526 Basilii,
2992 470 3042 515 et
3075 461 3372 518 vehanentis
3411 469 3519 534 ejus

1933 546 2176 600 caritatis.
2197 577 2262 585 -—-
2287 547 2417 602 Cum
2443 548 2586 602 enim
2616 549 2828 619 quidam
2852 566 2919 607 ex
2947 551 3293 609 familiaribus
3325 560 3521 613 nostris

1933 639 2267 694 contumeliae
2304 649 2359 694 et
2382 643 2698 711 arrogantia:
2727 659 2823 713 per
2856 644 3177 701 calumniam
3217 661 3516 715 accusatus,

1933 728 1985 783 in
2016 740 2256 786 extremo
2287 733 2522 800 periculo
2548 742 2727 789 esset:
2751 744 2877 790 tunc
2907 738 3117 793 nemine
3143 748 3193 793 te
3219 739 3519 808 incusante,

1932 834 2031 873 nec
2047 821 2372 889 roganteillo
2390 822 2478 892 qui
2498 823 2911 893 periclitabatur,
2945 827 2997 881 in
3028 827 3262 883 medium
3297 840 3346 884 te
3375 836 3519 899 peri-

1934 912 2109 964 culum
2125 911 2419 980 conjecisti.
2444 914 2553 969 lloc
2579 922 2632 968 tu
2649 915 2845 970 factum
2863 916 3092 972 edidisti.
3108 918 3177 974 Ut
3193 930 3369 975 autem
3393 930 3444 975 te
3456 937 3521 976 cx

1931 1001 2105 1056 verbis
2124 1002 2229 1056 tuis
2249 1018 2553 1073 arguamus,
2575 1006 2772 1075 tibique
2795 1005 2908 1077 ipsa
2924 1008 3084 1062 verba
3103 1018 3188 1063 tua
3208 1010 3257 1065 in
3285 1021 3517 1067 mentem

1929 1108 2243 1149 revocemus
2268 1096 2283 1127 ¹
2316 1112 2473 1152 :cum
2523 1096 2657 1152 hanc
2689 1098 2850 1153 animi
2889 1101 2960 1154 tui
2999 1104 3406 1171 generositatem
3429 1104 3516 1158 alii

1931 1202 2035 1240 non
2067 1188 2446 1257 approbarent,
2479 1189 2566 1243 alii
2599 1189 2873 1245 laudarent
2898 1207 2961 1247 ac
2986 1194 3324 1259 mirarentur,
3356 1210 3519 1251 accu-

1929 1280 2192 1335 satoribus
2235 1281 2339 1335 tuis
2377 1280 2556 1335 dixisti
2604 1299 2616 1334 :
2663 1282 2866 1351 Ecquid
2907 1286 3099 1352 agam?
3144 1286 3299 1342 aliter
3337 1302 3521 1342 amare

1931 1386 2035 1424 non
2062 1370 2241 1437 didici,
2271 1372 2372 1427 nisi
2410 1380 2465 1426 ut
2504 1372 2664 1426 vitam
2693 1388 2865 1427 meam
2905 1390 3187 1445 exponam,
3217 1392 3338 1431 cum
3369 1378 3517 1447 peri-

1928 1460 2200 1517 clitantem
2247 1463 2476 1518 amicum
2525 1478 2742 1519 servare
2785 1480 2920 1536 opus
2963 1476 3045 1521 est
3086 1486 3099 1522 :
3142 1469 3260 1523 aliis
3304 1470 3517 1539 quidem

1929 1552 2125 1619 verbis,
2158 1553 2250 1608 sed
2278 1554 2467 1608 eodem
2496 1569 2679 1619 sensu,
2709 1555 2904 1611 Christi
2935 1557 3073 1611 dicta
3102 1558 3374 1628 loquutus,
3398 1563 3518 1631 qui-

1928 1642 2026 1697 bus
2050 1644 2137 1699 ille
2163 1643 2439 1714 discipulis
2467 1644 2719 1716 perfecta:
2744 1648 2980 1702 caritatis
3008 1649 3266 1704 terminos
3296 1652 3470 1719 posuit
3497 1668 3512 1706 :

1929 1749 2053 1789 nam
2080 1734 2330 1806 Majorem
2353 1736 2468 1802 hac,
2504 1738 2694 1807 inquit,
2718 1739 2977 1793 caritatem
2998 1756 3143 1793 nemo
3171 1741 3333 1807 habet,
3367 1759 3518 1813 quant

1928 1834 1985 1878 ut
2010 1825 2233 1880 animam
2258 1844 2403 1881 suam
2434 1828 2547 1894 quis
2576 1840 2731 1899 ponat
2760 1846 2850 1899 pro
2877 1830 3052 1884 amicis
3079 1833 3184 1886 suis
3213 1831 3393 1901 (Joan.
3428 1835 3516 1891 15.

1930 1917 2040 1988 15).
2066 1917 2228 1989 Igitur
2255 1918 2302 1973 si
2327 1919 2496 1989 major
2524 1919 2623 1975 hac
2652 1919 2876 1975 inveniri
2904 1937 3007 1976 non
3034 1931 3231 1992 potest,
3259 1923 3325 1979 ad
3358 1926 3515 1980 linem

1927 2009 2043 2079 ejus
2069 2010 2380 2080 pervenisti,
2407 2025 2470 2065 ac
2495 2012 2657 2081 gestis
2690 2012 2948 2083 dictisque
2977 2014 3079 2069 tuis
3117 2016 3280 2084 ipsius
3305 2018 3515 2074 culmen

1926 2099 2164 2170 attigisti.
2205 2099 2329 2155 Ideo
2361 2110 2413 2155 te
2450 2101 2801 2171 prodidimus,
2839 2103 2961 2159 ideo
2990 2105 3170 2160 dolum
3213 2108 3515 2177 hujusmodi

1926 2192 2383 2246 concinnavimus.
2406 2191 2542 2246 Num
2572 2193 2665 2249 tibi
2693 2194 3153 2264 persuadebimus,
3180 2214 3277 2253 nos
3306 2215 3411 2255 non
3450 2218 3515 2257 ex

1926 2281 2297 2337 malevolentia
2317 2322 2333 2347 ,
2362 2296 2466 2337 non
2505 2291 2564 2337 ut
2594 2292 2644 2338 te
2686 2284 2738 2338 in
2779 2266 3077 2353 periculum!
3104 2288 3511 2356 conjiceremus,

1927 2372 2022 2428 sed
2061 2372 2205 2443 quod
2250 2373 2302 2429 id
2343 2374 2471 2429 utile
2508 2373 2624 2430 fore
2662 2376 2940 2443 sciremus,
2974 2387 3026 2433 te
3060 2378 3111 2434 in
3143 2379 3246 2436 hoc
3283 2382 3512 2438 stadium

1929 2466 2289 2535 pertraxisse?
2316 2466 2642 2525 BASlLlUS.
2674 2470 2755 2523 An
2777 2469 2844 2524 ad
2874 2471 3233 2540 proximorum
3260 2476 3514 2530 emenda-

1928 2556 2128 2611 tionem
2158 2557 2263 2611 vim
2303 2556 2540 2613 caritatis
2573 2559 2704 2615 satis
2742 2575 2863 2617 esse
2903 2564 3095 2632 putas?
3131 2565 3511 2624 CllllYSOST.

1925 2644 2156 2703 Maxime
2184 2647 2397 2716 quidem
2423 2658 2478 2703 et
2506 2665 2698 2720 magna
2723 2666 2789 2705 ex
2815 2662 2965 2722 parte
2986 2653 3051 2708 ad
3083 2654 3135 2709 id
3161 2656 3405 2714 conferre
3426 2675 3513 2715 ca-

1925 2736 2054 2792 ritas
2085 2738 2273 2807 possit.
2305 2739 2457 2808 Quod
2492 2740 2539 2795 si
2578 2742 2708 2796 velis
2736 2750 2792 2796 ut
2826 2743 3119 2813 prudentia:
3159 2762 3371 2818 quoque
3411 2758 3513 2804 tua:

1924 2830 2214 2898 specimina
2254 2832 2617 2900 proferamus,
2648 2833 2713 2888 ad
2753 2833 2805 2888 id
2842 2851 3055 2906 quoque
3089 2853 3176 2893 me
3212 2839 3506 2910 conferam,

1925 2923 2311 2995 ostendamque
2342 2934 2393 2980 te
2422 2926 2591 2994 magis
2617 2927 2891 2995 prudentia
2921 2929 3118 2984 valere.

1997 3013 2077 3069 Ad
2115 3014 2229 3069 haec
2265 3015 2354 3069 ille
2395 3015 2599 3085 pudore
2637 3016 2938 3088 ruborcque
2973 3019 3193 3075 allectus
3221 3021 3509 3096 (ΒΑΜ),

1923 3106 2052 3173 Quae
2106 3123 2213 3172 me,
2269 3108 2456 3178 inquit,
2509 3117 2752 3180 spectant
2796 3126 2941 3167 nunc
2984 3113 3147 3168 missa
3196 3114 3452 3172 faciamus
3492 3134 3509 3173 :

1924 3213 2099 3268 neque
2126 3199 2269 3253 enim
2307 3200 2375 3254 ab
2410 3199 2563 3254 initio
2599 3200 2789 3256 horum
2819 3202 2914 3257 abs
2947 3210 2997 3258 te
3038 3205 3296 3261 rationem
3328 3208 3510 3278 exige-

1924 3291 2066 3343 bam.
2092 3289 2147 3345 Si
2189 3290 2314 3360 quid
2353 3306 2514 3360 porro
2545 3290 2711 3347 habes
2750 3293 2891 3364 quod
2928 3295 3125 3350 exteris
3157 3308 3509 3367 congruenter

1922 3394 2193 3451 opponere
2220 3381 2413 3451 possis,
2437 3381 2490 3436 id
2517 3396 2647 3438 vero
2671 3383 2899 3440 libenter
2915 3384 3147 3440 audiam.
3177 3386 3509 3459 Quapropter

1920 3473 2085 3529 missa
2119 3474 2219 3528 hac
2256 3474 2530 3530 umbratili
2558 3491 2728 3546 pugna
2750 3518 2767 3543 ,
2795 3476 2882 3532 dic
2922 3493 3081 3547 quam
3112 3481 3509 3537 excusationem

1920 3564 2132 3619 cmteris
2157 3563 2462 3631 aderamus,
2492 3567 2698 3622 scilicet
2729 3568 2795 3622 iis
2830 3570 2919 3638 qui
2953 3585 3053 3625 nos
3085 3570 3289 3627 honore
3314 3571 3509 3628 affece-

1919 3665 2065 3722 runt,
2114 3672 2318 3713 necnon
2361 3657 2480 3713 aliis
2517 3660 2605 3728 qui
2646 3659 2856 3716 illorum
2896 3669 3163 3733 tamquam
3199 3664 3391 3734 injuria
3422 3665 3508 3721 af-

1919 3747 2180 3802 fectorum
2213 3748 2383 3802 vicem
2411 3748 2619 3805 dolent.

1991 3839 2044 3894 7.
2087 3838 2236 3905 Quod
2272 3856 2373 3893 non
2406 3840 2460 3893 in
2492 3840 2846 3895 contumeliam
2882 3857 3072 3911 eorum,
3101 3844 3188 3914 qui
3224 3861 3316 3899 nos
3348 3846 3509 3918 elege-

1919 3937 2055 3994 rant,
2079 3929 2447 3984 ordinationem
2475 3930 2821 4001 elfugerimus.
2840 3963 2913 3973 —
2937 3933 3315 3992 CllRYSOST.
3345 3939 3509 4009 Equi-

1918 4019 2041 4075 dem
2086 4018 2152 4073 ad
2197 4019 2271 4087 id,
2317 4020 2552 4090 inquam,
2598 4020 2708 4091 jam
2761 4038 3022 4092 propero;
3072 4027 3503 4097 quandoquidem

1919 4115 2062 4166 enim
2092 4112 2317 4167 rationis
2343 4111 2482 4182 apud
2522 4122 2572 4167 te
2602 4113 2886 4168 reddendae
2925 4115 3082 4170 finem
3121 4119 3242 4184 feci,
3275 4119 3341 4172 ad
3370 4120 3506 4174 lianc

1917 4203 2177 4274 apologiae
2211 4211 2416 4271 partem
2462 4202 2616 4258 facile
2658 4218 2744 4258 me
2782 4214 3007 4259 vertam.
3044 4206 3298 4272 Quianam
3346 4208 3504 4277 igitur

1919 4293 2108 4348 horum
2132 4293 2419 4359 accusatio,
2441 4309 2559 4363 qua:
2577 4293 2800 4348 crimina
2820 4295 2843 4348 ?
2863 4295 2933 4350 Se
2952 4296 3267 4351 contumelia
3284 4296 3503 4353 allectos

1917 4390 1972 4438 et
2004 4382 2185 4453 gravia
2225 4396 2409 4452 passos
2434 4392 2748 4452 queruntur,
2786 4384 2906 4453 quia
2950 4384 3227 4453 honorem,
3266 4402 3373 4458 quo
3405 4405 3502 4443 nos

1915 4487 2111 4529 ornare
2137 4472 2405 4538 volebant,
2450 4487 2557 4528 non
2596 4473 2919 4544 accepimus.
2953 4475 3066 4546 Ego
3105 4492 3233 4532 vero
3271 4478 3502 4548 primum

1916 4566 2113 4632 dicam,
2142 4580 2240 4620 nos
2267 4565 2335 4621 de
2358 4565 2697 4622 contumeliis
2726 4566 3028 4625 hominibus
3056 4569 3217 4627 illatis
3243 4572 3374 4627 nihil
3405 4590 3501 4628 cu-

1916 4674 2039 4716 rare
2057 4658 2276 4728 debere,
2303 4675 2423 4715 cum
2451 4675 2549 4730 per
2573 4661 2652 4716 eis
2682 4661 2885 4716 illatum
2914 4663 3170 4719 honorem
3198 4665 3250 4720 in
3291 4664 3386 4720 Dei
3425 4666 3502 4719 of-

1917 4751 2212 4808 fensionem
2253 4752 2531 4809 incurrere
2558 4753 2821 4824 cogimur.
2850 4752 3033 4825 Neque
3070 4758 3214 4810 enim
3251 4765 3380 4826 puto
3410 4772 3501 4812 eos

1918 4843 2064 4915 ipsos
2093 4843 2184 4914 qui
2212 4843 2574 4915 indignantur,
2607 4859 2728 4899 cum
2764 4859 2881 4900 eam
2917 4861 3029 4901 rem
3052 4846 3276 4901 moleste
3302 4846 3497 4912 ferunt,

1917 4934 2159 5005 periculo
2181 4950 2392 5004 vacare,
2421 4934 2532 4991 imo
2563 4951 2814 5007 magnum
2847 4936 3089 5006 accipere
3121 4936 3499 4993 detrimentum

1917 5027 2166 5083 dixerim.
2197 5028 2320 5084 Illos
2339 5028 2557 5099 quippe,
2583 5028 2672 5099 qui
2704 5029 2812 5082 Deo
2840 5027 3035 5084 addicti
3060 5038 3202 5096 sunt,
3234 5038 3289 5086 et
3322 5030 3387 5085 ad
3414 5030 3499 5100 ip-

1916 5132 2034 5173 sum
2073 5118 2245 5172 solum
2288 5119 2600 5188 reSpiciunt,
2641 5119 2714 5173 ita
2753 5118 2839 5188 pie
2880 5119 3099 5175 allectos
3141 5136 3262 5177 esse
3304 5121 3499 5177 debere

1915 5224 2130 5277 censeo,
2165 5219 2222 5267 ut
2265 5210 2317 5265 id
2349 5226 2455 5266 non
2497 5226 2596 5281 pro
2633 5212 2961 5267 contumelia
3001 5213 3250 5279 habeant,
3289 5214 3497 5270 etiamsi

1915 5302 2219 5359 sexcenties
2244 5304 2322 5357 sic
2347 5301 2756 5359 inbonorentur.
2788 5303 2938 5371 Quod
2968 5319 3097 5359 vero
3125 5305 3313 5361 similis
3337 5321 3499 5363 ausus

1915 5408 1984 5449 nc
2022 5392 2078 5448 in
2129 5401 2363 5449 mentem
2400 5393 2611 5464 quidem
2654 5395 2783 5450 mihi
2826 5410 3072 5466 umquam
3104 5397 3330 5464 venerit,
3376 5397 3500 5454 hinc

1914 5483 2172 5554 liquidum
2198 5484 2318 5539 erit.
2347 5483 2481 5539 Nam
2502 5485 2545 5539 si
2575 5485 2711 5540 fastu
2738 5486 2820 5542 vel
2842 5502 2991 5541 vana:
3015 5487 3199 5558 gloria:
3227 5488 3493 5558 cupidine,

1917 5585 1977 5631 ut
2001 5591 2146 5647 saepe
2182 5576 2363 5631 dixisti
2391 5577 2674 5633 nonnullos
2692 5578 3029 5646 calumniari,
3058 5581 3123 5636 ad
3163 5581 3215 5637 id
3240 5581 3499 5637 deductus

1976 5691 1994 5723 ί
2027 5698 2154 5749 Haec,
2199 5690 2376 5757 tibique
2413 5689 2521 5754 ipsa
2556 5690 2702 5745 verba
2753 5692 2804 5745 in
2856 5700 3060 5746 mentem
3107 5709 3413 5757 revocemus,
3448 5697 3497 5747 in

1915 5751 2095 5819 aliquot
2240 5754 2433 5804 desunt.
