3944 6202
507 352 607 407 G39

508 486 649 531 sum,
684 477 739 522 ut
768 465 1164 523 accusatoribus
1193 463 1505 534 adstipuler,
1534 464 1820 519 maximam
1851 478 1979 517 sane
2010 463 2091 516 itt-

504 556 700 628 jnriam
723 557 1011 624 intulerim,
1040 558 1131 627 qui
1152 555 1494 610 admirandos
1525 565 1575 610 et
1602 556 1921 624 CttIISpiCttus
1952 555 2085 618 illos,

508 650 773 718 etiamque
814 647 942 702 mihi
995 646 1260 703 beneficos
1302 645 1735 716 contempserim.
1790 646 1996 699 Etenim
2050 643 2096 699 si

511 740 641 792 nihil
684 738 937 795 laedentes
967 738 1159 807 injuria
1197 738 1412 792 afficere
1438 738 1696 810 supplicio
1735 737 1950 807 dignum
1993 746 2091 802 est,

510 838 711 898 quanto
756 829 810 883 in
852 829 1058 883 honore
1101 836 1225 883 sunt
1278 828 1507 882 habendi
1563 828 1658 893 illi,
1697 828 1787 898 qui
1841 828 2095 881 honorem

511 919 665 973 nobis
702 917 841 972 ultro
886 918 1129 973 conferre
1165 917 1428 972 volunt“!
1483 915 1666 988 Neque
1721 918 1860 972 enim
1918 918 2097 973 dicere

510 1011 628 1081 quis
657 1010 844 1080 possit,
876 1011 1019 1079 ipsos
1044 1011 1129 1066 vel
1173 1026 1334 1080 parvo
1359 1011 1446 1065 vel
1488 1025 1679 1080 magno
1715 1010 1974 1064 beneficio
2013 1007 2097 1063 af-

518 1102 687 1157 fectus
714 1102 884 1157 vicem
916 1101 1207 1172 rependere
1240 1101 1494 1156 voluisse.
1527 1101 1737 1169 Quanto
1776 1101 1934 1170 igitur
1974 1115 2102 1170 snp-

509 1194 669 1263 plicio
693 1193 884 1263 dignus
906 1204 1050 1249 esset
1076 1193 1166 1264 qui
1188 1194 1408 1249 adversa
1430 1194 1786 1263 rependeret?
1810 1193 1900 1248 Sin
1922 1203 2097 1248 autem

511 1284 564 1340 id
592 1300 661 1339 ne
684 1286 1033 1355 Cogitat-imus
1061 1286 1295 1356 quidem,
1326 1286 1417 1341 sed
1445 1287 1552 1340 alio
1588 1287 1744 1356 longe
1778 1286 2001 1341 consilio
2030 1285 2097 1341 ab

510 1392 674 1432 onere
699 1377 1084 1433 declinavimus
1110 1396 1123 1430 :
1151 1393 1404 1448 quorsum
1429 1377 1567 1443 illos,
1591 1377 1784 1447 quibus
1808 1377 1851 1431 si
1879 1394 1981 1431 non
2005 1392 2099 1446 ap-

511 1470 903 1540 probationem,
937 1470 1124 1524 saltem
1155 1468 1364 1524 veniam
1392 1469 1520 1524 dare
1548 1468 1875 1533 debuissent,
1907 1469 2094 1524 erimi-

514 1569 730 1627 nantur,
763 1561 903 1631 quod
934 1562 1125 1616 animae
1164 1563 1560 1632 pepercerimus
1604 1563 1839 1617 nostrm‘?
1867 1561 2098 1617 Tantum

513 1651 653 1707 enim
675 1653 824 1707 abest
844 1662 901 1707 ut
926 1653 1051 1721 ipsis
1073 1654 1444 1707 contumeliam
1474 1655 1840 1723 irrogaveri‘m,
1858 1664 1915 1709 ut
1939 1651 2117 1709 etiam'

514 1745 810 1799 recusando
854 1744 999 1814 ipsos
1038 1745 1240 1801 honore
1273 1745 1513 1801 affecisse
1553 1762 1639 1802 me
1677 1756 1877 1817 putem.
1917 1747 2100 1818 Neque

514 1850 642 1888 vero
679 1835 1004 1905 paradoxum
1050 1851 1134 1889 me
1172 1836 1369 1891 dixisse
1403 1837 1704 1907 putaveris;
1736 1838 1930 1892 etenim
1977 1854 2098 1893 mox

516 1927 675 1996 hujus
699 1929 1107 1997 explicationem
1139 1931 1427 1998 proteram.

587 2019 641 2073 8.
673 2018 821 2085 Quod
850 2021 1003 2073 etiam
1037 2020 1277 2091 fugiendo
1304 2020 1421 2075 illos
1449 2037 1480 2074 a
1506 2021 1872 2092 vituperatione
1905 2023 2099 2078 erueri-

515 2127 641 2164 mus.
668 2139 740 2151 —
766 2110 913 2166 Tunc
947 2111 1113 2174 enim,
1158 2113 1203 2167 si
1235 2113 1409 2167 minus
1447 2127 1655 2179 omnes,
1685 2115 1871 2168 saltem
1913 2115 1969 2180 ii,
2009 2115 2099 2185 qui

514 2199 808 2255 maledictis
849 2200 1198 2267 delectantur,
1237 2202 1401 2256 multa
1440 2217 1560 2258 cum
1602 2203 1668 2258 de
1704 2219 1791 2259 me
1829 2204 2093 2271 ordinato,

515 2301 625 2344 tum
667 2291 735 2347 de
774 2292 839 2346 iis
880 2293 969 2363 qui
1009 2307 1095 2347 me
1134 2294 1426 2363 elegerant,
1470 2294 1726 2365 suspicari
1767 2296 2098 2365 potuissent;

514 2383 660 2439 verbi
686 2384 873 2454 gratia,
904 2383 1043 2454 quod
1071 2383 1136 2438 ad
1162 2384 1375 2441 divitias
1398 2387 1749 2455 respicerent,
1778 2386 1917 2457 quod
1940 2402 2103 2457 gene-

516 2476 592 2531 ris
636 2475 973 2543 splendorem
1023 2476 1360 2544 mirarentur,
1405 2478 1545 2547 quod
1582 2477 1885 2533 adulatione
1921 2487 2101 2533 nostra

517 2565 645 2618 moti
684 2564 751 2618 ad
785 2563 837 2617 id
876 2578 973 2618 nos
1007 2566 1340 2632 coeptarint;
1381 2566 1508 2636 quin
1538 2567 1697 2620 etiam
1743 2567 1965 2637 pecunia
2005 2567 2101 2622 ad-

515 2655 703 2709 ductos
733 2654 784 2708 id
811 2655 987 2725 egisse
1026 2656 1206 2709 nescio
1245 2672 1312 2711 an
1339 2656 1511 2711 dicam
1542 2658 1774 2727 aliquem
1804 2659 2100 2728 suspicatu-

516 2760 634 2799 rum
674 2743 856 2799 fuisse.
898 2743 1141 2799 Christus
1179 2746 1415 2815 quidem,
1458 2746 1739 2813 dixissent,
1788 2748 2098 2818 piscatores,

520 2835 976 2892 tabernaculorum
1007 2834 1226 2905 Opiﬁces
1264 2846 1319 2892 et
1357 2837 1665 2908 publicanos
1705 2839 1770 2893 ad
1801 2839 2101 2909 hujusmodi

515 2929 879 2999 magistratum
911 2931 1119 2985 vocavit
1148 2931 1359 3001 (Matth.
1399 2933 1447 2988 4.
1486 2932 1574 3005 19)
1606 2950 1620 2987 :
1653 2933 1705 2987 hi
1735 2950 1851 3001 eos,
1882 2935 1969 3004 qui
2001 2936 2102 2991 sibi

515 3021 820 3090 quotidiano
860 3037 1020 3092 opere
1058 3025 1251 3079 victum
1290 3035 1494 3095 parant,
1534 3038 1793 3097 respuunt
1832 3027 1966 3101 (Act.
2004 3029 2089 3085 l8.

516 3112 602 3183 5);
634 3114 679 3167 si
705 3114 822 3184 quis
848 3123 1021 3169 autem
1051 3123 1357 3181 exterorum
1384 3116 1554 3171 literis
1579 3132 1795 3187 operam
1823 3118 1933 3185 det,
1960 3120 2098 3173 otio-

513 3222 677 3277 seque
713 3206 875 3272 vivat,
920 3207 1059 3262 hunc
1086 3208 1381 3278 approbant
1407 3216 1462 3264 et
1501 3207 1831 3264 admirantur
1867 3209 2015 3281 (Luc.
2048 3210 2101 3266 5.

513 3300 628 3369 27).
655 3299 787 3355 Nam
828 3315 923 3354 cur
966 3300 1177 3355 tandem
1207 3316 1320 3367 eos,
1353 3301 1442 3370 qui
1489 3301 1541 3355 in
1581 3302 1835 3357 Ecclesiae
1878 3304 2103 3372 negotiis

514 3391 659 3445 mille
697 3390 920 3446 sudores
963 3391 1319 3460 pertulerant,
1352 3400 1817 3461 contempserunt,
1850 3408 2100 3461 eumque,

516 3483 606 3554 qni
636 3482 736 3538 hos
764 3496 1053 3553 numquam
1084 3494 1338 3553 expertus
1367 3484 1576 3540 labores
1609 3493 1770 3539 totam
1800 3494 2010 3541 mtatem
2049 3485 2101 3540 iu

578 3680 594 3711 ι
629 3685 756 3736 Haec,
779 3677 972 3741 quando
991 3676 1042 3728 in
1056 3676 1234 3729 honore
1256 3685 1365 3729 sunt
1380 3677 1607 3739 habendi,
1626 3679 1806 3731 desunt
1830 3681 1879 3729 in
1902 3682 2109 3731 maxima

516 3741 950 3802 manuscriptorum
962 3749 1116 3804 parte,
1136 3741 1226 3791 sed
1248 3741 1489 3791 habentur
1512 3743 1560 3790 in
1579 3741 1739 3791 Morel.
1768 3752 1820 3792 et
1840 3743 1982 3793 savil.

1224 352 1281 408 S.
1322 351 1598 409 JOANNIS
1632 345 2105 408 CHRYSOSTOMI
2146 348 2461 407 ARCIllEP.
2501 350 3037 407 CONSTANTINOP.
3637 364 3723 419 διο

2152 492 2153 495 η
2200 465 2350 520 Vultis
2378 473 2680 520 exterorum
2708 464 3000 535 disciplinis
3020 466 3353 534 contriverat,
3378 480 3541 526 statim
3562 475 3607 528 iu
3626 487 3722 532 tau-

2202 561 2313 608 tum
2346 554 2600 610 honorem
2626 555 2967 624 pertraxere?
2997 556 3118 610 lla-e
3139 567 3191 612 et
3214 559 3395 614 similia
3424 562 3582 618 dicere
3607 580 3727 635 pote-

2200 657 2340 712 rant,
2362 647 2403 700 si
2427 645 2563 701 hanc
2583 647 2892 716 dignitatem
2915 649 3255 715 accepissem.
3276 649 3417 706 Nunc
3438 669 3551 707 vero
3572 671 3722 719 secus;

2202 738 2376 791 omnis
2407 738 2546 792 enim
2575 738 2678 791 illis
2703 737 3051 795 maledicendi
3081 741 3287 794 occasio
3316 753 3507 798 resecta
3535 756 3621 808 est,
3650 765 3728 804 nec

2203 827 2333 881 mihi
2371 827 2754 894 adulationem,
2799 843 2895 883 nec
2937 829 3042 883 illis
3082 840 3294 900 accepta
3337 849 3542 890 munera
3569 853 3729 907 exuo.

2204 916 2360 972 brare
2390 927 2631 988 possunt,
2678 919 2778 973 nisi
2824 918 3051 975 fortasse
3085 920 3210 986 sint,
3242 922 3330 993 qui
3368 925 3498 980 ultro
3537 928 3730 986 insanire

2201 1009 2385 1063 velint.
2410 1009 2527 1077 Quo
2555 1020 2708 1079 pacto
2745 1010 2887 1065 enim
2917 1010 3219 1067 adulatione
3253 1021 3307 1069 et
3342 1013 3603 1086 largitione
3628 1036 3733 1076 usus

2203 1101 2462 1171 quispiam
2489 1100 2555 1155 ad
2594 1100 2854 1156 honorem
2885 1102 3304 1171 adipiscendum,
3336 1121 3457 1160 mox
3486 1107 3731 1178 adepturus

2203 1209 2348 1261 eum,
2375 1193 2492 1248 aliis
2527 1193 2828 1263 relinquat?
2881 1193 3105 1249 Perinde
3143 1195 3284 1250 enim
3313 1196 3434 1251 illud
3476 1208 3603 1253 esset
3626 1215 3677 1255 ac
3698 1202 3735 1256 si

2204 1285 2324 1353 quis
2342 1293 2460 1354 post
2482 1283 2715 1339 infinitos
2735 1285 2788 1338 in
2805 1284 3092 1339 excolenda
3116 1294 3255 1341 terra
3273 1286 3494 1353 labores,
3513 1300 3564 1343 ut
3578 1290 3735 1346 uberes

2205 1372 2407 1428 fructus
2450 1385 2764 1444 segetesque
2801 1374 3091 1446 colligeret,
3123 1385 3178 1431 et
3216 1376 3337 1431 vin
3376 1381 3631 1435 toreularia
3663 1397 3733 1437 rc-

2205 1464 2524 1533 dundarcnt,
2555 1474 2674 1534 post
2699 1466 2841 1522 mille
2863 1467 3085 1522 sudores
3111 1476 3165 1522 et
3191 1468 3407 1524 multam
3434 1474 3734 1540 pecuniarum

2206 1570 2513 1626 expensam,
2559 1572 2677 1610 cum
2728 1558 2917 1613 messis
2967 1567 3020 1613 et
3057 1558 3340 1614 vindemiae
3379 1570 3571 1630 tempus
3610 1563 3737 1619 adve-

2207 1649 2365 1716 niret,
2416 1648 2534 1703 aliis
2585 1647 2854 1704 fructuum
2906 1660 3225 1721 proventum
3279 1651 3522 1707 traderet.
3566 1654 3735 1719 \‘ideu‘,

2206 1739 2413 1795 etiamsi
2440 1756 2557 1810 qua:
2583 1750 2711 1797 tune
2731 1742 3065 1812 jactabantur
3092 1744 3322 1813 procula
3347 1746 3555 1800 veritate
3572 1757 3736 1809 essent,

2207 1846 2450 1901 magnam
2501 1832 2856 1888 calumniandi
2911 1849 3094 1888 ansam
3138 1832 3410 1891 habituros
3455 1837 3741 1891 adversarius

2207 1923 2389 1992 fuisse,
2431 1925 2571 1996 quod
2611 1927 2814 1983 scilicet
2857 1943 2963 1982 non
3005 1937 3153 1983 recto
3186 1928 3388 1998 judicio
3427 1929 3602 1985 electio
3630 1929 3737 1983 facta

2207 2014 2413 2070 fuisset.
2447 2016 2596 2071 Nunc
2624 2028 2800 2073 autem
2829 2034 2896 2072 ne
2927 2017 3133 2073 hiscere
3161 2018 3373 2088 quidem
3401 2020 3477 2074 vel
3497 2035 3553 2074 os
3570 2022 3739 2089 aperire

2208 2122 2325 2161 mea
2367 2121 2529 2176 Opera
2576 2118 2817 2177 possunt.
2864 2110 2931 2164 Et
2970 2110 3083 2164 haec
3122 2111 3338 2180 quidem
3388 2112 3636 2180 multoque
3678 2112 3743 2165 his

2209 2197 2357 2267 plura
2399 2199 2547 2254 initio
2581 2199 2858 2255 dixissent.
2897 2200 3183 2272 Postquam
3229 2214 3403 2258 autem
3440 2205 3739 2258 ministerium

2206 2288 2586 2361 attigissemus,
2618 2307 2902 2363 numquam
2942 2293 3303 2361 potuissemus
3339 2294 3647 2364 quotidianas
3670 2309 3741 2347 ac-

2205 2393 2507 2437 cusatorum
2536 2383 2831 2439 calumnias
2852 2384 3115 2451 refellere,
3147 2386 3355 2441 etiamsi
3385 2387 3628 2459 inculpite
3649 2402 3741 2442 ont-

2207 2472 2290 2526 nia
2313 2474 2609 2544 egissemus
2634 2492 2647 2527 :
2672 2491 2739 2529 ne
2761 2474 2929 2530 dicam
2960 2490 3056 2530 nos
3080 2476 3176 2530 hac
3206 2487 3364 2532 tetate
3386 2493 3643 2547 rerumque
3663 2477 3743 2529 iut-

2207 2565 2394 2633 peritia
2444 2564 2496 2619 in
2539 2566 2718 2620 multis
2764 2567 3070 2622 necessario
3112 2568 3453 2625 aberraturos
3498 2570 3657 2624 fuisse.
3691 2571 3743 2621 At

2206 2671 2347 2709 nunc
2377 2655 2478 2710 illis
2503 2656 2887 2712 criminationis
2909 2657 3213 2728 lmjusmodi
3236 2664 3560 2716 occasionem
3586 2670 3734 2714 sustu-

2206 2745 2395 2800 limus:
2424 2756 2550 2801 tune
2589 2758 2766 2803 autem
2816 2749 3024 2818 probris
3049 2765 3143 2805 eos
3194 2752 3484 2808 innumeris
3524 2752 3747 2806 obnoxios

2208 2836 2636 2893 reddidissemus.
2657 2838 2786 2906 Quis
2797 2839 2936 2894 enim
2952 2855 3057 2895 non
3077 2840 3321 2897 dicturus
3333 2851 3443 2897 erat
3465 2861 3478 2897 :
3496 2843 3590 2896 Res
3607 2851 3746 2896 tantas

2210 2939 2423 3001 tamque
2474 2930 2813 2986 admirandas
2867 2933 3045 3002 pueris
3091 2933 3460 3004 insipientibus
3502 2933 3743 2987 commisc-

2208 3033 2351 3088 runt,
2385 3022 2474 3077 Dei
2496 3038 2708 3095 gregem
2735 3024 3238 3094 pessumdederunt,
3264 3042 3349 3082 res
3371 3026 3745 3094 Christianorum

2206 3115 2314 3185 jam
2357 3113 2488 3169 risui
2525 3130 2588 3170 ac
2628 3115 2852 3170 ludibrio
2896 3119 3151 3185 exposita:
3189 3117 3355 3172 sunt?
3386 3119 3452 3173 At
3495 3132 3609 3172 vero
3634 3129 3749 3169 nunc

2215 3205 2390 3262 Omnis
2419 3207 2655 3277 iniquitas
2678 3207 2922 3278 oppilabit
2948 3224 3004 3262 os
3032 3225 3177 3263 suum
3211 3207 3382 3278 (Psal.
3424 3208 3538 3264 108.
3567 3207 3670 3274 42).
3704 3203 3748 3258 Si

2213 3300 2356 3354 enim
2386 3298 2458 3353 tui
2486 3313 2645 3353 causa
2672 3298 2768 3353 ista
2793 3300 3128 3370 protulerint,
3161 3303 3343 3355 statim
3371 3301 3484 3356 illos
3508 3316 3567 3355 ex
3592 3300 3685 3368 ipsa
3706 3312 3752 3351 re

2212 3390 2447 3456 docebis,
2472 3405 2578 3445 non
2599 3400 2847 3461 oportere
2869 3391 3203 3461 prudentiam
3228 3402 3387 3447 aatate
3403 3391 3585 3455 metiri,
3609 3403 3750 3456 neque

2213 3497 2396 3537 senem
2425 3497 2493 3538 ex
2514 3483 2707 3538 canitie
2738 3483 3017 3554 probatum
3050 3483 3271 3549 habere,
3297 3501 3464 3555 neque
3489 3483 3753 3553 juvenema

2215 3574 2303 3629 tali
2336 3574 2631 3630 ministerio
2663 3588 2878 3645 prorsus
2913 3590 3118 3641 arcere,
3152 3576 3248 3631 sed
3282 3578 3611 3647 neopltytum.
3650 3571 3755 3624 Mul-

2217 3673 2326 3720 tum
2347 3675 2429 3721 est
2455 3673 2631 3720 autem
2660 3665 2797 3720 inter
2822 3675 3101 3737 utrumque
3126 3667 3436 3723 discrimen.

536 3876 3754 3903 ,____________________________________________,____..

1502 3983 1986 4089 LIBER
2074 3985 2809 4148 TERTIUS.

946 4332 1051 4367 IIJZC
1083 4330 1254 4366 INSUNT
1287 4326 1423 4363 LIBRO
1454 4327 1653 4364 τεκτιοε

518 4450 549 4493 t.
582 4445 668 4502 Qui
688 4442 909 4504 sn5picati
932 4447 1044 4504 sunt
1063 4453 1165 4504 nos
1210 4451 1298 4504 per
1331 4440 1609 4500 superbiam
1650 4448 1922 4496 recusasse,
1966 4449 2102 4486 suam

579 4499 791 4566 ipsorum
813 4499 1223 4551 existimationem
1243 4499 1445 4566 laesisse.

521 4572 569 4612 ιι.
602 4558 696 4614 'Nos
711 4576 807 4612 non
831 4569 1027 4623 propter
1051 4573 1218 4609 vanam
1240 4560 1441 4623 gloriam
1463 4558 1669 4623 fugisse.

520 4632 590 4674 ιιι.
619 4624 749 4683 quod
765 4626 805 4672 si
816 4617 1027 4685 gloriam
1066 4617 1542 4685 concupisceremus,‘
1554 4617 1651 4669 tale
1694 4620 1853 4681 potius
1894 4620 2107 4669 ministe-

581 4682 706 4734 rium
729 4682 918 4747 eligere
938 4682 1224 4747 Oportuerit.

523 4753 596 4796 Iv.
628 4740 950 4795 “eluendum
968 4740 1083 4805 quid
1108 4754 1220 4791 esse
1240 4741 1579 4801 sacerdotium,
1609 4753 1886 4805 novumque
1925 4740 2108 4791 cultum

583 4809 740 4857 veteri
760 4803 1178 4856 formidabiliorem
1196 4815 1322 4853 esse.

527 4879 578 4919 v.
610 4876 822 4933 Magnam
840 4880 959 4933 esse
981 4864 1239 4914 sacerdotii
1263 4869 1552 4933 potestatem
1572 4869 1623 4912 et
1643 4860 1947 4933 dignitatem.

524 4938 596 4981 vt.
630 4922 883 4980 ministeria
921 4940 952 4977 e
992 4938 1196 4976 numero
1252 4922 1365 4975 esse
1429 4922 1745 4973 maximorum
1805 4924 1890 4973 Dei
1954 4922 2106 4974 dono-

584 5006 711 5043 rum.

524 5061 613 5104 vu.
650 5060 804 5116 Ipsum
844 5053 989 5102 etiam
1041 5046 1238 5099 Paulum
1272 5045 1555 5096 formidasse
1599 5046 1658 5095 ad
1712 5052 1962 5110 aspectum
1989 5050 2110 5098 tanti

619 5116 892 5163 rineinatus.

525 5129 892 5237 γιιῐῖῗιὲἓῗῖἒιὲἓ
902 5171 1196 5237 peccandum
1219 5169 1568 5237 ind_uei,_qui_in
1583 5168 1795 5218 medium
1825 5169 2109 5232 progredia-

582 5246 680 5295 tur,
707 5231 799 5286 nisi
815 5231 1058 5299 perquam
1077 5234 1212 5283 fortis
1233 5233 1377 5299 animi
1396 5231 1559 5299 fuerit.

523 5305 597 5348 lx.
631 5293 756 5346 vana
779 5293 1158 5360 gloria—ejusque
1182 5294 1318 5360 malis
1339 5294 1490 5355 ipsum
1510 5293 1711 5360 irretiri.

525 5367 582 5408 Χ.
614 5366 710 5420 Non
733 5361 762 5420 it
780 5354 887 5407 sum
906 5354 1226 5420 sacerdotium
1263 5354 1434 5404 horum
1467 5354 1699 5403 malorum
1736 5366 1924 5404 causam
1969 5366 2100 5411 esse,

583 5419 671 5468 sed
693 5418 900 5469 uestram
922 5418 1175 5481 ignaviam.

512 5478 605 5528 Xl.
642 5482 877 5543 Ambitutn
919 5476 1213 5543 principatus
1257 5476 1598 5527 eliminandum
1637 5477 1699 5526 ab
1741 5478 1900 5526 animo
1947 5488 2112 5525 sacer-

586 5542 735 5590 dotis.
922 5542 925 5543 ⁷
1419 5552 1432 5565 ·

514 5605 621 5654 Xlt.
655 5602 728 5665 (α)
755 5603 1162 5665 Sapientissimum
1174 5607 1406 5665 Oportere
1421 5613 1532 5650 esse
1549 5600 1865 5649 sacerdotem.

591 5726 663 5786 (τι)
696 5733 803 5774 Haec
824 5738 853 5775 ιι
868 5738 1071 5774 numero
1090 5732 1161 5773 xu
1184 5737 1278 5773 non
1295 5731 1487 5774 exstant
1505 5725 1552 5773 in
1570 5723 1760 5783 στίβοις,
1781 5721 1869 5771 sed
1904 5732 1930 5770 a
1970 5720 2112 5781 priori

530 5795 798 5851 interprete
824 5788 945 5838 lecta
968 5786 1116 5837 fuisse
1141 5786 1379 5836 videntur.

2207 4323 2315 4366 xut.
2351 4325 2530 4370 Prmter
2553 4318 2806 4367 maximam
2822 4315 3160 4366 abstinentiam
3202 4312 3296 4364 alia
3318 4325 3512 4376 quoque
3544 4309 3589 4358 in
3626 4306 3761 4353 animo

2268 4381 2532 4443 sacerdotis
2545 4380 2747 4443 requiri.
3024 4427 3037 4443 _,

2210 4446 2321 4503 xtv.
2354 4441 2473 4491 nihil
2497 4449 2592 4491 tam
2617 4432 2873 4503 puritatem
2896 4445 2948 4489 et
2966 4432 3121 4489 aciem
3137 4438 3318 4486 mentis
3330 4432 3613 4488 obtundere;
3644 4433 3763 4487 qua!"

2270 4501 2559 4553 iracundiam
2580 4501 2908 4552 inordinatam.

2212 4570 2304 4612 xv.
2332 4563 2485 4637 _Aiia_m
2507 4565 2725 4627 speciem
2748 4561 2845 4612 litis
2866 4560 3059 4624 plenam
3082 4558 3409 4623 periculorum
3430 4555 3757 4616 ChrySOSlOlllllS

2213 4628 2590 4745 Χιῗιεδῗὲιέξίυω
2627 4697 2740 4735 esse
2777 4691 2997 4748 oporteat
3015 4694 3144 4744 eum,
3159 4682 3243 4745 qui
3269 4681 3415 4731 tantis
3436 4666 3767 4737 tempestatibus

2275 4749 2590 4810 opponendus
2610 4748 2702 4812 sit._
2830 4808 2840 4812 _
3005 4806 3016 4812 _
3170 4805 3181 4812 .
3246 4804 3258 4812 _
3409 4801 3437 4812 Α.

2215 4804 2355 4860 Χνιίἶ
2378 4818 2589 4870 Quantus
2605 4810 2669 4858 sit
2691 4809 2740 4858 in
2761 4806 3118 4870 gubernatione
3139 4804 3382 4867 virginum
3405 4804 3561 4851 timor.

2290 5034 2343 5088 l.
2377 5031 2475 5097 Qut
2501 5028 2741 5098 suspicati
2777 5034 2895 5081 sunt
2938 5040 3027 5078 nos
3065 5039 3154 5095 per
3187 5021 3476 5092 superbiam
3516 5020 3761 5069 rectumst,

2217 5139 2362 5177 suam
2409 5118 2824 5176 existimationem
2874 5104 3079 5170 (rasisse.
3118 5143 3189 5153 —
3229 5110 3384 5180 Quod
3431 5112 3628 5177 spectat
3664 5109 3762 5152 eam

2220 5211 2592 5269 contumeliam
2621 5223 2719 5263 nos
2743 5205 3126 5262 honorantibus
3155 5203 3353 5258 illatam
3373 5241 3388 5265 ,
3413 5195 3649 5268 quodque
3672 5199 3761 5241 non

2221 5321 2315 5361 eos
2341 5300 2723 5360 dehonestandi
2764 5299 2943 5354 animo
2986 5295 3174 5350 honori
3218 5307 3315 5351 nos
3367 5281 3764 5345 subduxerimus,

2221 5411 2285 5451 ex
2305 5396 2411 5466 jam
2433 5392 2590 5449 dictis
2613 5399 2695 5446 sat
2717 5387 3050 5459 comprobari
3074 5394 3252 5456 posset
3278 5398 3293 5437 :
3325 5379 3467 5452 quod
3494 5389 3617 5431 vero
3641 5368 3761 5466 nulla

2223 5460 2386 5544 inflati
2412 5485 2658 5557 superbia
2702 5483 2754 5538 id
2795 5481 3093 5553 egerimus,
3139 5478 3244 5548 jam
3278 5488 3376 5545 pro
3402 5470 3595 5526 viribus
3618 5460 3764 5557 palam

2225 5582 2397 5637 facere
2429 5547 2682 5636 conabor.
2732 5577 2863 5630 Nam
2906 5574 2950 5628 si
2995 5572 3080 5627 vel
3119 5568 3358 5626 militaris
3404 5557 3670 5633 legationis
3695 5547 3761 5652 vel

2226 5672 2430 5744 imperii
2457 5670 2613 5726 nobis
2654 5668 2798 5738 Optio
2846 5672 3230 5736 proponeretur
3257 5702 3271 5726 ,
3318 5659 3471 5727 eique
3515 5652 3756 5747 prepositio

2226 5742 2523 5822 insisterem
2545 5801 2563 5832 ,
2587 5760 2705 5833 jure
2738 5767 2917 5830 posset
2941 5755 3199 5826 quispiam
3231 5750 3277 5805 id
3309 5748 3374 5803 de
3401 5762 3484 5801 me
3505 5742 3759 5809 suSpieart.‘
