3944 6202
205 300 287 355 ιω
1336 294 1423 351 DE
1460 290 1902 349 SACERDOTIO.
1943 289 2183 350 1.18.1".

206 418 303 469 imo
330 426 437 467 non
476 409 587 482 jam
628 409 922 480 superbite,
962 409 1056 466 sed
1085 410 1329 467 amentiae
1350 425 1435 466 me
1464 422 1651 464 omnes
1683 407 1780 464 da-

206 511 451 560 mnarent
501 520 515 556 :
565 510 619 557 at
667 501 965 557 sacerdotio
1014 501 1318 572 proposito,
1384 501 1524 573 quod
1573 510 1776 557 tantum

202 597 424 667 imperio
473 595 753 650 sublimius
797 603 919 662 est,
966 605 1217 666 quantum
1263 598 1401 652 inter
1446 598 1686 667 spiritum
1729 606 1784 653 et

204 703 417 743 carnem
446 695 533 742 est
568 686 935 752 intervallum,
976 686 1260 743 audebitne
1288 688 1547 758 quispiam
1574 704 1659 742 me
1689 703 1784 742 su—

202 778 396 849 perbia:
423 778 721 833 accusare?
773 777 875 846 Qui
914 793 1075 846 porro
1119 793 1224 832 non
1272 778 1557 834 absurdum
1604 778 1778 846 fuerit,

197 886 284 928 eos
313 871 409 940 qui
431 885 636 925 mmora
668 870 1158 938 respuuntinsanite
1183 885 1456 938 accusare,
1475 886 1566 926 eos
1583 879 1780 936 autem,

199 962 277 1031 qui
309 962 364 1014 in
398 961 555 1031 longe
581 960 978 1016 sublimioribus
1016 960 1246 1031 idipsum
1275 960 1511 1025 faciunt,
1542 976 1645 1017 non
1674 962 1781 1029 jam

199 1052 244 1106 in
272 1052 531 1106 amentia:
557 1093 572 1115 ,
615 1052 710 1107 sed
749 1052 801 1105 in
832 1052 1095 1121 superbire
1134 1053 1338 1108 crimen
1364 1053 1592 1108 vocare?
1634 1051 1784 1130 llaud

197 1156 351 1195 secus
376 1156 443 1196 ac
468 1141 514 1195 si
543 1143 661 1212 quis
687 1157 807 1197 eum
833 1183 849 1208 ,
877 1142 966 1212 qui
1015 1142 1179 1198 boum
1209 1150 1509 1198 armentum
1540 1143 1783 1212 dCSpiceo

199 1242 292 1296 ret,
322 1247 394 1286 ac
420 1232 827 1288 bubulcusesse
848 1234 1031 1297 nollet,
1061 1249 1165 1288 non
1188 1234 1470 1303 superbiae,
1486 1233 1579 1287 sed
1600 1248 1785 1287 amen.

200 1322 280 1374 tia:
334 1336 639 1386 accusans,
694 1338 815 1376 eum
871 1323 957 1393 qui
1007 1323 1168 1378 totius
1208 1324 1352 1378 orbis
1404 1324 1679 1394 imperium
1734 1331 1789 1377 et

198 1412 442 1465 omnium
467 1412 660 1481 ubique
691 1421 950 1467 terrarum
977 1414 1303 1469 exercituum
1321 1413 1648 1469 dominatum
1680 1430 1785 1468 non

196 1503 508 1573 acciperet,
536 1519 642 1558 non
674 1504 907 1559 insanire
933 1504 1167 1570 diceret,
1200 1505 1292 1560 sed
1320 1506 1564 1576 superbia
1592 1505 1784 1561 inﬂari.

199 1592 301 1648 Sed
327 1609 441 1647 non
471 1594 541 1647 ita
565 1602 667 1659 est,
702 1609 805 1649 non
844 1594 911 1648 ita
938 1609 1086 1663 sane,
1120 1610 1289 1664 neque
1304 1611 1401 1650 nos
1416 1596 1603 1666 magis,
1629 1612 1786 1667 quam

198 1684 411 1752 seipsos
430 1726 446 1749 ,
474 1684 826 1739 criminantur
850 1685 938 1754 qtti
969 1685 1082 1739 haec
1103 1685 1366 1754 jactitant.
1413 1686 1545 1741 Nam
1580 1687 1663 1742 vel
1692 1703 1788 1743 co-

199 1776 403 1843 gitasse
444 1783 648 1828 tantum
669 1816 686 1841 ,
735 1777 875 1844 quod
909 1776 1076 1844 possit
1104 1775 1331 1830 humana
1374 1788 1558 1832 natura
1589 1786 1787 1833 tantam

200 1863 481 1933 despicere
494 1863 826 1934 dignitatem,
854 1866 982 1919 satis
1008 1865 1203 1920 indicat
1219 1867 1343 1937 quid
1366 1866 1632 1937 opinionis
1651 1869 1789 1923 circa

202 1955 345 2008 illam
377 1954 610 2009 habeant
636 1954 729 2025 qui
759 1954 811 2009 id
842 1957 1172 2025 protulerunt
1203 1974 1216 2012 :
1249 1957 1349 2013 nisi
1379 1958 1519 2012 enim
1550 1966 1791 2028 putarent

201 2061 319 2100 esse
349 2062 470 2100 rem
501 2046 672 2101 levem
703 2062 766 2103 ac
792 2048 938 2118 parvi
966 2049 1117 2118 pretii
1146 2090 1161 2115 ,
1195 2063 1480 2119 numquam
1512 2050 1641 2119 ipsis
1670 2050 1791 2105 talis

203 2138 443 2207 suspicio
473 2137 526 2190 in
567 2146 803 2192 mentem
828 2139 1078 2193 venisset.
1133 2138 1242 2193 Cur
1265 2139 1405 2194 enim
1442 2140 1509 2195 de
1529 2183 1532 2185 Α
1552 2142 1789 2210 angelica

199 2228 465 2297 dignitate
508 2228 684 2282 nullus
721 2243 970 2298 umquam
1018 2228 1142 2300 quid
1186 2229 1360 2285 simile
1406 2232 1661 2300 suspicari
1708 2233 1792 2288 vel

201 2318 386 2374 dicere
414 2332 579 2372 ausus
603 2328 706 2383 est,
734 2334 926 2388 nempe
958 2319 1243 2373 hutnanutn
1271 2335 1393 2376 esse
1416 2323 1672 2388 animum,
1701 2322 1790 2393 qui

204 2424 312 2479 prze
359 2410 615 2479 superbia
655 2409 788 2464 nolit
826 2409 893 2464 ad
935 2410 1076 2465 illius
1106 2411 1640 2481 naturasdignitatem
1668 2429 1791 2483 per-

205 2499 433 2553 venire?
485 2498 670 2569 Magna
718 2499 911 2569 quippe
952 2500 1279 2569 concipimus
1324 2501 1392 2555 de
1438 2502 1792 2558 Potestatibus

206 2591 307 2645 illis
328 2629 348 2657 ,
400 2591 565 2661 idque
608 2591 826 2660 impedit
852 2592 1135 2661 quominus
1165 2591 1445 2647 credamus
1467 2634 1479 2656 ,
1508 2608 1665 2663 posse
1693 2594 1792 2648 ho-

205 2686 405 2737 minem
451 2683 722 2754 quidpiam
754 2683 925 2753 majus
957 2684 1160 2739 honore
1202 2685 1291 2739 illo
1335 2699 1544 2755 sapere.
1590 2686 1707 2754 Quo
1738 2685 1793 2741 ﬁt

205 2786 261 2829 ut
281 2776 407 2845 jure
429 2777 553 2845 quis
582 2776 700 2829 illos
728 2776 904 2845 potius
931 2777 1195 2846 superbire
1223 2788 1454 2845 accuset,
1485 2781 1573 2850 qui
1605 2768 1703 2834 hac
1728 2779 1796 2835 de

206 2884 263 2922 re
298 2883 403 2922 nos
428 2868 803 2922 criminantur.
853 2868 1036 2939 Neque
1062 2870 1202 2925 enim
1232 2870 1281 2925 id
1306 2870 1373 2925 de
1402 2873 1518 2926 aliis
1544 2873 1795 2943 SttSplcali

209 2956 438 3013 fuissent
465 2999 482 3021 ,
517 2958 618 3012 nisi
665 2958 813 3027 prius
852 2976 965 3013 rem
1006 2959 1174 3029 ipsam
1206 2962 1356 3031 quasi
1403 2963 1596 3017 nullius
1640 2964 1795 3032 pretii

209 3053 594 3106 :estimassent.
638 3051 806 3108 Porro
834 3053 877 3106 si
917 3053 967 3107 id
995 3069 1081 3109 me
1109 3054 1289 3124 gloria:
1316 3070 1472 3109 causa
1500 3055 1686 3110 fecisse
1713 3055 1796 3110 di-

207 3153 331 3196 cant
351 3184 368 3205 ,
414 3158 601 3197 secum
630 3142 911 3197 dissentire
940 3159 1002 3199 ac
1030 3160 1263 3214 pugnare
1291 3147 1465 3218 palam
1493 3145 1797 3216 deprehen-

208 3233 449 3288 dantur:
485 3236 667 3289 nescio
706 3235 845 3288 enim
898 3250 1054 3305 quam
1102 3236 1260 3290 aliam
1304 3236 1598 3292 orationem
1647 3254 1797 3308 qna:-

210 3324 466 3378 sirissent
488 3365 506 3389 ,
549 3322 602 3378 si
644 3339 743 3379 nos
778 3324 846 3379 ab
892 3325 1061 3379 inanis
1088 3327 1271 3397 glorire
1309 3326 1533 3383 crimine
1570 3326 1798 3384 liberare

212 3417 530 3470 voluissent.

286 3505 340 3558 2.
384 3504 499 3560 Nos
524 3522 628 3560 non
660 3516 865 3577 propter
890 3523 1070 3561 vanam
1089 3508 1302 3578 gloriam
1334 3508 1544 3580 fugisse.
1570 3539 1642 3551 -—
1662 3509 1795 3564 Nam

212 3596 266 3649 si
291 3595 595 3665 ltujusmodi
625 3613 709 3652 me
739 3613 985 3669 umquam
1016 3614 1165 3653 amor
1194 3600 1403 3665 invasit,
1435 3602 1675 3672 accipere
1702 3618 1799 3673 po-

217 3687 353 3752 tius,
381 3703 544 3756 qnatn
571 3687 749 3758 fugere
778 3692 1027 3758 oportuit.
1060 3692 1270 3758 Quare?
1313 3693 1444 3761 Quia
1475 3710 1717 3765 magnam
1747 3696 1798 3750 id

216 3779 374 3832 nobis
399 3778 625 3849 gloriam
655 3781 936 3836 attulisset.
985 3781 1255 3854 Siquidem
1287 3785 1455 3840 virum
1490 3786 1589 3842 hac
1617 3797 1796 3855 aetate,

219 3870 311 3939 qui
337 3886 515 3939 nuper
542 3886 571 3924 a
603 3873 943 3929 saecularibus
970 3876 1114 3930 curis
1150 3892 1209 3931 se
1235 3877 1556 3934 abdicarem
1577 3920 1591 3944 ,
1636 3895 1803 3950 usque

222 3960 357 4014 adeo
383 3962 760 4021 admirandum
801 3965 941 4036 apud
971 3981 1158 4021 omnes
1196 3966 1485 4039 derepente
1513 3971 1715 4037 videri,
1745 3979 1805 4026 ut

224 4051 289 4107 iis
311 4054 471 4108 etiam
499 4095 515 4119 ,
541 4055 631 4124 qui
663 4055 715 4109 in
747 4055 1047 4127 huiusmodi
1093 4058 1361 4114 laboribus
1390 4070 1551 4114 totam
1589 4070 1801 4116 aetatem

226 4144 603 4200 contrivissent
628 4147 981 4203 anteferretur
1003 4190 1019 4213 ,
1055 4160 1108 4204 et
1137 4149 1285 4219 plura
1314 4149 1398 4205 his
1426 4151 1671 4205 omnibus
1693 4151 1805 4206 suf-

227 4233 387 4307 fragia
414 4237 721 4308 acciperet;
754 4239 805 4293 id
829 4250 975 4296 certe
1002 4256 1244 4312 magnam
1270 4249 1325 4297 et
1349 4242 1713 4298 admirabilem
1737 4242 1806 4299 de

229 4330 375 4383 nobis
400 4330 712 4401 opinionem
746 4334 991 4388 omnibus
1020 4334 1334 4401 indidisset,
1363 4351 1564 4406 nosque
1592 4337 1807 4406 conSpi-

232 4433 353 4475 cnos
375 4432 429 4476 et
460 4422 694 4478 illustres
721 4423 1063 4481 exhibuisset.
1111 4425 1264 4482 Nunc
1307 4443 1434 4482 vero
1457 4468 1473 4494 ,
1502 4428 1681 4497 paucis
1709 4444 1805 4482 ex-

235 4512 411 4579 ceptis,
444 4512 676 4567 maxima
707 4528 829 4584 pars
860 4514 1113 4570 Ecclesia:
1141 4531 1241 4570 nos
1264 4531 1330 4570 ne
1355 4519 1569 4572 nomine
1593 4517 1804 4587 quidem

238 4611 419 4657 norunt
452 4621 466 4656 :
502 4602 638 4657 adeo
665 4614 720 4657 ut
747 4620 812 4659 ne
836 4606 1086 4661 omnibus
1107 4607 1319 4677 quidem
1360 4616 1543 4663 notum
1570 4610 1638 4664 sit
1663 4607 1804 4679 quod

236 4691 606 4761 abnuerimus,
646 4694 739 4750 sed
772 4698 951 4766 paucis
979 4706 1180 4751 tantum
1200 4739 1215 4764 ,
1252 4713 1386 4769 quos
1414 4709 1588 4755 tamen
1619 4716 1807 4755 onmes

234 4801 330 4841 non
373 4796 509 4857 puto
551 4787 718 4857 probe
753 4803 911 4845 nosse
954 4790 1078 4861 quid
1119 4803 1327 4862 gestum
1366 4794 1436 4848 sit
1470 4794 1806 4851 :verisimile

231 4888 400 4931 autem
440 4888 525 4932 est
562 4893 747 4933 eorum
792 4880 987 4934 multos
1021 4891 1113 4935 aut
1144 4882 1443 4939 nullatenus
1470 4900 1568 4940 nos
1604 4887 1805 4941 electos

233 4964 394 5024 fuisse
422 4984 645 5025 censere
668 5013 684 5036 ,
735 4982 793 5025 ut
835 4982 953 5040 post
990 4974 1302 5029 electionem
1330 4975 1579 5047 depulsos
1620 4976 1804 5045 fuisse,

235 5067 285 5112 ut
313 5075 417 5113 non
448 5069 532 5114 sat
557 5060 780 5116 idoneos
804 5063 968 5128 visos,
996 5079 1169 5134 neque
1198 5075 1385 5134 Sponte
1412 5065 1697 5138 aufugisse.

297 5150 354 5205 5.
401 5151 466 5206 Si
510 5152 726 5222 gloriam
773 5156 1268 5223 concupisceremus.
1319 5157 1420 5212 tale
1474 5158 1806 5213 ministerium

236 5241 411 5311 digere
443 5243 687 5312 oportuit.
714 5242 1024 5299 —BASIL.
1053 5245 1122 5299 At
1159 5246 1247 5317 qui
1288 5263 1398 5302 rem
1442 5264 1567 5303 vere
1608 5249 1804 5312 sciunt,

240 5332 583 5388 mirabuntur.
614 5332 989 5390 CHRYSOST.
1025 5338 1175 5406 Atqui
1210 5338 1307 5392 bos
1335 5338 1479 5408 ipsos
1501 5339 1678 5393 dixisti
1709 5355 1807 5394 uo-

242 5424 314 5478 bis
338 5441 491 5480 vana:
519 5428 706 5494 gloria:
731 5444 795 5483 ac
821 5430 1085 5499 superbia:
1122 5432 1323 5485 crimen
1364 5430 1579 5486 oll’erre.
1628 5433 1805 5490 Unde-

246 5532 353 5571 nam
373 5518 533 5589 igitur
558 5518 673 5572 laus
692 5519 949 5589 speranda
968 5521 1090 5575 est?
1115 5523 1160 5575 Α
1189 5522 1563 5577 multitudine?
1588 5524 1654 5577 At
1672 5539 1805 5588 rem,

246 5619 296 5660 ut
326 5620 535 5679 peracta
563 5621 681 5677 est,
722 5613 981 5668 nesciunt.
1023 5615 1062 5668 Α
1103 5614 1320 5684 paucis?
1354 5615 1458 5671 Sed
1488 5615 1572 5670 hic
1600 5632 1810 5689 quoque

250 5700 388 5756 nobis
414 5717 505 5757 res
537 5700 593 5757 in
631 5704 951 5759 contrarium
988 5706 1198 5762 cecidit.
1252 5704 1431 5777 Neque
1458 5706 1565 5762 alio
1590 5709 1807 5764 nomine

3358 292 3463 350 6H

1890 405 1995 462 huc
2028 407 2295 478 ingressus
2321 423 2412 474 es,
2455 422 2610 477 quam
2643 415 2699 462 ut
2723 406 2985 462 edisceres
3009 448 3023 474 ,
3070 422 3187 477 quze
3212 406 3465 463 adversus

1887 512 1980 553 eos
2005 497 2244 553 defensio
2284 497 2512 568 paranda
2553 498 2640 552 sit.
2687 496 2822 564 Quid
2851 512 2977 551 vero
3004 495 3103 551 hac
3130 496 3197 550 de
3225 512 3284 552 re
3303 511 3461 552 aecu-

1888 598 2001 643 rate
2044 603 2183 643 nuuc
2224 588 2528 659 proferam?
2579 588 2730 656 Quod
2782 589 2925 644 enim
2970 588 3175 642 etiamsi
3219 588 3466 644 omnibus

1888 681 1965 735 rei
1992 681 2187 735 veritas
2229 689 2353 735 nota
2397 689 2578 747 esset,
2628 696 2694 733 ne
2736 680 2813 733 sic
2842 678 3054 750 quidem
3084 679 3347 749 superbire
3375 690 3467 734 aut

1888 786 2040 824 tante
2083 770 2264 839 gloriae
2301 785 2549 824 accusare
2597 778 2901 839 oporteret,
2947 769 2990 823 si
3029 769 3240 838 paulum
3272 783 3465 838 exspe-

1887 870 2022 925 ctcs,
2053 861 2102 916 id
2135 862 2347 931 planum
2382 860 2469 915 tibi
2501 861 2623 927 erit,
2656 869 2814 930 atque
2841 859 3059 930 insuper
3089 859 3239 925 illud,
3276 874 3466 929 nempe

1888 969 1993 1007 non
2026 955 2089 1007 iis
2119 953 2278 1007 modo
2319 954 2405 1022 qui
2436 952 2487 1007 id
2513 952 2629 1007 ausi
2673 951 2906 1015 fuerint,
2951 952 2994 1007 si
3028 962 3201 1006 tamen
3232 950 3349 1020 quis
3379 966 3467 1005 re-

1890 1047 2124 1116 periatur
2151 1048 2167 1114 (
2198 1063 2299 1101 non
2324 1047 2465 1102 enim
2514 1046 2666 1101 facile
2704 1046 2959 1115 credam)
2990 1086 3004 1110 ,
3052 1044 3148 1100 sed
3176 1045 3335 1098 etiam
3376 1043 3461 1110 iis,

1889 1138 1978 1207 qui
2019 1137 2085 1193 de
2128 1138 2245 1192 aliis
2293 1138 2664 1209 suspicantur,
2714 1138 3006 1208 periculum
3050 1151 3151 1190 non
3198 1134 3467 1191 modicum

1890 1231 2189 1286 imminere.

1961 1323 2014 1377 4.
2046 1321 2380 1376 Tremendum
2422 1338 2527 1376 esse
2563 1336 2698 1374 nunc
2737 1318 3074 1374 sacerdotium
3113 1317 3272 1387 naagis
3310 1331 3462 1386 quant

1891 1414 1943 1468 in
1965 1415 2116 1468 veteri
2138 1413 2288 1485 Lege.
2320 1442 2393 1452 -—-
2418 1412 2784 1467 Sacerdotium
2826 1409 2967 1464 enim
3010 1408 3061 1462 in
3093 1418 3229 1462 terra
3262 1407 3468 1489 peragi-

1893 1516 1977 1561 tur
1998 1548 2013 1571 ,
2042 1504 2137 1560 sed
2157 1505 2445 1559 caelestium
2476 1503 2720 1558 ordinum
2748 1501 2975 1579 classem
3002 1499 3203 1553 obtinet
3233 1516 3245 1551 :
3274 1507 3325 1550 et
3346 1496 3467 1567 jure

1891 1599 2102 1668 quidem
2134 1598 2342 1651 merito.
2392 1595 2505 1650 Non
2534 1596 2676 1649 enim
2716 1593 2878 1647 homo
2902 1634 2916 1656 ,
2946 1606 3049 1645 non
3075 1590 3330 1660 angelus,
3363 1604 3469 1643 non

1891 1689 2242 1761 arcltangelus
2267 1730 2279 1753 ,
2325 1704 2431 1742 non
2460 1688 2559 1741 alia
2591 1685 2848 1757 qnzepiam
2877 1691 3054 1738 creata
3088 1691 3343 1751 potestas,
3363 1680 3468 1734 ‘sed

1894 1783 2003 1852 ipSe
2028 1780 2332 1835 Paracletus
2359 1779 2459 1832 hoc
2483 1777 2716 1831 ofﬁcium
2749 1773 3047 1839 ordinavit,
3093 1772 3183 1842 qui
3215 1770 3472 1824 manenti-

1893 1871 1991 1926 bus
2018 1871 2070 1924 in
2107 1885 2268 1925 carne
2305 1877 2489 1922 auctor
2530 1867 2626 1921 luit
2662 1873 2720 1920 ut
2764 1864 3072 1934 angelorum
3120 1859 3472 1915 ministerium

1892 1965 2072 2019 animo
2114 1963 2473 2032 conciperent.
2522 1958 2725 2014 idcirco
2777 1955 3135 2011 sacerdotium
3181 1953 3467 2007 obeuntem

1894 2056 1963 2110 ita
1997 2070 2183 2125 purum
2211 2069 2328 2107 esse
2353 2052 2505 2107 decet
2526 2092 2540 2117 ,
2586 2065 2648 2104 ac
2675 2050 2718 2104 si
2759 2050 2812 2104 in
2836 2048 2983 2102 caelis
3016 2046 3156 2101 inter
3185 2054 3475 2115 potestates

1894 2147 2014 2201 illas
2034 2145 2327 2200 collocatus
2370 2150 2534 2197 esset.
2587 2139 2869 2194 Terribilia
2917 2151 3146 2206 namque
3175 2144 3328 2189 erant
3354 2148 3473 2203 qtue

1893 2236 2112 2307 gratiam
2146 2241 2528 2304 praecesserunt
2559 2229 2751 2303 (Exod.
2796 2228 2888 2298 28)
2918 2245 2931 2281 :
2959 2226 3132 2296 qualia
3175 2233 3329 2281 erant
3373 2226 3474 2278 tin-

1897 2325 2165 2381 tinnabula
2192 2364 2207 2389 ,
2240 2324 2374 2377 mala
2403 2323 2588 2392 punica
2612 2362 2626 2387 ,
2658 2319 2858 2390 lapides
2889 2319 2939 2371 in
2973 2325 3189 2387 pectore
3217 2316 3392 2386 positi,
3420 2324 3470 2370 et

1894 2417 1983 2470 alii
2010 2417 2062 2469 in
2107 2412 2525 2483 superhumerali
2552 2453 2565 2476 ,
2609 2412 2802 2477 mitra,
2832 2409 3057 2474 cidaris,
3090 2408 3346 2478 poderes,
3391 2407 3473 2460 la-

1895 2507 2037 2562 mina
2076 2521 2272 2572 aurea,
2323 2513 2501 2559 sancta
2531 2512 2867 2567 sanctorum,
2913 2501 3100 2570 ingens
3128 2500 3269 2554 intus
3298 2497 3470 2569 quies.

1898 2602 1965 2655 At
1992 2601 2033 2654 si
2062 2600 2180 2671 quis
2210 2614 2272 2654 ea
2293 2641 2306 2664 ,
2349 2614 2467 2667 qua:
2493 2597 2558 2651 ad
2584 2597 2807 2666 gratiam
2837 2602 3078 2664 spectant
3103 2634 3116 2659 ,
3145 2591 3471 2655 consideret,

1899 2692 2151 2748 terribilia
2180 2691 2264 2745 illa
2291 2699 2448 2759 atque
2479 2687 2728 2741 horriﬁca
2751 2726 2767 2752 ,
2805 2701 2966 2755 parva
2996 2699 3115 2739 esse
3146 2682 3472 2753 cmnperiet:

1896 2798 1958 2837 ac
1984 2783 2123 2852 quod
2155 2781 2219 2835 de
2250 2781 2366 2850 lege
2410 2779 2608 2834 dictum
2639 2786 2753 2844 est,
2805 2777 2890 2830 hic
2930 2790 3140 2845 queque
3169 2789 3349 2828 verum
3377 2773 3474 2827 de-

1899 2872 2288 2942 prehenderet;
2319 2884 2509 2940 nempe
2533 2912 2547 2934 ,
2583 2866 2704 2922 Non
2731 2867 3070 2937 glori/iratum
3095 2874 3170 2919 est
3209 2864 3342 2936 quod
3370 2864 3477 2916 cla.

1896 2964 1996 3017 ruit
2039 2963 2089 3016 in
2133 2963 2229 3015 hac
2262 2972 2407 3032 parte
2438 2968 2643 3031 propter
2665 2958 2982 3013 excellentem
3009 2956 3224 3028 gloriam
3249 2953 3325 3027 (2.
3354 2953 3474 3010 Cor.

1899 3056 1951 3109 3.
1988 3055 2098 3125 10).
2131 3055 2263 3108 Cum
2304 3052 2445 3106 enim
2488 3050 2684 3105 videris
2730 3048 3009 3103 Dominum
3054 3046 3383 3101 imn‘tol..tum
3424 3054 3477 3099 et

1897 3151 2156 3218 jacentem
2180 3186 2195 3210 ,
2234 3152 2288 3200 et
2353 3143 2682 3196 sacerdotem
2714 3141 2729 3172 ³
2775 3139 3036 3194 sacriﬁcio
3079 3138 3475 3193 iucmnbentcm

1900 3252 1962 3291 ac
2003 3244 2338 3306 precantem,
2385 3248 2678 3301 omnesque
2722 3233 2952 3300 pretioso
2982 3229 3074 3283 illo
3098 3228 3353 3299 sanguine
3383 3243 3475 3281 ru—

1901 3330 2107 3393 bentes,
2140 3343 2205 3381 au
2238 3318 2391 3396 pulas
2417 3335 2469 3380 te
2501 3324 2674 3379 adhuc
2700 3338 2817 3378 cum
2846 3323 3146 3377 hominibus
3176 3329 3231 3377 ct
3256 3321 3308 3375 in
3339 3330 3478 3376 terra

1902 3419 2060 3475 esse?
2114 3434 2288 3472 annon
2331 3416 2503 3486 potius
2548 3416 2599 3469 in
2650 3416 2809 3470 caelos
2855 3414 3176 3480 translatus,
3228 3413 3480 3483 omnique

1905 3512 2103 3566 carnali
2139 3510 2457 3581 cogitatione
2482 3508 2749 3563 eliminata
2772 3549 2788 3574 ,
2822 3507 2965 3561 nudo
2993 3507 3170 3561 animo
3198 3516 3482 3575 menteque

1905 3616 2035 3672 pura
2066 3617 2182 3671 qua:
2223 3600 2273 3654 in
2301 3599 2448 3653 ctelis
2474 3605 2599 3652 sunt
2622 3596 3019 3666 circumspicis?
3058 3597 3102 3651 0
3128 3595 3477 3651 miraculum!

1903 3709 1937 3749 ο
1971 3693 2061 3748 Dei
2087 3690 2489 3762 benignitatem!
2545 3688 2648 3758 Qui
2689 3704 2809 3744 cum
2849 3688 3006 3742 Patre
3053 3704 3262 3743 sursum
3306 3687 3478 3754 sedet,

1906 3785 1991 3838 illa
2021 3784 2148 3837 hora
2178 3783 2413 3837 omnium
2441 3781 2684 3835 manibus
2711 3788 2921 3835 tenetur
2943 3820 2959 3846 ,
3003 3793 3227 3849 seseque
3257 3778 3482 3834 volenti-

1907 3878 2006 3934 bus
2028 3878 2120 3933 dat
2146 3875 2602 3947 complectendum
2628 3883 2684 3930 et
2719 3872 3106 3944 accipiendum.
3139 3871 3274 3927 illud
3303 3883 3483 3926 autem

1905 3985 2097 4027 onmes
2126 3966 2322 4023 faciunt
2347 3968 2515 4024 oculis
2545 3966 2687 4022 ﬁdei.
2734 3965 2873 4021 Num
2900 3965 2994 4020 tibi
3025 3966 3137 4019 haec
3174 3971 3482 4032 contemptu

1906 4064 2066 4134 digna
2093 4060 2370 4116 ridentur?
2417 4076 2484 4115 an
2528 4058 2832 4129 hujusmodi
2870 4072 2990 4113 esse
3010 4098 3024 4123 ,
3057 4065 3114 4110 ut
3143 4055 3312 4126 possit
3334 4055 3482 4124 quis-

1906 4156 2047 4227 piam
2101 4153 2358 4208 adversus
2404 4166 2467 4207 ea
2518 4151 2747 4207 extolli?
2800 4149 2965 4205 Visne
3014 4159 3069 4204 et
3118 4148 3483 4202 sanctimonia:

1908 4247 2048 4302 illitts
2086 4245 2453 4301 excellentiam
2480 4258 2543 4298 ex
2575 4243 2679 4296 alio
2709 4240 2965 4295 miraculo
3002 4236 3338 4309 perspicere?
3382 4236 3486 4290 lle-

1909 4338 2031 4392 liam
2061 4336 2190 4390 mihi
2218 4336 2288 4390 ob
2316 4336 2496 4390 oculos
2518 4333 2742 4403 depinge
2762 4376 2775 4392 .
2808 4334 3226 4400 immensamque
3251 4329 3486 4384 circum-

1909 4431 2080 4486 fusam
2119 4429 2360 4494 turbam,
2389 4437 2442 4482 et
2490 4425 2719 4480 hostiam
2766 4424 3022 4495 lapidibus
3060 4422 3360 4493 impositam
3391 4419 3485 4495 ('5.

1910 4521 2037 4590 Reg.
2072 4520 2173 4592 18)
2207 4538 2219 4574 :
2251 4530 2409 4591 atque
2434 4532 2620 4573 omnes
2643 4517 2775 4572 alios
2805 4517 2855 4570 in
2882 4516 3056 4588 quiete
3091 4525 3145 4571 et
3182 4529 3376 4586 magno
3404 4513 3488 4569 εἰ·-

1911 4614 2075 4669 lentio
2114 4620 2315 4666 stantes
2340 4652 2355 4675 ,
2398 4610 2567 4665 solum
2605 4625 2734 4664 vero
2776 4607 3089 4679 prophetam
3134 4616 3485 4679 precantem:

1913 4715 2023 4760 tum
2050 4714 2268 4773 repente
2306 4702 2575 4757 ﬂammam
2602 4716 2669 4757 ex
2710 4700 2854 4756 caelis
2892 4700 2944 4754 in
2986 4700 3302 4755 sacriﬁcium
3348 4698 3487 4769 inje-

1910 4804 2070 4853 ctam.
2099 4794 2422 4850 Admiranda
2447 4802 2573 4850 sunt
2598 4793 2715 4849 hmo
2736 4833 2752 4858 ,
2785 4792 3035 4862 omnique
3062 4801 3277 4861 stupore
3304 4791 3485 4860 plena.

1911 4889 2059 4945 illinc
2084 4900 2133 4944 te
2161 4890 2383 4944 transfer
2411 4888 2474 4943 ad
2500 4903 2561 4942 ea
2592 4903 2711 4957 qua:
2741 4901 2881 4942 nunc
2906 4895 3255 4956 peraguntur,
3287 4898 3349 4937 ac
3379 4900 3484 4937 non

1910 4984 2042 5039 mira
2073 4992 2274 5036 tunum
2304 4980 2535 5045 videbis,
2564 4978 2658 5033 sed
2679 4993 2891 5033 omnem
2921 4988 3192 5045 Stuporem
3220 4989 3484 5044 superan-

1915 5075 2004 5129 tia.
2027 5074 2139 5129 Stat
2169 5075 2310 5128 enim
2340 5069 2608 5133 sacerdos,
2642 5084 2746 5123 non
2780 5068 2951 5138 ignem
2979 5076 3211 5137 gestans,
3241 5063 3334 5120 sed
3368 5064 3488 5134 δρία

1912 5167 2072 5220 ritum
2102 5174 2377 5226 sanctum;
2426 5176 2613 5232 preces
2662 5159 2825 5213 multo
2867 5167 3103 5227 tempore
3143 5155 3351 5219 fundit,
3380 5170 3485 5208 non

1911 5267 1969 5311 ut
2000 5259 2082 5311 fax
2104 5254 2330 5310 demissa
2359 5254 2561 5307 caelitus
2584 5251 2821 5320 apposita
2841 5259 3137 5315 consumat,
3165 5247 3258 5302 sed
3287 5258 3341 5300 ut
3367 5262 3489 5314 gra-

1913 5351 1984 5402 tia
2029 5348 2079 5401 in
2126 5343 2444 5400 sacriﬁcium
2483 5340 2696 5410 delapsa
2738 5355 2835 5410 per
2858 5338 2984 5393 illud
3011 5338 3246 5393 omnium
3280 5336 3489 5390 artiums

1915 5442 2241 5505 inﬁanunet,
2289 5445 2345 5491 et
2390 5444 2610 5505 argento
2658 5434 2778 5504 igne
2831 5439 3053 5503 purgato
3099 5427 3488 5501 splendidiores

1913 5535 2178 5592 exhibeat.
2209 5530 2319 5585 lloc
2338 5528 2515 5598 itaque
2544 5525 2986 5583 terribilissimum
3016 5522 3350 5595 mysterium,
3371 5523 3493 5593 quis

1976 5714 1995 5744 ί
2031 5706 2216 5771 Aliquot
2236 5712 2361 5766 Mss,
2386 5701 2671 5769 tmtiﬁcem.
