3944 6202
460 404 559 459 637

456 512 705 568 homines
727 520 938 564 causam
963 515 1084 559 esse
1121 498 1322 557 dicunt.
1346 493 1568 560 illosque
1595 482 1832 556 puniunt.
1861 478 2036 544 Quan-

458 602 746 676 doquidem
786 607 842 657 et
886 592 1237 652 sacerdotium
1271 599 1373 643 nos
1413 584 1535 654 jure
1578 576 1797 645 culpare
1842 568 2037 640 possit,

459 699 504 753 si
562 711 671 751 non
733 703 877 748 recte
938 690 1109 759 ipsum
1173 688 1462 738 tractemus
1503 690 1517 727 :
1556 682 1730 739 neque
1790 661 1931 717 enim
1986 660 2036 711 in

461 804 619 848 causa
668 796 750 843 est
786 797 1013 848 eorum,
1056 793 1177 851 qua:
1224 787 1384 844 supra
1429 767 1688 824 diximus,
1735 755 2039 812 malorum:

463 881 554 936 sed
594 893 692 934 nos
729 879 898 946 ipsum
944 841 1415 938 tantis,quan’tum
1460 855 1680 912 facultas
1728 846 1879 910 tn'it,
1930 841 2047 912 pol-

465 973 661 1026 luimus
704 967 952 1022 sordibus
1000 976 1120 1017 cum
1162 936 1483 1029 quibuslibet
1529 948 1702 1014 ipsum
1750 936 2044 994 tradimus:

463 1063 548 1132 qui
579 1074 702 1116 cum
734 1074 799 1112 ue
828 1055 991 1109 animi
1017 1050 1229 1123 quidem
1259 1046 1338 1100 sui
1368 1044 1472 1096 vim
1503 1031 1835 1092 edidicerint,
1877 1036 2049 1092 neque

464 1156 536 1211 rei
570 1153 763 1208 molem
787 1147 1157 1207 considerent,
1186 1140 1420 1195 oblatum
1468 1143 1660 1187 munus
1687 1121 1842 1179 avide
1880 1115 2050 1187 susei-

468 1249 616 1318 piunt
643 1262 658 1313 ;
685 1260 809 1299 cum
837 1234 1013 1295 autem
1044 1250 1236 1292 manus
1271 1228 1420 1299 aperi
1449 1216 1781 1281 admovenda
1809 1221 1892 1268 est
1911 1251 1925 1273 ,
1956 1207 2053 1259 im-

472 1340 656 1409 peritia
686 1351 780 1390 sua
811 1329 1140 1390 obtenebrati
1167 1323 1482 1382 commissos
1507 1315 1606 1370 sibi
1652 1309 1872 1381 populos
1902 1300 2053 1356 malis

472 1434 680 1503 replent
708 1426 1021 1484 innumeris.
1053 1423 1165 1478 lloc
1187 1432 1315 1475 sane
1334 1458 1348 1481 ,
1385 1415 1485 1468 hoc
1513 1411 1684 1480 ipsum
1716 1416 1853 1474 pene
1883 1400 1932 1452 in
1965 1409 2058 1446 uo—

475 1526 557 1579 bis
586 1524 817 1579 futurum
844 1530 982 1585 erat,
1010 1518 1111 1573 nisi
1142 1529 1239 1570 nos
1266 1514 1406 1567 Deus
1430 1506 1611 1563 subito
1639 1517 1702 1557 ex
1733 1495 1893 1553 tantis
1920 1489 2058 1561 peri-

474 1618 609 1671 culis
654 1616 914 1678 eruisset,
967 1619 1022 1665 et
1070 1605 1323 1663 Ecclesia:
1369 1614 1481 1656 sua:
1526 1605 1581 1650 et
1630 1593 1820 1647 anima:
1865 1593 2059 1640 nostra:

477 1708 780 1762 consulens.
808 1702 1079 1774 Siquidem
1119 1697 1207 1753 die
1249 1693 1376 1749 mibi
1398 1734 1413 1759 ,
1443 1688 1584 1745 unde
1612 1695 1765 1755 putas
1805 1687 1976 1733 tauto~
2008 1674 2059 1728 in

480 1797 743 1853 Ecclesiis
764 1792 897 1848 oriri
942 1786 1244 1846 tumultus?
1267 1784 1379 1854 Ego
1415 1794 1542 1835 sane
1579 1790 1685 1830 non
1710 1768 1922 1826 aliunde
1953 1767 2061 1820 cxi—

476 1889 661 1952 stinto,
693 1901 849 1957 quam
876 1884 994 1953 quia
1042 1878 1328 1951 praesulem
1353 1873 1640 1929 electiones
1667 1876 1863 1919 temere
1887 1869 1943 1914 et
1981 1859 2063 1910 in-

482 1979 729 2035 consulto
771 1975 922 2041 fluuit.
970 1974 1100 2029 Nam
1155 1978 1312 2039 caput
1360 1962 1647 2035 oportebat
1706 1952 2064 2010 lirmissimum

476 2085 641 2135 esse,
673 2078 728 2122 ut
760 2081 950 2138 pravas
972 2062 1339 2120 exltalatioues
1363 2073 1430 2112 ex
1457 2056 1563 2109 into
1589 2063 1813 2119 corpore
1844 2044 2068 2099 emissis

482 2162 796 2231 dispensare
835 2167 889 2213 et
917 2156 983 2211 ad
1012 2161 1393 2225 congruentem
1425 2156 1617 2201 statum
1652 2141 1906 2195 reducere
1943 2147 2069 2205 P0"

476 2261 592 2308 set.
614 2250 744 2305 Cum
767 2259 945 2303 autem
977 2261 1070 2317 per
1093 2242 1151 2299 se
1174 2250 1332 2311 caput
1356 2239 1624 2293 inlirmum
1654 2238 1767 2295 est,
1796 2241 1895 2281 nec
1925 2237 2067 2278 mor-

486 2344 653 2398 bosus
694 2342 816 2394 illos
856 2351 1082 2408 vapores
1132 2333 1404 2405 depellere
1457 2333 1668 2399 potest,
1722 2330 1848 2375 tunc
1900 2318 2071 2386 ipsum

480 2435 756 2493 inﬁrmius
787 2434 838 2487 in
868 2432 983 2487 dies
1010 2428 1274 2491 redditur,
1304 2434 1361 2481 et
1389 2422 1649 2491 reliquum
1678 2428 1871 2483 corpus
1890 2421 2073 2465 secum

480 2530 548 2583 4n
576 2528 867 2598 perniciem
897 2524 1075 2578 trahit.
1103 2521 1256 2590 Quod
1289 2533 1357 2573 ne
1384 2529 1524 2570 nunc
1553 2512 1711 2567 etiam
1744 2506 1865 2570 fiat,
1897 2503 1949 2557 in
1981 2513 2074 2570 pe-

482 2621 623 2674 dum
652 2617 839 2672 ordine
860 2630 966 2669 nos
989 2615 1128 2669 Deus
1152 2610 1413 2672 servavit,
1442 2620 1548 2675 quo
1573 2604 1627 2655 in
1655 2607 1794 2655 statu
1824 2594 1890 2649 ab
1928 2591 2078 2646 initio

483 2711 713 2764 'fuimus.
740 2707 898 2762 Multa
926 2703 1067 2760 enim
1087 2744 1104 2771 ,
1129 2701 1286 2757 Basili
1307 2741 1321 2766 ,
1351 2699 1514 2753 multa
1543 2708 1673 2748 sane
1700 2696 1822 2744 sunt
1842 2729 1856 2751 ,
1887 2692 2079 2755 praeter

485 2815 561 2854 ea
591 2814 709 2868 qum
728 2797 1005 2862 diximus,
1033 2789 1296 2849 sacerdoti
1342 2784 1673 2847 necessaria,
1704 2794 1820 2849 qua:
1847 2790 1945 2831 nos
1975 2787 2079 2827 non

499 2867 781 2945 nalietnus.
813 2885 942 2941 illud
968 2898 1096 2939 vero
1126 2896 1234 2952 pra:
1259 2878 1505 2935 omnibus
1524 2917 1540 2940 ,
1570 2885 1763 2941 nempe
1792 2867 1932 2924 illius
1961 2879 2081 2918 tutt-

502 2979 647 3034 neris
674 2974 1101 3049 concupiscentia
1139 2973 1350 3027 animus
1377 2968 1494 3040 ejus
1530 2965 1750 3022 omnino
1777 2970 1976 3016 vacuus
2015 2954 2085 3008 sit

501 3080 747 3143 oportet;
785 3085 904 3123 nam
943 3068 989 3123 si
1020 3066 1087 3120 ad
1125 3080 1248 3119 eum
1288 3060 1643 3133 principatum
1687 3050 1853 3109 nimio
1892 3048 2085 3105 affectu

496 3141 851 3236 propendeat,
882 3174 949 3217 eo
972 3158 1166 3231 adepto
1196 3153 1646 3211 vehementiorem
1672 3143 1921 3203 accendit
1936 3141 2088 3197 llam—

494 3273 648 3313 snam
680 3274 695 3311 :
722 3269 787 3311 ac
815 3254 865 3308 vi
904 3263 1125 3322 captus,
1167 3259 1225 3305 nt
1261 3263 1383 3305 eum
1410 3245 1508 3299 sibi
1540 3241 1829 3297 firmiorem
1856 3240 2082 3296 statuat,

505 3353 784 3405 innumera
827 3345 1053 3402 sustinet
1099 3341 1235 3397 mala
1261 3380 1277 3410 ,
1320 3340 1433 3394 sive
1470 3333 1788 3390 adulantium
1829 3328 1937 3391 sit,
1976 3323 2090 3379 sive

510 3439 781 3511 quidpiam
826 3434 1022 3492 servile
1059 3441 1221 3502 atque
1248 3429 1522 3499 indignant
1548 3419 1946 3483 sustinendum,
1976 3414 2091 3469 sive

510 3505 750 3607 pecunia:
779 3527 960 3584 multae
1002 3521 1366 3580 absumendze.
1409 3518 1544 3574 Nam
1595 3512 1739 3586 quod
1793 3508 1944 3565 multi
1975 3505 2093 3576 ejus

498 3598 782 3695 dignitatis
809 3618 975 3690 gratia
997 3621 1293 3687 pugnantes
1313 3608 1583 3666 Ecclesiae
1598 3602 1836 3661 cordibus
1855 3598 2093 3669 repleve-

504 3689 642 3781 ~rint,
669 3689 1017 3780 civitatesque
1043 3706 1469 3771 devastaveriut,
1487 3699 1540 3756 id
1561 3699 1670 3770 jam
1690 3694 1911 3751 missum
1938 3689 2091 3753 facio,

506 3823 583 3864 ne
616 3803 928 3878 quibusdam
970 3796 1295 3855 incredibilia
1342 3807 1560 3849 narrare
1599 3788 1801 3844 videar.
1839 3783 2098 3854 Oportere

502 3873 692 3954 autem
726 3904 851 3965 puto
892 3903 1035 3949 tanta
1075 3890 1217 3947 circa
1258 3900 1372 3943 rem
1411 3885 1547 3938 hanc
1584 3881 1779 3952 pietate
1806 3873 2010 3937 teneri,
2043 3879 2100 3926 ut

519 3993 660 4046 illius
684 3988 878 4044 molem
905 3997 1148 4054 onusque
1170 3979 1441 4042 declines;
1469 3975 1692 4042 adeptus
1732 3984 1838 4025 non
1865 3966 2093 4020 aliorum

512 4081 711 4156 judicia
740 4085 1037 4149 exspectes,
1066 4075 1110 4129 si
1140 4070 1353 4145 quando
1381 4070 1435 4125 in
1461 4066 1709 4122 delictum
1755 4057 1960 4115 incidas
2006 4054 2101 4109 de-

519 4148 784 4247 positione
819 4148 1072 4241 dignum,
1122 4166 1217 4223 sed
1258 4170 1600 4219 antevertens
1641 4157 1868 4226 teipsum
1914 4150 1981 4205 ab
2010 4148 2101 4201 illo

516 4282 741 4324 munere
767 4262 1038 4320 exturbes.
1063 4259 1153 4317 Sic
1177 4257 1318 4314 enim
1346 4269 1442 4327 par
1468 4260 1552 4309 est
1580 4259 1638 4306 ut
1665 4248 1898 4303 divinam
1938 4245 2100 4298 mise-

520 4361 803 4417 ricordiam
835 4358 1129 4427 impetres:
1159 4348 1299 4422 quod
1343 4346 1389 4402 si
1436 4353 1632 4418 praeter
1657 4340 1910 4396 decorum
1953 4333 2101 4389 obsi-

521 4463 651 4516 stas,
679 4459 733 4504 te
761 4425 1033 4518 indignum
1056 4443 1209 4499 venia
1230 4437 1528 4501 constituis,
1556 4432 1830 4503 magisque
1855 4425 1946 4483 Dei
1969 4425 2102 4479 iram

523 4515 769 4597 accendis
802 4579 818 4604 ,
879 4515 1012 4591 dum
1079 4530 1369 4589 secundum
1441 4525 1594 4582 addis
1676 4518 1916 4577 deterius
1972 4515 2104 4571 faei-

526 4648 648 4687 IIIIS.

508 4730 513 4737 '
596 4724 686 4779 Η.
714 4717 982 4791 Cupiditas
1020 4713 1337 4787 principatus
1375 4706 1673 4780 expellenda
1712 4720 1776 4758 ea:
1815 4700 1984 4755 animo
2021 4714 2108 4752 sa-

520 4814 849 4872 cerdotis.-—
869 4808 977 4868 Sed
1025 4819 1183 4862 nemo
1220 4816 1472 4874 umquam
1519 4800 1621 4855 hoc
1665 4795 1896 4852 dedecus
1941 4791 2104 4846 susti-

525 4917 668 4964 neat.
686 4905 872 4962 Gratve
898 4901 1095 4974 quippe
1121 4907 1221 4959 est.
1253 4909 1416 4966 grave
1443 4889 1730 4948 admodum
1769 4890 1908 4941 hunc
1935 4874 2107 4937 bono-

521 5015 640 5056 rem
683 4972 955 5067 appetere.
992 4991 1055 5048 ω
1097 5004 1226 5045 vero
1268 4987 1423 5051 dico,
1467 4972 1574 5039 non
1611 4994 1731 5035 cum
1757 4977 1918 5033 beato
1944 4974 2107 5030 Paulo

524 5064 826 5152 decertans,
842 5082 1151 5142 sedverbis
1178 5080 1295 5152 ejus
1316 5077 1548 5134 maxime
1578 5070 1939 5128 consentiens.
1962 5064 2106 5135 Quid

526 5184 669 5238 enim
709 5180 784 5235 ait
826 5176 956 5233 ille?
993 5174 1057 5251 Si
1095 5174 1209 5244 quis
1250 5171 1591 5243 episcopatum
1615 5161 1888 5223 desiderat,
1922 5157 2109 5212 bonum

523 5291 655 5346 opus
681 5272 930 5328 desiderat
955 5247 1037 5341 (1.¹
1054 5265 1195 5321 Tim.
1223 5263 1274 5319 3.
1295 5260 1381 5335 ει).
1412 5260 1523 5331 Ego
1542 5271 1681 5313 vero
1705 5269 1810 5309 non
1834 5266 1989 5321 opus,
2013 5247 2107 5303 sed

527 5344 896 5421 auctoritatem
923 5370 976 5418 et
996 5357 1285 5432 potentiam
1305 5354 1612 5410 desiderare
1635 5362 1795 5420 grave
1820 5344 1942 5401 dico
1965 5357 2105 5399 esse.

528 5459 782 5528 llancque
821 5451 1304 5525 concupiscentiam
1349 5455 1458 5502 toto
1499 5441 1676 5498 studio
1705 5439 1771 5493 ab
1800 5437 1979 5493 animo
2014 5434 2109 5489 de-

530 5548 865 5613 turbandant,
885 5560 1056 5617 neque
1078 5543 1159 5598 vel
1174 5540 1323 5597 initio
1342 5532 1676 5594 retinendam
1691 5536 1969 5596 eenseo,ut
1987 5539 2110 5581 cum

527 5642 776 5700 libertate
802 5616 983 5693 omnia
1017 5635 1193 5692 facere
1226 5630 1412 5703 possit.
1440 5626 1576 5684 Nam
1603 5625 1692 5695 qui
1722 5635 1825 5677 non
1853 5616 2109 5687 concupi-

531 5733 635 5788 scit
660 5731 715 5785 in
743 5729 840 5784 hac
854 5736 1119 5799 potestate
1145 5721 1450 5793 splendere,
1473 5719 1518 5773 is
1540 5732 1670 5772 sane
1699 5710 1971 5769 deturbari
2003 5724 2109 5764 non

528 5823 781 5884 (ormidat
806 5838 823 5879 :
853 5824 897 5878 si
925 5835 1030 5876 non
1054 5815 1334 5886 formidet,
1367 5827 1488 5871 cum
1522 5826 1583 5870 ea
1618 5824 1737 5882 quae
1775 5803 2107 5867 Christianos

1161 386 1217 443 S.
1259 374 1538 441 JO.\NNIS
1570 359 2048 429 CIIRYSOSTOMI
2089 354 2401 413 ARCIllEP.
2443 348 2983 409 CONSTANTlNOP.
3581 348 3666 403 διε

2145 489 2301 545 decet
2331 488 2575 543 libertate
2619 484 2796 539 omnia
2826 483 2999 537 facere
3038 481 3246 552 poterit.
3275 478 3441 549 Itaque
3466 483 3546 551 qui
3572 483 3675 540 inde

2146 579 2412 637 deturbari
2439 587 2679 634 metuunt
2704 591 2765 631 ac
2785 573 3091 634 formidant,
3113 572 3297 626 duram
3326 572 3580 643 multisque
3606 577 3676 629 in.

2147 673 2445 731 commodis
2464 671 2711 728 refertam
2732 668 2997 725 sustinent
3020 666 3344 729 servitutem,
3369 667 3576 733 atquein
3600 669 3677 721 lio-

2152 767 2351 822 minam
2394 764 2664 835 ipsiusque
2716 762 2805 819 Dei
2860 756 3210 813 oﬂensionem
3261 756 3514 812 incurrere
3561 773 3683 826 saepe

2152 868 2435 930 coguntur.
2468 855 2585 912 Non
2630 856 2708 910 sic
2750 863 2930 908 autem
2973 850 3147 904 anima
3178 848 3359 903 affecta
3385 863 3497 905 esse
3522 849 3686 913 debet;

2153 950 2247 1005 sed
2278 947 2725 1019 quemadmodum
2755 946 2809 1000 in
2840 945 3038 1016 prmliis
3078 955 3322 997 strenuos
3360 940 3540 995 milites
3566 941 3688 995 vide-

2157 1056 2275 1096 mus
2303 1041 2555 1096 alacriter
2579 1054 2832 1109 pugnare,
2869 1037 3177 1104 fortiterque
3203 1031 3411 1095 cadere,
3443 1030 3508 1085 ita
3527 1040 3575 1087 et
3597 1047 3690 1092 vos,

2156 1135 2243 1203 qui
2273 1133 2339 1188 ad
2369 1133 2470 1186 hoc
2495 1130 2843 1185 ministerium
2872 1127 3151 1191 accedunt,
3186 1140 3281 1195 par
3304 1131 3454 1179 estet
3474 1123 3691 1179 sacerdo-

2159 1230 2232 1282 tio
2261 1226 2401 1296 fungi
2422 1266 2438 1290 ,
2473 1233 2526 1279 et
2550 1239 2578 1276 a
2607 1223 2901 1294 principatu
2932 1221 3086 1288 dejici
3112 1232 3179 1273 eo
3208 1216 3362 1271 modo
3385 1258 3399 1277 ,
3439 1230 3539 1286 quo
3571 1214 3699 1270 Chri-

2161 1318 2364 1372 stianos
2392 1319 2535 1370 viros
2575 1315 2728 1370 decet
2750 1355 2765 1379 ,
2795 1329 2916 1367 cum
2956 1312 3127 1367 sciant
3148 1310 3314 1364 talem
3349 1306 3697 1376 depositionein

2162 1425 2267 1465 non
2298 1410 2556 1464 minorem
2578 1450 2593 1475 ,
2625 1422 2781 1477 quam
2811 1405 2982 1476 ipsum
3013 1401 3395 1473 principatum,
3422 1398 3603 1454 referre
3624 1412 3700 1452 co—

2164 1519 2367 1559 ronam.
2393 1502 2615 1570 Quando
2641 1501 2782 1554 enim
2812 1498 2961 1568 quis,
3002 1506 3060 1551 ut
3103 1493 3231 1547 nihil
3280 1493 3572 1547 indecorum
3595 1531 3608 1553 ,
3635 1490 3700 1544 vel

2158 1596 2402 1665 dignitati
2446 1610 2552 1663 non
2597 1599 3011 1648 consentaneum
3052 1587 3341 1648 sustineat,
3384 1582 3546 1638 simile
3574 1581 3705 1651 quid-

2169 1687 2304 1758 piam
2340 1685 2554 1753 patitur,
2584 1693 2638 1739 et
2663 1697 2721 1736 se
2750 1680 2944 1751 injuste
2982 1675 3372 1748 deponentibns
3407 1670 3707 1741 supplicium,

2168 1778 2505 1846 et'majorem
2533 1776 2630 1831 sibi
2664 1774 2963 1829 mercedem
2989 1772 3004 1804 ¹
3030 1777 3282 1841 procurat
3309 1786 3323 1823 :
3348 1782 3465 1821 nam
3485 1764 3711 1827 θειώδη-

2169 1870 2301 1939 quit,
2336 1868 2471 1932 estis,
2494 1883 2606 1921 cum
2632 1863 3037 1936 caprobraverint
3062 1877 3146 1915 vos
3174 1868 3219 1915 et
3244 1856 3522 1931 persequuti
3538 1854 3712 1926 fuerint,

2171 1974 2216 2016 et
2247 1961 2468 2014 dixerint
2491 1974 2637 2013 omne
2661 1957 2849 2010 malum
2875 1954 3079 2009 verbum
3104 1952 3373 2005 adversum
3398 1964 3480 2001 vos
3507 1945 3715 1998 nuntien-

2173 2062 2244 2107 (με
2266 2092 2283 2119 ,
2329 2060 2534 2120 propter
2562 2065 2641 2102 me
2665 2064 2685 2102 :
2713 2046 2925 2118 gaudete
2951 2055 2997 2099 et
3012 2034 3277 2098 'exsultate
3300 2083 3314 2107 ,
3354 2039 3469 2111 quia
3503 2036 3641 2089 multa
3660 2041 3718 2088 est

2174 2161 2363 2199 uterve:
2394 2154 2554 2196 vestra
2582 2142 2636 2194 in
2670 2130 2815 2195 ett-lis~
2845 2138 3053 2209 (Matth.
3080 2136 3134 2191 5.
3163 2135 3255 2190 Η.
3284 2132 3388 2203 12).
3417 2132 3477 2186 Et
3500 2129 3604 2183 lucc
3619 2141 3720 2180 cum

2175 2252 2204 2292 a
2232 2235 2632 2303 contministris,
2658 2233 2737 2287 vel
2768 2246 2861 2302 per
2884 2230 3155 2294 invidiam,
3180 2227 3267 2283 vel
3299 2227 3363 2280 ad
3395 2225 3604 2278 aliorum
3621 2234 3721 2290 gra-

2178 2329 2327 2391 tiam,
2360 2327 2443 2382 vel
2476 2340 2573 2396 per
2598 2324 2949 2388 inimicitiam,
2978 2321 3061 2376 vel
3090 2319 3191 2373 alia
3221 2318 3451 2389 quadam
3487 2330 3582 2369 non
3603 2320 3724 2367 recta

2178 2422 2405 2485 ratione,
2434 2421 2552 2489 quis
2580 2434 2645 2474 ex
2674 2419 2793 2473 loco
2819 2431 2916 2471 suo
2942 2424 3205 2470 movetur.
3228 2415 3364 2469 Cum
3385 2419 3551 2465 autem
3570 2408 3629 2461 ab
3645 2404 3726 2460 ad-

2179 2514 2431 2569 versariis
2459 2512 2509 2566 id
2541 2513 2756 2582 patitur,
2787 2510 2929 2564 nulla
2964 2520 3090 2579 puto
3115 2520 3237 2561 esse
3265 2505 3503 2560 Oratione
3534 2515 3653 2570 opus
3672 2495 3727 2550 ad

2182 2606 2386 2661 lucrum
2419 2602 2890 2659 demonstrandum
2916 2642 2931 2667 ,
2965 2600 3103 2670 quod
3133 2599 3336 2654 malitia
3369 2611 3460 2651 sua
3487 2593 3575 2664 ipsi
3601 2589 3731 2646 colli-

2183 2706 2331 2768 gnnt.
2357 2696 2409 2750 Id
2437 2710 2564 2765 ergo
2590 2694 2821 2764 undique
2862 2688 3402 2760 circumspiciendum
3439 2697 3490 2741 et
3522 2689 3733 2738 accurate

2184 2788 2564 2857 explorandum
2594 2796 2696 2848 est,
2728 2799 2795 2840 ne
2823 2799 2925 2855 qua
2953 2780 3204 2837 desiderii
3239 2780 3385 2834 illius
3412 2774 3627 2832 scintilla
3653 2787 3730 2826 ar-

2187 2880 2320 2935 dens
2351 2880 2529 2935 lateat.
2552 2876 2853 2947 Oplandum
2881 2876 3077 2946 quippe
3113 2884 3195 2929 est
3222 2887 3322 2927 eos
3341 2914 3355 2933 ,
3379 2872 3463 2942 qui
3492 2868 3627 2923 initio
3653 2864 3735 2918 hoc

2188 2971 2376 3027 morbo
2402 2970 2553 3026 liberi
2584 2969 2756 3032 fuere,
2788 2968 2873 3022 ubi
2905 2966 2970 3021 ad
2996 2963 3301 3036 liujusmodi
3329 2962 3740 3031 dignitatempeh

2190 3064 2456 3125 venerint,
2478 3062 2622 3118 illum
2646 3061 2879 3130 eﬂ'ugere
2898 3072 3072 3127 posse.
3092 3054 3244 3124 Quod
3271 3053 3315 3109 si
3337 3052 3474 3125 quis,
3492 3058 3739 3116 antequam

2190 3155 2446 3213 honorem
2478 3156 2624 3210 illum
2650 3162 2981 3224 asscquatur,
3003 3150 3141 3205 hanc
3160 3163 3363 3203 smvam
3388 3147 3744 3207 immanemque

2192 3249 2355 3305 feram
2386 3263 2548 3318 penes
2582 3261 2642 3301 se
2672 3244 2869 3299 nutriat
2890 3286 2905 3310 ,
2936 3242 3041 3296 dici
3071 3240 3257 3310 nequit
3302 3240 3354 3294 in
3395 3242 3629 3307 quantam
3656 3231 3744 3283 for-

2196 3355 2380 3396 nacem
2407 3339 2553 3393 illum
2581 3346 2766 3392 nactus
2789 3349 2846 3391 se
2875 3333 3142 3402 conjiciat.
3165 3331 3279 3385 Nos
3307 3338 3482 3386 autem
3519 3324 3620 3399 (ne
3643 3333 3746 3374 vero

2195 3441 2349 3502 putes
2377 3428 2652 3485 modestiae
2680 3441 2839 3482 causa
2882 3441 2968 3481 me
3003 3423 3275 3481 ullatenus
3313 3417 3454 3490 apud
3493 3427 3542 3472 te
3569 3410 3747 3470 mentiri

2195 3520 2368 3596 velle)
2396 3536 2582 3592 magna
2615 3516 2918 3588 bujnsmodi
2960 3513 3206 3585 cupidine
3240 3523 3522 3568 tenemur:
3547 3519 3655 3576 quas
3679 3513 3751 3555 res

2198 3629 2299 3668 una
2321 3628 2442 3668 cum
2470 3590 2588 3665 aliis
2611 3609 2856 3663 omnibus
2884 3621 2989 3662 non
3017 3619 3202 3676 parum
3226 3619 3331 3659 nos
3357 3597 3625 3658 exterruit,
3644 3602 3689 3646 et
3709 3590 3750 3643 in

2200 3705 2340 3761 hanc
2378 3702 2553 3774 fugam
2597 3700 2774 3755 vertit.
2815 3695 3278 3765 Quemadmodum
3318 3692 3460 3749 enim
3506 3694 3754 3760 corporum

2201 3807 2464 3852 amatores
2482 3838 2498 3863 ,
2525 3793 2774 3866 quamdiu
2799 3792 2924 3848 licet
2947 3805 3068 3846 cum
3096 3788 3293 3846 amatis
3320 3782 3519 3841 vers-iri
3541 3823 3554 3840 .
3577 3776 3757 3847 gnavio-

2202 3902 2316 3945 rem
2342 3887 2515 3943 morbi
2541 3865 2833 3942 crueiatum
2864 3883 3085 3944 habent,
3115 3895 3235 3935 cum
3266 3888 3446 3932 autem
3478 3871 3648 3944 procul
3671 3865 3758 3919 illis

2203 3980 2555 4043 abducuntur,
2589 3987 2715 4032 tunc
2737 3974 2995 4031 insaniam
3027 3971 3330 4036 excutiunt,
3356 3968 3435 4023 sic
3458 3975 3510 4020 et
3536 3962 3616 4032 qui
3641 3957 3763 4026 prin»

2203 4076 2411 4145 cipatus
2457 4070 2609 4125 istius
2651 4067 2900 4137 cupidine
2944 4071 3223 4128 tenentur,
3265 4075 3390 4115 cum
3434 4067 3591 4124 penes
3636 4049 3759 4104 illum

2205 4172 2363 4230 sunt,
2410 4162 2551 4217 malo
2596 4158 2814 4214 ferendo
2853 4164 2978 4210 sunt
3021 4155 3290 4223 impares;
3339 4149 3429 4203 ubi
3481 4158 3603 4216 vero
3638 4149 3765 4207 spell!

2205 4228 2480 4322 amittunt,
2505 4268 2627 4309 cum
2650 4248 3044 4325 exspectatione
3065 4245 3232 4319 ipsam
3263 4239 3568 4314 cupidinem
3593 4228 3767 4287 esstiir

2206 4356 2391 4421 guunL

2278 4438 2366 4493 12.
2395 4433 2836 4508 Sapientiss‘imum
2860 4439 3089 4498 oportere
3108 4442 3217 4482 esse
3235 4422 3569 4479 sacerdotem.
3587 4442 3651 4456 --
3665 4408 3767 4464 "ac

2209 4545 2312 4586 una
2337 4542 2495 4584 causa
2531 4535 2613 4581 est
2648 4539 2753 4578 non
2792 4519 3118 4577 mediocris:
3151 4532 3272 4588 qua:
3313 4516 3441 4570 licet
3476 4509 3587 4566 sola
3622 4507 3771 4559 esset.

2208 4638 2307 4679 nos
2330 4622 2399 4677 ab
2422 4622 2522 4676 hac
2546 4618 2799 4689 dignitate
2824 4630 3008 4681 arcere
3033 4619 3236 4684 posset.
3270 4609 3473 4665 Verum
3500 4614 3553 4660 et
3578 4599 3673 4654 alia
3699 4591 3775 4648 ad-

2208 4717 2352 4771 ditur
2381 4714 2481 4770 ltac
2525 4728 2629 4768 non
2677 4710 2867 4766 minor.
2899 4707 3028 4774 Quae
3068 4704 3194 4760 illa?
3236 4701 3562 4773 Vigilantcm
3597 4693 3778 4762 oportet

2209 4809 2514 4879 episcopum
2545 4818 2664 4860 esse
2684 4843 2699 4865 ,
2731 4800 3089 4872 perspicacem
3112 4837 3125 4858 ,
3157 4804 3211 4849 et
3244 4790 3548 4848 innumeris
3577 4781 3778 4846 undique

2207 4877 2488 4978 praeditum
2515 4895 2703 4958 oculis,
2733 4900 2917 4963 utpote
2938 4890 3025 4959 qui
3054 4903 3156 4941 non
3183 4886 3284 4941 sibi
3310 4883 3510 4941 solum.
3533 4877 3623 4935 sed
3646 4880 3780 4929 tantm

2211 4970 2530 5047 multitudini
2553 4988 2693 5041 vivat
2714 4985 2763 5058 (i
2777 5025 2790 5038 .
2813 4983 2943 5039 Tim.
2967 4979 3118 5049 3.2).
3138 4977 3243 5033 Nos
3265 4991 3400 5031 vero
3418 4983 3610 5042 segnes
3626 4970 3781 5058 sumus

2212 5092 2266 5138 et
2290 5080 2536 5148 remissi,
2565 5088 2618 5135 et
2657 5046 2853 5134 nostrae
2878 5072 3031 5128 saluti
3071 5046 3156 5126 vix
3198 5065 3557 5122 sufficientes.
3587 5058 3691 5114 [loc
3714 5046 3782 5101 τρὶ

2214 5184 2323 5233 tute
2351 5175 2568 5236 fateare,
2592 5170 2678 5241 qui
2705 5167 2934 5223 maxime
2958 5164 3193 5217 nomium
3217 5158 3475 5213 amicitia:
3491 5165 3646 5213 causa
3669 5142 3783 5199 mala

2213 5277 2394 5323 nostra
2419 5236 2673 5333 obtegere
2701 5258 2930 5319 conaris.
2961 5254 3037 5311 Ne
3076 5251 3202 5306 milii
3237 5250 3385 5305 enim
3425 5247 3519 5305 hic
3554 5236 3785 5312 jejunium

2213 5360 2429 5428 autgeS,
2453 5356 2534 5411 vel
2560 5332 2785 5425 vigilias,
2809 5349 2893 5407 vel
2922 5348 3065 5402 humi
3087 5343 3454 5405 cubationem,
3479 5347 3533 5393 ct
3555 5332 3784 5399 reliquam

2213 5450 2453 5522 Corporis
2483 5447 2895 5502 macerationem
2922 5459 2936 5496 :
2965 5453 3085 5495 nam
3115 5442 3375 5505 quantum
3402 5431 3471 5487 ab
3499 5427 3581 5482 bis
3599 5417 3788 5479 virtuti-

2215 5545 2314 5600 bus
2338 5541 2572 5603 absimus
2605 5552 2709 5593 non
2737 5536 2969 5612 ignoras.
3004 5527 3220 5587 Etiamsi
3251 5539 3385 5581 vero
3415 5537 3447 5580 a
3470 5517 3625 5579 nobis
3648 5522 3784 5566 accu-

2285 5810 2303 5842 ε
2342 5802 2444 5868 alii,
2466 5802 2691 5852 honorem
2707 5791 2952 5859 procurat.
