3944 6202
288 202 390 260 6W

291 330 402 371 rate
428 313 821 376 excolerenlttt‘,
854 311 984 368 nihil
1015 313 1131 368 hmc
1164 325 1260 366 nos
1288 317 1432 366 tanta
1465 309 1629 364 animi
1658 307 1879 380 segnitie

293 408 545 479 praditos
566 406 633 462 ad
658 407 794 460 hanc
814 404 1181 475 praefecturam
1198 402 1470 475 juvarent.
1496 400 1705 457 llomiui
1725 401 1881 471 quip»

292 518 355 573 pe
384 501 437 555 in
464 499 782 555 domuncula
803 497 1029 569 quadam
1058 497 1263 551 incluso
1282 503 1341 550 et
1361 510 1456 550 sua
1484 493 1659 549 solum
1678 491 1884 549 curanti

292 596 408 649 bare
434 608 683 662 magnam
708 589 963 650 afferrent
987 588 1300 657 utilitatem;
1330 585 1426 642 sed
1454 586 1504 639 in
1529 593 1727 640 tantam
1752 582 1889 637 mul-

296 684 573 739 titudinem
601 684 791 747 scisso,
821 691 875 737 et
903 683 1160 750 cujusque
1193 678 1527 733 subditorum
1561 674 1884 745 peculiarem

293 773 705 832 sollicitudinem
732 772 960 844 gerenti,
987 771 1113 842 quid
1141 770 1189 825 id
1216 770 1348 826 lucri
1374 768 1561 824 afferat
1583 766 1650 822 ad
1666 767 1887 822 Qlorum

299 867 593 937 profectum
614 906 629 933 ,
657 866 759 920 nisi
788 866 1023 919 animant
1049 865 1254 919 virilem
1280 879 1345 919 ac
1373 862 1719 917 fortissimum
1746 858 1899 914 obtiq

295 960 454 1015 neat?

366 1051 457 1104 l3.
491 1048 688 1103 Prwter
714 1048 1062 1103 abstinentiam
1094 1047 1196 1100 alia
1225 1045 1430 1115 requiri.
1461 1073 1533 1084 -—
1566 1042 1751 1113 Neque
1788 1041 1891 1096 mi-

306 1141 443 1197 reris
467 1140 514 1194 si
540 1156 661 1194 cum
690 1148 830 1194 tanta
860 1137 1135 1193 tolerantia
1160 1140 1175 1168 ⁸
1225 1136 1451 1190 alterum
1506 1133 1717 1202 postulo
1743 1130 1815 1187 for
1828 1133 1893 1187 tis

296 1232 463 1287 animi
500 1231 944 1302 experimentum.
973 1228 1106 1296 Nam
1139 1229 1422 1283 delicatum
1452 1228 1652 1288 cibum,
1687 1233 1890 1295 potum,

298 1326 497 1380 lectum
522 1322 820 1392 ιιεειιίιϊιφ,
845 1322 1024 1377 multis
1046 1320 1200 1376 facile
1220 1334 1341 1376 esse
1362 1318 1604 1374 videnms
1628 1335 1641 1372 :
1666 1317 1896 1371 maxime

300 1431 431 1470 vero
475 1415 540 1469 iis
559 1454 575 1478 ,
603 1413 691 1484 qui
728 1423 915 1468 natura
949 1414 1270 1482 agrestiores
1291 1420 1347 1466 et
1374 1427 1403 1464 a
1431 1410 1626 1465 teneris
1656 1410 1733 1464 sic
1761 1408 1897 1464 edu-

302 1506 405 1562 cati
430 1514 588 1570 sunt,
614 1520 677 1565 ac
700 1504 882 1559 nntltis
910 1505 1033 1558 item
1061 1505 1180 1557 aliis
1204 1502 1447 1572 Corporis
1479 1508 1899 1571 temperamento

304 1611 463 1669 atque
497 1598 885 1653 cOnSuetndine
928 1598 1167 1652 laborum
1215 1594 1516 1665 bnjusmodi
1558 1594 1898 1663 asperitatem

308 1690 690 1761 mitigantibus.
704 1689 1179 1751 Ateontumeliam,
1193 1687 1466 1749 danumm,
1483 1686 1763 1738 molestum
1784 1698 1903 1738 ver-

310 1784 455 1848 bum,
481 1783 706 1839 dicteria
727 1782 795 1836 ab
822 1781 1160 1836 inferioribus
1186 1790 1295 1834 tum
1326 1790 1547 1844 temere,
1573 1787 1679 1831 tum
1706 1775 1758 1831 in
1787 1776 1903 1844 ipso

309 1875 508 1945 judicio
535 1874 741 1942 prolata
763 1914 780 1940 ,
811 1872 1173 1943 querimonias
1202 1871 1396 1925 frustra
1424 1878 1478 1923 ct
1507 1879 1707 1922 temere
1735 1877 1842 1920 tum
1872 1882 1902 1919 a

310 1965 641 2036 principibus
674 1975 785 2017 tum
819 1978 850 2018 a
890 1962 1115 2019 subditis
1143 1962 1380 2028 oblatas,
1424 1976 1527 2015 non
1569 1958 1719 2013 multi
1767 1958 1907 2013 ferre

312 2065 576 2129 pOSSttttl,
615 2056 710 2113 sed
752 2074 888 2111 unus
933 2054 1157 2110 fortasse
1191 2054 1276 2109 vel
1315 2053 1466 2107 alter.
1502 2052 1798 2121 Videreque
1826 2059 1908 2105 est

314 2152 471 2205 ctiam
501 2151 646 2208 viros
673 2148 836 2203 fortes
860 2147 925 2203 ad
959 2148 1072 2204 hmc
1099 2147 1169 2201 ita
1193 2161 1291 2201 ceu
1324 2144 1584 2214 vertigine
1607 2153 1791 2213 captos
1810 2182 1826 2206 ,
1852 2148 1911 2195 ut

316 2243 399 2298 vel
443 2241 848 2297 immanissimis
892 2240 1080 2295 belluis
1124 2238 1290 2293 ferius
1334 2245 1715 2305 exasperentur
1755 2250 1769 2286 :
1812 2232 1909 2287 hos

317 2350 443 2389 vero
471 2333 709 2388 maxime
740 2348 768 2385 a
798 2332 1082 2387 sacerdotii
1117 2332 1283 2401 septis
1308 2345 1573 2384 arcemus.
1608 2326 1912 2381 Antistitem

317 2425 513 2495 quippe
551 2438 651 2478 nec
692 2423 864 2477 inedia
892 2421 1162 2486 alflictari,
1196 2435 1295 2476 nec
1332 2420 1487 2474 nudis
1517 2417 1739 2489 pedibus
1764 2416 1912 2471 ince-

317 2519 469 2582 dere,
499 2517 550 2571 id
573 2533 702 2571 sane
730 2516 978 2571 Ecclesiae
999 2515 1157 2571 cmtui
1181 2514 1308 2568 nihil
1329 2511 1514 2567 afferet
1552 2507 1862 2577 detrimenti
1896 2526 1911 2562 :

320 2610 468 2664 furor
507 2619 687 2663 autem
729 2608 891 2663 animi
934 2616 988 2663 et
1031 2606 1103 2661 illi
1142 2617 1193 2660 et
1233 2607 1477 2676 proximo
1521 2619 1739 2675 magnas
1779 2601 1919 2674 parit

322 2703 675 2755 calamitates.
715 2702 889 2769 Atque
929 2700 995 2755 iis
1034 2700 1281 2768 qttidem,
1319 2698 1407 2767 qui
1448 2697 1773 2766 supradicta
1810 2708 1918 2749 non

326 2801 609 2861 pnestant,
640 2791 777 2845 nulla
802 2805 832 2844 a
862 2789 972 2844 Deo
1000 2789 1345 2843 comminatio
1372 2806 1386 2843 :
1413 2796 1469 2841 at
1497 2798 1695 2841 temere
1718 2800 1918 2841 exean-

322 2884 669 2937 descentibus
715 2890 770 2937 et
813 2881 1108 2953 gehennam
1154 2890 1208 2935 et
1252 2879 1510 2951 gehemne
1558 2879 1732 2949 ignem
1779 2878 1920 2932 Deus

323 2979 685 3030 comminatus
708 2985 786 3030 est
815 2974 1027 3044 (.lfattlt.
1052 2973 1108 3028 5.
1134 2972 1249 3043 εἳ).
1279 2971 1737 3039 Quemadmodum
1765 2970 1922 3039 igitur

326 3084 479 3120 vame
528 3066 715 3136 gleria:
758 3065 1016 3135 cupidus,
1060 3080 1178 3119 cum
1229 3057 1513 3118 multorum
1550 3060 1920 3132 praifccturam

327 3159 474 3223 adit,
503 3159 761 3227 majorem
798 3156 903 3226 igni
936 3155 1136 3225 prtebct
1162 3156 1473 3220 materiam,
1500 3154 1580 3207 sie
1614 3162 1666 3207 et
1700 3152 1788 3223 qtti
1824 3138 1924 3208 nec

328 3253 467 3322 apud
492 3267 573 3310 se.
601 3266 700 3307 nec
722 3251 774 3305 in
801 3249 1145 3305 familiaribus
1173 3264 1458 3319 paucorum
1488 3248 1762 3318 colloquiis
1791 3247 1923 3301 iram

330 3344 613 3398 continere
639 3342 821 3410 nequit
846 3383 862 3407 ,
889 3341 982 3397 sed
1014 3340 1168 3396 facile
1197 3338 1569 3402 excandescit,
1599 3337 1722 3413 huic
1743 3338 1788 3392 si
1827 3332 1926 3407 po'c

332 3435 538 3506 pularis
568 3435 907 3504 magistratus
934 3432 1193 3498 tradatur,
1216 3448 1312 3488 ceu
1341 3431 1450 3486 fera
1476 3429 1716 3500 quaedam
1739 3444 1767 3483 a
1792 3429 1931 3483 mul-

335 3529 404 3582 tis
432 3526 670 3596 undique
701 3526 1037 3582 exstimulata
1063 3566 1078 3589 ,
1116 3540 1215 3579 nec
1252 3524 1431 3595 quieto
1466 3538 1711 3594 umquam
1749 3522 1930 3577 animo

332 3635 457 3674 esse
489 3627 695 3688 pou-st,
725 3618 1046 3687 insuperque
1077 3616 1366 3672 commisso
1402 3613 1504 3669 sibi
1544 3615 1737 3685 populo
1772 3613 1930 3668 innu-

336 3728 488 3770 mera
530 3721 779 3781 procurat
817 3710 974 3764 mala.

413 3805 503 3861 14.
532 3801 684 3856 Nihil
712 3812 812 3855 tam
837 3801 995 3855 aciem
1020 3800 1199 3854 mentis
1222 3797 1516 3864 obtundere,
1546 3812 1696 3867 quam
1724 3797 1932 3850 iracun-

336 3896 502 3948 diam.
533 3924 605 3936 —-
628 3893 768 3948 Nihil
793 3894 935 3948 enim
961 3892 1038 3946 sic
1068 3890 1262 3961 ingenii
1302 3890 1604 3960 puritatem,
1637 3884 1936 3955 mentisque

335 3987 516 4042 aciem
546 3986 836 4051 obturbat,
867 3992 926 4038 ut
958 3984 1033 4037 ira
1075 3982 1371 4037 inordinata
1390 4022 1406 4046 ,
1435 3994 1552 4048 qum
1578 3978 1746 4033 multo
1772 3976 1938 4031 fertur

335 4081 569 4151 impetu.
613 4077 704 4131 Ira
729 4078 869 4132 enim
894 4118 909 4141 ,
941 4075 1114 4146 inquit
1151 4075 1238 4129 ille
1257 4116 1273 4140 ,
1300 4073 1452 4125 etiam
1481 4069 1747 4141 prudentes
1775 4067 1938 4138 perdit

333 4173 532 4244 (Prov.
564 4174 650 4229 15.
681 4171 755 4243 l).
787 4171 917 4226 Nam
946 4166 1389 4240 quemadmodum
1422 4165 1473 4218 in
1507 4171 1768 4218 nocturno
1799 4171 1939 4229 prce-

336 4270 423 4325 lio
448 4267 830 4323 obtenebratus
860 4264 1052 4320 mentis
1081 4262 1267 4318 oculus
1295 4261 1494 4315 amicos
1522 4259 1590 4312 ab
1622 4254 1941 4310 adversariis

333 4364 660 4419 discernere
704 4360 916 4431 nequit,
957 4374 1055 4414 nec
1097 4356 1302 4410 nobiles
1346 4355 1414 4409 ab
1455 4351 1804 4424 ignobilibus,
1846 4348 1940 4402 sed

335 4470 471 4510 cuni
496 4445 750 4507 omnibus
780 4451 970 4507 eodem
1009 4464 1068 4504 se
1103 4447 1242 4519 gerit
1282 4445 1474 4512 modo,
1506 4454 1560 4500 et
1588 4442 1634 4497 si
1662 4440 1786 4513 quid
1818 4440 1943 4495 mali

339 4545 688 4603 Inbeundnm
727 4544 794 4597 sit
816 4584 834 4605 ,
858 4542 1036 4597 omnia
1070 4539 1222 4595 facile
1252 4539 1479 4609 patitur,
1513 4546 1569 4590 ut
1597 4532 1759 4588 animi
1788 4531 1941 4585 volu-

338 4649 553 4709 ptatem
584 4636 824 4707 impleat.
853 4634 982 4689 Nam
1010 4643 1156 4688 certe
1183 4632 1426 4709 voluptas
1452 4626 1692 4697 qu:edam
1722 4632 1806 4679 est
1832 4622 1946 4677 ani-

334 4734 419 4788 sui
456 4727 899 4788 excandescentia
923 4768 938 4793 ,
969 4735 1025 4781 et
1051 4706 1318 4793 voluptate
1346 4721 1601 4789 majorem
1631 4719 1681 4771 in
1710 4715 1946 4770 animum

328 4835 569 4881 esu-reet
598 4821 931 4895 tyrannidem
953 4862 968 4887 ,
998 4818 1339 4889 tranquillum
1367 4815 1482 4887 ejus
1511 4823 1708 4869 statum
1738 4827 1829 4866 sus
1857 4810 1950 4865 de-

328 4922 459 4991 que
487 4918 805 4972 revolvens:
829 4930 948 4967 nam
981 4913 1032 4966 in
1061 4909 1414 4980 a'rrogantlznn
1447 4907 1597 4962 facile
1628 4904 1868 4975 impellit,
1897 4909 1952 4958 et

325 5014 660 5068 simultates
685 5006 1104 5078 intempestivas,
1131 5015 1186 5060 et
1213 4998 1391 5059 odium
1418 5002 1534 5056 sine
1564 5000 1665 5055 ulla
1695 5012 1873 5064 causa,
1898 5003 1953 5052 et

325 5103 685 5163 oﬂ'ensiones
715 5110 916 5155 temere
953 5107 1106 5153 natas
1142 5090 1445 5166 frequenter
1473 5101 1649 5163 parat,
1683 5090 1953 5161 multaque

329 5202 437 5255 bis
467 5194 668 5253 similia
697 5205 750 5250 et
774 5194 951 5249 dicere
976 5200 1033 5247 et
1061 5189 1236 5245 facere
1261 5188 1421 5257 cogit,
1445 5185 1622 5239 animo
1643 5183 1813 5237 multo
1831 5195 1952 5237 cum

325 5292 597 5351 stridore
635 5286 807 5343 morbi
845 5270 1092 5341 molestia
1127 5284 1266 5337 ultro
1296 5282 1535 5349 citroque
1563 5287 1765 5341 tracto,
1794 5276 1865 5331 ita
1900 5280 1956 5330 ut

328 5382 515 5441 nullo
546 5378 703 5434 modo
732 5389 895 5442 stare,
924 5385 980 5431 et
1006 5385 1151 5430 tanto
1181 5371 1398 5441 impetui
1426 5370 1687 5425 obsistere
1714 5376 1892 5438 queat.

418 5470 766 5532 BASMUS.
804 5471 913 5540 Ego
944 5483 1068 5523 vero
1096 5478 1148 5521 te
1180 5467 1259 5521 sic
1294 5460 1714 5518 dissimulantem
1742 5473 1846 5515 non
1873 5456 1956 5512 ul-

415 5685 439 5719 ί
477 5678 631 5733 sant.
658 5687 706 5733 et
729 5677 921 5743 quidam
940 5682 1064 5740 διεδ,
1083 5681 1190 5740 ποδί
1211 5678 1387 5729 tantum
1411 5666 1729 5728 tolerantiam.

1482 195 1579 252 'DE
1618 192 2227 253 SACERDOTIO.LIB.
2268 195 2359 251 lii.

3477 196 3583 254 650

1998 309 2163 364 terius
2187 309 2375 380 patiar.
2408 308 2536 375 Quis
2566 309 2705 363 enim
2749 306 2953 378 ignorat
2985 314 3237 376 quantum
3266 306 3367 364 hoc
3394 309 3583 364 morbo

1991 399 2064 455 sis
2092 398 2337 454 alienus?
2374 395 2840 455 cuuvsosrou.
2874 398 3014 466 Quid
3048 384 3235 470 igitur,
3265 399 3478 471 inquam
3504 442 3516 463 ,
3546 418 3582 455 υ

1994 493 2073 550 vir
2096 493 2269 557 beate,
2298 494 2377 548 vis
2401 509 2486 546 me
2517 492 2638 548 huic
2666 489 2795 563 rogo
2821 494 3130 556 admovere,
3158 509 3221 548 ac
3245 492 3407 549 feram
3432 492 3583 564 quieo

1992 594 2228 639 sceutem
2259 584 2509 640 irritare?
2531 584 2611 639 An
2641 584 2853 655 ighoras
2882 585 2932 639 id
2961 586 3114 641 nobis
3143 601 3249 639 non
3280 597 3458 640 nostra
3487 587 3587 640 vir-

1995 684 2107 730 tute
2131 673 2479 741 successisse,
2504 665 2598 730 sed
2617 674 2682 731 ex
2704 677 2897 746 quieta:
2923 675 3043 730 vita:
3069 690 3289 740 amore;
3312 691 3431 731 eum
3458 692 3585 732 vero

1995 768 2082 839 qui
2115 768 2191 822 sic
2227 767 2449 823 affectus
2475 776 2584 833 est,
2619 782 2859 823 seorsum
2890 768 3207 839 degentem,
3235 778 3291 824 et
3320 786 3422 824 uno
3448 770 3584 825 alte-

1996 876 2123 916 rove
2151 869 2383 916 utentem
2414 846 2588 915 amico
2613 903 2628 926 ,
2665 860 2969 926 huiusmodi
3012 861 3310 917 incendium
3354 862 3585 933 effugere

2000 966 2185 1021 posse;
2213 966 2370 1007 secus
2399 956 2529 1007 vero
2557 952 2601 1007 si
2630 953 2682 1007 in
2711 952 3052 1008 totcurarum
3076 954 3325 1025 abyssum
3356 953 3587 1008 incidat?

1999 1042 2148 1100 Tune
2186 1045 2327 1101 enim
2362 1062 2469 1101 non
2510 1062 2570 1101 se
2604 1040 2774 1100 Solum
2797 1088 2811 1111 ,
2842 1046 2933 1100 sed
2962 1055 3013 1099 et
3042 1044 3175 1101 alios
3204 1045 3494 1116 permultos
3522 1046 3586 1099 ad

2000 1138 2245 1193 interitus
2283 1139 2632 1209 prmeipitium
2671 1154 2852 1193 secum
2895 1138 3086 1204 trahit,
3117 1147 3172 1194 et
3207 1120 3271 1191 ad
3315 1131 3591 1207 probitatis

2000 1245 2180 1286 curam
2210 1232 2484 1299 segniores
2516 1230 2700 1286 efficit.
2736 1232 2883 1287 Solet
2908 1232 3047 1286 enim
3076 1231 3409 1287 subditorum
3439 1233 3593 1288 turba

1996 1323 2373 1394 przefectorum
2398 1324 2499 1378 sibi
2530 1339 2706 1379 mores
2727 1340 2825 1380 ccu
2852 1324 3196 1396 archetypum
3229 1330 3284 1379 et
3308 1304 3589 1395 quamdam

2006 1415 2287 1484 imaginem
2329 1425 2598 1484 spectare,
2630 1430 2794 1486 seque
2831 1415 2896 1470 ad
2941 1416 3149 1470 illorum
3183 1414 3406 1471 fortnam
3438 1415 3591 1470 effin-

1998 1520 2129 1575 ‘gere
2177 1506 2276 1575 Qui
2309 1521 2436 1577 ergo
2478 1506 2647 1577 possit
2690 1507 2778 1563 ille
2806 1523 2990 1563 eorum
3032 1497 3269 1563 tumores
3294 1506 3517 1572 sedare,
3550 1507 3597 1558 si

2007 1598 2119 1668 ipse
2151 1601 2381 1652 tumeat?
2404 1597 2522 1668 quis
2550 1598 2788 1668 plebeius
2820 1597 3124 1654 moderatus
3152 1599 3330 1654 statim
3364 1598 3476 1653 fieri
3504 1615 3599 1649 en-

2008 1682 2135 1760 piat,
2160 1690 2204 1745 si
2230 1690 2518 1761 principem
2546 1690 2855 1745 iracundum
2884 1691 3094 1745 videat?
3120 1690 3432 1761 Neutiquam
3454 1674 3601 1745 enim

2008 1791 2232 1852 possunt
2252 1782 2590 1837 sacerdotum
2614 1782 2740 1837 vitia
2769 1784 2952 1844 latere.
2985 1782 3079 1838 sed
3103 1783 3262 1838 etiam
3285 1783 3475 1855 exigua
3497 1783 3609 1837 cito

2011 1873 2295 1944 conspicua
2325 1883 2469 1928 sunt.
2497 1868 2769 1945 Siquidem
2801 1874 3000 1930 athleta
3031 1874 3284 1946 quamdiu
3312 1863 3453 1929 domi
3487 1892 3603 1928 ma-

2010 1975 2134 2033 nct,
2163 1975 2216 2021 et
2259 1982 2380 2022 cum
2422 1961 2565 2022 nullo
2609 1954 2983 2038 congreditur,
3027 1968 3149 2023 licet
3193 1968 3450 2022 infirmior
3488 1968 3556 2021 sit
3584 2008 3604 2031 ,

2012 2054 2281 2116 occultare
2320 2075 2379 2115 se
2420 2068 2628 2132 potest;
2657 2050 2777 2113 cum
2818 2054 2994 2135 autem
3038 2057 3270 2113 nudatus
3309 2060 3358 2111 in
3387 2074 3643 2119 arenam~

2014 2151 2315 2215 descendit,
2358 2152 2535 2206 statim
2576 2151 2666 2221 qni
2700 2151 2770 2205 sit
2809 2150 3089 2205 evincitur.
3136 2149 3386 2204 llomines
3429 2150 3615 2217 itaque

2016 2244 2103 2315 qui
2139 2244 2361 2299 seorsim
2393 2253 2446 2299 et
2472 2244 2523 2298 in
2554 2245 2661 2299 otio
2690 2244 2848 2297 vitam
2876 2252 3069 2313 agunt,
3096 2241 3344 2296 vitiorum
3386 2255 3615 2294 suorum

2020 2347 2228 2407 tegmen
2258 2334 2454 2391 habent
2477 2334 2849 2399 solitudinem;
2874 2330 2924 2387 in
2954 2333 3185 2388 medium
3212 2331 3446 2396 adducti,
3472 2334 3611 2386 sicut

2017 2430 2390 2485 vestimentum
2418 2427 2755 2484 solitudinem
2783 2442 2983 2482 exuere
3010 2422 3289 2495 ceguntur,
3315 2440 3490 2494 exque
3519 2440 3610 2479 ex-

2020 2510 2184 2576 ternis
2225 2521 2461 2575 metibus
2512 2520 2710 2574 nudum
2759 2516 3003 2573 omnibus
3051 2508 3286 2571 auiumm
3332 2516 3611 2569 exhibere.

2021 2614 2480 2682 Quemadmodum
2522 2629 2650 2683 ergo
2693 2604 2928 2682 ipsorum
2969 2610 3221 2682 pnrclara
3251 2618 3398 2679 gesta
3434 2607 3623 2663 multis

2025 2715 2245 2778 prosunt
2268 2705 2333 2761 ad
2361 2705 2535 2760 simile
2564 2700 2794 2760 studimu
2823 2703 3121 2770 evocantia,
3145 2702 3222 2757 sic
3248 2711 3300 2757 et
3326 2716 3511 2756 eorum
3539 2702 3615 2756 vis

2025 2800 2094 2854 tia
2126 2799 2260 2854 alios
2290 2797 2367 2851 ad~
2391 2795 2599 2852 virtutis
2626 2792 2939 2851 exercitium
2968 2782 3241 2865 segniores
3267 2791 3502 2847 efficiunt
3522 2833 3537 2857 ,
3563 2801 3618 2847 et

2024 2888 2090 2948 ad
2117 2893 2377 2948 bonormn
2407 2905 2631 2960 operum
2662 2889 2897 2944 laborem
2930 2897 3142 2957 torpere
3172 2886 3388 2940 faciunt.
3417 2886 3616 2957 Quam-

2026 2987 2210 3041 obrem
2239 2984 2432 3039 animae
2462 2983 2577 3052 ejus
2603 2968 3052 3051 pulchritudinem
3081 2976 3364 3047 Splendere
3386 2984 3617 3044 oportet,

2027 3087 2087 3134 ut
2126 3086 2481 3148 spectatorum
2525 3074 2733 3127 animos
2761 3060 3029 3126 oblectare
3066 3069 3226 3123 simul
3261 3078 3315 3122 et
3354 3067 3619 3121 iliustrare

2030 3146 2214 3239 possit,
2260 3162 2391 3221 Nam
2435 3150 2730 3234 vulgarium
2771 3159 3043 3214 hominum
3086 3146 3338 3239 peccata,
3374 3155 3523 3226 quasi
3565 3156 3617 3209 in

2032 3234 2264 3317 tenebris
2292 3265 2612 3328 perpetrata,
2642 3240 2926 3328 peccantes
2949 3240 3094 3328 solos
3121 3234 3345 3320 perdunt
3370 3266 3384 3303 :
3407 3249 3507 3304 viri
3528 3265 3623 3303 au-

2033 3363 2138 3407 tem
2169 3349 2386 3406 illustris
2408 3357 2463 3405 et
2492 3326 2673 3402 multis
2699 3344 2894 3421 cogniti
2924 3326 3118 3409 scelus,
3144 3356 3425 3421 commune
3451 3339 3625 3421 omni-

2032 3445 2131 3501 bus
2155 3430 2305 3498 affert
2331 3430 2728 3506 detrimentum,
2752 3416 2877 3492 dum
2906 3424 3158 3491 remissos
3182 3416 3248 3487 ad
3276 3431 3501 3513 sudores
3527 3416 3623 3501 pro

2035 3532 2187 3594 nobis
2213 3530 2464 3607 operibus
2489 3525 2845 3603 cap'esswdos
2871 3514 3172 3607 supiniores
3194 3526 3356 3605 efficit
3371 3567 3391 3592 ,
3414 3540 3508 3581 eos
3531 3539 3627 3578 au-

2036 3628 2143 3687 tem
2173 3629 2260 3701 qui
2286 3620 2384 3683 sibi
2411 3623 2693 3681 attendere
2713 3608 2954 3693 cupiunt,
2985 3607 3051 3675 ad
3077 3617 3378 3688 superbiam
3408 3616 3623 3673 excitat.

2036 3722 2118 3778 Ad
2146 3720 2261 3775 haec
2289 3734 2415 3773 vero
2439 3758 2453 3781 ,
2487 3714 2778 3786 vulgarium
2807 3712 3040 3783 delicta,
3067 3716 3150 3766 vel
3184 3710 3234 3763 in
3268 3709 3500 3765 medium
3529 3707 3635 3762 ad.

2037 3804 2231 3877 ducta,
2264 3806 2464 3866 nemini
2509 3809 2580 3864 ita
2619 3804 2936 3877 profundam
2974 3796 3216 3873 inﬂigunt
3258 3801 3461 3872 plagam
3494 3817 3507 3854 :
3537 3800 3627 3870 qui

2038 3919 2217 3961 autem
2249 3904 2299 3958 in
2328 3902 2430 3957 hoc
2456 3898 2672 3953 honoris
2701 3894 2911 3967 fastigio
2935 3893 3153 3960 sedent,
3184 3892 3356 3962 primo
3383 3890 3635 3945 omnibus

2040 4006 2165 4056 sunt
2188 3995 2493 4067 conspicui;
2515 3990 2726 4056 deinde,
2752 3990 2876 4046 licet
2895 3989 2945 4043 in
2969 3987 3200 4041 minimis
3226 3983 3487 4047 labantur,
3510 3998 3629 4052 quae

2043 4092 2247 4147 minora
2269 4096 2392 4143 sunt
2417 4087 2537 4142 aliis
2561 4099 2751 4155 magna
2776 4081 3040 4137 videntur.
3068 4077 3182 4133 Non
3201 4076 3341 4131 enim
3368 4074 3490 4129 faeti
3515 4089 3631 4128 tua—

2038 4180 2318 4254 gnitudine
2340 4181 2379 4244 ⁸,
2418 4177 2513 4234 sed
2568 4174 2837 4247 peccantis
2876 4170 3129 4242 dignitate
3152 4175 3421 4237 peccatum
3446 4179 3637 4219 attines

2045 4260 2353 4328 metiuntur.
2383 4269 2523 4324 Sane
2566 4264 2895 4320 sacerdotem
2934 4265 3144 4330 oportet
3181 4271 3280 4313 ceu
3317 4254 3630 4325 quibusdam

2046 4356 2396 4419 adamantiuis
2421 4358 2585 4413 armis
2619 4355 2969 4423 undequaque
2998 4347 3218 4414 muniri,
3239 4345 3454 4402 assiduo
3481 4360 3633 4401 tlelll-

2047 4470 2115 4526 pe
2141 4452 2317 4508 studio
2335 4492 2350 4513 ,
2380 4460 2436 4505 et
2468 4446 2683 4518 perenni
2712 4444 2853 4499 circa
2882 4442 3046 4496 vitam
3074 4438 3340 4511 vigilantia
3360 4479 3376 4501 ,
3406 4435 3633 4505 undique

2048 4540 2522 4613 circutnspic'rcndo
2545 4580 2559 4604 ,
2594 4554 2660 4592 ne
2688 4535 2807 4608 quis
2844 4528 2987 4588 nudo
3027 4546 3092 4587 ac
3133 4529 3374 4601 neglecto
3404 4527 3521 4582 loco
3548 4542 3635 4580 re-

2051 4649 2202 4709 perto
2233 4634 2388 4691 letale
2425 4631 2624 4701 infligat
2660 4628 2868 4684 vulnus.
2897 4625 3096 4680 Omnes
3127 4623 3268 4679 enim
3292 4621 3639 4676 circumstant

2053 4733 2238 4806 parati,
2268 4738 2328 4786 ut
2352 4729 2627 4784 vulnerent
2654 4740 2717 4781 ac
2743 4723 3012 4794 dejiciant,
3040 4734 3147 4775 non
3175 4715 3334 4772 modo
3361 4730 3426 4771 ex
3459 4712 3636 4767 inimi-

2052 4805 2130 4884 cis
2158 4821 2443 4888 multiased
2473 4821 2632 4891 etiam
2659 4834 2723 4873 ex
2753 4817 2841 4883 iis,
2864 4813 2954 4886 qui
2984 4810 3266 4868 amicitiam
3291 4805 3564 4862 simulant.

2124 4916 2281 4973 Tales
2324 4913 2485 4984 igitur
2523 4910 2644 4983 eligi
2684 4914 2935 4980 oportet,
2963 4902 3134 4974 qualia
3172 4907 3475 4954 sanctorum
3511 4894 3638 4950 olim

2057 5010 2268 5067 illorum
2297 5019 2519 5076 corpora
2549 5003 2601 5059 in
2629 4997 2948 5072 Babylonica
2984 4995 3197 5051 fornace
3233 4991 3325 5046 Dei
3356 4988 3525 5059 gratia
3551 5004 3643 5042 ex-

2058 5090 2248 5157 hibuit.
2273 5098 2457 5169 Neque
2481 5097 2622 5150 enim
2652 5091 2789 5163 ignis
2817 5087 2971 5159 huius
2997 5100 3120 5142 esca
3142 5093 3266 5138 sunt
3291 5088 3643 5143 sarmentum,

2062 5194 2148 5265 pix
2175 5202 2231 5248 et
2256 5200 2445 5260 stupa;
2486 5184 2582 5242 sed
2621 5183 2703 5237 his
2737 5179 2902 5236 multo
2925 5176 3195 5249 graviora,
3218 5168 3648 5243 quandoquidem

2060 5260 2168 5340 non
2197 5278 2464 5338 sensibilis
2491 5275 2579 5331 ille
2603 5272 2736 5344 ignis
2764 5269 3000 5339 subiacet
3020 5307 3035 5334 ,
3065 5264 3158 5321 sed
3187 5262 3363 5319 omnia
3386 5260 3645 5316 devorans

2065 5374 2276 5432 invidia!
2302 5370 2516 5425 flamma
2548 5366 2720 5437 ipsum
2749 5358 3112 5422 circumsistit,
3140 5354 3371 5424 undique
3399 5367 3456 5406 se
3484 5350 3644 5407 attol-

2064 5467 2210 5532 lens,
2238 5461 2339 5534 ipsi
2368 5461 2621 5532 ingruens
2638 5497 2655 5525 ,
2680 5452 3081 5522 accuratiusque
3109 5438 3278 5518 ipsum
3305 5442 3643 5508 examinans,

2138 5665 2153 5696 ¹
2196 5660 2297 5726 Alit,
2325 5660 2451 5712 ﬁcta
2473 5665 2711 5708 mensura.
