3944 6202
360 188 455 255 651

360 331 517 385 quam
551 323 673 370 tunc
703 315 836 386 ignis
865 332 1148 389 puerorum
1176 318 1385 371 illorum
1410 327 1651 386 corpora.
1682 318 1812 374 Cum
1842 319 1938 388 igi-

363 417 448 459 tur
475 407 554 461 vel
585 417 742 462 tenue
769 407 1052 478 quodpiam
1090 409 1297 477 stipulae
1327 409 1604 477 vestigium
1644 408 1940 472 invenerit,

361 501 535 552 statim
581 500 843 554 itthzcrens
880 500 1112 553 vitiatam
1158 499 1298 552 illam
1345 508 1546 568 partem
1575 501 1784 563 exurit;
1815 500 1941 553 reli-

362 599 518 657 quam
551 600 678 645 vero
702 597 1042 654 structuram,
1069 589 1276 644 etia:..si
1303 590 1560 644 solaribus
1581 591 1740 644 radiis
1761 590 1943 659 splen-

363 669 534 734 didior
557 668 730 740 fuerit,
758 679 898 733 fumo
921 681 1008 734 illo
1027 679 1198 733 adurit
1218 688 1271 734 et
1291 681 1539 734 obscurat
1561 690 1739 735 totam.
1767 681 1946 736 Donec

364 760 503 826 enim
531 761 822 825 sacci-dotis
851 773 951 824 vita
980 771 1143 842 probe
1169 771 1398 840 undique
1423 772 1732 826 concinnata
1766 772 1942 837 fuerit,

366 862 568 915 insidiis
609 849 694 916 ille
735 849 892 915 mullis
924 865 1132 926 pervius
1156 872 1266 926 est;
1297 863 1380 916 sin
1413 861 1497 916 vel
1530 861 1789 915 tantillum
1817 861 1943 930 quid

367 949 752 1020 praetermittat,
782 952 922 1021 qu'od
952 968 1076 1006 sane
1107 952 1260 1008 facile
1285 953 1593 1023 contingere
1624 963 1815 1021 p0test,
1847 954 1943 1006 ho.

366 1043 451 1096 lno
477 1041 596 1094 cuiu
624 1032 693 1095 sit
713 1081 726 1103 ,
758 1051 808 1095 et
840 1043 1108 1097 erroribus
1139 1043 1354 1114 plenum
1392 1043 1509 1096 vita:
1537 1042 1692 1112 hujus
1729 1044 1946 1113 pelagus

364 1130 604 1202 trajii-iai,
640 1133 768 1189 uiltl
807 1136 1005 1204 reliqua
1038 1136 1109 1188 illi
1143 1137 1277 1190 bona
1305 1152 1473 1206 opera
1507 1147 1743 1206 prosunt,
1775 1147 1832 1190 ut
1856 1151 1948 1192 ac-

365 1231 666 1278 cusatorum
707 1241 862 1280 voces
896 1227 1141 1295 etl'ugiat;
1177 1226 1268 1281 sed
1300 1243 1516 1296 parvum
1547 1228 1794 1282 delirium
1823 1229 1948 1282 reli—

363 1329 527 1382 quum
567 1332 726 1369 omne
769 1315 1046 1370 obumbrat
1076 1313 1129 1371 et
1167 1317 1434 1370 obscurati
1471 1317 1536 1370 Et
1572 1317 1636 1370 de
1675 1318 1949 1372 sacerdote

358 1409 551 1462 omnes
575 1424 676 1460 ιιι-ιι
701 1407 847 1476 quasi
876 1421 1035 1463 earuc
1057 1397 1258 1469 induto,
1283 1419 1334 1462 et
1357 1407 1583 1462 humana
1609 1419 1790 1461 natura
1817 1423 1951 1476 [ιι-ιι·-

363 1497 511 1560 ὕέιιι,
552 1497 644 1551 sed
683 1498 829 1567 quasi
863 1497 928 1554 de
966 1499 1192 1569 angelo,
1223 1499 1364 1554 Omni
1409 1487 1610 1567 reliqua
1649 1499 1950 1554 inﬁrmitate

361 1586 550 1651 libero,
575 1591 828 1659 judicium
853 1591 990 1646 ferre
1013 1582 1209 1645 voinut.
1238 1595 1314 1647 Ac
1335 1592 1472 1646 sicut
1497 1603 1798 1664 tyrannum,
1821 1591 1948 1646 dum

362 1680 592 1748 imperio
626 1681 845 1751 potitur,
877 1697 1062 1735 omnes
1104 1682 1448 1736 reformidant
1482 1683 1686 1751 ipsique
1727 1682 1948 1736 adulan-

364 1775 476 1836 tur,
514 1769 653 1840 quod
693 1777 812 1826 eum
857 1760 1140 1826 deturbare
1183 1779 1288 1826 utin
1334 1773 1570 1841 possint;
1609 1782 1728 1826 cum
1773 1783 1950 1845 autem

364 1869 474 1916 rem
507 1863 622 1932 ejus
645 1863 946 1917 inclinatam
972 1857 1171 1930 vident,
1195 1864 1495 1918 simulatum
1524 1855 1668 1917 illum
1697 1864 1949 1918 honorem

362 1953 710 2020 abjicientcs,
749 1954 835 2022 qui
879 1955 1034 2024 paulo
1077 1965 1199 2009 ante
1240 1954 1394 2008 amici
1439 1964 1627 2018 erant,
1663 1944 1952 2022 derepente

364 2045 564 2101 Inimici
605 2056 658 2100 et
697 2047 986 2101 adversarii
1017 2046 1279 2109 evadunt,
1311 2055 1364 2100 et
1392 2045 1583 2101 debilia
1614 2060 1835 2114 quaeque
1862 2061 1954 2098 ex-

367 2136 638 2206 [inutiles
666 2135 986 2206 irrumpunt,
1015 2137 1400 2207 imperiumque
1432 2137 1569 2190 illius
1596 2136 1806 2190 solvunt
1833 2150 1847 2188 :
1877 2136 1953 2190 sic

364 2237 416 2281 ct
447 2213 812 2283 Sacerdotibus
849 2219 1136 2299 centinglt;
1169 2230 1255 2299 qui
1299 2229 1452 2298 paulo
1480 2229 1636 2295 ante,
1673 2229 1796 2282 dum
1837 2243 1954 2282 mu-

369 2320 497 2374 hcrc
525 2320 802 2389 potiretur,
834 2321 1003 2390 ipsum
1031 2313 1276 2374 colebant
1305 2335 1368 2373 ac
1398 2320 1794 2384 reverebantur,
1825 2323 1952 2386 par-

366 2411 486 2465 vam
514 2411 846 2466 oecasiouem
877 2410 1014 2466 nacti
1042 2413 1195 2465 salim
1224 2426 1282 2466 se
1311 2406 1518 2465 fortiter
1542 2419 1868 2479 comparant,
1898 2418 1955 2463 ut

369 2509 490 2556 cum
535 2519 638 2556 non
681 2501 832 2571 qu'a-i
875 2504 1154 2574 t'yranntt‘m
1186 2502 1391 2566 Solum,
1423 2494 1512 2553 sed
1543 2501 1688 2568 qttr‘si
1731 2509 1954 2568 tyranno

369 2594 686 2648 deteriorem
715 2593 999 2663 deponant.
1026 2594 1101 2647 Ac
1128 2585 1573 2662 quemadmodum
1603 2590 1690 2643 ille
1715 2589 1954 2658 Corporis

371 2685 450 2737 Sui
495 2671 748 2738 satellites
789 2683 1004 2746 metuit,
1039 2683 1110 2736 ita
1146 2695 1198 2736 et
1238 2683 1322 2736 hic
1367 2682 1634 2749 proximos
1672 2681 1954 2734 commini-

369 2781 612 2843 Strosque
632 2780 758 2828 suos
779 2773 1006 2828 maxime
1029 2773 1263 2827 omnitun
1295 2768 1618 2826 reformidat.
1643 2762 1776 2824 Nulli
1804 2764 1954 2842 quip-

374 2873 439 2934 pc
471 2864 558 2918 alii
601 2863 821 2935 perinde
834 2858 963 2935 ’ejus
987 2863 1292 2934 dignitatem
1320 2862 1584 2926 ali‘eclaut,
1614 2862 1955 2932 ejusdemque

372 2958 458 3010 l'cs
489 2969 642 3010 uetas
672 2955 868 3010 habent
891 2962 1050 3026 atque
1079 2949 1151 3009 illi
1178 2973 1191 3010 :
1218 2948 1494 3025 propinqui
1523 2957 1663 3010 enim
1686 2965 1803 3011 cum
1827 2957 1952 3022 sint,

369 3046 414 3100 si
441 3044 564 3115 quid
595 3044 890 3115 hnjusmodi
921 3045 1210 3114 contingat,
1243 3053 1364 3100 ante
1390 3060 1574 3100 omnes
1602 3038 1652 3099 id
1693 3046 1952 3111 scntittnt,

371 3135 627 3208 facileque
648 3137 806 3193 etiam
829 3138 1216 3193 calumniantes
1242 3137 1406 3201 credi,
1430 3146 1484 3192 et
1507 3137 1631 3192 dum
1665 3154 1820 3208 parva
1848 3154 1958 3192 ma-

369 3231 472 3300 gna
503 3229 698 3285 faciunt
735 3245 857 3284 eum
903 3229 1246 3299 syc0phantia
1287 3231 1669 3285 circumvenire
1714 3237 1952 3299 possunt.

369 3317 500 3377 Nam
541 3321 889 3390 apostolicum
921 3321 1046 3376 illud
1074 3321 1272 3375 dictum
1313 3321 1577 3375 inversum
1608 3331 1689 3376 est
1719 3338 1732 3375 :
1766 3321 1830 3374 Et
1857 3323 1958 3375 sive

372 3413 560 3483 patitur
584 3419 740 3467 unum
773 3413 1042 3466 membrum
1061 3454 1075 3477 ,
1107 3413 1479 3482 compatiuntur
1506 3413 1674 3466 omnia
1703 3412 1956 3478 membra;

371 3504 474 3558 sive
512 3503 829 3573 gloriﬁcatur
873 3510 1027 3556 unum
1073 3501 1348 3556 membrum
1373 3543 1388 3565 ,
1433 3503 1747 3573 congaudent
1789 3502 1957 3556 omnia

371 3594 591 3649 membra
617 3592 695 3661 (1.
719 3593 836 3648 Cor.
868 3593 953 3648 12.
981 3586 1072 3667 26)
1099 3611 1112 3647 :
1141 3593 1240 3647 nisi
1266 3585 1401 3647 forte
1429 3599 1570 3646 tanta
1595 3592 1663 3646 sit
1686 3593 1869 3662 pietas,
1897 3601 1956 3646 ut

373 3685 627 3739 adversus
646 3685 820 3738 omnia
849 3692 995 3739 stare
1019 3685 1202 3752 possit.
1228 3683 1308 3737 Ad
1337 3686 1537 3737 tantum
1561 3683 1735 3752 itaqiie
1761 3681 1956 3737 bellum

379 3783 477 3828 uos
505 3773 739 3828 emittis?
763 3783 816 3828 et
841 3773 904 3828 ad
935 3783 1159 3844 pugnam
1189 3782 1295 3828 tam
1321 3774 1518 3827 variam
1547 3781 1758 3843 tamque
1783 3773 1960 3827 multl-

373 3863 594 3918 I‘urmem
626 3865 862 3918 aninmm
897 3873 1133 3918 nostrum
1162 3863 1407 3918 sufficere
1439 3874 1595 3932 posse
1625 3860 1815 3930 putas?
1844 3859 1956 3918 Un~

373 3955 584 4019 tlcuaut,
603 3970 802 4024 (ιιιξιξδο,
827 3962 881 4010 et
905 3971 932 4007 a
963 3969 1068 4025 quo
1097 3955 1146 4008 id
1176 3954 1395 4009 edoctus
1422 3954 1522 4008 es?
1550 3953 1680 4008 Nam
1709 3955 1750 4007 si
1782 3953 1832 4006 id
1864 3953 1955 4006 tibi

372 4045 514 4100 Deus
541 4046 813 4110 iudicavit,
846 4044 1036 4101 exhibe
1073 4046 1379 4110 Oraculum,
1409 4054 1463 4099 et
1491 4060 1692 4098 morem
1731 4059 1908 4114 geram
1940 4061 1953 4096 :

371 4139 417 4190 si
443 4152 549 4191 non
575 4146 745 4206 potes,
772 4138 863 4191 sed
887 4152 950 4192 ex
975 4136 1202 4190 humana
1230 4136 1478 4206 Opinione
1502 4135 1761 4190 calculum
1784 4135 1951 4199 ducis,

371 4228 440 4282 ab
471 4218 578 4281 isto
615 4226 825 4282 tandem
865 4233 1048 4281 errore
1081 4234 1133 4281 te
1173 4226 1358 4281 libera.
1386 4225 1517 4280 Nam
1545 4225 1682 4279 circa
1710 4240 1770 4279 ea
1792 4266 1807 4291 ,
1838 4240 1955 4294 qua:

369 4318 436 4371 ad
464 4333 560 4371 nos
591 4319 849 4388 spectant,
881 4318 1032 4371 nobis
1059 4317 1224 4388 magis
1253 4315 1574 4371 credendum
1601 4331 1758 4386 quam
1788 4316 1905 4369 aliis
1938 4333 1951 4368 :

370 4408 794 4477 quandoquidem
829 4408 954 4473 Qua:
978 4418 1092 4462 sunt
1121 4408 1336 4460 hominis
1360 4419 1504 4461 nemo
1531 4407 1664 4460 novit
1683 4446 1698 4471 ,
1730 4407 1827 4460 nisi
1855 4407 1956 4476 spi-

367 4503 496 4555 ritus
540 4500 788 4562 hominis,
819 4499 902 4568 qui
939 4498 991 4551 iit
1029 4499 1140 4570 ipso
1178 4507 1250 4551 est
1287 4499 1376 4570 (i.
1408 4494 1526 4552 Cor.
1565 4497 1619 4552 2.
1651 4499 1708 4553 Η
1737 4499 1776 4565 ).
1805 4499 1954 4565 Quod

370 4591 512 4643 enim
541 4593 596 4642 ct
624 4597 721 4641 nos
756 4589 918 4656 ipsos,
945 4599 998 4642 et
1024 4602 1118 4642 eos
1146 4589 1234 4657 qui
1264 4599 1361 4642 nus
1389 4588 1676 4658 elegerant,
1708 4589 1955 4643 ridiculos

373 4680 626 4733 reddituri
650 4684 888 4733 essemus
912 4677 1014 4733 hoc
1039 4688 1284 4747 suscepto
1311 4689 1550 4742 munere,
1576 4678 1820 4748 quodque
1845 4692 1956 4732 ma-

370 4789 475 4842 gno
503 4771 779 4840 dispendii)
806 4780 989 4826 nostro
1015 4774 1066 4825 in
1097 4785 1216 4826 eum
1239 4812 1254 4838 ,
1285 4772 1334 4825 in
1365 4787 1469 4840 quo
1495 4787 1633 4825 nunc
1659 4786 1951 4838 versamur,

371 4863 491 4915 vine
527 4872 718 4916 statum
748 4861 1012 4916 reversuri
1048 4860 1350 4938 fuissemus,
1381 4861 1424 4916 si
1456 4868 1561 4915 nun
1588 4861 1832 4924 antehac,
1867 4862 1953 4917 his

370 4955 557 5009 Saltem
587 4954 760 5007 verbis
785 4954 873 5008 tibi
905 4956 1229 5024 persuasisse
1257 4961 1403 5023 puto.
1443 4953 1556 5007 Non
1583 4953 1725 5008 enim
1759 4954 1951 5009 invidia

369 5048 572 5107 solum.
604 5046 695 5101 sed
727 5062 843 5116 qure
870 5049 1036 5100 multo
1065 5046 1258 5100 invidia
1290 5045 1654 5101 vehementior
1682 5056 1764 5100 est
1798 5046 1952 5116 hujus

370 5139 694 5208 principatus
727 5136 949 5207 cupido,
981 5138 1174 5191 multos
1212 5138 1350 5192 solet
1377 5143 1560 5192 contra
1598 5137 1766 5207 ipsum
1795 5154 1955 5194 occu-

370 5236 579 5300 pontem
612 5236 840 5286 armare.
886 5233 963 5285 Ac
1000 5230 1440 5300 quemadmodum
1475 5231 1600 5296 lilii,
1634 5232 1720 5300 qui
1759 5232 1952 5301 prioci-

371 5328 548 5390 patum
575 5323 879 5389 affectant‘,
909 5323 1117 5392 longam
1147 5333 1351 5393 patrum
1377 5323 1701 5378 senectutem
1733 5325 1951 5379 moleste

369 5418 545 5469 ferunt
569 5433 582 5470 :
611 5413 685 5468 sic
707 5424 760 5469 et
782 5415 994 5486 quidam
1020 5429 1224 5478 eorum,
1249 5422 1368 5471 ‘ctun
1397 5415 1575 5470 vident
1598 5416 1950 5470 sacerdotium

365 5506 420 5560 in
463 5507 768 5558 diuturnum
816 5506 1030 5575 produci
1075 5516 1321 5577 tempus,
1352 5506 1600 5577 quoniam
1647 5506 1949 5562 interﬁcere

433 5635 444 5664 ¹
497 5633 632 5683 sat-il.
672 5643 720 5684 et
755 5636 946 5696 plurimi
980 5645 1086 5687 τω.
1129 5637 1325 5696 habent,
1351 5635 1430 5700 qui
1454 5634 1643 5687 unum
1664 5641 1908 5699 appetunt.

1061 205 1100 260 Β
1160 202 1434 260 ,ΙΟᾹΝΝΙΞ
1471 204 1939 262 CllRYSOSTOMl

2057 204 2298 260 lClilEP.
2338 157 2873 261 CONSTANTI'NOP.

2044 319 2227 384 nefas,
2258 319 2429 389 ipsum
2457 327 2489 373 a
2517 318 2771 389 dignitate
2808 317 3093 373 deturbare
3137 325 3372 386 satagunt
3395 359 3409 380 ,
3439 332 3624 372 omnes

3514 202 3620 257 63%

2047 412 2186 467 illius
2204 413 2449 467 constitui
2479 413 2594 466 loro
2618 411 2912 480 cupientes,
2943 427 3006 466 ac
3032 411 3225 482 singuli
3251 407 3315 464 ad
3345 425 3404 463 se
3434 409 3624 463 deferri

2049 503 2398 576 principatum
2426 513 2814 573 exspectantes.

2121 597 2210 651 13.
2251 596 2366 650 Alia
2397 596 2498 650 litis
2534 598 2753 666 species,
2787 596 2937 668 plena
2979 596 3331 661 periculorum.
3362 625 3431 636 -—
3466 595 3625 648 Visne

2051 688 2142 741 tibi
2169 688 2326 741 aliam
2357 688 2511 756 hujus
2539 699 2726 757 pugna:
2755 687 2983 756 speciem
3011 687 3311 752 ostendam,
3340 685 3630 739 innumeris

2047 777 2256 855 plenam
2291 785 2572 855 periculis?
2604 785 2681 839 Ito
2699 785 2807 854 jam
2832 823 2848 850 ,
2877 795 2941 838 ac
2967 783 3170 852 publica
3211 781 3341 836 festa
3373 791 3629 850 spectato,

2051 877 2136 932 ubi
2160 878 2388 932 maxime
2413 877 2478 930 ad
2500 877 2782 947 dignitates
2803 876 3189 931 ecclesiasticas
3209 872 3495 927 electiones
3519 870 3632 924 ﬁeri

2051 983 2167 1022 mos
2193 977 2277 1022 est
2308 985 2323 1022 :
2355 984 2417 1022 ac
2455 979 2559 1022 tam
2592 967 2771 1022 multis
2811 967 3140 1022 sacerdotem
3178 963 3632 1019 criminationibus

2041 1059 2232 1128 ’impcti
2260 1059 2463 1114 videbis
2482 1099 2497 1123 ,
2527 1068 2722 1129 quanta
2765 1068 2841 1113 est
2875 1057 3202 1111 subditorum
3235 1055 3406 1108 tttrba.
3433 1053 3632 1107 Omnes

2051 1149 2190 1204 cnim
2207 1159 2372 1220 penes
2390 1164 2523 1218 quos
2541 1159 2622 1204 est
2648 1149 2788 1202 htmc
2811 1148 3063 1201 honorent
3085 1145 3350 1209 conferre,
3371 1144 3421 1197 in
3441 1144 3636 1196 multas

2053 1248 2177 1294 tunc
2207 1240 2519 1293 scinduntur
2551 1251 2745 1308 partes,
2773 1253 2836 1292 ac
2865 1253 3036 1306 neque
3075 1251 3280 1300 mutuo,
3316 1244 3483 1304 neque
3511 1242 3634 1286 cum

2052 1345 2117 1385 eo
2145 1330 2234 1399 qui
2274 1331 2632 1398 episc0patum
2661 1330 2880 1384 sortitus
2920 1339 3034 1390 est,
3063 1327 3490 1397 preshylemrum
3521 1339 3632 1377 cm-

2054 1428 2162 1474 tutn
2193 1422 2495 1475 censentire
2526 1420 2706 1474 videas
2732 1437 2746 1472 :
2775 1418 2868 1473 sed
2896 1417 3257 1487 unusquiSque
3285 1432 3312 1467 a
3339 1416 3448 1469 suis
3476 1415 3635 1483 partl-

2054 1513 2152 1568 bus
2180 1523 2316 1576 stat,
2353 1515 2487 1568 alius
2525 1515 2700 1579 hunc,
2742 1515 2879 1568 alius
2924 1513 3068 1567 illum
3112 1513 3334 1582 eligens.
3372 1509 3531 1578 Cujus
3562 1509 3634 1563 rei

2053 1618 2211 1656 causa
2235 1604 2348 1658 lucc
2367 1613 2469 1668 est,
2492 1605 2631 1673 quod
2660 1620 2762 1656 non
2796 1603 2933 1658 idem
2963 1617 3146 1656 omnes
3169 1602 3469 1671 respiciant,
3495 1600 3635 1670 quod

2055 1697 2320 1767 respicere
2351 1697 2634 1761 debebant,
2667 1705 2857 1766 nempe
2886 1697 3046 1750 anhni
3079 1696 3362 1756 virtutem;
3394 1696 3484 1747 sed
3517 1693 3637 1745 alia:

2054 1799 2177 1843 sunt
2207 1789 2359 1858 hujus
2385 1790 2699 1844 conciliandi
2731 1789 2947 1842 honoris
2971 1802 3144 1843 causa!
3177 1803 3190 1840 :
3225 1786 3470 1840 nimirum
3503 1785 3639 1838 alius

2055 1879 2216 1944 dicit,
2247 1880 2342 1936 lch
2367 1881 2621 1948 eligatur,
2649 1881 2769 1950 quia
2817 1881 2962 1934 claro
3003 1881 3198 1949 genere
3238 1886 3387 1932 ortus
3417 1895 3428 1930 :
3459 1876 3594 1930 alius
3618 1914 3639 1942 ,

2055 1970 2194 2040 quod
2218 1972 2407 2040 opibus
2427 1972 2679 2036 abundet,
2711 1985 2809 2025 nec
2837 1979 2988 2038 egeat
3016 1970 3278 2024 alimentis
3299 1985 3360 2022 ex
3387 1952 3641 2022 Ecclesia:

2059 2072 2312 2129 proventu
2343 2063 2579 2132 quiarsltis
2603 2080 2616 2116 :
2643 2063 2799 2124 alius,
2827 2061 2968 2131 quod
3000 2061 3067 2114 ab
3096 2061 3413 2115 adversariis
3441 2059 3504 2112 ad
3538 2074 3639 2113 nos

2059 2153 2395 2220 trausl’ugcrit
2425 2168 2439 2206 :
2473 2154 2561 2208 illc
2589 2153 2916 2214 familiarem,
2955 2153 3039 2205 hic
3067 2151 3164 2205 sibi
3201 2167 3394 2220 genere
3423 2150 3642 2218 prOpiu-

2056 2259 2240 2313 quum,
2261 2243 2394 2296 alius
2415 2243 2715 2297 adulantem
2745 2242 2843 2297 sibi
2870 2243 2986 2296 aliis
3010 2243 3118 2296 vult
3139 2240 3416 2309 anteponi;
3446 2240 3495 2291 in
3514 2249 3640 2293 eum

2057 2351 2185 2390 vero
2209 2376 2223 2398 ,
2262 2336 2350 2404 qui
2389 2335 2457 2388 sit
2500 2335 2722 2389 idoneus
2743 2376 2758 2399 ,
2793 2343 2950 2388 nemo
2979 2335 3087 2387 vult
3130 2331 3395 2400 reSplcere
3421 2371 3435 2396 ,
3468 2342 3645 2396 neque

2057 2426 2217 2478 animi
2249 2426 2400 2479 dotes
2429 2425 2731 2494 explorare.
2766 2426 2834 2478 At
2863 2439 2962 2494 ego
2985 2466 3000 2489 ,
3035 2431 3236 2477 tantum
3266 2421 3416 2476 abest
3439 2462 3453 2482 ,
3486 2432 3544 2472 ut
3575 2418 3643 2472 ad

2055 2515 2388 2570 sacerdotum
2421 2516 2778 2584 probationem
2807 2531 2993 2570 causas
3033 2513 3330 2582 lmjusmodi
3359 2519 3648 2567 consenta»

2059 2623 2186 2663 neas
2215 2623 2334 2662 esse
2374 2619 2551 2678 putem
2577 2649 2590 2668 .
2636 2620 2690 2662 ιιι
2728 2608 2934 2662 etiamsi
2975 2607 3090 2676 quis
3133 2606 3351 2659 multum
3393 2605 3645 2673 pietatem

2057 2698 2329 2762 exhibeat,
2353 2715 2469 2765 qua:
2501 2710 2673 2752 tatnen
2697 2713 2800 2752 non
2831 2713 3011 2766 parum
3043 2697 3193 2751 nobis
3218 2696 3282 2748 ad
3311 2695 3444 2748 hanc
3471 2693 3649 2762 digni-

2061 2796 2220 2842 tatem
2244 2788 2480 2853 confert,
2507 2805 2609 2841 non
2635 2789 2753 2842 ideo
2775 2787 2951 2841 statim
2973 2801 3091 2840 eum
3114 2788 3308 2856 eligere
3329 2785 3515 2843 ausim.
3542 2785 3648 2837 nisi

2061 2893 2180 2932 eum
2205 2881 2400 2948 pietate
2432 2895 2615 2948 magna
2640 2880 2706 2933 sit
2729 2879 3007 2949 prudentia
3040 2878 3308 2948 praeditos.
3341 2877 3468 2931 Novi
3492 2877 3652 2944 quip-

2061 2983 2126 3038 pe
2154 2970 2346 3022 mul:os
2371 3009 2386 3035 ,
2422 2970 2510 3038 qui
2545 2979 2795 3039 perpetuo
2825 2985 2944 3023 sese
2981 2967 3300 3023 coercebant
3339 2983 3400 3022 ac
3427 2967 3650 3036 jejuniis

2061 3061 2434 3125 macerabant,
2467 3063 2661 3130 quique
2701 3062 2826 3115 dum
2870 3064 2966 3116 soli
3006 3061 3197 3130 degere
3227 3073 3279 3115 et
3318 3073 3408 3114 sua
3441 3071 3650 3114 tantum

2061 3167 2248 3205 curare
2273 3163 2535 3223 poterant,
2568 3154 2673 3206 Deo
2699 3153 2897 3221 accepti
2929 3161 3100 3218 erant,
3125 3167 3187 3205 ac
3214 3153 3432 3222 singulis
3457 3152 3654 3205 diebus

2061 3242 2409 3311 pliilostphirc
2446 3259 2555 3297 διιεῖ)
2586 3244 2966 3298 incrementum
3013 3260 3116 3296 non
3161 3244 3434 3297 minimum
3475 3243 3650 3296 adde-

2060 3333 2214 3389 bant:
2235 3335 2385 3388 atubi
2406 3335 2454 3388 in
2471 3335 2674 3388 turbam
2695 3335 2956 3404 prodiere,
2982 3343 3139 3405 atque
3154 3335 3292 3404 vulgi
3324 3334 3647 3404 imperitiam

2061 3427 2346 3482 emendare
2373 3426 2546 3480 coacti
2575 3437 2692 3480 sunt
2716 3467 2730 3489 ,
2763 3427 2849 3480 alii
2879 3443 2944 3480 ne
2975 3427 3235 3496 principio
3261 3426 3470 3495 quidem
3500 3434 3654 3478 tanto

2063 3520 2274 3590 negotio
2305 3534 2458 3588 pares
2487 3519 2663 3583 fuere;
2695 3519 2780 3571 alii
2811 3519 2858 3571 vi
2891 3519 3081 3580 coacti,
3115 3530 3167 3570 ut
3197 3519 3246 3570 in
3280 3531 3494 3570 lllllllCl‘c
3527 3533 3656 3584 per-

2061 3621 2364 3666 severarcnt
2389 3652 2404 3673 ,
2440 3612 2599 3664 missa
2631 3610 2850 3679 pristina
2890 3610 3158 3679 diligentia
3189 3618 3241 3662 et
3271 3624 3509 3674 magnam
3545 3609 3651 3676 ipsi

2057 3701 2318 3770 jacturam
2343 3702 2597 3762 fecerunt,
2624 3710 2675 3754 et
2697 3701 2812 3752 aliis
2839 3700 2965 3752 nihil
2991 3699 3320 3768 profuerunt.
3345 3699 3445 3752 Sed
3472 3713 3653 3765 neque

2061 3794 2105 3846 si
2135 3793 2253 3862 quis
2281 3801 2445 3846 totum
2475 3793 2593 3845 vita:
2625 3801 2834 3860 tempus
2863 3792 2911 3843 in
2943 3791 3127 3844 ultimo
3154 3791 3426 3844 ministerii
3459 3790 3654 3845 ordine

2063 3887 2413 3956 transegerit,
2443 3887 2507 3938 ad
2539 3895 2937 3954 extremamque
2963 3883 3262 3952 pervenerit
3291 3892 3648 3946 senectutem,

2062 3979 2201 4034 hunc
2243 3981 2418 4032 statim
2449 3986 2667 4048 propter
2693 3977 2864 4031 natalis
2906 3976 3254 4030 reverentiam
3284 3974 3346 4027 ad
3377 3989 3651 4027 summum

2063 4070 2410 4140 principatum
2457 4069 2766 4124 evehemus.
2807 4067 2917 4123 Cur
2952 4068 3094 4121 enim
3119 4109 3133 4132 ,
3163 4066 3241 4130 si,
3273 4066 3488 4120 decursa
3531 4065 3650 4132 jam

2061 4171 2238 4224 atate,
2271 4160 2445 4214 minus
2475 4169 2647 4213 tamen
2675 4159 2896 4213 idoneus
2927 4159 3170 4212 maneat?
3213 4157 3322 4210 Non
3349 4168 3453 4225 quo
3485 4157 3651 4220 velim

2061 4253 2306 4307 canitiem
2337 4251 2690 4305 dehonestare
2712 4287 2728 4316 ,
2759 4265 2860 4304 nec
2887 4251 3053 4318 legem
3082 4249 3433 4312 constituere,
3467 4256 3521 4298 ut
3551 4248 3648 4314 qui

2060 4359 2124 4398 ex
2163 4343 2329 4396 choro
2368 4341 2748 4395 monachorum
2795 4341 3048 4406 veniunt,
3079 4341 3144 4395 ab
3193 4342 3289 4394 hac
3332 4341 3649 4408 pra-tectura

2061 4435 2278 4489 omnino
2305 4445 2623 4489 aret'antur:
2649 4435 2867 4503 contigit
2895 4435 3036 4487 enim
3064 4433 3256 4486 ntultos
3279 4450 3341 4487 ex
3372 4433 3457 4486 illo
3480 4449 3650 4500 grege

2059 4528 2327 4598 profectos
2354 4529 2406 4582 in
2437 4527 2538 4584 hac
2561 4528 2816 4599 dignitate
2841 4527 3092 4581 claruisse
3122 4542 3137 4578 :
3169 4526 3261 4581 sed
3293 4527 3390 4580 hoc
3417 4527 3649 4594 probare

2059 4620 2342 4686 contendo,
2372 4620 2414 4674 si
2445 4635 2615 4689 neque
2645 4619 2813 4689 pietas
2843 4619 2954 4671 sola
2977 4659 2989 4677 .
3024 4633 3192 4684 neque
3217 4617 3447 4685 longmva
3479 4629 3647 4668 seue-

2058 4721 2174 4766 etus
2199 4712 2326 4765 satis
2351 4720 2493 4775 sunt,
2523 4719 2579 4766 ut
2604 4709 2723 4779 quis
2749 4708 3045 4762 sacerdotio
3072 4707 3229 4776 digne
3259 4707 3517 4775 inligatur,
3549 4706 3646 4759 vix

2057 4817 2186 4858 sane
2223 4818 2412 4857 causas
2457 4816 2614 4870 supra
2663 4811 2983 4853 memoratas
3028 4799 3126 4852 hoc
3168 4797 3338 4865 ipsum
3385 4805 3648 4863 prarstare

2060 4909 2235 4963 posse.
2267 4894 2364 4947 Alii
2397 4907 2522 4948 vero
2547 4891 2678 4946 alias
2715 4890 2915 4945 addunt
2951 4889 3108 4944 etiam
3148 4887 3484 4942 absurdiores
3526 4903 3540 4940 :
3582 4885 3645 4941 hi

2060 4989 2331 5052 nimirum,
2360 5003 2426 5040 ne
2447 5003 2504 5041 se
2533 4987 2583 5039 in
2612 4984 3036 5040 adversariorum
3069 4993 3246 5053 partes
3278 4982 3594 5036 transferant
3623 5021 3640 5046 ,

2058 5080 2111 5133 in
2133 5079 2258 5133 cleri
2292 5077 2532 5132 ordinem
2573 5077 2917 5146 adleguutor;
2948 5075 3056 5141 illi,
3080 5084 3296 5144 propter
3319 5074 3635 5142 nequitiam,

2057 5188 2122 5225 ne
2141 5171 2428 5240 contempti
2448 5184 2632 5238 magna
2667 5169 2894 5224 inferant
2917 5168 3074 5220 mala.
3106 5169 3185 5220 An
3215 5165 3382 5236 possit
3409 5165 3642 5232 iniquius

2054 5263 2322 5333 quidpiam
2349 5261 2660 5330 excogitari,
2683 5260 2822 5330 quod
2851 5261 3093 5313 homines
3121 5258 3364 5326 improbi,
3390 5257 3641 5308 innume-

2056 5355 2127 5408 ris
2159 5353 2347 5422 repleti
2377 5352 2549 5417 tnalis,
2581 5351 2703 5406 inde
2738 5353 2996 5415 colantur,
3039 5349 3174 5403 unde
3205 5348 3461 5417 supplicio
3491 5347 3640 5415 digni

2054 5453 2238 5508 erant,
2272 5452 2326 5498 et
2365 5459 2466 5512 qua
2501 5441 2569 5497 de
2615 5457 2776 5496 causa
2823 5458 2888 5495 ne
2931 5441 3089 5495 limen
3132 5439 3341 5509 quidem
3386 5437 3640 5492 Ecclesia:

2057 5533 2392 5605 pratici-gredi
2423 5533 2609 5587 licebat
2651 5527 2756 5586 illis
2777 5575 2790 5590 .
2830 5531 3015 5586 eadem
3046 5531 3120 5585 illi
3150 5531 3214 5584 ad
3251 5528 3634 5585 sacerdotalem

2055 5626 2344 5682 ascendant
2371 5625 2724 5695 dignitatem?
2751 5625 3014 5691 Etiamne,
3043 5621 3127 5678 dic
3156 5621 3304 5690 mihi,
3336 5634 3641 5692 queremus
