3944 6202
457 175 564 232 653

458 294 1129 366 ἱερατικὴψάναϐαίνωσιν
1161 293 1354 359 ἀξίανς
1398 295 1521 346 Ἔτι
1552 291 1646 349 οῦν
1683 292 2012 364 ζητήσομεν,
2055 294 2131 345 ei-

462 375 531 429 πέ
554 392 664 444 μοι,
686 374 939 427 τοῦᾘεοῦ
965 374 1061 444 τῆς
1094 374 1261 444 ὀργῆς
1294 374 1392 444 τὴν
1413 374 1609 436 αἰτίαν,
1634 376 1933 447 πράγματα
1959 371 2135 436 οὓτως

460 455 592 523 ἅγια
632 455 726 508 καὶ
757 453 1169 525 φρικωδέστατα
1201 449 1510 524 ἀνθρώποις
1547 458 1660 517 τοῖς
1711 455 1807 523 μὲν
1857 453 2132 523 πονηροῖς,

459 539 573 599 τοῖς
601 536 660 589 δέ
687 535 899 598 οὐδενος
937 532 1110 599 ἀξίοις
1155 532 1513 603 λυμαίνεσθαι
1558 535 1926 607 παρέχοντες;
1964 535 2135 587 Ὂταν

461 616 571 686 γὰρ
584 617 633 669 oi
653 616 750 686 μὲν
767 616 875 667 τῶν
896 615 1060 685 μηδὲν
1072 615 1254 677 αὐτοῖς
1267 616 1673 687 προσηκόντων,
1688 617 1737 669 οἱ
1760 616 1817 669 δέ
1831 615 1940 669 τῶν
1956 614 2136 684 πολλῶ

464 696 721 767 μειζόνων
732 695 831 766 τῆς
845 695 1050 758 οἰκείας
1060 694 1337 765 δυνάμεως
1353 696 1683 767 προστασίαν
1697 695 2139 767 [594]ἐμπιστευ·

464 777 651 833 θῶσιν.
667 776 820 829 οὐδὲν
842 776 1067 847 εῦρίπου
1088 777 1187 848 τὴν
1249 776 1540 845 ἐκκλησίαν
1563 777 1840 848 διαφέρειν
1867 777 2130 829 ποιοῦσιν.

504 878 509 883 ν
544 855 687 926 Ἐγὼ
718 856 774 910 δὲ
814 857 1076 928 πρότερον
1107 857 1215 911 τῶν
1253 855 1450 922 ἔξωθεν
1489 857 1763 927 ἀρχόντων
1802 855 2133 925 κατεγέλων,

463 939 544 993 δτι
576 939 673 999 τὰς
697 936 806 988 τῶν
834 935 1008 1005 τιμῶν
1040 935 1301 1006 διανομάς
1335 937 1434 988 οὐκ
1467 935 1574 988 ἀπὸ
1601 937 1699 1002 τῆς
1726 937 1927 1007 ἀρετῆς
1952 935 2049 1005 τῆς
2078 936 2135 988 ἐν

462 1022 584 1081 ταῖς
616 1018 835 1087 ψυχαῖς,
859 1017 974 1069 ἀλλ’
1000 1014 1107 1069 ἀπὸ
1139 1016 1247 1069 τῶν
1276 1016 1575 1086 χρημάτων
1608 1018 1704 1070 καὶ
1732 1015 1968 1085 πλήθους
1998 1014 2135 1067 ἐτῶν

464 1099 560 1153 καὶ
578 1097 926 1169 ἀνθρωπίνης
952 1096 1227 1149 ποιοῦνται
1258 1096 1612 1167 προστασίας·
1637 1095 1758 1148 ἐπεὶ
1777 1096 1831 1148 δέ
1854 1095 2063 1165 ηκουσα
2084 1107 2133 1155 ι,

464 1180 544 1232 ὄντι
578 1178 716 1249 αὕτη
762 1181 794 1247 ἡ
838 1177 1029 1245 ἀλογία
1076 1179 1173 1230 καὶ
1215 1178 1294 1240 εἰς
1342 1178 1409 1230 τά
1453 1177 1697 1248 ἡμέτερα
1738 1176 2134 1242 εἰσεκώμασεν,

462 1258 563 1310 ούκ
605 1257 684 1309 ἐτι
732 1256 932 1326 ὁμοίως
975 1255 1277 1328 ἐποιούμην
1320 1257 1381 1310 τὸ
1423 1259 1653 1328 πρᾶγμα
1689 1256 1879 1310 δεινόν.
1921 1255 1986 1307 Τί
2029 1256 2137 1326 γάρ

466 1338 796 1407 θαυμαστὸν,
838 1336 1159 1408 ἀνθρώπους
1192 1336 1495 1406 βιωτικοὺς,
1532 1339 1624 1390 καὶ⁴
1655 1336 1811 1407 δόξης
1849 1336 1948 1407 τῆς
1985 1335 2137 1406 παρά

463 1415 572 1469 τῶν
598 1417 806 1470 πολλῶν
830 1417 1094 1487 ἐρῶντας,
1130 1418 1225 1470 καὶ
1249 1419 1547 1488 χρημάτων
1572 1418 1733 1471 ἕνεκα
1762 1418 1937 1471 πάντα
1965 1416 2139 1487 πράτ-

464 1512 654 1559 τοντας
688 1497 1023 1567 ἁμαρτάνειν
1062 1496 1306 1560 τοιαῦτα,
1349 1499 1482 1551 ὃπου
1522 1515 1585 1565 γε
1628 1500 1677 1551 οἱ
1716 1497 1933 1572 πάντων
1963 1497 2139 1566 ἀπηλ-

465 1576 664 1648 λάχθαι
701 1578 1158 1649 προσποιούμενοι
1201 1579 1408 1633 τούτων
1456 1578 1608 1634 οὐδὲν
1649 1580 1876 1651 ἄμεινον
1917 1575 2139 1633 ἐκείνων

464 1656 784 1722 διάκεινται,
811 1658 925 1710 ἀλλ’
954 1656 1092 1729 ὑπὲρ
1125 1658 1234 1712 τῶν
1269 1659 1534 1729 οὐρανίων
1564 1658 1653 1713 τὸν
1681 1659 1866 1727 ἀγῶνα
1899 1658 2136 1727 ἔχοντες,

466 1736 544 1799 ὡς
569 1737 698 1807 περὶ
730 1737 975 1808 πλέθρων
1007 1738 1130 1808 γῆς,
1172 1738 1204 1809 ἢ
1237 1738 1424 1808 ἐτέρου
1451 1739 1594 1801 τινὸς
1619 1738 1859 1792 τοιούτου
1887 1737 1985 1808 τῆς
2015 1736 2139 1807 βου-

467 1815 568 1884 λῆς
618 1817 798 1878 αὐτοῖς
838 1818 1230 1888 προκειμένης,
1274 1817 1461 1882 ἁπλῶς
1503 1817 1823 1889 ἀνθρώπους
1858 1817 2141 1887 ἀγελαίους

466 1895 725 1959 λαϐόντες
758 1893 1011 1963 ἐφιστᾶσι
1038 1896 1323 1967 πράγμασι
1343 1895 1623 1961 τοιούτοις,
1651 1897 1791 1969 ὑπὲρ
1822 1890 1898 1952 ὧν
1931 1896 2024 1950 καὶ
2045 1895 2141 1967 τὴν

469 1975 661 2028 ἐαυτοῦ
688 1976 925 2028 κενῶσαι
955 1975 1134 2042 δόξαν,
1169 1978 1264 2030 καὶ
1289 1978 1575 2048 ἄνθρωπος
1601 1979 1876 2047 γενέσθαι,
1908 1979 2002 2032 καὶ
2022 1977 2143 2033 δού-

466 2053 561 2107 λου
604 2054 817 2126 μορφήν
855 2054 1059 2119 λαϐεῖν,
1106 2058 1200 2111 καὶ
1238 2057 1639 2128 ἐμπτυσθῆναι,
1681 2060 1776 2112 καὶ
1812 2058 2141 2130 ραπισθῆναι

468 2134 562 2187 καὶ
596 2135 827 2187 θάνατον
860 2134 951 2187 τὸν
974 2136 1341 2189 ἐπονείδιστον
1378 2136 1669 2191 ἀποθανεῖν
1698 2137 1787 2190 διὰ
1810 2138 1911 2207 τῆς
1940 2138 2142 2209 σαρκὸς

467 2213 527 2265 οὐ
571 2214 928 2287 παρῃτήσατο
958 2215 994 2287 A6
1025 2216 1321 2287 μονογενὴς
1364 2215 1459 2269 τοῦ
1493 2217 1626 2270 Θεοῦ
1671 2220 1838 2285 Παῖς;
1878 2220 1987 2273 Καὶ
2020 2217 2140 2271 ούδέ

470 2293 633 2365 μέχρι
673 2285 881 2347 τούτων
919 2285 1065 2348 οὗτοι
1114 2285 1363 2350 ἵστανται
1414 2296 1596 2366 μόνον,
1651 2297 1787 2352 ἀλλὰ
1840 2300 1933 2352 καί⁵
1977 2300 2141 2368 ἕτερα

468 2374 857 2446 προστιθέασιν
902 2372 1246 2446 ἀτοπώτερα·
1277 2376 1337 2429 οῦ
1371 2375 1479 2447 γάρ
1511 2378 1639 2439 τοὺς
1670 2377 1922 2442 ἀναξίους
1955 2378 2142 2448 ἐγκρί-

466 2471 617 2508 νουσι
665 2456 844 2525 μόνον,
890 2454 1026 2509 ἀλλά
1076 2456 1172 2509 καὶ
1207 2456 1333 2517 τοὺς
1382 2456 1723 2526 ἐπιτηδείους
1763 2457 2141 2513 ἐκϐάλλουσιν.

470 2533 681 2604 Ὥσπερ
710 2534 819 2604 γάρ
850 2533 968 2587 δέον
995 2533 1384 2605 ἀμφοτέρωθεν
1408 2534 1751 2605 λυμήνασθαι
1776 2537 1873 2608 τῆς
1913 2537 2144 2608 Ἐκκλη-

470 2610 589 2674 σίας
622 2612 721 2682 τὴν
755 2612 1082 2679 ἀσφάλειαν,
1115 2612 1149 2682 ἢ
1179 2612 1367 2683 ὥσπερ
1396 2613 1495 2666 οὐκ
1518 2614 1796 2685 ἀρκούσης
1816 2616 1917 2684 τῆς
1943 2616 2141 2687 προτέ-

471 2705 570 2759 ρας
608 2690 957 2760 προφάσεως,
990 2691 1261 2743 ἐκκαῦσαι
1300 2690 1395 2743 τοῦ
1440 2692 1575 2744 Θεοῦ
1614 2693 1713 2764 τὴν
1758 2694 1949 2765 ὀργὴν,
2000 2694 2142 2747 οὕτω

466 2772 565 2842 τὴν
596 2772 855 2842 δευτέραν
889 2774 1156 2849 συνῆψαν,
1187 2774 1285 2844 οὐχ
1324 2768 1486 2845 ἦττον
1531 2774 1697 2830 οὖσαν
1734 2778 1997 2849 χαλεπήν.
2034 2778 2143 2832 Καὶ

467 2851 577 2923 γὰρ
611 2852 671 2917 ἐξ
707 2853 829 2924 ἴσης
858 2848 1011 2922 οἶμαι
1046 2849 1183 2907 εἶναι
1231 2853 1424 2917 δεινὸν,
1470 2854 1530 2907 τό
1570 2873 1628 2908 τε
1667 2859 1793 2919 τοὺς
1840 2848 2143 2928 χρησίμους

468 2932 776 3005 ἀπείργειν,
808 2933 903 2986 καὶ
932 2935 990 2987 τὸ
1020 2935 1145 2997 τοὺς
1178 2935 1431 3006 ἀχρείους
1459 2935 1720 2991 εἰσωθεῖν.
1760 2939 1869 2991 Καὶ
1894 2939 2051 2991 τοῦτο
2079 2938 2142 3009 δὴ

467 3013 696 3082 γίνεται,
739 3014 828 3069 ἵνα
874 3015 1189 3086 μηδαμόθεν
1236 3016 1590 3087 παραμυθίαν
1629 3019 1809 3086 εύρεῖν
1851 3019 1985 3091 μηδὲ
2015 3022 2146 3074 ἀνα-

468 3095 697 3148 πνεῦσαι
730 3094 928 3166 δυνηθῇ
952 3094 1047 3149 τοῦ
1077 3096 1310 3169 Χριστοῦ
1346 3098 1407 3150 τὸ
1438 3099 1706 3169 ποίμνιον.
1744 3099 1929 3154 Ταῦτα
1963 3096 2056 3153 οὖν
2081 3101 2143 3153 οὐ

468 3176 680 3247 μυρίων
717 3175 844 3241 ἄξια
878 3177 1171 3247 σκηπτῶν;
1204 3176 1381 3232 ταῦτα
1409 3180 1469 3231 ού
1500 3181 1725 3250 γεέννης
1758 3179 2142 3251 σφοδροτέρας,

464 3255 525 3308 οῦ
556 3256 760 3327 ταύτης
792 3258 950 3327 μόνον
973 3258 1073 3327 τῆς
1099 3257 1295 3327 ἠπειλη
1307 3258 1473 3327 μένης
1504 3260 1664 3329 ήμῖν;
1711 3257 1851 3311 Ἀλλ’
1878 3259 2027 3328 ὅμως
2052 3260 2146 3311 άν-

466 3336 649 3407 έχεται
688 3338 782 3390 καὶ
821 3337 976 3407 φέρει
1004 3336 1074 3389 τά
1098 3336 1333 3389 τοσαῦτα
1361 3337 1506 3390 κακά
1539 3340 1567 3390 ὁ
1599 3339 1673 3408 μὴ
1708 3337 2029 3408 βουλόμενος
2055 3339 2145 3392 τὸν

466 3414 696 3470 θάνατον
713 3415 806 3468 τοῦ
827 3415 1181 3487 ἀμαρτωλοῦ,
1209 3415 1285 3479 ὼς
1304 3416 1365 3469 τὸ
1380 3416 1705 3486 ἐπιστρέψαι
1724 3418 1887 3471 αὑτὸν
1906 3418 1998 3471 καὶ
2022 3416 2142 3488 ζῇν.

465 3494 577 3549 Καὶ
616 3494 734 3558 πῶς
773 3494 839 3549 ἄν
886 3513 972 3559 τις
1015 3494 1182 3549 αὐτοῦ
1221 3497 1321 3566 τὴν
1361 3494 1772 3567 φιλανθρωπίαν
1812 3497 2142 3568 θαυμάσειε;

465 3573 584 3637 πῶς
627 3575 693 3629 ἂν
732 3573 1031 3646 ἐκπλαγείη
1064 3574 1156 3628 τὸν
1186 3573 1363 3640 ἐλεον;
1409 3576 1471 3627 Ol
1506 3573 1600 3627 τοῦ
1653 3576 1889 3647 Χριστοῦ
1937 3576 2007 3630 τά
2048 3578 2143 3631 τοῦ

464 3652 705 3726 Χριστοῦ
733 3652 1138 3726 διαφθείρουσιν
1165 3653 1375 3725 ἐχθρῶν
1410 3653 1506 3707 καὶ
1550 3654 1825 3726 πολεμίων
1863 3658 2083 3728 μᾶλλον,
2115 3658 2145 3710 6

462 3735 521 3790 δέ
547 3737 750 3807 ἀγαθὸς
775 3737 853 3791 ἔτι
886 3736 1244 3809 χρηστεύεται
1272 3737 1365 3792 καὶ
1397 3740 1476 3800 εἰς
1502 3740 1790 3809 μετάνοιαν
1813 3741 1983 3795 καλεῖ.
2008 3742 2146 3809 Δόξα

468 3833 581 3879 σοι,
613 3815 950 3888 Κύριε,δόξα
979 3835 1089 3871 σοι·
1116 3818 1257 3888 πόση
1288 3818 1701 3890 φιλανθρωπίας
1731 3820 1965 3885 ἄϐυσσος
1994 3824 2145 3895 παρά

468 3898 583 3952 σοίί
620 3898 787 3961 πόσος
812 3897 1165 3963 ἀνεξικακίας
1195 3899 1459 3963 πλοῦτοςί
1490 3900 1553 3953 OE
1577 3899 1665 3953 διὰ
1691 3900 1752 3952 τὸ
1778 3900 1948 3972 ὄνομα
1969 3903 2031 3956 τὸ
2054 3904 2145 3958 σὺν

466 3980 526 4044 ἐξ
564 3978 797 4033 εὐτελῶν
837 3980 931 4032 καὶ
975 3979 1188 4049 ἀτίμων
1221 3980 1430 4051 ἔντιμοι
1466 3980 1562 4033 καὶ⁴
1597 3980 1948 4051 περίϐλεπτοι
1983 4000 2146 4052 γεγο-

465 4060 616 4124 νότες
642 4063 708 4130 τῇ
739 4061 870 4129 τιμῇ
897 4059 1039 4113 κατά
1061 4060 1156 4113 τοῦ
1188 4059 1543 4131 τετιμηκότος
1566 4058 1880 4131 κέχρηνται,
1909 4062 2004 4115 καὶ
2024 4063 2145 4115 τολ-

469 4139 614 4211 μῶσι
643 4140 712 4192 τά
749 4140 1053 4211 ἀτόλμητα,
1098 4141 1193 4193 καὶ
1226 4140 1603 4211 ἐνυϐρίζουσιν
1634 4142 1715 4203 εἰς
1742 4138 1810 4193 τά
1840 4140 1990 4208 ἆγια,
2018 4141 2146 4205 τοὺς

466 4218 791 4282 σπουδαίους
837 4216 1217 4288 ἀπωθούμενοι
1260 4217 1354 4271 καὶ
1386 4217 1759 4282 ἐκϐάλλοντες,
1801 4219 1887 4272 ἵνα
1928 4221 1986 4273 ἐν
2015 4221 2146 4291 ἡρε-

468 4298 568 4369 μία
595 4298 762 4369 πολλῇ
781 4300 872 4351 καὶ
896 4298 1035 4370 μετὰ
1052 4298 1233 4362 ἀδείας
1248 4299 1345 4369 τῆς
1365 4299 1601 4369 ἐσχάτης
1621 4300 1671 4352 οἱ
1690 4300 1917 4371 πονηροὶ
1944 4300 2141 4365 πάντα,

464 4378 767 4450 ὅσαπερνᾶν
791 4380 1049 4433 ἐθέλωσιν
1098 4379 1467 4452 ἀνατρέπωσι.
1492 4381 1602 4434 Καὶ
1623 4381 1815 4434 τούτου
1839 4381 1896 4433 δέ
1917 4381 2012 4434 τοῦ
2040 4381 2147 4435 δει-

464 4455 558 4510 νοῦ
585 4457 683 4520 τὰς
716 4459 897 4522 αἰτίας
930 4460 978 4510 εἰ
1006 4458 1182 4522 θέλεις
1221 4459 1435 4529 μαθεῖν,
1466 4459 1659 4529 ὁμοίας
1686 4462 1812 4523 ταῖς
1853 4460 2147 4531 προτέραις

465 4536 742 4607 εὑρήσεις·
775 4537 875 4606 τὴν
913 4538 1011 4607 μὲν
1038 4538 1146 4610 γὰρ
1176 4538 1354 4609 ῥίζαν.
1398 4539 1492 4593 καὶ
1519 4539 1594 4602 ὡς
1622 4541 1689 4593 ἄν
1717 4558 1801 4603 τις
1834 4542 2001 4605 εἴποι,
2042 4558 2146 4610 μη·-

446 4614 600 4685 ’τέρα
624 4615 754 4686 μίαν
787 4616 993 4686 έχουσι,
1015 4618 1115 4687 τὴν
1148 4618 1468 4687 βασκανίαν·
1498 4611 1660 4671 αὗται
1688 4620 1744 4673 δέ
1771 4621 1831 4673 ού
1858 4622 1989 4689 μιᾶς
2008 4622 2146 4675 εἰσιν

468 4692 633 4757 ἰδέας,
674 4694 812 4747 ἀλλά
835 4694 1205 4764 διεστήκασιν.
1260 4697 1317 4749 Ὀ
1360 4697 1459 4766 μὲν
1484 4698 1591 4769 γὰρ
1621 4698 1807 4769 ἐπειδὴ
1838 4699 1956 4761 νέος
1975 4700 2142 4764 ἐστὶν,

464 4771 835 4834 ἐκϐαλλέσθω,
869 4774 1055 4845 φησίν·
1088 4775 1116 4826 6
1147 4774 1224 4830 δὲ.
1261 4776 1447 4841 ἐπειδὴ
1479 4776 1794 4831 κολακεύειν
1819 4778 1917 4830 οὐκ
1938 4774 2095 4831 οἶδεν·
2118 4781 2146 4832 6

463 4853 542 4916 δέ,
580 4852 769 4922 ἐπειδὴ
804 4852 883 4923 τῷ
915 4851 1047 4907 δεῖνι
1085 4853 1514 4925 προσέκρουσεν·
1550 4856 1645 4909 καὶ
1677 4857 1705 4909 6
1738 4856 1857 4925 μὲν,
1893 4857 1980 4910 ἴνα
2016 4858 2089 4928 μὴ
2116 4859 2145 4911 6

462 4931 612 4987 δεῖνα
651 4932 912 5002 λυπῆται,
950 4933 1041 4986 τὸν
1087 4935 1186 5004 μέν
1221 4934 1312 4986 ὑπ’
1354 4933 1520 4987 αὐτοῦ
1554 4933 1776 4988 δοθέντα
1813 4936 2146 5006 ἀποδοκιμαι-

466 5013 682 5077 σθέντα,
707 5013 898 5071 τοῦτον
923 5013 980 5066 δὲ
1004 5012 1396 5084 ἐγκεκριμένον
1425 5011 1589 5084 ὀρῶν·
1619 5016 1647 5067 6
1680 5013 1757 5078 δὲ,
1790 5015 1974 5086 ἐπειδὴ
2007 5034 2145 5089 χρηε-

467 5092 592 5155 οτός
624 5094 741 5144 ἐστι
780 5093 873 5145 καὶ
917 5093 1187 5163 ἐπιεικής·
1214 5095 1242 5145 6
1283 5092 1362 5156 δὲ,
1402 5093 1593 5166 ἐπειδὴ
1621 5096 1735 5158 τοῖς
1773 5096 2146 5166 ἁμαρτάνουσι

467 5171 716 5242 φοϐερὸς,
747 5171 776 5223 6
800 5170 859 5223 δὲ
888 5170 955 5224 δι’
983 5171 1149 5241 ἄλλην
1182 5173 1364 5227 αἰτίαν
1388 5173 1666 5245 τοιαύτην.
1698 5175 1833 5230 Οὐδὲ
1865 5176 1977 5247 γὰρ
2006 5178 2145 5230 ἀπο-

469 5250 624 5322 ροῦσι
652 5250 803 5322 [595]
836 5250 1160 5322 προφάσεων
1185 5292 1200 5316 ,
1227 5255 1368 5307 ὅσων
1399 5256 1467 5309 ἀν
1492 5255 1749 5309 ἐθέλωσιν
1768 5274 1780 5286 ·
1809 5256 1946 5310 ἀλλά
1968 5258 2061 5310 καὶ
2085 5257 2148 5310 τὸ

466 5331 672 5401 πλῆθος
704 5330 812 5384 τῶν
846 5331 1017 5385 ὄντων
1049 5332 1197 5387 ἐστιν
1226 5336 1409 5400 αὐτοῖς
1435 5337 1710 5392 αἰτιᾶσθαι
1735 5337 1785 5404 ι’,
1814 5339 1945 5392 ὅταν
1981 5337 2146 5409 μηδὲν

528 5543 546 5611 ξ
570 5543 717 5595 Savil.
744 5555 799 5611 ιιι
818 5550 1013 5610 quidam
1048 5565 1163 5599 πιες.
1191 5552 1350 5611 ἐπειδή
1380 5553 1585 5609 ἥκουσα.

523 5603 563 5679 ,θ’
588 5611 682 5679 ,ΑΙ-ιι
709 5603 1027 5679 αἰτιάσασθαι.
1053 5614 1161 5661 Mox
1184 5603 1439 5679 ἀλλιῖροἐῐ
1481 5603 1638 5679 ἕτερον
1675 5618 1819 5669 deest
1839 5618 1890 5667 in
1915 5615 2064 5667 Savil.
2089 5621 2143 5668 et

474 5670 657 5735 aliquot
676 5684 791 5721 mss.
818 5672 874 5723 lu
904 5674 1022 5723 Mor.
1052 5689 1170 5725 vero
1192 5685 1244 5726 et
1266 5670 1377 5727 aliis
1401 5670 1599 5741 legilu'r.

1246 178 1302 233 S.
1339 174 1626 232 JOANNIS
1663 173 2161 231 Cllli‘YSOSTOMI
2196 173 2513 232 ARCIHEP.
2553 172 3103 234 CONSTANTINOP.
3774 184 3851 239 τι.ςί

2237 293 2434 363 ἔχωσιν
2462 292 2666 365 ἕτερον.
2712 294 2872 348 Ἀλλά
2902 297 2995 350 καὶ
3020 296 3082 348 τὸ
3113 294 3187 366 μὴ
3211 294 3321 348 δεῖν
3359 294 3565 367 ἀθρόως
3591 300 3661 360 εἰς
3689 300 3850 371 ταύτην

2232 372 2463 442 ἄγεσθαι
2494 375 2592 445 τήν
2623 374 2810 445 τιμήν,
2853 375 2967 429 ἀλλ’
3004 376 3193 448 ’ἡρέμα
3236 376 3329 429 καὶ
3367 375 3506 428 κατά
3549 378 3741 448 μικρὸν,
3781 385 3850 434 καὶ

2235 452 2449 524 ἐτέρας,
2487 454 2617 518 ὅσας
2652 455 2718 509 ἂν
2757 455 3075 526 βούλωνται,
3119 454 3353 509 δύναιντ’
3380 454 3448 509 ἄν
3475 456 3655 515 αἰτίας
3690 461 3850 530 εὑρεῖν.

2250 532 2389 600 Ἐγὼ
2410 533 2467 585 δὲ
2491 534 2659 605 ήδέως
2688 536 2921 590 ἐνταῦθα
2949 538 3240 608 ἐρήσομαι,
3268 536 3333 587 Τί
3350 532 3444 589 οὖν
3474 535 3550 589 δεῖ
3566 537 3653 590 τὸν
3676 540 3851 594 ἐπίσκο-

2237 629 2337 666 πον
2372 618 2566 692 ποιεῖν,
2603 617 2881 681 τοσούτοις
2925 617 3232 687 μαχόμενον
3267 616 3566 688 πνεύμασι;
3612 618 3717 682 πῶς
3752 622 3852 692 πρὸς

2236 691 2475 747 τοσαῦτα
2498 698 2754 765 στήσεται
2774 699 3023 768 κύματα;
3055 692 3173 761 πῶς
3201 697 3382 760 πάσας
3401 695 3597 759 ταύτας
3621 691 3852 755 ἀπώσεται

2234 770 2334 850 τὰς
2365 772 2701 843 προσϐολάς;
2744 778 2839 830 Ἂν
2872 778 2969 849 μὲν
2996 777 3103 850 γὰρ
3132 776 3277 849 ὀρθῷ
3303 774 3547 847 λογισμῷ
3576 777 3632 830 τὸ
3666 781 3853 849 πρᾶγμα

2234 849 2387 924 διαθῇ
2415 865 2461 917 υ,
2494 854 2676 927 ἐχθροί
2701 858 2795 910 καὶ
2824 849 3178 929 πολέμιοικαὶ
3196 856 3342 929 αὐτῷ
3364 858 3458 913 καὶ
3479 861 3586 920 τοῖς
3611 859 3855 929 αἱρεθεῖσιν

2236 928 2492 994 ἅπαντες,
2518 935 2765 1006 καὶπρὸς
2785 928 3114 1005 φιλονεικίαν
3143 938 3239 1010 τὴν
3261 928 3470 993 ἐκείνου
3496 928 3699 993 ᾶπαντα
3720 942 3855 1011 πράτ-

2234 1020 2408 1090 τουσι,
2435 1014 2652 1078 στάσεις
2669 1016 2791 1068 καθ’
2811 1017 3047 1087 ἑκάστην
3065 1018 3422 1090 ἐμϐάλλοντες
3437 1017 3537 1089 τὴν
3562 1018 3771 1089 ἡμέραν,
3786 1022 3856 1073 καί

2232 1087 2543 1169 σκὲδμματα
2575 1096 2742 1167 μυρία
2777 1099 2888 1160 τοῖς
2922 1087 3215 1169 αἱρεθεῖσιν
3250 1087 3611 1160 ἐπιτιθέντες,
3639 1087 3733 1161 ἐως
3762 1098 3853 1168 ivi}

2234 1168 2454 1233 τούτους
2473 1174 2820 1249 ἐκϐάλωσινῆ
2838 1179 2962 1241 τοὺς
2981 1168 3159 1232 αὐτῶν
3176 1178 3563 1246 εἰσαγάγωσιν.
3579 1177 3858 1246 Καὶγίνεται

2235 1250 2496 1329 παραπλή
2506 1269 2650 1326 σιονη
2665 1250 2778 1308 οἷον
2806 1257 2872 1309 ἂν
2893 1257 2947 1309 εῖ
2963 1274 3047 1319 τις
3060 1256 3400 1329 κυϐερνήτης
3417 1256 3562 1309 ἔνδον
3579 1257 3635 1308 ἐν
3649 1259 3709 1326 τῇ
3726 1254 3797 1325 νηί
3808 1260 3855 1325 τῇ

2237 1328 2472 1402 πλεούσῃ
2514 1335 2779 1404 πειρατὰς
2806 1336 2919 1407 ἔχοι
2946 1328 3338 1409 συμπλέοντας,
3370 1338 3465 1392 καὶ
3503 1335 3649 1405 αὐτῷ
3675 1337 3754 1388 καὶ
3777 1339 3858 1396 τοῖς

2237 1409 2459 1489 ναύταις
2484 1413 2579 1466 καὶ
2619 1419 2729 1480 τοῖς
2765 1418 3052 1483 ἐπιϐάταις
3094 1417 3332 1489 συνεχῶς
3371 1418 3466 1471 καὶ
3503 1417 3625 1471 καθ’
3668 1418 3860 1486 ἑκάστην

2237 1487 2689 1558 ἐπιϐουλεύοντας
2718 1495 2887 1567 ὤραν.
2926 1500 3024 1552 Ἂν
3059 1498 3115 1551 δέ
3148 1487 3253 1571 τὴν
3286 1497 3426 1570 πρὸς
3467 1498 3702 1559 ἐκείνους
3736 1497 3860 1566 χάριν

2240 1572 2549 1650 Ϊῗροτιμίὶσῖἰ
2583 1574 2681 1644 τῆς
2705 1576 2872 1629 αὐτοῦ
2903 1579 3200 1650 σωτηρίας,
3221 1577 3512 1649 δεξάμενος
3532 1577 3627 1641 οὓς
3650 1577 3737 1629 οὐκ
3761 1576 3858 1637 ἔδει,

2238 1647 2348 1731 ἔξει
2386 1652 2485 1731 μέν
2527 1653 2618 1706 τὸν
2644 1656 2776 1709 Θεὸν
2804 1657 2919 1711 ἀντ’
2943 1647 3165 1713 ἐκείνων
3192 1647 3404 1731 ἐχθρόν·
3438 1653 3499 1713 οὗ
3530 1658 3586 1710 τί
3619 1655 3787 1726 γένοιτ’
3814 1656 3861 1707 ἂν

2240 1729 2617 1803 χαλεπώτερον
2638 1752 2652 1799 ;
2684 1737 2777 1789 καὶ
2799 1737 2869 1790 τά
2893 1738 3028 1810 πρὸς
3059 1729 3305 1802 ἐκείνους
3327 1739 3384 1791 δέ
3404 1737 3556 1809 αύτῷ
3576 1734 3861 1789 δυσκολώτε-

2243 1826 2333 1888 ρον
2357 1810 2389 1881 ἦ
2412 1812 2675 1884 πρότερον
2696 1814 3049 1883 διακείσεται,
3080 1817 3298 1871 πάντων
3328 1814 3774 1888 συμπραττόντων
3790 1812 3862 1865 ἁλι

2239 1885 2437 1959 λήλοις,
2493 1892 2587 1944 καὶ
2624 1892 2798 1965 τούτῳ
2836 1894 3035 1964 μᾶλλον
3068 1896 3304 1968 ἰσχυρῶν
3333 1885 3663 1966 γενομένων.
3695 1892 3861 1961 Ὠσπερ

2238 1968 2346 2039 γάρ
2365 1970 2574 2041 ἀγρίων
2596 1972 2811 2041 ἀνέμων
2832 1973 2890 2039 ἐξ
2913 1975 3160 2037 ἐναντίας
3192 1976 3616 2045 προσπεσόντων
3641 1971 3859 2041 ἀλλήλοις,

2238 2048 2298 2101 τὸ
2326 2050 2461 2113 τέως
2486 2050 2755 2121 ἡσυχάζον
2782 2053 3017 2121 πέλαγος
3051 2055 3299 2125 μαίνεται
3335 2053 3598 2123 ἐξαίφνης
3624 2052 3708 2103 καὶ
3734 2067 3860 2119 κορυ-

2240 2126 2455 2195 φοῦται,
2480 2132 2573 2183 καὶ
2598 2133 2725 2193 τοὺς
2751 2132 3088 2203 ἐμπλέοντας
3118 2134 3433 2187 ἀπόλλυσιν·
3466 2132 3613 2186 οὕτω
3644 2131 3771 2199 καίή
3792 2129 3861 2197 τῆς

2252 2205 2578 2277 Ἐκκλησίας
2628 2210 2859 2283 γαλήνη,
2917 2212 3186 2283 δεξαμένη
3235 2208 3516 2284 φθόρουςά
3570 2208 3861 2280 ἀνθρώπους,

2240 2285 2408 2358 ζάλης
2441 2290 2534 2341 καὶ
2563 2291 2836 2359 ναυαγίων
2866 2291 3169 2363 πληροῦται
3196 2292 3426 2346 πολλῶν.

2314 2461 2407 2519 ις’.
2436 2455 2716 2528 Ἐννόησον
2739 2455 2853 2524 οῦν,
2878 2459 3059 2514 ὁποῖόν
3087 2476 3208 2513 τινα
3240 2456 3379 2514 εἶναι
3407 2459 3512 2530 χρὴ
3544 2458 3639 2512 τὸν
3664 2455 3865 2527 1196;02-

2240 2534 2429 2588 σοῦτον
2465 2536 2725 2605 μέλλοντα
2753 2539 2998 2605 ἀνθέξειν
3029 2540 3302 2610 χειμῶνα,
3336 2540 3430 2592 καὶ
3468 2538 3705 2591 τοσαῦτα
3730 2533 3865 2588 κωλύ-

2242 2630 2389 2684 ματα
2415 2617 2523 2670 τῶν
2546 2620 2698 2689 κοινῇ
2730 2618 3115 2689 συμφερόντων
3144 2618 3421 2689 διαθήσειν
3448 2617 3653 2680 καλῶς.
3675 2615 3771 2668 Καὶ
3788 2613 3867 2683 γὰρ

2240 2695 2333 2747 καὶ
2364 2696 2558 2766 σεμνὸν
2605 2698 2700 2750 καὶ
2746 2699 2971 2766 ἄτυφον,
3003 2699 3097 2750 καὶ
3126 2696 3356 2768 φοϐερὸν
3390 2698 3485 2750 καὶ
3514 2694 3767 2767 προσηνῆ,
3800 2693 3866 2744 καὶ

2240 2776 2467 2847 ἀρχικὸν
2522 2778 2616 2830 καὶ
2662 2777 2999 2841 κοινωνικὸν,
3054 2777 3149 2831 καὶ
3177 2778 3470 2831 ἀδέκαστον
3509 2777 3612 2829 καὶ
3644 2776 3868 2846 θεραπευ-

2238 2856 2409 2917 τικὸν,
2448 2857 2541 2908 καὶ
2577 2855 2831 2909 ταπεινὸν
2887 2857 2982 2910 καὶ
3024 2857 3343 2919 ἀδούλωτον,
3399 2857 3491 2909 καὶ
3544 2856 3761 2927 σφοδρὸν
3802 2854 3869 2905 καί

2239 2934 2446 3007 ἥμερον
2474 2932 2612 2989 εἶναι
2638 2935 2735 3002 δεῖ,
2770 2936 2857 2989 ἵνα
2890 2935 3025 3007 πρὸς
3052 2938 3270 2991 ἅπαντα
3297 2936 3469 2990 ταῦτα
3493 2936 3728 2999 εὐκόλως
3750 2934 3869 3005 μάχε-

2242 3017 2367 3070 σθαι
2407 3017 2632 3088 δύνηται
2658 3034 2672 3048 ·
2720 3019 2814 3071 καὶ
2844 3019 2932 3071 τὸν
2965 3018 3274 3087 ἐπιτήδειον
3302 3021 3384 3072 δεῖ
3410 3018 3553 3089 μετά
3585 3018 3772 3086 πολλῆς
3799 3017 3871 3083 τῆς

2241 3095 2509 3162 ἐξουσίας,
2542 3096 2648 3150 κᾶν
2678 3096 2915 3162 ἅπαντες
2953 3098 3337 3163 ἀντιπίπτωσι,
3381 3098 3674 3169 παράγειν·
3705 3097 3785 3150 καί
3805 3095 3871 3146 τὸν

2241 3178 2304 3230 οὐ
2331 3176 2570 3230 τοιοῦτον
2607 3178 2745 3248 μετά
2773 3179 2872 3247 τῆς
2894 3177 3066 3247 αὐτῆς
3090 3177 3359 3244 ἐξουσίας,
3395 3178 3497 3231 κάν
3519 3178 3755 3240 ᾶπαντες
3776 3193 3875 3245 συμο

2242 3256 2467 3320 πνέωσι,
2510 3256 2583 3327 μὴ
2614 3252 2955 3329 προσίεσθαι,
2990 3258 3102 3311 ἀλλ’
3135 3260 3217 3322 εἰς
3249 3256 3307 3310 ἐν
3340 3258 3504 3329 μόνον
3535 3259 3673 3329 ὁρᾷν
3694 3258 3780 3327 τὴν
3804 3257 3873 3306 ἐκ·

2242 3334 2639 3408 κλησιαστικὴν
2667 3336 2954 3409 οἰκοδομὴν
2979 3353 3024 3401 σ,
3054 3340 3149 3391 καὶ
3185 3338 3351 3408 μηδὲν
3386 3338 3521 3408 πρὸς
3553 3334 3824 3408 ἀπέχθειαν
3848 3333 3874 3401 ἦ

2241 3416 2403 3497 χάριν
2434 3418 2628 3497 ποιεῖν.
2674 3412 2824 3497 *Αρά
2865 3434 2947 3470 σοι
2992 3416 3256 3497 δοκοῦμεν
3300 3418 3528 3480 εἰκότως
3571 3415 3874 3497 παρῃτῆσθαι

2240 3493 2333 3546 τοῦ
2369 3493 2695 3566 πράγματος
2734 3492 2925 3548 τούτου
2964 3496 3062 3566 τὴν
3096 3496 3404 3563 διακονίαν;
3447 3497 3649 3550 Καίτοι
3676 3513 3734 3563 γε
3758 3492 3876 3547 οὔπω

2243 3575 2419 3628 πάντα
2443 3575 2654 3645 διῆλθον
2675 3575 2811 3646 πρὸς
2834 3575 2913 3628 σέ·
2939 3575 3048 3644 ἔχω
3076 3574 3186 3646 γὰρ
3214 3577 3309 3630 καὶ
3328 3576 3493 3647 ἐτερα
3512 3574 3718 3646 λέγειν.
3752 3572 3878 3626 Ἀλλὰ

2245 3653 2320 3724 μὴ
2352 3654 2643 3725 ἀποκάμῃς
2672 3654 2865 3725 ἀνδρὸς
2896 3654 3050 3723 φίλου
3081 3654 3175 3707 καὶ
3209 3655 3457 3725 γνησίου,
3496 3652 3805 3724 βουλομένου
3835 3666 3876 3700 σε

2243 3732 2452 3786 πείθειν
2481 3734 2621 3804 ὑπὲρ
2651 3727 2726 3788 ὧν
2768 3733 3041 3802 ἐγκαλεῖς,
3087 3733 3436 3803 ἀνεχόμενος·
3469 3733 3595 3787 ούδέ
3638 3732 3741 3802 γὰρ
3774 3730 3877 3799 πρὸς

2241 3814 2338 3885 τὴν
2368 3814 2662 3884 ἀπολογίαν
2688 3831 2771 3867 σοι
2798 3813 2896 3885 τὴν
2923 3813 3064 3885 ὑπὲρ
3095 3813 3252 3882 ἡμῶν
3279 3813 3454 3867 ταῦτα
3482 3815 3733 3885 χρήσιμά
3753 3810 3876 3866 ἐστιί

2244 3896 2428 3965 μόνον,
2451 3894 2589 3948 ἀλλά
2614 3895 2708 3948 καὶ
2732 3895 2868 3966 πρὸς
2893 3894 3063 3963 αὐτὴν
3092 3891 3186 3944 τοῦ
3218 3892 3550 3963 πράγματος
3579 3894 3677 3964 τήν
3709 3893 3879 3958 διοίκη-

2243 3994 2329 4033 σιν
2362 3977 2504 4047 τάχα
2528 3977 2587 4030 ού
2615 3978 2810 4048 μικρὸν
2842 3976 3197 4047 συμϐαλεῖται
3225 3976 3436 4047 κέρδος.
3469 3977 3587 4030 Καὶ
3621 3976 3726 4047 γὰρ
3752 3977 3882 4041 ἀνατ-

2242 4061 2418 4123 καῖον,
2453 4058 2546 4111 τὸν
2584 4057 2849 4128 μέλλοντα
2886 4058 2980 4111 ἐπὶ
3015 4058 3219 4129 ταύτην
3253 4056 3511 4127 ἔρχεσθαι
3549 4057 3646 4110 τοῦ
3680 4056 3783 4126 βίον
3809 4057 3882 4124 τὴν

2241 4132 2360 4191 όδδν
2412 4137 2677 4209 πρότερον
2718 4137 2935 4190 ἅπαντα
2976 4136 3465 4207 διερευνησάμενον
3501 4136 3710 4200 καλῶς,
3747 4133 3882 4188 οὓτως

2242 4216 2483 4286 ἅψασθαι
2516 4217 2616 4286 τῆς
2643 4216 2938 4279 διακονίας.
2970 4216 3035 4268 Τί
3065 4217 3302 4285 δήποτε;
3341 4215 3483 4276 Ὅτι,
3524 4217 3580 4268 εἰ
3626 4215 3717 4269 καὶ
3753 4210 3882 4284 μηδὲν

2243 4296 2395 4369 [596]
2424 4296 2570 4362 ἄλλο,
2593 4296 2654 4349 τὸ
2679 4295 2809 4364 γοῦν
2833 4296 2906 4367 μὴ
2929 4293 3257 4362 ξενοπαθεῖν,
3287 4292 3452 4362 ἡνίκα
3470 4290 3538 4346 ἂν
3558 4294 3728 4347 ταῦτα
3748 4303 3881 4369 προσῇ

2244 4366 2440 4449 πίπτῇ,
2471 4374 2757 4448 περιέποι
2782 4374 2860 4443 τῷ
2884 4366 3061 4428 πάντα
3083 4373 3245 4427 εἰδότι
3272 4373 3476 4442 σαφῶς.
3500 4372 3695 4427 Βούλει
3717 4368 3798 4425 οὖν
3814 4366 3884 4422 ἐπὶ

2242 4456 2342 4526 τὴν
2374 4454 2561 4527 χηρῶν
2592 4453 2929 4525 προστασίαν
2956 4452 3126 4523 ἴωμεν
3146 4452 3432 4523 πρότερον,
3456 4451 3488 4522 ἢ
3513 4453 3621 4523 τὴν
3643 4454 3747 4507 τῶν
3769 4458 3884 4527 παρ-

2243 4525 2411 4588 θένων
2444 4525 2795 4604 κηδεμονίαν,
2834 4532 2867 4602 ἢ
2898 4531 2993 4584 τοῦ
3024 4530 3341 4585 δικαστικοῦ
3371 4530 3575 4601 μέρους
3606 4533 3709 4604 τὴν
3730 4525 3884 4598 δυσχί⁴

2245 4629 2431 4683 ρειαν;
2459 4612 2553 4666 καὶ
2583 4612 2691 4684 γὰρ
2721 4611 2805 4680 ἐφ’
2836 4611 3066 4666 ἑκάστου
3094 4610 3301 4664 τούτων
3331 4610 3590 4681 διάφορος
3614 4613 3648 4681 ή
3679 4610 3879 4681 φροντὶς.

2243 4694 2337 4745 καὶ
2361 4693 2461 4762 τῆς
2489 4689 2769 4763 φροντίδος
2801 4688 3002 4761 μείζων
3029 4691 3057 4742 6
3087 4690 3269 4759 φόϐος.
3298 4689 3407 4742 Καὶ
3429 4690 3675 4761 πρῶτον,
3704 4691 3782 4741 ἵνα
3799 4684 3881 4740 ἀπὸ

2241 4771 2336 4825 τοῦ
2374 4771 2482 4825 τῶν
2520 4770 2694 4825 ἄλλων
2741 4769 3123 4840 εὐτελεστέρου
3165 4769 3452 4833 δοκοῦντος
3490 4765 3638 4824 εἶναι
3682 4764 3883 4838 ποιησώ-

2246 4851 2384 4922 μεθα
2430 4851 2529 4923 τὴν
2581 4852 2776 4924 ἀρχὴν,
2826 4852 2860 4921 ἡ
2913 4849 3021 4902 τῶν
3071 4849 3254 4923 χηρῶν
3310 4849 3583 4920 θεραπεία
3634 4850 3775 4903 δοκεῖ
3810 4843 3885 4915 μὲν

2246 4933 2407 5003 μέχρι
2457 4933 2556 5001 τῆς
2597 4923 2706 4985 τῶν
2746 4932 3043 5003 χρημάτων
3096 4930 3342 5001 δαπάνης
3396 4934 3508 4995 τοῖς
3560 4923 3891 5001 ἐπιμελουμέ-

2242 5031 2354 5078 νοις
2391 5012 2570 5068 αύτῶν
2611 5012 2874 5083 παρέχειν
2911 5011 3012 5081 τὴν
3056 5011 3332 5082 φροντίδα·
3373 5010 3436 5062 τὸ
3474 5009 3532 5064 δὲ
3577 5011 3641 5063 ού
3684 5005 3893 5061 τοιοῦτον

2243 5096 2416 5161 ἐστιν,
2460 5092 2597 5148 ἀλλά
2637 5092 2839 5164 πολλῆς
2875 5092 3044 5145 δεῖται
3069 5092 3094 5132 ε
3136 5089 3415 5144 κάνταῦθα
3455 5090 3556 5161 τῆς
3599 5087 3893 5156 ἐξετάσεως.

2307 5368 2330 5397 ε
2361 5364 2452 5413 Alii
2478 5364 2709 5419 διαθῆται.

2307 5426 2335 5463 τι
2354 5427 2451 5475 Alii
2478 5424 2673 5487 φθορεῖς.

2308 5491 2331 5517 ε
2356 5480 2504 5535 Ξανίἰζ
2532 5480 2586 5534 ei
2603 5488 2795 5545 quidam
2820 5485 2903 5534 alii
2925 5484 3011 5541 τήν
3032 5488 3116 5541 τῆς
3136 5481 3392 5545 ἐκκλησίας
3412 5480 3694 5545 οἰκοδομήν.

2311 5547 2329 5587 ἲ
2358 5535 2880 5609 εαν.ι›ισ1ιὶιυὶἔσται,
2909 5535 3028 5597 Μυτ.
3051 5535 3217 5595 εἰίἱὶί
3256 5535 3515 5596 έστ.ξὶιυι
3537 5535 3898 5603 σι’ὶίσυμϐάλλί·

2246 5628 2342 5667 ται,
2363 5612 2443 5661 alii
2468 5610 2792 5683 συμϐαλεῖται.

2312 5676 2339 5716 ⁸
2358 5674 2453 5722 Alii
2473 5674 2556 5721 δει.

2358 5674 2453 5725 Alii
2473 5674 2556 5721 δεῖ.
