3944 6202
235 224 334 281 σεδ

231 341 421 405 axina
445 338 500 395 in
520 350 622 396 nos
640 338 978 402 irascamini
998 333 1162 402 idum
1182 347 1273 389 res
1301 341 1410 391 tam
1424 345 1614 391 sacras
1633 371 1647 394 ,
1678 329 1812 385 adeo

229 432 531 497 tremendas
548 431 1001 494 .bominibnsdum
1030 427 1288 498 improbis
1306 466 1333 492 ,ν
1347 423 1714 494 tumindignis
1737 423 1815 478 la-

169 566 177 572 .
229 524 569 589 befactandas
605 522 900 587 tradimus?
929 520 1152 589 Quando
1188 518 1332 577 enim
1360 511 1454 573 alii
1491 531 1669 573 rerum
1710 515 1815 570 sibi

228 619 446 687 minime
481 616 909 677 convenientium
935 655 951 679 ,
979 614 1067 671 alii
1112 613 1281 669 multo
1306 610 1582 680 .m‘ajorum
1607 648 1625 673 ,
1656 623 1814 679 quam

223 709 363 762 Vires
382 707 583 771 zferant,
610 706 979 776 prmfecturam
1011 706 1297 773 accipiunt,
1327 705 1361 758 ii
1381 712 1531 759 certe
1555 702 1812 769 efﬁciunt,

224 807 280 863 tit
310 798 549 855 Ecclesia
579 799 704 852 nihil
731 799 801 861 ab
831 798 1029 868 Euripo
1053 796 1285 855 (ἥσει-ει.

295 893 555 962 Equidem
586 891 731 961 prius
758 902 972 949 exteros
1000 891 1265 960 principes
1291 888 1602 943 deridebam
1625 929 1639 950 ,
1668 886 1813 958 quod

226 983 273 1049 in
314 980 581 1041 bonorum
611 982 1008 1052 dispensatione
1052 996 1156 1036 noo
1200 980 1368 1060 animi
1403 979 1688 1042 virtutem,
1719 978 1813 1031 sed

224 1073 477 1145 pecunias
504 1084 559 1128 et
584 1090 846 1131 annorum
877 1088 1153 1137 numerum
1180 1081 1235 1125 et
1264 1071 1552 1126 humanum
1583 1070 1814 1140 patroci-

226 1167 367 1221 nium
390 1172 728 1235 speclerent;
759 1165 847 1227 ubi
875 1176 1051 1223 autem
1080 1164 1254 1219 audivi
1278 1164 1416 1217 hanc
1432 1164 1813 1218 absurditalem

223 1259 272 1312 iu
301 1268 520 1312 nostras
548 1259 709 1319 etiam
756 1273 843 1313 res
878 1258 1199 1315 debaccliari
1224 1300 1240 1324 ,
1284 1258 1485 1312 facinus
1516 1257 1814 1327 lmjusmodi

220 1365 321 1415 non
347 1349 765 1421 perindegrare
787 1352 955 1411 visum
978 1359 1079 1407 est.
1108 1350 1244 1419 Quid
1267 1351 1406 1406 enim
1434 1352 1623 1405 mirum
1646 1350 1689 1405 si
1711 1367 1815 1403 sae-

220 1442 430 1497 culares
454 1443 720 1507 homines,
746 1444 1055 1514 popularem
1078 1457 1263 1501 auram
1282 1453 1555 1509 venantes,
1580 1444 1816 1512 pecunite

218 1547 374 1597 causa
401 1533 538 1587 nihil
573 1550 678 1589 non
705 1546 956 1604 agentes,
996 1534 1047 1588 in
1077 1534 1377 1604 hujusmodi
1411 1533 1532 1587 vitia
1569 1551 1814 1602 prorum-

218 1632 360 1696 pant,
382 1621 608 1694 quando
634 1626 689 1689 ii,
718 1626 806 1696 Qui
835 1641 893 1680 se
922 1625 989 1683 ab
1016 1627 1080 1685 iis
1105 1627 1353 1683 omnibus
1382 1625 1580 1680 liberos
1600 1641 1719 1681 esse
1736 1626 1816 1680 si—

220 1715 422 1781 ululant
445 1757 465 1782 ,
502 1715 668 1771 nihilo
705 1717 897 1771 melius
922 1730 1081 1787 quam
1130 1718 1205 1772 illi
1233 1726 1358 1771 sunt
1381 1716 1575 1782 allecti,
1604 1717 1697 1772 sed
1727 1718 1814 1772 ubi

222 1805 285 1871 de
306 1806 625 1863 czelcstibus
643 1818 913 1863 certamen
943 1817 1047 1875 est,
1073 1809 1295 1878 perinde
1323 1820 1482 1878 atque
1505 1811 1549 1864 si
1572 1810 1637 1864 de
1652 1818 1816 1864 terra:

216 1892 498 1966 iugeribus
530 1908 626 1961 aut
661 1898 767 1952 alio
790 1899 1037 1968 quopiam
1067 1900 1224 1957 simili
1255 1899 1661 1964 deliberaretur,
1690 1916 1814 1969 gre-

227 1983 406 2053 garios
467 1979 718 2034 homines
771 1981 976 2037 talibus
1023 1983 1325 2051 praeﬁciunt
1362 1984 1528 2040 rebus
1572 2002 1802 2056 quarum

222 2086 382 2126 causa
416 2073 741 2141 unigenitus
764 2072 853 2125 Dei
872 2072 1043 2127 Filius
1072 2073 1299 2142 gloriam
1332 2091 1597 2133 evacuare
1625 2094 1803 2147 suam,

225 2160 381 2216 hoino
400 2162 549 2228 fieri,
565 2163 706 2217 servi
728 2163 955 2219 formam
968 2167 1220 2234 accipere
1243 2166 1498 2239 (Philipp.
1520 2170 1657 2241 επ),
1674 2187 1808 2227 con-

223 2254 360 2322 spui,
384 2254 643 2323 colaphis
665 2256 796 2309 Caedi
825 2254 1044 2327 (Matth.
1065 2257 1155 2312 26.
1177 2258 1529 2329 67),mortem
1554 2265 1804 2333 turpissi-

223 2359 355 2398 mam
368 2346 537 2400 obire
548 2362 656 2400 non
672 2348 969 2407 recusavit?
982 2348 1262 2419 Nequehie
1276 2358 1457 2407 tamen
1472 2354 1799 2422 consistunt,

220 2431 443 2491 sedalia'
461 2439 674 2495 addunt
691 2439 1043 2501 absurdiora:
1065 2457 1173 2497 non
1191 2443 1334 2497 enim
1354 2444 1607 2515 indignos
1624 2448 1800 2501 solum

221 2527 492 2598 deligunt,
511 2529 606 2582 sed
621 2530 782 2584 etiam
800 2529 1026 2587 idoneos
1042 2531 1324 2606 dejiciunt.
1338 2532 1473 2589 Nam
1488 2536 1645 2605 quasi
1664 2551 1802 2607 opus

220 2628 301 2667 ess
318 2623 351 2667 ⁹ι
391 2614 661 2679 Ecclesiae
698 2621 1039 2677 securitatem
1070 2623 1337 2694 utrimque
1362 2625 1681 2681 ’labefactari
1703 2668 1719 2693 ,
1747 2643 1814 2684 ac

219 2719 368 2759 mulsa
400 2706 500 2760 illa
528 2708 676 2777 prior
699 2726 805 2773 non
836 2711 1106 2769 sufﬁceret
1133 2714 1199 2769 ad
1228 2715 1358 2769 iram
1389 2716 1481 2771 Dei
1509 2719 1812 2773 accenden-

218 2792 353 2857 dant,
375 2795 454 2849 ita
474 2797 522 2861 al
531 2807 696 2851 terant
709 2798 961 2857 addidere
980 2804 1272 2859 nonminus
1288 2805 1662 2874 perniciosam.
1681 2808 1811 2863 Ete-

220 2885 321 2936 nim
340 2887 578 2954 perinde
600 2890 953 2960 perniciosum
972 2907 1089 2948 esse
1104 2903 1232 2964 puto
1250 2896 1404 2955 utiles
1424 2912 1630 2964 arcere,
1653 2908 1813 2970 atque

220 2976 433 3033 inutiles
468 2978 829 3041 introducere.
864 2982 919 3039 ld
944 2993 1123 3041 autem
1163 2987 1283 3042 ideo
1310 2989 1501 3058 agitur,
1536 2999 1591 3045 ut
1615 2990 1809 3048 Christi

218 3070 348 3123 ovile
382 3071 539 3124 nulla
582 3087 648 3127 ex
698 3082 848 3143 parte
884 3077 1303 3134 consolationem
1346 3081 1584 3143 invenire
1610 3092 1702 3138 aut
1727 3100 1813 3140 re-

216 3162 419 3231 spirare
450 3164 644 3218 valeat.
673 3165 798 3221 [hec
828 3183 1003 3225 nonne
1030 3172 1262 3226 millibus
1285 3173 1441 3244 digna
1471 3175 1813 3233 fulminibus?

220 3251 327 3308 hate
347 3268 538 3311 nonne
569 3256 949 3316 vehementiori
976 3262 1135 3317 etiam
1168 3263 1407 3334 gehenna
1430 3306 1445 3333 ,
1470 3283 1624 3337 quam
1646 3283 1813 3326 sacra:

219 3342 378 3401 literze
404 3349 845 3407 comminemur?
883 3357 1130 3411 Attamen
1161 3357 1277 3413 haec
1303 3359 1440 3419 mala
1468 3360 1693 3417 sustinet
1723 3378 1813 3433 pa-

218 3435 456 3510 titurque
485 3440 577 3512 qui
602 3457 707 3509 non
735 3445 841 3500 vult
870 3457 1095 3503 mortem
1134 3452 1459 3520 peccatoris,
1486 3453 1579 3509 sed
1608 3464 1662 3512 ut
1688 3470 1816 3510 con~

219 3538 461 3596 Vertatur
480 3541 536 3587 et
555 3533 696 3589 vivat
722 3534 948 3608 (Egerit.
981 3539 1071 3595 18.
1095 3540 1188 3596 25.
1219 3551 1266 3595 et
1289 3542 1378 3599 55.
1405 3544 1462 3598 ll
1485 3544 1527 3616 ).
1555 3545 1685 3614 Quis
1707 3562 1812 3603 non

219 3621 332 3690 ejus
358 3624 708 3680 clementiam
737 3627 1069 3685 admiretur?
1094 3631 1214 3701 quis
1237 3647 1342 3686 non
1367 3633 1484 3703 ejus
1508 3636 1809 3693 misericor-

220 3712 358 3770 diam
395 3720 651 3785 stupent?
694 3718 795 3793 Ipsi
824 3719 1109 3777 Christiani
1140 3737 1203 3778 ea
1226 3739 1391 3793 ,,quae
1418 3724 1612 3785 Christi
1652 3738 1773 3782 sunt
1794 3769 1810 3795 ,

221 3805 336 3873 plus
359 3822 529 3876 quam
556 3807 737 3865 hostes
762 3823 816 3866 et
852 3812 1049 3868 inimici
1080 3814 1425 3883 pessumdant
1451 3831 1465 3869 :
1495 3826 1549 3872 at
1577 3818 1667 3874 ille
1710 3820 1812 3874 bo-

222 3908 318 3950 nus
345 3896 531 3952 adhuc
562 3897 940 3969 benignitatem
989 3904 1201 3972 prmfert
1225 3945 1240 3969 ,
1273 3914 1327 3960 et
1351 3905 1417 3960 ad
1449 3909 1812 3977 paenitentiam

222 3990 395 4049 vocat,
429 3981 617 4039 Gloria
646 3985 757 4048 tibi,
794 3988 1048 4056 Domine,
1075 3990 1242 4061 gloria
1282 3992 1374 4047 tibi
1407 4010 1421 4045 :
1453 4004 1647 4064 quanta
1674 3998 1813 4066 apud

224 4079 277 4126 te
301 4073 609 4130 clementiae
638 4077 891 4150 abyssua!
922 4090 1149 4151 quantus
1177 4083 1468 4140 tolerantia:
1496 4085 1810 4145 thesaurus!

224 4164 321 4234 Qui
354 4183 453 4237 per
482 4184 676 4225 nomen
710 4181 853 4225 tamn
885 4189 950 4239 ex
983 4175 1301 4244 ignobilibus
1339 4188 1393 4233 et
1419 4178 1660 4235 obscuris
1681 4182 1813 4238 clari

226 4266 280 4311 et
320 4261 598 4331 conspicui
642 4263 905 4330 evadunt,
940 4265 1140 4321 honore
1181 4267 1274 4323 illo
1316 4280 1500 4324 contra
1543 4269 1812 4326 honorati-

228 4354 332 4401 tem
356 4365 417 4404 se
444 4362 697 4418 utnntnr,
721 4362 773 4408 et
801 4370 906 4407 non
944 4355 1185 4410 audenda
1222 4357 1457 4424 audent,
1488 4369 1670 4415 saneta
1687 4376 1815 4419 con-

233 4443 459 4499 tumeliis
479 4446 738 4510 alliciunt,
768 4448 962 4519 probos
986 4449 1244 4519 repellunt
1266 4459 1322 4505 et
1344 4451 1582 4521 ejiciunt,
1603 4463 1659 4507 ut
1674 4456 1816 4523 quie-

237 4539 290 4587 te
314 4543 367 4588 et
389 4553 511 4592 cum
534 4553 743 4593 summa
768 4541 975 4596 licentia
1008 4544 1316 4612 nequissimi
1345 4546 1520 4599 omnia
1554 4562 1650 4615 pro
1668 4548 1814 4604 libito

237 4627 542 4685 subvertere
557 4632 781 4700 possint.
806 4634 968 4703 Cujus
986 4636 1109 4689 mali
1130 4651 1317 4693 causas
1337 4638 1380 4692 si
1404 4637 1641 4694 ediscere
1661 4641 1810 4705 velis,

235 4716 349 4772 illas
378 4722 643 4788 prioribus
668 4722 868 4777 similes
898 4727 1133 4795 reperies
1156 4741 1168 4780 :
1194 4727 1425 4784 radicem
1452 4730 1591 4784 enim
1618 4772 1631 4795 ,
1665 4731 1776 4785 sive
1795 4772 1812 4798 ,

232 4814 290 4861 ut
313 4808 383 4861 ita
406 4810 601 4878 dicam,
633 4822 857 4868 matrem
887 4827 1047 4870 uuam
1078 4817 1292 4883 habent,
1323 4820 1591 4875 invidiam.
1622 4822 1814 4876 Earum

227 4910 409 4955 suum
448 4919 552 4957 non
584 4919 687 4958 una
722 4915 923 4960 tantum
952 4906 1157 4977 species
1181 4918 1263 4964 est
1282 4950 1295 4972 ,
1320 4910 1411 4964 sed
1441 4911 1686 4966 diversm.
1722 4912 1815 4968 lli.

229 4991 399 5056 enim,
424 4994 589 5059 aiunt,
615 4997 968 5065 quiajuvenis
987 5006 1092 5062 est,
1116 5000 1385 5068 ejiciatur;
1419 5001 1524 5064 ille,
1552 5004 1672 5070 quia
1694 5002 1817 5057 adn-

230 5076 328 5136 lari
362 5085 560 5150 nescit;
593 5087 732 5140 alius
751 5129 765 5150 ,
808 5089 928 5158 quia
957 5089 1009 5143 in
1039 5089 1331 5159 cujuSpiain
1360 5092 1703 5148 offensionem
1731 5095 1813 5149 ’n-

227 5176 430 5239 Currit;
456 5178 610 5243 alius,
635 5193 700 5233 ne
727 5180 813 5234 ille
833 5180 1093 5249 quispiam
1119 5181 1312 5247 doleat,
1343 5184 1384 5236 si
1409 5199 1496 5250 eo,
1525 5201 1679 5255 quem
1705 5188 1817 5254 ipse

228 5265 520 5334 obtulerat,
546 5270 717 5339 ejecto
745 5270 885 5325 hunc
906 5274 1131 5328 electum
1162 5274 1364 5339 videat;
1395 5275 1503 5336 ille,
1528 5278 1645 5345 quia
1670 5279 1815 5333 mitis

230 5366 278 5407 et
312 5356 513 5427 probus
541 5369 654 5425 est;
683 5362 789 5425 ille,
813 5364 934 5433 quia
959 5366 1298 5433 peccantibus
1328 5365 1608 5428 terribilis;
1639 5367 1724 5421 ille
1747 5371 1816 5422 ob

231 5447 394 5502 Iliam
417 5450 639 5507 similem
670 5469 884 5508 causam
916 5472 928 5507 :
958 5471 1128 5525 neque
1157 5455 1300 5510 enim
1325 5455 1515 5511 deSunt
1541 5457 1808 5520 obtentus,

235 5552 372 5605 quos
404 5555 497 5608 pro
526 5541 677 5603 libito
714 5544 972 5611 offerant;
1022 5547 1127 5599 imo
1164 5555 1217 5601 et
1256 5545 1562 5600 facultatum
1601 5549 1811 5616 copiam

236 5632 452 5687 crimini
492 5634 652 5707 dant,
697 5638 741 5693 si
785 5639 914 5695 nihil
962 5640 1100 5696 aliud
1146 5639 1520 5712 proferendum
1567 5638 1812 5696 habeant.

1426 212 1514 269 DE
1549 213 1999 271 SACERDOTIO.
2040 214 2167 272 LIB.
2209 216 2298 272 ιιι.

1924 332 2228 397 Quinetiam
2256 334 2420 401 illud,
2456 351 2564 392 non
2602 342 3060 408 eporleneatatim
3093 341 3515 402 in‘huttbbeno-

1914 440 2036 482 rem
2057 426 2279 492 assumi,
2302 428 2403 483 sed
2435 430 2631 484 sensim
2652 440 2711 487 et
2744 432 3020 502 paulatim,
3040 436 3285 507 aliasque
3310 439 3516 496 similes

1918 532 2021 586 pro
2049 518 2319 574 voluntate
2341 536 2544 576 causas
2584 523 2917 578 comminisci
2967 536 3208 593 posmnt.
3242 528 3516 599 :Ego’voro

1923 608 2009 664 hic
2062 609 2231 665 libens
2266 611 2567 668 sciscitarer
2607 632 2620 668 :
2675 615 2810 682 Quid
2854 618 3162 686 episcopum
3201 629 3279 674 tot
3339 624 3513 678 ventis

1921 701 2173 769 agitatum
2218 702 2390 757 facere
2428 718 2562 773 Opus
2603 707 3013 777 est?lqnomodo
3041 710 3294 766 adversus
3335 722 3511 770 tantos

1920 788 2115 845 ﬂuctus
2141 802 2282 847 stare
2314 795 2540 862 poterit?
2568 798 2835 863 quomodo
2877 807 2954 852 tot
2984 800 3211 870 impetus
3236 806 3514 873 repellet?

1922 880 2053 936 Nam
2085 882 2127 936 si
2158 892 2298 939 recta
2316 885 2535 941 ratione
2562 901 2676 945 rem
2703 899 2874 958 gerat,
2901 890 3094 946 adsunt
3120 908 3307 949 omnes
3333 905 3387 951 et
3415 898 3512 967 ipsi

1922 982 1975 1028 et
1997 973 2181 1058 electis
2199 975 2393 1032 inimici
2415 986 2469 1031 et
2486 977 2699 1045 hostes,
2724 988 2777 1033 et
2801 996 2892 1049 per
2916 984 3309 1041 contentionem
3334 991 3512 1044 omnia

1921 1079 2042 1129 cum
2063 1064 2150 1119 illo
2163 1075 2343 1136 agunt,
2363 1068 2996 1137 quotidianasseditiones
3012 1086 3245 1143 movent,
3263 1088 3510 1133 sexcenta

1923 1154 2047 1209 item
2060 1167 2349 1210 sconnnata
2370 1157 2421 1210 in
2434 1157 2631 1213 electos
2646 1158 2968 1228 jaculantur,
2985 1163 3154 1219 donec
3172 1175 3263 1220 aut
3279 1168 3395 1222 illos
3411 1169 3514 1237 eje-

1920 1247 2110 1312 cerint,
2136 1257 2226 1300 aut
2250 1263 2377 1303 suos
2399 1249 2739 1305 intruserint:
2767 1254 2982 1321 perinde
3006 1266 3164 1326 atque
3183 1259 3228 1312 si
3259 1260 3515 1329 guberna-

1923 1348 2003 1391 tor
2017 1340 2068 1393 in
2087 1341 2202 1393 navi
2214 1340 2421 1410 piratas
2434 1358 2611 1397 secum
2630 1345 2935 1415 navigantes
2949 1346 3158 1416 habeat,
3173 1351 3259 1419 qui
3275 1362 3325 1405 et
3344 1352 3443 1421 ipst
3458 1363 3513 1409 et

1922 1433 2096 1484 nautis
2116 1434 2480 1488 etvectoribus
2508 1436 2718 1492 assidue
2741 1437 2993 1509 horisque
3010 1440 3230 1512 singulis
3252 1443 3510 1499 insidien-

1923 1531 2025 1578 tur.
2039 1524 2190 1590 Quod
2200 1527 2247 1580 si
2263 1526 2472 1587 illorum
2485 1530 2707 1597 gratiam
2728 1531 2882 1585 saluti
2896 1548 3007 1587 sum
3022 1536 3514 1603 prteponatmdmis.

1920 1618 1996 1672 sis
2026 1632 2130 1672 non
2158 1618 2523 1685 admittendis,
2554 1621 2908 1687 illorum‘loeo
2942 1624 3103 1679 Deum
3133 1627 3304 1694 ipsum
3332 1628 3511 1681 inimi-

1921 1724 2041 1769 cum
2079 1707 2294 1763 habebit
2320 1726 2334 1763 :
2362 1725 2467 1779 quo
2495 1710 2620 1779 quid
2649 1711 2884 1767 deterius
2911 1728 3032 1770 esse
3064 1717 3268 1784 possit?
3294 1726 3347 1773 et
3382 1734 3504 1772 cum

1921 1799 2027 1855 illis
2044 1800 2170 1870 ipsis
2191 1802 2456 1870 negotium
2480 1801 2745 1858 difficilius
2763 1819 2920 1874 quam
2939 1816 3092 1860 antea
3113 1810 3235 1876 erit,
3258 1811 3509 1865 omnibus

1921 1891 2078 1947 simul
2097 1892 2553 1948 consentientibus
2577 1935 2592 1957 ,
2622 1908 2684 1949 ac
2711 1894 3023 1951 fortioribus
3050 1913 3146 1969 per
3170 1888 3511 1956 concordiam

1920 1986 2141 2039 ell'ectis.
2175 1985 2638 2050 Quemadmodum
2681 1987 2821 2040 enim
2870 1989 3026 2043 smvis
3069 2005 3132 2044 ex
3160 1991 3389 2046 adverso
3419 2008 3514 2063 pn-

1918 2075 2201 2145 gnautibus
2228 2076 2398 2130 ventis
2418 2116 2433 2135 .
2464 2093 2612 2131 mare
2657 2086 2811 2133 antea
2858 2081 3193 2149 tranquillum
3224 2081 3512 2150 derepente

1918 2164 2044 2219 furit
2066 2173 2224 2233 atque
2251 2164 2584 2231 intumescit,
2610 2175 2956 2237 vectoresque
2993 2170 3192 2237 perdit;
3222 2172 3300 2225 sic
3324 2180 3377 2225 et
3398 2172 3501 2227 Ec-

1918 2254 2096 2311 clesiae
2128 2256 2479 2323 tranquillitas
2501 2294 2517 2321 ,
2549 2259 2948 2326 corruptoribus
2977 2259 3226 2315 admissis
3247 2302 3263 2328 ,
3286 2271 3495 2335 tempe-

1917 2358 2054 2404 state
2076 2359 2130 2403 et
2157 2347 2443 2418 naufragiis
2473 2347 2756 2404 infestatur
2780 2350 2983 2405 multis.

1988 2441 2076 2498 lli.
2121 2440 2379 2508 Quantum
2405 2450 2632 2507 Oporteal
2672 2459 2783 2498 esse
2809 2460 2921 2497 eum
2942 2484 2957 2508 ,
3005 2445 3091 2515 qui
3120 2450 3273 2502 tantis
3302 2456 3490 2520 tempe-

1917 2533 2129 2589 statibus
2171 2533 2463 2603 cpponitur.
2495 2533 2772 2603 ——Cogita
2832 2549 2963 2605 ergo
3012 2537 3220 2605 qualem
3265 2549 3509 2608 oporteat

1917 2641 2040 2682 eum
2069 2640 2189 2680 esse
2230 2624 2317 2680 cui
2345 2630 2502 2678 tantae
2542 2625 2845 2692 tempestati
2875 2626 3127 2681 resistere
3153 2643 3375 2684 necesse
3403 2630 3508 2696 sit,

1917 2726 1972 2772 et
1999 2723 2078 2771 tot
2106 2715 2488 2786 impedimenta
2531 2730 2711 2770 rerum
2741 2716 3014 2771 communi
3054 2718 3264 2773 utilitati
3306 2721 3510 2776 condu-

1916 2807 2148 2863 centium
2175 2806 2340 2876 probe
2368 2815 2687 2877 temperare.
2713 2805 2846 2861 Nam
2877 2817 2929 2860 et
2957 2822 3173 2878 gravem
3207 2809 3377 2877 illum,
3413 2813 3509 2869 sed

1918 2900 2135 2957 minime
2157 2899 2471 2966 fastuosum,
2498 2907 2553 2954 et
2570 2899 2977 2967 formidabilem,
3006 2901 3101 2957 sed
3125 2901 3439 2977 humanum,
3457 2918 3508 2963 et

1918 2991 2293 3063 imperiosum,
2333 2991 2426 3046 sed
2449 3006 2653 3045 comem
2683 2992 2932 3047 omnibus
2951 3033 2966 3056 ,
2996 3002 3051 3048 et
3088 3010 3366 3064 personam
3396 3013 3505 3052 non

1917 3082 2284 3152 accipientem,
2315 3080 2410 3136 sed
2436 3079 2754 3147 officiosum,
2778 3090 2831 3136 et
2864 3081 3140 3151 buinilem,
3172 3084 3264 3139 sed
3289 3087 3506 3144 minime

1916 3171 2190 3235 servilem,
2219 3179 2274 3225 et
2301 3170 2695 3235 vehementem,
2722 3170 2817 3227 sed
2846 3182 3179 3228 mansuetum
3200 3189 3320 3229 esse
3346 3190 3507 3244 apor-

1919 3272 2015 3327 tet,
2044 3270 2308 3317 utcontra
2337 3261 2426 3316 illa
2453 3263 2630 3317 omnia
2661 3278 2899 3334 pugnare
2927 3262 3082 3319 facile
3116 3266 3312 3334 possit:
3343 3275 3505 3337 atque

1917 3366 2042 3411 eum
2078 3354 2168 3424 qui
2193 3353 2416 3409 idoneus
2432 3354 2522 3420 sit,
2547 3353 2794 3410 onmibus
2815 3355 2938 3409 licet
2958 3356 3355 3421 obsistentibus,
3378 3375 3499 3414 eum

1917 3457 2105 3514 magna
2134 3452 2396 3514 potestate
2443 3454 2794 3513 promovere;
2841 3443 2965 3500 huic
3014 3461 3143 3501 vero
3191 3446 3503 3505 diSsimilem

1917 3548 2038 3589 cum
2068 3532 2253 3588 eadem
2292 3536 2637 3597 auctoritate,
2669 3534 2915 3591 omnibus
2956 3536 3118 3591 etiam
3146 3538 3505 3607 conspirand-

1919 3624 2037 3689 bus,
2067 3639 2173 3679 non
2203 3623 2509 3691 admittere,
2554 3624 2648 3681 sed
2680 3641 2841 3680 unum
2872 3636 3074 3682 tantum
3102 3629 3172 3683 ob
3200 3630 3384 3685 oculos
3414 3630 3506 3683 ha-

1917 3716 2046 3774 bere
2069 3759 2084 3784 ,
2115 3718 2368 3773 Ecclesiae
2412 3733 2604 3788 nempe
2643 3727 2961 3774 structuram
2986 3760 3000 3783 ,
3034 3719 3269 3791 nihilque
3308 3722 3388 3777 vel
3436 3722 3503 3777 ad

1919 3809 2250 3865 inimicitiam
2279 3810 2361 3864 vel
2388 3809 2454 3863 ad
2484 3811 2708 3881 gratiam
2755 3810 2950 3866 facere.
2977 3811 3110 3867 Num
3146 3814 3234 3868 tibi
3263 3813 3506 3869 videmur

1918 3900 1995 3957 rei
2029 3900 2328 3971 hnjnsmodi
2372 3899 2726 3956 ministerium
2769 3902 2962 3958 merito
3002 3904 3313 3959 recusasse?
3342 3907 3503 3975 Atqui

1919 3991 2153 4046 nondum
2181 3992 2361 4046 omnia
2390 3993 2668 4047 recensui:
2703 4001 2989 4064 suppetunt
3017 4003 3070 4049 et
3108 3995 3210 4049 alia
3254 3996 3497 4051 dicenda.

1919 4081 2116 4139 Verum
2144 4098 2210 4138 ne
2236 4080 2541 4153 defatigeris
2563 4082 2689 4137 dum
2716 4084 2872 4138 amici
2896 4098 2959 4138 ac
2988 4099 3114 4138 vere
3137 4086 3374 4155 germani
3400 4086 3502 4140 viri

1917 4187 2038 4229 sese
2067 4172 2207 4243 apud
2236 4182 2286 4229 te
2305 4173 2607 4228 excusantis
2629 4174 2922 4228 orationem
2945 4174 3159 4228 toleras.
3190 4174 3312 4229 llatc
3343 4189 3504 4243 porro
3532 4214 3547 4221 ι

1923 4266 2127 4323 nonad
2172 4267 2469 4336 apologiam
2515 4266 2675 4320 modo
2714 4277 2951 4320 nostram
2995 4265 3086 4319 tibi
3114 4274 3271 4319 erunt
3312 4267 3454 4319 utilia
3481 4308 3496 4333 ,

1918 4356 2014 4412 sed
2038 4356 2107 4411 ad
2133 4357 2299 4425 ipsam
2331 4356 2554 4409 fortasse
2582 4355 2818 4408 muneris
2842 4353 2909 4408 de
2929 4369 3034 4424 quo
3059 4354 3230 4424 agitur
3261 4353 3496 4409 functio-

1919 4464 2040 4506 nem
2064 4463 2169 4502 non
2202 4461 2385 4516 parum
2408 4444 2633 4500 silerent
2654 4445 2806 4500 lucri.
2833 4446 2962 4499 Eum
2991 4460 3241 4514 namque,
3268 4447 3356 4515 qui
3379 4447 3503 4502 vita:

1919 4538 2220 4611 hujusmodi
2243 4537 2485 4593 semitam
2515 4536 2849 4606 ingressurus
2869 4544 2972 4612 est,
3000 4538 3177 4592 omnia
3205 4538 3353 4608 prius
3377 4554 3501 4609 pere

1922 4642 2237 4696 scrutalum,
2284 4631 2362 4686 sic
2389 4630 2685 4685 ministerio
2713 4644 2928 4684 manum
2956 4630 3240 4685 admovere
3268 4642 3497 4702 Oportet.

1920 4722 2135 4789 Quare?
2164 4721 2295 4789 Quia
2326 4720 2425 4774 etsi
2455 4720 2599 4774 nulla
2626 4719 2728 4775 alia
2763 4719 3005 4775 subesset
3028 4735 3189 4775 causa
3210 4764 3225 4782 ,
3257 4722 3498 4776 omnium

1922 4814 2086 4884 probe
2127 4828 2292 4884 gnaro
2335 4812 2383 4867 id
2414 4812 2545 4867 lucri
2584 4811 2838 4876 accedet,
2871 4820 2929 4865 ut
2976 4828 3080 4865 non
3112 4812 3186 4865 rei
3218 4812 3498 4866 insolentia

1926 4910 2197 4972 turbetur,
2244 4924 2362 4961 cum
2393 4907 2507 4961 haec
2544 4907 2873 4976 contingent.
2917 4904 3010 4960 Vis
3054 4904 3213 4974 igitur
3258 4914 3315 4959 ut
3359 4906 3503 4973 prius

1922 5000 1989 5054 ad
2018 5000 2288 5055 viduarum
2324 4996 2671 5067 patrocinium
2702 4996 3007 5057 venianms,
3049 5009 3117 5049 an
3147 4994 3213 5049 ad
3241 4994 3500 5063 virginum

1921 5106 2124 5152 curam,
2167 5106 2232 5144 an
2261 5089 2326 5143 ad
2348 5088 2613 5158 judicialis
2652 5087 2815 5157 partis
2841 5085 3205 5139 diliicultatem
3229 5084 3255 5136 ἲ
3291 5099 3411 5137 nam
3445 5085 3496 5137 iu

1920 5174 2110 5239 lincunt
2140 5180 2360 5249 singulis
2385 5179 2526 5232 varia
2552 5186 2636 5232 est
2677 5176 3006 5241 sollicitudo,
3053 5184 3110 5229 et
3143 5174 3500 5229 sollicitudine

1920 5274 2092 5342 major
2114 5282 2305 5327 metus.
2335 5274 2410 5325 Ac
2434 5270 2681 5339 primum,
2713 5277 2771 5322 ut
2793 5269 2962 5331 abeo,
2994 5266 3132 5337 quod
3157 5267 3273 5319 aliis
3298 5264 3500 5320 facilius

1920 5380 2040 5419 esse
2068 5364 2294 5423 videtur,
2325 5360 2618 5423 ordiamur,
2648 5358 2920 5413 viduarum
2952 5371 3099 5418 cura,
3133 5356 3299 5424 ipsam
3330 5357 3500 5410 susci-

1923 5455 2185 5524 pientibus
2204 5451 2371 5506 Solam
2393 5460 2695 5520 sumptuum
2717 5448 3123 5504 sollicitudinem
3146 5447 3336 5501 alferre
3356 5445 3502 5500 vide-

1922 5549 2045 5615 tnr(
2078 5551 2123 5600 l.
2155 5544 2291 5598 Tim.
2320 5544 2372 5598 5.
2404 5543 2470 5598 ιδ
2491 5544 2545 5611 ):
2575 5551 2628 5596 at
2653 5556 2757 5595 non
2789 5541 2856 5593 ita
2878 5554 2937 5594 se
2965 5554 3047 5620 res
3079 5539 3270 5606 habet,
3291 5537 3383 5593 sed
3416 5537 3501 5592 hic

1925 5654 2131 5710 quoque
2179 5635 2344 5689 multo
2383 5649 2519 5704 opus
2557 5640 2638 5689 est
2665 5630 2910 5687 exaiuiue
2933 5668 2948 5697 ,
2995 5628 3082 5686 ubi
3112 5629 3229 5685 illas
3265 5628 3497 5699 deligere
