3944 6202
509 198 615 255 655

509 304 764 383 oportet”:
798 316 1224 388 quandoquidem
1248 331 1368 374 cum
1393 330 1595 375 temere
1622 329 1675 376 et
1700 329 1757 377 ιιι
1787 338 1943 378 casus
1974 324 2092 379 tulit

509 406 564 461 in
591 407 770 464 album
806 410 985 464 relata:
1014 419 1172 477 sunt,
1206 411 1257 465 id
1287 412 1561 467 innumera
1591 416 1792 483 peperit
1824 418 1980 470 mala.
2005 419 2095 472 lit-

508 499 649 551 enim
683 499 904 554 familias
930 501 1425 568 pessumdederunt,
1456 503 1695 573 conjugia
1726 506 2087 572 diremertmt,

1217 200 1274 257 S.
1313 201 1592 259 JOANNIS
1628 203 2104 262 CllRYSOSTOill
2147 208 2463 265 ARCHIEP.
2505 214 3047 285 CONSTANTINOP.

3635 255 3721 316 656

2208 323 2455 381 violentia
2496 329 2698 386 dolent.
2729 335 2861 391 Cum
2904 332 3078 412 itaque
3108 344 3260 405 fatuis
3298 353 3563 425 ingruentis
3601 385 3720 430 metu

2200 416 2500 473 mendicare
2524 434 2803 493 coguntur,
2828 441 2878 484 et
2907 436 3254 494 mendicando
3277 444 3582 516 impudentes
3605 476 3719 529 esse,

2194 522 2257 560 ac
2284 526 2490 567 rursum
2523 516 2843 585 impudentia
2885 524 2969 578 illa
3008 536 3373 592 contumeliam
3401 546 3496 611 pati
3518 589 3532 609 ,
3573 516 3721 608 mutu:

505 597 561 643 et
604 589 654 644 in
682 589 868 657 furtis,
900 594 1155 664 cauponis
1198 595 1427 665 aliisque
1470 597 1732 653 similibus
1765 601 1989 669 turpiter
2032 617 2091 657 se
2193 594 2377 654 formis
2396 606 2660 675 qtttedam,
2688 620 2743 665 et
2771 625 3003 672 mentem
3024 622 3247 692 caligine
3266 628 3529 689 effundens
3552 641 3722 702 doletis

506 689 726 747 agentes
759 696 903 751 smpe
943 683 1293 751 deprehensa:
1336 696 1481 742 sunt.
1521 688 1689 743 Porro
1730 692 1860 744 tales
1902 693 2088 746 viduas

500 771 797 841 sumptibus
816 773 1067 831 Ecclesia:
1092 777 1186 847 ali,
1205 778 1259 831 id
1279 786 1332 832 et
1358 794 1386 831 a
1411 779 1517 836 Deo
1536 781 1849 851 supplicium
1870 792 1923 837 et
1947 786 2086 855 apud

505 862 750 920 homines
793 865 1060 922 infamiam
1091 884 1462 942 summamque
1501 873 1894 932 damnationem
1927 879 2081 947 parit,

503 954 968 1027 bt-uelicorumque
993 961 1226 1015 animum
1258 964 1554 1033 segniorem
1585 967 1765 1021 efficit.
1803 969 1934 1024 Nam
1963 972 2082 1041 quis

506 1062 755 1118 umquam
785 1050 913 1105 velit
941 1054 1211 1120 pecunias,
1231 1069 1363 1124 quas
1388 1056 1598 1112 Christo
1619 1059 1746 1114 dare
1769 1062 1948 1130 jussus
1977 1074 2077 1128 est,

503 1137 566 1191 iis
589 1138 801 1209 largiri,
841 1142 930 1211 qtti
973 1143 1170 1199 Christi
1213 1148 1412 1201 nomini
1455 1149 1782 1206 calumniam
1833 1155 2079 1222 pariunt?

500 1227 728 1301 ideoque
755 1234 922 1287 multo
947 1243 1000 1288 et
1027 1246 1275 1291 accurato
1302 1240 1558 1294 scrutinio
1588 1253 1670 1296 est
1699 1258 1853 1312 opus,
1881 1254 1939 1298 ut
1984 1262 2078 1301 ne-

494 1335 599 1389 que
630 1321 759 1387 illm,
790 1339 959 1394 neque
984 1325 1136 1393 alite,
1163 1328 1357 1397 quibus
1398 1347 1485 1386 res
1517 1332 1789 1387 familiaris
1830 1336 2075 1392 sufficere

494 1421 704 1481 potest,
750 1415 1047 1472 tenuiorum
1094 1434 1333 1476 mensam
1362 1422 1662 1479 absumant.
1694 1424 1839 1479 lianc
1866 1428 2074 1496 perqui-

494 1503 740 1560 sitioncm
762 1506 868 1562 alia
896 1525 998 1562 non
1023 1525 1181 1580 parva
1206 1526 1330 1566 cura
1356 1514 1569 1585 excipit,
1595 1525 1650 1570 ιιι
1672 1516 1799 1586 ipsis
1818 1518 2070 1575 alimenta

491 1595 769 1650 confertim
801 1599 951 1666 quasi
981 1616 1044 1655 ex
1074 1600 1307 1658 fontibus
1327 1603 1563 1670 affluant,
1583 1622 1681 1662 nec
1701 1624 1948 1679 umquam
1974 1609 2070 1665 de-

491 1686 628 1739 sint:
656 1688 916 1757 siquidem
944 1691 1239 1747 insatiabile
1260 1696 1452 1749 malum
1474 1706 1556 1750 est
1576 1697 1739 1752 invita
1764 1712 2065 1769 paupertas,

494 1778 739 1846 querelas
789 1780 1158 1853 ingratumque
1196 1787 1431 1841 animum
1465 1804 1571 1855 pra:
1595 1804 1653 1843 se
1680 1790 1874 1853 ferens.
1908 1793 2065 1848 Multa

490 1868 767 1935 prudentia
789 1870 1272 1943 diligentiaque’cst
1288 1892 1420 1946 opus
1442 1889 1498 1932 ut
1519 1894 1701 1933 eorum
1725 1882 2067 1937 o'bstruantur

486 1975 578 2013 ora
599 2001 615 2026 ,
646 1976 764 2029 qua:
790 1965 1080 2031 quamlibet
1106 1968 1491 2023 criminationis
1516 1971 1848 2029 occasionem
1878 1975 2065 2042 arripi-

487 2061 599 2105 unt.
642 2052 782 2108 Sane
820 2055 927 2109 tnui
957 2056 971 2110 i
999 2058 1083 2112 ubi
1123 2060 1424 2129 quempiam
1470 2062 1649 2116 vident
1678 2064 1935 2132 pecuniis.
1956 2081 2060 2121 non

485 2142 719 2198 deditum
742 2187 758 2211 ,
798 2148 975 2203 statim
1006 2148 1177 2219 ipsum
1203 2152 1269 2205 ad
1300 2152 1432 2207 hanc
1460 2152 1780 2211 functionem
1813 2156 2058 2212 idoneum

482 2239 847 2303 pronuntiant.
889 2242 1000 2311 Ego
1031 2259 1157 2298 vero
1196 2260 1299 2300 non
1328 2247 1576 2301 existimo
1616 2246 1753 2304 hanc
1784 2250 1855 2303 illi
1895 2251 2055 2305 animi

480 2328 894 2395 magnitudinem
930 2334 1060 2387 satis
1083 2350 1232 2400 esse,
1277 2338 1370 2391 sed
1415 2350 1663 2408 oportere
1709 2351 1883 2397 tamen
1916 2344 2056 2398 illam

482 2422 690 2475 ca'teris
731 2423 964 2489 prurire:
1013 2442 1132 2481 nam
1180 2430 1320 2482 illius
1364 2447 1557 2499 expers
1604 2443 1840 2489 vastator
1882 2438 2056 2504 potius

477 2525 634 2577 quam
669 2522 920 2580 patronus
944 2556 957 2577 ,
987 2524 1040 2569 et
1068 2532 1163 2584 pro
1201 2529 1411 2586 pastore
1439 2521 1594 2587 lupus
1637 2523 1832 2579 fuerit:
1872 2542 2053 2579 verum

476 2614 594 2654 cum
622 2601 707 2655 illa
749 2604 905 2657 aliam
938 2605 989 2658 in
1021 2621 1085 2658 eo
1115 2611 1384 2677 requirere
1410 2622 1635 2681 oportet.
1669 2616 1738 2668 Ea
1766 2627 1940 2671 autem
1972 2628 2056 2673 est

479 2690 737 2746 bonorum
778 2696 1014 2749 omnium
1052 2698 1366 2755 .hominibus
1404 2705 1732 2760 conciliatrix
1763 2710 2009 2776 patientia
2036 2753 2050 2777 ,

475 2798 594 2851 qua:
620 2785 771 2851 quasi
799 2786 848 2840 itt
877 2790 1220 2855 tranquillum
1261 2795 1541 2861 quemdam
1569 2809 1779 2865 portum
1821 2802 2050 2857 animam

473 2873 707 2930 deducit.
735 2876 864 2931 Nam
908 2880 1181 2935 viduarum
1208 2899 1375 2953 genus
1406 2894 1513 2940 tum
1549 2892 1909 2959 paupertatis,
1942 2903 2049 2949 tum

475 2966 649 3018 matis
670 3006 685 3027 ,
714 2977 823 3021 tum
852 2985 1011 3024 sexus
1048 2974 1293 3039 nomine,
1338 2976 1684 3034 imntoderata
1713 2984 1935 3052 qttadam
1973 2987 2053 3040 lo-

471 3057 665 3125 quendi
697 3059 942 3115 libertate
967 3063 1166 3119 utitur:
1194 3066 1271 3120 sic
1300 3069 1440 3123 enim
1466 3075 1844 3141 coogruentius
1867 3077 2049 3145 loque-

470 3162 618 3205 mur:
649 3151 948 3221 importuue
975 3156 1224 3223 clamant,
1256 3160 1349 3214 abs
1372 3177 1431 3216 re
1454 3174 1747 3232 queruntur
1768 3176 1822 3221 et
1844 3168 2047 3223 lamen-

470 3248 670 3307 tantur,
700 3245 786 3298 ttbi
819 3248 1002 3314 gratia:
1041 3260 1193 3304 erant
1221 3251 1511 3318 habendae;
1545 3257 1786 3312 incusant
1825 3261 1911 3315 ubi
1940 3264 2050 3316 lau-

467 3332 700 3386 dandum
731 3344 884 3390 erat:
935 3339 1349 3409 pra-lectumque
1388 3357 1594 3414 oportet
1632 3351 1806 3404 onmia
1845 3352 2049 3408 fortiter

467 3421 625 3488 ferre,
655 3439 827 3495 neque
851 3426 922 3480 ob
949 3429 1278 3496 importunus
1307 3434 1448 3489 rixas
1478 3437 1561 3490 vel
1584 3438 1839 3495 absurdus
1865 3458 2048 3512 quere-

467 3510 547 3565 las
598 3512 674 3567 ira
714 3521 1057 3574 commoveri.
1092 3520 1302 3575 illarum
1345 3527 1484 3579 enint
1527 3528 1803 3585 infelicitas
1841 3534 2048 3588 miseri-

464 3604 697 3659 eordiam
725 3607 916 3675 potius,
944 3627 1102 3681 quam
1128 3617 1498 3672 contumeliam
1520 3633 1783 3677 meretur:
1812 3625 2043 3694 ipsarum

463 3702 640 3749 autem
696 3701 948 3753 mrumnis
1016 3702 1267 3759 insultare
1301 3747 1317 3770 ,
1380 3718 1430 3763 et
1495 3717 1820 3781 paupertatis
1871 3718 2042 3772 dolori

462 3788 832 3842 contumeliam
876 3791 1111 3856 addere,
1172 3808 1425 3854 cxtreune
1482 3804 1808 3862 crudelitatis
1863 3808 2039 3864 fuerit.

462 3875 821 3940 Quamobrem
874 3884 955 3937 vir
996 3888 1209 3956 quidatn
1266 3894 1723 3964 sapientissimus,
1765 3906 2038 3960 avaritiam

459 3970 872 4041 superbiamque
925 3976 1168 4033 humana:
1203 3994 1408 4038 naturm
1434 3988 1779 4047 considerans
1802 4035 1815 4058 ,
1842 4011 2040 4064 gnarus

458 4055 826 4127 paupertatem
859 4064 1155 4134 lmjosmodi
1183 4086 1320 4134 esse,
1352 4084 1408 4128 ut
1438 4079 1607 4144 possit
1636 4081 1713 4136 vel
1736 4090 2036 4152 generosis-

456 4150 647 4205 simum
676 4153 909 4210 aniuttnn
935 4158 1183 4228 dejicere.
1215 4179 1386 4234 eoque
1405 4167 1667 4225 deducere
1696 4182 1753 4226 ιιι
1774 4175 1956 4230 iisdem
1984 4181 2035 4233 in

458 4242 621 4296 rebus
644 4246 837 4315 smpius
860 4248 1194 4319 impudenter
1215 4264 1353 4325 agat,
1385 4274 1451 4311 ne
1474 4261 1591 4329 quis
1614 4266 1914 4330 petentibus
1937 4270 2037 4325 illis

455 4332 747 4401 irascatur,
779 4354 914 4405 neu,
947 4342 1308 4411 frequentibus
1334 4364 1515 4404 eorum
1547 4356 1789 4420 prccilnts
1815 4375 2039 4430 exaspe.

452 4431 619 4488 ratus,
648 4425 874 4482 infestus
916 4433 1103 4486 evadat
1134 4434 1252 4499 ille,
1285 4439 1372 4514 qui
1404 4456 1556 4507 opem
1591 4443 1728 4499 ferre
1750 4446 1909 4503 debet
1932 4425 1956 4514 ,⁷
1978 4461 2033 4504 ιιι

450 4527 571 4566 sese
617 4514 795 4568 mitem
826 4527 880 4571 et
925 4522 1067 4576 aditu
1108 4513 1325 4581 facilctl
1360 4531 1610 4587 exhibeat
1663 4536 1904 4592 hortatur
1951 4541 2030 4596 his

448 4602 663 4656 verbis:
715 4604 916 4662 Inc/ina
947 4618 1157 4683 pauperi
1192 4619 1300 4672 sine
1336 4623 1535 4677 tristitia
1561 4642 1729 4680 mtrem
1759 4640 1893 4681 tuam
1918 4673 1931 4695 ,
1981 4645 2031 4687 et

446 4694 694 4763 responde
711 4696 786 4751 illi
810 4701 861 4752 in
885 4708 1266 4759 mansuetudine
1288 4713 1541 4784 paci/im(
1571 4715 1724 4771 Ereti.
1754 4721 1801 4773 4.
1835 4722 1867 4775 8
1887 4726 1906 4791 )
1930 4741 1944 4777 :
1966 4740 2029 4779 ac

446 4782 666 4838 missum
690 4787 885 4844 faciens
913 4806 1032 4846 eum
1063 4796 1151 4863 qui
1174 4811 1453 4867 exasperat
1482 4804 1499 4872 (
1521 4806 1642 4872 quid
1671 4810 2024 4878 enimjaceuti

442 4872 719 4948 dixeris?)
750 4896 869 4934 eum
891 4883 1176 4953 alloquitur
1210 4890 1299 4956 qui
1346 4892 1460 4959 ejus
1499 4895 1856 4956 infirmitatem
1890 4904 2025 4962 ferre

444 4966 630 5031 possit,
661 4982 900 5033 monens,
932 4982 990 5028 ιιι
1019 4975 1191 5030 vultus
1212 4978 1462 5036 blanditie
1482 5000 1543 5038 ac
1569 4990 1847 5045 verborum
1870 5010 2021 5048 man-

439 5056 722 5112 suetudine
761 5060 918 5114 etiam
957 5074 1077 5118 ante
1104 5067 1336 5123 oblatum
1382 5073 1578 5128 donum
1617 5076 1786 5146 ipsum
1831 5084 2017 5154 erigat.

439 5141 590 5208 Quod
620 5145 664 5199 si
693 5149 812 5216 quis
852 5151 1057 5208 illarum
1097 5158 1312 5226 quidem
1346 5161 1482 5218 bona
1524 5182 1627 5221 non
1659 5184 1894 5242 usurpet,
1925 5179 2016 5232 sed

440 5233 737 5294 innumeris
784 5242 924 5311 ipsas
967 5249 1219 5306 conviciis
1262 5264 1312 5308 et
1343 5262 1678 5317 contumeliis
1715 5277 1932 5329 oneret,
1963 5280 2017 5325 et

437 5325 694 5384 adversus
715 5348 808 5389 eas
834 5336 1100 5405 irritetur,
1143 5358 1246 5398 non
1280 5348 1435 5401 modo
1465 5364 1824 5421 paupertatem
1853 5360 2011 5429 largi-

439 5419 582 5474 tione
614 5436 719 5476 non
746 5427 1010 5496 sublevat,
1041 5434 1135 5488 sed
1164 5437 1524 5496 calamitatem
1554 5444 1719 5514 ipsam
1759 5453 2012 5508 conviciis

432 5520 605 5574 anget.
632 5513 847 5573 Etiamsi
868 5523 1008 5578 enim
1029 5524 1097 5578 ob
1119 5529 1314 5587 ventris
1336 5537 1702 5594 necessitatem
1725 5543 2008 5600 admodum

437 5600 771 5673 impudentes
815 5618 932 5671 esse
971 5631 1263 5691 cogantur,
1315 5636 1547 5686 attamen
1595 5633 1661 5689 de
1705 5634 2004 5706 ltujusmodi

2193 688 2271 741 vis
2301 705 2485 747 earum
2526 700 2734 757 animos
2759 718 3005 777 occupat.
3032 710 3251 782 Oportet
3298 735 3420 776 vero
3458 739 3717 789 curatorem

2189 793 2373 835 earum
2415 795 2559 842 tanta
2588 805 2710 847 esse
2738 800 3166 873 atquauimitate,
3200 817 3255 862 ut
3300 826 3401 867 non
3431 818 3578 872 modo
3610 824 3722 879 iedi-

2187 875 2437 939 gnatioae
2467 895 2559 933 sua
2588 882 2831 944 dolorem
2858 909 2963 946 non
2993 908 3222 968 augeat,
3254 904 3344 958 sed
3370 908 3519 965 etiam
3558 917 3718 972 cohor-

2189 965 2388 1024 tatione
2420 986 2514 1025 sua
2554 990 2840 1036 mterorem
2874 987 3096 1058 mitiget.
3141 991 3272 1048 Nant
3315 1006 3718 1068 quemadmodum

2186 1059 2279 1126 qtti
2322 1067 2639 1121 contumelia
2670 1072 2934 1144 aflicitur,
2976 1091 3030 1135 et
3064 1083 3109 1137 si
3141 1085 3467 1148 facultatibus
3492 1098 3707 1169 :tlttttttiel,

2185 1151 2524 1215 pecuniarum
2553 1163 2893 1221 commodum
2923 1186 3029 1225 non
3060 1177 3223 1231 sentit
3251 1180 3319 1233 ob
3351 1184 3587 1241 inflictant
3612 1209 3718 1245 con-

2183 1241 2412 1297 tumelia:
2437 1245 2673 1317 plagam;
2701 1253 2769 1308 ita
2790 1259 2877 1326 qui
2901 1259 3092 1320 blande
3110 1278 3163 1321 et
3187 1269 3375 1327 leniter
3392 1281 3715 1347 compellatur,

2179 1340 2375 1387 etcum
2404 1342 2769 1402 consolatione
2807 1349 3005 1408 denum
3046 1360 3268 1427 accipit,
3308 1367 3493 1433 gaudet
3521 1383 3563 1424 et
3593 1372 3717 1428 heta-

2181 1432 2283 1487 tur.
2307 1427 2607 1503 duplexque
2629 1455 2818 1496 munus
2847 1460 2910 1498 ex
2936 1446 3186 1519 largiendi
3220 1457 3377 1509 modo
3392 1467 3713 1533 consequitur.

2181 1513 2222 1533 η

3016 1513 3039 1519 ν
3527 1513 3713 1533 "I""""

2177 1513 2302 1572 ll.ec
2329 1535 2485 1587 porro
2512 1542 2615 1580 non
2642 1544 2669 1581 a
2702 1534 2906 1604 tneipso
2930 1578 2943 1597 ,
2973 1541 3067 1593 sed
3097 1542 3164 1595 ab
3192 1545 3301 1610 illo,
3331 1551 3416 1619 qtti
3445 1555 3591 1620 paulo
3615 1570 3715 1613 ante

2176 1603 2505 1680 hortabatur,
2540 1617 2744 1688 loquor.
2772 1624 2904 1681 Nam
2934 1625 3056 1695 Fili,
3091 1634 3260 1705 inquit
3286 1679 3301 1704 ,
3330 1642 3379 1694 in
3409 1643 3540 1700 bonis
3575 1664 3628 1701 ne
3648 1653 3719 1705 de:

2174 1699 2492 1767 t‘itupet‘inm,
2523 1719 2569 1760 et
2594 1712 2646 1765 in
2675 1718 2812 1769 omni
2837 1718 2971 1774 dono
3009 1724 3233 1781 dolorem
3264 1732 3532 1789 eerbormn.
3564 1738 3719 1795 Nonne

2171 1800 2346 1846 aratum
2375 1813 2456 1850 ros
2498 1800 2727 1859 sedabit!
2765 1806 2852 1861 lla
2892 1813 3069 1868 melius
3095 1827 3168 1870 est
3193 1822 3395 1877 verbum
3436 1827 3577 1882 dono.
3611 1831 3719 1887 Ecce

2170 1885 2300 1935 enim
2339 1888 2538 1943 verbum
2565 1893 2748 1949 bonum
2775 1911 2846 1952 cst
2870 1903 2983 1971 plus
3007 1922 3155 1974 quam
3172 1910 3362 1967 donum
3379 1959 3392 1974 .
3421 1930 3464 1971 et
3493 1932 3720 1994 ntrmnqre

2168 1982 2239 2025 est
2261 1977 2403 2043 apud
2432 1982 2588 2035 virum
2631 1989 2905 2054 gratiosum
2937 1993 3133 2064 (Ercli.
3167 2003 3252 2056 i8.
3300 2005 3509 2078 1547).
3538 1977 3717 2067 Illarum

2168 2064 2293 2118 item
2325 2072 2629 2137 prtefecttnu
2661 2095 2763 2135 non
2793 2086 2973 2140 mitem
3000 2099 3200 2147 tantum
3234 2107 3287 2150 et
3322 2102 3610 2169 patientem,
3637 2111 3714 2161 sed

2167 2159 2387 2226 perinde
2410 2172 2800 2226 (ecouonticum
2829 2191 2948 2233 esse
2976 2194 3223 2249 oportet:
3267 2189 3315 2243 id
3344 2207 3467 2247 vero
3491 2196 3530 2247 si
3559 2197 3717 2253 abfue-

2146 2248 2252 2312 trit,
2278 2265 2490 2308 rursum
2521 2273 2809 2328 pauperum
2845 2266 3121 2329 facultates
3145 2276 3195 2329 in
3229 2278 3368 2334 idem
3390 2282 3622 2340 damnum
3649 2306 3716 2342 re.

2163 2341 2365 2397 cidttnt.
2408 2346 2590 2419 Nuper
2618 2354 2758 2409 enim
2806 2360 2925 2427 quis
2968 2361 3091 2419 huic
3136 2368 3437 2428 ministerio
3480 2377 3716 2445 adscitus,

2164 2433 2323 2486 multa
2341 2438 2455 2491 auri
2476 2441 2522 2492 vi
2541 2443 2782 2512 collecta,
2809 2450 2919 2520 ipse
2947 2470 3010 2508 ne
3030 2463 3379 2532 consumpsit,
3406 2482 3564 2537 neque
3582 2487 3717 2540 egen-

2164 2526 2340 2593 tibus,
2389 2528 2568 2599 paucis
2609 2543 2882 2609 exceptis,
2924 2546 3236 2617 distribuit;
3285 2558 3556 2612 maximam
3612 2579 3719 2617 vero

2161 2631 2362 2688 partem
2410 2635 2548 2682 terra
2591 2631 2801 2699 obmit,
2830 2635 2999 2693 donec
3044 2649 3452 2711 superveniente
3499 2654 3719 2708 tumultus

2163 2719 2402 2781 tempore
2445 2716 2673 2774 hostium
2718 2728 2961 2785 manibus
3005 2732 3146 2787 illaut
3177 2739 3413 2793 tradidit.
3444 2742 3611 2812 Magna
3640 2748 3719 2797 ita.

2162 2817 2265 2870 que
2295 2808 2621 2873 providentia
2649 2824 2730 2870 est
2775 2833 2906 2886 opus
2928 2861 2943 2887 ,
2975 2834 3029 2876 ut
3056 2825 3312 2883 Ecclesite
3356 2832 3610 2890 facultates
3636 2853 3717 2892 nec

2157 2895 2454 2953 redundent
2479 2944 2491 2963 .
2522 2919 2620 2961 nec
2645 2907 2921 2968 deficiant:
2969 2918 3063 2971 sed
3095 2937 3214 2988 qua:
3247 2939 3527 2995 erogantur
3565 2933 3716 2987 omnia

2156 2987 2333 3041 statim
2360 3003 2482 3045 sunt
2508 2998 2688 3064 egenis
2718 3002 3081 3064 distrihucnda
3099 2987 3121 3074 ,ί
3146 3022 3311 3084 atque
3415 3022 3714 3077 subditorum

2156 3079 2244 3144 pio
2268 3086 2542 3150 proposito
2589 3087 2840 3146 Ecclesia:
2888 3097 3120 3154 thesauri
3169 3108 3453 3178 colligendi
3496 3124 3627 3166 sunt.
3668 3114 3715 3168 In

2156 3168 2454 3241 hospitibus
2481 3189 2659 3234 autem
2687 3186 3028 3255 eiicipiendis,
3065 3203 3118 3248 et
3142 3196 3192 3249 in
3226 3204 3478 3256 curandis
3503 3211 3709 3274 :egrotis,

2154 3274 2351 3331 quanto
2381 3279 2532 3335 putas
2558 3287 2690 3340 Opus
2713 3293 2833 3333 esse
2875 3285 3216 3348 pecuniarum
3248 3307 3457 3363 sumptu
3485 3338 3499 3360 ,
3544 3308 3712 3367 quanta

2153 3358 2519 3422 prmfeetorum
2549 3363 2815 3434 diligentia
2856 3374 3286 3448 prudentiaque?
3314 3385 3458 3440 lianc
3483 3390 3612 3442 enim
3637 3406 3713 3442 ex-

2155 3462 2375 3516 pensam
2409 3452 2492 3505 illa
2527 3472 2630 3510 non
2679 3461 2937 3517 minorem
2964 3508 2977 3530 ,
3008 3468 3116 3523 imo
3141 3486 3290 3543 smpe
3319 3478 3567 3546 majorem
3609 3496 3711 3533 esse

2158 3551 2381 3595 necesse
2411 3553 2510 3597 est.
2543 3546 2964 3623 Prarfectumque
2997 3560 3163 3628 ipsum
3198 3565 3251 3619 in
3287 3568 3557 3639 largitione
3582 3572 3713 3625 decet

2149 3636 2500 3689 reverentiam
2531 3649 2586 3693 et
2608 3642 2936 3708 prudentiam
2976 3651 3268 3723 adhibere;
3301 3677 3407 3727 quo
3438 3664 3517 3725 iis,
3558 3663 3636 3733 qui
3664 3678 3712 3717 re

2148 3719 2390 3778 familiari
2417 3728 2721 3798 abundant,
2753 3738 2970 3795 suadeat
2994 3784 3006 3803 ,
3037 3756 3092 3797 ut
3118 3754 3366 3807 certatim
3412 3766 3463 3809 et
3504 3757 3714 3810 hilariter

2146 3825 2240 3866 sua
2264 3815 2399 3870 dona
2422 3833 2658 3887 erogent,
2695 3842 2760 3881 ne
2788 3829 2910 3884 dttttt
2942 3835 3275 3895 infirmorum
3304 3846 3579 3899 commodo
3599 3862 3711 3915 prn-

2145 3904 2319 3972 spicit,
2354 3908 2708 3969 beneficorum
2735 3922 2942 3977 animos
2969 3941 3272 3997 exasperet.
3312 3935 3409 3990 llic
3438 3953 3589 4006 porro
3610 3953 3711 3990 tna~

2140 3993 2312 4062 jorem
2349 4001 2674 4060 alacritatem
2703 4020 2757 4062 et
2789 4011 3111 4083 diligentiam
3140 4022 3398 4081 exhibere
3437 4030 3667 4083 convenit
3695 4045 3706 4082 :

2142 4100 2265 4144 sunt
2309 4095 2449 4148 cnim
2494 4102 2616 4166 a-gri
2649 4108 2842 4161 morosi
2873 4121 2925 4162 et
2952 4128 3171 4181 segnes:
3221 4135 3285 4173 ac
3316 4123 3417 4176 nisi
3463 4139 3710 4177 summam

2143 4181 2372 4249 undique
2399 4185 2723 4256 diligentiam
2754 4211 3044 4271 curamque
3074 4206 3335 4265 adhibeas
3363 4254 3378 4276 ,
3413 4216 3493 4267 vel
3526 4215 3706 4267 tantilla

2132 4272 2354 4338 quidem
2388 4280 2702 4350 negngeutia
2735 4300 2907 4356 potest
2946 4309 3133 4365 magna
3162 4306 3446 4370 mgrotanti
3469 4307 3598 4359 mala
3626 4306 3708 4358 iut-

2140 4373 2368 4428 portare.

2210 4458 2293 4511 l7.
2340 4461 2569 4527 Quantus
2593 4468 2656 4521 sit
2684 4469 2734 4523 in
2781 4472 3136 4542 gubernatione
3181 4483 3433 4554 virginum
3461 4490 3621 4541 timor.
3648 4518 3696 4527 -—

2135 4545 2285 4610 Quod
2320 4552 2384 4603 ad
2426 4554 2684 4623 virginum
2725 4577 2906 4618 curam
2937 4570 3143 4636 attinet,
3194 4582 3347 4631 tanto
3379 4579 3548 4648 major
3571 4580 3707 4631 adest

2135 4648 2325 4704 metus,
2374 4656 2572 4713 quanto
2598 4649 2892 4719 depo~itum
2926 4662 3226 4727 pretiosius.
3272 4678 3329 4722 et
3358 4681 3555 4740 quanto
3595 4685 3707 4739 rege

2131 4727 2338 4799 dignior
2366 4734 2446 4787 hic
2464 4753 2591 4806 grex
2616 4754 2714 4806 ρει,
2746 4760 2901 4814 quam
2920 4751 3026 4804 alii.
3056 4752 3233 4826 Nuper
3256 4761 3402 4813 enim
3430 4765 3704 4816 innumera:

2130 4817 2182 4873 in
2212 4834 2511 4880 sanctarum
2552 4829 2849 4898 hujusmodi
2878 4841 3099 4896 chorum
3135 4847 3425 4918 ingressa),
3473 4856 3702 4922 vitiisque

2128 4911 2306 4964 multis
2337 4915 2565 4982 referttc,
2594 4923 2931 4982 debacchatm
2956 4944 3096 4986 sunt.
3132 4935 3226 4990 llic
3247 4954 3378 4993 vero
3405 4943 3576 4996 luctus
3597 4959 3699 4996 ma-

2121 4999 2209 5068 jor
2238 5002 2334 5056 fttit
2363 5020 2376 5056 :
2405 5021 2467 5060 ac
2491 5015 2933 5077 quemadmodum
2965 5039 3069 5077 non
3095 5030 3314 5094 perinde
3352 5044 3434 5087 est
3472 5035 3700 5104 pucllane

2128 5090 2314 5159 libera,
2337 5111 2402 5149 an
2432 5099 2545 5168 ejus
2574 5105 2761 5158 ancilla
2792 5123 2971 5176 peccet
3002 5131 3016 5168 :
3064 5117 3127 5170 ita
3162 5136 3263 5174 non
3296 5124 3526 5194 idipsunt
3559 5126 3698 5183 estsi

2123 5184 2270 5253 virgo
2298 5202 2363 5240 an
2395 5191 2570 5246 vidua.
2605 5195 2695 5250 llis
2721 5200 2860 5254 enim
2886 5215 2942 5258 et
2971 5210 3175 5277 nugari,
3208 5222 3260 5265 et
3294 5218 3497 5271 mutuis
3523 5218 3693 5271 convi-

2119 5275 2216 5328 ciis
2242 5277 2465 5348 litigare,
2498 5293 2549 5337 et
2577 5286 2777 5343 adulari
2804 5302 2856 5345 et
2893 5294 3227 5364 impudenter
3255 5319 3439 5372 agere,
3492 5319 3545 5362 et
3578 5325 3691 5361 nus—

2118 5384 2273 5437 quam
2307 5389 2408 5428 non
2438 5392 2691 5446 apparch
2717 5394 2771 5438 et
2801 5386 2849 5438 itt
2880 5387 2993 5442 foro
3023 5406 3163 5462 smpe
3188 5398 3487 5465 ambulare,
3522 5402 3572 5454 in
3604 5416 3691 5452 usa

2115 5459 2375 5529 frequenti
2414 5478 2514 5522 est.
2558 5470 2715 5541 Virgo
2743 5488 2917 5532 autem
2949 5459 3119 5550 majus
3147 5498 3420 5543 certamen
3452 5493 3597 5554 adiit,
3643 5500 3692 5544 et

2115 5569 2415 5625 supremam
2463 5561 2847 5634 philosophiam
2903 5583 3153 5643 sectatur,
3212 5582 3595 5652 prolitcturque
3636 5598 3688 5635 sc

2121 5647 2411 5717 angelicum
2448 5654 2603 5708 vitem
2637 5655 2687 5711 in
2721 5665 2858 5715 terra
2895 5663 3111 5734 ducere,
3160 5684 3219 5724 ac
3244 5685 3369 5725 cum
3412 5672 3512 5728 hac
3536 5687 3686 5728 carne
