3944 6202
169 422 254 478 657

160 547 255 601 qua:
290 529 704 595 incorporearum
748 529 868 576 sunt
907 526 1224 588 potestatum
1262 517 1361 570 sibi
1402 516 1696 586 przestantla

158 620 389 693 proponit.
425 615 534 671 Nec
571 616 692 670 licet
732 614 780 668 ei
824 611 1128 682 frequenter
1176 620 1227 663 et
1261 610 1515 663 inutiliter
1561 608 1700 662 foras

154 709 389 784 progredi,
417 723 515 763 nec
545 707 705 762 verba
745 703 917 761 iutilia
943 718 1182 773 vanaque
1212 700 1448 772 proferre
1476 718 1488 751 :
1521 700 1701 754 com-i—

154 803 209 859 cii
249 811 296 855 et
336 798 651 855 adulationis
695 810 760 853 ne
812 811 1002 848 nomen
1040 792 1252 864 quidem
1295 792 1435 845 norit
1471 806 1520 858 οι
1541 797 1699 843 ortet.

149 898 446 963 Quapropter
460 889 762 943 ﬁrmissima
781 886 1014 943 custodia
1032 893 1087 939 et
1101 883 1284 952 majori
1302 881 1543 951 prmsidio
1571 895 1703 949 opus

152 986 323 1039 habet:
370 996 491 1035 nam
537 977 830 1040 sanctitatis
866 976 1031 1029 hostis
1077 974 1217 1041 ipsas
1247 971 1414 1039 magis
1454 971 1701 1023 observat

148 1074 423 1142 insidiisque
450 1071 683 1140 appetit,
724 1065 1180 1129 addevoraudmn
1232 1070 1440 1134 paratus
1470 1061 1513 1114 si
1543 1075 1699 1129 quam

145 1166 374 1220 labentem
404 1161 792 1229 cadentemquc
820 1158 993 1209 videat
1024 1172 1038 1211 :
1081 1154 1352 1207 ltomiuum
1384 1153 1506 1205 item
1548 1150 1701 1204 multi

143 1254 250 1322 ipsis
272 1251 607 1311 insidiantur,
631 1265 751 1303 cum
776 1249 942 1316 iisque.
966 1245 1209 1300 munibus
1235 1253 1435 1297 natura:
1463 1241 1700 1311 petulan-

141 1346 216 1397 tia.
243 1343 294 1396 lu
314 1356 524 1396 summa
550 1340 745 1408 duplex
781 1337 975 1391 bellum
1004 1336 1070 1388 ab
1094 1352 1154 1387 ea
1185 1335 1403 1403 geritur,
1431 1331 1573 1385 aliud
1600 1347 1695 1386 ex-

143 1436 373 1491 trinsecus
422 1432 775 1490 incumbens.
840 1429 980 1483 aliud
1026 1427 1340 1481 intrinsecus
1388 1423 1695 1478 obturbaus.

140 1527 244 1583 lleo
266 1542 481 1597 magnus
512 1526 676 1580 instat
700 1522 930 1577 curatori
964 1521 1139 1584 timur,
1178 1515 1345 1586 majus
1384 1515 1695 1585 periculum,

143 1620 272 1673 dolor
294 1619 499 1688 ingens,
549 1614 593 1669 si
623 1613 747 1684 quid
783 1622 965 1665 contra
991 1609 1151 1663 animi
1179 1608 1518 1667 sententiam.
1559 1604 1697 1675 quod

140 1710 272 1769 absit,
315 1707 546 1762 accidat.
599 1705 731 1759 Nam
763 1702 808 1757 si
856 1702 988 1769 putri
1021 1701 1128 1769 ﬁlia
1166 1698 1394 1752 occulta‘
1443 1697 1700 1765 vigilantia

142 1799 300 1868 (Ereti.
325 1799 409 1855 ιε.
434 1799 494 1868 9)
523 1807 628 1859 est,
675 1806 729 1850 et
767 1791 1071 1849 sollicitudo
1107 1791 1221 1860 ejus
1259 1802 1501 1843 somnum
1541 1786 1607 1839 ab
1635 1799 1700 1839 eo

142 1891 347 1959 depellit,
370 1890 597 1943 timente
624 1902 689 1940 ne
715 1895 804 1938 aut
823 1884 1020 1938 sterilis
1040 1884 1134 1947 sit,
1166 1881 1246 1934 vel
1274 1880 1504 1933 nubilem
1526 1889 1699 1931 trans-

145 1982 377 2049 grediatur
396 1989 639 2044 :etatetu,
668 1978 751 2031 vel
784 1990 969 2044 perosa
997 1973 1065 2027 sit
1088 1972 1298 2041 conjugi
1331 1986 1346 2026 :
1388 1969 1509 2038 quid
1536 1970 1703 2039 patie—

144 2087 212 2130 tur
234 2078 291 2141 is,
316 2075 401 2144 qui
436 2072 633 2125 horum
664 2070 878 2140 quidem
902 2066 1051 2131 nihil,
1074 2063 1165 2119 sed
1188 2063 1288 2117 alia
1314 2063 1378 2116 iis
1407 2062 1560 2130 longe
1580 2076 1699 2129 gra-

143 2169 264 2219 viora
286 2162 512 2218 metuit?
539 2160 721 2230 Neque
747 2158 831 2217 hic
852 2158 931 2211 vir
947 2155 1215 2211 contemni
1239 2162 1435 2224 potest,
1460 2152 1555 2206 sed
1585 2152 1697 2219 ipse

142 2255 352 2310 Christus
379 2271 393 2307 :
423 2266 605 2321 neque
629 2249 879 2304 sterilitas
908 2247 959 2301 in
981 2245 1319 2315 ignominiam
1349 2251 1573 2308 tantum,
1605 2239 1698 2295 scd

143 2348 308 2401 malum
330 2347 378 2399 iu
402 2343 698 2415 perniciem
723 2341 913 2405 animze
933 2338 1146 2393 desiuit.
1168 2335 1300 2391 Nam
1325 2333 1501 2390 Omnis
1525 2336 1695 2401 arbor,

146 2439 220 2502 ait,
246 2453 346 2505 qua!
370 2452 472 2488 non
498 2434 623 2505 facit
641 2432 871 2502 fructum
894 2431 1098 2495 bonum,
1126 2427 1382 2482 excidatur
1402 2435 1445 2480 et
1465 2426 1516 2480 in
1531 2426 1697 2497 ignem

147 2530 334 2581 mittetur
363 2527 581 2599 (illattft.
609 2526 663 2580 5.
690 2523 799 2593 10).
845 2522 907 2576 Ei
935 2537 1062 2577 vero
1083 2536 1201 2590 qua:
1231 2520 1284 2574 in
1310 2518 1490 2588 sponsi
1518 2518 1694 2571 odium

147 2618 352 2682 incurrit,
382 2633 489 2671 non
531 2615 660 2670 satis
688 2624 769 2667 est
798 2620 1015 2680 accepto
1050 2609 1259 2679 repudii
1298 2609 1479 2664 libello
1510 2608 1694 2671 abire;

145 2709 335 2763 talodii
356 2709 499 2762 iliius
531 2719 717 2775 pmuas
746 2704 863 2766 luit,
895 2700 1211 2772 supplicium
1232 2709 1509 2754 :eternum.
1540 2697 1697 2777 Certe

145 2808 272 2867 pater
296 2797 527 2853 carnalis
558 2795 721 2847 multa
748 2792 929 2856 habet,
951 2806 1069 2860 qua:
1103 2790 1308 2845 facilem
1336 2788 1433 2858 ipsi
1463 2788 1584 2845 filia:
1607 2801 1700 2841 cu-

144 2890 336 2944 stodiam
362 2889 628 2953 reddant;
666 2901 786 2941 nam
820 2896 875 2939 et
902 2894 1071 2937 mater
1097 2891 1150 2937 et
1178 2881 1357 2936 nutrix
1386 2889 1440 2935 et
1474 2879 1697 2934 famula-

146 2997 240 3035 rum
266 2981 408 3035 turba
446 2990 509 3035 et
534 2979 725 3033 domus
763 2975 986 3030 [inuitas
1025 2982 1300 3043 parentem
1340 2971 1406 3026 ad
1444 2971 1697 3040 virginem

144 3072 433 3137 servandam.
440 3072 655 3141 juvant.
676 3063 1286 3137 Nequeeuiminforum
1308 3077 1427 3121 eam
1447 3062 1697 3131 frequens

145 3173 210 3219 ter
232 3163 429 3233 prodire
465 3162 633 3227 sinit;
681 3174 867 3227 neque.
896 3157 1209 3227 siprodeat,
1243 3155 1470 3224 cuipiam
1504 3168 1699 3213 eccun-

146 3255 339 3313 rentium
377 3267 646 3325 apparere
670 3250 907 3321 cogitur,
949 3263 1068 3311 cum
1098 3245 1425 3316 ivespertinm
1466 3244 1700 3299 tenebrat

144 3346 346 3417 conspici
404 3345 611 3403 uolenti
661 3358 766 3401 non
829 3341 1085 3401 minorem
1124 3334 1703 3403 obicemcbteudant,

144 3455 272 3506 quam
346 3438 588 3508 parietes
653 3435 864 3495 domus.
932 3432 1159 3488 Prmter.
1188 3429 1306 3485 inec
1367 3444 1494 3483 vero
1555 3428 1699 3485 nulla

145 3528 294 3583 subest
315 3543 497 3591 causa,
530 3541 648 3597 quae
677 3524 819 3580 illam
841 3536 1089 3593 umquam
1111 3519 1181 3575 ad
1207 3519 1701 3587 virorumconspeo

143 3629 262 3671 clum
287 3620 457 3688 adigat
490 3636 507 3672 :
538 3631 708 3686 uetpie
732 3614 874 3669 enim
902 3627 1077 3671 rerum
1106 3609 1524 3666 necessariarum
1546 3621 1707 3673 cura,.

145 3723 287 3776 neque
324 3707 632 3765 lzrdentium
672 3703 952 3768 molestiae,
995 3716 1169 3770 neque
1212 3699 1403 3755 simile.
1431 3698 1711 3767 quidpiam.

144 3796 261 3849 illam
288 3800 336 3853 in
366 3800 489 3852 talis
529 3808 845 3865 congressus
876 3791 1250 3849 necessitatem
1281 3787 1505 3857 impellit
1530 3802 1543 3839 :
1576 3802 1696 3842 cum

146 3885 206 3938 illi
233 3897 364 3955 pater
390 3890 509 3942 vice
531 3887 768 3942 omnium
796 3884 886 3950 sit,
919 3883 1031 3953 ipsa
1060 3895 1184 3936 vero
1210 3894 1368 3936 uuam
1391 3877 1584 3934 habeat
1603 3894 1703 3932 cu-.

143 3993 257 4043 ram,
295 3990 351 4033 ut
386 3979 524 4033 nihil
551 3977 633 4031 vel
661 3985 781 4043 agat
816 3976 899 4029 vel
929 3975 1175 4041 Imitatur
1193 3969 1711 4040 ,quodhonestatcm.

144 4068 385 4124 dedeceat.
416 4071 487 4124 At
520 4067 608 4123 hic
632 4066 794 4121 multa
822 4072 947 4123 sunt
974 4078 1091 4133 quae
1116 4061 1411 4117 custodiam
1440 4060 1573 4129 patri
1596 4059 1697 4115 dif-

143 4159 330 4224 ﬁcilem,
375 4160 485 4217 imo
534 4166 651 4219 arte
694 4156 1020 4225 superiorem
1061 4152 1305 4211 reddant.
1348 4150 1530 4221 Neque
1556 4153 1713 4207 enim.

145 4260 289 4316 pint-st
312 4266 426 4306 eam
452 4250 597 4304 intus
619 4262 799 4302 secum
828 4245 1026 4299 habere
1068 4261 1081 4297 :
1128 4242 1232 4299 huc
1271 4242 1465 4311 quippe
1504 4250 1696 4296 contu-

145 4342 357 4396 bernium
396 4356 501 4396 nec
537 4340 816 4394 honestum
846 4342 1008 4399 esset,
1056 4348 1155 4389 nec
1194 4333 1430 4403 periculo
1465 4340 1696 4387 vacaret.

146 4429 272 4484 Licet
294 4433 427 4485 enim
460 4431 588 4485 hinc
626 4429 728 4483 illis
754 4426 884 4481 nihil
914 4422 1349 4487 damniadesset,
1392 4421 1485 4478 sed
1517 4436 1715 4477 veram.

146 4522 445 4587 sanctitatem
508 4534 723 4577 servare
770 4524 1083 4587 pergerent,
1130 4528 1236 4567 non
1272 4513 1532 4568 minorem
1572 4510 1696 4566 red-

149 4613 285 4668 dituri
308 4624 484 4679 essent
520 4614 781 4681 rationem
825 4623 921 4679 pro
961 4608 1027 4662 iis
1072 4606 1367 4668 animabus,
1395 4604 1586 4673 quibus
1612 4601 1696 4656 of-

144 4704 381 4762 fendicqu
422 4707 671 4770 fuissent,
714 4718 870 4774 quam
907 4702 949 4756 si
992 4700 1150 4761 ambo
1178 4705 1508 4771 peccassent.
1563 4695 1717 4753 Cum.

141 4805 297 4851 autem
322 4799 371 4850 id
402 4796 519 4852 fieri
549 4804 797 4865 nequeat,
826 4808 932 4848 non
958 4791 1111 4847 facile
1142 4790 1240 4859 ipsi
1265 4798 1348 4844 est
1367 4791 1557 4842 anima:
1584 4802 1699 4841 mo-

140 4894 211 4939 tus
233 4888 489 4953 ediscere,
520 4897 573 4942 et
597 4901 693 4941 eos
714 4886 805 4955 'qui
836 4882 1119 4938 inordinati
1156 4892 1277 4935 sunt
1307 4894 1570 4944 resecare,
1606 4878 1699 4948 qui

137 4990 248 5028 vero
271 4978 449 5032 debito
475 4977 659 5031 ordine
686 4984 740 5029 et
768 4972 927 5027 modo
957 4970 1249 5041 procedunt
1268 4970 1535 5036 excolere,
1564 4978 1617 5024 ct
1642 4969 1696 5024 in

140 5067 307 5121 melius
326 5067 634 5121 deducere:
681 5079 853 5136 neque
881 5063 1054 5117 exitus
1085 5062 1137 5115 in
1179 5060 1444 5131 publicum
1489 5062 1698 5116 curiose

137 5157 368 5225 indagare
409 5158 465 5212 in
506 5165 747 5228 promptu
776 5164 895 5221 est;
930 5151 1216 5239 uamquod
1245 5151 1334 5205 illa
1371 5152 1521 5221 inOpS
1550 5151 1620 5206 sit
1643 5161 1698 5207 et

138 5251 411 5313 patrocinio
450 5248 719 5314 destituta,
768 5263 873 5303 non
919 5254 1097 5316 potest
1135 5244 1247 5314 ipse
1282 5253 1387 5296 tam
1422 5253 1697 5301 accuratus

136 5338 291 5394 ἀθροινὶ
329 5349 387 5396 et
410 5340 618 5396 honesti
654 5339 957 5408 explorator
993 5351 1133 5391 esse.
1173 5334 1379 5389 Etenim
1423 5349 1542 5387 cum
1583 5333 1692 5401 ipsa

140 5430 222 5484 tibi
265 5433 450 5488 omnia
511 5432 879 5487 administrare
939 5437 1182 5498 cogatur,
1244 5425 1290 5479 si
1339 5432 1696 5493 temperanter

142 5519 296 5579 virere
316 5523 479 5584 nolit,
521 5519 743 5581 exeundi
778 5516 1087 5577 occasiones
1132 5514 1461 5571 comminisci
1503 5522 1694 5582 petest.

193 5632 486 5685 'sievocetn
506 5632 774 5683 heia-sicam
804 5612 964 5693 mal”
1000 5630 1346 5690 interpretatur
1378 5625 1542 5691 Aquila
1574 5632 1695 5677 Gen.

316 5710 434 5769 .qua
458 5688 1071 5769 vocehsignilicaturivirgo
1094 5688 1204 5759 qua:
1226 5695 1383 5769 clausa
1407 5688 1699 5769 eZt‘virorum

145 5754 331 5814 Insani
355 5754 641 5808 'ahswndita
662 5754 854 5813 'tnanet.
876 5762 957 5811 llic
980 5754 1127 5811 hicus'
1148 5757 1272 5822 apud
1302 5757 1561 5810 Siracidem
1586 5754 1699 5809 loco

147 5812 189 5862 in
205 5822 337 5867 textu
352 5820 506 5869 citato
532 5817 724 5882 legitur.
1595 5880 1598 5882 λ

1338 405 1424 460 DE
1462 404 1908 461 SACEltllOTIO.
1950 405 2075 460 LIB.
2122 406 2205 462 ιιι.

3278 411 3380 467 638

1809 518 2133 587 Oportetque
2160 518 2389 589 aliquem
2411 519 2685 587 jubentetu
2704 520 2844 575 domi
2867 537 3100 587 manere,
3133 525 3221 593 qui
3250 525 3380 579 tales

1804 609 2111 663 ocea~iones
2139 610 2405 678 praecidat,
2424 627 2485 665 ac
2508 612 2804 666 necessaria
2831 615 3150 683 suppeditet,
3174 631 3378 672 necnon

1804 699 2052 754 feminam
2086 717 2196 753 rem
2220 701 2357 754 illius
2386 712 2658 758 curantem
2688 719 2702 756 :
2731 704 2958 759 arcenda
2988 705 3109 758 item
3138 717 3219 760 est
3240 723 3268 760 a
3293 707 3377 761 fu-

1805 793 2025 845 neribus
2052 808 2113 848 ac
2140 794 2443 863 pervigiliis.
2475 792 2812 859 Novitenim,
2846 798 3380 854 uovitcallidissimus

1804 881 1891 934 ille
1942 898 2160 951 serpens
2218 899 2311 952 per
2358 885 2494 939 booa
2545 888 2703 942 etiam
2749 903 2911 957 opera
2947 888 3092 943 virus
3132 904 3380 961 Spargere

1801 986 1959 1027 Suum
1987 986 2002 1024 :
2043 989 2281 1043 opusque
2311 984 2391 1029 est
2417 976 2668 1046 virginem
2699 979 3044 1049 undequaque
3074 983 3285 1044 muniri,
3327 994 3382 1037 et

1803 1077 1926 1119 raro
1951 1078 2044 1130 per
2071 1080 2266 1117 annum
2298 1064 2457 1119 domo
2483 1065 2684 1135 egredi,
2724 1082 2914 1136 nempe
2937 1083 3055 1121 cum
3088 1068 3380 1125 indeclinav

1805 1149 1937 1206 biles
1961 1168 2023 1207 ac
2049 1156 2363 1209 necessaria:
2385 1166 2574 1226 urgent
2600 1174 2791 1212 causae.
2821 1159 2876 1215 Si
2914 1160 3031 1230 quis
3058 1176 3186 1215 vero
3214 1161 3376 1230 dicat,

1808 1256 1911 1294 non
1936 1259 2067 1312 opus
2084 1260 2202 1300 esse
2220 1256 2274 1299 ut
2294 1262 2379 1300 res
2408 1247 2706 1316 hujusmodi
2724 1249 2973 1320 episcopo
2994 1253 3377 1320 committatur,

1802 1336 2006 1388 noverit
2039 1337 2099 1399 is,
2133 1337 2463 1407 singularum
2500 1354 2675 1393 rerum
2704 1351 2966 1410 gestarqu
2996 1342 3301 1398 occasiones
3326 1354 3382 1399 et

1800 1437 1990 1479 causas
2014 1425 2080 1479 ad
2108 1426 2276 1495 ipsum
2301 1427 2607 1483 referendas
2632 1444 2783 1495 esse;
2815 1431 2883 1483 ita
2908 1441 2963 1485 ut
2984 1432 3148 1487 multo
3175 1434 3375 1499 utilius,

1801 1516 1844 1569 si
1874 1516 2051 1572 omnia
2081 1517 2194 1587 ipse
2222 1518 2618 1586 administrans,
2652 1522 2715 1576 iis
2740 1522 3049 1579 criminibus
3078 1524 3211 1579 liber
3237 1525 3381 1579 futu-

1800 1621 1890 1659 rus
1922 1606 2012 1672 sit,
2060 1622 2178 1676 quae
2209 1620 2425 1678 propter
2453 1594 2675 1664 aliorum
2717 1620 2932 1680 peccata
2975 1615 3156 1669 subire
3199 1613 3378 1680 debet,

1800 1712 1957 1767 quam
2011 1699 2088 1765 si,
2139 1699 2358 1755 dimissa
2411 1702 2709 1767 huiusmodi
2759 1704 3235 1771 administratione,
3286 1721 3382 1774 pro

1799 1789 2025 1844 aliorum
2053 1792 2215 1858 gestis
2249 1792 2316 1846 de
2351 1794 2556 1847 ratione
2596 1795 2863 1851 reddenda
2890 1805 3118 1851 tremere
3141 1807 3379 1868 cogatur.

1799 1882 1880 1935 Ad
1911 1882 2044 1949 hate,
2078 1888 2163 1953 qui
2193 1900 2288 1951 per
2318 1899 2377 1939 se
2414 1885 2463 1939 id
2495 1886 2635 1955 agit,
2678 1885 2963 1941 admodum
3005 1886 3159 1944 facile
3204 1891 3383 1946 omnia

1801 1974 2061 2042 percurrit
2091 1991 2106 2027 :
2137 1974 2225 2043 qui
2251 1991 2379 2030 vero
2400 1978 2643 2031 omnibus
2672 1976 2790 2030 aliis
2809 1976 2874 2030 ad
2897 1992 3045 2031 suam
3064 1981 3382 2033 sententiam

1799 2064 2078 2132 pertractis
2117 2063 2167 2117 id
2209 2079 2368 2135 agere
2395 2067 2619 2135 cogitur,
2663 2082 2766 2120 non
2799 2077 2993 2121 tantam
3041 2068 3200 2124 habet
3239 2069 3385 2123 labo-

1797 2155 1873 2208 ris
1897 2155 2265 2211 remissionem
2305 2172 2370 2211 ex
2414 2172 2479 2211 eo
2502 2156 2644 2227 quod
2685 2173 2788 2212 non
2832 2158 2913 2212 sui
2955 2159 3123 2213 solius
3163 2160 3383 2215 arbitrio

1796 2255 1939 2317 agat,
1986 2258 2179 2317 quanta
2216 2250 2425 2319 negotia
2451 2258 2505 2304 et
2534 2249 2789 2305 tumultus
2816 2266 2909 2319 per
2941 2266 3035 2305 eos
3076 2251 3164 2321 qui
3188 2250 3382 2306 adver.

1798 2350 1983 2395 sautur
2010 2349 2065 2395 et
2095 2356 2188 2409 pro
2215 2357 2310 2396 suo
2329 2350 2564 2411 pugnant
2587 2341 2810 2410 judicio.
2842 2342 3035 2396 Verum
3060 2358 3164 2397 non
3194 2357 3383 2398 omnes

1798 2429 1865 2485 de
1902 2431 2196 2500 virginibus
2229 2432 2613 2486 sollicitudines
2643 2432 2951 2485 recensendi
2998 2430 3221 2487 facultas
3250 2441 3334 2486 est
3363 2449 3379 2488 :

1800 2524 1998 2577 etenim
2026 2538 2145 2576 cum
2190 2522 2243 2576 in
2288 2523 2466 2576 album
2513 2521 2804 2578 referenda:
2844 2532 3003 2588 sunt,
3046 2537 3150 2576 non
3197 2537 3382 2592 parum

1798 2615 1995 2684 negotii
2026 2613 2294 2669 facessunt
2335 2616 2418 2681 ei,
2461 2616 2547 2670 cui
2594 2615 2709 2670 hinc
2744 2613 3133 2670 administratio
3159 2628 3384 2671 concre-
3421 2649 3443 2661 ο

1798 2705 1905 2760 dita
1942 2714 2044 2760 est.

1866 2793 2192 2851 Judiciorum
2224 2795 2440 2867 ofﬁciunt
2464 2812 2617 2867 quam
2642 2796 2926 2850 molestum.
2960 2826 3034 2838 —
3056 2796 3385 2854 Judiciorum

1798 2885 2031 2941 officium
2047 2884 2353 2942 innumeras
2373 2887 2511 2957 parit
2530 2886 3055 2951 molestias,multum
3071 2888 3285 2958 negotii,
3308 2897 3384 2943 tot

1797 2976 2160 3044 difficultates,
2175 2989 2303 3048 quot
2319 2994 2386 3032 ne
2406 2977 2643 3034 forenses
2664 2977 2877 3048 quidem
2895 2978 3101 3048 judices
3121 2979 3347 3034 subeunt
3365 2993 3384 3034 :

1798 3069 2056 3138 siquidem
2090 3068 2180 3137 jus
2204 3068 2375 3145 ipsum
2402 3069 2639 3138 reperire
2661 3069 2812 3123 labor
2834 3076 2952 3122 est:
2983 3078 3248 3138 repertqu
3278 3084 3383 3125 non

1798 3159 2001 3214 violare
2029 3158 2268 3216 difticile.
2308 3158 2421 3213 Non
2450 3159 2613 3213 modo
2650 3169 2827 3213 autem
2861 3160 3129 3228 negotium
3158 3167 3212 3213 et
3232 3158 3388 3212 difﬁ-

1799 3250 1970 3306 cultas
1996 3249 2168 3318 adest,
2214 3249 2305 3304 sed
2332 3251 2493 3305 etiam
2524 3249 2817 3319 periculum
2848 3265 2953 3304 non
2992 3264 3231 3319 parvum.
3267 3247 3383 3304 Jam

1798 3347 1941 3401 enim
1968 3344 2186 3414 quidam
2207 3360 2274 3399 ex
2290 3344 2678 3398 inﬁrmioribus
2698 3342 2750 3397 in
2784 3342 2994 3411 negotia
3016 3341 3240 3410 delapsi,
3263 3342 3383 3411 quia

1799 3436 2149 3505 patrocinium
2201 3450 2304 3488 non
2361 3435 2643 3497 invenere,
2694 3433 2834 3489 circa
2887 3432 3044 3488 iidem
3094 3430 3391 3501 naulragati

1799 3536 1942 3582 Sunt.
1996 3527 2137 3581 Multi
2174 3527 2315 3580 enim
2366 3542 2432 3581 cx
2471 3527 2719 3580 hesorum
2765 3539 2986 3578 numero
3017 3538 3141 3593 ,non
3168 3524 3381 3590 .minus,

1798 3634 1954 3689 quam
1997 3618 2140 3685 ipsos
2179 3614 2456 3683 hedcntcs,
2486 3630 2579 3670 eos
2607 3615 2695 3684 qui
2734 3615 2831 3669 sibi
2880 3631 2984 3668 non
3026 3612 3202 3667 ferunt
3229 3629 3385 3682 opem

1799 3708 1922 3763 odio
1940 3707 2135 3762 habent
2154 3725 2171 3763 ε
2194 3723 2258 3762 ac
2272 3722 2457 3777 .neque
2472 3711 2800 3775 negotiorum
2824 3704 3200 3769 distractionis,
3215 3718 3387 3774 neque

1802 3808 2096 3869 temporum
2124 3799 2435 3869 iniquitatis,
2461 3813 2630 3867 neque
2647 3795 2990 3851 sacerdotalis
3007 3795 3252 3866 potentia:
3273 3811 3393 3851 me-r

1800 3890 2113 3955 diocritatis,
2170 3905 2340 3959 neque
2383 3890 2518 3942 alius
2554 3888 2846 3957 cujuspiam
2888 3887 3144 3941 rationem
3191 3886 3386 3942 habere

1798 3982 2011 4046 volunt;
2062 3980 2155 4035 sed
2204 3988 2327 4035 sunt
2374 3979 2728 4034 inexorabiles
2762 3977 2990 4047 judices,
3049 3978 3184 4033 hanc
3227 3994 3397 4033 unam.

1799 4075 2031 4128 scientes
2058 4072 2374 4142 apologiam,
2405 4071 2667 4125 malorum
2692 4070 3137 4139 seprementium
3160 4071 3381 4124 exitum.

1798 4163 1897 4231 Qui
1928 4165 2069 4218 hunc
2089 4162 2325 4233 praebere
2355 4163 2554 4233 nequit,
2586 4162 2827 4231 quimvis
2868 4161 3173 4215 innumeras
3196 4175 3383 4215 causas

1800 4254 2052 4323 proferat,
2085 4269 2369 4324 numquam
2400 4268 2584 4308 eorum
2612 4251 3104 4305 condemnationem
3147 4249 3380 4317 ell'ugiet.

1796 4344 1929 4413 Quia
1977 4359 2106 4397 vero
2145 4342 2422 4412 patrocinii
2465 4341 2788 4395 mentionem
2827 4338 2946 4398 feci,
2976 4354 3073 4407 age
3100 4338 3256 4391 aliam
3289 4338 3381 4393 tibi

1797 4435 2030 4505 querela:
2054 4450 2268 4489 causam
2291 4433 2592 4499 declarabo.
2626 4430 2757 4486 Nam
2782 4430 2880 4484 nisi
2910 4429 3144 4500 quotidie
3171 4430 3380 4499 episco-

1796 4542 1895 4597 pus
1928 4526 2068 4597 plus,
2095 4541 2255 4596 quam
2286 4525 2385 4595 ipsi
2416 4525 2671 4587 forenses,
2700 4524 2887 4576 domos
2910 4523 3233 4590 circumeat,
3263 4522 3385 4577 hinc

1797 4620 2120 4676 otl'ensioncs
2162 4619 2470 4673 innumerae.
2522 4615 2637 4671 Non
2683 4615 2824 4670 enim
2867 4614 2993 4685 aegri
3040 4615 3234 4678 solum,
3289 4614 3384 4672 sed

1797 4712 1955 4765 etiam
1986 4710 2073 4779 qui
2107 4711 2240 4763 bene
2266 4707 2462 4772 valent,
2503 4706 2656 4761 invisi
2682 4719 2742 4761 se
2767 4704 2979 4770 volunt;
3027 4720 3131 4760 non
3176 4707 3385 4775 pietatis

1798 4800 2136 4871 religionisve
2170 4814 2350 4864 causa,
2378 4794 2471 4853 sed
2503 4798 2719 4851 honoris
2742 4795 3118 4866 dignitatisque
3153 4796 3204 4850 id
3235 4796 3383 4850 multi

1797 4893 2034 4963 exigunt.
2068 4892 2219 4960 Quod
2248 4893 2294 4947 si
2321 4893 2456 4947 forte
2494 4891 2763 4960 contingat
2791 4899 2848 4944 ut
2871 4890 3098 4960 aliquem
3128 4904 3194 4943 ex
3222 4888 3383 4942 ditio.

1797 4986 1942 5040 ribus
1973 4985 2475 5055 potentioribuSque,
2506 4992 2727 5052 urgente
2750 4997 2897 5047 casu,
2943 4982 2995 5035 in
3025 4979 3274 5035 Ecclesiae
3301 4979 3385 5032 lu-

1797 5094 1945 5133 crum
1975 5077 2304 5149 frequentius
2327 5077 2519 5140 visitet,
2556 5076 2733 5129 statim
2764 5073 3048 5143 palpatoris
3072 5080 3228 5142 atque
3253 5071 3384 5123 adu-

1799 5170 1985 5224 latoris
2015 5178 2192 5223 notam
2222 5168 2320 5222 sibi
2349 5167 2527 5221 inurit.
2546 5164 2651 5221 Sed
2674 5164 2797 5235 quid
2824 5163 3112 5234 patrocinia
3139 5171 3192 5217 et
3211 5160 3383 5216 aditus

1798 5275 2071 5326 memoro,
2109 5259 2319 5330 quando
2344 5273 2412 5313 ex
2439 5255 2936 5326 compellationibus
2973 5254 3142 5308 solum
3182 5262 3380 5308 tantam

1796 5350 2224 5406 criminationum
2264 5350 2459 5405 molem
2490 5347 2740 5413 all‘erunt,
2770 5357 2829 5402 ut
2854 5364 2918 5403 ex
2947 5346 3107 5400 animi
3152 5359 3383 5401 manere

1796 5458 1940 5512 szrpe
1968 5443 2042 5497 illi
2078 5450 2363 5512 graventur
2392 5450 2447 5495 et
2472 5438 2759 5494 decidant?
2781 5437 2897 5493 .lam
2926 5452 3050 5489 vero
3090 5435 3170 5490 vel
3201 5436 3383 5491 oculo—

1797 5548 1913 5589 rum
1935 5533 2201 5587 contuitus
2229 5528 2571 5600 explorautur
2608 5544 2624 5581 :
2658 5543 2780 5581 nam
2807 5527 2923 5594 ejus
2948 5526 3030 5581 vel
3057 5525 3407 5595 simpliciora.

1798 5633 1947 5694 gesta
1974 5621 2040 5677 ad
2068 5621 2319 5675 trutinam
2359 5625 2555 5673 vocant
2582 5616 2718 5671 bene
2754 5614 2926 5679 multi,
2957 5615 3104 5670 vocis
3143 5614 3380 5681 modum,

1800 5712 2088 5785 aspiciendi
2124 5709 2445 5781 videndique
2491 5709 2769 5766 rationem.
2817 5705 2893 5761 illi
2930 5706 3183 5779 cuipiam,
3213 5706 3383 5772 aiunt,

1801 5805 1971 5864 elluse
1996 5800 2193 5872 arrisit,
2220 5800 2374 5860 hilari
2400 5802 2573 5878 ipsum
2589 5797 2735 5856 vultu
2758 5807 2811 5857 et
2829 5811 3019 5869 magna
3037 5811 3164 5853 voce
3182 5795 3379 5852 saluta-
