3944 6202
569 335 674 390 659

568 450 641 507 vit
669 467 685 505 :
730 462 815 504 me
840 462 968 503 vero
990 448 1146 518 longe
1173 445 1383 515 parcius
1428 456 1483 499 et
1520 443 1891 514 perfunctorie.
1923 441 2073 510 Quod
2103 442 2148 498 si

567 540 747 594 multis
789 540 1146 596 assidentibus
1173 554 1278 592 non
1318 536 1552 605 undique
1593 536 1774 590 oculos
1814 535 2152 589 circumferat

565 630 704 685 inter
754 630 1096 702 loquendum,
1144 630 1194 683 id
1244 644 1340 699 pro
1383 626 1701 683 contumelia
1741 626 1892 681 multi
1931 624 2147 679 habent.

563 723 691 792 Quis
719 723 877 792 igitur
903 724 1002 778 nisi
1033 722 1320 793 admodum
1359 720 1510 776 fortis
1537 730 1641 775 tam
1673 719 1853 777 multis
1874 726 2155 791 accusato-K

564 813 709 865 ribus
752 812 998 867 sufficere
1043 813 1253 882 poterit,
1308 821 1364 868 ut
1389 811 1471 867 vel
1498 812 1566 868 ab
1595 811 1701 864 illis
1752 810 2051 865 nullatenus
2094 807 2147 862 in

564 903 764 957 crimen
792 914 1028 970 vocetur,
1056 905 1137 957 vel
1166 912 1445 961 accusatus
1470 916 1588 956 sese
1612 899 1900 970 expediat?
1927 898 2149 967 Oportet

561 996 701 1048 enim
746 1004 1107 1049 accusatorem
1154 1010 1273 1048 esse
1322 993 1617 1057 neminem;
1660 993 1703 1045 si
1740 991 1790 1047 id
1822 991 1996 1047 minus
2035 989 2147 1045 fieri

565 1087 750 1153 possit,
779 1088 953 1143 oblata
978 1088 1163 1142 saltem
1191 1088 1410 1142 crimina
1439 1086 1677 1140 abluere.
1704 1085 1852 1155 Quod
1876 1085 1919 1139 si
1952 1100 2017 1138 ne
2047 1083 2148 1139 hoc

560 1175 772 1243 quidem
804 1178 952 1231 facile
981 1188 1082 1240 est,
1109 1177 1203 1230 sed
1235 1177 1448 1247 quidam
1481 1184 1679 1230 temere
1717 1186 1769 1229 et
1806 1176 1996 1231 frustra
2026 1175 2144 1229 cul-

562 1264 736 1333 pando
772 1268 1003 1336 gaudent
1047 1285 1059 1318 :
1109 1268 1313 1323 fortiter
1339 1265 1554 1320 ferenda
1586 1276 1663 1319 cst
1694 1266 2144 1335 querimoniarum
2206 1340 2211 1347 ί

562 1353 861 1423 hujusmodi
884 1357 1151 1411 incestitia.
1180 1357 1385 1410 Etenim
1414 1357 1501 1426 qui
1526 1356 1645 1425 jure
1668 1365 1964 1421 accusatur,
1993 1354 2146 1412 facile

559 1458 896 1503 accusantem
931 1450 1106 1504 tulerit
1138 1467 1150 1503 :
1194 1449 1620 1518 quatiquuidem
1664 1449 1804 1508 enim
1848 1450 2023 1503 nullus
2053 1463 2145 1503 ac-

559 1548 770 1591 cusator
807 1540 1050 1593 acerbior
1083 1550 1164 1593 est
1193 1540 1304 1609 ipsa
1330 1540 1689 1604 conscientia;
1720 1539 1786 1593 ab
1817 1539 1907 1621 illo
1927 1548 2145 1594 auctore

482 1652 487 1655 -
558 1630 792 1682 omnium
830 1630 1204 1685 molestissimo
1230 1632 1367 1700 capti
1413 1641 1663 1687 externos
1702 1639 2037 1687 accusatores
2063 1642 2147 1686 ut-

562 1729 681 1786 pote
721 1719 959 1773 mitiores
997 1719 1152 1775 facile
1199 1705 1448 1789 pa‘timur.
1492 1720 1589 1788 Qui
1620 1730 1795 1775 autem
1824 1721 2015 1777 nullius
2042 1721 2143 1775 sibi

558 1809 725 1877 culpa:
755 1811 1000 1864 conscius
1027 1822 1128 1874 est,
1178 1812 1310 1866 falso
1339 1824 1616 1868 accusatus
1649 1813 1902 1867 continuo
1930 1813 1978 1866 in
2009 1814 2141 1868 iram

558 1900 802 1965 vertitur,
849 1910 901 1956 et
943 1902 992 1955 in
1023 1918 1304 1958 maerorem
1338 1902 1490 1957 facile
1517 1902 1730 1969 decidit,
1762 1905 1858 1958 nisi
1889 1906 2035 1974 prius
2075 1906 2141 1960 ad

558 1992 841 2046 nmltorum
877 1994 1122 2049 ferendas
1150 1996 1381 2049 insanias
1405 1980 1722 2051 exercitatus
1752 1996 1928 2051 fuerit.
1960 1997 2141 2069 Neque

556 2081 697 2133 enim
751 2082 860 2136 fieri
909 2094 1101 2152 potest,
1170 2087 1449 2140 calumniis
1497 2088 1791 2156 impctitum
1855 2098 1909 2143 et
1964 2090 2141 2159 inique

559 2169 865 2224 damnatum
899 2189 1003 2231 non
1049 2174 1267 2240 turbari,
1309 2185 1363 2230 et
1406 2177 1473 2230 de
1504 2185 1646 2233 tanta
1691 2179 1965 2248 iniquitate
2005 2180 2139 2237 nihil

555 2261 680 2329 pati.
711 2262 844 2328 Quid
878 2280 1166 2319 memorem
1199 2266 1462 2322 tristitiam
1494 2279 1603 2326 tum
1634 2269 1984 2337 subeundam,
2017 2286 2137 2329 cum

552 2352 849 2418 quempiam
892 2368 957 2407 ex
993 2363 1132 2408 coetu
1156 2355 1409 2413 Ecclesiaa
1446 2373 1694 2413 amovere
1720 2374 1854 2428 Opus
1875 2360 1992 2415 est?
2018 2360 2129 2416 Uti-

550 2455 672 2493 natu
705 2458 831 2496 vero
854 2445 1046 2498 malum
1079 2456 1242 2499 totum
1274 2448 1325 2500 itt
1355 2449 1566 2503 tristitia
1607 2451 1923 2506 consisteret
1949 2468 1964 2504 ι
1996 2468 2137 2509 nunc

551 2545 679 2585 vero
700 2534 959 2603 pernicies
982 2550 1085 2605 non
1109 2536 1336 2591 modica.
1362 2538 1696 2594 Metuendum
1719 2540 1913 2610 quippe
1933 2550 2032 2607 est,
2062 2558 2129 2598 ne

1313 336 1370 384 S.
1399 329 1676 387 JOANNIS
1704 326 2176 384 CllRYSOSTOMl
2214 326 2535 385 ARCUIEP.
2564 328 3095 390 CONSTANTINOP.
3677 348 3757 410 ego

2259 441 2398 496 ultra
2438 442 2652 498 modum
2699 446 2869 512 uenis
2895 445 3114 502 affectus
3143 447 3229 505 ille
3265 450 3314 507 id
3353 453 3576 524 patiatur,
3599 461 3712 529 quod
3733 481 3758 520 ι

2255 531 2409 590 beato
2427 532 2590 589 Paulo
2610 535 2805 590 dictum
2833 546 2935 603 est,
2957 537 3039 592 Ne
3057 540 3401 601 abundantiori
3423 546 3600 602 tristitia
3616 550 3756 607 altior.

2254 620 2427 679 beatur
2459 623 2532 691 (2.
2561 623 2677 679 Cor.
2705 626 2758 680 2.
2787 624 2862 699 7).
2892 626 3117 683 Maxima
3147 645 3271 699 ergo
3289 631 3537 703 diligentia
3560 636 3633 695 hic
3653 656 3759 713 opus

2253 721 2355 778 est,
2380 729 2446 768 ne
2470 715 2609 783 quod
2631 716 2885 787 prodesse
2907 719 2981 773 illi
3000 720 3273 788 debuerat,
3298 726 3499 793 majoris
3514 726 3598 799 ipsi
3615 729 3759 793 damni

2252 806 2322 861 sit
2347 808 2556 861 occasio
2585 824 2598 860 :
2627 825 2747 870 nam
2777 826 3121 881 qumcumque
3157 815 3242 869 ille
3270 824 3384 886 post
3408 816 3670 887 huiusmodi
3691 840 3761 885 cu-

2254 905 2512 952 rationem
2574 910 2787 968 peccata
2837 902 3139 969 admiserit,
3190 920 3512 963 communem
3557 920 3645 966 tam
3686 914 3759 985 ipsi

2252 1002 2406 1056 quam
2439 990 2644 1044 medico
2666 991 2796 1051 iram
2824 993 3141 1058 accendunt,
3174 995 3215 1049 si
3239 995 3321 1051 hic
3346 1013 3444 1051 non
3469 1010 3596 1056 recte
3613 1006 3764 1061 vulnus

2254 1076 2516 1135 inciderit.
2570 1082 2710 1148 Quot
2758 1092 2935 1139 autem
2982 1086 3236 1157 supplicia
3290 1093 3616 1159 exspectanda
3648 1107 3761 1163 sunt,

2250 1184 2369 1223 cum
2394 1170 2513 1240 quis
2549 1188 2654 1227 non
2684 1189 2748 1229 ex
2782 1176 3013 1244 peccatis
3045 1175 3201 1233 modo
3229 1179 3357 1244 suis,
3382 1180 3471 1235 sed
3501 1198 3560 1237 ex
3583 1184 3765 1243 aliorum

2249 1274 2463 1329 quoque
2498 1262 2708 1318 delictis
2749 1265 2797 1317 in
2829 1274 3125 1322 extremum
3172 1270 3458 1337 periculum
3497 1274 3764 1337 adducitur?

2250 1348 2380 1403 Nam
2419 1351 2465 1405 si
2495 1353 2560 1406 de
2588 1355 2816 1423 propriis
2845 1356 3136 1414 sceleribus
3165 1360 3417 1417 rationem
3448 1363 3673 1424 reddituri
3696 1384 3767 1429 ex.

2252 1441 2626 1511 horrescimus,
2645 1462 2708 1501 ac
2727 1447 2769 1501 si
2792 1464 2895 1503 non
2915 1450 3183 1507 valeamus
3209 1452 3378 1523 ignem
3402 1454 3538 1510 illum
3558 1457 3763 1530 effugere,

2247 1532 2371 1602 quid
2400 1534 2475 1587 illi
2501 1539 2911 1604 exspectandum
2938 1549 3038 1607 est,
3070 1542 3157 1612 qui
3185 1550 3287 1598 tam
3307 1545 3576 1602 multorum
3596 1551 3768 1613 nomine

2247 1635 2459 1675 causam
2494 1624 2562 1677 sit
2588 1624 2864 1684 dicturus?
2887 1628 3035 1697 Quod
3056 1642 3231 1688 autem
3262 1633 3362 1688 hoc
3377 1652 3546 1691 verum
3572 1639 3644 1704 sit,
3671 1641 3766 1698 audi

2246 1711 2458 1768 beatum
2490 1715 2707 1773 Paulum
2736 1718 3032 1787 dicentem;
3068 1722 3174 1778 imo
3206 1725 3377 1792 potius
3400 1743 3498 1782 non
3523 1729 3669 1796 illum,
3694 1731 3766 1788 sed

2246 1803 2299 1856 iu
2328 1803 2771 1876 ipsoloqueutem
2808 1811 3079 1872 Christum
3126 1833 3140 1869 :
3196 1813 3400 1870 Obedite
3435 1820 3686 1892 pritpositis
3706 1838 3770 1876 rce

2244 1896 2381 1962 stris,
2411 1907 2456 1950 et
2475 1897 2723 1969 subjacete
2745 1902 2815 1955 eis
2839 1919 2858 1955 :
2878 1902 2979 1972 ipsi
3008 1905 3138 1958 enim
3160 1907 3475 1978 pervigilant.
3499 1911 3630 1980 quasi
3644 1913 3767 1970 ratio-

2244 2002 2357 2039 nem
2401 2005 2493 2057 pro
2535 1990 2795 2043 animabus
2827 1993 3000 2047 vestris
3055 1995 3306 2053 reddituri
3352 1998 3526 2068 (Hebr.
3578 2001 3648 2056 I5.
3683 2003 3767 2072 l7),

2242 2076 2377 2130 Num
2421 2080 2642 2149 exiguus
2684 2081 2891 2137 videtur
2928 2083 3012 2138 hic
3055 2088 3480 2146 comminatiouis
3523 2093 3700 2147 terror?
3732 2092 3770 2153 is

2242 2176 2470 2236 quantus
2499 2170 2567 2224 sit
2600 2171 2701 2225 dici
2748 2175 2946 2244 nequit.
2980 2175 3177 2233 Verum
3211 2178 3326 2238 lucc
3362 2181 3486 2239 satis
3518 2191 3643 2249 sunt,
3680 2197 3772 2254 qua

2240 2260 2326 2313 vel
2357 2262 2799 2330 pertinacioribus
2844 2265 3002 2322 fidem
3043 2267 3261 2335 faciant,
3304 2286 3402 2326 nos
3433 2287 3531 2326 non
3569 2273 3770 2344 superbia

2241 2350 2324 2404 vel
2346 2366 2477 2404 vana
2503 2352 2669 2422 gloria
2695 2363 2896 2425 captos,
2921 2357 3013 2414 sed
3043 2359 3197 2415 nobis
3223 2369 3426 2420 tantum
3453 2372 3715 2419 metuentes
3733 2375 3775 2424 et

2239 2440 2318 2496 rei
2344 2442 2537 2499 molem
2563 2445 2959 2503 considerantes
2985 2448 3291 2519 huiusmodi
3321 2451 3495 2524 fugam
3516 2454 3701 2510 fecisse.

1493 2742 1969 2856 LIBER
2057 2746 2156 2881 ρ
2175 2747 2491 2858 v.41:
2507 2752 2613 2857 T
2628 2755 2831 2866 US.

1946 2955 2269 2968 —_—__

957 3036 1062 3071 mm
1093 3036 1262 3073 ιδεωι·
1292 3038 1429 3075 ωικο
1460 3040 1665 3082 QUANTO:

544 3123 579 3169 Ι.
612 3126 707 3169 non
732 3135 820 3171 eos
856 3131 1094 3209 “tantum,
1134 3128 1218 3199 qui
1256 3127 1542 3209 adﬁciar-um
1594 3134 1863 3209 pervenire
1908 3135 2125 3209 student,

607 3194 775 3259 verum
822 3193 968 3235 etiam
999 3193 1083 3249 qui
1128 3193 1224 3237 vim
1268 3193 1530 3251 patiuntur,
1576 3194 1640 3241 ob
1679 3202 1875 3255 peccata
1913 3193 2127 3259 graviter

541 3246 955 3383 thfigili’ihi'iidignqs
985 3309 1225 3383 ordinant,
1256 3311 1385 3360 idem
1405 3313 1533 3383 quod
1557 3314 1606 3362 hi
1628 3315 1911 3377 supplicium
1943 3332 2125 3383 exper-

606 3371 738 3413 turos
762 3366 890 3430 esse,
920 3366 1036 3419 licet
1062 3373 1188 3430 ipsos
1211 3366 1305 3425 non
1331 3366 1503 3425 norint.

542 3428 618 3532 ill.‘
645 3427 883 3476 sacerdoti
924 3427 1249 3480 necesSariam
1274 3445 1388 3483 esse
1431 3434 1706 3499 expeditam
1748 3436 1939 3492 dicendi
1980 3440 2123 3491 facul-

625 3494 775 3536 atem.

542 3550 609 3592 ιν.
648 3547 710 3595 Ad
730 3551 1009 3618 quorumvis
1030 3553 1441 3614 concertationes,
1465 3563 1517 3607 et
1538 3564 1824 3618 amcorum,
1852 3566 1903 3610 et
1926 3563 2120 3613 Judaeov

600 3619 705 3680 rum
726 3610 777 3658 et
794 3610 1135 3680 haereticorum
1143 3627 1271 3680 eum
1291 3610 1515 3680 paratum
1539 3631 1652 3669 esse
1670 3610 1920 3680 oportere.

540 3672 590 3743 ΥΞ
620 3674 852 3743 Perquam
877 3672 1510 3743 [eritumdialecticteesse
1534 3672 1784 3743 oportere.

541 3733 609 3799 ti.
645 3735 692 3799 tt.
720 3731 914 3799 I‘aulutn
939 3734 984 3781 id
1001 3738 1182 3799 Optime
1199 3740 1499 3799 przestitisse.

540 3793 642 3896 "id
663 3792 888 3899 ambulem
906 3808 1001 3845 non
1024 3792 1176 3858 Signis
1196 3792 1380 3849 [autum
1416 3801 1665 3863 claruisse,
1707 3803 1797 3853 sed
1834 3810 1979 3854 etiam
2011 3815 2118 3858 arte

633 3864 742 3899 tceo
776 3866 808 3899 ι.

633 3864 808 3901 ιοεηαι.

537 3914 903 3983 ξίξιῑκειιιηᾳεςιη
926 3914 972 3963 id
996 3929 1023 3983 a
1048 3919 1186 3983 nobis
1207 3934 1402 3983 quoque
1424 3922 1557 3973 velle
1582 3927 1826 3980 exerceri.

537 3974 619 4047 lx:
644 3980 744 4030 Quo
767 3976 855 4024 nisi
880 3978 1107 4047 praxiitus
1127 3982 1192 4047 sit
1212 3974 1482 4047 episcopus,
1507 3974 1729 4037 subditos
1773 3974 1870 4039 non
1892 3987 2006 4043 leve
2035 3990 2117 4046 da-

595 4046 759 4087 mnum
778 4039 1056 4088 necessario
1068 4039 1252 4092 subire;

1272 4176 1341 4193 -Ψ

608 4250 660 4303 l.
705 4252 805 4320 Qui
830 4253 876 4306 vi
894 4246 963 4309 ad
987 4257 1175 4312 clerum
1203 4259 1475 4315 trahuntur
1494 4278 1593 4316 non
1617 4263 1729 4317 ideo
1746 4266 1904 4334 paruis
1930 4272 2113 4326 immu-

533 4355 639 4393 nes.
661 4343 844 4397 -—-His
869 4346 1080 4414 auditis,
1118 4346 1420 4406 BASILIUS
1456 4353 1672 4422 paulum
1700 4366 2010 4412 cunctatus:
2043 4360 2112 4412 At

531 4429 577 4481 si
627 4439 680 4484 tu
726 4433 962 4503 quidem,
1018 4439 1203 4507 inquit,
1258 4440 1395 4495 hanc
1432 4442 1739 4511 dignitatem
1782 4445 2108 4514 aii'ectasses,

535 4518 676 4577 hunc
696 4521 814 4589 jure
843 4524 1085 4581 timorem
1125 4528 1407 4588 admittere
1437 4546 1642 4601 posses.
1671 4535 1798 4587 Nam
1827 4537 1913 4610 qui
1945 4539 2010 4617 ad
2032 4539 2108 4595 rei

531 4611 823 4680 cujuspiam
840 4613 1347 4676 administrationem
1371 4635 1428 4675 se
1444 4622 1692 4677 idoneum
1706 4640 1823 4679 esse
1841 4611 2108 4695 professus

533 4707 647 4762 est,
681 4702 820 4768 quod
851 4716 967 4756 eam
999 4707 1233 4775 arripere
1252 4709 1533 4778 studuerit,
1568 4714 1655 4766 illa
1679 4715 1778 4769 sibi
1804 4717 2104 4775 concredita

529 4791 575 4844 si
602 4790 831 4858 labatur,
854 4809 956 4849 non
986 4806 1156 4865 potest
1182 4802 1247 4852 ad
1270 4801 1548 4869 imperitia;
1569 4805 1959 4866 excusationem
1980 4824 2109 4863 con-

530 4883 746 4955 fugere;
780 4898 965 4957 utpote
991 4892 1080 4959 qui
1117 4901 1457 4948 antevertens
1497 4894 1630 4953 hanc
1654 4898 1753 4952 sibi
1783 4899 1893 4968 ipse
1920 4899 2106 4956 defen-

527 4976 735 5031 sionem
765 4978 1042 5047 ademerit,
1088 4984 1230 5052 quod
1274 4987 1586 5053 accurrerit,
1629 5002 1855 5058 eamque
1884 4991 1983 5044 sibi
2013 4992 2107 5049 ad-

532 5066 969 5124 ministrationem
1001 5075 1267 5143 rapuerit:
1299 5092 1472 5147 neque
1507 5077 1683 5132 dicere
1714 5088 1886 5148 potest
1915 5082 1979 5146 is,
2015 5083 2106 5146 qui

533 5159 720 5213 lubens
748 5169 802 5214 et
831 5172 1020 5230 sponte
1047 5166 1147 5221 huc
1171 5170 1414 5234 accessit,
1439 5169 1637 5225 Invitus
1663 5170 1762 5226 hac
1791 5173 1844 5226 in
1875 5188 1934 5228 re
1982 5189 2105 5245 pec-

528 5248 663 5309 cavi,
713 5250 908 5305 invitus
951 5253 1096 5309 illum
1142 5261 1441 5330 quempiam
1485 5261 1709 5333 perdidi.
1744 5263 2102 5332 Respondebit

534 5336 622 5400 itii,
648 5342 737 5409 qui
766 5351 872 5397 tum
906 5342 1002 5399 bac
1024 5346 1075 5399 in
1104 5363 1159 5402 re
1185 5348 1348 5418 judex
1373 5349 1579 5408 futurus
1599 5362 1717 5407 est:
1751 5354 1924 5410 Etcur
1944 5366 2102 5411 tantm

532 5424 621 5480 tibi
650 5434 893 5491 conscius
920 5436 1216 5508 imperitiae,
1236 5455 1354 5494 cum
1379 5457 1527 5495 meus
1555 5442 1621 5502 ad
1649 5444 1805 5499 talem
1835 5445 2100 5514 inculpate

529 5521 853 5576 tractandam
885 5537 1052 5582 artem
1084 5529 1175 5585 tibi
1210 5546 1314 5584 non
1341 5532 1573 5596 adesset,
1615 5535 1879 5602 involasti,
1908 5551 2096 5591 ausus~

525 5623 705 5675 quees
727 5617 947 5683 majora,
976 5633 1133 5693 quam
1160 5621 1297 5676 vires
1329 5622 1546 5690 ferrent,
1567 5625 1771 5694 negotia
1802 5627 2099 5695 suscipere?

523 5699 650 5769 Quis
672 5712 723 5758 te
751 5709 939 5781 coegit,
974 5711 1090 5785 quis
1118 5713 1459 5771 reluctantem
1501 5723 1554 5773 et
1578 5714 1862 5788 fugientem
1895 5716 1944 5772 vi
1971 5732 2091 5791 per-

2239 3042 2435 3097 traxit?
2459 3045 2528 3100 At
2549 3053 2602 3100 tu
2625 3047 2753 3102 nihil
2780 3053 3030 3121 utiquam
3057 3055 3235 3112 simile
3264 3060 3468 3126 audies,
3495 3077 3652 3133 neque
3672 3075 3777 3133 νοῦν

2231 3130 2306 3185 sis
2336 3148 2581 3202 umquam
2612 3136 2913 3207 hujusmodi
2941 3142 3118 3200 delicti
3143 3149 3376 3218 teipsum
3404 3130 3779 3219 damnarepom-

2232 3223 2492 3295 uibusque
2521 3229 2732 3295 planum
2763 3239 2846 3286 est
2868 3241 2920 3289 te
2945 3250 3012 3290 ne
3043 3238 3316 3296 tantillum
3347 3243 3557 3312 quidem
3581 3244 3641 3297 ad
3665 3243 3779 3297 hunc

2229 3316 2621 3383 suscipiendum
2646 3318 2901 3377 honorem
2932 3325 3231 3396 laborasse,
3262 3332 3358 3387 sed
3385 3333 3437 3389 id
3458 3335 3667 3390 aliorum
3686 3350 3784 3403 cpe.

2229 3422 2287 3460 ra
2317 3408 2507 3462 factum
2551 3427 2688 3468 esse.
2721 3422 2893 3486 Atque
2921 3419 3056 3475 adeo
3083 3424 3231 3491 quod
3265 3426 3370 3481 illis
3410 3422 3601 3483 nullam
3627 3444 3782 3498 peceac

2227 3507 2399 3554 torum
2427 3504 2633 3558 veniam
2666 3508 2936 3577 relinquit,
2965 3510 3065 3566 hoc
3090 3513 3183 3568 tibi
3220 3504 3471 3587 magnam
3494 3519 3782 3576 defensionis

2224 3591 2499 3646 materiam
2541 3597 2913 3667 suppeditabit.
2967 3600 3541 3667 CilRYSOSTOMUS.
3596 3612 3665 3666 Ad
3689 3614 3782 3667 lucc

2222 3694 2322 3747 ego
2347 3693 2505 3750 caput
2529 3698 2650 3739 cum
2682 3689 2988 3755 movissent,
3013 3696 3328 3769 sensimque
3355 3702 3673 3768 arrisisscm,
3704 3703 3782 3757 hoe

2223 3773 2381 3828 minis
2430 3775 2823 3845 simplicitatem
2874 3784 3114 3854 miratus,
3166 3789 3291 3848 lizee
3338 3796 3587 3865 loquutus
3629 3810 3779 3851 sum:

2223 3864 2482 3934 Equidem
2514 3871 2737 3939 cptarim
2765 3889 2877 3928 rem
2907 3876 2978 3931 ita
3000 3893 3059 3934 se
3084 3879 3308 3949 habere,
3337 3894 3398 3940 ut
3416 3864 3572 3952 dicis,
3595 3888 3668 3942 vir
3684 3902 3783 3942 oms

2222 3957 2365 4011 nium
2394 3961 2612 4028 optime,
2642 3979 2745 4018 nou
2776 3976 2831 4019 ut
2858 3967 2907 4021 id
2939 3971 3210 4040 suscipere
3244 3991 3486 4045 possem,
3513 3978 3646 4049 quod
3666 3991 3783 4035 nunc

2219 4050 2406 4121 refugi.
2442 4052 2657 4111 Etiamsi
2690 4057 2828 4113 enim
2858 4061 2984 4114 mihi
3012 4063 3220 4121 nullum
3266 4069 3590 4139 supplicium
3615 4083 3786 4141 propoe

2219 4139 2375 4194 situm
2418 4153 2581 4210 esset,
2612 4145 2655 4200 si
2687 4146 3047 4219 perfunctorie
3085 4162 3140 4208 et
3184 4156 3446 4236 imperite
3477 4139 3664 4215 Christi
3686 4173 3785 4229 grc-

2216 4245 2333 4298 gem
2356 4247 2624 4290 curassem
2650 4255 2664 4291 :
2694 4246 2747 4292 at
2791 4241 2919 4299 illud
2949 4244 3079 4298 mihi
3109 4249 3257 4308 omni
3305 4253 3572 4325 supplicio
3598 4253 3785 4329 gravius

2218 4322 2373 4387 foret,
2402 4325 2444 4378 si
2475 4338 2593 4397 post
2644 4338 2815 4384 tantas
2846 4333 2974 4388 mihi
3017 4322 3486 4403 concrcditas‘res
3512 4322 3632 4414 erga
3660 4358 3783 4401 eum.

2215 4415 2303 4482 qui
2332 4417 2771 4485 coneredidissct,
2803 4421 2875 4476 ita
2909 4423 3143 4493 ingratus
3167 4429 3409 4491 viderer,
3442 4434 3618 4499 Quare
3652 4434 3784 4503 igitur

2214 4506 2439 4572 optarim
2478 4507 2621 4562 illam
2653 4521 2792 4566 tuam
2837 4513 3140 4582 opinionem
3167 4533 3277 4574 non
3310 4521 3507 4578 falsam
3537 4525 3691 4579 esse?
3731 4522 3787 4586 Ut

2214 4596 2424 4651 miseris
2448 4609 2502 4653 et
2547 4600 2847 4658 infelicibus
2891 4605 2990 4675 (sic
3024 4608 3165 4663 enim
3191 4614 3432 4668 vocandi
3462 4614 3522 4680 ii,
3569 4615 3655 4686 qui
3695 4614 3781 4669 hoc

2214 4691 2482 4759 negotium
2513 4694 2675 4759 probe
2707 4705 2937 4754 tractare
2978 4701 3238 4770 nesciunt,
3280 4711 3537 4785 quamvis
3577 4725 3784 4771 sexcetl'

2215 4780 2315 4834 ties
2346 4781 2488 4850 ipsos
2517 4784 2569 4838 vi
2595 4785 2813 4842 adactos
2838 4797 2892 4844 et
2921 4790 3226 4860 ignorantes
3259 4780 3499 4865 peccare
3528 4799 3711 4867 dicas).
3738 4808 3785 4859 ui

2213 4873 2336 4936 iliis.
2371 4876 2606 4953 inquam,
2658 4880 2891 4952 effugere
2918 4883 3073 4946 liceat
3116 4887 3298 4958 ignem
3336 4891 3494 4952 illum
3545 4894 3787 4958 inexstin-

2210 4966 2481 5034 guibiiem,
2527 4979 2581 5023 et
2621 4972 2868 5034 tenebras
2910 4977 3224 5044 exteriores,
3259 4995 3622 5060 vermemque
3648 4998 3785 5045 nunt-

2209 5072 2366 5125 quam
2395 5060 2733 5127 morientem,
2780 5079 2848 5120 ne
2889 5064 3223 5128 dissecentur
3266 5078 3327 5126 et
3359 5087 3489 5137 eum
3521 5073 3789 5154 hypocritis

2209 5160 2449 5221 pereant.
2483 5152 2677 5209 Verum
2709 5157 2833 5227 quid
2861 5158 2954 5213 tibi
2979 5159 3167 5219 faciam
3192 5162 3214 5215 ?
3242 5162 3372 5219 Non
3405 5167 3480 5230 ita
3513 5183 3574 5222 se
3598 5152 3683 5221 res
3711 5166 3790 5217 bas

2208 5242 2315 5309 bet,
2349 5258 2452 5296 non
2481 5244 2552 5299 ita
2576 5260 2723 5303 sane.
2746 5249 2823 5310 Ac
2847 5249 2890 5304 si
2918 5250 3016 5319 vis,
3041 5260 3149 5307 uta
3176 5268 3354 5323 regno
3388 5253 3788 5337 primum,un

2205 5335 2342 5410 apud
2376 5337 2540 5391 Deum
2570 5340 2701 5395 tanti
2730 5357 2834 5402 non
2866 5352 2949 5398 est
2977 5348 3159 5415 quanti
3187 5350 3589 5422 sacerdotium,
3622 5335 3790 5410 eorum

2204 5443 2322 5495 qua:
2342 5427 2450 5487 dixi
2477 5428 2634 5487 fidem
2663 5431 2871 5489 faciam.
2889 5432 3017 5489 Saiil
3041 5436 3147 5507 ille,
3170 5437 3314 5499 filius
3337 5440 3456 5509 (Sis,
3482 5459 3594 5509 non
3624 5453 3796 5510 suapte

2204 5527 2351 5571 motu
2375 5530 2428 5573 et
2452 5535 2576 5574 cura
2604 5537 2695 5576 rex
2722 5520 2893 5577 factus
2916 5534 3000 5580 est
3029 5527 3107 5596 (l.
3137 5527 3265 5599 Reg.
3302 5529 3408 5603 9);
3440 5534 3541 5588 sed
3568 5534 3716 5599 abiit,
3746 5538 3794 5591 ιιι

2205 5618 2468 5674 quaereret
2496 5610 2693 5675 asinas,
2728 5621 2782 5666 et
2819 5627 2981 5683 super
3010 5616 3071 5679 iis
3101 5618 3435 5687 prophetam
3473 5624 3799 5694 interrogare

2204 5699 2396 5769 Capit;
2428 5700 2517 5759 ille
2559 5717 2688 5761 vero
2716 5702 2781 5761 de
2805 5720 2969 5777 regno
2995 5707 3165 5779 ipsum
3206 5709 3538 5785 alloquutus
3575 5723 3670 5775 est.
3698 5712 3795 5777 ὕοι*
