3944 6202
184 267 262 320 est
1366 269 1448 325 DE
1486 254 1932 324 SACEttno‘rto.
1974 255 2100 324 [ιη.
2144 259 2228 324 t‘v.

178 399 264 453 que
307 382 483 472 tamen
533 381 619 436 ille
647 384 825 472 statim
873 396 1092 454 regnum
1118 383 1267 450 adiit,
1317 384 1438 438 licet
1467 382 1517 437 id
1548 397 1575 436 a
1607 396 1735 451 pro-
1851 389 1969 449 post
1997 382 2130 437 bella
2153 393 2204 438 et
2233 395 2427 455 tropaea
2453 397 2601 444 extra
2630 400 2823 446 terram
2861 395 2998 449 illam
3027 397 3177 464 obiit,
3201 413 3296 468 pro
3323 419 3421 472 qua

175 475 315 542 pheta
337 471 594 537 audisset,
617 472 710 525 sed
732 471 1139 539 deprecabatur,
1156 472 1516 542 renuebatque
1534 472 1736 564 dicens;
1844 479 1920 524 tot
1946 485 2250 543 susceperat
2277 477 2524 564 labores,
2556 483 2822 553 marisque
2849 486 3182 543 incommoda
3214 471 3420 564 passus,

171 566 281 632 ρηίε
305 577 424 618 sum
453 579 574 633 ego,
606 572 661 618 et
694 579 813 632 qua:
839 565 1029 617 domus
1057 565 1221 633 patris
1248 564 1389 619 mei?
1414 564 1546 632 Quid
1572 563 1739 632 ergo?
1840 573 2023 631 portus
2042 557 2318 620 commoda
2349 584 2454 623 non
2482 581 2796 642 asSequutus
2817 584 2916 629 est.
2944 575 3106 632 Vides
3136 557 3238 635 non
3263 557 3424 641 modo

3323 293 3424 345 689

169 672 226 707 an
246 669 362 706 cum
387 652 592 708 honore
613 653 711 706 sibi
737 669 830 721 per
855 653 1022 707 Deum
1047 653 1237 708 tradito
1263 653 1400 706 “male
1421 666 1547 706 usus
1574 660 1733 716 esset,

169 743 320 813 potuit
365 743 447 796 his
478 743 658 796 verbis
681 742 846 797 eximi
875 743 943 796 ab
988 742 1064 796 ira
1087 742 1222 812 ejus,
1253 743 1342 812 qui
1387 755 1445 796 se
1473 743 1525 796 in
1557 757 1734 810 regem

164 834 538 890 constituerat?
562 835 720 902 Atqui
761 841 967 903 poterat
1003 837 1070 888 ad
1105 833 1405 888 Samuelem
1451 834 1733 900 increpatio

165 938 253 982 tem
276 926 492 982 dicere:
519 925 655 981 Num
685 941 784 994 ego
810 941 1029 996 regnum
1061 925 1272 979 invasi?
1298 941 1423 979 num
1451 923 1646 979 insillvi
1677 924 1728 978 in

163 1019 279 1073 hanc
314 1017 644 1088 potentiam?
677 1019 832 1072 vitam
861 1020 1137 1087 privatam,
1165 1016 1389 1072 otiosam
1417 1027 1470 1070 et
1495 1017 1727 1087 quietam

160 1112 345 1165 ducere
369 1111 613 1166 valebam
639 1128 652 1163 :
685 1120 740 1165 tu
765 1125 892 1164 vero
920 1120 1005 1164 tue
1031 1109 1082 1163 in
1105 1109 1241 1164 hanc
1266 1109 1574 1179 dignitatem
1599 1124 1727 1180 per-

159 1202 371 1257 traxisti.
397 1202 454 1257 Si
485 1202 538 1257 in
576 1204 662 1257 illa
689 1203 985 1256 humilitate
1015 1202 1449 1272 permansissem,
1503 1203 1618 1258 haec
1646 1200 1732 1256 of-

159 1291 413 1349 fendicula
443 1293 599 1348 facile
626 1293 980 1348 decliuassem
1005 1309 1020 1356 ;
1051 1309 1170 1346 nam
1197 1308 1314 1346 cum
1343 1309 1408 1346 ex
1440 1291 1732 1361 vulgarium

159 1393 202 1439 et
218 1385 529 1452 ignobilium
554 1399 730 1439 essem
752 1398 992 1448 numero,
1013 1383 1077 1437 ad
1096 1383 1196 1438 hoc
1215 1399 1346 1452 opus
1365 1384 1559 1438 missus
1581 1398 1734 1436 utun-

152 1491 295 1544 qttam
320 1474 584 1530 fuissem:
614 1490 784 1545 neque
809 1474 936 1529 mihi
965 1474 1156 1528 bellum
1191 1485 1373 1528 contra
1404 1473 1728 1529 Amalecitas

155 1569 280 1624 Deus
305 1568 708 1632 commisisset;
736 1582 843 1636 quo
868 1566 996 1621 mihi
1021 1581 1125 1620 non
1155 1566 1440 1621 commisso
1461 1567 1514 1620 in
1542 1581 1729 1637 pecca-

154 1669 252 1714 tum
289 1659 604 1729 hujusmodi
652 1672 939 1728 numquam
979 1658 1306 1712 incidissem.
1367 1656 1562 1711 Verum
1616 1658 1731 1713 haec

154 1755 315 1808 omnia
361 1753 435 1807 ad
484 1752 849 1808 defensionem
903 1752 1110 1806 infirma
1161 1760 1318 1816 sunt;
1377 1767 1476 1806 nec
1521 1753 1728 1807 infirma

151 1847 315 1914 modo,
340 1847 443 1900 sed
473 1846 787 1916 periculosa,
810 1861 928 1915 quae
954 1845 1043 1899 Dei
1072 1845 1240 1915 magis
1263 1845 1394 1898 iram
1417 1845 1726 1899 accendant.

155 1938 271 1992 Eum
297 1938 472 1999 enim,
505 1937 594 2006 qui
639 1935 842 2006 meritis
869 1935 1125 2004 majorem
1154 1934 1463 2004 dignitatem
1503 1935 1725 2003 accepit,

151 2045 243 2084 non
263 2038 487 2098 Oportet
509 2029 575 2081 ad
599 2037 930 2096 peccatorum
950 2026 1351 2080 excusationem
1377 2025 1593 2079 honoris
1617 2041 1730 2079 ma-

149 2120 474 2188 gnitudinem
503 2118 807 2182 ostendere,
834 2117 926 2172 sed
948 2117 1013 2172 ad
1041 2117 1296 2186 majorem
1319 2117 1372 2171 iu
1391 2118 1584 2171 virtute
1607 2132 1727 2186 pro-

148 2208 333 2264 fectum
365 2209 451 2263 uti
498 2222 691 2277 magno
716 2207 807 2261 illo
836 2207 929 2260 Dei
976 2213 1098 2276 erga‘
1129 2222 1188 2262 se
1216 2207 1411 2260 studio.
1465 2204 1560 2261 ille
1600 2222 1728 2260 vero

145 2301 256 2367 quia
298 2300 588 2354 meliorem
632 2308 818 2352 nactus
843 2297 1177 2366 dignitatem,
1210 2297 1329 2352 ideo
1371 2303 1596 2368 peccare
1625 2297 1728 2352 sibi

146 2394 332 2448 licitum
361 2407 493 2448 esse
535 2391 890 2456 existimabat,
921 2390 1054 2444 nihil
1099 2389 1258 2452 alidd,
1311 2405 1467 2460 quam
1499 2389 1590 2444 Dei
1613 2389 1726 2443 cle-

146 2486 388 2540 mentiam
438 2493 778 2553 peccatorum
807 2497 1023 2536 suorum
1051 2496 1267 2536 causam
1308 2482 1482 2536 facere
1506 2481 1727 2536 conatus

143 2587 234 2631 est.
263 2576 424 2646 Quod
452 2589 584 2629 sane
604 2575 798 2644 impiis,
829 2583 884 2628 et
908 2574 971 2628 iis
989 2573 1077 2642 qui
1107 2573 1268 2626 vitam
1291 2574 1476 2642 ignave
1505 2573 1722 2638 ducunt,

143 2682 247 2721 mos
271 2676 357 2723 est
381 2667 590 2722 dicere.
628 2664 737 2720 Nos
759 2675 938 2720 autem
963 2673 1069 2719 non
1099 2665 1178 2718 sic
1219 2664 1435 2719 affectos
1459 2678 1599 2730 esse,
1627 2678 1726 2738 nec

141 2758 188 2812 in
212 2758 448 2814 similem
486 2756 735 2813 decidere
782 2755 1040 2810 insaniam
1069 2754 1243 2821 decet,
1273 2755 1369 2809 sed
1408 2755 1602 2825 ubique
1627 2759 1724 2810 cu-

138 2865 248 2905 rare
291 2859 350 2904 ut
376 2864 507 2919 quae
552 2848 815 2902 facultatis
843 2856 1042 2908 nostra:
1087 2855 1210 2900 sunt
1251 2844 1632 2911 adhibeamus,
1664 2860 1728 2900 ac

138 2937 264 2993 bene
284 2939 352 2994 de
377 2939 497 2993 Deo
517 2937 812 3006 cogitemus
833 2944 888 2990 et
917 2937 1213 3005 loquamur.
1243 2934 1423 3004 Neque
1441 2935 1582 2989 enim
1611 2935 1724 2998 Heli

136 3032 207 3094 (1.
244 3029 383 3100 Reg.
415 3030 475 3083 4.
527 3028 640 3098 18),
670 3035 728 3081 ut
753 3028 918 3081 misso
945 3041 1111 3096 regno
1139 3025 1205 3080 ad
1239 3025 1619 3089 sacerdotium,
1660 3027 1726 3080 de

134 3136 232 3189 quo
255 3135 404 3174 nunc
432 3121 630 3188 agitur,
664 3127 1015 3185 transeamus,
1055 3117 1407 3186 principatum
1435 3115 1613 3170 studio
1633 3130 1726 3170 ac-

130 3213 411 3279 quisierat.
443 3209 584 3278 Quid
623 3210 781 3278 igitur
805 3207 857 3262 id
899 3207 974 3262 illi
1017 3208 1226 3277 profuit,
1261 3221 1381 3261 cum
1407 3206 1726 3277 peccasset?

131 3302 262 3368 Quid
301 3304 457 3365 dico,
488 3301 848 3372 acquisierat?
877 3315 944 3355 ue
979 3301 1025 3355 si
1065 3300 1322 3354 voluisset
1347 3299 1580 3369 quidem,
1611 3299 1728 3369 lege

130 3395 198 3448 ita
248 3403 507 3465 cogente,
564 3401 772 3462 poterat
818 3391 1099 3462 effugere:
1135 3406 1256 3445 nam
1299 3406 1365 3446 ex
1416 3391 1553 3445 tribu
1601 3390 1726 3445 Levi

132 3497 281 3552 erat,
313 3497 372 3542 et
413 3487 769 3556 principatum
820 3501 888 3540 ex
936 3483 1146 3554 generis
1198 3491 1345 3538 retro
1391 3483 1728 3538 successione

130 3581 378 3650 accipere
433 3581 586 3634 illum
633 3578 932 3648 oportebat.
977 3577 1226 3632 Attamen
1275 3584 1330 3630 et
1376 3575 1460 3629 hic
1487 3590 1589 3628 non
1622 3575 1727 3629 nti-

129 3673 300 3726 nimas
362 3671 602 3726 fiiiorum
659 3669 960 3738 petulantiae
1003 3670 1018 3700 ³
1062 3683 1248 3738 pcenas
1291 3667 1404 3720 luit.
1457 3667 1591 3733 Quid
1629 3681 1726 3719 au-

128 3775 235 3820 tem
277 3766 376 3821 ille
407 3765 503 3834 qui
552 3763 755 3833 primus
778 3761 1083 3818 Judmorum
1109 3758 1358 3814 sacerdos
1386 3759 1500 3822 fuit,
1527 3757 1595 3812 de
1623 3773 1730 3828 quo

130 3869 236 3912 tam
282 3858 469 3912 multa
500 3871 621 3911 cum
669 3854 849 3925 Moyse
876 3854 1017 3909 Deus
1044 3852 1207 3908 verba
1247 3851 1408 3906 fecit?
1450 3851 1581 3918 Quia
1623 3867 1728 3905 non

125 3951 298 4020 potuit
324 3953 488 4006 solus
506 3958 666 4004 tanta:
684 3946 1042 4018 multitudinis
1064 3946 1227 4000 furori
1249 3944 1510 4000 obsistere
1534 3943 1726 4016 (Exod.

126 4041 215 4096 δί.
249 4042 376 4112 10),
405 4054 588 4094 annon
609 4054 794 4110 parum
821 4037 989 4092 abfuit
1017 4038 1142 4108 quin
1181 4037 1397 4105 periret,
1428 4035 1527 4090 nisi
1553 4034 1732 4090 fratris

125 4134 500 4204 patrocinium
531 4132 626 4187 Dei
672 4133 802 4186 iram
846 4130 1157 4184 avertisset?
1183 4129 1314 4196 Quia
1361 4143 1488 4184 vero
1531 4128 1731 4199 Moysis

124 4227 474 4280 mentionem
508 4221 756 4288 fecimus,
782 4237 814 4278 e
841 4237 898 4277 re
931 4220 1274 4276 fueritetiam
1301 4235 1368 4274 ex
1399 4220 1466 4272 iis
1485 4235 1604 4288 quae
1633 4219 1732 4288 ipsi

1839 653 2160 724 raptoribus,
2193 660 2286 713 sc'd
2308 662 2468 715 etiam
2500 663 2564 717 iis
2589 665 2674 734 qui
2705 666 2925 720 aliorum
2957 670 3130 725 studio
3161 671 3262 728 huc
3291 689 3418 730 eve-

1840 743 2056 811 huntur,
2103 746 2301 803 nullam
2350 752 2579 822 relinqui
2625 763 2956 824 peccatorum
2999 764 3415 821 excusationem.

1837 834 2059 902 Quando
2103 840 2247 893 enim
2275 841 2330 908 ii,
2357 844 2446 922 qui
2495 845 2602 898 Deo
2629 859 2689 901 se
2715 848 2990 904 ordinante
3021 863 3412 921 recusaverant.

1836 933 2014 1015 tantas
2040 943 2223 998 poenas
2247 931 2474 999 luertmt,
2506 934 2738 1005 nihilque
2763 941 2930 1007 potuit
2963 941 3030 994 ab
3054 942 3154 998 hoc
3183 947 3415 1015 periculo

1848 1014 2090 1070 eximere
2117 1017 2324 1076 Aaron.
2343 1035 2451 1074 non
2479 1020 2616 1086 lleli,
2652 1035 2760 1076 nan
2789 1026 3002 1078 beatum
3037 1014 3190 1078 illum
3220 1028 3416 1088 virum.

1839 1113 2112 1172 sanctum,
2141 1111 2485 1179 prophetam,
2524 1115 2825 1169 mirabilem
2855 1136 2869 1179 ,-
2907 1116 3262 1171 mitissimum
3297 1123 3420 1172 o'm-

1839 1198 1992 1252 nium
2018 1200 2114 1269 qui
2133 1211 2290 1256 erant
2310 1211 2476 1275 super
2502 1215 2702 1262 terram
2725 1208 2912 1277 (Num.
2937 1209 3023 1263 12.
3039 1209 3091 1278 5)
3110 1211 3265 1280 quasi
3288 1211 3421 1265 ami-

1841 1303 1962 1345 cum
1983 1305 2107 1347 cum
2127 1292 2236 1350 Deo
2251 1297 2652 1368 colloquentem
2674 1299 2869 1372 (Exod.
2889 1302 2976 1356 53.
3000 1302 3115 1372 11);
3136 1304 3221 1358 vix
3241 1305 3417 1367 uobis,

1832 1383 1922 1452 qui
1949 1383 2018 1438 ab
2045 1386 2187 1441 illitts
2217 1390 2407 1442 virtute
2435 1397 2636 1444 tantum
2667 1390 2936 1456 absumus,
2969 1393 3102 1448 satis
3126 1394 3192 1448 ad
3223 1387 3410 1451 defen-

1832 1476 2034 1531 sionem
2077 1492 2199 1533 esse
2246 1479 2460 1548 poterit,
2507 1481 2644 1551 quod
2675 1482 2830 1538 nobis
2867 1485 3066 1538 conscii
3095 1485 3282 1552 simus;
3315 1492 3411 1540 nos

1831 1567 2130 1637 hujusmodi
2153 1586 2343 1626 munus
2364 1573 2508 1627 nullo
2531 1574 2708 1628 studio
2726 1583 3080 1646 consequutos
3095 1582 3216 1632 eSse
3249 1591 3266 1634 ε
3289 1586 3408 1632 cum‘

1830 1662 2061 1714 maxime
2110 1663 2289 1716 multa:
2317 1678 2379 1717 cx
2411 1663 2713 1733 hujusmodi
2744 1665 3164 1721 ordinationibus
3193 1674 3296 1720 nb'tt
3323 1668 3407 1722 di-

1829 1753 1949 1806 vina
1992 1753 2162 1823 gratia
2195 1753 2344 1820 fiant,
2387 1755 2480 1810 sed
2513 1756 2786 1810 hominum
2814 1757 3008 1811 studio.
3053 1757 3242 1812 Judam
3274 1759 3412 1812 Deus

1829 1843 2008 1913 elegit,
2051 1853 2105 1898 et
2135 1844 2188 1897 in
2224 1853 2466 1899 sanctum
2496 1847 2643 1900 illum
2671 1847 2891 1901 chorum
2920 1847 3207 1918 cooptavit;
3251 1859 3412 1918 atque

1830 1932 1929 2001 ipsi
1961 1934 2305 2002 apostolicam
2335 1935 2644 2004 dignitatem
2672 1943 2733 1989 ut
2762 1936 2978 2006 reliquis
3007 1931 3255 2000 tradidit;
3304 1939 3412 1992 imo

1828 2023 2094 2092 quidpiam
2129 2025 2242 2094 plus
2269 2025 2418 2080 dedit
2459 2040 2616 2095 quam
2660 2027 2799 2092 aliis,
2846 2031 3188 2095 pecuniarum
3219 2043 3410 2098 nempe

1827 2113 2281 2182 dispensationem
2329 2115 2626 2186 (10011.12.
2673 2115 2748 2185 6).
2793 2115 2928 2182 Quid
2961 2118 3155 2185 igitur?
3181 2133 3247 2173 an
3287 2120 3408 2186 quia

1828 2215 2054 2276 utroque
2092 2208 2314 2262 munere
2339 2218 2524 2263 contra
2565 2222 2721 2277 quam
2753 2209 2937 2264 debuit
2979 2225 3105 2264 usus
3131 2219 3236 2275 est,
3286 2226 3407 2266 cum

1827 2312 1968 2362 eum,
2019 2314 2176 2368 quem
2222 2299 2619 2368 prta-dicandum
2665 2305 3004 2370 shsceperat,
3051 2302 3306 2371 prodidit,
3354 2313 3408 2356 et

1829 2389 2060 2444 creditas
2091 2391 2340 2459 pecunias
2369 2391 2510 2445 male
2544 2391 2818 2461 impendit,
2849 2391 3163 2461 supplicium
3191 2392 3408 2462 cffugit?

1827 2477 1984 2534 Certe
2011 2479 2110 2535 hoc
2142 2481 2475 2549 potissimum
2507 2482 2726 2536 nomine
2750 2482 2964 2551 gravius
2992 2481 3115 2537 inde
3139 2482 3240 2536 sibi
3279 2497 3405 2552 sup-

1830 2571 2044 2640 plicium
2069 2574 2317 2637 attraxit;
2350 2572 2509 2643 idque
2529 2573 2647 2642 jure
2673 2573 2885 2628 merito.
2916 2573 3032 2628 Non‘
3061 2573 3202 2628 enim
3231 2590 3263 2629 a
3299 2575 3408 2629 Deo

1827 2665 2061 2732 acceptis
2092 2662 2384 2718 honoribus
2410 2664 2478 2716 ad
2503 2663 2618 2732 ejus
2645 2663 2993 2719 offensionem
3019 2665 3273 2719 utendum
3299 2675 3400 2726 est,

1826 2752 1922 2808 sed
1951 2752 2016 2806 ad
2063 2752 2112 2808 ei
2152 2752 2321 2823 magis
2349 2753 2684 2823 placendum.
2734 2753 2828 2808 llle
2854 2769 3001 2820 vero,
3037 2756 3160 2823 quia
3205 2755 3408 2823 majore

1826 2847 2075 2917 dignatus
2102 2847 2326 2912 honore,
2351 2846 2475 2901 dum
2505 2855 2676 2916 rogat,
2702 2847 2937 2901 debitum
2963 2848 3066 2902 sibi
3093 2848 3408 2918 supplicium

1827 2938 2062 3007 effugere
2104 2953 2258 3007 posse
2289 2937 2464 3002 liceat,
2497 2936 2716 3006 perinde
2755 2937 2862 3007 agit
2897 2952 2958 2992 ac
2983 2937 3029 2991 si
3074 2939 3192 3007 quis
3221 2953 3283 2992 ex
3332 2939 3410 2991 in-

1827 3029 2056 3085 credulis
2085 3029 2282 3084 Judznis
2307 3028 2575 3083 Christum
2608 3028 2832 3083 audiens
2859 3030 3144 3095 dicentem,
3175 3028 3292 3083 Nisi
3329 3047 3411 3083 ve-

1827 3123 2029 3187 nissem,
2055 3131 2101 3175 et
2129 3123 2364 3191 loquutus
2394 3122 2600 3189 fuissent
2628 3122 2719 3184 eis,
2745 3130 2999 3190 peccatum
3023 3138 3123 3174 non
3149 3121 3407 3185 haberent,-

1829 3224 1875 3268 et
1902 3214 1998 3267 nisi
2025 3213 2170 3284 signa
2198 3212 2422 3280 fecissem
2447 3213 2540 3281 eis,
2571 3229 2684 3283 qua
2711 3213 2881 3267 nullus
2905 3213 3037 3267 alius
3067 3217 3270 3284 fecerat,
3294 3232 3413 3284 prn-

1828 3310 1996 3358 catum'
2023 3321 2124 3358 non
2143 3304 2376 3358 haberent
2397 3303 2577 3374 (Joan.
2604 3305 2689 3360 15.
2713 3303 2803 3358 22.
2833 3302 2948 3375 24),
2979 3304 3315 3360 Servatorem
3345 3321 3408 3359 ac

1827 3395 2124 3450 beneficum
2145 3397 2412 3451 incusaret
2439 3397 2520 3450 his
2539 3397 2752 3451 verbis:
2780 3396 2888 3450 Cur
2914 3396 3104 3451 venisti
3131 3411 3193 3450 ac
3222 3396 3409 3466 lnquu-

1830 3496 1914 3542 tus
1938 3487 2033 3542 es?
2060 3501 2157 3542 cur
2180 3488 2330 3557 signa
2377 3487 2564 3555 fecisti,
2598 3495 2658 3541 ut
2685 3487 2890 3557 majore
2915 3501 3012 3542 nos
3037 3487 3292 3557 supplicio
3329 3489 3410 3541 af-

1829 3577 2054 3634 ficeres?
2076 3578 2183 3633 Sed
2207 3577 2404 3632 furoris
2423 3593 2485 3633 ac
2513 3589 2736 3633 Sttmmze
2766 3577 2986 3632 insania:
3007 3592 3129 3633 sunt
3151 3578 3265 3633 lucc
3286 3594 3411 3634 vcr-

1830 3671 1916 3725 ba.
1973 3669 2209 3725 Medicus
2237 3669 2379 3725 enim
2410 3684 2517 3724 non
2545 3678 2604 3724 ut
2629 3680 2680 3723 te
2709 3668 2986 3724 damnaret
3007 3670 3153 3724 venit
3174 3712 3188 3736 ,
3229 3669 3323 3725 sed
3354 3679 3412 3724 ut

1829 3772 2090 3826 curaret;
2131 3774 2235 3815 non
2277 3768 2336 3814 ut
2379 3768 2433 3815 te
2458 3765 2804 3830 aegrotantem
2851 3759 3169 3829 despiceret,
3211 3759 3305 3816 sed
3355 3771 3412 3816 ut

1829 3867 1859 3906 a
1877 3851 2066 3906 morbo
2088 3851 2296 3921 penitus
2309 3849 2576 3906 liberaret.
2591 3849 2668 3905 Te
2683 3857 2860 3905 autem
2881 3850 3019 3904 ultro
3030 3849 3146 3920 ejus
3167 3851 3412 3905 manibus

1830 3940 2194 3997 summovisti:
2225 3941 2436 4011 gravius
2456 3940 2614 4010 igitur
2639 3940 2958 4010 supplicium
2974 3940 3184 3994 subeas.
3213 3938 3411 4006 Quem-

1831 4032 2116 4089 admodum
2143 4033 2284 4088 euim
2310 4032 2355 4088 si
2378 4031 2636 4088 curationi
2666 4039 2718 4086 te
2743 4031 3088 4096 subdidis'ses,
3116 4046 3147 4086 a
3175 4032 3409 4101 pristinis

1832 4125 1988 4180 malis
2017 4124 2328 4180 liberareris
2365 4141 2380 4177 :
2430 4123 2508 4178 sic
2535 4122 2654 4193 quia
2688 4129 3001 4192 praesentem
3024 4121 3274 4190 effugiSti,
3304 4136 3408 4174 non

1834 4217 1969 4271 ultra
1999 4215 2201 4287 poteris
2230 4215 2317 4268 illa
2346 4213 2671 4282 abstergere,
2701 4226 2931 4280 cumque
2959 4224 3061 4264 non
3094 4209 3284 4278 possis,
3315 4208 3413 4263 ho-

1834 4324 1952 4363 rum
1982 4322 2164 4378 prunas
2188 4306 2373 4368 dabis;
2418 4313 2472 4359 et
2495 4304 2618 4374 quia
2647 4317 2858 4366 vanam,
2885 4310 3137 4371 quantum
3171 4315 3334 4370 penes
3360 4311 3411 4354 te

1834 4398 2080 4468 fttit,ejus
2103 4395 2512 4452 sollicitudinem
2540 4392 2730 4459 fecisti,
2756 4392 2874 4446 ideo
2895 4406 3000 4446 nou
3029 4407 3230 4461 parem,
3253 4406 3410 4459 quam

1834 4501 1958 4545 ante
1985 4488 2236 4543 collatum
2266 4502 2298 4541 a
2330 4486 2438 4540 Deo
2483 4485 2763 4550 honorem,
2797 4483 2891 4539 sed
2922 4483 3077 4554 longe
3114 4485 3411 4554 graviorem

1835 4581 2127 4637 cruciatum
2155 4578 2461 4634 sustinebis.
2507 4578 2717 4632 Etenim
2758 4578 2824 4642 is,
2856 4592 3011 4647 quem
3044 4577 3298 4633 beneﬁcia
3326 4591 3410 4631 ac-

1836 4682 1988 4744 cepta
2015 4672 2288 4729 meliorem
2311 4686 2416 4726 non
2438 4670 2689 4734 reddunt,
2714 4669 2834 4739 jure
2857 4670 3100 4725 acerbius
3127 4671 3282 4745 plecti
3303 4685 3414 4725 me-

1837 4775 2002 4819 retur.
2049 4764 2181 4832 Quia
2229 4763 2389 4834 igitur
2427 4762 2732 4832 hujusmodi
2779 4760 3019 4816 defensio
3063 4761 3269 4814 infirma
3296 4775 3415 4814 esse

1839 4856 2257 4920 demonstratur,
2305 4869 2407 4909 nec
2434 4855 2606 4910 solum
2655 4869 2760 4907 non
2790 4861 2992 4907 tutatur
3027 4866 3120 4906 eos
3145 4851 3234 4919 qui
3259 4851 3324 4905 ad
3357 4852 3414 4904 il-

1841 4947 1942 5001 lam
1971 4945 2298 5016 confugiunt,
2347 4945 2442 5000 sed
2471 4944 2638 5014 magis
2668 4943 2828 4999 etiam
2871 4941 3064 5011 prodit,
3093 4939 3234 4995 aliud
3265 4941 3416 4995 nobis

1841 5021 2143 5108 prresidium
2174 5025 2539 5107 quaerendum.
2745 5093 2750 5101 ,
2925 5095 2928 5098 ,

1911 5126 2185 5194 Quodnam
2216 5125 2382 5180 illud?
2425 5125 2593 5194 inquit
2637 5121 2958 5185 BASlLlUS,
2990 5117 3416 5192 quandoquidem

123 4318 483 4387 contigerunt
509 4315 588 4371 rei
609 4316 886 4369 veritatem
906 4314 1154 4383 probare.
1181 4311 1276 4366 Hic
1297 4312 1492 4382 quippe
1509 4311 1568 4364 B.
1584 4310 1730 4381 Moy-

111 4427 205 4467 ses
238 4419 472 4465 tantum
499 4409 698 4473 abfuit,
724 4417 785 4462 ttt
806 4407 1188 4478 praefecturam
1218 4404 1528 4458 Judaaorum
1560 4402 1719 4456 inva-

113 4503 305 4565 deret,
341 4511 409 4556 ut
435 4503 676 4557 oblatam
715 4507 997 4556 recusaret
1027 4501 1045 4568 (
1072 4496 1244 4551 Exod.
1271 4499 1326 4552 4.
1367 4482 1482 4567 15).
1505 4494 1726 4563 Deoque

104 4592 362 4658 jubente
394 4597 673 4653 reuueret,
699 4598 862 4659 atque
885 4589 1065 4659 ipsum
1096 4587 1358 4642 irritaret.
1379 4585 1569 4655 Neque
1595 4594 1727 4638 tunc

122 4691 376 4746 tantum,
399 4679 495 4733 sed
515 4681 675 4733 etiam
701 4686 907 4748 postea,
933 4691 1054 4730 cum
1077 4675 1427 4744 principatum
1450 4673 1734 4737 obtineret,

115 4775 330 4827 lubens
356 4780 596 4825 mortem
630 4769 900 4832 subiisset,
925 4775 986 4821 ut
1003 4781 1123 4821 eum
1151 4773 1368 4820 exueret
1393 4781 1406 4816 :
1434 4761 1619 4817 Occide
1639 4778 1733 4826 me,

115 4865 324 4935 inquit,
350 4864 404 4918 si
436 4863 504 4915 ita
542 4877 734 4915 mecum
764 4863 994 4932 facturus
1017 4875 1069 4914 es
1101 4857 1292 4930 (Num.
1327 4858 1414 4913 11.
1446 4857 1562 4928 15).
1601 4856 1737 4922 Quid

113 4961 314 5028 igitur,
366 4964 656 5026 postquam
679 4953 915 5024 peccavit
945 4951 1011 5006 ad
1038 4965 1253 5020 aquam,
1285 4957 1576 5028 potuerene
1605 4948 1738 5001 assi-

113 5025 236 5106 dua!
281 5025 410 5105 illi
445 5048 803 5104 recusationes
840 5046 1014 5116 ipsum
1044 5043 1354 5107 defendere,
1381 5051 1434 5096 et
1460 5058 1487 5095 a
1517 5025 1626 5096 Deo
1649 5055 1742 5094 ve-

116 5149 267 5200 niam
325 5145 632 5210 impetrare
674 5138 860 5210 (Num.
899 5135 1152 5206 20.12)?
1194 5149 1482 5204 ecquanam
1532 5133 1634 5186 alia
1675 5131 1742 5186 de

117 5254 284 5293 musa
337 5248 500 5291 terra
527 5235 613 5289 illa
644 5231 1010 5303 promissionis
1038 5231 1272 5299 privatus
1295 5227 1412 5282 est?
1443 5228 1597 5282 Certe
1634 5239 1741 5280 non
1844 5233 1944 5288 ego
1979 5219 2030 5271 in
2061 5217 2266 5286 meipso
2295 5231 2415 5270 esse
2448 5230 2553 5269 non
2578 5229 2794 5286 possum
2821 5232 2833 5265 :
2868 5222 3068 5267 tantum
3095 5211 3222 5303 mihi
3249 5219 3417 5303 terro-

118 5333 244 5395 alia,
278 5339 351 5383 ut
399 5340 597 5381 omnes
635 5302 852 5387 scimus,
884 5339 1044 5392 quam
1076 5331 1294 5392 propter
1324 5321 1424 5374 hoc
1449 5328 1738 5388 peccatum,
1847 5311 1922 5366 ris
1947 5325 2009 5366 ac
2032 5309 2326 5364 formidinis
2355 5308 2512 5362 verba
2545 5316 2631 5361 tua
2664 5307 3018 5362 incusserunt.
3043 5302 3417 5395 CllRYSOST.

121 5424 276 5492 enim
306 5429 496 5475 causa
523 5416 865 5470 admirandus
889 5415 978 5470 ille
1003 5414 1082 5468 vir
1111 5429 1215 5468 non
1244 5412 1454 5475 eadem,
1487 5426 1603 5482 quae
1627 5411 1748 5463 sub-
1845 5405 1944 5472 Ne,
1969 5418 2150 5475 quaeso
2181 5410 2235 5457 et
2262 5401 2509 5466 obsecro,
2533 5407 2590 5492 te
2612 5413 2855 5492 eousque
2870 5397 3107 5466 dejicias.
3142 5395 3232 5449 Est
3255 5394 3417 5458 enim,

124 5489 237 5578 triti,
267 5509 556 5576 consequi
580 5507 784 5576 potuit;
811 5505 903 5561 sed
933 5513 1053 5575 post
1077 5504 1273 5566 multos
1295 5501 1505 5556 labores
1530 5500 1748 5554 multasr-
1850 5507 1933 5556 est
1970 5511 2101 5552 sane
2127 5493 2430 5565 prtesidium
2469 5491 2621 5546 nobis
2663 5489 2910 5554 infirmis,
2941 5497 2996 5540 ut
3025 5501 3310 5578 numquam
3356 5501 3422 5539 eo

130 5621 235 5672 (ne
262 5599 564 5664 miserias,
587 5607 705 5668 post
731 5597 1093 5670 eragationem
1130 5595 1273 5652 illam
1317 5591 1745 5661 inenarrabilem,
1851 5588 2176 5651 incidamus;
2201 5583 2350 5639 vobis
2374 5590 2553 5637 autem
2581 5581 2822 5646 fortibus,
2847 5589 2902 5632 ut
2922 5593 3072 5672 spem
3099 5577 3282 5672 salutis
3306 5587 3422 5646 post

187 5714 206 5746 ι
241 5709 364 5761 λιες,
395 5696 684 5764 iniquitatis.
1858 5679 1950 5740 Dci
1977 5679 2199 5750 gratiam
2226 5691 2332 5733 non
2358 5673 2482 5731 alibi
2511 5673 2738 5747 ponatis,
2756 5687 2912 5743 quam
2929 5679 2987 5726 ut
3002 5670 3131 5726 nihil
3160 5671 3426 5740 indignum
