  <div class='ocr_page' id='page_1' title='image "/cluster/home/n/w/nwhite01/storage/ocr_20150623/48/hvd.32044073501892/141.png"; bbox 0 0 3944 6202; ppageno 0'>
   <div class='ocr_carea' id='block_1_1' title="bbox 552 260 766 312">
    <p class='ocr_par' dir='ltr' id='par_1_1' title="bbox 552 260 766 312">
     <span class='ocr_line' id='line_1_1' title="bbox 552 260 766 312; baseline 0.005 -2"><span class='ocrx_word' id='word_1_1' title='bbox 552 260 655 312; x_wconf 73' lang='lat'><strong>663</strong></span> <span class='ocrx_word' id='word_1_2' title='bbox 750 283 766 291; x_wconf 65' lang='grc' dir='ltr'><em>ι</em></span> 
     </span>
    </p>
   </div>
   <div class='ocr_carea' id='block_1_2' title="bbox 551 359 2131 436">
    <p class='ocr_par' dir='ltr' id='par_1_2' title="bbox 551 359 2131 436">
     <span class='ocr_line' id='line_1_2' title="bbox 551 359 2131 436; baseline -0.011 -10"><span class='ocrx_word' id='word_1_3' title='bbox 551 371 756 427; x_wconf 73' lang='lat' dir='ltr'><strong>faciatis</strong></span> <span class='ocrx_word' id='word_1_4' title='bbox 783 370 871 426; x_wconf 91' lang='lat' dir='ltr'><strong>illo</strong></span> <span class='ocrx_word' id='word_1_5' title='bbox 896 368 1035 425; x_wconf 90' lang='lat' dir='ltr'><strong>dono</strong></span> <span class='ocrx_word' id='word_1_6' title='bbox 1064 376 1116 422; x_wconf 92' lang='lat' dir='ltr'><strong>et</strong></span> <span class='ocrx_word' id='word_1_7' title='bbox 1147 367 1261 436; x_wconf 90' lang='lat' dir='ltr'><strong>ipso</strong></span> <span class='ocrx_word' id='word_1_8' title='bbox 1290 365 1540 436; x_wconf 87' lang='lat' dir='ltr'><strong>largitore</strong></span> <span class='ocrx_word' id='word_1_9' title='bbox 1569 363 1694 418; x_wconf 91' lang='lat' dir='ltr'><strong>Deo.</strong></span> <span class='ocrx_word' id='word_1_10' title='bbox 1723 361 1950 415; x_wconf 78' lang='lat' dir='ltr'><strong>Maximo</strong></span> <span class='ocrx_word' id='word_1_11' title='bbox 1975 359 2131 428; x_wconf 81' lang='lat' dir='ltr'><strong>quip-</strong></span> 
     </span>
    </p>
   </div>
   <div class='ocr_carea' id='block_1_3' title="bbox 550 448 2134 534">
    <p class='ocr_par' dir='ltr' id='par_1_3' title="bbox 550 448 2134 534">
     <span class='ocr_line' id='line_1_3' title="bbox 550 448 2134 534; baseline -0.011 -16"><span class='ocrx_word' id='word_1_12' title='bbox 550 479 619 534; x_wconf 94' lang='lat' dir='ltr'><strong>pe</strong></span> <span class='ocrx_word' id='word_1_13' title='bbox 657 460 920 533; x_wconf 82' lang='lat' dir='ltr'><strong>supplicio</strong></span> <span class='ocrx_word' id='word_1_14' title='bbox 947 456 1092 528; x_wconf 91' lang='lat' dir='ltr'><strong>digni</strong></span> <span class='ocrx_word' id='word_1_15' title='bbox 1117 463 1275 512; x_wconf 89' lang='lat' dir='ltr'><strong>erunt</strong></span> <span class='ocrx_word' id='word_1_16' title='bbox 1309 455 1364 520; x_wconf 93' lang='lat' dir='ltr'><strong>ii,</strong></span> <span class='ocrx_word' id='word_1_17' title='bbox 1395 453 1486 524; x_wconf 91' lang='lat' dir='ltr'><strong>qui</strong></span> <span class='ocrx_word' id='word_1_18' title='bbox 1519 463 1799 523; x_wconf 75' lang='lat' dir='ltr'><strong>postquam</strong></span> <span class='ocrx_word' id='word_1_19' title='bbox 1835 448 2012 503; x_wconf 91' lang='lat' dir='ltr'><strong>studio</strong></span> <span class='ocrx_word' id='word_1_20' title='bbox 2037 462 2134 502; x_wconf 90' lang='lat' dir='ltr'><strong>suo</strong></span> 
     </span>
    </p>
   </div>
   <div class='ocr_carea' id='block_1_4' title="bbox 548 539 2136 623">
    <p class='ocr_par' dir='ltr' id='par_1_4' title="bbox 548 539 2136 623">
     <span class='ocr_line' id='line_1_4' title="bbox 548 539 2136 623; baseline -0.009 -15"><span class='ocrx_word' id='word_1_21' title='bbox 548 555 864 623; x_wconf 83' lang='lat' dir='ltr'><strong>dignitatem</strong></span> <span class='ocrx_word' id='word_1_22' title='bbox 891 547 1193 619; x_wconf 86' lang='lat' dir='ltr'><strong>hujusmodi</strong></span> <span class='ocrx_word' id='word_1_23' title='bbox 1224 555 1348 601; x_wconf 88' lang='lat' dir='ltr'><strong>sunt</strong></span> <span class='ocrx_word' id='word_1_24' title='bbox 1370 544 1568 614; x_wconf 78' lang='lat' dir='ltr'><strong>adepti,</strong></span> <span class='ocrx_word' id='word_1_25' title='bbox 1598 542 1682 598; x_wconf 84' lang='lat' dir='ltr'><strong>vcl</strong></span> <span class='ocrx_word' id='word_1_26' title='bbox 1709 557 1777 597; x_wconf 82' lang='lat' dir='ltr'><strong>ex</strong></span> <span class='ocrx_word' id='word_1_27' title='bbox 1805 540 2032 611; x_wconf 81' lang='lat' dir='ltr'><strong>ignavia,</strong></span> <span class='ocrx_word' id='word_1_28' title='bbox 2053 539 2136 594; x_wconf 85' lang='lat' dir='ltr'><strong>vel</strong></span> 
     </span>
    </p>
   </div>
   <div class='ocr_carea' id='block_1_5' title="bbox 545 632 2134 714">
    <p class='ocr_par' dir='ltr' id='par_1_5' title="bbox 545 632 2134 714">
     <span class='ocr_line' id='line_1_5' title="bbox 545 632 2134 714; baseline -0.012 -12"><span class='ocrx_word' id='word_1_29' title='bbox 545 664 612 702; x_wconf 78' lang='lat' dir='ltr'><strong>ex</strong></span> <span class='ocrx_word' id='word_1_30' title='bbox 638 644 997 714; x_wconf 69' lang='lat' dir='ltr'><strong>improbitate,</strong></span> <span class='ocrx_word' id='word_1_31' title='bbox 1025 640 1110 696; x_wconf 85' lang='lat' dir='ltr'><strong>vel</strong></span> <span class='ocrx_word' id='word_1_32' title='bbox 1139 655 1202 694; x_wconf 80' lang='lat' dir='ltr'><strong>ex</strong></span> <span class='ocrx_word' id='word_1_33' title='bbox 1237 637 1519 708; x_wconf 87' lang='lat' dir='ltr'><strong>imperitia,</strong></span> <span class='ocrx_word' id='word_1_34' title='bbox 1549 651 1654 690; x_wconf 92' lang='lat' dir='ltr'><strong>non</strong></span> <span class='ocrx_word' id='word_1_35' title='bbox 1684 642 1830 700; x_wconf 88' lang='lat' dir='ltr'><strong>recte</strong></span> <span class='ocrx_word' id='word_1_36' title='bbox 1855 632 1944 686; x_wconf 88' lang='lat' dir='ltr'><strong>illa</strong></span> <span class='ocrx_word' id='word_1_37' title='bbox 1973 642 2134 686; x_wconf 90' lang='lat' dir='ltr'><strong>utun-</strong></span> 
     </span>
    </p>
   </div>
   <div class='ocr_carea' id='block_1_6' title="bbox 547 726 2138 806">
    <p class='ocr_par' dir='ltr' id='par_1_6' title="bbox 547 726 2138 806">
     <span class='ocr_line' id='line_1_6' title="bbox 547 726 2138 806; baseline -0.008 -16"><span class='ocrx_word' id='word_1_38' title='bbox 547 748 651 792; x_wconf 90' lang='lat' dir='ltr'><strong>tur.</strong></span> <span class='ocrx_word' id='word_1_39' title='bbox 677 735 859 806; x_wconf 85' lang='lat' dir='ltr'><strong>Neque</strong></span> <span class='ocrx_word' id='word_1_40' title='bbox 885 743 1064 789; x_wconf 89' lang='lat' dir='ltr'><strong>tamen</strong></span> <span class='ocrx_word' id='word_1_41' title='bbox 1090 731 1212 787; x_wconf 84' lang='lat' dir='ltr'><strong>ideo</strong></span> <span class='ocrx_word' id='word_1_42' title='bbox 1242 731 1326 798; x_wconf 82' lang='lat' dir='ltr'><strong>iis,</strong></span> <span class='ocrx_word' id='word_1_43' title='bbox 1349 729 1440 800; x_wconf 87' lang='lat' dir='ltr'><strong>qui</strong></span> <span class='ocrx_word' id='word_1_44' title='bbox 1468 727 1612 783; x_wconf 83' lang='lat' dir='ltr'><strong>nullo</strong></span> <span class='ocrx_word' id='word_1_45' title='bbox 1637 726 1812 783; x_wconf 91' lang='lat' dir='ltr'><strong>studio</strong></span> <span class='ocrx_word' id='word_1_46' title='bbox 1844 727 2010 795; x_wconf 85' lang='lat' dir='ltr'><strong>ipsam</strong></span> <span class='ocrx_word' id='word_1_47' title='bbox 2050 739 2138 778; x_wconf 87' lang='lat' dir='ltr'><strong>as-</strong></span> 
     </span>
    </p>
   </div>
   <div class='ocr_carea' id='block_1_7' title="bbox 546 815 2132 898">
    <p class='ocr_par' dir='ltr' id='par_1_7' title="bbox 546 815 2132 898">
     <span class='ocr_line' id='line_1_7' title="bbox 546 815 2132 898; baseline -0.008 -16"><span class='ocrx_word' id='word_1_48' title='bbox 546 826 758 898; x_wconf 89' lang='lat' dir='ltr'><strong>sequuti</strong></span> <span class='ocrx_word' id='word_1_49' title='bbox 797 834 942 888; x_wconf 90' lang='lat' dir='ltr'><strong>sunt,</strong></span> <span class='ocrx_word' id='word_1_50' title='bbox 975 823 1130 878; x_wconf 85' lang='lat' dir='ltr'><strong>venia</strong></span> <span class='ocrx_word' id='word_1_51' title='bbox 1160 821 1498 896; x_wconf 76' lang='lat' dir='ltr'><strong>relinquitur,</strong></span> <span class='ocrx_word' id='word_1_52' title='bbox 1529 818 1624 874; x_wconf 88' lang='lat' dir='ltr'><strong>sed</strong></span> <span class='ocrx_word' id='word_1_53' title='bbox 1652 833 1720 873; x_wconf 87' lang='lat' dir='ltr'><strong>ne</strong></span> <span class='ocrx_word' id='word_1_54' title='bbox 1751 817 1891 888; x_wconf 81' lang='lat' dir='ltr'><strong>ipsis</strong></span> <span class='ocrx_word' id='word_1_55' title='bbox 1915 815 2132 886; x_wconf 86' lang='lat' dir='ltr'><strong>quidem</strong></span> 
     </span>
    </p>
   </div>
   <div class='ocr_carea' id='block_1_8' title="bbox 553 908 2132 985">
    <p class='ocr_par' dir='ltr' id='par_1_8' title="bbox 553 908 2132 985">
     <span class='ocr_line' id='line_1_8' title="bbox 553 908 2132 985; baseline -0.009 -13"><span class='ocrx_word' id='word_1_56' title='bbox 553 917 654 972; x_wconf 85' lang='lat' dir='ltr'><strong>ulla</strong></span> <span class='ocrx_word' id='word_1_57' title='bbox 681 923 926 985; x_wconf 68' lang='lat' dir='ltr'><strong>superest</strong></span> <span class='ocrx_word' id='word_1_58' title='bbox 943 911 1470 982; x_wconf 77' lang='lat' dir='ltr'><strong>excusatio.0portet</strong></span> <span class='ocrx_word' id='word_1_59' title='bbox 1489 909 1652 976; x_wconf 90' lang='lat' dir='ltr'><strong>enim,</strong></span> <span class='ocrx_word' id='word_1_60' title='bbox 1678 908 1926 973; x_wconf 83' lang='lat' dir='ltr'><strong>arbitror,</strong></span> <span class='ocrx_word' id='word_1_61' title='bbox 1943 920 2132 975; x_wconf 85' lang='lat' dir='ltr'><strong>quam-</strong></span> 
     </span>
    </p>
   </div>
   <div class='ocr_carea' id='block_1_9' title="bbox 547 998 2130 1074">
    <p class='ocr_par' dir='ltr' id='par_1_9' title="bbox 547 998 2130 1074">
     <span class='ocr_line' id='line_1_9' title="bbox 547 998 2130 1074; baseline -0.008 -10"><span class='ocrx_word' id='word_1_62' title='bbox 547 1009 630 1063; x_wconf 91' lang='lat' dir='ltr'><strong>vis</strong></span> <span class='ocrx_word' id='word_1_63' title='bbox 663 1007 900 1064; x_wconf 68' lang='lat' dir='ltr'><strong>sexcenti</strong></span> <span class='ocrx_word' id='word_1_64' title='bbox 943 1006 1208 1061; x_wconf 78' lang='lat' dir='ltr'><strong>advocent</strong></span> <span class='ocrx_word' id='word_1_65' title='bbox 1234 1011 1289 1059; x_wconf 93' lang='lat' dir='ltr'><strong>et</strong></span> <span class='ocrx_word' id='word_1_66' title='bbox 1311 1010 1526 1074; x_wconf 89' lang='lat' dir='ltr'><strong>cogant,</strong></span> <span class='ocrx_word' id='word_1_67' title='bbox 1554 1016 1660 1056; x_wconf 91' lang='lat' dir='ltr'><strong>non</strong></span> <span class='ocrx_word' id='word_1_68' title='bbox 1693 999 1812 1055; x_wconf 85' lang='lat' dir='ltr'><strong>illos</strong></span> <span class='ocrx_word' id='word_1_69' title='bbox 1838 998 2130 1070; x_wconf 74' lang='lat' dir='ltr'><strong>reSpiccre,</strong></span> 
     </span>
    </p>
   </div>
   <div class='ocr_carea' id='block_1_10' title="bbox 543 1091 2132 1171">
    <p class='ocr_par' dir='ltr' id='par_1_10' title="bbox 543 1091 2132 1171">
     <span class='ocr_line' id='line_1_10' title="bbox 543 1091 2132 1171; baseline -0.008 -17"><span class='ocrx_word' id='word_1_70' title='bbox 543 1101 638 1156; x_wconf 87' lang='lat' dir='ltr'><strong>sed</strong></span> <span class='ocrx_word' id='word_1_71' title='bbox 684 1100 856 1171; x_wconf 88' lang='lat' dir='ltr'><strong>primo</strong></span> <span class='ocrx_word' id='word_1_72' title='bbox 883 1098 1121 1153; x_wconf 88' lang='lat' dir='ltr'><strong>animum</strong></span> <span class='ocrx_word' id='word_1_73' title='bbox 1149 1095 1430 1167; x_wconf 81' lang='lat' dir='ltr'><strong>explorare</strong></span> <span class='ocrx_word' id='word_1_74' title='bbox 1456 1109 1635 1161; x_wconf 89' lang='lat' dir='ltr'><strong>suum,</strong></span> <span class='ocrx_word' id='word_1_75' title='bbox 1676 1101 1731 1148; x_wconf 91' lang='lat' dir='ltr'><strong>et</strong></span> <span class='ocrx_word' id='word_1_76' title='bbox 1755 1091 1932 1146; x_wconf 89' lang='lat' dir='ltr'><strong>omnia</strong></span> <span class='ocrx_word' id='word_1_77' title='bbox 1971 1103 2132 1144; x_wconf 90' lang='lat' dir='ltr'><strong>accu-</strong></span> 
     </span>
    </p>
   </div>
   <div class='ocr_carea' id='block_1_11' title="bbox 503 1182 2133 1266">
    <p class='ocr_par' dir='ltr' id='par_1_11' title="bbox 503 1182 2133 1266">
     <span class='ocr_line' id='line_1_11' title="bbox 503 1182 2133 1266; baseline -0.009 -17"><span class='ocrx_word' id='word_1_78' title='bbox 503 1257 508 1266; x_wconf 85' lang='grc' dir='ltr'><strong> </strong></span> <span class='ocrx_word' id='word_1_79' title='bbox 542 1202 658 1249; x_wconf 85' lang='lat' dir='ltr'><strong>rate</strong></span> <span class='ocrx_word' id='word_1_80' title='bbox 685 1199 978 1248; x_wconf 91' lang='lat' dir='ltr'><strong>scrutatum</strong></span> <span class='ocrx_word' id='word_1_81' title='bbox 1007 1191 1079 1245; x_wconf 90' lang='lat' dir='ltr'><strong>ita</strong></span> <span class='ocrx_word' id='word_1_82' title='bbox 1108 1189 1214 1245; x_wconf 82' lang='lat' dir='ltr'><strong>vim</strong></span> <span class='ocrx_word' id='word_1_83' title='bbox 1243 1186 1597 1243; x_wconf 88' lang='lat' dir='ltr'><strong>inferentibus</strong></span> <span class='ocrx_word' id='word_1_84' title='bbox 1624 1185 1837 1241; x_wconf 86' lang='lat' dir='ltr'><strong>cedere.</strong></span> <span class='ocrx_word' id='word_1_85' title='bbox 1867 1182 1985 1238; x_wconf 77' lang='lat' dir='ltr'><strong>Jam</strong></span> <span class='ocrx_word' id='word_1_86' title='bbox 2007 1182 2133 1236; x_wconf 86' lang='lat' dir='ltr'><strong>nul-</strong></span> 
     </span>
    </p>
   </div>
   <div class='ocr_carea' id='block_1_12' title="bbox 543 1274 2134 1352">
    <p class='ocr_par' dir='ltr' id='par_1_12' title="bbox 543 1274 2134 1352">
     <span class='ocr_line' id='line_1_12' title="bbox 543 1274 2134 1352; baseline -0.006 -13"><span class='ocrx_word' id='word_1_87' title='bbox 543 1285 627 1340; x_wconf 91' lang='lat' dir='ltr'><strong>lus</strong></span> <span class='ocrx_word' id='word_1_88' title='bbox 655 1300 715 1341; x_wconf 91' lang='lat' dir='ltr'><strong>se</strong></span> <span class='ocrx_word' id='word_1_89' title='bbox 743 1284 960 1340; x_wconf 90' lang='lat' dir='ltr'><strong>domum</strong></span> <span class='ocrx_word' id='word_1_90' title='bbox 989 1283 1375 1338; x_wconf 73' lang='lat' dir='ltr'><strong>mdificaturum</strong></span> <span class='ocrx_word' id='word_1_91' title='bbox 1401 1279 1640 1352; x_wconf 88' lang='lat' dir='ltr'><strong>polliceri</strong></span> <span class='ocrx_word' id='word_1_92' title='bbox 1680 1278 1894 1343; x_wconf 81' lang='lat' dir='ltr'><strong>audeat,</strong></span> <span class='ocrx_word' id='word_1_93' title='bbox 1923 1275 2024 1331; x_wconf 89' lang='lat' dir='ltr'><strong>nisi</strong></span> <span class='ocrx_word' id='word_1_94' title='bbox 2060 1274 2134 1330; x_wconf 85' lang='lat' dir='ltr'><strong>sit</strong></span> 
     </span>
    </p>
   </div>
   <div class='ocr_carea' id='block_1_13' title="bbox 546 1366 2130 1445">
    <p class='ocr_par' dir='ltr' id='par_1_13' title="bbox 546 1366 2130 1445">
     <span class='ocr_line' id='line_1_13' title="bbox 546 1366 2130 1445; baseline -0.008 -13"><span class='ocrx_word' id='word_1_95' title='bbox 546 1377 892 1444; x_wconf 75' lang='lat' dir='ltr'><strong>architectus,</strong></span> <span class='ocrx_word' id='word_1_96' title='bbox 934 1390 1109 1445; x_wconf 86' lang='lat' dir='ltr'><strong>neque</strong></span> <span class='ocrx_word' id='word_1_97' title='bbox 1148 1373 1461 1444; x_wconf 61' lang='lat' dir='ltr'><strong>aegrotantia</strong></span> <span class='ocrx_word' id='word_1_98' title='bbox 1502 1385 1727 1441; x_wconf 88' lang='lat' dir='ltr'><strong>corpora</strong></span> <span class='ocrx_word' id='word_1_99' title='bbox 1771 1383 1983 1433; x_wconf 86' lang='lat' dir='ltr'><strong>curare,</strong></span> <span class='ocrx_word' id='word_1_100' title='bbox 2030 1366 2130 1422; x_wconf 83' lang='lat' dir='ltr'><strong>nisi</strong></span> 
     </span>
    </p>
   </div>
   <div class='ocr_carea' id='block_1_14' title="bbox 547 1459 2132 1532">
    <p class='ocr_par' dir='ltr' id='par_1_14' title="bbox 547 1459 2132 1532">
     <span class='ocr_line' id='line_1_14' title="bbox 547 1459 2132 1532; baseline -0.008 -7"><span class='ocrx_word' id='word_1_101' title='bbox 547 1469 866 1525; x_wconf 85' lang='lat' dir='ltr'><strong>medicinam</strong></span> <span class='ocrx_word' id='word_1_102' title='bbox 893 1468 1118 1532; x_wconf 82' lang='lat' dir='ltr'><strong>calleat;</strong></span> <span class='ocrx_word' id='word_1_103' title='bbox 1164 1465 1259 1520; x_wconf 92' lang='lat' dir='ltr'><strong>sed</strong></span> <span class='ocrx_word' id='word_1_104' title='bbox 1277 1463 1486 1520; x_wconf 88' lang='lat' dir='ltr'><strong>etiamsi</strong></span> <span class='ocrx_word' id='word_1_105' title='bbox 1511 1463 1616 1517; x_wconf 88' lang='lat' dir='ltr'><strong>vim</strong></span> <span class='ocrx_word' id='word_1_106' title='bbox 1639 1459 1890 1524; x_wconf 80' lang='lat' dir='ltr'><strong>inferant,</strong></span> <span class='ocrx_word' id='word_1_107' title='bbox 1920 1473 2132 1528; x_wconf 87' lang='lat' dir='ltr'><strong>semper</strong></span> 
     </span>
    </p>
   </div>
   <div class='ocr_carea' id='block_1_15' title="bbox 545 1553 2130 1631">
    <p class='ocr_par' dir='ltr' id='par_1_15' title="bbox 545 1553 2130 1631">
     <span class='ocr_line' id='line_1_15' title="bbox 545 1553 2130 1631; baseline -0.006 -16"><span class='ocrx_word' id='word_1_108' title='bbox 545 1561 790 1626; x_wconf 88' lang='lat' dir='ltr'><strong>obsistet,</strong></span> <span class='ocrx_word' id='word_1_109' title='bbox 810 1557 1160 1631; x_wconf 75' lang='lat' dir='ltr'><strong>nec—pudebit</strong></span> <span class='ocrx_word' id='word_1_110' title='bbox 1187 1572 1310 1612; x_wconf 92' lang='lat' dir='ltr'><strong>eum</strong></span> <span class='ocrx_word' id='word_1_111' title='bbox 1339 1554 1668 1627; x_wconf 67' lang='lat' dir='ltr'><strong>ignorantiae.</strong></span> <span class='ocrx_word' id='word_1_112' title='bbox 1699 1553 1793 1609; x_wconf 90' lang='lat' dir='ltr'><strong>Cui</strong></span> <span class='ocrx_word' id='word_1_113' title='bbox 1817 1563 1996 1607; x_wconf 88' lang='lat' dir='ltr'><strong>autem</strong></span> <span class='ocrx_word' id='word_1_114' title='bbox 2023 1561 2130 1605; x_wconf 90' lang='lat' dir='ltr'><strong>tam</strong></span> 
     </span>
    </p>
   </div>
   <div class='ocr_carea' id='block_1_16' title="bbox 547 1644 2131 1708">
    <p class='ocr_par' dir='ltr' id='par_1_16' title="bbox 547 1644 2131 1708">
     <span class='ocr_line' id='line_1_16' title="bbox 547 1644 2131 1708; baseline -0.006 -2"><span class='ocrx_word' id='word_1_115' title='bbox 547 1652 832 1707; x_wconf 85' lang='lat' dir='ltr'><strong>multarum</strong></span> <span class='ocrx_word' id='word_1_116' title='bbox 859 1651 1157 1704; x_wconf 90' lang='lat' dir='ltr'><strong>animarum</strong></span> <span class='ocrx_word' id='word_1_117' title='bbox 1193 1663 1320 1703; x_wconf 88' lang='lat' dir='ltr'><strong>cura</strong></span> <span class='ocrx_word' id='word_1_118' title='bbox 1350 1646 1716 1702; x_wconf 86' lang='lat' dir='ltr'><strong>concredenda</strong></span> <span class='ocrx_word' id='word_1_119' title='bbox 1747 1655 1848 1708; x_wconf 87' lang='lat' dir='ltr'><strong>est,</strong></span> <span class='ocrx_word' id='word_1_120' title='bbox 1881 1644 1926 1698; x_wconf 86' lang='lat' dir='ltr'><strong>is</strong></span> <span class='ocrx_word' id='word_1_121' title='bbox 1954 1657 2131 1697; x_wconf 89' lang='lat' dir='ltr'><strong>nonne</strong></span> 
     </span>
    </p>
   </div>
   <div class='ocr_carea' id='block_1_17' title="bbox 546 1734 2129 1813">
    <p class='ocr_par' dir='ltr' id='par_1_17' title="bbox 546 1734 2129 1813">
     <span class='ocr_line' id='line_1_17' title="bbox 546 1734 2129 1813; baseline -0.006 -15"><span class='ocrx_word' id='word_1_122' title='bbox 546 1743 696 1813; x_wconf 88' lang='lat' dir='ltr'><strong>prius</strong></span> <span class='ocrx_word' id='word_1_123' title='bbox 716 1742 951 1811; x_wconf 90' lang='lat' dir='ltr'><strong>seipsum</strong></span> <span class='ocrx_word' id='word_1_124' title='bbox 976 1739 1296 1810; x_wconf 83' lang='lat' dir='ltr'><strong>explorabit,</strong></span> <span class='ocrx_word' id='word_1_125' title='bbox 1319 1737 1435 1805; x_wconf 92' lang='lat' dir='ltr'><strong>sed,</strong></span> <span class='ocrx_word' id='word_1_126' title='bbox 1468 1734 1934 1792; x_wconf 74' lang='lat' dir='ltr'><strong>etiamsiomnium</strong></span> <span class='ocrx_word' id='word_1_127' title='bbox 1962 1734 2129 1802; x_wconf 88' lang='lat' dir='ltr'><strong>impe-</strong></span> 
     </span>
    </p>
   </div>
   <div class='ocr_carea' id='block_1_18' title="bbox 548 1825 2130 1898">
    <p class='ocr_par' dir='ltr' id='par_1_18' title="bbox 548 1825 2130 1898">
     <span class='ocr_line' id='line_1_18' title="bbox 548 1825 2130 1898; baseline -0.008 -9"><span class='ocrx_word' id='word_1_128' title='bbox 548 1834 833 1890; x_wconf 90' lang='lat' dir='ltr'><strong>ritissimus</strong></span> <span class='ocrx_word' id='word_1_129' title='bbox 861 1833 951 1898; x_wconf 87' lang='lat' dir='ltr'><strong>sit,</strong></span> <span class='ocrx_word' id='word_1_130' title='bbox 979 1829 1329 1886; x_wconf 83' lang='lat' dir='ltr'><strong>ministerium</strong></span> <span class='ocrx_word' id='word_1_131' title='bbox 1360 1829 1634 1897; x_wconf 88' lang='lat' dir='ltr'><strong>suscipiet,</strong></span> <span class='ocrx_word' id='word_1_132' title='bbox 1665 1825 1954 1896; x_wconf 86' lang='lat' dir='ltr'><strong>quia-alius</strong></span> <span class='ocrx_word' id='word_1_133' title='bbox 1981 1825 2130 1895; x_wconf 85' lang='lat' dir='ltr'><strong>quis-</strong></span> 
     </span>
    </p>
   </div>
   <div class='ocr_carea' id='block_1_19' title="bbox 547 1913 2128 1997">
    <p class='ocr_par' dir='ltr' id='par_1_19' title="bbox 547 1913 2128 1997">
     <span class='ocr_line' id='line_1_19' title="bbox 547 1913 2128 1997; baseline -0.007 -17"><span class='ocrx_word' id='word_1_134' title='bbox 547 1926 688 1997; x_wconf 91' lang='lat' dir='ltr'><strong>piam</strong></span> <span class='ocrx_word' id='word_1_135' title='bbox 712 1924 763 1979; x_wconf 91' lang='lat' dir='ltr'><strong>id</strong></span> <span class='ocrx_word' id='word_1_136' title='bbox 789 1923 961 1994; x_wconf 83' lang='lat' dir='ltr'><strong>jubet,</strong></span> <span class='ocrx_word' id='word_1_137' title='bbox 1001 1922 1244 1992; x_wconf 90' lang='lat' dir='ltr'><strong>aliusque</strong></span> <span class='ocrx_word' id='word_1_138' title='bbox 1281 1921 1444 1990; x_wconf 80' lang='lat' dir='ltr'><strong>cogit,</strong></span> <span class='ocrx_word' id='word_1_139' title='bbox 1474 1929 1528 1974; x_wconf 92' lang='lat' dir='ltr'><strong>et</strong></span> <span class='ocrx_word' id='word_1_140' title='bbox 1553 1936 1621 1974; x_wconf 91' lang='lat' dir='ltr'><strong>ne</strong></span> <span class='ocrx_word' id='word_1_141' title='bbox 1650 1918 1702 1972; x_wconf 90' lang='lat' dir='ltr'><strong>in</strong></span> <span class='ocrx_word' id='word_1_142' title='bbox 1725 1917 2016 1988; x_wconf 87' lang='lat' dir='ltr'><strong>cujuspiam</strong></span> <span class='ocrx_word' id='word_1_143' title='bbox 2047 1913 2128 1970; x_wconf 83' lang='lat' dir='ltr'><strong>ul-</strong></span> 
     </span>
    </p>
   </div>
   <div class='ocr_carea' id='block_1_20' title="bbox 547 2011 2132 2083">
    <p class='ocr_par' dir='ltr' id='par_1_20' title="bbox 547 2011 2132 2083">
     <span class='ocr_line' id='line_1_20' title="bbox 547 2011 2132 2083; baseline -0.004 -11"><span class='ocrx_word' id='word_1_144' title='bbox 547 2018 844 2074; x_wconf 86' lang='lat' dir='ltr'><strong>fcnsionem</strong></span> <span class='ocrx_word' id='word_1_145' title='bbox 875 2014 1148 2070; x_wconf 84' lang='lat' dir='ltr'><strong>incurrat?</strong></span> <span class='ocrx_word' id='word_1_146' title='bbox 1174 2017 1363 2069; x_wconf 84' lang='lat' dir='ltr'><strong>Annon</strong></span> <span class='ocrx_word' id='word_1_147' title='bbox 1391 2029 1452 2069; x_wconf 88' lang='lat' dir='ltr'><strong>se</strong></span> <span class='ocrx_word' id='word_1_148' title='bbox 1494 2013 1609 2083; x_wconf 89' lang='lat' dir='ltr'><strong>ipse</strong></span> <span class='ocrx_word' id='word_1_149' title='bbox 1638 2023 1829 2083; x_wconf 86' lang='lat' dir='ltr'><strong>sponte</strong></span> <span class='ocrx_word' id='word_1_150' title='bbox 1864 2027 1986 2066; x_wconf 91' lang='lat' dir='ltr'><strong>cum</strong></span> <span class='ocrx_word' id='word_1_151' title='bbox 2027 2011 2132 2066; x_wconf 89' lang='lat' dir='ltr'><strong>illis</strong></span> 
     </span>
    </p>
   </div>
   <div class='ocr_carea' id='block_1_21' title="bbox 547 2103 2130 2179">
    <p class='ocr_par' dir='ltr' id='par_1_21' title="bbox 547 2103 2130 2179">
     <span class='ocr_line' id='line_1_21' title="bbox 547 2103 2130 2179; baseline -0.004 -14"><span class='ocrx_word' id='word_1_152' title='bbox 547 2111 601 2165; x_wconf 87' lang='lat' dir='ltr'><strong>in</strong></span> <span class='ocrx_word' id='word_1_153' title='bbox 643 2107 991 2179; x_wconf 68' lang='lat' dir='ltr'><strong>prazcipitium</strong></span> <span class='ocrx_word' id='word_1_154' title='bbox 1031 2106 1279 2177; x_wconf 88' lang='lat' dir='ltr'><strong>conjicit?</strong></span> <span class='ocrx_word' id='word_1_155' title='bbox 1305 2104 1437 2160; x_wconf 86' lang='lat' dir='ltr'><strong>Cum</strong></span> <span class='ocrx_word' id='word_1_156' title='bbox 1465 2104 1650 2159; x_wconf 86' lang='lat' dir='ltr'><strong>liceret</strong></span> <span class='ocrx_word' id='word_1_157' title='bbox 1679 2105 1777 2159; x_wconf 87' lang='lat' dir='ltr'><strong>sibi</strong></span> <span class='ocrx_word' id='word_1_158' title='bbox 1819 2103 1975 2158; x_wconf 88' lang='lat' dir='ltr'><strong>saluti</strong></span> <span class='ocrx_word' id='word_1_159' title='bbox 2019 2119 2130 2158; x_wconf 70' lang='lat' dir='ltr'><strong>suae</strong></span> 
     </span>
    </p>
   </div>
   <div class='ocr_carea' id='block_1_22' title="bbox 544 2196 2130 2267">
    <p class='ocr_par' dir='ltr' id='par_1_22' title="bbox 544 2196 2130 2267">
     <span class='ocr_line' id='line_1_22' title="bbox 544 2196 2130 2267; baseline -0.004 -11"><span class='ocrx_word' id='word_1_160' title='bbox 544 2200 853 2267; x_wconf 86' lang='lat' dir='ltr'><strong>consulere,</strong></span> <span class='ocrx_word' id='word_1_161' title='bbox 887 2199 1022 2254; x_wconf 88' lang='lat' dir='ltr'><strong>alios</strong></span> <span class='ocrx_word' id='word_1_162' title='bbox 1047 2212 1228 2254; x_wconf 90' lang='lat' dir='ltr'><strong>secum</strong></span> <span class='ocrx_word' id='word_1_163' title='bbox 1257 2197 1310 2252; x_wconf 90' lang='lat' dir='ltr'><strong>in</strong></span> <span class='ocrx_word' id='word_1_164' title='bbox 1333 2197 1622 2267; x_wconf 90' lang='lat' dir='ltr'><strong>perniciem</strong></span> <span class='ocrx_word' id='word_1_165' title='bbox 1646 2196 1827 2250; x_wconf 89' lang='lat' dir='ltr'><strong>trahit.</strong></span> <span class='ocrx_word' id='word_1_166' title='bbox 1855 2196 2130 2252; x_wconf 86' lang='lat' dir='ltr'><strong>Undenam</strong></span> 
     </span>
    </p>
   </div>
   <div class='ocr_carea' id='block_1_23' title="bbox 546 2286 2131 2363">
    <p class='ocr_par' dir='ltr' id='par_1_23' title="bbox 546 2286 2131 2363">
     <span class='ocr_line' id='line_1_23' title="bbox 546 2286 2131 2363; baseline -0.004 -16"><span class='ocrx_word' id='word_1_167' title='bbox 546 2295 774 2348; x_wconf 89' lang='lat' dir='ltr'><strong>salutem</strong></span> <span class='ocrx_word' id='word_1_168' title='bbox 808 2306 1029 2363; x_wconf 89' lang='lat' dir='ltr'><strong>sperare</strong></span> <span class='ocrx_word' id='word_1_169' title='bbox 1068 2289 1277 2361; x_wconf 83' lang='lat' dir='ltr'><strong>possit?</strong></span> <span class='ocrx_word' id='word_1_170' title='bbox 1304 2288 1444 2343; x_wconf 91' lang='lat' dir='ltr'><strong>unde</strong></span> <span class='ocrx_word' id='word_1_171' title='bbox 1469 2289 1678 2343; x_wconf 87' lang='lat' dir='ltr'><strong>veniam</strong></span> <span class='ocrx_word' id='word_1_172' title='bbox 1700 2287 1994 2356; x_wconf 89' lang='lat' dir='ltr'><strong>consequi?</strong></span> <span class='ocrx_word' id='word_1_173' title='bbox 2013 2286 2131 2356; x_wconf 80' lang='lat' dir='ltr'><strong>qui-</strong></span> 
     </span>
    </p>
   </div>
   <div class='ocr_carea' id='block_1_24' title="bbox 547 2379 2128 2454">
    <p class='ocr_par' dir='ltr' id='par_1_24' title="bbox 547 2379 2128 2454">
     <span class='ocr_line' id='line_1_24' title="bbox 547 2379 2128 2454; baseline -0.005 -14"><span class='ocrx_word' id='word_1_174' title='bbox 547 2400 672 2440; x_wconf 92' lang='lat' dir='ltr'><strong>nam</strong></span> <span class='ocrx_word' id='word_1_175' title='bbox 703 2393 830 2440; x_wconf 89' lang='lat' dir='ltr'><strong>tunc</strong></span> <span class='ocrx_word' id='word_1_176' title='bbox 853 2383 1008 2439; x_wconf 88' lang='lat' dir='ltr'><strong>nobis</strong></span> <span class='ocrx_word' id='word_1_177' title='bbox 1037 2381 1550 2454; x_wconf 88' lang='lat' dir='ltr'><strong>patrocinabuntur?</strong></span> <span class='ocrx_word' id='word_1_178' title='bbox 1575 2396 1642 2434; x_wconf 93' lang='lat' dir='ltr'><strong>an</strong></span> <span class='ocrx_word' id='word_1_179' title='bbox 1666 2380 1700 2434; x_wconf 91' lang='lat' dir='ltr'><strong>ii</strong></span> <span class='ocrx_word' id='word_1_180' title='bbox 1729 2380 1818 2450; x_wconf 89' lang='lat' dir='ltr'><strong>qui</strong></span> <span class='ocrx_word' id='word_1_181' title='bbox 1850 2379 2003 2434; x_wconf 91' lang='lat' dir='ltr'><strong>nobis</strong></span> <span class='ocrx_word' id='word_1_182' title='bbox 2023 2380 2128 2433; x_wconf 87' lang='lat' dir='ltr'><strong>vim</strong></span> 
     </span>
    </p>
   </div>
   <div class='ocr_carea' id='block_1_25' title="bbox 548 2471 2131 2541">
    <p class='ocr_par' dir='ltr' id='par_1_25' title="bbox 548 2471 2131 2541">
     <span class='ocr_line' id='line_1_25' title="bbox 548 2471 2131 2541; baseline -0.003 -12"><span class='ocrx_word' id='word_1_183' title='bbox 548 2489 690 2530; x_wconf 88' lang='lat' dir='ltr'><strong>nunc</strong></span> <span class='ocrx_word' id='word_1_184' title='bbox 733 2475 984 2540; x_wconf 85' lang='lat' dir='ltr'><strong>inferunt,</strong></span> <span class='ocrx_word' id='word_1_185' title='bbox 1020 2483 1076 2530; x_wconf 90' lang='lat' dir='ltr'><strong>et</strong></span> <span class='ocrx_word' id='word_1_186' title='bbox 1125 2473 1192 2528; x_wconf 88' lang='lat' dir='ltr'><strong>ad</strong></span> <span class='ocrx_word' id='word_1_187' title='bbox 1233 2474 1607 2528; x_wconf 87' lang='lat' dir='ltr'><strong>necessitatem</strong></span> <span class='ocrx_word' id='word_1_188' title='bbox 1634 2472 1889 2541; x_wconf 84' lang='lat' dir='ltr'><strong>adigunt?</strong></span> <span class='ocrx_word' id='word_1_189' title='bbox 1918 2472 1987 2525; x_wconf 81' lang='lat' dir='ltr'><strong>At</strong></span> <span class='ocrx_word' id='word_1_190' title='bbox 2033 2471 2131 2524; x_wconf 90' lang='lat' dir='ltr'><strong>hos</strong></span> 
     </span>
    </p>
   </div>
   <div class='ocr_carea' id='block_1_26' title="bbox 548 2561 2130 2637">
    <p class='ocr_par' dir='ltr' id='par_1_26' title="bbox 548 2561 2130 2637">
     <span class='ocr_line' id='line_1_26' title="bbox 548 2561 2130 2637; baseline -0.003 -17"><span class='ocrx_word' id='word_1_191' title='bbox 548 2569 695 2637; x_wconf 88' lang='lat' dir='ltr'><strong>ipsos</strong></span> <span class='ocrx_word' id='word_1_192' title='bbox 710 2567 842 2636; x_wconf 89' lang='lat' dir='ltr'><strong>-quis</strong></span> <span class='ocrx_word' id='word_1_193' title='bbox 888 2567 979 2620; x_wconf 87' lang='lat' dir='ltr'><strong>illo</strong></span> <span class='ocrx_word' id='word_1_194' title='bbox 1008 2574 1248 2636; x_wconf 91' lang='lat' dir='ltr'><strong>tempore</strong></span> <span class='ocrx_word' id='word_1_195' title='bbox 1273 2564 1540 2619; x_wconf 87' lang='lat' dir='ltr'><strong>servabit?</strong></span> <span class='ocrx_word' id='word_1_196' title='bbox 1576 2577 1698 2617; x_wconf 88' lang='lat' dir='ltr'><strong>nam</strong></span> <span class='ocrx_word' id='word_1_197' title='bbox 1725 2571 1780 2618; x_wconf 91' lang='lat' dir='ltr'><strong>et</strong></span> <span class='ocrx_word' id='word_1_198' title='bbox 1808 2562 1906 2631; x_wconf 90' lang='lat' dir='ltr'><strong>ipsi</strong></span> <span class='ocrx_word' id='word_1_199' title='bbox 1936 2561 2130 2631; x_wconf 78' lang='lat' dir='ltr'><strong>depre-</strong></span> 
     </span>
    </p>
   </div>
   <div class='ocr_carea' id='block_1_27' title="bbox 547 2653 2130 2727">
    <p class='ocr_par' dir='ltr' id='par_1_27' title="bbox 547 2653 2130 2727">
     <span class='ocr_line' id='line_1_27' title="bbox 547 2653 2130 2727; baseline -0.003 -16"><span class='ocrx_word' id='word_1_200' title='bbox 547 2657 817 2713; x_wconf 81' lang='lat' dir='ltr'><strong>caloribus</strong></span> <span class='ocrx_word' id='word_1_201' title='bbox 853 2657 1186 2727; x_wconf 84' lang='lat' dir='ltr'><strong>indigebunt,</strong></span> <span class='ocrx_word' id='word_1_202' title='bbox 1222 2665 1279 2710; x_wconf 92' lang='lat' dir='ltr'><strong>ut</strong></span> <span class='ocrx_word' id='word_1_203' title='bbox 1320 2656 1497 2726; x_wconf 91' lang='lat' dir='ltr'><strong>ignem</strong></span> <span class='ocrx_word' id='word_1_204' title='bbox 1537 2653 1808 2724; x_wconf 77' lang='lat' dir='ltr'><strong>effugiant.</strong></span> <span class='ocrx_word' id='word_1_205' title='bbox 1837 2653 1989 2720; x_wconf 87' lang='lat' dir='ltr'><strong>Quod</strong></span> <span class='ocrx_word' id='word_1_206' title='bbox 2034 2668 2130 2707; x_wconf 91' lang='lat' dir='ltr'><strong>au-</strong></span> 
     </span>
    </p>
   </div>
   <div class='ocr_carea' id='block_1_28' title="bbox 551 2746 2133 2814">
    <p class='ocr_par' dir='ltr' id='par_1_28' title="bbox 551 2746 2133 2814">
     <span class='ocr_line' id='line_1_28' title="bbox 551 2746 2133 2814; baseline -0.001 -10"><span class='ocrx_word' id='word_1_207' title='bbox 551 2761 657 2805; x_wconf 90' lang='lat' dir='ltr'><strong>tem</strong></span> <span class='ocrx_word' id='word_1_208' title='bbox 684 2750 799 2806; x_wconf 74' lang='lat' dir='ltr'><strong>inec</strong></span> <span class='ocrx_word' id='word_1_209' title='bbox 824 2750 996 2805; x_wconf 87' lang='lat' dir='ltr'><strong>dicam</strong></span> <span class='ocrx_word' id='word_1_210' title='bbox 1027 2765 1131 2803; x_wconf 92' lang='lat' dir='ltr'><strong>non</strong></span> <span class='ocrx_word' id='word_1_211' title='bbox 1161 2758 1216 2803; x_wconf 92' lang='lat' dir='ltr'><strong>ut</strong></span> <span class='ocrx_word' id='word_1_212' title='bbox 1243 2749 1335 2804; x_wconf 85' lang='lat' dir='ltr'><strong>tibi</strong></span> <span class='ocrx_word' id='word_1_213' title='bbox 1368 2758 1624 2804; x_wconf 84' lang='lat' dir='ltr'><strong>terrorem</strong></span> <span class='ocrx_word' id='word_1_214' title='bbox 1655 2747 1934 2814; x_wconf 89' lang='lat' dir='ltr'><strong>incutiam,</strong></span> <span class='ocrx_word' id='word_1_215' title='bbox 1957 2746 2050 2802; x_wconf 90' lang='lat' dir='ltr'><strong>sed</strong></span> <span class='ocrx_word' id='word_1_216' title='bbox 2077 2754 2133 2802; x_wconf 92' lang='lat' dir='ltr'><strong>ut</strong></span> 
     </span>
    </p>
   </div>
   <div class='ocr_carea' id='block_1_29' title="bbox 550 2838 2132 2912">
    <p class='ocr_par' dir='ltr' id='par_1_29' title="bbox 550 2838 2132 2912">
     <span class='ocr_line' id='line_1_29' title="bbox 550 2838 2132 2912; baseline -0.002 -17"><span class='ocrx_word' id='word_1_217' title='bbox 550 2840 749 2896; x_wconf 78' lang='lat' dir='ltr'><strong>veritas</strong></span> <span class='ocrx_word' id='word_1_218' title='bbox 792 2841 1048 2912; x_wconf 86' lang='lat' dir='ltr'><strong>postulat,</strong></span> <span class='ocrx_word' id='word_1_219' title='bbox 1095 2839 1218 2896; x_wconf 89' lang='lat' dir='ltr'><strong>andi</strong></span> <span class='ocrx_word' id='word_1_220' title='bbox 1259 2839 1384 2910; x_wconf 90' lang='lat' dir='ltr'><strong>quid</strong></span> <span class='ocrx_word' id='word_1_221' title='bbox 1427 2839 1622 2894; x_wconf 86' lang='lat' dir='ltr'><strong>Paulus</strong></span> <span class='ocrx_word' id='word_1_222' title='bbox 1662 2838 1806 2895; x_wconf 90' lang='lat' dir='ltr'><strong>dicat</strong></span> <span class='ocrx_word' id='word_1_223' title='bbox 1849 2839 2132 2895; x_wconf 90' lang='lat' dir='ltr'><strong>Timotheo</strong></span> 
     </span>
    </p>
   </div>
   <div class='ocr_carea' id='block_1_30' title="bbox 549 2929 2128 3002">
    <p class='ocr_par' dir='ltr' id='par_1_30' title="bbox 549 2929 2128 3002">
     <span class='ocr_line' id='line_1_30' title="bbox 549 2929 2128 3002; baseline -0.001 -16"><span class='ocrx_word' id='word_1_224' title='bbox 549 2931 832 3001; x_wconf 83' lang='lat' dir='ltr'><strong>discipulo,</strong></span> <span class='ocrx_word' id='word_1_225' title='bbox 877 2945 1131 3002; x_wconf 88' lang='lat' dir='ltr'><strong>germano</strong></span> <span class='ocrx_word' id='word_1_226' title='bbox 1175 2931 1284 2986; x_wconf 91' lang='lat' dir='ltr'><strong>filio</strong></span> <span class='ocrx_word' id='word_1_227' title='bbox 1327 2939 1488 3002; x_wconf 89' lang='lat' dir='ltr'><strong>atque</strong></span> <span class='ocrx_word' id='word_1_228' title='bbox 1530 2930 1769 2986; x_wconf 91' lang='lat' dir='ltr'><strong>dilecto:</strong></span> <span class='ocrx_word' id='word_1_229' title='bbox 1812 2929 1999 2984; x_wconf 79' lang='lat' dir='ltr'><strong>Manus</strong></span> <span class='ocrx_word' id='word_1_230' title='bbox 2027 2929 2128 2984; x_wconf 85' lang='lat' dir='ltr'><strong>cito</strong></span> 
     </span>
    </p>
   </div>
   <div class='ocr_carea' id='block_1_31' title="bbox 550 3020 2149 3094">
    <p class='ocr_par' dir='ltr' id='par_1_31' title="bbox 550 3020 2149 3094">
     <span class='ocr_line' id='line_1_31' title="bbox 550 3020 2149 3094; baseline 0 -19"><span class='ocrx_word' id='word_1_231' title='bbox 550 3023 736 3076; x_wconf 80' lang='lat' dir='ltr'><strong>nemini</strong></span> <span class='ocrx_word' id='word_1_232' title='bbox 747 3023 1231 3094; x_wconf 72' lang='lat' dir='ltr'><strong>imposuerismeque</strong></span> <span class='ocrx_word' id='word_1_233' title='bbox 1243 3022 1708 3077; x_wconf 76' lang='lat' dir='ltr'><strong>contmunicaveris</strong></span> <span class='ocrx_word' id='word_1_234' title='bbox 1721 3021 1950 3092; x_wconf 80' lang='lat' dir='ltr'><strong>peccatis</strong></span> <span class='ocrx_word' id='word_1_235' title='bbox 1962 3020 2149 3078; x_wconf 80' lang='lat' dir='ltr'><strong>alienis</strong></span> 
     </span>
    </p>
   </div>
   <div class='ocr_carea' id='block_1_32' title="bbox 551 3111 2130 3185">
    <p class='ocr_par' dir='ltr' id='par_1_32' title="bbox 551 3111 2130 3185">
     <span class='ocr_line' id='line_1_32' title="bbox 551 3111 2130 3185; baseline 0 -19"><span class='ocrx_word' id='word_1_236' title='bbox 551 3113 629 3180; x_wconf 79' lang='grc' dir='ltr'><strong>(Ι.</strong></span> <span class='ocrx_word' id='word_1_237' title='bbox 659 3111 790 3165; x_wconf 82' lang='lat' dir='ltr'><strong>Tim.</strong></span> <span class='ocrx_word' id='word_1_238' title='bbox 824 3113 877 3168; x_wconf 86' lang='lat'><strong>5.</strong></span> <span class='ocrx_word' id='word_1_239' title='bbox 899 3112 1013 3185; x_wconf 76' lang='lat'><strong>22).</strong></span> <span class='ocrx_word' id='word_1_240' title='bbox 1047 3112 1233 3168; x_wconf 80' lang='lat' dir='ltr'><strong>Viden‘</strong></span> <span class='ocrx_word' id='word_1_241' title='bbox 1257 3121 1453 3182; x_wconf 87' lang='lat' dir='ltr'><strong>quanta</strong></span> <span class='ocrx_word' id='word_1_242' title='bbox 1480 3126 1595 3179; x_wconf 89' lang='lat' dir='ltr'><strong>eos,</strong></span> <span class='ocrx_word' id='word_1_243' title='bbox 1641 3113 1732 3183; x_wconf 90' lang='lat' dir='ltr'><strong>qui</strong></span> <span class='ocrx_word' id='word_1_244' title='bbox 1778 3127 1876 3167; x_wconf 92' lang='lat' dir='ltr'><strong>nos</strong></span> <span class='ocrx_word' id='word_1_245' title='bbox 1913 3112 1981 3167; x_wconf 93' lang='lat' dir='ltr'><strong>ad</strong></span> <span class='ocrx_word' id='word_1_246' title='bbox 2010 3126 2130 3167; x_wconf 87' lang='lat' dir='ltr'><strong>eam</strong></span> 
     </span>
    </p>
   </div>
   <div class='ocr_carea' id='block_1_33' title="bbox 552 3204 2128 3276">
    <p class='ocr_par' dir='ltr' id='par_1_33' title="bbox 552 3204 2128 3276">
     <span class='ocr_line' id='line_1_33' title="bbox 552 3204 2128 3276; baseline 0.001 -17"><span class='ocrx_word' id='word_1_247' title='bbox 552 3205 865 3275; x_wconf 85' lang='lat' dir='ltr'><strong>dignitatem</strong></span> <span class='ocrx_word' id='word_1_248' title='bbox 880 3205 1187 3276; x_wconf 85' lang='lat' dir='ltr'><strong>perducturi</strong></span> <span class='ocrx_word' id='word_1_249' title='bbox 1200 3212 1372 3274; x_wconf 87' lang='lat' dir='ltr'><strong>crant,</strong></span> <span class='ocrx_word' id='word_1_250' title='bbox 1392 3219 1497 3259; x_wconf 92' lang='lat' dir='ltr'><strong>non</strong></span> <span class='ocrx_word' id='word_1_251' title='bbox 1513 3204 1929 3275; x_wconf 77' lang='lat' dir='ltr'><strong>reprehensione</strong></span> <span class='ocrx_word' id='word_1_252' title='bbox 1948 3205 2128 3272; x_wconf 91' lang='lat' dir='ltr'><strong>modo,</strong></span> 
     </span>
    </p>
   </div>
   <div class='ocr_carea' id='block_1_34' title="bbox 549 3293 2132 3366">
    <p class='ocr_par' dir='ltr' id='par_1_34' title="bbox 549 3293 2132 3366">
     <span class='ocr_line' id='line_1_34' title="bbox 549 3293 2132 3366; baseline -0.003 -14"><span class='ocrx_word' id='word_1_253' title='bbox 549 3296 647 3352; x_wconf 84' lang='lat' dir='ltr'><strong>sed</strong></span> <span class='ocrx_word' id='word_1_254' title='bbox 672 3297 832 3352; x_wconf 89' lang='lat' dir='ltr'><strong>etiam</strong></span> <span class='ocrx_word' id='word_1_255' title='bbox 858 3311 1038 3366; x_wconf 68' lang='lat' dir='ltr'><strong>pana,</strong></span> <span class='ocrx_word' id='word_1_256' title='bbox 1067 3304 1322 3364; x_wconf 89' lang='lat' dir='ltr'><strong>quantum</strong></span> <span class='ocrx_word' id='word_1_257' title='bbox 1353 3296 1407 3350; x_wconf 91' lang='lat' dir='ltr'><strong>in</strong></span> <span class='ocrx_word' id='word_1_258' title='bbox 1435 3295 1586 3350; x_wconf 85' lang='lat' dir='ltr'><strong>nobis</strong></span> <span class='ocrx_word' id='word_1_259' title='bbox 1615 3293 1732 3360; x_wconf 89' lang='lat' dir='ltr'><strong>fuit,</strong></span> <span class='ocrx_word' id='word_1_260' title='bbox 1753 3295 2132 3365; x_wconf 84' lang='lat' dir='ltr'><strong>eripuerimus?</strong></span> 
     </span>
    </p>
   </div>
   <div class='ocr_carea' id='block_1_35' title="bbox 624 3385 2133 3458">
    <p class='ocr_par' dir='ltr' id='par_1_35' title="bbox 624 3385 2133 3458">
     <span class='ocr_line' id='line_1_35' title="bbox 624 3385 2133 3458; baseline -0.001 -16"><span class='ocrx_word' id='word_1_261' title='bbox 624 3389 680 3442; x_wconf 74' lang='lat'><strong>2.</strong></span> <span class='ocrx_word' id='word_1_262' title='bbox 709 3389 809 3455; x_wconf 84' lang='lat' dir='ltr'><strong>Qui</strong></span> <span class='ocrx_word' id='word_1_263' title='bbox 826 3388 976 3442; x_wconf 86' lang='lat' dir='ltr'><strong>etiam</strong></span> <span class='ocrx_word' id='word_1_264' title='bbox 996 3403 1084 3457; x_wconf 76' lang='lat' dir='ltr'><strong>per</strong></span> <span class='ocrx_word' id='word_1_265' title='bbox 1105 3386 1444 3456; x_wconf 82' lang='lat' dir='ltr'><strong>ignorantiam</strong></span> <span class='ocrx_word' id='word_1_266' title='bbox 1467 3385 1701 3458; x_wconf 74' lang='lat' dir='ltr'><strong>indignos</strong></span> <span class='ocrx_word' id='word_1_267' title='bbox 1721 3385 1978 3454; x_wconf 76' lang='lat' dir='ltr'><strong>ordinant,</strong></span> <span class='ocrx_word' id='word_1_268' title='bbox 1998 3402 2133 3456; x_wconf 64' lang='lat' dir='ltr'><strong>saepe</strong></span> 
     </span>
    </p>
   </div>
   <div class='ocr_carea' id='block_1_36' title="bbox 541 3464 2132 3552">
    <p class='ocr_par' dir='ltr' id='par_1_36' title="bbox 541 3464 2132 3552">
     <span class='ocr_line' id='line_1_36' title="bbox 541 3464 2132 3552; baseline -0.001 -16"><span class='ocrx_word' id='word_1_269' title='bbox 541 3478 816 3552; x_wconf 75' lang='lat' dir='ltr'><strong>puniendi.</strong></span> <span class='ocrx_word' id='word_1_270' title='bbox 845 3507 919 3519; x_wconf 92' lang='lat'><strong>-—-</strong></span> <span class='ocrx_word' id='word_1_271' title='bbox 942 3477 1093 3533; x_wconf 89' lang='lat' dir='ltr'><strong>Sicut</strong></span> <span class='ocrx_word' id='word_1_272' title='bbox 1117 3477 1259 3533; x_wconf 91' lang='lat' dir='ltr'><strong>enim</strong></span> <span class='ocrx_word' id='word_1_273' title='bbox 1286 3477 1372 3544; x_wconf 89' lang='lat' dir='ltr'><strong>iis,</strong></span> <span class='ocrx_word' id='word_1_274' title='bbox 1394 3481 1480 3548; x_wconf 90' lang='lat' dir='ltr'><strong>qui</strong></span> <span class='ocrx_word' id='word_1_275' title='bbox 1501 3478 1655 3533; x_wconf 89' lang='lat' dir='ltr'><strong>electi</strong></span> <span class='ocrx_word' id='word_1_276' title='bbox 1671 3478 1849 3546; x_wconf 70' lang='lat' dir='ltr'><strong>fuere,</strong></span> <span class='ocrx_word' id='word_1_277' title='bbox 1875 3464 2132 3534; x_wconf 79' lang='lat' dir='ltr'><strong>nonsatis</strong></span> 
     </span>
    </p>
   </div>
   <div class='ocr_carea' id='block_1_37' title="bbox 553 3570 2132 3642">
    <p class='ocr_par' dir='ltr' id='par_1_37' title="bbox 553 3570 2132 3642">
     <span class='ocr_line' id='line_1_37' title="bbox 553 3570 2132 3642; baseline -0.002 -12"><span class='ocrx_word' id='word_1_278' title='bbox 553 3584 636 3630; x_wconf 89' lang='lat' dir='ltr'><strong>cst</strong></span> <span class='ocrx_word' id='word_1_279' title='bbox 659 3572 726 3629; x_wconf 90' lang='lat' dir='ltr'><strong>ad</strong></span> <span class='ocrx_word' id='word_1_280' title='bbox 752 3571 1118 3628; x_wconf 87' lang='lat' dir='ltr'><strong>defensionem</strong></span> <span class='ocrx_word' id='word_1_281' title='bbox 1149 3571 1349 3639; x_wconf 92' lang='lat' dir='ltr'><strong>dicere,</strong></span> <span class='ocrx_word' id='word_1_282' title='bbox 1380 3570 1496 3626; x_wconf 90' lang='lat' dir='ltr'><strong>Non</strong></span> <span class='ocrx_word' id='word_1_283' title='bbox 1541 3580 1730 3642; x_wconf 89' lang='lat' dir='ltr'><strong>sponte</strong></span> <span class='ocrx_word' id='word_1_284' title='bbox 1758 3572 1982 3637; x_wconf 88' lang='lat' dir='ltr'><strong>accessi,</strong></span> <span class='ocrx_word' id='word_1_285' title='bbox 2032 3587 2132 3627; x_wconf 91' lang='lat' dir='ltr'><strong>nec</strong></span> 
     </span>
    </p>
   </div>
   <div class='ocr_carea' id='block_1_38' title="bbox 553 3659 2128 3735">
    <p class='ocr_par' dir='ltr' id='par_1_38' title="bbox 553 3659 2128 3735">
     <span class='ocr_line' id='line_1_38' title="bbox 553 3659 2128 3735; baseline -0.003 -15"><span class='ocrx_word' id='word_1_286' title='bbox 553 3679 668 3720; x_wconf 90' lang='lat' dir='ltr'><strong>rem</strong></span> <span class='ocrx_word' id='word_1_287' title='bbox 709 3661 1039 3735; x_wconf 88' lang='lat' dir='ltr'><strong>prospiciens</strong></span> <span class='ocrx_word' id='word_1_288' title='bbox 1068 3659 1248 3732; x_wconf 79' lang='lat' dir='ltr'><strong>effugi,</strong></span> <span class='ocrx_word' id='word_1_289' title='bbox 1282 3662 1354 3716; x_wconf 91' lang='lat' dir='ltr'><strong>ita</strong></span> <span class='ocrx_word' id='word_1_290' title='bbox 1394 3677 1495 3717; x_wconf 90' lang='lat' dir='ltr'><strong>nec</strong></span> <span class='ocrx_word' id='word_1_291' title='bbox 1529 3676 1644 3729; x_wconf 89' lang='lat' dir='ltr'><strong>eos,</strong></span> <span class='ocrx_word' id='word_1_292' title='bbox 1691 3663 1783 3734; x_wconf 89' lang='lat' dir='ltr'><strong>qui</strong></span> <span class='ocrx_word' id='word_1_293' title='bbox 1829 3661 2128 3732; x_wconf 90' lang='lat' dir='ltr'><strong>elegerunt,</strong></span> 
     </span>
    </p>
   </div>
   <div class='ocr_carea' id='block_1_39' title="bbox 550 3753 2130 3826">
    <p class='ocr_par' dir='ltr' id='par_1_39' title="bbox 550 3753 2130 3826">
     <span class='ocr_line' id='line_1_39' title="bbox 550 3753 2130 3826; baseline 0 -16"><span class='ocrx_word' id='word_1_294' title='bbox 550 3755 774 3826; x_wconf 87' lang='lat' dir='ltr'><strong>juvabit,</strong></span> <span class='ocrx_word' id='word_1_295' title='bbox 820 3754 864 3810; x_wconf 90' lang='lat' dir='ltr'><strong>si</strong></span> <span class='ocrx_word' id='word_1_296' title='bbox 915 3753 1116 3821; x_wconf 87' lang='lat' dir='ltr'><strong>dicant,</strong></span> <span class='ocrx_word' id='word_1_297' title='bbox 1165 3769 1226 3810; x_wconf 87' lang='lat' dir='ltr'><strong>se</strong></span> <span class='ocrx_word' id='word_1_298' title='bbox 1253 3753 1553 3810; x_wconf 90' lang='lat' dir='ltr'><strong>ordinatum</strong></span> <span class='ocrx_word' id='word_1_299' title='bbox 1596 3770 1704 3810; x_wconf 91' lang='lat' dir='ltr'><strong>non</strong></span> <span class='ocrx_word' id='word_1_300' title='bbox 1748 3756 1989 3822; x_wconf 87' lang='lat' dir='ltr'><strong>novisse;</strong></span> <span class='ocrx_word' id='word_1_301' title='bbox 2037 3755 2130 3810; x_wconf 88' lang='lat' dir='ltr'><strong>sed</strong></span> 
     </span>
    </p>
   </div>
   <div class='ocr_carea' id='block_1_40' title="bbox 555 3845 2132 3918">
    <p class='ocr_par' dir='ltr' id='par_1_40' title="bbox 555 3845 2132 3918">
     <span class='ocr_line' id='line_1_40' title="bbox 555 3845 2132 3918; baseline 0.001 -17"><span class='ocrx_word' id='word_1_302' title='bbox 555 3847 677 3902; x_wconf 90' lang='lat' dir='ltr'><strong>ideo</strong></span> <span class='ocrx_word' id='word_1_303' title='bbox 704 3845 876 3917; x_wconf 87' lang='lat' dir='ltr'><strong>majus</strong></span> <span class='ocrx_word' id='word_1_304' title='bbox 899 3847 1103 3904; x_wconf 90' lang='lat' dir='ltr'><strong>crimen</strong></span> <span class='ocrx_word' id='word_1_305' title='bbox 1133 3845 1380 3912; x_wconf 88' lang='lat' dir='ltr'><strong>efficitur,</strong></span> <span class='ocrx_word' id='word_1_306' title='bbox 1404 3845 1528 3918; x_wconf 89' lang='lat' dir='ltr'><strong>quia</strong></span> <span class='ocrx_word' id='word_1_307' title='bbox 1551 3862 1710 3916; x_wconf 90' lang='lat' dir='ltr'><strong>quem</strong></span> <span class='ocrx_word' id='word_1_308' title='bbox 1739 3863 1846 3903; x_wconf 89' lang='lat' dir='ltr'><strong>non</strong></span> <span class='ocrx_word' id='word_1_309' title='bbox 1874 3855 2132 3903; x_wconf 87' lang='lat' dir='ltr'><strong>noverant</strong></span> 
     </span>
    </p>
   </div>
   <div class='ocr_carea' id='block_1_41' title="bbox 554 3937 2129 4010">
    <p class='ocr_par' dir='ltr' id='par_1_41' title="bbox 554 3937 2129 4010">
     <span class='ocr_line' id='line_1_41' title="bbox 554 3937 2129 4010; baseline 0.002 -18"><span class='ocrx_word' id='word_1_310' title='bbox 554 3937 940 4007; x_wconf 76' lang='lat' dir='ltr'><strong>produxerunt,</strong></span> <span class='ocrx_word' id='word_1_311' title='bbox 973 3948 1029 3995; x_wconf 89' lang='lat' dir='ltr'><strong>et</strong></span> <span class='ocrx_word' id='word_1_312' title='bbox 1063 3954 1183 4010; x_wconf 68' lang='lat' dir='ltr'><strong>qua:</strong></span> <span class='ocrx_word' id='word_1_313' title='bbox 1219 3938 1432 3994; x_wconf 90' lang='lat' dir='ltr'><strong>videtur</strong></span> <span class='ocrx_word' id='word_1_314' title='bbox 1455 3952 1579 3994; x_wconf 90' lang='lat' dir='ltr'><strong>esse</strong></span> <span class='ocrx_word' id='word_1_315' title='bbox 1617 3937 1879 4008; x_wconf 77' lang='lat' dir='ltr'><strong>defensio,</strong></span> <span class='ocrx_word' id='word_1_316' title='bbox 1927 3939 2129 3995; x_wconf 91' lang='lat' dir='ltr'><strong>crimen</strong></span> 
     </span>
    </p>
   </div>
   <div class='ocr_carea' id='block_1_42' title="bbox 555 4028 2132 4101">
    <p class='ocr_par' dir='ltr' id='par_1_42' title="bbox 555 4028 2132 4101">
     <span class='ocr_line' id='line_1_42' title="bbox 555 4028 2132 4101; baseline 0.002 -18"><span class='ocrx_word' id='word_1_317' title='bbox 555 4039 730 4100; x_wconf 87' lang='lat' dir='ltr'><strong>auget.</strong></span> <span class='ocrx_word' id='word_1_318' title='bbox 759 4029 1040 4096; x_wconf 84' lang='lat' dir='ltr'><strong>Quomodo</strong></span> <span class='ocrx_word' id='word_1_319' title='bbox 1067 4031 1212 4086; x_wconf 91' lang='lat' dir='ltr'><strong>enim</strong></span> <span class='ocrx_word' id='word_1_320' title='bbox 1242 4044 1349 4085; x_wconf 92' lang='lat' dir='ltr'><strong>non</strong></span> <span class='ocrx_word' id='word_1_321' title='bbox 1376 4028 1668 4085; x_wconf 90' lang='lat' dir='ltr'><strong>absurdum</strong></span> <span class='ocrx_word' id='word_1_322' title='bbox 1694 4028 1870 4095; x_wconf 89' lang='lat' dir='ltr'><strong>fuerit,</strong></span> <span class='ocrx_word' id='word_1_323' title='bbox 1918 4045 2014 4086; x_wconf 92' lang='lat' dir='ltr'><strong>eos</strong></span> <span class='ocrx_word' id='word_1_324' title='bbox 2043 4031 2132 4101; x_wconf 91' lang='lat' dir='ltr'><strong>qui</strong></span> 
     </span>
    </p>
   </div>
   <div class='ocr_carea' id='block_1_43' title="bbox 555 4120 2135 4192">
    <p class='ocr_par' dir='ltr' id='par_1_43' title="bbox 555 4120 2135 4192">
     <span class='ocr_line' id='line_1_43' title="bbox 555 4120 2135 4192; baseline 0.001 -16"><span class='ocrx_word' id='word_1_325' title='bbox 555 4120 879 4192; x_wconf 79' lang='lat' dir='ltr'><strong>mancipium</strong></span> <span class='ocrx_word' id='word_1_326' title='bbox 907 4135 1088 4177; x_wconf 89' lang='lat' dir='ltr'><strong>emere</strong></span> <span class='ocrx_word' id='word_1_327' title='bbox 1131 4121 1336 4188; x_wconf 81' lang='lat' dir='ltr'><strong>volunt,</strong></span> <span class='ocrx_word' id='word_1_328' title='bbox 1385 4129 1440 4177; x_wconf 91' lang='lat' dir='ltr'><strong>et</strong></span> <span class='ocrx_word' id='word_1_329' title='bbox 1478 4120 1702 4177; x_wconf 89' lang='lat' dir='ltr'><strong>medicis</strong></span> <span class='ocrx_word' id='word_1_330' title='bbox 1729 4121 2031 4186; x_wconf 85' lang='lat' dir='ltr'><strong>ostendere,</strong></span> <span class='ocrx_word' id='word_1_331' title='bbox 2081 4131 2135 4177; x_wconf 90' lang='lat' dir='ltr'><strong>et</strong></span> 
     </span>
    </p>
   </div>
   <div class='ocr_carea' id='block_1_44' title="bbox 555 4212 2132 4285">
    <p class='ocr_par' dir='ltr' id='par_1_44' title="bbox 555 4212 2132 4285">
     <span class='ocr_line' id='line_1_44' title="bbox 555 4212 2132 4285; baseline 0.001 -16"><span class='ocrx_word' id='word_1_332' title='bbox 555 4212 846 4284; x_wconf 85' lang='lat' dir='ltr'><strong>emptionis</strong></span> <span class='ocrx_word' id='word_1_333' title='bbox 864 4227 1153 4285; x_wconf 86' lang='lat' dir='ltr'><strong>sponsores</strong></span> <span class='ocrx_word' id='word_1_334' title='bbox 1169 4214 1460 4284; x_wconf 85' lang='lat' dir='ltr'><strong>postulare,</strong></span> <span class='ocrx_word' id='word_1_335' title='bbox 1480 4223 1534 4268; x_wconf 89' lang='lat' dir='ltr'><strong>et</strong></span> <span class='ocrx_word' id='word_1_336' title='bbox 1559 4214 1761 4270; x_wconf 88' lang='lat' dir='ltr'><strong>vicinos</strong></span> <span class='ocrx_word' id='word_1_337' title='bbox 1781 4214 2132 4285; x_wconf 88' lang='lat' dir='ltr'><strong>interrogare,</strong></span> 
     </span>
    </p>
   </div>
   <div class='ocr_carea' id='block_1_45' title="bbox 557 4308 2134 4381">
    <p class='ocr_par' dir='ltr' id='par_1_45' title="bbox 557 4308 2134 4381">
     <span class='ocr_line' id='line_1_45' title="bbox 557 4308 2134 4381; baseline -0.001 -16"><span class='ocrx_word' id='word_1_338' title='bbox 557 4325 656 4365; x_wconf 89' lang='lat' dir='ltr'><strong>nec</strong></span> <span class='ocrx_word' id='word_1_339' title='bbox 681 4319 858 4367; x_wconf 85' lang='lat' dir='ltr'><strong>tamen</strong></span> <span class='ocrx_word' id='word_1_340' title='bbox 884 4320 1068 4381; x_wconf 89' lang='lat' dir='ltr'><strong>postea</strong></span> <span class='ocrx_word' id='word_1_341' title='bbox 1107 4308 1398 4377; x_wconf 85' lang='lat' dir='ltr'><strong>confidere,</strong></span> <span class='ocrx_word' id='word_1_342' title='bbox 1441 4309 1536 4366; x_wconf 88' lang='lat' dir='ltr'><strong>sed</strong></span> <span class='ocrx_word' id='word_1_343' title='bbox 1563 4309 1868 4366; x_wconf 91' lang='lat' dir='ltr'><strong>diuturnum</strong></span> <span class='ocrx_word' id='word_1_344' title='bbox 1896 4309 1962 4364; x_wconf 86' lang='lat' dir='ltr'><strong>ad</strong></span> <span class='ocrx_word' id='word_1_345' title='bbox 2005 4323 2134 4380; x_wconf 91' lang='lat' dir='ltr'><strong>pro-</strong></span> 
     </span>
    </p>
   </div>
   <div class='ocr_carea' id='block_1_46' title="bbox 556 4402 2136 4474">
    <p class='ocr_par' dir='ltr' id='par_1_46' title="bbox 556 4402 2136 4474">
     <span class='ocr_line' id='line_1_46' title="bbox 556 4402 2136 4474; baseline 0.001 -18"><span class='ocrx_word' id='word_1_346' title='bbox 556 4402 826 4458; x_wconf 84' lang='lat' dir='ltr'><strong>bationem</strong></span> <span class='ocrx_word' id='word_1_347' title='bbox 873 4410 1082 4473; x_wconf 89' lang='lat' dir='ltr'><strong>tempus</strong></span> <span class='ocrx_word' id='word_1_348' title='bbox 1128 4417 1351 4474; x_wconf 89' lang='lat' dir='ltr'><strong>poscere</strong></span> <span class='ocrx_word' id='word_1_349' title='bbox 1376 4421 1388 4456; x_wconf 91' lang='lat'><strong>:</strong></span> <span class='ocrx_word' id='word_1_350' title='bbox 1419 4403 1472 4458; x_wconf 92' lang='lat' dir='ltr'><strong>in</strong></span> <span class='ocrx_word' id='word_1_351' title='bbox 1502 4411 1708 4458; x_wconf 86' lang='lat' dir='ltr'><strong>tantum</strong></span> <span class='ocrx_word' id='word_1_352' title='bbox 1737 4417 1864 4458; x_wconf 87' lang='lat' dir='ltr'><strong>vero</strong></span> <span class='ocrx_word' id='word_1_353' title='bbox 1893 4402 2136 4457; x_wconf 91' lang='lat' dir='ltr'><strong>ministe-</strong></span> 
     </span>
    </p>
   </div>
   <div class='ocr_carea' id='block_1_47' title="bbox 557 4491 2136 4564">
    <p class='ocr_par' dir='ltr' id='par_1_47' title="bbox 557 4491 2136 4564">
     <span class='ocr_line' id='line_1_47' title="bbox 557 4491 2136 4564; baseline 0.001 -19"><span class='ocrx_word' id='word_1_354' title='bbox 557 4493 697 4546; x_wconf 74' lang='lat' dir='ltr'><strong>rium</strong></span> <span class='ocrx_word' id='word_1_355' title='bbox 724 4491 1014 4548; x_wconf 88' lang='lat' dir='ltr'><strong>inscribere</strong></span> <span class='ocrx_word' id='word_1_356' title='bbox 1036 4494 1338 4564; x_wconf 84' lang='lat' dir='ltr'><strong>quempiam</strong></span> <span class='ocrx_word' id='word_1_357' title='bbox 1364 4494 1624 4560; x_wconf 87' lang='lat' dir='ltr'><strong>volentes,</strong></span> <span class='ocrx_word' id='word_1_358' title='bbox 1649 4503 1851 4548; x_wconf 88' lang='lat' dir='ltr'><strong>temere</strong></span> <span class='ocrx_word' id='word_1_359' title='bbox 1871 4501 1925 4548; x_wconf 86' lang='lat' dir='ltr'><strong>et</strong></span> <span class='ocrx_word' id='word_1_360' title='bbox 1945 4503 2005 4547; x_wconf 89' lang='lat' dir='ltr'><strong>ut</strong></span> <span class='ocrx_word' id='word_1_361' title='bbox 2021 4491 2136 4546; x_wconf 87' lang='lat' dir='ltr'><strong>fors</strong></span> 
     </span>
    </p>
   </div>
   <div class='ocr_carea' id='block_1_48' title="bbox 559 4583 2135 4654">
    <p class='ocr_par' dir='ltr' id='par_1_48' title="bbox 559 4583 2135 4654">
     <span class='ocr_line' id='line_1_48' title="bbox 559 4583 2135 4654; baseline 0.003 -17"><span class='ocrx_word' id='word_1_362' title='bbox 559 4583 715 4647; x_wconf 88' lang='lat' dir='ltr'><strong>ferat,</strong></span> <span class='ocrx_word' id='word_1_363' title='bbox 747 4584 860 4638; x_wconf 83' lang='lat' dir='ltr'><strong>sive</strong></span> <span class='ocrx_word' id='word_1_364' title='bbox 888 4583 954 4638; x_wconf 92' lang='lat' dir='ltr'><strong>ad</strong></span> <span class='ocrx_word' id='word_1_365' title='bbox 990 4585 1235 4654; x_wconf 88' lang='lat' dir='ltr'><strong>gratiam,</strong></span> <span class='ocrx_word' id='word_1_366' title='bbox 1263 4585 1379 4641; x_wconf 90' lang='lat' dir='ltr'><strong>sive</strong></span> <span class='ocrx_word' id='word_1_367' title='bbox 1405 4585 1470 4641; x_wconf 90' lang='lat' dir='ltr'><strong>ad</strong></span> <span class='ocrx_word' id='word_1_368' title='bbox 1496 4586 1747 4642; x_wconf 79' lang='lat' dir='ltr'><strong>invidiam</strong></span> <span class='ocrx_word' id='word_1_369' title='bbox 1774 4585 2135 4642; x_wconf 83' lang='lat' dir='ltr'><strong>tesrimonium</strong></span> 
     </span>
    </p>
   </div>
   <div class='ocr_carea' id='block_1_49' title="bbox 557 4672 2138 4745">
    <p class='ocr_par' dir='ltr' id='par_1_49' title="bbox 557 4672 2138 4745">
     <span class='ocr_line' id='line_1_49' title="bbox 557 4672 2138 4745; baseline 0.003 -17"><span class='ocrx_word' id='word_1_370' title='bbox 557 4674 919 4745; x_wconf 87' lang='lat' dir='ltr'><strong>judiciumque</strong></span> <span class='ocrx_word' id='word_1_371' title='bbox 961 4672 1123 4741; x_wconf 84' lang='lat' dir='ltr'><strong>ferre,</strong></span> <span class='ocrx_word' id='word_1_372' title='bbox 1171 4675 1316 4730; x_wconf 93' lang='lat' dir='ltr'><strong>nullo</strong></span> <span class='ocrx_word' id='word_1_373' title='bbox 1343 4676 1452 4730; x_wconf 91' lang='lat' dir='ltr'><strong>alio</strong></span> <span class='ocrx_word' id='word_1_374' title='bbox 1479 4676 1660 4732; x_wconf 88' lang='lat' dir='ltr'><strong>habito</strong></span> <span class='ocrx_word' id='word_1_375' title='bbox 1694 4677 1980 4732; x_wconf 81' lang='lat' dir='ltr'><strong>examine?</strong></span> <span class='ocrx_word' id='word_1_376' title='bbox 2007 4677 2138 4743; x_wconf 85' lang='lat' dir='ltr'><strong>Quis</strong></span> 
     </span>
    </p>
   </div>
   <div class='ocr_carea' id='block_1_50' title="bbox 560 4765 2135 4840">
    <p class='ocr_par' dir='ltr' id='par_1_50' title="bbox 560 4765 2135 4840">
     <span class='ocr_line' id='line_1_50' title="bbox 560 4765 2135 4840; baseline 0.003 -20"><span class='ocrx_word' id='word_1_377' title='bbox 560 4781 688 4836; x_wconf 87' lang='lat' dir='ltr'><strong>ergo</strong></span> <span class='ocrx_word' id='word_1_378' title='bbox 703 4781 800 4837; x_wconf 90' lang='lat' dir='ltr'><strong>pro</strong></span> <span class='ocrx_word' id='word_1_379' title='bbox 817 4766 970 4822; x_wconf 88' lang='lat' dir='ltr'><strong>nobis</strong></span> <span class='ocrx_word' id='word_1_380' title='bbox 986 4777 1109 4822; x_wconf 91' lang='lat' dir='ltr'><strong>tunc</strong></span> <span class='ocrx_word' id='word_1_381' title='bbox 1124 4765 1516 4837; x_wconf 83' lang='lat' dir='ltr'><strong>deprecabitur,</strong></span> <span class='ocrx_word' id='word_1_382' title='bbox 1535 4782 1655 4824; x_wconf 93' lang='lat' dir='ltr'><strong>cum</strong></span> <span class='ocrx_word' id='word_1_383' title='bbox 1675 4769 1774 4840; x_wconf 84' lang='lat' dir='ltr'><strong>ipsi</strong></span> <span class='ocrx_word' id='word_1_384' title='bbox 1793 4770 1881 4839; x_wconf 91' lang='lat' dir='ltr'><strong>qui</strong></span> <span class='ocrx_word' id='word_1_385' title='bbox 1903 4771 2135 4839; x_wconf 86' lang='lat' dir='ltr'><strong>patroci-</strong></span> 
     </span>
    </p>
   </div>
   <div class='ocr_carea' id='block_1_51' title="bbox 561 4859 2135 4931">
    <p class='ocr_par' dir='ltr' id='par_1_51' title="bbox 561 4859 2135 4931">
     <span class='ocr_line' id='line_1_51' title="bbox 561 4859 2135 4931; baseline 0.003 -19"><span class='ocrx_word' id='word_1_386' title='bbox 561 4859 676 4913; x_wconf 90' lang='lat' dir='ltr'><strong>nari</strong></span> <span class='ocrx_word' id='word_1_387' title='bbox 691 4859 960 4914; x_wconf 88' lang='lat' dir='ltr'><strong>debebunt</strong></span> <span class='ocrx_word' id='word_1_388' title='bbox 974 4859 1265 4929; x_wconf 92' lang='lat' dir='ltr'><strong>patrocinio</strong></span> <span class='ocrx_word' id='word_1_389' title='bbox 1280 4861 1508 4930; x_wconf 84' lang='lat' dir='ltr'><strong>egeant?</strong></span> <span class='ocrx_word' id='word_1_390' title='bbox 1523 4859 1754 4916; x_wconf 87' lang='lat' dir='ltr'><strong>Proinde</strong></span> <span class='ocrx_word' id='word_1_391' title='bbox 1767 4870 1979 4931; x_wconf 91' lang='lat' dir='ltr'><strong>oportet</strong></span> <span class='ocrx_word' id='word_1_392' title='bbox 1991 4877 2135 4930; x_wconf 92' lang='lat' dir='ltr'><strong>eum,</strong></span> 
     </span>
    </p>
   </div>
   <div class='ocr_carea' id='block_1_52' title="bbox 561 4950 2139 5022">
    <p class='ocr_par' dir='ltr' id='par_1_52' title="bbox 561 4950 2139 5022">
     <span class='ocr_line' id='line_1_52' title="bbox 561 4950 2139 5022; baseline 0.003 -18"><span class='ocrx_word' id='word_1_393' title='bbox 561 4951 648 5022; x_wconf 90' lang='lat' dir='ltr'><strong>qui</strong></span> <span class='ocrx_word' id='word_1_394' title='bbox 665 4951 1003 5005; x_wconf 87' lang='lat' dir='ltr'><strong>ordinaturus</strong></span> <span class='ocrx_word' id='word_1_395' title='bbox 1023 4959 1125 5016; x_wconf 89' lang='lat' dir='ltr'><strong>est,</strong></span> <span class='ocrx_word' id='word_1_396' title='bbox 1156 4950 1318 5004; x_wconf 88' lang='lat' dir='ltr'><strong>multa</strong></span> <span class='ocrx_word' id='word_1_397' title='bbox 1341 4950 1487 5021; x_wconf 88' lang='lat' dir='ltr'><strong>prius</strong></span> <span class='ocrx_word' id='word_1_398' title='bbox 1515 4951 1897 5021; x_wconf 89' lang='lat' dir='ltr'><strong>perquisitione</strong></span> <span class='ocrx_word' id='word_1_399' title='bbox 1915 4954 1988 5008; x_wconf 90' lang='lat' dir='ltr'><strong>uti</strong></span> <span class='ocrx_word' id='word_1_400' title='bbox 2009 4971 2024 5020; x_wconf 90' lang='lat'><strong>;</strong></span> <span class='ocrx_word' id='word_1_401' title='bbox 2043 4953 2139 5009; x_wconf 88' lang='lat' dir='ltr'><strong>sed</strong></span> 
     </span>
    </p>
   </div>
   <div class='ocr_carea' id='block_1_53' title="bbox 561 5042 2138 5113">
    <p class='ocr_par' dir='ltr' id='par_1_53' title="bbox 561 5042 2138 5113">
     <span class='ocr_line' id='line_1_53' title="bbox 561 5042 2138 5113; baseline 0.002 -17"><span class='ocrx_word' id='word_1_402' title='bbox 561 5044 728 5097; x_wconf 86' lang='lat' dir='ltr'><strong>multo</strong></span> <span class='ocrx_word' id='word_1_403' title='bbox 751 5042 950 5112; x_wconf 88' lang='lat' dir='ltr'><strong>majore</strong></span> <span class='ocrx_word' id='word_1_404' title='bbox 976 5058 1122 5110; x_wconf 91' lang='lat' dir='ltr'><strong>eum,</strong></span> <span class='ocrx_word' id='word_1_405' title='bbox 1151 5042 1239 5113; x_wconf 88' lang='lat' dir='ltr'><strong>qui</strong></span> <span class='ocrx_word' id='word_1_406' title='bbox 1269 5042 1596 5099; x_wconf 89' lang='lat' dir='ltr'><strong>ordinandus</strong></span> <span class='ocrx_word' id='word_1_407' title='bbox 1618 5052 1718 5098; x_wconf 88' lang='lat' dir='ltr'><strong>est.</strong></span> <span class='ocrx_word' id='word_1_408' title='bbox 1753 5044 1972 5100; x_wconf 87' lang='lat' dir='ltr'><strong>Etiamsi</strong></span> <span class='ocrx_word' id='word_1_409' title='bbox 1996 5047 2138 5100; x_wconf 87' lang='lat' dir='ltr'><strong>enim</strong></span> 
     </span>
    </p>
   </div>
   <div class='ocr_carea' id='block_1_54' title="bbox 563 5132 2140 5209">
    <p class='ocr_par' dir='ltr' id='par_1_54' title="bbox 563 5132 2140 5209">
     <span class='ocr_line' id='line_1_54' title="bbox 563 5132 2140 5209; baseline 0.003 -21"><span class='ocrx_word' id='word_1_410' title='bbox 563 5143 902 5202; x_wconf 86' lang='lat' dir='ltr'><strong>peccatorum</strong></span> <span class='ocrx_word' id='word_1_411' title='bbox 932 5132 1177 5204; x_wconf 88' lang='lat' dir='ltr'><strong>supplicii</strong></span> <span class='ocrx_word' id='word_1_412' title='bbox 1204 5143 1479 5190; x_wconf 79' lang='lat' dir='ltr'><strong>consortes</strong></span> <span class='ocrx_word' id='word_1_413' title='bbox 1510 5134 1789 5191; x_wconf 89' lang='lat' dir='ltr'><strong>habiturus</strong></span> <span class='ocrx_word' id='word_1_414' title='bbox 1813 5137 1883 5191; x_wconf 91' lang='lat' dir='ltr'><strong>sit</strong></span> <span class='ocrx_word' id='word_1_415' title='bbox 1912 5151 2005 5193; x_wconf 90' lang='lat' dir='ltr'><strong>eos</strong></span> <span class='ocrx_word' id='word_1_416' title='bbox 2049 5139 2140 5209; x_wconf 91' lang='lat' dir='ltr'><strong>qui</strong></span> 
     </span>
    </p>
   </div>
   <div class='ocr_carea' id='block_1_55' title="bbox 565 5225 2139 5300">
    <p class='ocr_par' dir='ltr' id='par_1_55' title="bbox 565 5225 2139 5300">
     <span class='ocr_line' id='line_1_55' title="bbox 565 5225 2139 5300; baseline 0.005 -23"><span class='ocrx_word' id='word_1_417' title='bbox 565 5225 858 5294; x_wconf 84' lang='lat' dir='ltr'><strong>elegerunt,</strong></span> <span class='ocrx_word' id='word_1_418' title='bbox 882 5233 1118 5280; x_wconf 87' lang='lat' dir='ltr'><strong>attamen</strong></span> <span class='ocrx_word' id='word_1_419' title='bbox 1149 5239 1255 5280; x_wconf 92' lang='lat' dir='ltr'><strong>non</strong></span> <span class='ocrx_word' id='word_1_420' title='bbox 1286 5226 1399 5295; x_wconf 88' lang='lat' dir='ltr'><strong>ipse</strong></span> <span class='ocrx_word' id='word_1_421' title='bbox 1424 5226 1637 5296; x_wconf 87' lang='lat' dir='ltr'><strong>quidem</strong></span> <span class='ocrx_word' id='word_1_422' title='bbox 1661 5225 1760 5282; x_wconf 87' lang='lat' dir='ltr'><strong>hac</strong></span> <span class='ocrx_word' id='word_1_423' title='bbox 1775 5227 1982 5285; x_wconf 89' lang='lat' dir='ltr'><strong>ratione</strong></span> <span class='ocrx_word' id='word_1_424' title='bbox 2008 5243 2139 5300; x_wconf 86' lang='lat' dir='ltr'><strong>sup-</strong></span> 
     </span>
    </p>
   </div>
   <div class='ocr_carea' id='block_1_56' title="bbox 562 5315 2140 5387">
    <p class='ocr_par' dir='ltr' id='par_1_56' title="bbox 562 5315 2140 5387">
     <span class='ocr_line' id='line_1_56' title="bbox 562 5315 2140 5387; baseline 0.004 -19"><span class='ocrx_word' id='word_1_425' title='bbox 562 5315 778 5383; x_wconf 89' lang='lat' dir='ltr'><strong>plicium</strong></span> <span class='ocrx_word' id='word_1_426' title='bbox 810 5316 1006 5380; x_wconf 86' lang='lat' dir='ltr'><strong>evadit,</strong></span> <span class='ocrx_word' id='word_1_427' title='bbox 1037 5315 1146 5370; x_wconf 90' lang='lat' dir='ltr'><strong>imo</strong></span> <span class='ocrx_word' id='word_1_428' title='bbox 1172 5315 1383 5387; x_wconf 87' lang='lat' dir='ltr'><strong>gravius</strong></span> <span class='ocrx_word' id='word_1_429' title='bbox 1402 5317 1659 5387; x_wconf 84' lang='lat' dir='ltr'><strong>sustinet;</strong></span> <span class='ocrx_word' id='word_1_430' title='bbox 1687 5319 1787 5374; x_wconf 91' lang='lat' dir='ltr'><strong>nisi</strong></span> <span class='ocrx_word' id='word_1_431' title='bbox 1815 5320 2038 5377; x_wconf 81' lang='lat' dir='ltr'><strong>fortasse</strong></span> <span class='ocrx_word' id='word_1_432' title='bbox 2063 5321 2140 5376; x_wconf 85' lang='lat' dir='ltr'><strong>illi</strong></span> 
     </span>
    </p>
   </div>
   <div class='ocr_carea' id='block_1_57' title="bbox 503 5405 2141 5479">
    <p class='ocr_par' dir='ltr' id='par_1_57' title="bbox 503 5405 2141 5479">
     <span class='ocr_line' id='line_1_57' title="bbox 503 5405 2141 5479; baseline 0.005 -22"><span class='ocrx_word' id='word_1_433' title='bbox 503 5471 510 5478; x_wconf 40' lang='grc'>,</span> <span class='ocrx_word' id='word_1_434' title='bbox 566 5405 792 5460; x_wconf 84' lang='lat' dir='ltr'><strong>humana</strong></span> <span class='ocrx_word' id='word_1_435' title='bbox 819 5406 994 5477; x_wconf 90' lang='lat' dir='ltr'><strong>aliqua</strong></span> <span class='ocrx_word' id='word_1_436' title='bbox 1022 5407 1230 5462; x_wconf 86' lang='lat' dir='ltr'><strong>ratione</strong></span> <span class='ocrx_word' id='word_1_437' title='bbox 1256 5407 1433 5474; x_wconf 92' lang='lat' dir='ltr'><strong>ducti,</strong></span> <span class='ocrx_word' id='word_1_438' title='bbox 1459 5417 1644 5464; x_wconf 89' lang='lat' dir='ltr'><strong>contra</strong></span> <span class='ocrx_word' id='word_1_439' title='bbox 1667 5424 1828 5479; x_wconf 89' lang='lat' dir='ltr'><strong>quam</strong></span> <span class='ocrx_word' id='word_1_440' title='bbox 1857 5420 2141 5466; x_wconf 87' lang='lat' dir='ltr'><strong>consenta-</strong></span> 
     </span>
    </p>
   </div>
   <div class='ocr_carea' id='block_1_58' title="bbox 565 5497 2140 5565">
    <p class='ocr_par' dir='ltr' id='par_1_58' title="bbox 565 5497 2140 5565">
     <span class='ocr_line' id='line_1_58' title="bbox 565 5497 2140 5565; baseline 0.006 -15"><span class='ocrx_word' id='word_1_441' title='bbox 565 5511 722 5551; x_wconf 88' lang='lat' dir='ltr'><strong>neum</strong></span> <span class='ocrx_word' id='word_1_442' title='bbox 753 5497 854 5554; x_wconf 88' lang='lat' dir='ltr'><strong>sibi</strong></span> <span class='ocrx_word' id='word_1_443' title='bbox 895 5499 1192 5565; x_wconf 87' lang='lat' dir='ltr'><strong>videbatur,</strong></span> <span class='ocrx_word' id='word_1_444' title='bbox 1235 5500 1551 5556; x_wconf 89' lang='lat' dir='ltr'><strong>electionem</strong></span> <span class='ocrx_word' id='word_1_445' title='bbox 1575 5499 1824 5557; x_wconf 86' lang='lat' dir='ltr'><strong>fecerint.</strong></span> <span class='ocrx_word' id='word_1_446' title='bbox 1853 5502 1986 5558; x_wconf 87' lang='lat' dir='ltr'><strong>Nam</strong></span> <span class='ocrx_word' id='word_1_447' title='bbox 2015 5503 2059 5558; x_wconf 89' lang='lat' dir='ltr'><strong>si</strong></span> <span class='ocrx_word' id='word_1_448' title='bbox 2087 5504 2140 5559; x_wconf 90' lang='lat' dir='ltr'><strong>in</strong></span> 
     </span>
    </p>
   </div>
   <div class='ocr_carea' id='block_1_59' title="bbox 565 5587 2140 5667">
    <p class='ocr_par' dir='ltr' id='par_1_59' title="bbox 565 5587 2140 5667">
     <span class='ocr_line' id='line_1_59' title="bbox 565 5587 2140 5667; baseline 0.006 -25"><span class='ocrx_word' id='word_1_449' title='bbox 565 5587 828 5658; x_wconf 89' lang='lat' dir='ltr'><strong>ejusmodi</strong></span> <span class='ocrx_word' id='word_1_450' title='bbox 850 5591 1040 5647; x_wconf 86' lang='lat' dir='ltr'><strong>delicto</strong></span> <span class='ocrx_word' id='word_1_451' title='bbox 1052 5592 1368 5661; x_wconf 82' lang='lat' dir='ltr'><strong>deprehensi</strong></span> <span class='ocrx_word' id='word_1_452' title='bbox 1389 5593 1602 5662; x_wconf 88' lang='lat' dir='ltr'><strong>fuerint,</strong></span> <span class='ocrx_word' id='word_1_453' title='bbox 1621 5602 1676 5650; x_wconf 91' lang='lat' dir='ltr'><strong>et</strong></span> <span class='ocrx_word' id='word_1_454' title='bbox 1695 5611 1852 5666; x_wconf 84' lang='lat' dir='ltr'><strong>quem</strong></span> <span class='ocrx_word' id='word_1_455' title='bbox 1869 5595 2140 5667; x_wconf 89' lang='lat' dir='ltr'><strong>indignum</strong></span> 
     </span>
    </p>
   </div>
   <div class='ocr_carea' id='block_1_60' title="bbox 565 5681 2142 5761">
    <p class='ocr_par' dir='ltr' id='par_1_60' title="bbox 565 5681 2142 5761">
     <span class='ocr_line' id='line_1_60' title="bbox 565 5681 2142 5761; baseline 0.008 -27"><span class='ocrx_word' id='word_1_456' title='bbox 565 5687 712 5735; x_wconf 70' lang='lat' dir='ltr'><strong>certo</strong></span> <span class='ocrx_word' id='word_1_457' title='bbox 731 5681 1181 5754; x_wconf 82' lang='lat' dir='ltr'><strong>scirent,quadam</strong></span> <span class='ocrx_word' id='word_1_458' title='bbox 1201 5683 1267 5744; x_wconf 89' lang='lat' dir='ltr'><strong>de</strong></span> <span class='ocrx_word' id='word_1_459' title='bbox 1291 5698 1450 5743; x_wconf 80' lang='lat' dir='ltr'><strong>causa</strong></span> <span class='ocrx_word' id='word_1_460' title='bbox 1476 5693 1798 5759; x_wconf 84' lang='lat' dir='ltr'><strong>cooptartnt,</strong></span> <span class='ocrx_word' id='word_1_461' title='bbox 1829 5687 1976 5761; x_wconf 83' lang='lat' dir='ltr'><strong>paria</strong></span> <span class='ocrx_word' id='word_1_462' title='bbox 1993 5685 2142 5748; x_wconf 80' lang='lat' dir='ltr'><strong>luent</strong></span> 
     </span>
    </p>
   </div>
   <div class='ocr_carea' id='block_1_61' title="bbox 1259 236 3745 312">
    <p class='ocr_par' dir='ltr' id='par_1_61' title="bbox 1259 236 3745 312">
     <span class='ocr_line' id='line_1_61' title="bbox 1259 236 3745 312; baseline -0.006 -7"><span class='ocrx_word' id='word_1_463' title='bbox 1259 252 1312 306; x_wconf 88' lang='lat' dir='ltr'><strong>S.</strong></span> <span class='ocrx_word' id='word_1_464' title='bbox 1354 246 1630 305; x_wconf 75' lang='lat' dir='ltr'><strong>JOANNIS</strong></span> <span class='ocrx_word' id='word_1_465' title='bbox 1668 238 2146 301; x_wconf 73' lang='lat' dir='ltr'><strong>CIIRYSOSTOMI</strong></span> <span class='ocrx_word' id='word_1_466' title='bbox 2191 236 2511 294; x_wconf 80' lang='lat' dir='ltr'><strong>ARClllEP.</strong></span> <span class='ocrx_word' id='word_1_467' title='bbox 2540 236 3073 296; x_wconf 77' lang='lat' dir='ltr'><strong>GONSTANTINOP.</strong></span> <span class='ocrx_word' id='word_1_468' title='bbox 3665 256 3745 312; x_wconf 37' lang='grc' dir='ltr'><strong>δεῖ</strong></span> 
     </span>
    </p>
   </div>
   <div class='ocr_carea' id='block_1_62' title="bbox 2243 353 3744 438">
    <p class='ocr_par' dir='ltr' id='par_1_62' title="bbox 2243 353 3744 438">
     <span class='ocr_line' id='line_1_62' title="bbox 2243 353 3744 438; baseline 0.014 -32"><span class='ocrx_word' id='word_1_469' title='bbox 2243 353 2499 423; x_wconf 88' lang='lat' dir='ltr'><strong>supplicia</strong></span> <span class='ocrx_word' id='word_1_470' title='bbox 2525 371 2538 408; x_wconf 90' lang='lat'><strong>:</strong></span> <span class='ocrx_word' id='word_1_471' title='bbox 2567 353 2793 411; x_wconf 85' lang='lat' dir='ltr'><strong>fortasse</strong></span> <span class='ocrx_word' id='word_1_472' title='bbox 2821 371 2948 413; x_wconf 86' lang='lat' dir='ltr'><strong>vero</strong></span> <span class='ocrx_word' id='word_1_473' title='bbox 2973 357 3207 426; x_wconf 86' lang='lat' dir='ltr'><strong>majores</strong></span> <span class='ocrx_word' id='word_1_474' title='bbox 3229 371 3401 428; x_wconf 66' lang='lat' dir='ltr'><strong>prunas</strong></span> <span class='ocrx_word' id='word_1_475' title='bbox 3418 361 3548 419; x_wconf 91' lang='lat' dir='ltr'><strong>dabit</strong></span> <span class='ocrx_word' id='word_1_476' title='bbox 3571 369 3645 438; x_wconf 86' lang='lat' dir='ltr'><strong>qui</strong></span> <span class='ocrx_word' id='word_1_477' title='bbox 3663 388 3744 428; x_wconf 87' lang='lat' dir='ltr'><strong>nou</strong></span> 
     </span>
    </p>
   </div>
   <div class='ocr_carea' id='block_1_63' title="bbox 2239 447 3746 522">
    <p class='ocr_par' dir='ltr' id='par_1_63' title="bbox 2239 447 3746 522">
     <span class='ocr_line' id='line_1_63' title="bbox 2239 447 3746 522; baseline 0.011 -20"><span class='ocrx_word' id='word_1_478' title='bbox 2239 447 2488 504; x_wconf 88' lang='lat' dir='ltr'><strong>idoneum</strong></span> <span class='ocrx_word' id='word_1_479' title='bbox 2513 449 2808 504; x_wconf 91' lang='lat' dir='ltr'><strong>constituit.</strong></span> <span class='ocrx_word' id='word_1_480' title='bbox 2858 449 2989 504; x_wconf 89' lang='lat' dir='ltr'><strong>Nam</strong></span> <span class='ocrx_word' id='word_1_481' title='bbox 3029 451 3118 522; x_wconf 93' lang='lat' dir='ltr'><strong>qui</strong></span> <span class='ocrx_word' id='word_1_482' title='bbox 3170 461 3466 522; x_wconf 87' lang='lat' dir='ltr'><strong>potestatem</strong></span> <span class='ocrx_word' id='word_1_483' title='bbox 3491 458 3571 514; x_wconf 86' lang='lat' dir='ltr'><strong>dat</strong></span> <span class='ocrx_word' id='word_1_484' title='bbox 3592 463 3746 520; x_wconf 84' lang='lat' dir='ltr'><strong>volenti</strong></span> 
     </span>
    </p>
   </div>
   <div class='ocr_carea' id='block_1_64' title="bbox 2240 539 3749 614">
    <p class='ocr_par' dir='ltr' id='par_1_64' title="bbox 2240 539 3749 614">
     <span class='ocr_line' id='line_1_64' title="bbox 2240 539 3749 614; baseline 0.01 -20"><span class='ocrx_word' id='word_1_485' title='bbox 2240 539 2532 594; x_wconf 86' lang='lat' dir='ltr'><strong>Ecclesiam</strong></span> <span class='ocrx_word' id='word_1_486' title='bbox 2562 555 2927 610; x_wconf 86' lang='lat' dir='ltr'><strong>corrumpere,</strong></span> <span class='ocrx_word' id='word_1_487' title='bbox 2968 541 3014 596; x_wconf 90' lang='lat' dir='ltr'><strong>is</strong></span> <span class='ocrx_word' id='word_1_488' title='bbox 3046 542 3332 597; x_wconf 83' lang='lat' dir='ltr'><strong>facinorum</strong></span> <span class='ocrx_word' id='word_1_489' title='bbox 3357 546 3464 614; x_wconf 86' lang='lat' dir='ltr'><strong>ejus</strong></span> <span class='ocrx_word' id='word_1_490' title='bbox 3489 561 3647 606; x_wconf 88' lang='lat' dir='ltr'><strong>auctor</strong></span> <span class='ocrx_word' id='word_1_491' title='bbox 3663 554 3749 609; x_wconf 80' lang='lat' dir='ltr'><strong>fue-</strong></span> 
     </span>
    </p>
   </div>
   <div class='ocr_carea' id='block_1_65' title="bbox 2238 631 3751 708">
    <p class='ocr_par' dir='ltr' id='par_1_65' title="bbox 2238 631 3751 708">
     <span class='ocr_line' id='line_1_65' title="bbox 2238 631 3751 708; baseline 0.009 -22"><span class='ocrx_word' id='word_1_492' title='bbox 2238 631 2328 686; x_wconf 88' lang='lat' dir='ltr'><strong>rit.</strong></span> <span class='ocrx_word' id='word_1_493' title='bbox 2351 631 2502 698; x_wconf 89' lang='lat' dir='ltr'><strong>Quod</strong></span> <span class='ocrx_word' id='word_1_494' title='bbox 2529 633 2572 688; x_wconf 93' lang='lat' dir='ltr'><strong>si</strong></span> <span class='ocrx_word' id='word_1_495' title='bbox 2604 633 2732 687; x_wconf 90' lang='lat' dir='ltr'><strong>nulli</strong></span> <span class='ocrx_word' id='word_1_496' title='bbox 2758 649 2942 689; x_wconf 90' lang='lat' dir='ltr'><strong>eorum</strong></span> <span class='ocrx_word' id='word_1_497' title='bbox 2963 635 3226 690; x_wconf 83' lang='lat' dir='ltr'><strong>obnoxius</strong></span> <span class='ocrx_word' id='word_1_498' title='bbox 3252 636 3361 706; x_wconf 85' lang='lat' dir='ltr'><strong>ipse</strong></span> <span class='ocrx_word' id='word_1_499' title='bbox 3384 639 3543 708; x_wconf 86' lang='lat' dir='ltr'><strong>fuerit,</strong></span> <span class='ocrx_word' id='word_1_500' title='bbox 3563 644 3642 698; x_wconf 89' lang='lat' dir='ltr'><strong>sed</strong></span> <span class='ocrx_word' id='word_1_501' title='bbox 3664 648 3751 700; x_wconf 88' lang='lat' dir='ltr'><strong>vul-</strong></span> 
     </span>
    </p>
   </div>
   <div class='ocr_carea' id='block_1_66' title="bbox 2237 722 3749 804">
    <p class='ocr_par' dir='ltr' id='par_1_66' title="bbox 2237 722 3749 804">
     <span class='ocr_line' id='line_1_66' title="bbox 2237 722 3749 804; baseline 0.009 -28"><span class='ocrx_word' id='word_1_502' title='bbox 2237 722 2287 790; x_wconf 87' lang='lat' dir='ltr'><strong>gi</strong></span> <span class='ocrx_word' id='word_1_503' title='bbox 2309 723 2561 792; x_wconf 89' lang='lat' dir='ltr'><strong>opinione</strong></span> <span class='ocrx_word' id='word_1_504' title='bbox 2580 737 2640 778; x_wconf 89' lang='lat' dir='ltr'><strong>se</strong></span> <span class='ocrx_word' id='word_1_505' title='bbox 2667 722 2948 794; x_wconf 88' lang='lat' dir='ltr'><strong>deceptum</strong></span> <span class='ocrx_word' id='word_1_506' title='bbox 2969 724 3134 792; x_wconf 89' lang='lat' dir='ltr'><strong>dicat,</strong></span> <span class='ocrx_word' id='word_1_507' title='bbox 3165 741 3234 781; x_wconf 91' lang='lat' dir='ltr'><strong>ne</strong></span> <span class='ocrx_word' id='word_1_508' title='bbox 3257 725 3334 780; x_wconf 90' lang='lat' dir='ltr'><strong>sic</strong></span> <span class='ocrx_word' id='word_1_509' title='bbox 3357 728 3551 798; x_wconf 86' lang='lat' dir='ltr'><strong>quidem</strong></span> <span class='ocrx_word' id='word_1_510' title='bbox 3577 731 3749 804; x_wconf 82' lang='lat' dir='ltr'><strong>impune</strong></span> 
     </span>
    </p>
   </div>
   <div class='ocr_carea' id='block_1_67' title="bbox 2238 813 3752 889">
    <p class='ocr_par' dir='ltr' id='par_1_67' title="bbox 2238 813 3752 889">
     <span class='ocr_line' id='line_1_67' title="bbox 2238 813 3752 889; baseline 0.008 -22"><span class='ocrx_word' id='word_1_511' title='bbox 2238 813 2414 880; x_wconf 90' lang='lat' dir='ltr'><strong>fuerit,</strong></span> <span class='ocrx_word' id='word_1_512' title='bbox 2457 815 2550 870; x_wconf 88' lang='lat' dir='ltr'><strong>scd</strong></span> <span class='ocrx_word' id='word_1_513' title='bbox 2580 815 2739 886; x_wconf 90' lang='lat' dir='ltr'><strong>paulo</strong></span> <span class='ocrx_word' id='word_1_514' title='bbox 2785 817 3042 882; x_wconf 87' lang='lat' dir='ltr'><strong>minores,</strong></span> <span class='ocrx_word' id='word_1_515' title='bbox 3093 831 3251 887; x_wconf 87' lang='lat' dir='ltr'><strong>quam</strong></span> <span class='ocrx_word' id='word_1_516' title='bbox 3295 819 3380 889; x_wconf 91' lang='lat' dir='ltr'><strong>qui</strong></span> <span class='ocrx_word' id='word_1_517' title='bbox 3410 819 3657 877; x_wconf 87' lang='lat' dir='ltr'><strong>ordinatus</strong></span> <span class='ocrx_word' id='word_1_518' title='bbox 3674 835 3752 886; x_wconf 82' lang='lat' dir='ltr'><strong>est,</strong></span> 
     </span>
    </p>
   </div>
   <div class='ocr_carea' id='block_1_68' title="bbox 2235 893 3752 985">
    <p class='ocr_par' dir='ltr' id='par_1_68' title="bbox 2235 893 3752 985">
     <span class='ocr_line' id='line_1_68' title="bbox 2235 893 3752 985; baseline 0.007 -26"><span class='ocrx_word' id='word_1_519' title='bbox 2235 904 2386 960; x_wconf 87' lang='lat' dir='ltr'><strong>dabit</strong></span> <span class='ocrx_word' id='word_1_520' title='bbox 2415 921 2620 975; x_wconf 69' lang='lat' dir='ltr'><strong>pinnas.</strong></span> <span class='ocrx_word' id='word_1_521' title='bbox 2653 906 2867 974; x_wconf 88' lang='lat' dir='ltr'><strong>Quare?</strong></span> <span class='ocrx_word' id='word_1_522' title='bbox 2894 906 3027 974; x_wconf 88' lang='lat' dir='ltr'><strong>Quia</strong></span> <span class='ocrx_word' id='word_1_523' title='bbox 3057 893 3560 966; x_wconf 26' lang='lat' dir='ltr'><strong>verisimile‘vidctur</strong></span> <span class='ocrx_word' id='word_1_524' title='bbox 3584 928 3663 968; x_wconf 90' lang='lat' dir='ltr'><strong>eos</strong></span> <span class='ocrx_word' id='word_1_525' title='bbox 3683 918 3752 985; x_wconf 85' lang='lat' dir='ltr'><strong>qui</strong></span> 
     </span>
    </p>
   </div>
   <div class='ocr_carea' id='block_1_69' title="bbox 2237 994 3755 1075">
    <p class='ocr_par' dir='ltr' id='par_1_69' title="bbox 2237 994 3755 1075">
     <span class='ocr_line' id='line_1_69' title="bbox 2237 994 3755 1075; baseline 0.006 -25"><span class='ocrx_word' id='word_1_526' title='bbox 2237 995 2451 1064; x_wconf 87' lang='lat' dir='ltr'><strong>elegere</strong></span> <span class='ocrx_word' id='word_1_527' title='bbox 2478 994 2608 1050; x_wconf 85' lang='lat' dir='ltr'><strong>falsa</strong></span> <span class='ocrx_word' id='word_1_528' title='bbox 2647 997 2786 1066; x_wconf 89' lang='lat' dir='ltr'><strong>vulgi</strong></span> <span class='ocrx_word' id='word_1_529' title='bbox 2813 998 3064 1066; x_wconf 90' lang='lat' dir='ltr'><strong>opinione</strong></span> <span class='ocrx_word' id='word_1_530' title='bbox 3087 997 3339 1068; x_wconf 86' lang='lat' dir='ltr'><strong>deceptos</strong></span> <span class='ocrx_word' id='word_1_531' title='bbox 3369 1015 3434 1056; x_wconf 93' lang='lat' dir='ltr'><strong>eo</strong></span> <span class='ocrx_word' id='word_1_532' title='bbox 3455 1002 3663 1058; x_wconf 82' lang='lat' dir='ltr'><strong>animum</strong></span> <span class='ocrx_word' id='word_1_533' title='bbox 3675 1019 3755 1075; x_wconf 82' lang='lat' dir='ltr'><strong>ap-</strong></span> 
     </span>
    </p>
   </div>
   <div class='ocr_carea' id='block_1_70' title="bbox 2236 1088 3754 1164">
    <p class='ocr_par' dir='ltr' id='par_1_70' title="bbox 2236 1088 3754 1164">
     <span class='ocr_line' id='line_1_70' title="bbox 2236 1088 3754 1164; baseline 0.007 -23"><span class='ocrx_word' id='word_1_534' title='bbox 2236 1088 2436 1158; x_wconf 87' lang='lat' dir='ltr'><strong>pulisse</strong></span> <span class='ocrx_word' id='word_1_535' title='bbox 2451 1088 2580 1153; x_wconf 38' lang='lat' dir='ltr'><strong>;&#39;sed</strong></span> <span class='ocrx_word' id='word_1_536' title='bbox 2599 1089 2690 1159; x_wconf 91' lang='lat' dir='ltr'><strong>qui</strong></span> <span class='ocrx_word' id='word_1_537' title='bbox 2710 1089 2914 1144; x_wconf 87' lang='lat' dir='ltr'><strong>electus</strong></span> <span class='ocrx_word' id='word_1_538' title='bbox 2941 1089 3041 1144; x_wconf 91' lang='lat' dir='ltr'><strong>fuit</strong></span> <span class='ocrx_word' id='word_1_539' title='bbox 3061 1105 3166 1146; x_wconf 91' lang='lat' dir='ltr'><strong>non</strong></span> <span class='ocrx_word' id='word_1_540' title='bbox 3187 1091 3404 1161; x_wconf 89' lang='lat' dir='ltr'><strong>perinde</strong></span> <span class='ocrx_word' id='word_1_541' title='bbox 3422 1093 3584 1149; x_wconf 86' lang='lat' dir='ltr'><strong>dicere</strong></span> <span class='ocrx_word' id='word_1_542' title='bbox 3599 1105 3754 1164; x_wconf 85' lang='lat' dir='ltr'><strong>potest,</strong></span> 
     </span>
    </p>
   </div>
   <div class='ocr_carea' id='block_1_71' title="bbox 2235 1179 3756 1253">
    <p class='ocr_par' dir='ltr' id='par_1_71' title="bbox 2235 1179 3756 1253">
     <span class='ocr_line' id='line_1_71' title="bbox 2235 1179 3756 1253; baseline 0.004 -19"><span class='ocrx_word' id='word_1_543' title='bbox 2235 1179 2495 1250; x_wconf 83' lang='lat' dir='ltr'><strong>Meipsum</strong></span> <span class='ocrx_word' id='word_1_544' title='bbox 2541 1180 2869 1251; x_wconf 85' lang='lat' dir='ltr'><strong>ignorabam,</strong></span> <span class='ocrx_word' id='word_1_545' title='bbox 2901 1189 2958 1236; x_wconf 89' lang='lat' dir='ltr'><strong>ut</strong></span> <span class='ocrx_word' id='word_1_546' title='bbox 2997 1181 3086 1236; x_wconf 90' lang='lat' dir='ltr'><strong>alii</strong></span> <span class='ocrx_word' id='word_1_547' title='bbox 3115 1197 3174 1238; x_wconf 89' lang='lat' dir='ltr'><strong>se</strong></span> <span class='ocrx_word' id='word_1_548' title='bbox 3217 1183 3482 1252; x_wconf 84' lang='lat' dir='ltr'><strong>ignorasse</strong></span> <span class='ocrx_word' id='word_1_549' title='bbox 3520 1185 3670 1253; x_wconf 90' lang='lat' dir='ltr'><strong>ipsum</strong></span> <span class='ocrx_word' id='word_1_550' title='bbox 3690 1186 3756 1240; x_wconf 81' lang='lat' dir='ltr'><strong>di-</strong></span> 
     </span>
    </p>
   </div>
   <div class='ocr_carea' id='block_1_72' title="bbox 2235 1263 3756 1346">
    <p class='ocr_par' dir='ltr' id='par_1_72' title="bbox 2235 1263 3756 1346">
     <span class='ocr_line' id='line_1_72' title="bbox 2235 1263 3756 1346; baseline 0.005 -22"><span class='ocrx_word' id='word_1_551' title='bbox 2235 1280 2382 1325; x_wconf 90' lang='lat' dir='ltr'><strong>cunt.</strong></span> <span class='ocrx_word' id='word_1_552' title='bbox 2415 1270 2566 1327; x_wconf 92' lang='lat' dir='ltr'><strong>Sicut</strong></span> <span class='ocrx_word' id='word_1_553' title='bbox 2595 1272 2753 1342; x_wconf 89' lang='lat' dir='ltr'><strong>igitur</strong></span> <span class='ocrx_word' id='word_1_554' title='bbox 2777 1274 2988 1342; x_wconf 88' lang='lat' dir='ltr'><strong>gravius</strong></span> <span class='ocrx_word' id='word_1_555' title='bbox 3012 1263 3326 1343; x_wconf 88' lang='lat' dir='ltr'><strong>plectendus</strong></span> <span class='ocrx_word' id='word_1_556' title='bbox 3351 1284 3449 1341; x_wconf 89' lang='lat' dir='ltr'><strong>est,</strong></span> <span class='ocrx_word' id='word_1_557' title='bbox 3480 1292 3622 1346; x_wconf 87' lang='lat' dir='ltr'><strong>quam</strong></span> <span class='ocrx_word' id='word_1_558' title='bbox 3645 1279 3672 1331; x_wconf 96' lang='lat' dir='ltr'><strong>ii</strong></span> <span class='ocrx_word' id='word_1_559' title='bbox 3688 1279 3756 1346; x_wconf 77' lang='lat' dir='ltr'><strong>qui</strong></span> 
     </span>
    </p>
   </div>
   <div class='ocr_carea' id='block_1_73' title="bbox 2236 1362 3760 1438">
    <p class='ocr_par' dir='ltr' id='par_1_73' title="bbox 2236 1362 3760 1438">
     <span class='ocr_line' id='line_1_73' title="bbox 2236 1362 3760 1438; baseline 0.006 -22"><span class='ocrx_word' id='word_1_560' title='bbox 2236 1362 2409 1432; x_wconf 90' lang='lat' dir='ltr'><strong>ipsum</strong></span> <span class='ocrx_word' id='word_1_561' title='bbox 2439 1372 2777 1434; x_wconf 89' lang='lat' dir='ltr'><strong>cooptarunt,</strong></span> <span class='ocrx_word' id='word_1_562' title='bbox 2817 1365 2887 1419; x_wconf 91' lang='lat' dir='ltr'><strong>ita</strong></span> <span class='ocrx_word' id='word_1_563' title='bbox 2922 1367 3220 1422; x_wconf 88' lang='lat' dir='ltr'><strong>accuratius</strong></span> <span class='ocrx_word' id='word_1_564' title='bbox 3264 1367 3344 1421; x_wconf 88' lang='lat' dir='ltr'><strong>sui</strong></span> <span class='ocrx_word' id='word_1_565' title='bbox 3375 1367 3532 1438; x_wconf 88' lang='lat' dir='ltr'><strong>ipsius</strong></span> <span class='ocrx_word' id='word_1_566' title='bbox 3557 1386 3760 1437; x_wconf 76' lang='lat' dir='ltr'><strong>examen,</strong></span> 
     </span>
    </p>
   </div>
   <div class='ocr_carea' id='block_1_74' title="bbox 2234 1453 3763 1532">
    <p class='ocr_par' dir='ltr' id='par_1_74' title="bbox 2234 1453 3763 1532">
     <span class='ocr_line' id='line_1_74' title="bbox 2234 1453 3763 1532; baseline 0.007 -25"><span class='ocrx_word' id='word_1_567' title='bbox 2234 1469 2392 1525; x_wconf 90' lang='lat' dir='ltr'><strong>quam</strong></span> <span class='ocrx_word' id='word_1_568' title='bbox 2436 1453 2532 1520; x_wconf 92' lang='lat' dir='ltr'><strong>illi,</strong></span> <span class='ocrx_word' id='word_1_569' title='bbox 2562 1455 2735 1511; x_wconf 89' lang='lat' dir='ltr'><strong>facere</strong></span> <span class='ocrx_word' id='word_1_570' title='bbox 2773 1455 2970 1512; x_wconf 88' lang='lat' dir='ltr'><strong>debet:</strong></span> <span class='ocrx_word' id='word_1_571' title='bbox 3003 1472 3068 1512; x_wconf 89' lang='lat' dir='ltr'><strong>ac</strong></span> <span class='ocrx_word' id='word_1_572' title='bbox 3089 1458 3136 1512; x_wconf 91' lang='lat' dir='ltr'><strong>si</strong></span> <span class='ocrx_word' id='word_1_573' title='bbox 3180 1459 3354 1528; x_wconf 88' lang='lat' dir='ltr'><strong>ipsum</strong></span> <span class='ocrx_word' id='word_1_574' title='bbox 3392 1459 3467 1516; x_wconf 92' lang='lat' dir='ltr'><strong>illi</strong></span> <span class='ocrx_word' id='word_1_575' title='bbox 3507 1461 3763 1532; x_wconf 83' lang='lat' dir='ltr'><strong>ignorantes</strong></span> 
     </span>
    </p>
   </div>
   <div class='ocr_carea' id='block_1_75' title="bbox 2233 1543 3764 1622">
    <p class='ocr_par' dir='ltr' id='par_1_75' title="bbox 2233 1543 3764 1622">
     <span class='ocr_line' id='line_1_75' title="bbox 2233 1543 3764 1622; baseline 0.006 -23"><span class='ocrx_word' id='word_1_576' title='bbox 2233 1543 2562 1615; x_wconf 89' lang='lat' dir='ltr'><strong>pertrahant,</strong></span> <span class='ocrx_word' id='word_1_577' title='bbox 2604 1546 2812 1602; x_wconf 87' lang='lat' dir='ltr'><strong>obviam</strong></span> <span class='ocrx_word' id='word_1_578' title='bbox 2842 1549 2921 1602; x_wconf 91' lang='lat' dir='ltr'><strong>ire</strong></span> <span class='ocrx_word' id='word_1_579' title='bbox 2947 1548 3124 1615; x_wconf 89' lang='lat' dir='ltr'><strong>debet,</strong></span> <span class='ocrx_word' id='word_1_580' title='bbox 3163 1549 3461 1622; x_wconf 88' lang='lat' dir='ltr'><strong>docereque</strong></span> <span class='ocrx_word' id='word_1_581' title='bbox 3483 1567 3651 1608; x_wconf 84' lang='lat' dir='ltr'><strong>causas</strong></span> <span class='ocrx_word' id='word_1_582' title='bbox 3671 1570 3764 1618; x_wconf 78' lang='lat' dir='ltr'><strong>eas,</strong></span> 
     </span>
    </p>
   </div>
   <div class='ocr_carea' id='block_1_76' title="bbox 2236 1634 3766 1712">
    <p class='ocr_par' dir='ltr' id='par_1_76' title="bbox 2236 1634 3766 1712">
     <span class='ocr_line' id='line_1_76' title="bbox 2236 1634 3766 1712; baseline 0.008 -25"><span class='ocrx_word' id='word_1_583' title='bbox 2236 1649 2332 1704; x_wconf 90' lang='lat' dir='ltr'><strong>per</strong></span> <span class='ocrx_word' id='word_1_584' title='bbox 2357 1649 2489 1706; x_wconf 86' lang='lat' dir='ltr'><strong>quas</strong></span> <span class='ocrx_word' id='word_1_585' title='bbox 2513 1634 2580 1691; x_wconf 89' lang='lat' dir='ltr'><strong>ab</strong></span> <span class='ocrx_word' id='word_1_586' title='bbox 2609 1651 2795 1692; x_wconf 90' lang='lat' dir='ltr'><strong>errore</strong></span> <span class='ocrx_word' id='word_1_587' title='bbox 2842 1637 3121 1704; x_wconf 88' lang='lat' dir='ltr'><strong>desistant,</strong></span> <span class='ocrx_word' id='word_1_588' title='bbox 3167 1655 3333 1711; x_wconf 89' lang='lat' dir='ltr'><strong>seque</strong></span> <span class='ocrx_word' id='word_1_589' title='bbox 3371 1642 3454 1696; x_wconf 89' lang='lat' dir='ltr'><strong>vel</strong></span> <span class='ocrx_word' id='word_1_590' title='bbox 3500 1643 3766 1712; x_wconf 81' lang='lat' dir='ltr'><strong>probatione</strong></span> 
     </span>
    </p>
   </div>
   <div class='ocr_carea' id='block_1_77' title="bbox 2235 1727 3766 1798">
    <p class='ocr_par' dir='ltr' id='par_1_77' title="bbox 2235 1727 3766 1798">
     <span class='ocr_line' id='line_1_77' title="bbox 2235 1727 3766 1798; baseline 0.005 -17"><span class='ocrx_word' id='word_1_591' title='bbox 2235 1727 2508 1798; x_wconf 88' lang='lat' dir='ltr'><strong>indignum</strong></span> <span class='ocrx_word' id='word_1_592' title='bbox 2526 1729 2840 1794; x_wconf 86' lang='lat' dir='ltr'><strong>ostendens,</strong></span> <span class='ocrx_word' id='word_1_593' title='bbox 2871 1745 2902 1784; x_wconf 89' lang='lat' dir='ltr'><strong>a</strong></span> <span class='ocrx_word' id='word_1_594' title='bbox 2931 1742 3190 1787; x_wconf 88' lang='lat' dir='ltr'><strong>tantarum</strong></span> <span class='ocrx_word' id='word_1_595' title='bbox 3217 1749 3397 1788; x_wconf 88' lang='lat' dir='ltr'><strong>rerum</strong></span> <span class='ocrx_word' id='word_1_596' title='bbox 3426 1735 3557 1789; x_wconf 90' lang='lat' dir='ltr'><strong>mole</strong></span> <span class='ocrx_word' id='word_1_597' title='bbox 3587 1735 3766 1790; x_wconf 82' lang='lat' dir='ltr'><strong>eximat.</strong></span> 
     </span>
    </p>
   </div>
   <div class='ocr_carea' id='block_1_78' title="bbox 2233 1817 3772 1897">
    <p class='ocr_par' dir='ltr' id='par_1_78' title="bbox 2233 1817 3772 1897">
     <span class='ocr_line' id='line_1_78' title="bbox 2233 1817 3772 1897; baseline 0.005 -23"><span class='ocrx_word' id='word_1_598' title='bbox 2233 1817 2340 1874; x_wconf 90' lang='lat' dir='ltr'><strong>Cur</strong></span> <span class='ocrx_word' id='word_1_599' title='bbox 2365 1820 2505 1874; x_wconf 90' lang='lat' dir='ltr'><strong>enim</strong></span> <span class='ocrx_word' id='word_1_600' title='bbox 2535 1835 2659 1876; x_wconf 90' lang='lat' dir='ltr'><strong>cum</strong></span> <span class='ocrx_word' id='word_1_601' title='bbox 2687 1821 2755 1877; x_wconf 88' lang='lat' dir='ltr'><strong>de</strong></span> <span class='ocrx_word' id='word_1_602' title='bbox 2774 1838 2838 1877; x_wconf 84' lang='lat' dir='ltr'><strong>re</strong></span> <span class='ocrx_word' id='word_1_603' title='bbox 2867 1823 3102 1890; x_wconf 90' lang='lat' dir='ltr'><strong>militari,</strong></span> <span class='ocrx_word' id='word_1_604' title='bbox 3136 1823 3205 1880; x_wconf 94' lang='lat' dir='ltr'><strong>de</strong></span> <span class='ocrx_word' id='word_1_605' title='bbox 3235 1835 3551 1893; x_wconf 87' lang='lat' dir='ltr'><strong>mercatura,</strong></span> <span class='ocrx_word' id='word_1_606' title='bbox 3577 1827 3638 1882; x_wconf 89' lang='lat' dir='ltr'><strong>de</strong></span> <span class='ocrx_word' id='word_1_607' title='bbox 3658 1829 3772 1897; x_wconf 85' lang='lat' dir='ltr'><strong>agri-</strong></span> 
     </span>
    </p>
   </div>
   <div class='ocr_carea' id='block_1_79' title="bbox 2232 1913 3768 1986">
    <p class='ocr_par' dir='ltr' id='par_1_79' title="bbox 2232 1913 3768 1986">
     <span class='ocr_line' id='line_1_79' title="bbox 2232 1913 3768 1986; baseline 0.003 -18"><span class='ocrx_word' id='word_1_608' title='bbox 2232 1913 2457 1979; x_wconf 85' lang='lat' dir='ltr'><strong>cultura,</strong></span> <span class='ocrx_word' id='word_1_609' title='bbox 2501 1914 2677 1986; x_wconf 91' lang='lat' dir='ltr'><strong>deque</strong></span> <span class='ocrx_word' id='word_1_610' title='bbox 2704 1915 2822 1969; x_wconf 84' lang='lat' dir='ltr'><strong>aliis</strong></span> <span class='ocrx_word' id='word_1_611' title='bbox 2865 1916 3216 1972; x_wconf 62' lang='lat' dir='ltr'><strong>saecularibus</strong></span> <span class='ocrx_word' id='word_1_612' title='bbox 3263 1918 3425 1973; x_wconf 89' lang='lat' dir='ltr'><strong>rebus</strong></span> <span class='ocrx_word' id='word_1_613' title='bbox 3466 1918 3768 1983; x_wconf 84' lang='lat' dir='ltr'><strong>deliberatur,</strong></span> 
     </span>
    </p>
   </div>
   <div class='ocr_carea' id='block_1_80' title="bbox 2233 2006 3774 2081">
    <p class='ocr_par' dir='ltr' id='par_1_80' title="bbox 2233 2006 3774 2081">
     <span class='ocr_line' id='line_1_80' title="bbox 2233 2006 3774 2081; baseline 0.001 -21"><span class='ocrx_word' id='word_1_614' title='bbox 2233 2021 2340 2060; x_wconf 92' lang='lat' dir='ltr'><strong>non</strong></span> <span class='ocrx_word' id='word_1_615' title='bbox 2367 2006 2599 2077; x_wconf 85' lang='lat' dir='ltr'><strong>agricola</strong></span> <span class='ocrx_word' id='word_1_616' title='bbox 2630 2008 3044 2078; x_wconf 86' lang='lat' dir='ltr'><strong>navigationem,</strong></span> <span class='ocrx_word' id='word_1_617' title='bbox 3089 2022 3190 2063; x_wconf 91' lang='lat' dir='ltr'><strong>nec</strong></span> <span class='ocrx_word' id='word_1_618' title='bbox 3218 2008 3378 2064; x_wconf 87' lang='lat' dir='ltr'><strong>miles</strong></span> <span class='ocrx_word' id='word_1_619' title='bbox 3420 2010 3774 2081; x_wconf 85' lang='lat' dir='ltr'><strong>agriculturam,</strong></span> 
     </span>
    </p>
   </div>
   <div class='ocr_carea' id='block_1_81' title="bbox 2234 2099 3772 2169">
    <p class='ocr_par' dir='ltr' id='par_1_81' title="bbox 2234 2099 3772 2169">
     <span class='ocr_line' id='line_1_81' title="bbox 2234 2099 3772 2169; baseline 0.001 -17"><span class='ocrx_word' id='word_1_620' title='bbox 2234 2113 2333 2154; x_wconf 91' lang='lat' dir='ltr'><strong>nec</strong></span> <span class='ocrx_word' id='word_1_621' title='bbox 2378 2099 2703 2169; x_wconf 88' lang='lat' dir='ltr'><strong>gubernator</strong></span> <span class='ocrx_word' id='word_1_622' title='bbox 2743 2099 2986 2154; x_wconf 82' lang='lat' dir='ltr'><strong>militiam</strong></span> <span class='ocrx_word' id='word_1_623' title='bbox 3036 2099 3315 2169; x_wconf 87' lang='lat' dir='ltr'><strong>suscipiat,</strong></span> <span class='ocrx_word' id='word_1_624' title='bbox 3347 2101 3548 2156; x_wconf 88' lang='lat' dir='ltr'><strong>etiamsi</strong></span> <span class='ocrx_word' id='word_1_625' title='bbox 3588 2108 3772 2156; x_wconf 87' lang='lat' dir='ltr'><strong>mortem</strong></span> 
     </span>
    </p>
   </div>
   <div class='ocr_carea' id='block_1_82' title="bbox 2234 2191 3776 2264">
    <p class='ocr_par' dir='ltr' id='par_1_82' title="bbox 2234 2191 3776 2264">
     <span class='ocr_line' id='line_1_82' title="bbox 2234 2191 3776 2264; baseline 0.002 -19"><span class='ocrx_word' id='word_1_626' title='bbox 2234 2191 2340 2246; x_wconf 90' lang='lat' dir='ltr'><strong>illis</strong></span> <span class='ocrx_word' id='word_1_627' title='bbox 2361 2191 2662 2247; x_wconf 83' lang='lat' dir='ltr'><strong>sexcenties</strong></span> <span class='ocrx_word' id='word_1_628' title='bbox 2680 2192 3057 2248; x_wconf 76' lang='lat' dir='ltr'><strong>commineris?</strong></span> <span class='ocrx_word' id='word_1_629' title='bbox 3071 2191 3278 2263; x_wconf 84' lang='lat' dir='ltr'><strong>Nempe</strong></span> <span class='ocrx_word' id='word_1_630' title='bbox 3293 2194 3415 2264; x_wconf 83' lang='lat' dir='ltr'><strong>quia</strong></span> <span class='ocrx_word' id='word_1_631' title='bbox 3444 2195 3710 2264; x_wconf 91' lang='lat' dir='ltr'><strong>periculum</strong></span> <span class='ocrx_word' id='word_1_632' title='bbox 3726 2211 3776 2248; x_wconf 80' lang='lat' dir='ltr'><strong>ex</strong></span> 
     </span>
    </p>
   </div>
   <div class='ocr_carea' id='block_1_83' title="bbox 2234 2282 3777 2356">
    <p class='ocr_par' dir='ltr' id='par_1_83' title="bbox 2234 2282 3777 2356">
     <span class='ocr_line' id='line_1_83' title="bbox 2234 2282 3777 2356; baseline 0.001 -19"><span class='ocrx_word' id='word_1_633' title='bbox 2234 2282 2498 2349; x_wconf 90' lang='lat' dir='ltr'><strong>imperitia</strong></span> <span class='ocrx_word' id='word_1_634' title='bbox 2543 2298 2826 2354; x_wconf 90' lang='lat' dir='ltr'><strong>emergens</strong></span> <span class='ocrx_word' id='word_1_635' title='bbox 2867 2285 3060 2356; x_wconf 87' lang='lat' dir='ltr'><strong>singuli</strong></span> <span class='ocrx_word' id='word_1_636' title='bbox 3105 2287 3460 2356; x_wconf 90' lang='lat' dir='ltr'><strong>prospiciunt.</strong></span> <span class='ocrx_word' id='word_1_637' title='bbox 3500 2289 3635 2342; x_wconf 89' lang='lat' dir='ltr'><strong>Itane</strong></span> <span class='ocrx_word' id='word_1_638' title='bbox 3676 2303 3777 2356; x_wconf 75' lang='lat' dir='ltr'><strong>ergo</strong></span> 
     </span>
    </p>
   </div>
   <div class='ocr_carea' id='block_1_84' title="bbox 2233 2371 3762 2447">
    <p class='ocr_par' dir='ltr' id='par_1_84' title="bbox 2233 2371 3762 2447">
     <span class='ocr_line' id='line_1_84' title="bbox 2233 2371 3762 2447; baseline 0.002 -21"><span class='ocrx_word' id='word_1_639' title='bbox 2233 2371 2322 2426; x_wconf 88' lang='lat' dir='ltr'><strong>ubi</strong></span> <span class='ocrx_word' id='word_1_640' title='bbox 2347 2372 2415 2428; x_wconf 92' lang='lat' dir='ltr'><strong>de</strong></span> <span class='ocrx_word' id='word_1_641' title='bbox 2441 2373 2663 2428; x_wconf 92' lang='lat' dir='ltr'><strong>modicis</strong></span> <span class='ocrx_word' id='word_1_642' title='bbox 2693 2375 2853 2430; x_wconf 92' lang='lat' dir='ltr'><strong>rebus</strong></span> <span class='ocrx_word' id='word_1_643' title='bbox 2878 2376 3266 2444; x_wconf 88' lang='lat' dir='ltr'><strong>periclitamur,</strong></span> <span class='ocrx_word' id='word_1_644' title='bbox 3298 2386 3446 2432; x_wconf 88' lang='lat' dir='ltr'><strong>tanta</strong></span> <span class='ocrx_word' id='word_1_645' title='bbox 3472 2386 3668 2433; x_wconf 90' lang='lat' dir='ltr'><strong>utemur</strong></span> <span class='ocrx_word' id='word_1_646' title='bbox 3685 2393 3762 2447; x_wconf 90' lang='lat' dir='ltr'><strong>pro</strong></span> 
     </span>
    </p>
   </div>
   <div class='ocr_carea' id='block_1_85' title="bbox 2233 2463 3780 2536">
    <p class='ocr_par' dir='ltr' id='par_1_85' title="bbox 2233 2463 3780 2536">
     <span class='ocr_line' id='line_1_85' title="bbox 2233 2463 3780 2536; baseline 0.001 -19"><span class='ocrx_word' id='word_1_647' title='bbox 2233 2463 2486 2530; x_wconf 86' lang='lat' dir='ltr'><strong>videntia,</strong></span> <span class='ocrx_word' id='word_1_648' title='bbox 2540 2480 2714 2535; x_wconf 92' lang='lat' dir='ltr'><strong>neque</strong></span> <span class='ocrx_word' id='word_1_649' title='bbox 2754 2466 3055 2536; x_wconf 90' lang='lat' dir='ltr'><strong>cogentium</strong></span> <span class='ocrx_word' id='word_1_650' title='bbox 3095 2467 3372 2524; x_wconf 74' lang='lat' dir='ltr'><strong>violentiae</strong></span> <span class='ocrx_word' id='word_1_651' title='bbox 3415 2470 3686 2525; x_wconf 86' lang='lat' dir='ltr'><strong>cedemus:</strong></span> <span class='ocrx_word' id='word_1_652' title='bbox 3712 2467 3780 2521; x_wconf 80' lang='lat' dir='ltr'><strong>ubi</strong></span> 
     </span>
    </p>
   </div>
   <div class='ocr_carea' id='block_1_86' title="bbox 2231 2557 3784 2632">
    <p class='ocr_par' dir='ltr' id='par_1_86' title="bbox 2231 2557 3784 2632">
     <span class='ocr_line' id='line_1_86' title="bbox 2231 2557 3784 2632; baseline 0.001 -21"><span class='ocrx_word' id='word_1_653' title='bbox 2231 2563 2411 2611; x_wconf 85' lang='lat' dir='ltr'><strong>autem</strong></span> <span class='ocrx_word' id='word_1_654' title='bbox 2439 2563 2702 2622; x_wconf 71' lang='lat' dir='ltr'><strong>aeternum</strong></span> <span class='ocrx_word' id='word_1_655' title='bbox 2729 2557 3042 2627; x_wconf 91' lang='lat' dir='ltr'><strong>supplicium</strong></span> <span class='ocrx_word' id='word_1_656' title='bbox 3071 2569 3317 2628; x_wconf 87' lang='lat' dir='ltr'><strong>paratur,</strong></span> <span class='ocrx_word' id='word_1_657' title='bbox 3350 2561 3416 2616; x_wconf 89' lang='lat' dir='ltr'><strong>iis</strong></span> <span class='ocrx_word' id='word_1_658' title='bbox 3438 2575 3568 2632; x_wconf 92' lang='lat' dir='ltr'><strong>quos</strong></span> <span class='ocrx_word' id='word_1_659' title='bbox 3591 2574 3686 2615; x_wconf 87' lang='lat' dir='ltr'><strong>non</strong></span> <span class='ocrx_word' id='word_1_660' title='bbox 3705 2573 3784 2612; x_wconf 87' lang='lat' dir='ltr'><strong>no-</strong></span> 
     </span>
    </p>
   </div>
   <div class='ocr_carea' id='block_1_87' title="bbox 2234 2649 3784 2719">
    <p class='ocr_par' dir='ltr' id='par_1_87' title="bbox 2234 2649 3784 2719">
     <span class='ocr_line' id='line_1_87' title="bbox 2234 2649 3784 2719; baseline 0.003 -16"><span class='ocrx_word' id='word_1_661' title='bbox 2234 2657 2378 2716; x_wconf 90' lang='lat' dir='ltr'><strong>runt,</strong></span> <span class='ocrx_word' id='word_1_662' title='bbox 2416 2649 2773 2705; x_wconf 89' lang='lat' dir='ltr'><strong>sacerdotium</strong></span> <span class='ocrx_word' id='word_1_663' title='bbox 2815 2650 3057 2719; x_wconf 85' lang='lat' dir='ltr'><strong>tradunt,</strong></span> <span class='ocrx_word' id='word_1_664' title='bbox 3085 2666 3152 2706; x_wconf 88' lang='lat' dir='ltr'><strong>an</strong></span> <span class='ocrx_word' id='word_1_665' title='bbox 3185 2663 3398 2710; x_wconf 89' lang='lat' dir='ltr'><strong>temere</strong></span> <span class='ocrx_word' id='word_1_666' title='bbox 3425 2663 3480 2710; x_wconf 92' lang='lat' dir='ltr'><strong>et</strong></span> <span class='ocrx_word' id='word_1_667' title='bbox 3508 2654 3784 2717; x_wconf 89' lang='lat' dir='ltr'><strong>inconsulto,</strong></span> 
     </span>
    </p>
   </div>
   <div class='ocr_carea' id='block_1_88' title="bbox 2233 2742 3790 2818">
    <p class='ocr_par' dir='ltr' id='par_1_88' title="bbox 2233 2742 3790 2818">
     <span class='ocr_line' id='line_1_88' title="bbox 2233 2742 3790 2818; baseline 0.003 -23"><span class='ocrx_word' id='word_1_668' title='bbox 2233 2742 2340 2797; x_wconf 92' lang='lat' dir='ltr'><strong>vim</strong></span> <span class='ocrx_word' id='word_1_669' title='bbox 2365 2743 2432 2799; x_wconf 90' lang='lat' dir='ltr'><strong>ab</strong></span> <span class='ocrx_word' id='word_1_670' title='bbox 2457 2742 2575 2798; x_wconf 88' lang='lat' dir='ltr'><strong>aliis</strong></span> <span class='ocrx_word' id='word_1_671' title='bbox 2610 2742 2810 2798; x_wconf 89' lang='lat' dir='ltr'><strong>illatam</strong></span> <span class='ocrx_word' id='word_1_672' title='bbox 2835 2744 3211 2812; x_wconf 90' lang='lat' dir='ltr'><strong>obtendentes,</strong></span> <span class='ocrx_word' id='word_1_673' title='bbox 3246 2747 3302 2802; x_wconf 89' lang='lat' dir='ltr'><strong>in</strong></span> <span class='ocrx_word' id='word_1_674' title='bbox 3327 2756 3533 2803; x_wconf 89' lang='lat' dir='ltr'><strong>tantum</strong></span> <span class='ocrx_word' id='word_1_675' title='bbox 3555 2763 3650 2804; x_wconf 89' lang='lat' dir='ltr'><strong>nos</strong></span> <span class='ocrx_word' id='word_1_676' title='bbox 3675 2746 3790 2818; x_wconf 82' lang='lat' dir='ltr'><strong>peri-</strong></span> 
     </span>
    </p>
   </div>
   <div class='ocr_carea' id='block_1_89' title="bbox 2235 2833 3792 2910">
    <p class='ocr_par' dir='ltr' id='par_1_89' title="bbox 2235 2833 3792 2910">
     <span class='ocr_line' id='line_1_89' title="bbox 2235 2833 3792 2910; baseline 0.001 -20"><span class='ocrx_word' id='word_1_677' title='bbox 2235 2833 2413 2890; x_wconf 89' lang='lat' dir='ltr'><strong>culum</strong></span> <span class='ocrx_word' id='word_1_678' title='bbox 2447 2835 2839 2906; x_wconf 83' lang='lat' dir='ltr'><strong>conjiciemns?</strong></span> <span class='ocrx_word' id='word_1_679' title='bbox 2877 2839 2948 2891; x_wconf 78' lang='lat' dir='ltr'><strong>At</strong></span> <span class='ocrx_word' id='word_1_680' title='bbox 2987 2836 3102 2892; x_wconf 60' lang='lat' dir='ltr'><strong>hac</strong></span> <span class='ocrx_word' id='word_1_681' title='bbox 3131 2852 3244 2893; x_wconf 86' lang='lat' dir='ltr'><strong>non</strong></span> <span class='ocrx_word' id='word_1_682' title='bbox 3279 2840 3528 2895; x_wconf 87' lang='lat' dir='ltr'><strong>tolerabit</strong></span> <span class='ocrx_word' id='word_1_683' title='bbox 3569 2840 3652 2910; x_wconf 85' lang='lat' dir='ltr'><strong>qui</strong></span> <span class='ocrx_word' id='word_1_684' title='bbox 3692 2847 3792 2892; x_wconf 84' lang='lat' dir='ltr'><strong>tunc</strong></span> 
     </span>
    </p>
   </div>
   <div class='ocr_carea' id='block_1_90' title="bbox 2237 2927 3792 3004">
    <p class='ocr_par' dir='ltr' id='par_1_90' title="bbox 2237 2927 3792 3004">
     <span class='ocr_line' id='line_1_90' title="bbox 2237 2927 3792 3004; baseline 0.002 -24"><span class='ocrx_word' id='word_1_685' title='bbox 2237 2941 2333 2982; x_wconf 87' lang='lat' dir='ltr'><strong>nos</strong></span> <span class='ocrx_word' id='word_1_686' title='bbox 2375 2927 2708 2996; x_wconf 89' lang='lat' dir='ltr'><strong>judicaturus</strong></span> <span class='ocrx_word' id='word_1_687' title='bbox 2748 2938 2852 2984; x_wconf 90' lang='lat' dir='ltr'><strong>est.</strong></span> <span class='ocrx_word' id='word_1_688' title='bbox 2892 2928 3181 2999; x_wconf 87' lang='lat' dir='ltr'><strong>Oportebat</strong></span> <span class='ocrx_word' id='word_1_689' title='bbox 3201 2933 3364 2987; x_wconf 76' lang='lat' dir='ltr'><strong>enim</strong></span> <span class='ocrx_word' id='word_1_690' title='bbox 3407 2932 3654 3004; x_wconf 88' lang='lat' dir='ltr'><strong>majorem</strong></span> <span class='ocrx_word' id='word_1_691' title='bbox 3679 2930 3792 2984; x_wconf 82' lang='lat' dir='ltr'><strong>circa</strong></span> 
     </span>
    </p>
   </div>
   <div class='ocr_carea' id='block_1_91' title="bbox 2235 3017 3791 3091">
    <p class='ocr_par' dir='ltr' id='par_1_91' title="bbox 2235 3017 3791 3091">
     <span class='ocr_line' id='line_1_91' title="bbox 2235 3017 3791 3091; baseline 0 -20"><span class='ocrx_word' id='word_1_692' title='bbox 2235 3017 2527 3087; x_wconf 89' lang='lat' dir='ltr'><strong>spiritualia</strong></span> <span class='ocrx_word' id='word_1_693' title='bbox 2557 3021 2878 3088; x_wconf 88' lang='lat' dir='ltr'><strong>cautionem,</strong></span> <span class='ocrx_word' id='word_1_694' title='bbox 2907 3036 3065 3091; x_wconf 90' lang='lat' dir='ltr'><strong>quam</strong></span> <span class='ocrx_word' id='word_1_695' title='bbox 3091 3021 3238 3076; x_wconf 87' lang='lat' dir='ltr'><strong>circa</strong></span> <span class='ocrx_word' id='word_1_696' title='bbox 3271 3025 3512 3078; x_wconf 87' lang='lat' dir='ltr'><strong>carnalia</strong></span> <span class='ocrx_word' id='word_1_697' title='bbox 3537 3021 3791 3078; x_wconf 77' lang='lat' dir='ltr'><strong>exhibere:</strong></span> 
     </span>
    </p>
   </div>
   <div class='ocr_carea' id='block_1_92' title="bbox 2231 3109 3794 3185">
    <p class='ocr_par' dir='ltr' id='par_1_92' title="bbox 2231 3109 3794 3185">
     <span class='ocr_line' id='line_1_92' title="bbox 2231 3109 3794 3185; baseline 0.001 -22"><span class='ocrx_word' id='word_1_698' title='bbox 2231 3109 2343 3180; x_wconf 88' lang='lat' dir='ltr'><strong>jam</strong></span> <span class='ocrx_word' id='word_1_699' title='bbox 2363 3125 2492 3165; x_wconf 88' lang='lat' dir='ltr'><strong>vero</strong></span> <span class='ocrx_word' id='word_1_700' title='bbox 2520 3126 2588 3165; x_wconf 90' lang='lat' dir='ltr'><strong>ne</strong></span> <span class='ocrx_word' id='word_1_701' title='bbox 2612 3126 2794 3182; x_wconf 89' lang='lat' dir='ltr'><strong>parem</strong></span> <span class='ocrx_word' id='word_1_702' title='bbox 2824 3112 3038 3182; x_wconf 90' lang='lat' dir='ltr'><strong>quidem</strong></span> <span class='ocrx_word' id='word_1_703' title='bbox 3065 3113 3332 3169; x_wconf 80' lang='lat' dir='ltr'><strong>exhibere</strong></span> <span class='ocrx_word' id='word_1_704' title='bbox 3359 3112 3794 3185; x_wconf 83' lang='lat' dir='ltr'><strong>deprehendimur.</strong></span> 
     </span>
    </p>
   </div>
   <div class='ocr_carea' id='block_1_93' title="bbox 2235 3203 3800 3276">
    <p class='ocr_par' dir='ltr' id='par_1_93' title="bbox 2235 3203 3800 3276">
     <span class='ocr_line' id='line_1_93' title="bbox 2235 3203 3800 3276; baseline -0.001 -18"><span class='ocrx_word' id='word_1_705' title='bbox 2235 3203 2330 3258; x_wconf 87' lang='lat' dir='ltr'><strong>Dic</strong></span> <span class='ocrx_word' id='word_1_706' title='bbox 2356 3204 2498 3259; x_wconf 89' lang='lat' dir='ltr'><strong>enim</strong></span> <span class='ocrx_word' id='word_1_707' title='bbox 2522 3204 2673 3270; x_wconf 89' lang='lat' dir='ltr'><strong>mihi,</strong></span> <span class='ocrx_word' id='word_1_708' title='bbox 2698 3205 2742 3259; x_wconf 92' lang='lat' dir='ltr'><strong>si</strong></span> <span class='ocrx_word' id='word_1_709' title='bbox 2763 3221 2918 3275; x_wconf 91' lang='lat' dir='ltr'><strong>quem</strong></span> <span class='ocrx_word' id='word_1_710' title='bbox 2949 3207 3202 3276; x_wconf 89' lang='lat' dir='ltr'><strong>suspicati</strong></span> <span class='ocrx_word' id='word_1_711' title='bbox 3230 3206 3448 3264; x_wconf 84' lang='lat' dir='ltr'><strong>fabrum</strong></span> <span class='ocrx_word' id='word_1_712' title='bbox 3475 3223 3612 3273; x_wconf 87' lang='lat' dir='ltr'><strong>esse,</strong></span> <span class='ocrx_word' id='word_1_713' title='bbox 3641 3206 3718 3275; x_wconf 91' lang='lat' dir='ltr'><strong>qui</strong></span> <span class='ocrx_word' id='word_1_714' title='bbox 3739 3214 3800 3258; x_wconf 86' lang='lat' dir='ltr'><strong>ta-</strong></span> 
     </span>
    </p>
   </div>
   <div class='ocr_carea' id='block_1_94' title="bbox 2235 3295 3800 3368">
    <p class='ocr_par' dir='ltr' id='par_1_94' title="bbox 2235 3295 3800 3368">
     <span class='ocr_line' id='line_1_94' title="bbox 2235 3295 3800 3368; baseline -0.001 -18"><span class='ocrx_word' id='word_1_715' title='bbox 2235 3310 2358 3350; x_wconf 91' lang='lat' dir='ltr'><strong>men</strong></span> <span class='ocrx_word' id='word_1_716' title='bbox 2408 3295 2556 3350; x_wconf 89' lang='lat' dir='ltr'><strong>faber</strong></span> <span class='ocrx_word' id='word_1_717' title='bbox 2585 3311 2692 3350; x_wconf 91' lang='lat' dir='ltr'><strong>non</strong></span> <span class='ocrx_word' id='word_1_718' title='bbox 2722 3305 2885 3364; x_wconf 87' lang='lat' dir='ltr'><strong>esset,</strong></span> <span class='ocrx_word' id='word_1_719' title='bbox 2916 3296 2982 3351; x_wconf 89' lang='lat' dir='ltr'><strong>ad</strong></span> <span class='ocrx_word' id='word_1_720' title='bbox 3023 3312 3157 3367; x_wconf 91' lang='lat' dir='ltr'><strong>opus</strong></span> <span class='ocrx_word' id='word_1_721' title='bbox 3183 3314 3536 3366; x_wconf 84' lang='lat' dir='ltr'><strong>vocaremus,</strong></span> <span class='ocrx_word' id='word_1_722' title='bbox 3579 3311 3800 3368; x_wconf 85' lang='lat' dir='ltr'><strong>sequere-</strong></span> 
     </span>
    </p>
   </div>
   <div class='ocr_carea' id='block_1_95' title="bbox 2235 3387 3802 3460">
    <p class='ocr_par' dir='ltr' id='par_1_95' title="bbox 2235 3387 3802 3460">
     <span class='ocr_line' id='line_1_95' title="bbox 2235 3387 3802 3460; baseline -0.003 -18"><span class='ocrx_word' id='word_1_723' title='bbox 2235 3395 2425 3458; x_wconf 82' lang='lat' dir='ltr'><strong>turque</strong></span> <span class='ocrx_word' id='word_1_724' title='bbox 2448 3387 2580 3458; x_wconf 89' lang='lat' dir='ltr'><strong>ipse,</strong></span> <span class='ocrx_word' id='word_1_725' title='bbox 2609 3388 2702 3459; x_wconf 88' lang='lat' dir='ltr'><strong>qui</strong></span> <span class='ocrx_word' id='word_1_726' title='bbox 2728 3403 2917 3444; x_wconf 88' lang='lat' dir='ltr'><strong>manus</strong></span> <span class='ocrx_word' id='word_1_727' title='bbox 2936 3389 3002 3443; x_wconf 92' lang='lat' dir='ltr'><strong>ad</strong></span> <span class='ocrx_word' id='word_1_728' title='bbox 3032 3391 3322 3446; x_wconf 88' lang='lat' dir='ltr'><strong>materiam</strong></span> <span class='ocrx_word' id='word_1_729' title='bbox 3345 3391 3577 3447; x_wconf 66' lang='lat' dir='ltr'><strong>aedificio</strong></span> <span class='ocrx_word' id='word_1_730' title='bbox 3595 3397 3802 3460; x_wconf 87' lang='lat' dir='ltr'><strong>paratam</strong></span> 
     </span>
    </p>
   </div>
   <div class='ocr_carea' id='block_1_96' title="bbox 2236 3479 3802 3553">
    <p class='ocr_par' dir='ltr' id='par_1_96' title="bbox 2236 3479 3802 3553">
     <span class='ocr_line' id='line_1_96' title="bbox 2236 3479 3802 3553; baseline 0 -19"><span class='ocrx_word' id='word_1_731' title='bbox 2236 3480 2546 3544; x_wconf 88' lang='lat' dir='ltr'><strong>admovens,</strong></span> <span class='ocrx_word' id='word_1_732' title='bbox 2577 3480 2739 3550; x_wconf 85' lang='lat' dir='ltr'><strong>ligna,</strong></span> <span class='ocrx_word' id='word_1_733' title='bbox 2771 3481 3079 3552; x_wconf 91' lang='lat' dir='ltr'><strong>lapidesque</strong></span> <span class='ocrx_word' id='word_1_734' title='bbox 3116 3483 3498 3552; x_wconf 88' lang='lat' dir='ltr'><strong>labefactaret,</strong></span> <span class='ocrx_word' id='word_1_735' title='bbox 3528 3484 3700 3553; x_wconf 90' lang='lat' dir='ltr'><strong>sicque</strong></span> <span class='ocrx_word' id='word_1_736' title='bbox 3727 3479 3802 3533; x_wconf 82' lang='lat' dir='ltr'><strong>do-</strong></span> 
     </span>
    </p>
   </div>
   <div class='ocr_carea' id='block_1_97' title="bbox 2235 3571 3805 3642">
    <p class='ocr_par' dir='ltr' id='par_1_97' title="bbox 2235 3571 3805 3642">
     <span class='ocr_line' id='line_1_97' title="bbox 2235 3571 3805 3642; baseline -0.003 -14"><span class='ocrx_word' id='word_1_737' title='bbox 2235 3589 2381 3628; x_wconf 90' lang='lat' dir='ltr'><strong>mum</strong></span> <span class='ocrx_word' id='word_1_738' title='bbox 2408 3582 2761 3639; x_wconf 86' lang='lat' dir='ltr'><strong>construeret,</strong></span> <span class='ocrx_word' id='word_1_739' title='bbox 2802 3583 2858 3628; x_wconf 91' lang='lat' dir='ltr'><strong>ut</strong></span> <span class='ocrx_word' id='word_1_740' title='bbox 2889 3575 3067 3629; x_wconf 88' lang='lat' dir='ltr'><strong>statim</strong></span> <span class='ocrx_word' id='word_1_741' title='bbox 3088 3575 3494 3642; x_wconf 49' lang='lat' dir='ltr'><strong>&#39;collaberetur,</strong></span> <span class='ocrx_word' id='word_1_742' title='bbox 3525 3591 3647 3630; x_wconf 90' lang='lat' dir='ltr'><strong>num</strong></span> <span class='ocrx_word' id='word_1_743' title='bbox 3673 3572 3732 3627; x_wconf 91' lang='lat' dir='ltr'><strong>ad</strong></span> <span class='ocrx_word' id='word_1_744' title='bbox 3755 3571 3805 3624; x_wconf 85' lang='lat' dir='ltr'><strong>il-</strong></span> 
     </span>
    </p>
   </div>
   <div class='ocr_carea' id='block_1_98' title="bbox 2237 3666 3809 3738">
    <p class='ocr_par' dir='ltr' id='par_1_98' title="bbox 2237 3666 3809 3738">
     <span class='ocr_line' id='line_1_98' title="bbox 2237 3666 3809 3738; baseline -0.005 -15"><span class='ocrx_word' id='word_1_745' title='bbox 2237 3667 2338 3723; x_wconf 90' lang='lat' dir='ltr'><strong>lius</strong></span> <span class='ocrx_word' id='word_1_746' title='bbox 2359 3666 2724 3723; x_wconf 84' lang='lat' dir='ltr'><strong>defensionem</strong></span> <span class='ocrx_word' id='word_1_747' title='bbox 2755 3669 2884 3722; x_wconf 89' lang='lat' dir='ltr'><strong>satis</strong></span> <span class='ocrx_word' id='word_1_748' title='bbox 2907 3677 3072 3734; x_wconf 90' lang='lat' dir='ltr'><strong>esset,</strong></span> <span class='ocrx_word' id='word_1_749' title='bbox 3102 3668 3252 3738; x_wconf 90' lang='lat' dir='ltr'><strong>quod</strong></span> <span class='ocrx_word' id='word_1_750' title='bbox 3276 3681 3509 3725; x_wconf 90' lang='lat' dir='ltr'><strong>coactus</strong></span> <span class='ocrx_word' id='word_1_751' title='bbox 3535 3682 3631 3722; x_wconf 89' lang='lat' dir='ltr'><strong>nec</strong></span> <span class='ocrx_word' id='word_1_752' title='bbox 3649 3671 3809 3732; x_wconf 83' lang='lat' dir='ltr'><strong>suopte</strong></span> 
     </span>
    </p>
   </div>
   <div class='ocr_carea' id='block_1_99' title="bbox 2235 3755 3811 3830">
    <p class='ocr_par' dir='ltr' id='par_1_99' title="bbox 2235 3755 3811 3830">
     <span class='ocr_line' id='line_1_99' title="bbox 2235 3755 3811 3830; baseline -0.006 -16"><span class='ocrx_word' id='word_1_753' title='bbox 2235 3771 2385 3814; x_wconf 89' lang='lat' dir='ltr'><strong>motu</strong></span> <span class='ocrx_word' id='word_1_754' title='bbox 2425 3759 2696 3815; x_wconf 83' lang='lat' dir='ltr'><strong>venisset?</strong></span> <span class='ocrx_word' id='word_1_755' title='bbox 2743 3758 3107 3828; x_wconf 86' lang='lat' dir='ltr'><strong>Nequaquam,</strong></span> <span class='ocrx_word' id='word_1_756' title='bbox 3141 3758 3314 3828; x_wconf 85' lang='lat' dir='ltr'><strong>idque</strong></span> <span class='ocrx_word' id='word_1_757' title='bbox 3367 3761 3495 3830; x_wconf 90' lang='lat' dir='ltr'><strong>jure</strong></span> <span class='ocrx_word' id='word_1_758' title='bbox 3525 3774 3588 3814; x_wconf 90' lang='lat' dir='ltr'><strong>ac</strong></span> <span class='ocrx_word' id='word_1_759' title='bbox 3615 3755 3811 3812; x_wconf 88' lang='lat' dir='ltr'><strong>merito:</strong></span> 
     </span>
    </p>
   </div>
   <div class='ocr_carea' id='block_1_100' title="bbox 2235 3847 3813 3921">
    <p class='ocr_par' dir='ltr' id='par_1_100' title="bbox 2235 3847 3813 3921">
     <span class='ocr_line' id='line_1_100' title="bbox 2235 3847 3813 3921; baseline -0.007 -16"><span class='ocrx_word' id='word_1_760' title='bbox 2235 3850 2516 3921; x_wconf 87' lang='lat' dir='ltr'><strong>oportebat</strong></span> <span class='ocrx_word' id='word_1_761' title='bbox 2555 3849 2698 3906; x_wconf 92' lang='lat' dir='ltr'><strong>enim</strong></span> <span class='ocrx_word' id='word_1_762' title='bbox 2728 3851 2888 3905; x_wconf 87' lang='lat' dir='ltr'><strong>etiam</strong></span> <span class='ocrx_word' id='word_1_763' title='bbox 2927 3847 3048 3905; x_wconf 86' lang='lat' dir='ltr'><strong>aliis</strong></span> <span class='ocrx_word' id='word_1_764' title='bbox 3075 3851 3414 3906; x_wconf 86' lang='lat' dir='ltr'><strong>vocantibus</strong></span> <span class='ocrx_word' id='word_1_765' title='bbox 3438 3851 3668 3906; x_wconf 89' lang='lat' dir='ltr'><strong>resilire.</strong></span> <span class='ocrx_word' id='word_1_766' title='bbox 3695 3847 3813 3900; x_wconf 83' lang='lat' dir='ltr'><strong>itane</strong></span> 
     </span>
    </p>
   </div>
   <div class='ocr_carea' id='block_1_101' title="bbox 2236 3935 3817 4012">
    <p class='ocr_par' dir='ltr' id='par_1_101' title="bbox 2236 3935 3817 4012">
     <span class='ocr_line' id='line_1_101' title="bbox 2236 3935 3817 4012; baseline -0.006 -16"><span class='ocrx_word' id='word_1_767' title='bbox 2236 3942 2326 4011; x_wconf 90' lang='lat' dir='ltr'><strong>qui</strong></span> <span class='ocrx_word' id='word_1_768' title='bbox 2357 3942 2492 4012; x_wconf 89' lang='lat' dir='ltr'><strong>ligna</strong></span> <span class='ocrx_word' id='word_1_769' title='bbox 2519 3951 2573 3995; x_wconf 91' lang='lat' dir='ltr'><strong>et</strong></span> <span class='ocrx_word' id='word_1_770' title='bbox 2600 3941 2801 4012; x_wconf 90' lang='lat' dir='ltr'><strong>lapides</strong></span> <span class='ocrx_word' id='word_1_771' title='bbox 2846 3941 3202 4008; x_wconf 88' lang='lat' dir='ltr'><strong>labefactavit,</strong></span> <span class='ocrx_word' id='word_1_772' title='bbox 3237 3943 3466 3998; x_wconf 88' lang='lat' dir='ltr'><strong>debitas</strong></span> <span class='ocrx_word' id='word_1_773' title='bbox 3493 3953 3676 4012; x_wconf 76' lang='lat' dir='ltr'><strong>pmnas</strong></span> <span class='ocrx_word' id='word_1_774' title='bbox 3698 3935 3817 3992; x_wconf 91' lang='lat' dir='ltr'><strong>nullo</strong></span> 
     </span>
    </p>
   </div>
   <div class='ocr_carea' id='block_1_102' title="bbox 2237 4030 3817 4103">
    <p class='ocr_par' dir='ltr' id='par_1_102' title="bbox 2237 4030 3817 4103">
     <span class='ocr_line' id='line_1_102' title="bbox 2237 4030 3817 4103; baseline -0.004 -17"><span class='ocrx_word' id='word_1_775' title='bbox 2237 4030 2399 4086; x_wconf 90' lang='lat' dir='ltr'><strong>modo</strong></span> <span class='ocrx_word' id='word_1_776' title='bbox 2426 4031 2663 4102; x_wconf 83' lang='lat' dir='ltr'><strong>effugiat,</strong></span> <span class='ocrx_word' id='word_1_777' title='bbox 2706 4031 2798 4102; x_wconf 90' lang='lat' dir='ltr'><strong>qui</strong></span> <span class='ocrx_word' id='word_1_778' title='bbox 2837 4041 3014 4087; x_wconf 90' lang='lat' dir='ltr'><strong>autem</strong></span> <span class='ocrx_word' id='word_1_779' title='bbox 3054 4033 3269 4087; x_wconf 88' lang='lat' dir='ltr'><strong>animas</strong></span> <span class='ocrx_word' id='word_1_780' title='bbox 3303 4033 3630 4103; x_wconf 81' lang='lat' dir='ltr'><strong>pendiderit,</strong></span> <span class='ocrx_word' id='word_1_781' title='bbox 3658 4044 3715 4083; x_wconf 88' lang='lat' dir='ltr'><strong>ac</strong></span> <span class='ocrx_word' id='word_1_782' title='bbox 3737 4041 3817 4082; x_wconf 82' lang='lat' dir='ltr'><strong>ne-</strong></span> 
     </span>
    </p>
   </div>
   <div class='ocr_carea' id='block_1_103' title="bbox 2236 4120 3821 4195">
    <p class='ocr_par' dir='ltr' id='par_1_103' title="bbox 2236 4120 3821 4195">
     <span class='ocr_line' id='line_1_103' title="bbox 2236 4120 3821 4195; baseline -0.004 -17"><span class='ocrx_word' id='word_1_783' title='bbox 2236 4123 2498 4193; x_wconf 87' lang='lat' dir='ltr'><strong>gligenter</strong></span> <span class='ocrx_word' id='word_1_784' title='bbox 2517 4122 2882 4190; x_wconf 71' lang='lat' dir='ltr'><strong>aedificaverit,</strong></span> <span class='ocrx_word' id='word_1_785' title='bbox 2913 4124 3018 4178; x_wconf 91' lang='lat' dir='ltr'><strong>vim</strong></span> <span class='ocrx_word' id='word_1_786' title='bbox 3044 4124 3144 4180; x_wconf 87' lang='lat' dir='ltr'><strong>sibi</strong></span> <span class='ocrx_word' id='word_1_787' title='bbox 3177 4125 3399 4182; x_wconf 83' lang='lat' dir='ltr'><strong>illatam</strong></span> <span class='ocrx_word' id='word_1_788' title='bbox 3428 4127 3504 4181; x_wconf 85' lang='lat' dir='ltr'><strong>ad</strong></span> <span class='ocrx_word' id='word_1_789' title='bbox 3533 4120 3821 4195; x_wconf 85' lang='lat' dir='ltr'><strong>supplicium</strong></span> 
     </span>
    </p>
   </div>
   <div class='ocr_carea' id='block_1_104' title="bbox 2237 4213 3819 4288">
    <p class='ocr_par' dir='ltr' id='par_1_104' title="bbox 2237 4213 3819 4288">
     <span class='ocr_line' id='line_1_104' title="bbox 2237 4213 3819 4288; baseline -0.005 -18"><span class='ocrx_word' id='word_1_790' title='bbox 2237 4213 2611 4270; x_wconf 90' lang='lat' dir='ltr'><strong>declinandum</strong></span> <span class='ocrx_word' id='word_1_791' title='bbox 2635 4215 2736 4271; x_wconf 90' lang='lat' dir='ltr'><strong>sibi</strong></span> <span class='ocrx_word' id='word_1_792' title='bbox 2764 4215 2896 4270; x_wconf 88' lang='lat' dir='ltr'><strong>satis</strong></span> <span class='ocrx_word' id='word_1_793' title='bbox 2917 4230 3038 4271; x_wconf 89' lang='lat' dir='ltr'><strong>esse</strong></span> <span class='ocrx_word' id='word_1_794' title='bbox 3069 4217 3328 4285; x_wconf 83' lang='lat' dir='ltr'><strong>putabit?</strong></span> <span class='ocrx_word' id='word_1_795' title='bbox 3358 4216 3639 4288; x_wconf 89' lang='lat' dir='ltr'><strong>quomodo</strong></span> <span class='ocrx_word' id='word_1_796' title='bbox 3668 4215 3716 4269; x_wconf 91' lang='lat' dir='ltr'><strong>id</strong></span> <span class='ocrx_word' id='word_1_797' title='bbox 3736 4226 3819 4266; x_wconf 88' lang='lat' dir='ltr'><strong>non</strong></span> 
     </span>
    </p>
   </div>
   <div class='ocr_carea' id='block_1_105' title="bbox 2237 4307 3826 4380">
    <p class='ocr_par' dir='ltr' id='par_1_105' title="bbox 2237 4307 3826 4380">
     <span class='ocr_line' id='line_1_105' title="bbox 2237 4307 3826 4380; baseline -0.003 -17"><span class='ocrx_word' id='word_1_798' title='bbox 2237 4308 2524 4364; x_wconf 92' lang='lat' dir='ltr'><strong>admodum</strong></span> <span class='ocrx_word' id='word_1_799' title='bbox 2551 4308 2790 4379; x_wconf 91' lang='lat' dir='ltr'><strong>ineptum</strong></span> <span class='ocrx_word' id='word_1_800' title='bbox 2822 4308 3020 4363; x_wconf 83' lang='lat' dir='ltr'><strong>fuerit?</strong></span> <span class='ocrx_word' id='word_1_801' title='bbox 3047 4307 3310 4365; x_wconf 90' lang='lat' dir='ltr'><strong>Nondum</strong></span> <span class='ocrx_word' id='word_1_802' title='bbox 3343 4313 3500 4366; x_wconf 91' lang='lat' dir='ltr'><strong>enim</strong></span> <span class='ocrx_word' id='word_1_803' title='bbox 3523 4310 3730 4380; x_wconf 89' lang='lat' dir='ltr'><strong>adjicio,</strong></span> <span class='ocrx_word' id='word_1_804' title='bbox 3750 4320 3826 4360; x_wconf 85' lang='lat' dir='ltr'><strong>no-</strong></span> 
     </span>
    </p>
   </div>
   <div class='ocr_carea' id='block_1_106' title="bbox 2237 4399 3824 4470">
    <p class='ocr_par' dir='ltr' id='par_1_106' title="bbox 2237 4399 3824 4470">
     <span class='ocr_line' id='line_1_106' title="bbox 2237 4399 3824 4470; baseline -0.004 -14"><span class='ocrx_word' id='word_1_805' title='bbox 2237 4399 2436 4456; x_wconf 89' lang='lat' dir='ltr'><strong>lentem</strong></span> <span class='ocrx_word' id='word_1_806' title='bbox 2463 4415 2493 4454; x_wconf 91' lang='lat' dir='ltr'><strong>a</strong></span> <span class='ocrx_word' id='word_1_807' title='bbox 2524 4399 2736 4454; x_wconf 90' lang='lat' dir='ltr'><strong>nemine</strong></span> <span class='ocrx_word' id='word_1_808' title='bbox 2762 4400 3007 4469; x_wconf 91' lang='lat' dir='ltr'><strong>compelli</strong></span> <span class='ocrx_word' id='word_1_809' title='bbox 3035 4414 3216 4469; x_wconf 89' lang='lat' dir='ltr'><strong>posse.</strong></span> <span class='ocrx_word' id='word_1_810' title='bbox 3247 4400 3370 4458; x_wconf 88' lang='lat' dir='ltr'><strong>Sed</strong></span> <span class='ocrx_word' id='word_1_811' title='bbox 3400 4412 3548 4465; x_wconf 87' lang='lat' dir='ltr'><strong>esto.</strong></span> <span class='ocrx_word' id='word_1_812' title='bbox 3588 4403 3824 4470; x_wconf 85' lang='lat' dir='ltr'><strong>ingentem</strong></span> 
     </span>
    </p>
   </div>
   <div class='ocr_carea' id='block_1_107' title="bbox 2225 4485 3830 4568">
    <p class='ocr_par' dir='ltr' id='par_1_107' title="bbox 2225 4485 3830 4568">
     <span class='ocr_line' id='line_1_107' title="bbox 2225 4485 3830 4568; baseline -0.002 -20"><span class='ocrx_word' id='word_1_813' title='bbox 2225 4485 2346 4549; x_wconf 84' lang='lat' dir='ltr'><strong>vim</strong></span> <span class='ocrx_word' id='word_1_814' title='bbox 2377 4506 2565 4565; x_wconf 89' lang='lat' dir='ltr'><strong>passus</strong></span> <span class='ocrx_word' id='word_1_815' title='bbox 2589 4494 2682 4563; x_wconf 90' lang='lat' dir='ltr'><strong>sit,</strong></span> <span class='ocrx_word' id='word_1_816' title='bbox 2713 4492 3080 4563; x_wconf 78' lang='lat' dir='ltr'><strong>machinisque</strong></span> <span class='ocrx_word' id='word_1_817' title='bbox 3123 4495 3301 4550; x_wconf 88' lang='lat' dir='ltr'><strong>variis</strong></span> <span class='ocrx_word' id='word_1_818' title='bbox 3331 4497 3624 4568; x_wconf 87' lang='lat' dir='ltr'><strong>impetitus</strong></span> <span class='ocrx_word' id='word_1_819' title='bbox 3647 4489 3830 4550; x_wconf 84' lang='lat' dir='ltr'><strong>decide-</strong></span> 
     </span>
    </p>
   </div>
   <div class='ocr_carea' id='block_1_108' title="bbox 2241 4585 3828 4655">
    <p class='ocr_par' dir='ltr' id='par_1_108' title="bbox 2241 4585 3828 4655">
     <span class='ocr_line' id='line_1_108' title="bbox 2241 4585 3828 4655; baseline -0.001 -16"><span class='ocrx_word' id='word_1_820' title='bbox 2241 4585 2346 4639; x_wconf 83' lang='lat' dir='ltr'><strong>rit:</strong></span> <span class='ocrx_word' id='word_1_821' title='bbox 2379 4600 2445 4638; x_wconf 91' lang='lat' dir='ltr'><strong>an</strong></span> <span class='ocrx_word' id='word_1_822' title='bbox 2472 4585 2572 4640; x_wconf 92' lang='lat' dir='ltr'><strong>hoc</strong></span> <span class='ocrx_word' id='word_1_823' title='bbox 2600 4585 2751 4639; x_wconf 89' lang='lat' dir='ltr'><strong>illum</strong></span> <span class='ocrx_word' id='word_1_824' title='bbox 2787 4585 3051 4655; x_wconf 90' lang='lat' dir='ltr'><strong>supplicio</strong></span> <span class='ocrx_word' id='word_1_825' title='bbox 3075 4585 3332 4644; x_wconf 76' lang='lat' dir='ltr'><strong>eximet?</strong></span> <span class='ocrx_word' id='word_1_826' title='bbox 3363 4588 3470 4653; x_wconf 86' lang='lat' dir='ltr'><strong>Ne,</strong></span> <span class='ocrx_word' id='word_1_827' title='bbox 3505 4587 3748 4648; x_wconf 88' lang='lat' dir='ltr'><strong>obsecro,</strong></span> <span class='ocrx_word' id='word_1_828' title='bbox 3777 4593 3828 4633; x_wconf 79' lang='lat' dir='ltr'><strong>ne</strong></span> 
     </span>
    </p>
   </div>
   <div class='ocr_carea' id='block_1_109' title="bbox 2241 4671 3831 4751">
    <p class='ocr_par' dir='ltr' id='par_1_109' title="bbox 2241 4671 3831 4751">
     <span class='ocr_line' id='line_1_109' title="bbox 2241 4671 3831 4751; baseline -0.003 -19"><span class='ocrx_word' id='word_1_829' title='bbox 2241 4690 2475 4747; x_wconf 90' lang='lat' dir='ltr'><strong>eousque</strong></span> <span class='ocrx_word' id='word_1_830' title='bbox 2503 4690 2602 4730; x_wconf 86' lang='lat' dir='ltr'><strong>nos</strong></span> <span class='ocrx_word' id='word_1_831' title='bbox 2631 4677 2776 4745; x_wconf 90' lang='lat' dir='ltr'><strong>ipsos</strong></span> <span class='ocrx_word' id='word_1_832' title='bbox 2798 4676 3165 4748; x_wconf 88' lang='lat' dir='ltr'><strong>decipiamus;</strong></span> <span class='ocrx_word' id='word_1_833' title='bbox 3211 4693 3293 4733; x_wconf 87' lang='lat' dir='ltr'><strong>ne</strong></span> <span class='ocrx_word' id='word_1_834' title='bbox 3341 4695 3457 4735; x_wconf 91' lang='lat' dir='ltr'><strong>nos</strong></span> <span class='ocrx_word' id='word_1_835' title='bbox 3489 4679 3737 4751; x_wconf 85' lang='lat' dir='ltr'><strong>ignorare</strong></span> <span class='ocrx_word' id='word_1_836' title='bbox 3777 4671 3831 4728; x_wconf 81' lang='lat' dir='ltr'><strong>si-</strong></span> 
     </span>
    </p>
   </div>
   <div class='ocr_carea' id='block_1_110' title="bbox 2241 4767 3826 4840">
    <p class='ocr_par' dir='ltr' id='par_1_110' title="bbox 2241 4767 3826 4840">
     <span class='ocr_line' id='line_1_110' title="bbox 2241 4767 3826 4840; baseline 0.001 -18"><span class='ocrx_word' id='word_1_837' title='bbox 2241 4768 2501 4822; x_wconf 88' lang='lat' dir='ltr'><strong>mulemus</strong></span> <span class='ocrx_word' id='word_1_838' title='bbox 2521 4781 2606 4832; x_wconf 89' lang='lat' dir='ltr'><strong>ea,</strong></span> <span class='ocrx_word' id='word_1_839' title='bbox 2629 4782 2747 4836; x_wconf 79' lang='lat' dir='ltr'><strong>qua:</strong></span> <span class='ocrx_word' id='word_1_840' title='bbox 2766 4768 2849 4822; x_wconf 86' lang='lat' dir='ltr'><strong>vel</strong></span> <span class='ocrx_word' id='word_1_841' title='bbox 2871 4769 3104 4836; x_wconf 85' lang='lat' dir='ltr'><strong>puerulis</strong></span> <span class='ocrx_word' id='word_1_842' title='bbox 3133 4779 3268 4823; x_wconf 91' lang='lat' dir='ltr'><strong>nota</strong></span> <span class='ocrx_word' id='word_1_843' title='bbox 3290 4780 3453 4825; x_wconf 86' lang='lat' dir='ltr'><strong>sunt.</strong></span> <span class='ocrx_word' id='word_1_844' title='bbox 3487 4771 3678 4840; x_wconf 86' lang='lat' dir='ltr'><strong>Neque</strong></span> <span class='ocrx_word' id='word_1_845' title='bbox 3694 4767 3826 4824; x_wconf 84' lang='lat' dir='ltr'><strong>enim.</strong></span> 
     </span>
    </p>
   </div>
   <div class='ocr_carea' id='block_1_111' title="bbox 2243 4860 3834 4934">
    <p class='ocr_par' dir='ltr' id='par_1_111' title="bbox 2243 4860 3834 4934">
     <span class='ocr_line' id='line_1_111' title="bbox 2243 4860 3834 4934; baseline 0 -19"><span class='ocrx_word' id='word_1_846' title='bbox 2243 4861 2334 4916; x_wconf 88' lang='lat' dir='ltr'><strong>ubi</strong></span> <span class='ocrx_word' id='word_1_847' title='bbox 2376 4862 2607 4916; x_wconf 89' lang='lat' dir='ltr'><strong>rationes</strong></span> <span class='ocrx_word' id='word_1_848' title='bbox 2640 4861 2933 4916; x_wconf 63' lang='lat' dir='ltr'><strong>reddendae</strong></span> <span class='ocrx_word' id='word_1_849' title='bbox 2971 4871 3145 4928; x_wconf 85' lang='lat' dir='ltr'><strong>erunt,</strong></span> <span class='ocrx_word' id='word_1_850' title='bbox 3205 4864 3562 4934; x_wconf 75' lang='lat' dir='ltr'><strong>ignorantiae</strong></span> <span class='ocrx_word' id='word_1_851' title='bbox 3601 4860 3834 4922; x_wconf 83' lang='lat' dir='ltr'><strong>simulatio</strong></span> 
     </span>
    </p>
   </div>
   <div class='ocr_carea' id='block_1_112' title="bbox 2242 4952 3837 5028">
    <p class='ocr_par' dir='ltr' id='par_1_112' title="bbox 2242 4952 3837 5028">
     <span class='ocr_line' id='line_1_112' title="bbox 2242 4952 3837 5028; baseline -0.001 -22"><span class='ocrx_word' id='word_1_852' title='bbox 2242 4952 2396 5007; x_wconf 92' lang='lat' dir='ltr'><strong>nobis</strong></span> <span class='ocrx_word' id='word_1_853' title='bbox 2434 4952 2688 5024; x_wconf 90' lang='lat' dir='ltr'><strong>prodesse</strong></span> <span class='ocrx_word' id='word_1_854' title='bbox 2718 4953 2931 5023; x_wconf 88' lang='lat' dir='ltr'><strong>poterit.</strong></span> <span class='ocrx_word' id='word_1_855' title='bbox 2963 4953 3346 5023; x_wconf 85' lang='lat' dir='ltr'><strong>Principatum</strong></span> <span class='ocrx_word' id='word_1_856' title='bbox 3393 4957 3711 5028; x_wconf 88' lang='lat' dir='ltr'><strong>hujusmodi</strong></span> <span class='ocrx_word' id='word_1_857' title='bbox 3752 4966 3837 5005; x_wconf 82' lang='lat' dir='ltr'><strong>nou</strong></span> 
     </span>
    </p>
   </div>
   <div class='ocr_carea' id='block_1_113' title="bbox 2241 5044 3842 5121">
    <p class='ocr_par' dir='ltr' id='par_1_113' title="bbox 2241 5044 3842 5121">
     <span class='ocr_line' id='line_1_113' title="bbox 2241 5044 3842 5121; baseline -0.001 -24"><span class='ocrx_word' id='word_1_858' title='bbox 2241 5044 2355 5113; x_wconf 86' lang='lat' dir='ltr'><strong>ipse</strong></span> <span class='ocrx_word' id='word_1_859' title='bbox 2384 5044 2648 5099; x_wconf 91' lang='lat' dir='ltr'><strong>ambivisti</strong></span> <span class='ocrx_word' id='word_1_860' title='bbox 2696 5045 3072 5100; x_wconf 86' lang='lat' dir='ltr'><strong>imbecillitatis</strong></span> <span class='ocrx_word' id='word_1_861' title='bbox 3104 5054 3209 5100; x_wconf 71' lang='lat' dir='ltr'><strong>tuae</strong></span> <span class='ocrx_word' id='word_1_862' title='bbox 3263 5049 3585 5105; x_wconf 84' lang='lat' dir='ltr'><strong>conscius?</strong></span> <span class='ocrx_word' id='word_1_863' title='bbox 3617 5045 3772 5121; x_wconf 88' lang='lat' dir='ltr'><strong>probe</strong></span> <span class='ocrx_word' id='word_1_864' title='bbox 3798 5049 3842 5096; x_wconf 88' lang='lat' dir='ltr'><strong>et</strong></span> 
     </span>
    </p>
   </div>
   <div class='ocr_carea' id='block_1_114' title="bbox 2243 5133 3844 5207">
    <p class='ocr_par' dir='ltr' id='par_1_114' title="bbox 2243 5133 3844 5207">
     <span class='ocr_line' id='line_1_114' title="bbox 2243 5133 3844 5207; baseline -0.005 -16"><span class='ocrx_word' id='word_1_865' title='bbox 2243 5136 2443 5205; x_wconf 88' lang='lat' dir='ltr'><strong>optime</strong></span> <span class='ocrx_word' id='word_1_866' title='bbox 2493 5135 2642 5191; x_wconf 88' lang='lat' dir='ltr'><strong>illud.</strong></span> <span class='ocrx_word' id='word_1_867' title='bbox 2693 5134 2985 5206; x_wconf 85' lang='lat' dir='ltr'><strong>Oportebat</strong></span> <span class='ocrx_word' id='word_1_868' title='bbox 3029 5151 3176 5207; x_wconf 88' lang='lat' dir='ltr'><strong>ergo,</strong></span> <span class='ocrx_word' id='word_1_869' title='bbox 3224 5153 3367 5194; x_wconf 89' lang='lat' dir='ltr'><strong>cum</strong></span> <span class='ocrx_word' id='word_1_870' title='bbox 3401 5141 3460 5195; x_wconf 91' lang='lat' dir='ltr'><strong>id</strong></span> <span class='ocrx_word' id='word_1_871' title='bbox 3505 5149 3657 5196; x_wconf 89' lang='lat' dir='ltr'><strong>esset</strong></span> <span class='ocrx_word' id='word_1_872' title='bbox 3683 5133 3844 5192; x_wconf 86' lang='lat' dir='ltr'><strong>animi,</strong></span> 
     </span>
    </p>
   </div>
   <div class='ocr_carea' id='block_1_115' title="bbox 2243 5228 3845 5290">
    <p class='ocr_par' dir='ltr' id='par_1_115' title="bbox 2243 5228 3845 5290">
     <span class='ocr_line' id='line_1_115' title="bbox 2243 5228 3845 5290; baseline -0.001 -6"><span class='ocrx_word' id='word_1_873' title='bbox 2243 5229 2402 5284; x_wconf 89' lang='lat' dir='ltr'><strong>etiam</strong></span> <span class='ocrx_word' id='word_1_874' title='bbox 2428 5229 2548 5284; x_wconf 86' lang='lat' dir='ltr'><strong>aliis</strong></span> <span class='ocrx_word' id='word_1_875' title='bbox 2572 5228 2881 5284; x_wconf 90' lang='lat' dir='ltr'><strong>vocantibus</strong></span> <span class='ocrx_word' id='word_1_876' title='bbox 2903 5228 3130 5283; x_wconf 90' lang='lat' dir='ltr'><strong>resilire.</strong></span> <span class='ocrx_word' id='word_1_877' title='bbox 3153 5229 3245 5283; x_wconf 79' lang='lat' dir='ltr'><strong>An</strong></span> <span class='ocrx_word' id='word_1_878' title='bbox 3270 5246 3413 5288; x_wconf 88' lang='lat' dir='ltr'><strong>cum</strong></span> <span class='ocrx_word' id='word_1_879' title='bbox 3443 5248 3614 5290; x_wconf 90' lang='lat' dir='ltr'><strong>nemo</strong></span> <span class='ocrx_word' id='word_1_880' title='bbox 3633 5234 3845 5286; x_wconf 67' lang='lat' dir='ltr'><strong>vocaret.</strong></span> 
     </span>
    </p>
   </div>
   <div class='ocr_carea' id='block_1_116' title="bbox 2245 5319 3848 5393">
    <p class='ocr_par' dir='ltr' id='par_1_116' title="bbox 2245 5319 3848 5393">
     <span class='ocr_line' id='line_1_116' title="bbox 2245 5319 3848 5393; baseline -0.002 -16"><span class='ocrx_word' id='word_1_881' title='bbox 2245 5320 2487 5377; x_wconf 85' lang='lat' dir='ltr'><strong>infirmus</strong></span> <span class='ocrx_word' id='word_1_882' title='bbox 2522 5329 2577 5376; x_wconf 93' lang='lat' dir='ltr'><strong>et</strong></span> <span class='ocrx_word' id='word_1_883' title='bbox 2605 5335 2710 5376; x_wconf 94' lang='lat' dir='ltr'><strong>non</strong></span> <span class='ocrx_word' id='word_1_884' title='bbox 2743 5319 2967 5374; x_wconf 89' lang='lat' dir='ltr'><strong>idoneus</strong></span> <span class='ocrx_word' id='word_1_885' title='bbox 2995 5333 3136 5386; x_wconf 89' lang='lat' dir='ltr'><strong>eras,</strong></span> <span class='ocrx_word' id='word_1_886' title='bbox 3183 5323 3392 5378; x_wconf 82' lang='lat' dir='ltr'><strong>statim</strong></span> <span class='ocrx_word' id='word_1_887' title='bbox 3424 5340 3566 5380; x_wconf 81' lang='lat' dir='ltr'><strong>vero</strong></span> <span class='ocrx_word' id='word_1_888' title='bbox 3595 5333 3752 5393; x_wconf 78' lang='lat' dir='ltr'><strong>atque</strong></span> <span class='ocrx_word' id='word_1_889' title='bbox 3777 5331 3848 5370; x_wconf 84' lang='lat' dir='ltr'><strong>re-</strong></span> 
     </span>
    </p>
   </div>
   <div class='ocr_carea' id='block_1_117' title="bbox 2245 5408 3852 5482">
    <p class='ocr_par' dir='ltr' id='par_1_117' title="bbox 2245 5408 3852 5482">
     <span class='ocr_line' id='line_1_117' title="bbox 2245 5408 3852 5482; baseline -0.001 -15"><span class='ocrx_word' id='word_1_890' title='bbox 2245 5413 2386 5482; x_wconf 88' lang='lat' dir='ltr'><strong>perti</strong></span> <span class='ocrx_word' id='word_1_891' title='bbox 2427 5420 2551 5467; x_wconf 88' lang='lat' dir='ltr'><strong>sunt</strong></span> <span class='ocrx_word' id='word_1_892' title='bbox 2572 5411 2660 5481; x_wconf 90' lang='lat' dir='ltr'><strong>qui</strong></span> <span class='ocrx_word' id='word_1_893' title='bbox 2704 5410 2849 5465; x_wconf 85' lang='lat' dir='ltr'><strong>hunc</strong></span> <span class='ocrx_word' id='word_1_894' title='bbox 2879 5410 2972 5466; x_wconf 90' lang='lat' dir='ltr'><strong>tibi</strong></span> <span class='ocrx_word' id='word_1_895' title='bbox 3003 5409 3279 5467; x_wconf 87' lang='lat' dir='ltr'><strong>honorem</strong></span> <span class='ocrx_word' id='word_1_896' title='bbox 3310 5415 3668 5482; x_wconf 87' lang='lat' dir='ltr'><strong>conferrent,</strong></span> <span class='ocrx_word' id='word_1_897' title='bbox 3696 5408 3852 5469; x_wconf 79' lang='lat' dir='ltr'><strong>statim</strong></span> 
     </span>
    </p>
   </div>
   <div class='ocr_carea' id='block_1_118' title="bbox 2241 5501 3853 5582">
    <p class='ocr_par' dir='ltr' id='par_1_118' title="bbox 2241 5501 3853 5582">
     <span class='ocr_line' id='line_1_118' title="bbox 2241 5501 3853 5582; baseline 0 -24"><span class='ocrx_word' id='word_1_898' title='bbox 2241 5501 2400 5558; x_wconf 85' lang='lat' dir='ltr'><strong>fortis</strong></span> <span class='ocrx_word' id='word_1_899' title='bbox 2425 5503 2643 5559; x_wconf 78' lang='lat' dir='ltr'><strong>effectus</strong></span> <span class='ocrx_word' id='word_1_900' title='bbox 2672 5501 2770 5557; x_wconf 82' lang='lat' dir='ltr'><strong>es?</strong></span> <span class='ocrx_word' id='word_1_901' title='bbox 2798 5501 2925 5557; x_wconf 72' lang='lat' dir='ltr'><strong>limo</strong></span> <span class='ocrx_word' id='word_1_902' title='bbox 2962 5502 3073 5557; x_wconf 89' lang='lat' dir='ltr'><strong>risu</strong></span> <span class='ocrx_word' id='word_1_903' title='bbox 3100 5502 3273 5572; x_wconf 87' lang='lat' dir='ltr'><strong>digna</strong></span> <span class='ocrx_word' id='word_1_904' title='bbox 3316 5517 3380 5562; x_wconf 89' lang='lat' dir='ltr'><strong>et</strong></span> <span class='ocrx_word' id='word_1_905' title='bbox 3413 5527 3581 5582; x_wconf 73' lang='lat' dir='ltr'><strong>mth</strong></span> <span class='ocrx_word' id='word_1_906' title='bbox 3609 5518 3752 5571; x_wconf 83' lang='lat' dir='ltr'><strong>sunt,</strong></span> <span class='ocrx_word' id='word_1_907' title='bbox 3776 5519 3853 5558; x_wconf 77' lang='lat' dir='ltr'><strong>ex-</strong></span> 
     </span>
    </p>
   </div>
   <div class='ocr_carea' id='block_1_119' title="bbox 2248 5594 3856 5670">
    <p class='ocr_par' dir='ltr' id='par_1_119' title="bbox 2248 5594 3856 5670">
     <span class='ocr_line' id='line_1_119' title="bbox 2248 5594 3856 5670; baseline -0.001 -20"><span class='ocrx_word' id='word_1_908' title='bbox 2248 5605 2525 5664; x_wconf 84' lang='lat' dir='ltr'><strong>tremoque</strong></span> <span class='ocrx_word' id='word_1_909' title='bbox 2552 5594 2814 5664; x_wconf 88' lang='lat' dir='ltr'><strong>supplicio</strong></span> <span class='ocrx_word' id='word_1_910' title='bbox 2834 5595 3012 5666; x_wconf 89' lang='lat' dir='ltr'><strong>digna.</strong></span> <span class='ocrx_word' id='word_1_911' title='bbox 3037 5595 3166 5651; x_wconf 86' lang='lat' dir='ltr'><strong>Nam</strong></span> <span class='ocrx_word' id='word_1_912' title='bbox 3203 5611 3523 5670; x_wconf 76' lang='lat' dir='ltr'><strong>propterea</strong></span> <span class='ocrx_word' id='word_1_913' title='bbox 3557 5610 3738 5660; x_wconf 87' lang='lat' dir='ltr'><strong>monet</strong></span> <span class='ocrx_word' id='word_1_914' title='bbox 3766 5599 3856 5651; x_wconf 85' lang='lat' dir='ltr'><strong>Do-</strong></span> 
     </span>
    </p>
   </div>
   <div class='ocr_carea' id='block_1_120' title="bbox 2249 5686 3859 5760">
    <p class='ocr_par' dir='ltr' id='par_1_120' title="bbox 2249 5686 3859 5760">
     <span class='ocr_line' id='line_1_120' title="bbox 2249 5686 3859 5760; baseline 0.002 -15"><span class='ocrx_word' id='word_1_915' title='bbox 2249 5689 2427 5746; x_wconf 90' lang='lat' dir='ltr'><strong>minus</strong></span> <span class='ocrx_word' id='word_1_916' title='bbox 2463 5686 2608 5760; x_wconf 84' lang='lat' dir='ltr'><strong>(Luc.</strong></span> <span class='ocrx_word' id='word_1_917' title='bbox 2660 5687 2743 5744; x_wconf 70' lang='lat' dir='ltr'><strong>l4.</strong></span> <span class='ocrx_word' id='word_1_918' title='bbox 2783 5686 2899 5758; x_wconf 65' lang='grc' dir='ltr'><strong>εδ),</strong></span> <span class='ocrx_word' id='word_1_919' title='bbox 2948 5702 3016 5744; x_wconf 91' lang='lat' dir='ltr'><strong>ne</strong></span> <span class='ocrx_word' id='word_1_920' title='bbox 3060 5688 3148 5760; x_wconf 90' lang='lat' dir='ltr'><strong>qui</strong></span> <span class='ocrx_word' id='word_1_921' title='bbox 3197 5694 3414 5750; x_wconf 90' lang='lat' dir='ltr'><strong>turrim</strong></span> <span class='ocrx_word' id='word_1_922' title='bbox 3450 5700 3571 5756; x_wconf 83' lang='lat' dir='ltr'><strong>vult</strong></span> <span class='ocrx_word' id='word_1_923' title='bbox 3617 5694 3859 5755; x_wconf 68' lang='lat' dir='ltr'><strong>aedificare</strong></span> 
     </span>
    </p>
   </div>
  </div>
