3944 6202
283 345 378 400 665

281 462 416 530 prius
439 457 599 528 jaciat
641 454 1061 519 fundamentum,
1088 465 1244 522 quam
1271 448 1413 503 vires
1454 459 1580 501 suas
1601 441 1848 512 explora-

281 551 424 612 verit,
454 566 520 604 ne
543 545 986 619 praetereuntibus
1004 549 1292 600 sescentas.
1302 535 1508 593 ridendi
1533 547 1689 588 ansas
1715 546 1853 600 pra:-

280 644 412 696 bcat.
453 642 525 695 At
551 639 692 694 illius
718 635 932 708 quidem
973 635 1178 705 jactura
1206 631 1318 686 sola
1357 626 1625 684 derisione
1671 620 1852 677 termi-

279 746 464 798 natur;
505 732 589 786 hic
617 745 744 784 vero
789 724 1105 800 supplicium
1148 733 1231 780 est
1262 721 1393 792 ignis
1433 711 1852 786 inexstinguibilis

280 823 486 894 (Matth.
520 825 574 877 3.
599 822 712 891 12),
743 819 940 874 vermis
966 817 1055 887 qui
1083 831 1188 870 non
1227 812 1470 871 moritur,
1498 807 1698 863 stridor
1723 805 1853 859 den-

282 916 430 977 tium,
462 912 700 966 tenebrae
727 908 1039 963 exteriores.
1071 901 1348 963 dissecari.
1382 901 1434 953 in
1457 895 1852 966 bypocritarnm

277 1009 502 1050 numero
522 993 782 1048 constitui
804 990 962 1060 (Isai.
983 991 1071 1046 66.
1085 992 1174 1046 24.
1197 990 1391 1045 Matth.
1408 989 1498 1046 25.
1518 989 1630 1061 30).
1653 990 1855 1045 Horum

278 1096 456 1140 tamen
484 1087 729 1140 omnium
763 1085 899 1138 nihil
926 1085 1259 1155 perpendere
1293 1084 1482 1138 volunt
1502 1093 1858 1139 accusatores

276 1179 444 1232 nostri
467 1195 480 1230 :
502 1177 746 1246 alioquin
765 1175 925 1230 flncm
947 1177 1202 1246 culpandi
1218 1177 1338 1246 ejus
1357 1175 1614 1240 facerent,
1634 1175 1724 1246 qui
1744 1190 1855 1230 non

276 1272 468 1327 frustra
495 1271 671 1342 perire
695 1270 842 1325 velit.
864 1269 978 1323 Non
1007 1268 1178 1338 agitur
1203 1279 1344 1320 nunc
1372 1263 1440 1318 de
1461 1261 1857 1330 dispensatione

278 1364 526 1418 frumenti
548 1373 600 1419 et
629 1361 832 1426 hordei,
861 1361 1020 1415 boum
1044 1367 1098 1413 et
1125 1358 1323 1421 ovium,
1350 1355 1679 1421 aliorumque
1708 1349 1858 1404 simi-

275 1456 426 1520 lium,
457 1453 553 1508 sed
577 1453 646 1507 de
673 1453 790 1521 ipso
817 1449 940 1506 Jesu
962 1463 1205 1518 corpore.
1233 1446 1365 1500 Nam
1395 1443 1632 1498 Ecclesia
1661 1439 1860 1495 Christi

275 1547 570 1602 secundum
602 1545 812 1600 beatum
840 1543 1061 1598 Paulum
1086 1555 1278 1609 corpus
1303 1537 1499 1593 Christi
1528 1545 1608 1591 est
1639 1535 1856 1606 (Colon.

277 1640 325 1694 ί.
357 1638 447 1706 18)
494 1654 509 1691 :
541 1652 742 1706 parque
786 1644 869 1691 est
893 1651 1038 1701 eum,
1068 1633 1159 1689 cui
1201 1645 1399 1701 corpus
1441 1630 1566 1684 illud
1595 1628 1856 1683 creditum

276 1737 374 1797 est,
402 1728 522 1799 ejus
550 1728 786 1782 habitum
815 1727 1094 1797 optimum,
1123 1733 1178 1780 et
1211 1725 1476 1794 ingentem
1507 1719 1861 1792 pulchritudi-

276 1836 394 1875 nem
442 1834 656 1875 summe
698 1833 910 1884 curare,
950 1826 1006 1873 et
1043 1816 1280 1886 undique
1314 1814 1747 1882 circumspicere,
1795 1828 1862 1866 ne

277 1915 510 1979 inaeula,
542 1914 626 1968 vel
676 1928 827 1982 ruga,
872 1911 954 1966 vel
985 1910 1130 1965 labes
1168 1909 1356 1964 similis
1385 1907 1499 1977 ejus
1528 1907 1760 1975 speciem
1799 1918 1866 1960 ac

275 2008 527 2063 decorem
573 2005 890 2060 dehonestet
936 2003 1151 2075 (Ep/tes.
1196 2004 1250 2058 5.
1294 2001 1405 2070 27).
1457 2001 1525 2055 Et
1552 1999 1676 2071 quid
1717 1997 1863 2053 aliud

279 2109 516 2166 praestet,
546 2113 704 2166 quam
743 2106 799 2150 ut
822 2095 948 2151 illud
979 2096 1153 2165 capite
1190 2093 1474 2148 immortali
1501 2107 1563 2148 ac
1596 2093 1752 2147 beato
1775 2091 1862 2144 di-

277 2206 436 2260 gnum
486 2187 934 2244 exitibeat?Nam
975 2189 1062 2258 qui
1105 2187 1370 2242 athletice:
1394 2183 1687 2239 habitudini
1729 2183 1860 2236 dant

279 2299 538 2354 operam,
580 2298 716 2352 opus
762 2280 959 2335 habent
1015 2279 1268 2345 medicis,
1322 2275 1663 2347 ptedotribis,
1705 2274 1864 2330 diaeta

281 2382 601 2443 temperata,
623 2371 1002 2428 exercitatione
1031 2370 1319 2441 frequenti,
1345 2367 1653 2438 infinitaque
1676 2369 1866 2423 obser-

282 2465 496 2519 vatione
537 2483 550 2519 :
597 2463 796 2518 etenim
827 2464 869 2516 si
898 2461 1023 2532 quid
1053 2463 1135 2517 vel
1158 2461 1435 2516 minimum
1467 2460 1778 2531 negligatur,
1813 2458 1866 2513 id

280 2560 468 2612 omnia
486 2557 680 2612 evertit
707 2571 770 2610 ac
811 2555 992 2624 dejicit
1030 2571 1043 2608 :
1085 2554 1119 2608 ii
1156 2554 1346 2623 quibus
1386 2553 1627 2622 corporis
1669 2551 1864 2606 Christi

278 2664 403 2702 cura
431 2647 712 2710 incumbit.
741 2646 826 2700 cui
853 2645 1065 2714 corpori
1093 2655 1364 2700 certamen
1394 2655 1497 2710 est,
1539 2658 1644 2698 non
1679 2651 1862 2697 contra

278 2753 533 2809 corpora,
579 2737 673 2792 sed
702 2747 889 2791 contra
914 2735 1206 2791 invisibiles
1244 2743 1552 2805 potestates,
1601 2731 1870 2803 quomodo

281 2831 408 2885 iiiud
442 2830 707 2900 integrum
734 2838 789 2884 et
815 2844 1003 2883 sanum
1035 2843 1254 2884 servare
1300 2836 1570 2898 poterunt,
1623 2827 1723 2882 nisi
1770 2826 1871 2880 hu-

280 2936 498 2976 manam
546 2922 795 2975 virtutem
837 2919 1060 2974 multum
1113 2919 1510 2986 transcendant,
1558 2926 1614 2973 et
1654 2931 1868 2973 omnem

277 3015 476 3068 anima:
502 3012 688 3067 utilem
716 3011 934 3067 curandi
955 3010 1174 3066 modum
1205 3011 1370 3080 probe
1400 3011 1620 3066 norint?

342 3107 404 3161 5.
439 3105 714 3162 Sacerdoti
757 3105 1088 3159 necessariam
1109 3119 1217 3158 esse
1245 3105 1533 3173 expeditam
1559 3104 1758 3158 dicendi
1781 3106 1868 3175 fa-

279 3201 545 3254 cultatem.
568 3228 638 3239 —
665 3200 746 3250 An
778 3196 992 3266 ignoras
1019 3196 1120 3250 hoc
1151 3210 1347 3264 corpus
1381 3195 1620 3265 pluribus
1647 3205 1700 3250 et
1727 3209 1870 3249 mor-

279 3290 357 3345 bis
385 3301 448 3344 et
471 3289 678 3344 insidiis
697 3287 991 3342 obnoxium
1019 3301 1160 3350 esse,
1187 3301 1347 3355 quam
1372 3301 1586 3340 carnem
1608 3295 1864 3354 nostram,

278 3381 524 3450 itemque
549 3380 707 3434 citius
742 3377 1012 3447 corrumpi
1041 3377 1350 3447 tardiusque
1385 3378 1600 3431 sanari?
1629 3377 1872 3433 Humana

279 3482 432 3528 certe
469 3486 699 3541 corpora
727 3470 1038 3526 curantibus
1062 3470 1206 3524 varia
1236 3470 1450 3525 inventa
1486 3478 1611 3525 sunt
1638 3471 1870 3526 medica-

279 3565 449 3629 mina,
501 3563 835 3618 diversorum
883 3562 1356 3616 instrumentorum
1409 3571 1715 3630 apparatus,
1768 3563 1870 3617 ali-

280 3663 464 3710 menta
489 3655 650 3722 aegris
683 3653 1027 3722 congruentia
1058 3668 1072 3705 :
1105 3649 1242 3707 aeris
1270 3667 1482 3723 quoque
1515 3665 1700 3708 natura
1727 3669 1872 3722 saepe

279 3746 481 3801 sufiicit
506 3745 574 3799 ad
610 3745 741 3814 aegri
780 3743 1170 3808 valetudinem;
1199 3755 1280 3798 est
1305 3745 1464 3799 etiam
1503 3759 1625 3798 cum
1653 3759 1872 3800 somnus

279 3847 585 3908 opportune
622 3837 817 3893 cadens
869 3853 1084 3892 omnem
1124 3838 1330 3892 medico
1368 3837 1604 3893 laborem
1643 3837 1870 3893 auferat.

207 3987 216 3996 ,
285 3931 380 3986 llic
412 3945 542 3986 vero
566 3929 696 3984 nihil
726 3929 901 3984 simile
940 3931 1228 3999 excogitari
1262 3939 1466 3997 potest;
1495 3930 1588 3985 sed
1621 3945 1721 3983 una
1752 3939 1872 3999 post

284 4038 512 4092 operum
542 4021 848 4090 exempl-um
879 4020 1038 4075 datur
1061 4021 1304 4076 machina
1333 4021 1521 4091 viaque
1545 4020 1610 4074 ad
1640 4022 1874 4076 curaue-

283 4129 432 4178 nem,
470 4125 665 4182 nempe
695 4112 841 4166 verbi
875 4111 1134 4166 doctrina.
1180 4111 1292 4166 Hoc
1319 4121 1402 4167 est
1431 4111 1870 4179 instrumentum,

283 4204 394 4259 hoc
416 4215 543 4258 esca
566 4242 584 4268 ,
629 4201 734 4257 hoc
761 4203 902 4264 aeris
932 4203 1216 4272 temperies
1241 4203 1463 4273 optima,
1497 4203 1598 4258 hoc
1619 4206 1734 4260 vice
1761 4220 1872 4258 me-

283 4296 574 4351 dicamenti
595 4336 611 4360 ,
652 4294 754 4350 hoc
782 4295 898 4350 vice
927 4295 1063 4365 ignis
1105 4309 1169 4350 ac
1207 4296 1323 4350 vice
1364 4296 1488 4350 ferri
1523 4313 1535 4350 :
1569 4296 1681 4351 sive
1715 4312 1878 4350 uren-

285 4389 443 4453 du,
458 4389 576 4442 sive
601 4387 890 4442 secandum
917 4391 1007 4453 sit,
1037 4388 1128 4442 illo
1155 4388 1230 4442 uti
1266 4402 1484 4443 necesse
1509 4396 1593 4442 est
1619 4405 1631 4441 :
1664 4389 1710 4443 si
1740 4387 1871 4443 illud

290 4479 422 4534 nihil
464 4479 658 4550 possit,
681 4479 887 4549 reliqua
912 4479 1093 4533 omnia
1122 4479 1390 4534 incassum
1433 4479 1648 4534 abeunt.
1682 4478 1794 4533 lloc
1820 4487 1877 4533 et

289 4569 553 4638 iacentem
581 4571 812 4624 animam
840 4571 1154 4637 excitamus,
1177 4579 1232 4624 et
1262 4578 1552 4625 tumentem
1582 4571 1878 4640 compesci-

296 4680 412 4718 ranas
435 4706 450 4728 ,
477 4669 535 4718 et
573 4661 927 4717 redundantia
955 4661 1320 4729 prtecidimus,
1348 4669 1405 4716 et
1427 4661 1724 4716 deficientia
1751 4677 1880 4730 sup-

290 4757 520 4824 piemus,
565 4764 622 4809 et
651 4755 853 4824 reliqua
891 4752 1069 4808 omnia
1108 4751 1350 4818 facimus,
1400 4768 1520 4823 qua:
1565 4753 1633 4806 ad
1685 4753 1878 4808 animai

288 4846 576 4901 conferunt
595 4844 1038 4900 incolumitatem.
1065 4843 1198 4898 Nam
1227 4843 1292 4897 ad
1321 4844 1445 4898 vitae
1473 4845 1728 4914 optimam
1751 4860 1881 4900 con-

285 4937 868 4993 stitntionem-alterius
891 4938 997 4992 vita
1025 4937 1093 4992 ad
1124 4937 1298 4992 simile
1326 4937 1555 4992 studium
1581 4947 1635 4994 et
1658 4939 1880 4994 aemula-

289 5030 504 5083 tionem
525 5043 779 5084 revocare
805 5029 991 5098 possit.
1017 5029 1150 5082 Cum
1176 5035 1354 5082 autem
1380 5029 1554 5083 anima
1585 5030 1726 5084 circa
1748 5046 1876 5100 spuo

287 5123 372 5174 ria
403 5121 662 5191 dogmata
679 5131 922 5190 :egrotat,
953 5129 1078 5177 tunc
1105 5121 1253 5177 verbi
1275 5137 1402 5177 usus
1429 5123 1664 5178 maxime
1689 5139 1875 5179 neces-

285 5212 472 5265 sarius
493 5222 595 5277 est,
619 5228 723 5266 non
750 5212 814 5266 ad
839 5213 1258 5268 domesticorum
1285 5215 1622 5268 securitatem
1649 5223 1873 5282 tantum,

285 5317 483 5357 verum
517 5304 678 5358 etiam
703 5305 768 5359 ad
797 5313 1022 5360 externa
1049 5306 1202 5361 bella.
1233 5304 1364 5359 Nam
1395 5307 1438 5360 si
1465 5307 1582 5378 quis
1624 5308 1876 5365 frameam

286 5392 516 5462 spiritus
542 5393 752 5458 habeat,
778 5397 1128 5466 clypeumque
1147 5396 1270 5452 ﬁdei
1299 5397 1476 5462 talem,
1511 5407 1567 5453 ut
1589 5401 1756 5470 possit
1782 5403 1882 5456 mi-

289 5483 478 5538 racula
507 5484 690 5549 edere,
721 5493 776 5539 et
805 5486 1063 5552 portentis
1090 5485 1475 5555 impudentium
1519 5501 1611 5540 ora
1637 5489 1881 5544 obstrue-

285 5589 379 5638 re,
412 5575 538 5629 nihil
569 5589 705 5645 Opus
730 5576 889 5633 fuerit
914 5577 1111 5644 verbo;
1144 5577 1251 5632 imo
1279 5592 1344 5633 ne
1375 5586 1499 5633 tunc
1521 5579 1732 5648 quidem
1759 5581 1880 5636 inu-

291 5665 412 5718 tilis
439 5675 581 5721 esset
609 5667 726 5736 ejus
765 5676 971 5734 natura,
1003 5669 1098 5724 sed
1124 5669 1285 5725 etiam
1309 5669 1595 5726 admodum
1637 5686 1884 5726 necessao

292 5756 403 5808 ria.
432 5755 637 5811 Etenim
663 5757 724 5812 Β.
751 5756 946 5814 Paulus
976 5759 1144 5830 ipsum
1176 5760 1431 5831 adhibuit,
1463 5759 1671 5817 etiamsi
1701 5762 1878 5832 signo-
1915 5827 1922 5830 _

1467 327 1554 384 DE
1590 321 2036 382 SACERDOTIO.
2079 321 2204 377 LIB.
2248 323 2334 378 IV.

3432 327 3533 383 666

1961 456 2076 494 rum
2107 440 2276 511 gratia
2302 440 2492 512 ubique
2517 439 2854 498 admirationi
2879 451 3038 499 esset.
3073 441 3140 497 Et
3164 441 3299 498 alius
3324 443 3537 513 quidam

1956 547 2018 586 es
2050 532 2236 598 eodem
2259 533 2459 598 choro,
2510 544 2569 590 nt
2596 535 2742 590 verbi
2772 536 2976 589 virtutis
3001 549 3180 589 curam
3224 533 3538 599 habeamus.

1958 635 2143 680 monet
2173 626 2255 680 his
2307 627 2485 681 verbis
2532 638 2546 680 :
2602 627 2782 680 Parati
2831 638 2986 682 estote
3025 626 3095 680 ad
3143 627 3540 696 satisfactionem

1957 717 2091 771 omni
2120 718 2339 786 poscenti
2369 734 2454 771 vos
2491 719 2734 771 rationem
2755 718 2818 772 de
2850 735 2929 784 ea,
2963 735 3075 788 qua,
3099 719 3150 771 in
3175 720 3310 773 vobis
3333 729 3424 784 est,
3453 735 3543 789 spe

1959 810 2008 877 (-l
2042 808 2184 862 Petr.
2238 810 2292 864 3.
2322 808 2434 880 15).
2484 810 2550 864 Ει
2589 809 2800 879 quidem
2829 811 2970 864 nulla
2999 811 3100 864 alia
3129 809 3196 865 de
3225 825 3386 864 causa
3416 819 3544 865 tunc

1957 915 2145 954 omnes
2167 899 2438 970 Stephano
2457 900 2734 955 viduarum
2756 901 3108 956 (economiam
3132 900 3541 962 commiserunt,

1958 1006 2116 1059 quam
2162 999 2219 1044 ut
2255 991 2351 1060 ipsi
2394 991 2540 1046 verbi
2574 991 2868 1047 ministerio
2911 1002 3157 1046 vacarent
3183 991 3330 1062 (Act.
3353 989 3406 1046 6.
3444 989 3542 1060 ἓ).

1960 1083 2334 1140 Verumtamen
2354 1099 2459 1138 non
2482 1085 2700 1153 perinde
2715 1085 2932 1139 verbum
2948 1087 3359 1154 requireremus,
3377 1083 3422 1137 si
3441 1085 3548 1138 vir-

1961 1183 2126 1232 tutem
2155 1175 2427 1245 signorum
2459 1176 2800 1231 haberemus.
2831 1175 2922 1230 Sin
2956 1176 3165 1230 virtutis
3189 1175 3330 1232 illius
3356 1189 3426 1230 ne
3454 1190 3548 1230 ve-

1960 1267 2175 1338 stigium
2218 1267 2434 1338 quidem
2467 1269 2816 1336 relinquitur,
2859 1267 3008 1322 multi
3037 1283 3166 1321 vero
3203 1267 3436 1337 undique
3463 1267 3548 1321 in-

1961 1370 2103 1415 stant
2152 1360 2370 1426 inimici,
2423 1376 2671 1416 sermone
2717 1362 3018 1416 muniantur
3065 1374 3284 1416 necesse
3325 1369 3428 1425 est,
3479 1376 3547 1414 ne

1963 1452 2297 1507 inimicorum
2339 1453 2456 1509 telis
2508 1452 2906 1518 confodiamur,
2946 1454 3054 1508 imo
3079 1452 3254 1524 potius
3299 1462 3354 1506 ut
3404 1453 3547 1521 ipsos

1964 1543 2240 1599 feriamus.

2035 1635 2088 1689 4.
2121 1634 2201 1688 Ad
2219 1633 2416 1704 quasvis
2434 1636 2795 1690 controversias
2815 1646 3048 1706 paratum
3073 1651 3180 1690 esse
3202 1644 3451 1705 oportere.
3479 1661 3550 1674 ——

1964 1728 2298 1800 Quapropter
2314 1730 2499 1799 ingens
2522 1730 2774 1784 adbibere
2799 1730 3029 1783 studium
3053 1738 3282 1798 oportet,
3312 1739 3368 1782 ut
3393 1726 3552 1782 Chri-

1965 1824 2033 1876 sti
2062 1822 2280 1877 verbum
2324 1821 2524 1876 affatim
2557 1810 2608 1876 in
2648 1821 2802 1876 nobis
2845 1821 3045 1876 habitet
3072 1819 3304 1893 (Coloss.
3337 1820 3393 1875 5.
3422 1817 3549 1889 16).

1965 1914 2149 1984 Neque
2179 1915 2320 1969 enim
2351 1913 2418 1969 ad
2447 1930 2607 1968 unum
2649 1928 2836 1984 pugnae
2859 1925 3028 1983 genus
3056 1919 3339 1981 apparatus
3369 1919 3553 1964 noster

1966 2016 2081 2069 est,
2111 2004 2204 2060 sed
2231 2005 2504 2075 multiplex
2535 2005 2636 2060 hoc
2661 2005 2855 2060 bellum
2883 2013 2966 2058 est
2987 2046 3004 2071 ,
3047 2019 3112 2058 ex
3141 2004 3404 2072 variisque
3431 2017 3554 2056 con-

1965 2105 2116 2153 stans
2132 2097 2377 2153 inimicis.
2401 2097 2582 2166 Neque
2604 2096 2702 2166 ipsi
2731 2096 2916 2150 iisdem
2939 2102 3157 2150 utuntur
3179 2095 3362 2159 armis,
3383 2108 3554 2162 neque

1967 2203 2075 2243 uno
2103 2197 2306 2242 tantum
2358 2186 2518 2241 modo
2560 2186 2834 2240 nobiscum
2887 2185 3138 2255 congredi
3185 2183 3549 2238 meditantur:

1967 2295 2206 2350 opusque
2225 2287 2308 2334 est
2331 2293 2474 2344 eum,
2506 2278 2595 2348 qui
2621 2292 2744 2333 cum
2769 2277 3016 2331 omnibus
3046 2291 3271 2346 pugnam
3297 2275 3551 2331 commis-

1967 2386 2123 2428 surus
2148 2381 2252 2436 est,
2281 2371 2516 2425 omnium
2549 2368 2766 2424 technas
2794 2377 2943 2422 notas
2972 2368 3184 2432 habere,
3215 2382 3280 2422 ac
3304 2367 3551 2422 eumdem

1969 2478 2089 2517 esse
2114 2461 2441 2531 sagittarium
2471 2468 2524 2514 et
2549 2457 2870 2513 funditorem
2891 2499 2905 2522 ,
2936 2458 3204 2512 tribunum
3227 2465 3282 2512 et
3301 2457 3552 2526 manipuli

1971 2554 2268 2615 ductorem,
2299 2551 2518 2606 militem
2547 2560 2601 2606 et
2618 2549 2831 2614 ducem,
2851 2549 3081 2618 peditem
3108 2557 3161 2602 et
3182 2548 3438 2618 equitem,
3460 2561 3556 2601 na-

1975 2646 2106 2700 valis
2134 2654 2187 2700 et
2208 2643 2424 2699 muralis
2449 2657 2635 2712 pugna:
2655 2641 2901 2710 peritum.
2931 2639 3140 2694 Etenim
3163 2640 3215 2693 in
3241 2638 3555 2694 militaribus

1973 2738 2186 2808 praeliis,
2218 2735 2360 2806 quod
2385 2736 2607 2806 quisque
2632 2749 2768 2804 opus
2795 2733 3148 2804 peragendum
3177 2733 3416 2803 suscipit,
3453 2733 3556 2787 hoc

1973 2830 2234 2884 irruentes
2263 2828 2536 2898 propulsat
2569 2845 2581 2880 :
2612 2826 2698 2883 hic
2723 2843 2850 2882 vero
2889 2842 2993 2881 non
3019 2829 3089 2881 ita
3132 2842 3192 2882 sc
3235 2841 3324 2882 res
3359 2825 3552 2890 habet;

1973 2922 2073 2976 nisi
2099 2923 2241 2977 enim
2268 2922 2356 2990 qui
2386 2921 2659 2975 victoriam
2684 2927 3047 2989 reportaturus
3067 2927 3169 2985 est,
3196 2933 3383 2974 omnes
3402 2919 3557 2972 dimi-

1971 3014 2126 3068 candi
2152 3023 2295 3068 artes
2322 3016 2547 3078 noverit,
2575 3012 2720 3066 novit
2745 3010 2988 3065 diabolus
3011 3010 3096 3064 vel
3123 3010 3218 3080 per
3245 3025 3404 3064 unam
3431 3026 3554 3080 par-

1974 3115 2101 3170 tem,
2133 3107 2175 3159 si
2202 3120 2264 3160 ea
2305 3105 2619 3175 negligatur,
2647 3102 2983 3172 prmdonibns
3011 3102 3120 3157 suis
3149 3102 3400 3156 immissis
3427 3117 3559 3157 oves

1971 3198 2223 3267 diripere.
2255 3198 2323 3251 At
2369 3211 2472 3251 non
2521 3196 2647 3251 item
2673 3210 2792 3251 cum
2840 3204 3106 3264 pastorem
3156 3195 3386 3250 senserit
3411 3196 3556 3249 omni

1973 3291 2195 3346 scientia
2227 3288 2502 3359 praeditum
2527 3302 2666 3352 esse,
2697 3302 2987 3357 omnesque
3008 3288 3176 3356 ipsius
3198 3286 3413 3341 insidias
3436 3301 3559 3356 pro-

1974 3381 2045 3436 be
2068 3381 2284 3436 callere.
2309 3379 2666 3447 Quamobrem
2696 3387 2914 3449 oportet
2935 3393 3031 3434 nos
3060 3379 3308 3433 omnibus
3337 3395 3401 3433 ex
3433 3394 3557 3447 ρπτ

1975 3473 2115 3528 tibus
2153 3471 2385 3526 munitos
2422 3484 2562 3526 esse.
2588 3471 2796 3525 Etenim
2825 3470 2952 3524 urbs
2978 3470 3150 3525 donec
3194 3470 3422 3538 undique
3449 3471 3555 3525 cir-

1973 3563 2299 3618 cummunita
2328 3572 2430 3628 est,
2457 3562 2770 3617 obsidentes
2791 3577 2850 3616 se
2880 3561 3094 3626 irridet,
3139 3577 3202 3615 ac
3247 3577 3434 3617 secure
3461 3562 3557 3615 ad-

1976 3655 2195 3710 modum
2218 3655 2355 3725 agit;
2386 3655 2431 3709 si
2459 3654 2578 3724 quis
2623 3668 2750 3709 vero
2773 3670 2980 3708 murum
3023 3653 3250 3708 diruerit
3283 3654 3350 3708 ad
3384 3653 3559 3723 ianua:

1977 3749 2148 3802 solum
2179 3747 2615 3817 magnitudinem,
2647 3757 2770 3801 tunc
2799 3746 2930 3800 nihii
2958 3747 3031 3801 illi
3057 3747 3276 3816 prodest
3307 3758 3515 3816 septum
3543 3789 3556 3808 .

1978 3841 2099 3894 licet
2125 3840 2386 3911 reliquum
2433 3854 2591 3894 omne
2636 3841 2896 3894 munitum
2947 3841 3037 3894 sit.
3079 3839 3280 3894 Eodem
3323 3839 3480 3893 modo
3507 3847 3561 3893 et

1978 3932 2070 3986 Dei
2097 3931 2310 3998 eivitas,
2327 3931 2450 3985 dum
2471 3945 2589 3986 eam
2620 3931 2851 4000 undique
2883 3945 2978 3999 pro
3007 3945 3162 3984 muro
3187 3930 3352 3985 ambit
3377 3939 3558 3999 pasto-

1977 4025 2052 4079 ris
2077 4023 2291 4079 solertia
2318 4032 2481 4093 atque
2506 4022 2780 4092 prudentia
2800 4062 2816 4089 ,
2861 4022 3179 4077 adversariis
3219 4036 3330 4075 sure
3375 4036 3562 4076 omnes

1979 4116 2239 4170 machinae
2284 4115 2337 4168 in
2383 4114 2725 4184 opprobrium
2754 4114 3028 4183 risumque
3077 4113 3296 4176 cedunt,
3337 4127 3562 4180 eamque

1978 4207 2271 4262 incolentes
2307 4206 2455 4260 illaesi
2486 4204 2746 4269 evadunt;
2792 4205 2878 4258 ubi
2921 4213 3098 4257 autem
3151 4202 3411 4273 quispiam
3441 4217 3561 4256 eam

1977 4313 2043 4353 ex
2069 4308 2220 4368 parte
2241 4297 2485 4352 demoliri
2511 4297 2696 4366 possit,
2719 4295 2928 4350 etiamsi
2955 4310 3060 4348 non
3094 4303 3255 4348 totam
3283 4293 3563 4349 destruxe-

1979 4390 2068 4454 rit,
2095 4403 2126 4443 a
2153 4397 2302 4458 parte
2334 4395 2502 4441 totum
2522 4428 2537 4450 ,
2569 4396 2626 4440 ut
2650 4386 2720 4440 ita
2749 4385 2945 4450 dicam,
2985 4385 3236 4455 deinceps
3276 4383 3560 4440 labefacta-

1983 4492 2087 4536 tur.
2117 4479 2255 4548 Quid
2283 4478 2427 4534 enim
2479 4477 2708 4548 cuipiam
2759 4475 3019 4547 profuerit
3057 4475 3313 4531 adversus
3337 4476 3562 4546 gentiles

1982 4571 2194 4626 fortiter
2219 4583 2455 4641 pugnare
2472 4609 2489 4636 ,
2518 4570 2564 4623 si
2589 4568 2736 4623 illum
2765 4568 3086 4637 populentur
3107 4566 3314 4623 Judaei?
3344 4567 3470 4638 quid
3495 4569 3560 4633 si,

1983 4664 2220 4733 utrisque
2253 4662 2511 4728 devictis,
2539 4677 2570 4715 a
2597 4659 2896 4715 Manichaeis
2935 4660 3250 4730 diripiatur?
3283 4661 3364 4714 vel
3411 4661 3454 4715 si
3483 4661 3567 4715 bis

1981 4757 2151 4812 etiam
2172 4754 2482 4825 prostratis,
2535 4753 2625 4824 qui
2650 4751 2815 4806 fatum
2863 4751 3142 4818 inducunt,
3197 4753 3337 4807 intus
3368 4752 3574 4821 positas

1981 4860 2114 4902 oves
2134 4845 2415 4916 juguient?
2445 4844 2648 4915 Ecquid
2677 4859 2812 4914 Opus
2840 4852 2925 4898 est
2949 4858 3135 4898 omnes
3163 4843 3358 4898 diaboli
3397 4843 3568 4898 Intere-

1984 4953 2072 4994 ses
2100 4936 2422 4993 recensere?
2439 4951 2571 5005 quas
2594 4949 2781 4990 omnes
2810 4935 2910 4988 nisi
2941 4941 3122 5003 pastor
3146 4933 3279 4988 sciat
3296 4932 3464 5003 probe
3482 4947 3567 4987 re-

1983 5032 2185 5099 fellere,
2215 5032 2301 5087 vel
2326 5046 2440 5102 per
2465 5045 2623 5085 unam
2662 5030 2830 5100 possit
2871 5029 3028 5098 lupus
3072 5029 3354 5082 maximam
3384 5030 3567 5083 ovium

1981 5137 2189 5196 partem
2218 5127 2498 5182 devorare.
2531 5126 2670 5181 Sane
2707 5141 2828 5180 cum
2869 5125 2935 5180 de
2975 5125 3229 5181 militibus
3277 5126 3469 5197 agitur,
3500 5127 3568 5183 ab

1985 5218 2050 5273 iis
2076 5219 2168 5289 qui
2193 5227 2334 5273 stant
2353 5228 2408 5272 et
2425 5218 2697 5283 dimicant,
2725 5217 2837 5274 sive
2863 5218 3102 5283 victoria,
3130 5219 3242 5272 sive
3266 5218 3446 5274 clades
3471 5235 3566 5275 ex-

1983 5311 2268 5379 spectanda
2305 5317 2386 5363 est
2420 5327 2434 5363 :
2469 5309 2554 5363 hic
2582 5325 2714 5364 vero
2755 5309 2910 5380 longe
2938 5325 3113 5364 secus.
3143 5308 3298 5379 Szepe
3340 5327 3568 5382 namque

1983 5401 2434 5468 aliorum'pugna,
2463 5413 2557 5453 eos
2576 5400 2664 5470 qui
2698 5415 2764 5454 ne
2785 5401 2851 5454 ab
2879 5399 3028 5454 initio
3049 5401 3264 5469 quidem
3291 5403 3567 5472 congressi

1985 5499 2129 5556 sunt,
2155 5490 2349 5560 quique
2385 5491 2586 5545 nullum
2630 5505 2914 5560 suscepere
2943 5492 3202 5558 laborem,
3231 5494 3572 5562 quiescentes

1984 5582 2336 5653 sedentesque
2377 5581 2608 5639 victores
2632 5582 2903 5638 constituit
2932 5591 3091 5638 :'tum
3120 5586 3163 5640 is
3189 5584 3277 5653 qui
3308 5599 3412 5640 non
3452 5600 3570 5639 ma-

1986 5685 2220 5744 gnopere
2247 5673 2572 5730 exercitatus
2596 5682 2676 5730 est
2693 5715 2706 5739 ,
2748 5672 2962 5744 proprio
2986 5675 3267 5730 confossus
3294 5674 3485 5745 gladio,
3516 5686 3572 5730 et

1987 5764 2173 5821 amicis
2193 5773 2246 5822 et
2262 5765 2493 5825 inimicis
2518 5781 2576 5824 se
2596 5764 2941 5824 deridendum
2971 5766 3236 5838 propinat.
3269 5765 3423 5821 Verbi
3445 5780 3564 5832 πως
