3944 6202
414 318 520 379 667

413 437 482 488 tia
515 435 658 507 (nam
689 434 780 489 tibi
807 433 944 488 dicta
975 446 1089 486 mea
1117 427 1359 499 exemplo
1397 428 1568 498 palam
1597 425 1770 481 facere
1821 440 1981 478 cona-

413 526 554 597 bor),
587 527 754 596 legem
775 542 803 578 a
837 526 942 578 Deo
965 517 1127 594 Moysi
1152 522 1325 577 datam
1351 531 1457 574 tum
1488 519 1741 575 Valentini
1773 528 1824 570 et
1845 516 1984 569 Mar-

411 617 580 670 cionis
632 616 847 668 insania:
895 597 1169 683 sequaces.
1219 622 1327 665 tum
1367 611 1456 665 alii
1494 617 1752 678 quotquot
1797 607 1983 661 eodem

415 710 600 762 tiiorho
625 709 852 762 contacti
873 718 993 762 sunt
1013 723 1076 761 ex
1105 706 1401 760 divinarum
1425 704 1811 772 Scripturarum
1839 709 1985 754 cata-

415 805 538 871 logo
567 811 909 871 expungunt:
941 799 1108 856 Juda-i
1155 814 1283 853 vero
1315 808 1460 852 tanto
1489 797 1627 851 illam
1681 795 1732 849 in
1787 793 1988 847 honore

417 893 631 959 habent,
661 893 897 947 utetiam
930 899 1139 944 vetante
1171 900 1408 959 tempore
1431 889 1606 943 omnia
1635 887 1982 948 contentiosa,

416 983 495 1036 vel
530 991 720 1051 praeter
767 981 857 1036 Dei
903 982 1152 1050 placitum
1183 980 1481 1034 observent.
1515 979 1581 1032 At
1628 977 1861 1031 Ecclesia
1898 975 1988 1028 Dei

415 1074 690 1127 amborum
739 1073 1139 1127 immoderatam
1189 1071 1503 1126 sententiam
1531 1069 1771 1123 devitans
1817 1066 1988 1120 media

416 1165 609 1218 incedit
637 1165 741 1231 via,
789 1172 848 1218 ut
893 1178 992 1219 nec
1045 1162 1326 1232 illiusjngo
1373 1177 1430 1216 se
1455 1161 1717 1230 subjiciat,
1751 1174 1849 1213 nec
1871 1173 1986 1212 eam

415 1257 699 1325 improbari
730 1257 994 1325 patiatur;
1029 1255 1135 1308 imo
1175 1256 1317 1308 illam
1348 1255 1432 1308 vel
1459 1261 1755 1307 cessantem
1778 1251 1986 1312 laudat,

412 1350 533 1417 quia
563 1349 687 1402 olim
732 1350 782 1402 in
813 1358 1050 1416 tempore
1095 1362 1192 1402 suo
1223 1347 1364 1400 utilis
1403 1345 1516 1399 fuit.
1547 1344 1768 1413 Oportet
1813 1355 1988 1396 autem

414 1456 559 1505 eum,
593 1441 682 1509 qui
733 1440 987 1493 adversus
1017 1437 1298 1492 utroslibet
1346 1436 1707 1490 debellaturus
1733 1435 1820 1496 sit,
1853 1434 1990 1485 hunc

417 1531 629 1585 modum
670 1530 883 1584 callere.
914 1529 1042 1583 Nam
1072 1528 1116 1582 si
1145 1528 1362 1582 Judmos
1396 1527 1589 1580 docere
1614 1525 1816 1589 volens,
1851 1524 1990 1593 quod

417 1621 785 1690 intempestive
824 1620 926 1689 legi
961 1619 1127 1674 veteri
1175 1618 1427 1683 haereant,
1453 1617 1646 1671 acriter
1672 1617 1811 1669 illam
1841 1616 1990 1669 ineu-

416 1727 536 1765 sare
560 1710 927 1781 aggrediatur,
951 1709 1214 1763 hmreticis
1242 1709 1408 1777 ipsam
1436 1708 1737 1775 vituperare
1765 1705 1989 1758 volenti-

419 1805 516 1856 bus
539 1819 641 1857 non
664 1817 883 1872 parvam
904 1800 1108 1856 dederit
1132 1815 1312 1854 ansam
1343 1818 1356 1852 :
1381 1799 1479 1862 sin,
1509 1799 1876 1852 haereticorum
1898 1810 1990 1849 ora

421 1895 670 1948 obturare
710 1893 894 1947 volens
917 1935 932 1959 ,
965 1893 1108 1946 illam
1137 1891 1420 1944 immodice
1463 1888 1737 1952 extulerit,
1765 1897 1818 1940 et
1843 1887 1988 1956 quasi

419 1985 470 2037 in
505 1984 751 2053 prmsenti
781 1982 1132 2037 necessariam
1163 1979 1614 2033 commendaverit
1634 2019 1648 2041 ,
1687 1977 1988 2031 Judzrorum

418 2090 510 2128 ora
537 2074 758 2142 aperiet.
812 2073 1016 2126 Rursus
1059 2074 1297 2141 quicum
1348 2069 1580 2124 Sabellio
1622 2068 1909 2130 insaniunt,
1939 2076 1994 2120 et

417 2179 549 2230 quos
577 2163 684 2216 Arii
713 2162 886 2216 rabies
907 2161 1122 2222 invasit,
1151 2160 1308 2214 ambo
1339 2159 1470 2212 ultra
1500 2157 1712 2210 modum
1741 2171 1990 2226 progres-

417 2256 480 2315 si,
511 2270 540 2307 a
569 2269 694 2307 sana
727 2253 828 2306 tidc
859 2252 988 2320 lapsi
1017 2261 1168 2314 sunt;
1201 2267 1261 2303 ac
1288 2264 1479 2303 nomen
1502 2247 1712 2318 quidem
1733 2246 1990 2300 Christia-

422 2359 608 2398 norum
631 2343 838 2412 utrique
864 2343 1103 2395 obtinent
1132 2359 1144 2393 :
1175 2341 1218 2394 si
1251 2342 1368 2410 quis
1393 2355 1517 2393 vero
1543 2353 1725 2392 eorum
1749 2338 1994 2406 dogmata

419 2434 730 2504 cxpcndcrit
755 2476 768 2499 ,
802 2435 933 2488 alios
961 2432 1097 2486 haud
1131 2432 1320 2485 melius
1347 2445 1504 2500 quam
1534 2429 1746 2484 Judreos
1775 2428 1993 2482 affectos

417 2543 536 2580 esse
565 2525 925 2595 deprehendet
949 2564 965 2590 ,
1003 2539 1106 2578 uno
1133 2507 1334 2577 tantum
1370 2532 1593 2590 excepto
1618 2521 1890 2575 nominum
1911 2518 1993 2572 di-

419 2616 699 2679 scrimine;
748 2617 883 2669 alios
907 2629 1033 2668 vero
1061 2629 1301 2682 magnam
1348 2611 1655 2666 affinitatem
1698 2625 1816 2664 cum
1848 2609 1994 2664 Pauli

420 2705 749 2760 Samosateni
807 2705 1002 2759 haeresi
1052 2704 1250 2759 habere
1283 2721 1295 2756 :
1330 2703 1421 2756 sed
1454 2711 1703 2770 utrosque
1730 2701 1924 2770 procul
1963 2715 1993 2754 a

421 2799 641 2852 veritate
669 2812 807 2851 esse.
837 2796 1080 2866 Magnum
1128 2796 1288 2864 igitur
1313 2794 1399 2849 hic
1428 2793 1740 2863 periculum,
1771 2803 1912 2846 arcta
1942 2800 1996 2846 et

421 2897 641 2957 angusta
697 2888 778 2941 via
827 2896 928 2952 est,
983 2885 1286 2956 prazcipitiis
1335 2885 1602 2950 utrimque
1660 2883 1990 2952 intercepta:

423 2989 698 3046 metusque
724 2987 805 3032 est
830 2993 932 3032 non
961 2977 1222 3043 modicus,
1261 2993 1328 3031 ne
1355 2976 1470 3046 quis
1496 2975 1654 3028 alium
1691 2973 1849 3028 ferire
1874 2982 1988 3027 ειυ-

421 3071 554 3124 deus
581 3069 646 3124 ab
672 3069 778 3123 alio
805 3068 1155 3124 confodiatur.
1179 3067 1309 3122 Nam
1331 3068 1374 3121 si
1398 3067 1517 3136 quis
1538 3081 1693 3120 unam
1720 3066 1859 3120 dicat
1883 3064 1996 3119 dei-

426 3171 608 3225 tatem,
642 3160 777 3214 hanc
810 3161 986 3214 statim
1010 3172 1190 3214 vocem
1220 3158 1478 3214 Sabellius
1501 3157 1568 3210 ad
1600 3172 1748 3211 suam
1791 3165 1994 3225 pertra-

422 3251 514 3305 hct
534 3251 865 3315 insaniam‘;
911 3251 992 3304 sin
1023 3250 1341 3311 distinxerit,
1398 3257 1451 3302 et
1495 3248 1656 3301 alium
1701 3247 1842 3302 dicat
1877 3261 1997 3300 esse

427 3343 654 3406 Patrem,
677 3341 836 3395 alium
861 3341 1071 3407 Filium,
1096 3341 1258 3394 alium
1277 3340 1528 3408 Spiritum
1555 3347 1813 3400 Sanctum,
1840 3339 1999 3392 instat

425 3432 582 3486 Arius
612 3432 662 3484 in
706 3431 1062 3485 diversitatem
1095 3431 1400 3485 substantize
1436 3445 1780 3498 personarum
1807 3429 1998 3483 distin-

425 3526 653 3579 ctionem
678 3525 915 3580 trahens.
943 3525 1161 3593 Oportet
1186 3535 1362 3580 autem
1389 3535 1441 3578 et
1469 3524 1680 3593 impiam
1709 3524 1847 3576 illius
1874 3537 1998 3576 eon-

427 3615 687 3669 fusionem
729 3624 783 3670 et
813 3615 1064 3669 furiosam
1112 3616 1268 3683 hujus
1317 3615 1626 3669 divisionem
1679 3615 1908 3668 aversari
1947 3621 2001 3668 et

429 3706 633 3774 fugere,
679 3705 1006 3760 divinitatem
1057 3706 1249 3770 Patris,
1301 3706 1420 3759 Filii
1469 3714 1523 3780 et
1561 3704 1786 3774 Spiritus
1832 3705 1999 3759 sancti

431 3814 586 3852 unam
615 3798 948 3863 confitentes,
980 3808 1086 3852 tres
1115 3806 1291 3852 autem
1315 3797 1623 3868 hypostases
1651 3796 1960 3866 adjicientes
1984 3814 1999 3851 :

433 3890 529 3943 hac
553 3889 747 3958 quippe
777 3890 979 3943 ratione
1007 3900 1348 3957 utrorumque
1376 3890 1616 3942 incursus
1643 3902 1828 3942 arcere
1848 3896 1999 3955 pote-

432 3982 618 4032 rimus.
647 3979 836 4032 Multos
859 3979 980 4033 item
1004 3981 1137 4033 alios
1158 3994 1472 4047 congressus
1492 3995 1740 4034 enarrare
1766 3979 1856 4032 tibi
1880 3993 2001 4047 pos-

429 4086 644 4137 scmus,
677 4072 726 4124 iu
765 4073 975 4140 quibus,
1017 4072 1114 4124 nisi
1148 4070 1355 4126 fortiter
1383 4071 1770 4140 diligenterque
1798 4086 1992 4141 pugna-

433 4165 590 4228 veris,
623 4163 844 4232 plurima
876 4179 942 4218 ex
964 4163 1251 4218 certamine
1274 4164 1490 4217 vulnera
1524 4162 1743 4218 referes.

496 4255 551 4306 ὅ.
589 4253 794 4321 Oportet
819 4253 964 4308 illum
989 4254 1200 4324 peritum
1224 4270 1328 4308 esse
1349 4253 1640 4309 dialecticaz.
1663 4285 1731 4294 —
1746 4254 1861 4310 Jam
1883 4256 2003 4323 quis

431 4360 710 4400 recensere
739 4345 902 4414 possit
933 4345 1346 4399 domesticorum
1373 4345 1555 4400 rixas?
1583 4345 1696 4398 Non
1727 4346 1868 4400 enim
1900 4345 2004 4399 illte

433 4435 664 4490 minores
689 4444 811 4489 sunt
831 4437 1068 4490 externis
1094 4436 1391 4499 insultibus,
1415 4437 1522 4491 imo
1543 4437 1770 4507 majores
1796 4439 2007 4507 pariunt

433 4526 640 4581 docenti
669 4526 910 4580 sudores.
940 4527 1041 4579 Alii
1075 4543 1299 4596 namque
1334 4543 1441 4596 prae
1471 4527 1774 4582 curiositate
1805 4537 2005 4583 temere

433 4618 608 4672 ouinia
641 4617 889 4686 indagare
919 4617 1102 4672 volunt
1125 4659 1139 4683 ,
1169 4633 1230 4671 ex
1260 4635 1483 4686 quorum
1511 4620 1695 4674 notitia
1723 4621 1852 4674 nihil
1878 4636 2004 4675 eve.

437 4710 546 4764 niat
589 4707 745 4772 lucri,
786 4707 892 4761 into
927 4723 1045 4777 quas
1085 4707 1249 4763 edisci
1288 4711 1589 4778 neutiquam
1623 4720 1844 4779 possunt
1874 4729 1887 4763 :
1918 4711 2006 4766 alii

436 4816 619 4856 rursus
659 4800 753 4855 Dei
788 4799 1107 4869 iudiciorum
1147 4802 1378 4856 rationes
1415 4801 1482 4856 ab
1521 4817 1586 4856 eo
1619 4804 1922 4872 postulant,
1955 4814 2009 4860 et

435 4894 683 4963 abyssum
733 4892 875 4945 illam
923 4893 1140 4946 multam
1184 4893 1426 4947 demetiri
1471 4903 1731 4948 conantur
1761 4913 1774 4949 :
1803 4895 2009 4950 Judicia

437 4997 663 5052 namque
696 4991 802 5049 tua,
832 4981 1032 5050 inquit,
1060 4983 1268 5052 abyssus
1295 4984 1452 5036 multa
1474 4985 1492 5053 (
1515 4983 1659 5039 Psal.
1692 4986 1779 5040 55.
1808 4985 1901 5059 7
1935 4989 2008 5044 De

438 5076 539 5130 fide
568 5085 744 5129 autem
775 5084 829 5130 et
851 5074 919 5129 de
948 5076 1068 5130 vitae
1103 5075 1435 5130 institutione
1466 5092 1659 5145 paucos
1696 5094 1883 5134 curare
1910 5080 2006 5135 de-

435 5166 733 5234 prehendas
757 5206 773 5230 ,
807 5165 899 5220 sed
935 5167 1099 5220 multo
1131 5166 1308 5234 plures
1340 5167 1451 5222 tunc
1476 5171 1684 5225 curiose
1711 5182 2009 5228 scrutantes

440 5259 928 5328 perquirentesque,
951 5273 1068 5328 quae
1089 5273 1187 5312 nec
1208 5259 1431 5314 inveniri
1454 5263 1675 5330 possint,
1697 5278 1760 5318 ac
1780 5281 2007 5335 quorum

439 5349 720 5416 quuisitio
742 5349 904 5403 Deum
928 5349 1118 5403 irritet.
1141 5348 1271 5403 Nam
1294 5349 1382 5404 ubi
1402 5367 1462 5405 ea
1479 5352 1716 5409 ediscere
1731 5371 2005 5424 conamur,

439 5455 556 5508 qua:
586 5439 673 5494 ille
701 5454 800 5493 nos
830 5441 969 5495 scire
1008 5455 1114 5494 non
1143 5441 1270 5495 velit
1291 5483 1306 5506 ,
1337 5457 1436 5496 nec
1461 5443 1692 5498 sciemus
1717 5461 1964 5516 umquam
1989 5488 2005 5514 ,

440 5532 455 5592 (
483 5529 572 5598 qui
600 5530 740 5583 enim
774 5530 986 5586 nolente
1014 5530 1161 5586 Deo?
1186 5531 1205 5601 )
1233 5531 1284 5586 id
1310 5549 1469 5587 unum
1497 5537 1884 5604 reportabimus
1908 5579 1922 5603 ,
1953 5547 2012 5593 ut

443 5619 729 5691 qumrendo
756 5621 1130 5688 periclitemur.
1158 5623 1426 5690 Attamen,
1453 5623 1566 5679 haec
1592 5641 1710 5681 cum
1735 5628 1804 5682 ita
1831 5643 1889 5684 se
1917 5629 2010 5684 ba-

503 5710 521 5742 ⁸
557 5706 656 5767 alii,
683 5709 992 5771 iniquitatem.

1123 312 1181 367 S.
1223 306 1501 366 JOAN‘NIS
1538 299 2015 363 CIIRYSOSTOMI
2054 299 2368 357 ARCHIEP.
2412 286 2938 364 CONSTANTINOP.
3035 389 3037 391 ι
3533 322 3620 382 σεῖε

2092 423 2286 489 beant,
2317 439 2437 479 cum
2481 429 2597 497 quis
2637 429 2951 485 auctoritate
2991 430 3293 502 interposita
3327 440 3623 506 curiosorum

2092 513 2362 568 hominum
2405 531 2496 570 ora
2545 518 2886 580 obstruxerit,
2933 526 3247 592 arrogantia:
3285 539 3338 583 et
3379 530 3625 603 imperitia:

2091 615 2269 662 notam
2307 609 2407 663 sibi
2450 611 2628 665 inurit.
2660 612 3016 680 Quamobrem
3053 615 3137 671 hic
3176 619 3332 672 multa
3364 639 3488 692 opus
3510 632 3630 683 anti-

2090 700 2198 753 stiti
2232 701 2506 769 prudentia
2531 743 2544 764 ,
2577 713 2631 758 ut
2663 707 2828 774 possit
2851 721 2942 760 eos
2973 722 3000 759 a
3027 710 3395 777 questionibus
3424 727 3518 770 tam
3544 721 3628 774 ab-

2090 791 2265 845 surdis
2302 791 2598 855 abducere,
2626 804 2679 848 et
2715 809 2876 864 supra
2914 807 3230 852 memoratas
3267 803 3630 864 criminationes

2090 880 2375 936 declinare.
2404 883 2673 938 Adversus
2696 885 2808 939 hare
2829 887 3002 940 omnia
3026 888 3153 942 nihil
3175 890 3311 944 aliud
3333 909 3480 961 quam
3501 899 3629 952 verbi

2091 972 2349 1027 auxilium
2377 974 2555 1028 datum
2585 984 2701 1042 est,
2728 992 2828 1045 qua
2862 976 3105 1033 facultate
3131 981 3174 1034 si
3206 984 3419 1039 antistes
3441 999 3632 1055 careat,

2091 1062 2419 1117 subditorum
2449 1065 2614 1119 animi
2652 1065 2818 1121 nihilo
2847 1067 3035 1121 melius
3061 1086 3217 1138 quam
3252 1074 3496 1130 navicula:
3522 1094 3631 1147 pro-

2090 1154 2238 1210 cellis
2266 1155 2478 1224 agitatte
2512 1156 2686 1211 affecti
2711 1166 2866 1211 erunt
2893 1175 2909 1212 :
2935 1158 3000 1212 de
3039 1160 3100 1214 iis
3143 1161 3348 1230 loquor,
3383 1168 3465 1234 qui
3504 1168 3652 1223 intir-'

2093 1245 2288 1300 miores
2309 1255 2362 1300 et
2386 1246 2702 1302 curiosiorcs
2725 1257 2866 1303 sunt.
2889 1250 3243 1314 Quamobrem
3270 1271 3364 1323 par
3387 1267 3463 1311 est
3482 1274 3636 1316 sacer-

2091 1337 2268 1391 dotem
2296 1338 2428 1391 nihil
2455 1355 2558 1392 non
2583 1354 2742 1410 agere
2759 1382 2773 1404 ,
2805 1351 2860 1395 ut
2888 1342 2987 1396 sibi
3012 1341 3316 1400 facultatem
3347 1347 3476 1404 hanc
3501 1366 3632 1406 com-

2099 1440 2266 1498 paret.

2121 1549 2125 1552 ν
2163 1521 2296 1574 Tum
2327 1521 2628 1578 BASILIUS
2657 1537 2670 1580 :
2699 1523 2810 1577 Cur
2834 1538 2932 1594 ego
2960 1525 3175 1593 Paulus,
3206 1527 3393 1596 inquit,
3425 1531 3552 1587 hanc
3577 1533 3638 1587 si-

2094 1612 2144 1666 bi
2167 1613 2467 1668 facultatem
2495 1629 2804 1683 comparare
2823 1617 2839 1647 ⁵
2870 1632 2973 1670 non
3002 1619 3225 1685 curavit,
3263 1637 3428 1691 neque
3452 1622 3514 1676 de
3537 1624 3639 1676 clo-

2093 1705 2317 1771 quentia:
2349 1705 2519 1773 inopia
2548 1706 2784 1769 erubuit,
2815 1707 2923 1760 imo
2949 1710 3118 1777 palam
3148 1709 3340 1765 fatetur
3365 1728 3419 1766 se
3445 1713 3638 1767 idiotatu

2093 1796 2393 1864 esse,idque
2409 1797 2472 1849 ad
2490 1795 2788 1852 Corinthios
2802 1799 3059 1865 scribens,
3078 1801 3166 1870 qui
3183 1803 3492 1870 eloquentize
3506 1805 3642 1878 laude

2097 1885 2372 1951 florebant,
2403 1886 2468 1940 de
2494 1902 2595 1956 qua
2623 1902 2826 1943 summe
2852 1889 3212 1958 gloriabantur
3229 1894 3306 1962 (2.
3328 1891 3440 1947 Cor.
3465 1895 3543 1948 11.
3565 1895 3646 1966 6)?

2190 1978 2240 2032 6.
2296 1978 2512 2032 Paulum
2567 1981 2620 2034 in
2670 1981 2766 2034 hoc
2815 1984 3030 2036 maxime
3076 1996 3327 2038 versatum
3376 1989 3538 2058 fuisse.
3585 2018 3636 2027 —

2094 2069 2460 2126 CHRYSOST.
2501 2071 2613 2127 Hoc
2637 2085 2737 2136 est,
2772 2075 3006 2143 inquam,
3040 2076 3140 2132 hoc
3166 2087 3271 2142 est,
3302 2080 3436 2148 quod
3469 2081 3644 2149 pleros-

2094 2176 2197 2228 que
2227 2161 2487 2230 perdidit,
2524 2171 2578 2216 et
2603 2164 2739 2217 circa
2772 2180 2950 2220 veram
2977 2165 3274 2222 doctrinam
3302 2171 3561 2238 segniores
3581 2171 3648 2224 cf-

2095 2251 2234 2303 fecit.
2258 2251 2389 2305 Cum
2417 2253 2558 2306 enim
2582 2255 2884 2323 apostolica:
2911 2258 3102 2312 mentis
3129 2258 3459 2314 altitudinem
3483 2271 3649 2315 exacte

2095 2343 2316 2396 scrutari
2339 2358 2442 2398 non
2466 2357 2701 2414 possent,
2727 2363 2897 2416 neque
2917 2349 3197 2405 verborum
3221 2367 3435 2407 sensum
3455 2369 3643 2424 capere,

2095 2449 2253 2489 omne
2288 2444 2498 2505 tempus
2537 2439 2909 2494 somnolentiaa
2947 2450 3000 2496 et
3038 2444 3336 2499 oscitantize
3367 2445 3647 2510 dederunt,

2097 2521 2356 2578 inscitiam
2385 2526 2526 2579 illam
2554 2528 2858 2596 amplexati,
2882 2545 2988 2584 non
3013 2547 3112 2602 qua
3139 2533 3339 2589 Paulus
3363 2550 3419 2589 se
3444 2535 3645 2590 inscium

2096 2627 2215 2666 esse
2237 2613 2382 2677 dicit,
2406 2615 2498 2669 sed
2527 2631 2555 2668 a
2584 2632 2685 2686 qua
2714 2626 2858 2673 tanto
2879 2619 2969 2674 ille
2988 2620 3153 2676 abfuit
3174 2623 3474 2690 intervallo,
3495 2641 3648 2695 quan-

2098 2713 2150 2757 to
2177 2705 2352 2759 nullus
2381 2705 2674 2776 hominum,
2705 2711 2792 2778 qui
2822 2712 2920 2766 sub
2947 2713 3078 2767 caelo
3106 2723 3253 2768 sunt.
3287 2715 3539 2771 Craterum
3565 2717 3652 2770 hoc

2098 2798 2517 2864 pertractandum
2550 2799 2689 2853 aliud
2729 2801 2780 2855 in
2815 2810 3023 2871 tempus
3052 2820 3390 2862 reservamus
3421 2826 3434 2861 :
3461 2807 3651 2862 interim

2099 2887 2224 2940 illud
2254 2887 2423 2941 dicam
2459 2907 2470 2940 :
2505 2889 2768 2946 Ponamus
2795 2892 3014 2948 Paulum
3041 2910 3159 2951 esse
3182 2896 3402 2952 itliotatn
3431 2899 3578 2953 etiam
3606 2899 3651 2952 in

2098 2977 2208 3044 illa,
2241 2995 2340 3049 qua
2372 2980 2469 3048 ipsi
2499 2981 2700 3047 volunt,
2733 2995 2881 3053 parte
2912 3002 2926 3038 :
2957 2986 3080 3053 quid
3103 2989 3204 3042 hoc
3231 2989 3302 3042 ad
3323 2999 3513 3044 nostra:
3538 2998 3654 3042 33kt-

2100 3070 2166 3122 tis
2192 3069 2473 3124 homines?
2501 3071 2591 3126 Ille
2619 3073 2814 3144 quippe
2845 3075 3009 3128 multo
3035 3077 3297 3146 majorem
3324 3081 3487 3135 verbo
3509 3081 3655 3133 virtu-

2101 3169 2204 3213 tem
2244 3159 2454 3225 habuit,
2485 3178 2601 3231 quze
2640 3164 2795 3232 longe
2833 3165 2980 3234 plura
3020 3178 3277 3234 praestare
3318 3180 3522 3238 posst-t;
3547 3185 3656 3222 nam

2099 3251 2382 3306 ostendens
2411 3267 2468 3306 se
2496 3261 2696 3307 tantum
2721 3270 2785 3309 ac
2811 3263 2987 3309 tacens
3013 3259 3348 3316 daunonibus
3372 3263 3656 3316 formidabi-

2100 3345 2168 3401 lis
2180 3354 2330 3400 erat:
2359 3347 2602 3400 hodierni
2623 3354 2803 3401 autem
2829 3347 3074 3404 homines
3093 3363 3290 3404 omnes
3307 3349 3661 3407 simuicoacti,

2099 3436 2330 3492 inﬁnitis
2355 3449 2465 3490 tum
2490 3439 2763 3506 precibus,
2791 3447 2904 3492 tum
2933 3440 3212 3510 lacrymis,
3249 3456 3526 3510 nunquam
3552 3451 3661 3492 Iano

2098 3537 2212 3582 tum
2232 3528 2462 3598 possint,
2489 3537 2750 3597 quantum
2772 3530 2898 3583 olim
2923 3529 3071 3583 Pauli
3091 3532 3436 3587 semicinctia
3456 3541 3666 3602 potuere

2100 3622 2242 3688 (Act.
2270 3618 2352 3673 19.
2375 3611 2720 3682 ll)..Paulus
2755 3619 2970 3688 quidem
2998 3621 3258 3689 prccilms
3285 3631 3530 3676 mortuos
3554 3637 3666 3676 sus-

2098 3711 2321 3775 citabat,
2345 3718 2393 3763 et
2413 3711 2514 3762 alia
2539 3711 2761 3778 insuper
2783 3711 3042 3765 miracula
3069 3713 3346 3780 ejusmodi
3373 3715 3582 3777 edebat,
3610 3720 3664 3764 ut

2099 3802 2168 3856 ab
2181 3802 2424 3857 externis
2443 3802 2576 3856 deus
2599 3819 2720 3857 esse
2744 3802 3147 3874 putareturUb.
3172 3805 3264 3859 H.
3287 3807 3398 3871 11),
3418 3821 3500 3867 ac,
3530 3805 3666 3874 prius

2099 3909 2262 3962 quam
2289 3911 2353 3948 ex
2385 3894 2486 3947 hac
2524 3894 2634 3947 vita
2664 3896 3078 3959 transferretur,
3112 3896 3320 3966 dignus
3351 3898 3565 3952 habitus
3592 3902 3670 3950 est
3739 3943 3745 3951 .

2100 3988 2190 4056 qui
2214 3997 2498 4054 raperetur
2521 4002 2694 4056 usque
2713 3987 2779 4040 ad
2806 3988 3022 4041 tertium
3043 3989 3258 4052 caelum,
3279 3990 3671 4055 verborumque

2101 4079 2371 4148 particeps
2399 4078 2568 4140 ﬁeret,
2597 4094 2716 4147 qua:
2741 4079 3032 4132 humanam
3061 4078 3256 4133 audire
3287 4087 3540 4133 naturam
3571 4091 3668 4133 non
3763 4142 3765 4144 η

2103 4174 2225 4226 licet
2249 4172 2323 4241 (ἓ.
2361 4171 2482 4224 Cor.
2519 4172 2605 4224 12.
2648 4171 2724 4239 Ξ).
2762 4171 2828 4224 At
2857 4171 2948 4240 qui
2980 4186 3121 4225 nunc
3152 4172 3348 4225 vivunt
3385 4171 3554 4241 (nihil
3582 4184 3674 4238 ego

2099 4262 2279 4330 eloqui
2308 4273 2524 4330 possum
2554 4263 2573 4290 ³
2588 4259 2732 4329 quod
2756 4261 3042 4314 molestum
3060 4260 3142 4313 vel
3166 4275 3337 4329 grave
3357 4275 3482 4315 esse
3497 4257 3672 4311 videa-

2102 4362 2222 4407 tur:
2251 4352 2365 4406 haec
2383 4351 2582 4420 quippe
2599 4366 2707 4404 non
2733 4351 3004 4405 insultans
3027 4350 3107 4406 cis
3131 4350 3282 4416 dico,
3318 4349 3416 4405 sed
3444 4348 3675 4403 admira-

2103 4446 2249 4501 tione
2271 4455 2464 4515 captus
2485 4446 2522 4511 ),
2542 4446 2815 4515 quomodo
2844 4459 2950 4498 non
2978 4443 3435 4512 perhorrescunt,
3473 4441 3596 4496 dum
3621 4452 3677 4491 se

2102 4539 2195 4592 tali
2214 4539 2329 4592 viro
2341 4547 2657 4605 comparant
2677 4538 2691 4589 l
2708 4535 2842 4590 Nam
2858 4537 2926 4600 si,
2943 4536 3222 4590 miraculis
3236 4535 3486 4596 omissis,
3519 4531 3582 4584 ad
3605 4529 3676 4583 vi-

2103 4640 2212 4684 tam
2237 4630 2376 4684 beati
2401 4629 2548 4682 illius
2565 4626 2664 4680 viri
2689 4625 3038 4688 accedamus,
3059 4625 3291 4694 ejusque
3309 4639 3496 4678 mores
3520 4634 3670 4687 ange-

2105 4721 2240 4774 licos
2269 4717 2660 4786 disquiramus,
2690 4715 2744 4768 in
2771 4713 2872 4768 hac
2896 4729 2955 4767 re
2983 4715 3174 4784 magis.
3199 4728 3370 4782 quam
3402 4713 3458 4766 in
3485 4708 3677 4779 signis.

2103 4807 2305 4861 Christi
2325 4806 2580 4858 athletam
2596 4805 2615 4835 ³
2635 4812 2982 4871 superantem
3003 4801 3395 4867 videbis.Quid
3411 4801 3557 4855 enim
3577 4810 3680 4851 me-

2103 4915 2284 4952 mores
2300 4897 2562 4958 studimn,
2581 4895 2927 4964 probitatem,
2943 4892 3246 4961 frequentia
3271 4892 3546 4961 pericula,
3565 4904 3683 4942 con-

2106 4993 2286 5046 tinuas
2296 4987 2713 5048 sollicitudines,
2739 4986 3134 5040 imlesinentem
3158 4999 3254 5052 pro
3273 4983 3548 5036 Ecclesiis
3562 4992 3682 5033 me).

2105 5098 2284 5137 rorem
2307 5080 2412 5151 (Ib.
2441 5080 2528 5134 11.
2551 5079 2662 5148 26),
2686 5093 2812 5149 erga
2842 5079 3090 5132 infirmos
3110 5077 3677 5130 connuiserationem.

2105 5177 2304 5231 multas
2323 5189 2616 5236 aerumnas,
2644 5187 2814 5227 novas
2832 5171 3310 5242 persequutiones,
3336 5168 3683 5239 quotidiauas

2105 5278 2311 5326 mortes
2327 5269 2399 5341 (1.
2419 5263 2721 5335 Cor.9.‘22)?
2737 5264 2869 5330 Quis
2889 5264 3034 5319 orbis
3056 5265 3360 5330 locus,qua:
3373 5261 3680 5316 continens.

2112 5352 2251 5423 quod
2282 5367 2426 5406 mare
2450 5352 2579 5420 justi
2605 5349 2763 5419 hujus
2787 5349 3071 5405 certamina
3098 5349 3360 5419 ignoravit
3382 5350 3407 5403 ?
3427 5349 3578 5402 Illum
3604 5345 3681 5399 iu-

2179 5536 2195 5567 ¹
2231 5533 2390 5599 sat'i|.,
2413 5533 2548 5599 [tunc
2591 5532 2685 5599 sibi
2715 5531 2987 5599 facultatem
3030 5544 3326 5599 comparare.
3366 5537 3560 5599 Magna_
3583 5540 3685 5590 pars

2116 5605 2240 5664 Mss,
2254 5595 2375 5664 Itane
2386 5594 2486 5664 (ibi:
2495 5631 2527 5643 ..
2543 5594 2684 5664 Morel
2693 5631 2704 5642 .
2714 5592 2726 5652 ,
2738 5592 2861 5664 Itane
2877 5592 3173 5661 comparare.
3190 5593 3413 5644 savilium
3424 5592 3684 5655 sequimur.

2183 5661 2201 5689 ³
2239 5658 2339 5714 Alii,
2363 5656 2481 5705 nihil
2502 5669 2588 5718 ego
2608 5656 2762 5715 eloqui
2786 5657 2902 5708 volo.

2183 5720 2202 5751 ³
2235 5719 2340 5780 alii,
2366 5718 2450 5768 mi
2474 5716 2716 5768 utitlctmtt.
