3944 6202
412 282 517 338 δύο

413 400 507 453 ml
524 398 703 452 πάντα
724 398 923 469 τρόπον
957 393 1160 466 ἐπῆλθε
1194 394 1373 466 νίκηςο
1398 394 1494 446 καὶ
1515 391 1639 445 οὔτε
1662 391 2086 463 ἀγωνιζόμενος,

413 484 538 539 οῦτε
566 484 1001 554 στεφανούμενος
1031 481 1237 535 διέλιπέ
1286 497 1437 534 ποτε.
1481 480 1643 533 Ἀλλά
1682 480 1790 550 γάρ
1826 479 1927 532 οὐκ
1975 474 2091 531 οἶδα

418 574 536 639 πῶς
585 574 678 626 τὸν
718 572 886 639 ἄνδρα
926 568 1211 641 προήχθην
1251 566 1515 639 ὑϐρίζειν.
1553 567 1633 621 Τά
1677 568 1785 637 γάρ
1815 563 2089 636 κατορθώ-

419 679 566 734 ματα
592 659 757 715 αὑτοῦ
788 659 967 711 πάντα
1007 657 1104 727 μὲν
1149 654 1469 726 ὑπερὸαίνει
1494 654 1671 723 λόγον,
1693 653 1783 707 τὸν
1811 653 1868 706 δὲ
1890 651 2090 722 ἡμέτε-

415 772 509 828 ρον
527 750 798 810 τοσοῦτον,
820 750 942 802 ὅσον
976 746 1231 816 καὶὴμᾶς
1260 745 1309 796 οἰ
1336 743 1515 812 λέγειν
1544 742 1761 804 εἰδότες.
1793 742 1937 811 Πλὴν
1954 739 2093 793 ἀλλά

414 845 510 897 καὶ
547 839 721 902 οὕτως
759 836 901 907 (οὐδὲ
934 833 1044 904 γάρ
1085 832 1193 886 ἀπὸ
1218 832 1318 901 τῆς
1342 831 1640 894 ἐκϐάσεως,
1671 829 1807 884 ἀλλά
1834 829 1942 882 ἀπὸ
1987 829 2091 897 τῆς

414 927 789 1002 προαιρέσεως
818 924 964 994 ἡμᾶς
987 923 1016 975 ὁ
1039 919 1307 991 μακάριος
1340 920 1535 989 κρινεῖ)
1563 917 1663 970 οὐκ
1686 917 2089 986 ἀποστήσομαι,

411 1000 520 1081 ἕως
548 1017 615 1070 ἂν
637 1000 776 1068 εἴπω
802 1010 979 1074 τοῦτο,
1019 1009 1047 1062 ὃ
1074 1005 1315 1076 τοσούτῳ
1360 1004 1468 1058 τῶν
1505 1003 1810 1074 εἰρημένων
1843 1003 2092 1073 κρεῖττόν

414 1109 584 1167 ἐστιν,
615 1103 737 1156 ὅσον
773 1099 1031 1154 ἁπάντων
1074 1093 1378 1165 ἀνθρώπων
1422 1093 1649 1154 ἐκεῖνος.
1705 1090 1771 1142 Τί
1810 1086 1903 1143 οὖν
1931 1089 2090 1143 τοῦτό

415 1198 597 1255 tum;
629 1188 785 1244 Μετά
816 1185 1054 1241 τοσαῦτα
1088 1180 1510 1253 κατορθώματα,
1541 1179 1678 1249 μετὰ
1705 1179 1831 1240 τοὺς
1861 1176 2087 1249 μυρίους

415 1282 712 1349 στεφάνους
732 1275 937 1349 ηὔξατο
967 1275 1046 1337 εἰς
1066 1271 1294 1341 γέενναν
1323 1269 1600 1332 ἀπελθεῖν,
1635 1269 1731 1322 καί⁵
1750 1267 1953 1337 αἰωνίῳ
1981 1282 2087 1320 πα-

417 1368 706 1443 ραδοθῆναι
748 1364 991 1426 κολάσει,
1022 1359 1169 1432 ὑπὲρ
1199 1358 1294 1412 τοῦ
1330 1359 1457 1422 τοὺς
1488 1356 1748 1420 πολλάκις
1787 1353 1950 1409 αὐτὸν
1992 1355 2087 1408 καὶ

413 1459 757 1517 λιθάσαντας.
809 1452 903 1506 καὶ
956 1447 1262 1509 ἀνελόντας,
1302 1445 1365 1499 τό
1410 1462 1473 1514 γε
1502 1443 1682 1498 αὐτῶν
1727 1443 1916 1515 μέρος,
1956 1443 2086 1495 Ἰου-

412 1547 593 1609 δαίους
623 1542 881 1613 σωθῆναι,
913 1537 1009 1592 καὶ
1037 1535 1116 1607 τῷ
1148 1530 1368 1605 Χριστῷ
1405 1530 1743 1602 προσελθεῖν.
1764 1528 1859 1594 Τίς
1913 1527 2087 1591 οὓτως

413 1634 651 1705 ἐπόθησε
670 1631 761 1685 τὸν
792 1626 1064 1701 Χριστόν;
1089 1625 1220 1691 είγε
1260 1621 1425 1676 πόθον
1456 1620 1589 1705 αύτδ
1619 1620 1700 1673 δεῖ
1730 1619 1934 1681 καλεῖν,
1968 1616 2084 1670 ἀλλ’

412 1726 508 1794 οὐχ
532 1703 801 1793 ἕτερόντι
824 1713 919 1767 τοῦ
953 1711 1118 1766 πόθου
1142 1709 1323 1763 πλέον.
1358 1709 1481 1761 Ἔτι
1506 1703 1598 1761 οὖν
1633 1708 1858 1771 ἑαυτοὺς
1890 1706 2085 1777 ἐκείνῳ

412 1827 527 1882 παρ
538 1804 842 1877 ιόαλοῦμεν
868 1818 1006 1874 μετα
1028 1800 1127 1873 τὴν
1152 1798 1423 1869 τοσαύτην
1443 1797 1625 1868 χάριν,
1654 1798 1719 1867 ἣν
1740 1795 1930 1848 ἔλαϐεν
1946 1796 2086 1850 ἄνω-

413 1895 526 1958 θεν,
559 1892 697 1966 μετά
722 1893 823 1963 τήν
855 1888 1125 1959 τοσαύτην
1150 1886 1372 1958 ἀρετὴν,
1406 1887 1472 1957 ήν
1503 1884 1711 1938 οἴκοθεν
1737 1883 2085 1951 ἐπεδείξατο;

415 1982 523 2037 Kal
553 1980 608 2033 τί
640 1978 829 2033 τούτου
875 1976 1077 2045 γένοιτ’
1127 1974 1194 2027 ἂν
1236 1971 1659 2042 τολμηρότερον;
1710 1970 1832 2025 Ὅτι
1865 1971 1922 2025 δὲ
1963 1971 2084 2024 οὐδὲ

412 2067 584 2131 οὕτως
612 2079 638 2107 ι
666 2061 733 2136 ἦν
767 2064 1001 2134 ἰδιώτης,
1034 2061 1111 2125 ὡς
1143 2052 1289 2113 οὗτοι
1328 2057 1628 2129 νομίζουσι,
1660 2056 1755 2111 καὶ
1788 2056 1947 2110 τοῦτο
1975 2056 2085 2110 λοι-

414 2156 513 2209 πὸν
545 2152 825 2219 ἀποδεῖξαι
859 2148 1215 2223 πειράσομαι.
1247 2137 1407 2200 Οὗτοι
1450 2145 1548 2217 μὲν
1583 2145 1693 2215 γάρ
1724 2144 1784 2197 οὐ
1814 2143 1971 2214 μόνον
1995 2143 2083 2196 τὸν

411 2245 513 2298 οὐκ
548 2241 860 2312 ἠσκημένον
893 2238 992 2308 τὴν
1023 2235 1131 2288 τῶν
1161 2230 1357 2300 ἔξωθεν
1406 2232 1580 2300 λόγων
1627 2230 1911 2303 τερθρείαν
1943 2229 2084 2284 ἰδιώ-

409 2347 509 2402 την
541 2328 819 2391 καλοῦσιν,
849 2325 985 2380 ἀλλά
1030 2323 1126 2377 καὶ
1158 2322 1249 2375 τὸν
1273 2321 1374 2374 οὐκ
1410 2321 1586 2374 εἰδότα
1619 2319 1887 2391 μάχεσθαι
1943 2320 2083 2392 ὑπὲρ

407 2419 517 2472 τῶν
549 2418 650 2486 τῆς
688 2414 941 2486 ἀληθείας
967 2411 1273 2483 δογμάτωνο
1306 2410 1401 2463 καὶ
1424 2408 1604 2472 καλῶς
1637 2406 1968 2478 νομίζουσιν.
2025 2409 2083 2463 '0

408 2507 465 2560 δὲ
495 2506 704 2569 Παῦλος
727 2505 827 2557 οὐκ
849 2505 906 2555 ἐν
935 2501 1268 2572 ἀμφοτέροις
1285 2497 1433 2570 [ΜΞ]
1457 2496 1657 2567 ἔφησεν
1679 2495 1894 2568 ἰδιώτης
1921 2494 2081 2563 εἶναι,

408 2595 522 2649 ἀλλ’
553 2597 610 2647 ἐν
635 2592 848 2662 θατέρῳ
878 2591 1060 2660 μόνον’
1088 2590 1183 2643 καὶ
1221 2588 1379 2641 τοῦτο
1402 2586 1851 2656 ἀσφαλιζόμενος,
1882 2586 1972 2640 τὸν
2008 2587 2085 2640 δι-

408 2684 636 2757 ορισμὸν
682 2677 929 2751 ἀκριϐῶς
976 2676 1303 2747 πεποίηται,
1347 2674 1524 2741 λέγων
1569 2673 1648 2744 τῷ
1690 2673 1835 2744 λόγῳ
1871 2672 2085 2745 ἰδιώτης

405 2768 773 2836 εἷναι,ἀλλόύ
803 2768 869 2838 τῇ
902 2763 1122 2834 γνώσει.
1165 2761 1308 2831 Ἐγὼ
1367 2762 1423 2814 δὲ
1462 2763 1510 2814 εἰ
1549 2762 1647 2832 μὲν
1693 2761 1789 2832 τὴν
1835 2762 2085 2833 λειότητα

418 2858 757 2928 Ἰσοκράτους
798 2854 826 2894 δ
851 2854 1114 2924 ἀπῄτουν,
1138 2851 1232 2904 καὶ
1263 2851 1354 2904 τὸν
1380 2853 1453 2920 Δη
1464 2850 1755 2920 μοσθένους
1782 2849 1966 2918 δγκον,
1989 2850 2083 2903 καὶ

406 2945 506 3014 τὴν
533 2942 855 2997 Θουκυδίδου
887 2940 1215 3011 σεμνότητα,
1257 2940 1351 2991 καὶ
1380 2938 1441 2991 τὸ
1478 2938 1763 3002 Πλάτωνος
1793 2937 1945 3007 ὕψος,
1977 2938 2083 2992 ἔδει

389 3033 593 3103 ’φέρειν
620 3033 701 3095 είς
727 3030 890 3102 μέσον
915 3028 1116 3099 ταύτην
1142 3025 1236 3080 τοῦ
1276 3025 1489 3093 Παύλου
1516 3026 1615 3098 τὴν
1645 3028 1967 3099 μαρτυρίαν*
1988 3027 2082 3081 νῦν

407 3112 465 3175 δὲ
495 3123 680 3175 ἐκεῖνα
723 3120 819 3191 μὲν
855 3118 1030 3172 πάντα
1050 3116 1250 3186 ἀφίημι
1281 3116 1376 3168 καὶ
1414 3116 1507 3169 τὸν
1535 3116 1826 3189 περίεργον
1857 3116 1965 3170 τῶν
1998 3116 2080 3183 €5-

407 3209 546 3264 ωοεν
577 3207 961 3278 καλλωπισμὸν
980 3246 993 3264 ,
1046 3206 1139 3257 καί
1164 3204 1317 3257 οὐδέν
1350 3222 1441 3276 μοι
1466 3205 1722 3275 φράσεως
1751 3205 1873 3258 οὐδὲ
1899 3207 2082 3273 ἀπαγ-

407 3298 634 3368 γελίαςε
669 3295 840 3366 μέλει.
897 3292 1036 3345 Ἀλλ’
1082 3291 1285 3355 ἐξέστω
1318 3293 1412 3344 καὶ
1447 3294 1513 3363 τῇ
1570 3291 1712 3357 λέξει
1758 3295 2082 3363 πτωχεύειν,

407 3388 502 3440 καὶ
532 3386 632 3455 τὴν
663 3382 939 3453 συνθήκην
970 3379 1078 3432 τῶν
1117 3378 1398 3449 ὀνομάτων
1428 3380 1605 3447 ἁπλῆν
1646 3398 1768 3434 τινα
1800 3377 1939 3434 εἷναι
1986 3384 2082 3437 καὶ

405 3474 601 3544 ἀφελῆ,
629 3472 790 3543 μόνον
819 3471 893 3540 μὴ
917 3472 982 3540 τῇ
1028 3467 1229 3537 γνώσει
1278 3486 1364 3532 τις
1399 3470 1494 3522 καὶ
1536 3472 1602 3540 τῇ
1642 3470 1751 3523 τῶν
1793 3470 2079 3541 δογμάτων

404 3560 658 3633 ἀκριϐείᾳ
704 3559 918 3628 ἰδιώτης
973 3556 1134 3611 ἐστ-ω’
1169 3557 1314 3628 μηδ’,
1346 3557 1433 3611 ἴνα
1477 3558 1578 3629 τὴν
1631 3559 1836 3614 οἰκείαν
1881 3562 2080 3632 ἀργίαν

404 3647 737 3718 ὲπικαλύψη,
759 3646 849 3700 τὸν
875 3646 1142 3716 μακάριον
1160 3646 1365 3698 ἐκεῖνον
1380 3644 1715 3716 ἀφαιρείσθω
1734 3646 1796 3700 τὸ
1822 3649 2078 3720 μέγιστον

404 3738 512 3792 τῶν
538 3736 759 3805 ἀγαθῶν
789 3735 885 3789 καὶ
910 3733 974 3787 τὸ
992 3733 1099 3786 τῶν
1127 3724 1420 3805 ἐγκωμίων
1444 3735 1756 3803 κεφάλαιον.

473 3826 541 3891 ζ’.
559 3823 729 3879 Πόθεν
741 3822 813 3891 γά
820 3840 875 3895 ρ,
892 3821 1017 3874 εἰπέ
1035 3838 1146 3892 μοι,
1170 3821 1297 3884 τοὺς
1327 3821 1614 3887 Ἰουδαίους
1632 3824 1854 3894 συνέχεε
1870 3826 1996 3891 τοὺς
2016 3828 2076 3881 ἐν

404 3911 679 3985 Δαμασκῷ
713 3908 1128 3972 κατοικοῦντας,
1161 3908 1373 3961 οὐδέπω
1406 3909 1516 3963 τῶν
1550 3910 1794 3981 σημείων
1834 3913 2076 3985 ἀρξάμε-

402 4020 490 4067 νος
514 4018 528 4067 ;
566 4001 730 4055 πόθεν
756 4000 882 4062 τοὺς
922 3997 1270 4068 Ἑλληνιστάς
1294 3996 1657 4050 κατεπάλαισε
1680 4014 1694 4062 ;
1717 3998 1805 4052 διά
1833 4001 1885 4053 τί
1912 4000 1969 4054 δὲ
1994 4006 2076 4068 εἰς

402 4090 614 4164 Ταρσὸν
641 4087 1013 4157 ἐξεπέμπετο;
1045 4085 1145 4138 οὐκ
1172 4083 1362 4156 ἐπειδὴ
1409 4085 1550 4137 κατὰ
1574 4085 1773 4157 κράτος
1811 4086 1963 4142 ἐνίκα
1996 4090 2074 4161 τῷ

401 4178 565 4249 λόγῳ,
590 4178 686 4233 καί
724 4177 804 4240 εἰς
834 4173 1089 4229 τοσοῦτον
1112 4173 1309 4235 αὐτοὺς
1338 4172 1587 4244 ήλαυνεν,
1630 4173 1704 4237 ώς
1748 4177 1842 4229 καὶ
1868 4178 1948 4240 εἰς
1977 4179 2075 4247 φό-

401 4284 490 4320 νον
513 4264 941 4334 παροξυνθῆναι,
982 4261 1056 4334 μὴ
1107 4261 1372 4334 φέροντας
1421 4260 1521 4333 τὴν
1558 4257 1762 4336 ἦτταν;
1810 4265 2079 4321 Ἐνταῦθα

400 4355 507 4426 γὰρ
526 4354 741 4407 οὐδέπω
765 4352 858 4407 τοῦ
883 4352 1315 4422 θαυματουργεῖν
1359 4350 1581 4422 ἤρξατο,
1604 4352 1714 4406 οὐδ’
1744 4351 1945 4425 ἀνέχοι
1986 4373 2071 4421 τις

398 4443 573 4494 εἰπεῖν
593 4442 674 4493 ὅτι
707 4439 816 4493 ἀπὸ
849 4440 947 4505 τῆς
979 4438 1109 4509 περί
1142 4438 1210 4491 τά
1236 4437 1500 4508 τεράστια
1548 4439 1707 4511 δόξης
1758 4440 2070 4512 θαυμαστὸν

401 4527 563 4581 αὐτὸν
597 4524 827 4597 ἡγοῦντο
858 4521 887 4562 ⁸
913 4526 960 4577 οἰ
993 4524 1195 4586 πολλοὶ,
1228 4527 1321 4577 καὶ
1343 4526 1392 4578 οί
1431 4526 1724 4597 μαχόμενοι
1745 4529 1881 4600 πρὸς
1906 4531 2070 4583 αὑτὸν

402 4615 510 4668 ἀπὸ
532 4613 631 4683 τῆς
675 4610 998 4681 ὑπολήψεως
1024 4608 1401 4681 ήπηρεάζοντο
1427 4611 1523 4665 τοῦ
1551 4614 1763 4685 ἀνδρός
1795 4617 1933 4681 τέως
1959 4618 2068 4690 γὰρ

400 4701 510 4756 ἀπὸ
531 4699 626 4753 τοῦ
670 4698 850 4768 λέγειν
874 4697 1034 4770 μόνον
1064 4697 1305 4768 ἐκράτει.
1342 4698 1485 4769 Πρὸς
1528 4699 1587 4751 δὲ
1624 4702 1749 4765 τοὺς
1784 4703 2068 4769 ἰουδαΐζειν

397 4785 808 4859 ἐπιχειροῦντας
838 4788 897 4840 έν
938 4784 1242 4855 ’Δντιοχείᾳ
1279 4785 1443 4838 πόθεν
1481 4787 1781 4856 ἠγωνίζετο
1806 4794 1895 4845 καὶ
1937 4809 2066 4845 συν-

396 4876 609 4947 εζήτει;
658 4875 718 4928 Ὀ
746 4874 801 4928 δὲ
844 4874 1238 4945 Ἀρεοπαγίτης
1269 4874 1495 4940 ἐκεῖνος,
1543 4876 1572 4928 ὁ
1607 4878 1705 4947 τῆς
1740 4877 2067 4950 δεισιδαιμο-

395 4966 656 5035 νεστάτης
711 4964 917 5026 πόλεως
965 4963 1204 5035 ἐκείνης,
1257 4963 1356 5016 οὐκ
1392 4963 1500 5017 ἀπὸ
1526 4963 1863 5036 δημηγορίας
1897 4969 2066 5042 μόνης

395 5054 762 5124 ἠκολούθησεν
784 5049 932 5121 αὐτῷ
968 5049 1107 5121 μετὰ
1140 5051 1238 5122 τῆς
1291 5052 1578 5119 γυναικός;
1627 5054 1684 5106 '0
1717 5054 1774 5107 δὲ
1828 5054 2064 5128 Εὔτυχος

398 5140 513 5205 πῶς
546 5141 844 5194 κατέπεσεν
872 5137 980 5190 ἀπὸ
1001 5138 1102 5208 τῆς
1139 5138 1386 5210 θυρίδος;
1416 5139 1515 5192 οὐκ
1545 5140 1731 5212 ἐπειδὴ
1768 5143 1932 5213 μέχρι
1967 5144 2064 5215 βα-

396 5227 543 5291 θείας
571 5228 763 5289 νυκτδς
792 5228 871 5290 εἰς
898 5224 989 5278 τὸν
1015 5224 1114 5296 τῆς
1142 5224 1489 5290 διδασκαλίας
1515 5227 1676 5281 αὐτοῦ
1704 5230 2064 5301 ἀπησχολεῖτο

394 5315 584 5384 λόγονς
627 5315 690 5370 Τί
721 5314 780 5368 δὲ
810 5316 869 5368 ἐν
910 5313 1276 5386 Θεσσαλονίκῃ
1310 5316 1401 5369 καί
1433 5316 1493 5370 ἐν
1521 5316 1806 5389 Κορίνθῳ;
1836 5319 1889 5372 τί
1919 5319 1975 5374 δέ
2003 5322 2062 5375 ἐν

455 5523 583 5589 ᾔδεε
604 5523 736 5589 Savil
778 5531 830 5589 et
851 5527 1049 5589 plurimi
1076 5542 1212 5582 mss...
1236 5528 1408 5578 Morel.
1438 5542 1556 5581 vero
1576 5531 1727 5589 οὗτος.

451 5581 478 5623 ξι
506 5586 537 5631 Α
550 5588 580 5633 ι.
601 5587 684 5641 τὴν
702 5581 954 5647 λογιότητα
983 5581 1295 5653 Ἰσοκράτους,
1308 5591 1370 5640 al.
1383 5592 1467 5648 τὴν
1489 5581 1740 5654 λογιότητα
1761 5596 2052 5662 Σωκράτους.

452 5646 477 5708 ξ
501 5643 597 5708 Alii
616 5646 887 5708 ἀπολογίας.

450 5702 477 5744 ἀ
498 5705 581 5755 Sic
598 5706 747 5757 Savil.
773 5702 827 5757 ἀι
841 5702 1029 5770 aliquot
1050 5724 1162 5761 mss.
1191 5712 1361 5763 Morel.
1388 5727 1507 5764 vero
1523 5714 1654 5777 ἦγον.

2200 134 2213 163 1

1201 280 1259 332 S.
1300 277 1590 333 JOANNIS
1629 274 2064 333 CHRYSOSTOI

2188 275 2493 336 LRCIIIEP.
2533 279 3088 343 CONSTANTINOP.
3694 306 3771 363 670

2218 393 2426 486 ’Πφὲσῳ
2455 398 2549 450 καὶ
2579 399 2638 451 ἐν
2681 400 2817 471 αὐτῇ
2848 403 2915 472 τῇ
2963 402 3179 476 Ῥώμῃ;
3215 406 3307 477 οὐχ
3344 409 3469 474 δλαςι
3491 413 3672 486 ἡμέρας
3703 423 3772 477 καὶ

2198 482 2398 548 νύκτας
2433 486 2720 557 ἀνήλισκεν
2767 487 2962 560 ἐφεξῆς
2979 492 3059 553 εἰς
3085 491 3180 563 τὴν
3203 482 3549 565 ἐξήγησιντῶν
3568 482 3770 575 ﬂava»;

2190 575 2264 639 _Ti
2292 576 2357 628 ἄν
2388 594 2471 640 τις
2499 577 2650 647 λέγοι
2677 579 2777 642 τάς
2818 580 2955 652 πρὸς
2997 582 3123 646 τοὺς
3173 584 3545 658 Ἐπικουρείους
3571 591 3774 663 διαλέξεις

2198 665 2295 717 καὶ
2320 664 2623 732 Στωϊκούς;
2664 669 2726 721 Εἰ
2754 668 2864 738 γὰρ
2899 669 3113 724 ἅπαντα
3141 671 3378 744 θέλοιμεν
3405 678 3696 748 καταλέγειν,
3720 688 3775 751 εἰς

2201 752 2411 823 μακρὸν
2433 755 2746 809 ἐκπεσεῖται
2776 758 2947 828 μῆκος
2971 760 3000 812 ὁ
3019 757 3191 827 λόγος.
3213 761 3370 815 Ὅταν
3382 760 3468 817 οῦν
3495 766 3579 819 καὶ
3596 769 3684 839 πρὸ
3699 773 3775 825 τῶν

2200 841 2444 911 σημείων
2477 844 2574 897 καὶ
2598 845 2655 896 ἐν
2682 844 2867 915 μέσοις
2886 846 3067 909 αὐτοῖς
3101 848 3348 917 φαίνηται
3370 850 3534 923 πολλῷ
3559 860 3778 928 κεχρημέο

2197 945 2288 993 νος
2318 928 2397 1000 τῷ
2445 929 2612 1002 λόγῳ,
2652 932 2770 995 πῶς
2798 933 2881 987 ἔτι
2932 933 3288 1005 τολμήσουσιν
3322 936 3517 1009 ἰδιώτην
3544 942 3690 996 εἰπεῖν
3713 946 3780 1001 τὸν

2196 1016 2293 1093 καὶ
2320 1017 2431 1070 ἀπὸ
2463 1017 2560 1071 τοῦ
2591 1019 2936 1088 διαλέγεσθαι
2982 1022 3077 1076 καὶ
3104 1022 3425 1094 δημηγορεῖν
3455 1027 3659 1096 μάλιστα
3685 1030 3781 1084 θαυο

2198 1103 2472 1174 μασθέντα
2497 1107 2650 1178 παρὰ
2671 1109 2805 1161 πᾶσι
2826 1109 2957 1172 ςΔιά
2971 1108 3023 1162 τί
3045 1109 3154 1182 γὰρ
3182 1111 3444 1176 Λυκάονες
3464 1115 3608 1168 αὐτὸν
3627 1116 3779 1171 ὑπέλα-

2196 1190 2290 1243 ϐον
2322 1187 2467 1246 εἶναι
2506 1194 2751 1266 Ἑρμῆνς
2787 1196 2861 1249 Τὸ
2892 1196 2993 1267 μὲν
3025 1198 3134 1271 γὰρ
3172 1197 3327 1264 θεοὺς
3366 1201 3547 1265 αὐτοὺς
3583 1205 3783 1274 νομισθῆ-

2193 1295 2283 1332 ναι
2318 1280 2426 1333 ἀπὸ
2449 1281 2558 1335 τῶν
2586 1282 2825 1353 σημείων
2850 1285 3088 1352 ἐγένετο,
3122 1286 3182 1339 τὸ
3200 1286 3257 1340 δὲ
3282 1286 3461 1341 τοῦτον
3499 1289 3693 1361 Ἑρμῆν,
3710 1293 3782 1345 οὐκ

2194 1366 2277 1420 ἐτι
2304 1368 2399 1420 ἀπ’
2439 1368 2670 1422 ἐκείνων
2693 1370 2929 1438 ἐγένετο,
2953 1371 3068 1425 ἀλλ’
3086 1373 3197 1426 ἀπὸ
3218 1374 3309 1426 τοῦ
3337 1374 3506 1444 λόγου.
3534 1377 3637 1431 Τίνι
3657 1378 3784 1434 δὲκαὶ

2192 1452 2307 1506 τῶν
2335 1453 2511 1508 ἄλλων
2532 1456 2847 1510 ἀποστόλων
2871 1457 3295 1531 ἐπλεονέκτησεν
3322 1463 3350 1514 ὁ
3378 1462 3619 1533 μακάριος
3640 1457 3783 1530 οὗτος,

2193 1541 2287 1593 καὶ
2308 1541 2470 1595 πόθεν
2485 1543 2589 1596 ἀνά
2600 1543 2698 1615 τὴν
2715 1544 3039 1616 οἰκουμένην
3061 1545 3275 1601 ἀπασαν
3298 1548 3455 1612 πολὺς
3477 1551 3531 1603 ἐν
3548 1553 3642 1614 τοῖς
3658 1552 3783 1605 ἁπόν-

2190 1644 2300 1684 των
2325 1632 2444 1683 ἐστὶ
2469 1632 2767 1702 στόμασιν;
2793 1633 2957 1688 πόθεν
2980 1633 3041 1686 οὐ
3076 1636 3206 1705 παρ’
3248 1637 3375 1706 ἡμῖν
3407 1640 3571 1706 μόνον,
3589 1636 3701 1691 ἀλλὰ
3717 1640 3786 1692 καὶ

2192 1716 2345 1787 παρά
2360 1718 2635 1782 Ἰουδαίοις
2658 1720 2982 1791 καὶἜλλησι
3009 1721 3246 1793 μάλιστα
3266 1723 3784 1795 πάντωνθαυμάζεται;

2191 1803 2292 1858 οὐκ
2323 1805 2433 1859 ἀπὸ
2459 1807 2559 1877 τῆς
2582 1807 2691 1861 τῶν
2736 1808 3039 1863 ἐπιστολῶν
3066 1808 3295 1881 ἀρετῆς,
3328 1805 3469 1882 δι’ής
3493 1811 3548 1863 ού
3572 1810 3678 1874 τοὺς
3699 1809 3786 1862 τότε

2195 1892 2352 1962 μόνον
2386 1896 2630 1959 πιστοὺς,
2654 1894 2792 1949 ἀλλά
2805 1898 2899 1950 καί
2925 1896 3053 1960 τοὺς
3075 1896 3133 1964 ἐξ
3159 1898 3371 1951 ἐκείνου
3390 1898 3540 1967 μέχρι
3562 1897 3646 1967 τῆς
3663 1898 3786 1967 σήμε-

2195 1996 2287 2050 ρον
2316 1983 2662 2053 γενομένους.
2684 1983 2923 2049 καὶτοὺς
2947 1985 3245 2056 μέλλοντας
3271 1985 3326 2039 δὲ
3344 1984 3553 2038 ἐσεσθαι
3575 1985 3787 2055 μέχριτῆς

2192 2069 2429 2140 ἐσχάτης
2470 2080 2494 2109 ο
2516 2069 2613 2123 τοῦ
2650 2071 2889 2142 Χριστοῦ
2922 2072 3227 2144 παρουσίας
3256 2071 3496 2142 ὠφέλησέ
3514 2088 3568 2124 τε
3587 2072 3664 2124 καὶ
3684 2070 3788 2139 ὡφε-

2191 2154 2366 2227 λήσει,
2385 2158 2479 2210 καὶ
2505 2159 2566 2211 ού
2583 2158 2850 2213 παύσεται
2874 2160 3033 2215 τοῦτο
3060 2161 3235 2215 ποιῶν
3256 2161 3358 2225 ἕως
3376 2159 3438 2214 ἂν
3453 2159 3509 2214 τὸ
3522 2159 3615 2214 τῶν
3633 2157 3789 2229 ἀνθρὼ-

2191 2259 2309 2297 πων
2337 2244 2567 2318 διαμένῃ
2583 2247 2740 2315 γένος
2756 2264 2771 2313 ;
2797 2249 3007 2320 Ὥσπερ
3025 2246 3175 2321 [415]
3193 2247 3789 2321 γάρτεῖχοςέξάδάμαντος

2192 2334 2651 2398 κατασκευασθὲν,
2672 2333 2815 2388 οὕτω
2845 2337 2944 2400 τὰς
2975 2336 3263 2407 πανταχοῦ
3280 2336 3379 2407 τῆς
3400 2335 3685 2407 οἰκουμένης
3702 2333 3788 2385 Ἐιιο

2192 2419 2426 2488 κλησίας
2462 2419 2533 2474 τά
2565 2421 2759 2475 τούτου
2792 2423 3016 2495 τειχίζει
3038 2425 3365 2495 γράμματα’
3397 2426 3486 2478 καὶ
3508 2421 3719 2492 καθάπερ
3731 2436 3790 2480 τις

2191 2508 2449 2576 ἀριστεὺς
2469 2511 2849 2578 γενναιότατος
2866 2513 3063 2583 ἕστηκε
3083 2514 3183 2567 καὶ
3222 2513 3317 2567 νῦν
3334 2512 3509 2585 μέσος,
3525 2506 3792 2582 αἰχμαλωτί-

2192 2591 2299 2658 ξων
2318 2598 2422 2650 πᾶν
2438 2597 2616 2668 νόημα
2640 2600 2719 2662 εἰς
2734 2599 2833 2670 τὴν
2854 2602 2884 2653 ύ
2895 2601 3101 2670 πακοήν
3121 2601 3225 2655 τοῦ
3236 2603 3280 2655 Χ
3291 2601 3467 2672 ριστοῦ
3480 2600 3569 2654 καὶ
3578 2595 3792 2666 καθαιρῶν

2190 2680 2487 2754 λογισμοὺς
2524 2686 2620 2739 καὶ
2667 2689 2774 2740 πᾶν
2808 2686 3010 2757 ὕψωμα
3041 2690 3407 2760 ἐπαιρόμενον
3433 2688 3564 2742 κατά
3585 2680 3793 2755 τῆςγνὼ-

2193 2787 2330 2834 σεως
2368 2771 2464 2824 τοῦ
2515 2772 2673 2826 Θεοῦ.
2702 2774 2887 2828 Ταῦτα
2918 2774 2976 2827 δὲ
3008 2776 3194 2830 πάντα
3219 2775 3506 2846 ἐργάζεται
3534 2775 3595 2829 δι’
3613 2769 3675 2827 ὧν
3698 2774 3794 2842 ἡμῖν

2191 2860 2480 2915 κατέλιπεν
2523 2863 2821 2916 ἐπιστολῶν
2867 2863 2977 2917 τῶν
3031 2864 3353 2935 θαυμασίων
3399 2867 3491 2920 καὶ
3519 2865 3537 2903 ί
3569 2864 3654 2932 τῆς
3682 2860 3793 2921 θεάις

2192 2948 2636 3019 πεπληρωμένων
2689 2950 2898 3020 σοφίας.
2950 2953 3026 3005 Οὐ
3072 2953 3218 3022 πρὸς
3270 2953 3548 3025 δογμάτων
3581 2952 3631 3006 δὲ
3674 2950 3795 3019 μόνον

2189 3037 2359 3090 νόθων
2387 3054 2447 3091 τε
2491 3039 2805 3110 ἀνατροπὴν
2835 3040 2931 3095 καί
2962 3041 3209 3110 γνησίων
3247 3042 3545 3113 ἀσφάλειαν
3569 3037 3794 3108 ἐπιτήδεια

2188 3126 2321 3196 ἡμῖν
2350 3125 2514 3180 αὐτοῦ
2550 3127 2621 3181 τά
2664 3128 2991 3199 γράμματα,
3034 3128 3175 3183 ἀλλά
3208 3130 3305 3183 καὶ
3350 3130 3481 3200 πρὸς
3510 3129 3565 3182 τὸ
3597 3127 3722 3199 βιοῦν
3753 3119 3795 3176 εὖ

2188 3215 2290 3271 οὑκ
2335 3214 2618 3284 ἐλάχιστον
2657 3217 2789 3285 ἡμῖν
2839 3217 3085 3270 συντελεῖ
3132 3218 3325 3289 μέρος.
3357 3217 3569 3280 Τούτοις
3606 3214 3698 3285 γάρ
3738 3212 3799 3263 ἔτι

2188 3302 2283 3354 καὶ
2311 3301 2405 3354 νῦν
2437 3306 2485 3356 οἰ
2530 3303 2637 3356 τῶν
2680 3304 3019 3374 Ἑκκλησιῶν
3052 3307 3405 3377 προεστῶτες
3433 3304 3698 3377 χρώμενοι,
3726 3300 3799 3369 τὴν

2187 3388 2355 3461 ἁγνήν
2384 3390 2681 3461 παρθένον,
2712 3393 2777 3463 ἢν
2820 3393 3104 3464 ήρμόσατο
3137 3394 3222 3467 τῷ
3253 3395 3495 3467 Χριστῷ,
3537 3387 3799 3465 ρυθμίζουςί

2184 3493 2246 3530 τε
2296 3477 2390 3532 καὶ
2429 3478 2756 3543 πλάττουσι,
2806 3480 2904 3534 καὶ
2961 3481 3098 3551 πρὸς
3134 3483 3201 3535 τὸ
3251 3482 3604 3554 πνευματικὸν
3651 3482 3800 3547 ἄγουσι

2186 3564 2401 3629 κάλλος.
2432 3566 2655 3631 Τούτοις
2697 3567 2791 3620 καὶ
2830 3568 2902 3621 τά
2933 3570 3351 3642 ἐπισκήπτοντα
3397 3572 3527 3642 αὐτῇ
3569 3569 3799 3638 νοσήματα

2184 3654 2614 3727 ἀποκρούονται,
2672 3657 2769 3710 καὶ
2832 3657 2934 3729 τὴν
3002 3661 3447 3732 προσγινομένην
3507 3655 3798 3729 διατηροῦσιν

2184 3742 2395 3809 ὑγείαν.
2446 3743 2685 3796 Τοιαῦτα
2736 3745 2868 3814 ἡμῖν
2907 3746 2936 3797 ὁ
2987 3744 3206 3819 ἰδιώτης
3252 3749 3513 3803 κατέλιπε
3556 3747 3797 3817 φάρμακα.

2181 3830 2450 3902 τοσαύτην
2483 3829 2673 3901 ἔχοντα
2715 3830 2967 3903 δύναμιν,
2996 3827 3071 3886 ὧν
3109 3834 3263 3889 ἴσασι
3305 3837 3404 3909 τὴν
3448 3838 3630 3907 πεῖραν
3659 3829 3799 3889 καλῶς

2181 3916 2232 3968 οἰ
2294 3915 2567 3987 χρώμενοι
2627 3919 2887 3989 συνεχῶς.
2949 3921 3059 3975 Kal
3122 3922 3209 3977 ὅτι
3280 3925 3381 3995 μὲν
3438 3923 3627 3995 πολλὴν
3677 3917 3802 3978 αὐτὸς

2180 4006 2417 4059 ἐποιεῖτο
2443 4006 2538 4060 τοῦ
2582 4008 2786 4078 μέρους
2820 4009 3010 4063 τούτου
3044 4012 3309 4085 σπουδήν,
3331 4016 3410 4067 ιέκ
3438 4013 3630 4067 τούτων
3661 4008 3798 4078 δῆλον·

2232 4094 2513 4164 η’.”Ακουε
2524 4094 2582 4148 δὲ
2599 4097 2692 4149 καὶ
2706 4096 2785 4165 τῷ
2804 4097 3018 4170 μαθητῇ
3038 4100 3090 4152 τί
3109 4119 3183 4172 φη
3192 4118 3279 4155 σιν
3296 4102 3638 4156 ἐπιστέλλων
3652 4096 3803 4165 Πρόσ-

2177 4192 2281 4247 εχε
2311 4175 2387 4246 τῇ
2416 4178 2775 4247 ἀναγνώσει,
2809 4179 2884 4249 τῇ
2917 4184 3329 4253 παρακλήσει.
3361 4185 3438 4255 τῇ
3467 4179 3798 4245 διδασκαλίαι

2178 4267 2291 4320 Kal
2316 4266 2408 4320 τὸν
2436 4268 2548 4320 ἀπὸ
2586 4267 2776 4321 τούτου
2817 4271 3029 4340 καρπὸν
3061 4274 3395 4346 προστίθησι
3437 4274 3632 4343 λέγων·
3662 4266 3801 4324 Τοῦτο

2176 4355 2288 4432 γάρ
2313 4354 2502 4408 ποιῶν
2526 4354 2626 4408 καί
2660 4359 2925 4410 σεαυτὸν
2952 4358 3173 4427 σώσεις
3200 4362 3305 4417 καὶ
3340 4363 3486 4430 τοὺς
3523 4352 3801 4416 ἀκούοντάς

2175 4456 2314 4497 σου.
2348 4443 2458 4496 Kal
2491 4442 2681 4497 πάλιν
2710 4444 2943 4500 Δοῦλον
2963 4447 3031 4501 δὲ
3062 4451 3289 4517 Κυρίου
3316 4454 3390 4506 οὐ
3420 4450 3516 4505 δεῖ
3530 4446 3799 4520 μάχεσθαι.

2174 4528 2312 4583 ἀλλ’
2338 4528 2523 4599 ἤπιον
2555 4526 2707 4584 εἶναι
2751 4531 2903 4600 πρὸς
2934 4535 3190 4601 πάντας,
3230 4536 3598 4599 διδακτικόν,
3640 4530 3801 4595 ἀνεξί-

2174 4632 2382 4671 κακον.
2414 4617 2523 4669 Kal
2557 4616 2769 4691 προῖὼν.
2789 4618 2849 4672 δέ
2879 4637 3042 4691 φησι·
3073 4622 3159 4676 Σὺ
3198 4623 3272 4677 δὲ
3307 4624 3460 4694 μένε
3493 4626 3565 4681 ἐκ
3586 4623 3669 4688 οἷς
3692 4620 3800 4692 ἐμα-

2174 4705 2275 4768 θες
2300 4703 2396 4757 καί
2423 4703 2785 4773 ἐπιστεύθης
2805 4716 2852 4772 κ,
2884 4707 3056 4772 εἰδὼς
3092 4711 3256 4779 παρὰ
3287 4714 3457 4779 τίνος
3491 4714 3708 4782 ἔμαθες.
3730 4704 3800 4759 καὶ

2172 4790 2262 4843 ὅτι
2300 4790 2419 4845 ἀπὸ
2449 4791 2719 4861 βρέφους
2746 4794 2818 4849 τὰ
2844 4795 2977 4865 ἱερὰ
2999 4797 3311 4868 γράμματα
3341 4796 3531 4865 οἶδας,
3560 4800 3629 4853 τὰ
3660 4792 3801 4850 δυνά-

2166 4875 2323 4945 μενά
2367 4894 2442 4932 σε
2481 4880 2736 4949 σοφίσαι
2773 4884 2862 4948 εἰς
2901 4886 3223 4951 σωτηρίαν.
3278 4888 3393 4940 Kal
3440 4887 3631 4941 πάλινο
3667 4881 3803 4938 Πᾶσα

2170 4965 2385 5033 Γραφὴ
2425 4969 2849 5036 θεόπνευστος,
2886 4972 3041 5039 φησὶ,
3081 4973 3178 5025 καί
3223 4973 3532 5044 ὠφέλιμος
3575 4972 3707 5041 ,πρὸς
3736 4966 3802 5020 δι’

2169 5051 2531 5119 ὃασκαλίαν,
2562 5056 2709 5123 πρὸς
2736 5056 3012 5127 ἔλεγχον,
3042 5060 3192 5127 πρὸς
3222 5060 3658 5130 ἐπανόρθωσιν,
3686 5053 3804 5124 πρὸς

2169 5140 2493 5201 παίδευσιν
2518 5143 2545 5182 ιι
2582 5143 2697 5211 τὴν
2727 5145 2798 5198 ἐν
2820 5145 3196 5217 δικαιοσύνῃ,
3227 5148 3334 5203 ἵνα
3363 5151 3567 5218 ἄρτιος
3598 5142 3639 5220 ᾖ
3661 5148 3691 5199 δ
3721 5139 3801 5195 τοῦ

2171 5229 2320 5282 Θεοῦ
2346 5229 2677 5298 ἅνθρωπος.
2710 5234 2910 5286 ’Ἄκουε
2941 5233 2997 5286 δὲ
3028 5237 3123 5289 καὶ
3157 5235 3235 5307 τῷ
3266 5238 3418 5309 Τίτῳ
3448 5238 3576 5310 περί⁵
3601 5236 3689 5305 τῆς
3720 5225 3805 5284 τῶν

2167 5316 2484 5370 ἐπισκόπων
2527 5320 2915 5384 καταστάσεως
2974 5320 3366 5395 διαλεγόμενος
3414 5325 3469 5378 τί
3516 5318 3804 5394 προτίθησι·

2224 5543 2254 5607 'f
2279 5543 2513 5607 :anﬁmc
2534 5545 2678 5593 deest
2698 5546 2746 5593 in
2774 5544 2997 5607 plurimis
3018 5561 3133 5599 mss.

2233 5600 2254 5669 ξ
2278 5600 2423 5669 δοιξίἰ.
2451 5600 2724 5667 θαυμασίων
2749 5600 2957 5669 ἐκείνων,
2981 5610 3079 5661 καί.

2229 5667 2254 5704 5
2279 5665 2375 5714 Alii
2400 5665 2678 5722 ἐπιστώθης.

2228 5725 2255 5765 ιι
2276 5727 2379 5777 Alii
2400 5728 2514 5791 πρὸς
2537 5729 2770 5780 παιδείαν.
