3944 6202
326 359 430 413 669

323 477 458 526 culta
491 481 702 540 quoque
729 478 866 522 terra
898 473 1119 524 noverat
1141 508 1156 526 .
1187 463 1314 520 dum
1350 479 1472 524 eum
1511 481 1654 534 stupe
1685 465 1897 534 pericli-

328 574 522 618 tantem
570 561 890 628 excipiebat.
940 560 1111 614 Omne
1150 561 1348 630 quippe
1387 571 1556 628 genus
1593 557 1901 612 insidiarum

323 656 458 717 tulit,
488 662 544 708 et
567 667 780 708 omnem
810 652 1044 706 victoriae
1069 649 1283 705 modum
1309 656 1557 717 expertus
1587 656 1690 714 est,
1718 663 1781 702 ac
1810 663 1904 702 ne-

321 763 421 816 que
444 746 798 800 certaminum
824 757 996 813 neque
1022 756 1339 796 coronarum
1365 741 1525 793 finem
1553 739 1772 793 invenit.
1800 737 1902 793 Ve-

319 853 431 891 rutn
476 836 660 890 nescio
701 849 808 903 quo
846 843 1000 903 pacto
1039 847 1105 886 eo
1141 831 1373 887 animum
1409 829 1615 899 appuli,
1643 841 1702 883 ut
1729 829 1899 884 virum

315 926 640 982 contumelia
668 923 959 980 aflicerem:
989 923 1148 978 Gesta
1175 923 1370 991 quippe
1401 921 1516 991 ejus
1545 937 1756 976 omnem
1786 936 1900 976 ser-

315 1033 530 1074 mouem
565 1027 817 1086 superant
837 1056 854 1078 ο
881 1031 1056 1070 meum
1084 1030 1214 1070 vero
1240 1023 1445 1069 tantum
1471 1056 1488 1081 ,
1517 1024 1770 1084 quantum
1802 1030 1900 1069 nos

311 1117 570 1177 superant
595 1107 806 1169 dicendi
837 1107 1015 1176 periti.
1045 1107 1292 1162 Attamen
1325 1121 1392 1160 ne
1415 1105 1494 1161 sic
1517 1106 1734 1174 quidem
1763 1106 1898 1176 (ne-

307 1213 416 1266 qua
455 1197 598 1252 enim
637 1198 705 1253 ab
729 1196 897 1261 exitu,
928 1195 1022 1253 sed
1063 1210 1096 1250 a
1136 1195 1408 1250 voluntate
1450 1195 1634 1250 beatus
1675 1195 1764 1272 ille
1802 1209 1898 1249 nos

309 1287 604 1357 metitur),
636 1301 746 1344 non
784 1286 1006 1340 cessabo
1045 1284 1218 1340 donec
1255 1283 1357 1342 hoc
1390 1283 1684 1340 addiderim
1709 1325 1724 1349 ,
1755 1284 1896 1354 quod

309 1388 460 1432 tanto
490 1377 830 1446 praestantius
867 1385 953 1431 est
987 1369 1145 1444 supra
1175 1375 1334 1430 dictis
1356 1415 1371 1438 ,
1406 1383 1602 1444 quanto
1640 1375 1729 1428 ille
1761 1390 1897 1444 pra:-

307 1471 539 1525 stantior
558 1471 806 1526 omnibus
826 1469 1147 1523 hominibus.
1175 1467 1311 1535 Quid
1339 1467 1464 1521 illud
1494 1467 1611 1523 est?
1637 1468 1764 1522 Post
1791 1476 1896 1521 tam

309 1561 476 1616 multa
516 1560 729 1631 egregia
759 1558 992 1614 facinora
1017 1598 1033 1621 ,
1063 1566 1183 1627 post
1217 1558 1524 1614 innumeras
1551 1572 1775 1614 coronas
1795 1596 1814 1623 ,
1843 1559 1896 1612 in

305 1656 609 1720 gehennam
637 1651 803 1714 abire,
833 1659 888 1704 et
915 1660 1115 1704 aeterno
1145 1649 1280 1702 tradi
1307 1649 1566 1718 supplicio
1589 1650 1810 1718 optavit,
1840 1658 1898 1703 ut

305 1743 504 1808 Judtei,
531 1745 624 1811 qui
650 1742 823 1810 ipsum
848 1739 1386 1808 saepelapidaverant,
1405 1739 1531 1804 imo,
1559 1748 1812 1807 quantum
1841 1739 1894 1793 in

306 1837 439 1902 ipsis
458 1844 598 1898 erat,
617 1833 942 1897 occiderant,
965 1832 1097 1886 salvi
1118 1839 1299 1886 essent
1317 1839 1370 1884 et
1387 1831 1454 1884 ad
1469 1830 1735 1886 Christum
1753 1846 1898 1887 acce-

303 1928 499 1982 derent
521 1926 696 1995 (Rom.
717 1925 772 1980 9.
789 1924 868 1994 5).
887 1923 1016 1991 Quis
1035 1923 1101 1978 ita
1123 1922 1390 1978 Christum
1413 1923 1638 1976 amavit?
1655 1923 1697 1978 si
1718 1932 1894 1978 tamen

304 2015 354 2070 id
375 2030 536 2072 amor
555 2015 834 2074 dicendum
853 2023 954 2079 est,
973 2021 1028 2069 et
1043 2028 1147 2067 non
1164 2014 1431 2083 quidpiam
1449 2028 1630 2068 amore
1647 2025 1896 2082 praestan-

304 2108 431 2160 tius.
468 2105 717 2160 Etiamne
751 2105 909 2174 igitur
943 2119 1042 2160 nos
1074 2104 1218 2173 ipsos
1251 2119 1371 2160 cum
1398 2104 1491 2159 illo
1512 2104 1844 2159 conferemus
1874 2144 1892 2170 ,

305 2206 429 2264 post
459 2206 662 2252 tantam
687 2211 844 2266 quam
872 2196 1073 2250 caelitus
1101 2195 1304 2264 accepit
1337 2196 1560 2263 gratiam
1585 2235 1600 2261 ,
1629 2204 1752 2264 post.
1775 2203 1890 2250 tan-

305 2301 414 2344 tam
442 2289 696 2344 virtutem
721 2327 738 2354 ,
763 2302 921 2358 quam
950 2302 1018 2344 ex
1045 2287 1224 2355 seipse
1246 2285 1533 2346 exhibuit?
1570 2287 1772 2362 Ecquid
1801 2288 1894 2347 illo

302 2379 602 2434 audacius?
638 2379 789 2446 Quod
819 2386 998 2438 autem
1027 2391 1132 2438 non
1162 2382 1300 2438 adeo
1325 2383 1487 2438 idiota
1516 2382 1690 2446 fuerit.
1713 2392 1770 2438 ut
1794 2383 1893 2453 ipsi

304 2474 656 2541 arbitrantur,
683 2471 865 2546 idjam
887 2485 1305 2531 commonstrare
1334 2477 1626 2547 aggrediar.
1656 2476 1722 2531 Hi
1749 2476 1892 2531 enim

303 2579 414 2624 non
431 2567 595 2622 modo
611 2567 828 2622 idiotam
846 2577 1198 2634 vocanteum,
1217 2568 1305 2639 qui
1327 2569 1378 2624 in
1399 2576 1737 2624 externarum
1768 2569 1891 2624 lite-

304 2675 487 2713 rarum
510 2659 792 2730 praestigiis
813 2674 919 2712 non
943 2659 1261 2715 exercitatus
1281 2658 1458 2725 fuerit,
1482 2659 1575 2716 sed
1591 2661 1748 2714 etiam
1769 2675 1889 2714 eum

303 2749 396 2815 qui
439 2765 538 2816 pro
569 2750 714 2805 veris
749 2749 1086 2819 dogmatibus
1115 2765 1354 2820 pugnare
1383 2751 1586 2804 nesciat
1617 2749 1720 2804 :ac
1747 2758 1890 2805 recte

301 2839 546 2908 quidem.
576 2840 643 2893 At
673 2839 867 2902 Paulus
896 2855 999 2894 non
1031 2840 1310 2909 utrobique
1337 2855 1396 2895 se
1425 2840 1639 2895 idiotam
1669 2841 1887 2910 profite-

309 2939 416 2991 tr,
439 2928 534 2984 sed
561 2928 612 2982 in
641 2929 828 2982 horum
850 2929 1018 2984 altero
1039 2937 1261 2983 tantum.
1286 2929 1354 2985 Et
1372 2939 1428 2984 ut
1453 2930 1503 2984 id
1529 2931 1885 2995 confirmaret,

300 3018 704 3077 distinctionem
729 3029 974 3074 accurate
1001 3019 1212 3088 posuit,
1242 3035 1362 3074 cum
1391 3019 1613 3084 diceret,
1641 3035 1888 3090 sermone

301 3127 364 3166 se
393 3112 612 3166 idiotam
633 3126 773 3176 esse,
805 3111 898 3166 sed
929 3126 1037 3168 non
1061 3111 1360 3181 cognitione
1392 3112 1486 3181 (2.
1516 3110 1634 3165 Cor.
1665 3112 1751 3166 li.
1783 3112 1816 3167 6
1843 3112 1883 3180 ).

302 3204 442 3258 Sane
468 3203 515 3256 si
543 3201 787 3256 Isocratis
812 3202 1048 3270 leporem
1078 3203 1095 3234 ι
1121 3203 1408 3271 exigerem,
1437 3203 1481 3256 si
1514 3202 1886 3260 Demosthenis

301 3309 554 3358 acumen,
587 3295 631 3347 si
657 3293 980 3363 Thucydidis
1007 3294 1317 3362 gravitatem
1336 3335 1353 3360 ,
1381 3295 1424 3348 si
1454 3294 1686 3349 Platonis
1713 3294 1884 3350 subli-

302 3385 545 3439 mitatem
566 3425 584 3451 ,
616 3385 716 3439 hoc
752 3385 899 3439 Pauli
930 3384 1290 3446 testimonium
1315 3386 1369 3441 in
1395 3387 1624 3442 medium
1655 3387 1884 3443 afferen-

298 3476 423 3534 dum
459 3482 628 3531 esset.
655 3474 805 3530 Nunc
827 3485 1007 3532 autem
1038 3475 1126 3530 illa
1155 3477 1342 3534 omnia.
1361 3477 1520 3535 missa
1548 3477 1684 3532 facio
1711 3519 1725 3541 ,
1755 3493 1882 3534 nec-

300 3582 405 3621 non
451 3566 720 3620 curiosum
767 3566 914 3622 illum
966 3576 1266 3628 exterorutn
1313 3577 1597 3632 ornatum,
1647 3568 1884 3638 nihilque

301 3673 430 3711 curo
457 3656 747 3711 dictionem
773 3657 1347 3727 enuntiationemqne’.
1369 3659 1474 3714 Sed
1498 3671 1616 3716 esto
1633 3661 1778 3716 illum
1797 3661 1883 3716 di-

302 3749 482 3803 ctione
506 3749 718 3818 inopem
747 3764 888 3814 esse,
916 3759 968 3804 et
992 3750 1426 3828 compositionem
1452 3753 1723 3809 nominum
1750 3752 1883 3808 sim-

306 3841 495 3908 plicem
523 3855 588 3895 ac
612 3841 1152 3907 remissam,.dnm_ne
1180 3827 1476 3912 cognitione
1502 3852 1556 3900 et
1574 3844 1888 3914 dogmatum

303 3933 640 3987 accuratione
661 3933 820 3986 idiota
838 3935 937 3998 sit;
957 3950 1023 3988 ne
1040 3934 1178 3998 ideo,
1199 3943 1255 3988 ttt
1271 3936 1540 4004 ignaviam
1555 3945 1694 4007 tegat
1706 3952 1880 4008 suam,

306 4022 460 4078 beato
485 4023 560 4076 illi
583 4023 721 4093 quod
745 4023 1027 4078 maximum
1053 4025 1107 4079 in
1128 4025 1282 4080 bonis
1305 4036 1386 4081 est
1410 4027 1727 4098 laudemque
1745 4045 1882 4099 pra:-

306 4114 514 4181 cipuant
545 4113 770 4168 auferat.

373 4203 428 4254 7.
473 4200 694 4254 Paulum
724 4219 825 4255 non
848 4202 1106 4258 miraculis
1126 4205 1291 4258 solum
1317 4207 1586 4273 claruisse,
1615 4210 1705 4263 sed
1727 4211 1880 4265 etiam

307 4300 410 4345 arte
427 4292 649 4345 dicendi.
666 4321 737 4331 —
753 4290 1046 4355 Undenam,
1066 4294 1309 4360 obsecro,
1332 4296 1542 4352 .ludaeos
1567 4300 1875 4356 Damascum

313 4374 616 4427 incolentes
641 4373 891 4426 confudit
915 4375 1055 4442 (Act.
1073 4373 1126 4427 9.
1151 4373 1270 4443 ‘22),
1298 4389 1422 4429 cum
1449 4375 1692 4427 nondum
1717 4376 1888 4429 mira-

315 4467 430 4518 cnla
457 4465 625 4520 edere
654 4464 948 4533 erupisset?
974 4463 1121 4520 unde
1139 4464 1470 4520 Hellenistas
1493 4465 1622 4518 item
1644 4472 1890 4534 prostra-

316 4562 380 4614 rit
397 4562 421 4614 2
439 4575 617 4629 quare
638 4558 874 4614 Tarsum
891 4559 1097 4614 missus
1117 4567 1200 4614 est
1223 4557 1332 4628 (Ib.
1355 4575 1403 4613 υ.
1430 4559 1520 4612 29.
1540 4558 1629 4626 50)
1651 4559 1676 4611 τ
1704 4573 1887 4614 nonne

314 4654 430 4722 quia
451 4654 501 4706 vi
524 4652 677 4706 verbi
699 4652 1015 4720 superabat,
1035 4659 1089 4705 et
1109 4651 1160 4704 in
1183 4659 1395 4704 tantum
1419 4651 1569 4720 ipsos
1585 4650 1884 4721 premebat,

313 4756 386 4806 ut,
419 4759 479 4799 se
507 4743 688 4797 victos
721 4758 844 4798 esse
873 4759 984 4796 non
1021 4741 1280 4805 ferentes,
1315 4742 1386 4796 ad
1407 4743 1556 4798 illius
1583 4757 1773 4797 necem
1800 4743 1889 4798 in-

313 4833 917 4890 flammarenturi'l‘um
950 4835 1098 4890 enim
1137 4835 1377 4888 nondum
1420 4835 1688 4890 miracula
1725 4835 1889 4891 edere

311 4938 552 4997 cmperat
601 4944 615 4981 :
660 4942 838 4997 neque
883 4928 1059 4996 possit
1103 4927 1378 4996 quispiam
1425 4927 1632 4991 dicere,
1685 4928 1887 4984 multos

316 5021 488 5088 ipsum
534 5019 607 5074 ob
658 5021 1054 5074 miraculorum
1108 5019 1338 5089 gloriam
1375 5018 1756 5072 admirandum
1787 5019 1885 5073 ha-

313 5113 517 5176 buisse,
546 5125 753 5179 eosque
770 5112 863 5180 qui
897 5126 1021 5165 eum
1057 5126 1126 5164 eo
1150 5111 1887 5180 pugnabantviriexistima-

314 5205 457 5258 tione
498 5203 670 5256 fuisse
699 5209 1013 5271 prostratos
1049 5219 1062 5256 :
1097 5217 1225 5254 nam
1258 5202 1323 5254 ad
1358 5202 1411 5255 id
1452 5217 1628 5271 usque
1665 5210 1883 5272 tempus

312 5294 580 5350 sermonis
613 5295 664 5347 vi
691 5295 1006 5364 superabat.
1032 5292 1311 5348 Adversus
1331 5309 1428 5348 eos
1447 5301 1628 5348 autem
1647 5294 1740 5364 qui
1772 5295 1886 5348 An-

315 5386 526 5439 tiochia:
545 5385 830 5454 judaizare
852 5383 1332 5454 aggrediebantur,
1360 5385 1638 5454 quomodo
1659 5387 1886 5441 dimica-

316 5475 401 5528 bat
417 5475 850 5546 disputabatque
873 5473 1020 5546 (Gal.
1039 5475 1092 5527 2.
1119 5474 1208 5541 Η)
1224 5474 1250 5528 ?
1269 5476 1594 5545 Aretipagita
1619 5492 1748 5531 vero
1768 5476 1879 5541 ille,

317 5566 875 5636 superstitiosissima:
910 5565 1061 5620 urbis
1087 5565 1239 5619 illius
1268 5565 1427 5628 civis,
1454 5580 1636 5620 nonne
1665 5582 1730 5620 ex
1760 5567 1875 5621 sola

315 5660 428 5725 ejus
445 5659 717 5714 concione
746 5674 870 5713 cum
890 5673 1062 5713 uxore
1079 5665 1344 5727 sequutus
1363 5673 1486 5714 eum
1510 5667 1594 5713 est
1624 5657 1764 5727 (Act.
1793 5658 1875 5711 17.

379 5794 393 5859 f
425 5796 520 5859 Alli
559 5791 790 5859 Isocratis
809 5790 1122 5855 facundiam;
1145 5791 1248 5851 alii,
1271 5789 1476 5842 socratis
1495 5787 1791 5856 facundiam.

379 5857 397 5886 '
429 5858 544 5908 Atti.
570 5857 958 5918 apalagiamquc.

1529 353 1613 406 DE
1651 351 2096 410 SACEBDOTIO.
2140 355 2266 411 ΜΒ.
2308 358 2394 412 lV.

3375 392 3402 400 ·
3464 378 3566 435 670

1991 463 2082 532 54)
2108 466 2129 518 ?
2158 465 2435 539 Eutychus
2459 479 2639 546 autem
2665 474 2940 542 quomodo
2965 475 3032 531 de
3050 476 3288 534 fenestra
3306 480 3562 552 delapsus

1991 560 2076 606 est
2113 555 2249 618 (Act.
2282 558 2372 612 20.
2405 560 2502 628 9)?
2531 576 2710 616 nonne
2741 565 2869 631 quia
2900 580 3078 634 usque
3105 567 3173 620 ad
3208 569 3431 624 inultam
3465 589 3562 624 nu-

1989 648 2132 693 ctem
2168 641 2290 709 ejus
2332 645 2619 702 audienda:
2662 649 2926 706 doctrina:
2959 654 3224 708 vacabat?
3261 657 3402 721 Quid
3437 676 3566 712 vero

1991 725 2403 814 Thessalonica:
2441 741 2494 788 et
2526 733 2816 791 Corinthi?
2843 739 2974 808 quid
3022 739 3245 810 Ephesi,
3271 750 3326 798 et
3361 745 3414 798 in
3446 747 3564 814 ipsa

1988 812 2200 903 lloma?
2220 835 2400 876 nonne
2422 823 2538 879 dies
2560 835 2854 894 noctesque
2872 827 3184 884 insumebat
3201 831 3260 886 in
3284 812 3567 903 exponen-

1988 900 2072 955 dis
2098 904 2566 977 Scripturis?Jam
2593 913 2721 981 quid
2746 914 2952 970 dixeris
2971 916 3040 970 de
3059 918 3206 973 illius
3233 900 3564 990 disputatio-

1988 993 2150 1049 nibus
2180 1012 2303 1050 cum
2341 998 2626 1065 Epicureis
2654 1010 2709 1057 et
2759 1003 2963 1060 Stoicis
2998 1007 3104 1076 (Id.
3143 1009 3228 1073 i7,
3268 1011 3396 1080 18)?
3427 1011 3560 1066 Nam

1989 1085 2035 1134 si
2060 1085 2242 1138 omnia
2267 1102 2557 1144 recensere
2571 1093 2825 1153 velimus.
2849 1095 3065 1164 longius
3087 1108 3342 1156 excurret
3360 1102 3558 1155 oratio.

1987 1168 2122 1222 Cum
2154 1171 2340 1242 itaque
2368 1184 2423 1230 et
2454 1187 2580 1232 ante
2597 1180 2848 1250 signa,et
2871 1182 2925 1235 in
2954 1183 3147 1238 mediis
3183 1187 3356 1254 signis
3383 1187 3559 1256 ipsum

1991 1259 2162 1315 multa
2191 1263 2407 1319 dicendi
2434 1268 2484 1320 vi
2518 1285 2677 1323 usum
2702 1285 2826 1324 esse
2853 1273 3030 1340 palam
3052 1273 3144 1336 sit,
3169 1277 3450 1342 quomodo
3467 1278 3565 1331 ad-

1991 1347 2098 1401 huc
2115 1351 2353 1406 audeant
2373 1355 2594 1410 idiotam
2615 1356 2800 1412 dicere
2820 1375 2968 1423 eum,
2984 1361 3077 1430 qui
3095 1362 3564 1431 disputationibus

1989 1443 2044 1487 et
2067 1439 2426 1495 coneionibus
2454 1458 2704 1513 magnam
2730 1447 2836 1501 sibi
2859 1449 3001 1516 apud
3029 1464 3220 1504 omnes
3244 1451 3564 1511 admiratio-

1990 1537 2111 1575 nem
2132 1527 2472 1581 conciliavit?
2484 1529 2591 1584 Cur
2603 1529 2882 1601 Lycaoncs
2896 1534 3074 1602 ipsum
3094 1535 3420 1592 Mercurium
3439 1556 3563 1596 esse

1989 1611 2256 1678 suspicati
2288 1622 2419 1668 sunt
2447 1615 2825 1689 (Act.M.ll)?
2852 1620 2984 1676 Nam
3008 1625 3152 1692 quod
3170 1626 3242 1679 dii
3263 1643 3386 1682 esse
3403 1639 3563 1698 puta-

1987 1710 2199 1763 rentur,
2225 1700 2276 1752 id
2301 1718 2370 1756 ex
2400 1703 2576 1772 signis
2598 1705 2968 1776 adiciebatur;
2999 1711 3145 1778 quod
3172 1728 3302 1768 vero
3330 1715 3559 1769 Paulum

1987 1783 2312 1840 Mercurium
2337 1805 2460 1845 esse
2482 1801 2757 1861 putarent,
2781 1796 2833 1849 id
2858 1812 2968 1851 non
3000 1798 3307 1868 signorum,
3325 1802 3419 1856 sed
3445 1804 3558 1858 elo.
3651 1855 3655 1857 .

1982 1875 2221 1938 quentia:
2241 1890 2406 1932 causa
2431 1881 2634 1936 evenit.
2657 1881 2837 1948 Quare
2860 1883 3054 1939 beatus
3075 1885 3163 1938 ille
3186 1887 3270 1939 vir
3287 1901 3560 1960 praeroga-

1984 1962 2148 2016 tivam
2173 1965 2556 2024 interczeteros
2577 1973 2858 2039 apostolos
2884 1974 3253 2028 ltahuit?undo
3272 1985 3556 2047 pertotutn

1980 2047 2168 2103 orbem
2198 2052 2403 2108 multus
2428 2055 2482 2108 itt
2519 2057 2763 2110 omnium
2791 2073 2885 2113 ore
2911 2063 3208 2115 versatur?
3235 2061 3415 2128 Quare
3440 2079 3550 2119 non

1979 2139 2120 2205 apud
2153 2155 2253 2193 nos
2289 2141 2470 2202 modo.
2503 2145 2595 2197 sed
2627 2154 2682 2200 et
2707 2146 3083 2216 apudJudwos
3113 2161 3166 2216 et
3190 2151 3413 2208 Graecos
3446 2171 3555 2207 ma-

1979 2225 2124 2280 xime
2152 2230 2396 2283 omnium
2431 2215 2779 2288 admirationi
2814 2235 3084 2290 habetur?
3117 2215 3302 2292 nonne
3330 2256 3392 2293 ex
3423 2241 3553 2310 Epi-

1977 2314 2242 2369 stolarum
2258 2317 2483 2380 virtute,
2503 2336 2610 2389 qua
2629 2338 2736 2377 non
2760 2323 2827 2377 iis
2845 2325 3048 2388 solum,
3078 2327 3172 2394 qui
3199 2343 3344 2381 nunc
3370 2339 3548 2390 erant,

1977 2400 2252 2468 ﬁdelibus,
2284 2404 2557 2460 sedetiam
2588 2409 2679 2470 iis,
2708 2410 2801 2479 qui
2831 2409 2900 2463 ab
2935 2411 3028 2464 illo
3064 2419 3309 2482 tempore
3332 2414 3385 2467 in
3411 2413 3557 2470 hunc

1977 2505 2153 2559 usque
2173 2492 2316 2547 diem
2336 2493 2508 2557 fuere,
2534 2504 2588 2550 et
2606 2496 2674 2551 iis
2697 2499 2788 2566 qui
2807 2504 2930 2566 post
2953 2498 3123 2552 futuri
3148 2507 3276 2553 sunt
3299 2517 3474 2572 usque
3489 2503 3554 2556 ad

1975 2579 2334 2636 novissimum
2351 2581 2557 2638 Christi
2575 2585 2888 2647 adventum,
2906 2586 3112 2654 profuit
3127 2587 3253 2657 prof
3255 2595 3557 2660 utnrusque

1975 2672 2080 2731 est,
2096 2668 2434 2737 necjuvandi
2456 2670 2616 2724 linem
2645 2672 2830 2737 iaciet,
2855 2672 3032 2728 donec
3061 2675 3362 2729 humanum
3384 2693 3558 2746 genus

1975 2758 2886 2824 permanseritfQuemadmodum
2927 2762 3074 2815 enim
3109 2778 3302 2817 murus
3334 2779 3398 2818 ex
3426 2764 3558 2818 ada-

1975 2854 2161 2901 mante
2187 2856 2565 2911 constructns,
2591 2848 2673 2903 sic
2708 2850 2913 2919 scripta
2939 2849 3059 2918 ejus
3083 2851 3372 2905 universas
3405 2853 3555 2908 orbis

1975 2932 2252 2990 Ecclesias
2279 2936 3024 3006 circummuniunt:ipseque
3054 2939 3234 2992 instar
3263 2939 3552 2994 fortissimi

1977 3020 2197 3075 athleta:
2221 3023 2651 3076 statetiamnum.
2670 3024 2904 3086 medius,
2921 3026 3198 3094 captivam
3221 3026 3432 3080 ducens
3447 3043 3558 3080 om-

1975 3121 2102 3160 nem
2157 3111 2549 3178 cogitationem
2583 3109 2642 3163 in
2674 3111 3044 3165 obedientiam
3078 3112 3306 3178 Christi,
3358 3123 3414 3167 et
3457 3113 3552 3168 de-

1977 3202 2206 3258 strttens
2235 3211 2450 3252 omnem
2483 3197 2864 3252 celsitudinem
2897 3200 3202 3254 elevantem
3252 3214 3312 3254 se
3362 3207 3555 3254 contra

1976 3282 2348 3362 cognitionem
2387 3283 2480 3340 Dei
2511 3285 2589 3350 (ἢ.
2624 3283 2751 3339 Cor.
2782 3285 2872 3341 l0.
2903 3286 2980 3354 5).
3012 3285 3139 3340 Haec
3172 3302 3339 3356 porro
3369 3288 3556 3342 omnia

1975 3379 2238 3441 operatur
2269 3386 2366 3441 per
2394 3371 2748 3430 admirandas
2777 3373 2898 3428 illas
2927 3373 3202 3442 Epistolas
3231 3373 3414 3428 divina
3443 3375 3559 3444 ple-

1975 3474 2077 3517 nas
2107 3460 2404 3529 sapientia,
2431 3475 2572 3529 quas
2600 3460 2824 3529 reliquit
2850 3461 3031 3516 nobis.
3062 3460 3250 3530 Neque
3273 3463 3453 3516 solum
3479 3463 3548 3515 ad

1977 3547 2237 3617 dogmata-
2283 3548 2473 3616 spuria
2524 3547 2862 3602 coniutanda
2910 3564 3283 3617 germanaque
3332 3549 3560 3604 tutanda

1979 3633 2173 3688 idonea
2199 3645 2327 3690 sunt
2357 3636 2478 3704 ejus
2509 3637 2736 3705 scripta,
2762 3637 2856 3690 sed
2884 3637 3049 3690 etiam
3074 3636 3139 3692 ad
3169 3636 3367 3692 bonam
3392 3637 3560 3690 vitam

1980 3721 2376 3784 instituendam
2393 3737 2501 3777 non
2519 3723 2760 3784 minima:
2775 3724 3026 3778 utilitatis
3039 3723 3400 3779 sunLHorum
3417 3725 3561 3779 enim

1978 3809 2230 3864 Subsidia
2254 3809 2522 3880 hodieque
2547 3810 2915 3864 Ecclesiarum
2943 3810 3189 3880 praefecti
3218 3818 3436 3865 utentes
3453 3811 3562 3863 vir-

1977 3897 2158 3968 ginem
2187 3909 2418 3964 castam,
2451 3914 2616 3970 quam
2653 3899 2743 3953 ille
2769 3899 2993 3953 Christo
3017 3899 3297 3968 adaptavit
3320 3897 3395 3966 (2.
3420 3897 3546 3952 Cor.

1981 3997 2068 4051 ll.
2097 3995 2176 4067 2),
2210 3995 2547 4056 concinnant
2575 3991 2996 4061 efl‘ormantque,
3028 4001 3083 4046 et
3110 3991 3176 4045 ad
3211 3989 3552 4060 spiritualem

1982 4089 2452 4160 pulchritudinem
2481 4087 2781 4142 deducunt.
2824 4085 2921 4140 llis
2949 4085 3076 4138 item
3107 4085 3381 4138 irruentes
3406 4082 3462 4135 in
3497 4080 3561 4134 il-

1980 4182 2084 4236 lam
2103 4182 2324 4235 morbos
2349 4179 2644 4248 depellunt,
2671 4190 2993 4248 partatnque
3015 4176 3302 4231 sanitatem
3329 4185 3556 4227 conser-

1980 4284 2136 4329 vant.
2168 4273 2324 4326 Talia
2352 4273 2511 4325 nobis
2542 4272 2711 4325 idiota
2745 4271 2836 4324 ille
2862 4268 3102 4324 remedia
3130 4265 3374 4335 reliquit,
3403 4271 3556 4317 tanta

1978 4368 2184 4421 virtute
2214 4365 2466 4436 praedita,
2484 4379 2717 4434 quorum
2742 4362 3134 4432 experientiam
3160 4361 3358 4414 habent
3377 4357 3471 4428 qui
3499 4357 3563 4410 il-

1980 4461 2048 4521 lis
2073 4458 2389 4528 frequenter
2408 4465 2660 4511 utuntttr.
2689 4455 2846 4522 Quod
2863 4465 3044 4509 autem
3069 4454 3162 4509 ille
3189 4453 3294 4507 hac
3327 4451 3381 4505 in
3409 4459 3565 4520 parte

1980 4566 2232 4622 magnam
2265 4550 2694 4608 sollicitudinem
2721 4549 2989 4620 posuerit,
3016 4547 3142 4602 hinc
3163 4546 3341 4617 palam
3363 4552 3469 4602 est.

2067 4750 2121 4806 8.
2164 4749 2382 4803 Paulum
2403 4751 2456 4802 id
2484 4767 2514 4803 a
2543 4750 2683 4804 nobis
2710 4767 2904 4821 quoque
2933 4750 3057 4804 velle
3083 4753 3316 4806 exerceri.
3339 4783 3409 4792 —-
3430 4745 3564 4806 Audi

1997 4857 2125 4895 vero
2153 4841 2275 4910 quid
2303 4841 2353 4893 in
2386 4842 2615 4910 Epistula
2648 4857 2738 4894 sua
2767 4841 3025 4910 discipulo
3049 4841 3188 4894 dicat
3215 4860 3227 4894 :
3254 4841 3466 4894 Attende
3491 4841 3566 4894 le-

1996 4932 2169 4996 ctioni,
2189 4932 2541 4994 exhortationi,
2565 4933 2806 4985 doctrina:
2819 4947 2838 4995 ,'
2855 4933 3005 5000 cujus
3025 4931 3097 4985 rei
3121 4931 3348 4984 fructum
3363 4931 3564 4998 adjicit,

1996 5026 2180 5080 dicens
2211 5043 2224 5078 :
2261 5025 2372 5078 Hoc
2397 5026 2526 5078 enim
2556 5025 2763 5095 faciens,
2791 5035 2840 5077 et
2865 5027 3077 5093 teipsum
3102 5024 3294 5076 salvum
3320 5023 3492 5092 facies,
3523 5033 3568 5075 et

1997 5134 2080 5171 eos
2101 5119 2187 5186 qui
2214 5127 2260 5169 te
2282 5117 2492 5168 audiunt
2520 5115 2590 5188 (ι.
2618 5115 2747 5168 Tim.
2773 5120 2825 5169 4.
2861 5115 2967 5184 l6).
2997 5115 3074 5168 Ac
3104 5129 3334 5178 rursum,
3357 5113 3567 5167 Servum

1998 5202 2204 5255 Domini
2245 5219 2344 5254 non
2388 5211 2580 5269 oportet
2617 5201 2840 5270 litigare,
2871 5202 2960 5253 sed
3001 5209 3310 5251 mansuetum
3353 5215 3460 5252 esse
3502 5200 3569 5251 ad

1999 5311 2170 5348 omnes
2189 5333 2204 5358 ,
2233 5293 2491 5344 docibilem
2509 5332 2524 5356 ,
2555 5293 2818 5361 patientem
2841 5293 2914 5362 (2.
2949 5290 3079 5343 Tim.
3109 5289 3165 5343 2.
3193 5290 3306 5358 24).
3339 5291 3414 5344 Ac
3443 5305 3564 5358 pro-

1998 5399 2214 5453 gressus
2242 5382 2316 5436 ait
2347 5399 2360 5434 :
2397 5381 2473 5434 Tu
2511 5397 2624 5435 vero
2663 5399 2898 5452 permane
2923 5383 2976 5434 in
3000 5381 3062 5433 iis
3085 5421 3100 5444 ,
3129 5398 3241 5451 qua:
3269 5381 3489 5434 didicisti
3525 5394 3570 5435 et

1999 5477 2188 5530 credita
2216 5485 2330 5528 sunt
2360 5475 2447 5526 tibi
2467 5513 2481 5536 ,
2511 5474 2669 5528 sciens
2695 5489 2725 5524 a
2753 5488 2849 5542 quo
2876 5473 3109 5526 didiceris
3127 5514 3142 5533 ,
3175 5482 3221 5526 et
3249 5473 3366 5540 quia
3399 5473 3462 5526 ab
3487 5474 3568 5526 in»

2003 5568 2162 5638 {mnia
2197 5581 2368 5619 sacras
2409 5565 2579 5618 literas
2617 5563 2768 5628 nosti,
2791 5579 2901 5633 qua:
2935 5572 2981 5617 te
3016 5565 3202 5632 possint
3237 5565 3484 5618 instruere
3505 5565 3571 5620 ad

2000 5659 2214 5711 salutem
2264 5654 2392 5725 (Id.
2430 5656 2481 5708 5.
2523 5655 2608 5709 14.
2656 5654 2782 5724 15).
2827 5656 2902 5709 Ac
2954 5671 3166 5720 rursus,
3220 5654 3397 5710 Omnis
3446 5656 3572 5708 scri-

2005 5760 2151 5816 ptura
2176 5747 2412 5800 divinitus
2435 5746 2698 5812 inspirata,
2725 5744 2909 5815 inquit,
2940 5748 3074 5801 utilis
3095 5755 3165 5814 est
3187 5745 3254 5798 ad
3273 5745 3570 5805 docendum,

2004 5843 2069 5895 att
2111 5838 2459 5909 arguentium,
2492 5839 2560 5890 ad
2603 5838 3007 5909 corripiendum,
3049 5839 3115 5892 ad
3159 5837 3483 5892 erudiendum
3527 5842 3576 5889 in
