3944 6202
334 1076 363 1090 Ι

396 330 492 384 Ml

401 541 528 588 item
550 532 675 603 qttid
697 531 816 596 Tito
837 532 904 586 de
925 531 1294 602 episc0pornm
1316 532 1691 586 constitutione
1711 530 1984 586 disserens

399 623 634 677 declaret
665 639 678 674 :
709 621 916 692 Oportet
960 623 1101 676 enim
1121 663 1134 687 ,
1169 622 1338 692 inquit
1363 664 1378 688 ,
1409 623 1700 691 episcopum
1747 620 1986 689 amplecti

401 732 534 776 eum,
557 715 643 784 qui
668 699 940 767 secundum
966 713 1246 766 doctrinam
1271 723 1362 776 est,
1387 713 1586 781 ﬁdelem
1607 729 1904 777 sermonem,
1929 721 1986 765 ut

401 795 564 875 possit
588 821 672 858 eos
692 847 707 871 ,
735 805 818 873 qui
847 804 1198 858 contradicunt
1217 845 1232 867 ,
1258 820 1468 874 arguere
1496 803 1638 873 (Tit.
1669 805 1722 857 1.
1749 803 1784 858 9
1812 805 1852 873 ).
1884 803 1985 869 Qui

398 910 528 962 ergo
556 893 714 947 idiota
740 935 754 958 ,
787 903 840 946 ut
874 893 924 946 hi
959 893 1169 955 dicunt,
1200 892 1624 947 contradicentes
1663 908 1888 962 arguere
1927 901 1982 947 et

403 987 689 1040 refrtnnare
711 985 938 1053 poterit?
958 986 1218 1052 Quorsum
1243 984 1515 1039 attendere
1537 985 1746 1038 lectioni
1763 992 1816 1038 et
1837 984 1982 1039 Scri-

408 1078 609 1145 pluris,
639 1077 683 1131 si
714 1093 772 1131 ea
814 1077 966 1130 nobis
997 1076 1288 1146 ignorantia
1319 1075 1684 1144 amplectenda
1717 1075 1835 1129 est?
1865 1075 1990 1129 "th

407 1170 655 1222 ohtentus
693 1177 815 1223 sunt
843 1177 899 1222 et
939 1176 1224 1237 prmtextus
1249 1208 1262 1232 ,
1296 1182 1358 1222 ac
1387 1167 1626 1236 segnitiei
1662 1166 1990 1236 ignavizeque

408 1260 797 1312 excusationes.
833 1257 1028 1311 Verum
1052 1299 1066 1322 ,
1099 1257 1302 1327 inquies
1326 1298 1340 1324 ,
1372 1256 1484 1311 haec
1507 1257 1771 1325 episcopis
1800 1256 1990 1325 princi-

411 1351 624 1416 piuntur
649 1367 661 1402 :
688 1364 808 1402 nam
833 1348 898 1403 de
928 1348 1189 1417 episcopis
1211 1349 1363 1402 nobis
1385 1348 1493 1417 jam
1517 1357 1599 1402 est
1619 1362 1817 1402 sermo.
1841 1346 1990 1414 Quod

409 1451 587 1496 autent
615 1450 669 1496 et
689 1441 912 1495 subditis
936 1441 1158 1510 idipsum
1187 1440 1486 1505 conVeniat,
1511 1439 1630 1493 audi
1655 1439 1778 1508 quid
1808 1438 1862 1491 in
1889 1437 1992 1490 alia

414 1529 643 1598 Epistola
689 1531 805 1584 aliis
843 1530 1026 1584 dicat:
1066 1528 1278 1583 Verbum
1321 1529 1504 1582 Christi
1545 1528 1732 1581 habitet
1770 1528 1822 1581 in
1859 1527 1994 1581 vobis

410 1621 726 1672 abundanter
751 1622 804 1674 in
831 1624 965 1673 omni
992 1621 1239 1688 sapientia
1267 1618 1493 1692 (Coloss.
1523 1621 1574 1674 ὃ.
1610 1619 1748 1690 16);
1779 1634 1841 1673 ac
1871 1634 1994 1672 rur-

410 1727 527 1764 sum
561 1729 574 1764 :
604 1711 783 1764 Scrmo
808 1723 964 1764 vester
990 1727 1184 1781 semper
1220 1712 1272 1764 in
1301 1713 1463 1782 gratia
1487 1711 1592 1764 sale
1625 1711 1688 1763 sit
1718 1711 1949 1763 conditus
1972 1751 1987 1775 ,

411 1809 465 1852 ut
501 1800 670 1854 sciatis
709 1801 956 1870 quomodo
998 1811 1222 1870 oporteat
1262 1817 1346 1854 vos
1383 1800 1648 1870 unicuique
1685 1799 1988 1868 respondere

414 1890 519 1958 (Id.
574 1892 627 1946 4.
674 1891 752 1962 6).
783 1893 897 1946 Jam
924 1892 1063 1963 quod
1114 1893 1238 1947 velit
1274 1892 1340 1946 ad
1395 1893 1817 1962 respondendum
1875 1907 1995 1948 esse

417 1993 650 2051 paratos,
682 1985 732 2038 id
751 1987 996 2040 omnibus
1021 1985 1212 2040 dicitur
1243 1985 1319 2059 (Ι.
1343 1985 1482 2040 Petr.
1512 1987 1695 2054 3.15).
1724 1986 1803 2040 Ad
1829 1986 1995 2040 Thes-

415 2074 776 2128 salonicenses
803 2091 952 2143 vero,
989 2076 1286 2146 Ettiﬁcate,
1316 2077 1503 2146 inquit,
1527 2078 1844 2142 alterutrum,
1869 2079 1996 2132 sicut

414 2174 459 2214 et
485 2164 652 2232 facitis
677 2164 935 2234 (LThess.
959 2167 1012 2222 5.
1040 2168 1150 2236 ll).
1181 2165 1312 2222 Cum
1341 2178 1515 2222 autem
1543 2168 1609 2222 de
1632 2167 1995 2223 sacerdotibus

414 2254 573 2308 verba
597 2253 740 2321 facit,
766 2256 863 2320 Qui
886 2256 1008 2310 bene
1031 2267 1254 2326 praesunt
1279 2258 1575 2328 presbyteri,
1595 2259 1782 2326 inquit,
1807 2258 1996 2329 duplici

417 2347 604 2401 honore
625 2348 762 2419 digni
790 2350 1083 2414 habeantur,
1112 2351 1328 2404 maxime
1350 2352 1433 2417 qui
1458 2352 1686 2406 laborant
1712 2351 1765 2404 in
1784 2351 1928 2404 verbo
1948 2362 1996 2406 et

417 2439 644 2492 doctrina
698 2437 743 2508 (t
777 2439 907 2492 Tim.
929 2441 980 2495 5.
1007 2442 1117 2511 l7).
1147 2442 1351 2496 Etenim
1377 2442 1461 2496 hic
1479 2451 1560 2497 est
1583 2442 1996 2512 perfectissimus

416 2530 670 2584 doctrina).
698 2533 976 2596 terminus,
1006 2548 1124 2587 cum
1153 2543 1204 2587 et
1229 2534 1479 2602 operibus
1507 2544 1560 2589 et
1585 2536 1744 2590 dictis
1771 2537 1880 2591 suis
1910 2536 1994 2589 di-

417 2619 649 2687 scipulos
678 2619 733 2672 in
761 2620 966 2674 beatam
1006 2637 1032 2674 a
1065 2621 1277 2676 Christo
1305 2623 1597 2677 institutam
1629 2626 1788 2679 vitam
1823 2625 1995 2680 dedu-

417 2717 564 2762 cunt.
590 2707 773 2777 Neque
802 2711 942 2764 enim
976 2710 1109 2764 facta
1139 2711 1408 2766 sufliciunt
1436 2712 1500 2766 ad
1531 2713 1846 2768 docendum.
1878 2714 1994 2770 Non

423 2813 574 2852 meus
595 2808 678 2851 est
699 2814 892 2864 sermo,
919 2801 1010 2855 sed
1043 2801 1206 2872 ipsius
1231 2801 1528 2857 Servatoris
1551 2821 1564 2857 :
1592 2805 1688 2869 Qui
1713 2805 1876 2870 enim,
1900 2805 1992 2871 ait,

417 2888 586 2956 fecerit
613 2898 658 2942 et
682 2890 922 2955 docuerit,
950 2893 1029 2946 hic
1053 2909 1264 2963 magnus
1289 2893 1544 2947 vocabitur
1566 2894 1781 2965 (Matth.
1804 2896 1857 2951 5.
1885 2897 1993 2966 l9).

417 2979 548 3035 Nam
577 2983 621 3036 si
660 2982 831 3038 facere
859 2985 996 3039 idem
1021 2995 1175 3050 esset‘
1193 2988 1330 3055 quod
1361 2986 1553 3042 docere
1574 3029 1590 3053 ,
1621 2987 1886 3056 superﬂue
1913 3003 1997 3043 se-

419 3074 646 3129 cundttm
688 3076 815 3132 ilhtd
863 3079 1178 3147 adderetur;
1221 3081 1350 3137 satis
1393 3083 1532 3138 enim
1572 3082 1758 3138 fuisset
1797 3083 1996 3138 dixisse

419 3174 618 3222 tantum
639 3209 654 3232 ,
709 3163 813 3229 Qui
833 3167 1196 3236 fecerit-Nunc
1219 3190 1346 3229 vero
1371 3176 1510 3245 quod
1543 3177 1678 3232 inter
1705 3186 1994 3246 utrumque

417 3256 723 3328 distinguat,
758 3263 1024 3324 ostendit,
1053 3263 1185 3317 alias
1211 3280 1331 3319 esse
1360 3281 1581 3334 operum
1624 3275 1799 3336 partes
1818 3309 1834 3332 ,
1865 3267 1996 3320 alias

419 3349 699 3411 sermonis,
725 3349 894 3418 adque
917 3352 1198 3419 perfectam
1222 3355 1626 3410 aedificationem
1648 3373 1807 3411 unum
1829 3358 1996 3411 altero

420 3436 678 3506 indigere.
721 3439 909 3493 Annon
945 3441 1096 3495 audis
1130 3443 1252 3512 quid
1287 3445 1634 3513 Ephesiorum
1671 3447 1995 3518 presbyteris

417 3527 560 3581 dicat
584 3544 673 3581 vas
700 3529 825 3582 illud
853 3531 1078 3586 electum
1109 3533 1344 3589 Christi?
1375 3536 1591 3606 Pr0pter
1613 3540 1766 3609 quod,
1796 3540 1985 3608 inquit,

418 3616 637 3686 vigilate,
663 3622 900 3674 memoria
924 3624 1206 3690 retinentes,
1229 3629 1465 3693 quoniam
1487 3647 1575 3700 per
1601 3631 1868 3684 triennium
1893 3647 1994 3684 non

419 3709 640 3772 cessavi,
673 3727 787 3764 cum
830 3713 1067 3784 lacrymis
1107 3733 1311 3772 monens
1351 3736 1749 3792 unumquemque
1780 3731 1994 3774 vestrum

417 3833 466 3849 .-

1101 331 1158 384 S.
1197 327 1473 385 JOANNIS
1510 325 1983 383 CllRYSOSTOMl
2022 323 2334 383 ARCIllEP.
2374 319 2910 379 CONSTANTLNOP.

388 442 613 514 justitia,
637 451 688 494 ut
712 441 964 510 perfectus
989 441 1052 495 sit
1079 442 1230 506 homo
1252 441 1351 495 Dei
1364 441 1439 507 (Ξ.
1468 441 1597 494 Tim.
1620 441 1674 495 5.
1705 439 1814 510 l6).
1845 439 1982 493 Audi

3543 321 3636 378 672

2089 437 2108 508 (
2136 439 2248 491 Act.
2277 437 2368 491 20.
2398 437 2459 491 '51
2491 435 2534 503 ).
2574 434 2704 489 Nam
2743 434 2868 504 quid
2897 446 3030 502 opus
3064 432 3311 505 lacrymis
3331 473 3346 499 ,
3372 433 3452 488 vel
3482 436 3640 490 verbis

2088 525 2509 581 commonitoriis
2534 566 2549 592 ,
2593 525 2704 579 vita
2745 525 2797 578 in
2841 524 2933 579 illo
2964 524 3246 592 apostolica
3283 525 3352 576 ita
3394 523 3640 593 fulgente?

2064 616 2194 672 -Sed
2230 616 2296 671 ad
2325 626 2710 686 praeceptorum
2738 614 3164 670 observationem
3207 614 3257 668 id
3295 615 3444 670 nobis
3473 616 3640 672 admo-

2090 707 2214 761 dum
2238 705 2484 762 conferre
2510 707 2708 776 possit;
2739 721 2912 776 neque
2937 707 3078 760 enim
3103 705 3274 776 ipsum
3295 707 3461 761 solum
3483 709 3642 764 omnia

2093 810 2347 870 praestare
2377 815 2533 870 posse
2560 800 2806 855 dixerim.

2162 894 2216 949 9.
2262 893 2519 960 Quantum
2549 892 2790 946 damnum
2819 907 2880 945 ea:
2903 891 3188 961 ignorantia
3210 889 3565 960 episcoporum.
3588 922 3647 934 —

2091 983 2222 1039 Cum
2248 993 2424 1038 autem
2465 983 2532 1038 de
2551 1021 2558 1027 -
2577 983 2908 1052 dOgmatibus
2941 989 3209 1036 certamen
3240 981 3424 1047 fuerit,
3452 998 3646 1038 omnes-

2093 1093 2196 1148 que
2227 1077 2294 1130 ab
2321 1076 2507 1130 iisdem
2535 1076 2826 1144 Scripturis
2853 1071 3241 1138 dimicaverint,
3272 1089 3426 1139 quam
3449 1075 3545 1126 vim
3575 1074 3648 1128 hic

2093 1170 2216 1222 vitae
2242 1167 2537 1221 institutum
2568 1164 2828 1220 exhibere
2855 1163 3058 1233 possit?
3083 1163 3217 1229 Quid
3247 1163 3483 1217 utilitatis
3507 1163 3650 1218 sudo-

2095 1274 2180 1312 res
2221 1257 2374 1311 multi
2413 1256 2655 1321 afferant,
2686 1271 2804 1309 cum
2846 1263 2966 1324 post
3003 1264 3177 1308 tantos
3211 1255 3328 1307 illos
3363 1255 3561 1308 labores
3592 1269 3648 1308 ex

2097 1363 2284 1417 magna
2311 1361 2402 1400 sua
2435 1347 2696 1415 imperitia
2723 1346 2843 1415 quis
2872 1346 2923 1398 in
2954 1345 3196 1399 haeresim
3231 1344 3441 1412 lapsus,
3473 1345 3535 1399 ab
3561 1345 3650 1413 Ee-

2095 1441 2274 1495 clesiae
2311 1453 2535 1508 corpore
2578 1429 2845 1492 abscissus
2891 1436 3084 1491 fuerit?
3127 1435 3267 1505 quod
3310 1434 3515 1504 quidem
3555 1435 3652 1489 scio

2095 1533 2276 1586 multis
2298 1531 2569 1585 accidisse.
2592 1529 2742 1596 Quod
2770 1530 2970 1582 lucrum
2999 1527 3096 1597 ipsi
3123 1543 3186 1581 ex
3215 1525 3520 1580 tolerantia?
3541 1525 3650 1580 Nul-

2098 1624 2206 1678 ltnn
2239 1641 2253 1677 :
2282 1623 2420 1678 sicut
2457 1637 2556 1675 nec
2583 1636 2653 1675 ex
2681 1634 2807 1674 sana
2839 1619 2941 1674 ftde
2966 1659 2981 1685 ,
3013 1619 3056 1671 si
3086 1619 3192 1671 vita
3221 1626 3465 1685 corrupta
3491 1615 3646 1670 fuerit.

2098 1716 2191 1771 His
2235 1730 2364 1769 sane
2401 1714 2467 1769 de
2505 1713 2683 1767 causis
2727 1713 2911 1766 harum
2952 1710 3403 1765 concertationum
3446 1709 3656 1764 maxime

2097 1806 2334 1862 omnium
2368 1806 2595 1876 peritum
2625 1818 2745 1858 esse
2774 1811 2984 1872 oportet
3007 1843 3023 1869 ,
3053 1817 3174 1858 eum
3205 1804 3293 1872 qui
3325 1801 3541 1855 aliorum
3569 1800 3654 1854 do-

2097 1898 2386 1953 cendorum
2417 1911 2607 1951 munus
2635 1895 2852 1950 sortitus
2877 1903 2978 1949 est.
3003 1892 3135 1948 Nam
3165 1893 3374 1948 etiamsi
3402 1900 3534 1946 tutus
3557 1892 3655 1962 ipse

2100 1997 2338 2058 perstet.
2381 1988 2511 2042 nihil
2549 1988 2616 2041 ab
2657 1985 2975 2040 adversariis
3014 1985 3208 2047 laesus,
3257 1993 3312 2038 at
3349 1983 3654 2039 subditorum

2098 2081 2479 2150 simpliciorum
2500 2079 2798 2142 multitudo,
2817 2093 2934 2131 cum
2952 2077 3144 2131 viderit
3161 2077 3354 2132 ducem
3375 2085 3654 2145 superatum

2099 2170 2228 2225 nihil
2273 2184 2428 2240 posse
2466 2167 2782 2224 adversariis
2819 2181 3087 2236 opponere
3111 2207 3124 2231 ,
3171 2181 3282 2220 non
3320 2166 3654 2220 inﬁrmitatem

2097 2261 2252 2330 ejus,
2295 2258 2390 2314 sed
2435 2257 2697 2328 dogmatis
2740 2257 3150 2311 imbecillitatem
3193 2266 3511 2326 prostratam
3551 2270 3657 2310 esse

2098 2351 2362 2420 putabunt
2390 2366 2402 2403 :
2431 2359 2591 2419 atque
2611 2349 2679 2403 ob
2700 2348 2855 2402 unius
2879 2347 3195 2416 imperitiam
3227 2347 3423 2401 multus
3450 2347 3651 2416 populus

2099 2440 2150 2494 in
2172 2450 2461 2494 extremam
2484 2438 2770 2508 perniciem
2792 2436 3057 2505 dejicitur.
3085 2436 3309 2490 Etiamsi
3331 2438 3466 2490 enim
3489 2451 3542 2490 se
3561 2451 3682 2497 non,

2098 2533 2522 2587 adversariorum
2552 2532 2604 2584 in
2631 2537 2807 2599 partes
2833 2529 3109 2596 recipiant,
3139 2536 3373 2582 attamen
3400 2528 3465 2583 de
3487 2529 3656 2596 quibus

2099 2627 2366 2682 conﬁdere
2395 2635 2641 2696 poterant
2666 2669 2680 2693 ,
2711 2626 2776 2682 de
2804 2625 2991 2681 iisdem
3021 2623 3267 2679 dubitare.
3293 2633 3545 2694 coguntur
3573 2633 3658 2679 :et

2100 2719 2164 2773 iis
2189 2760 2202 2783 ,
2237 2736 2354 2788 quae
2395 2733 2515 2774 cum
2556 2719 2868 2773 inconcussa
2901 2717 3004 2771 fide
3033 2717 3313 2782 adierant,
3344 2731 3460 2768 cum
3489 2713 3654 2769 eadem

2095 2810 2202 2879 jam
2231 2811 2476 2866 firmitate
2503 2810 2779 2865 adlncrere
2809 2826 2912 2864 non
2945 2818 3162 2879 possunt
3196 2828 3210 2864 :
3245 2809 3342 2864 sed
3374 2815 3507 2862 tanta
3536 2816 3656 2861 tem-

2102 2911 2278 2971 pestas
2299 2917 2481 2956 eorum
2509 2901 2646 2957 inest
2665 2902 2874 2968 animis,
2895 2902 3052 2972 idque
3071 2917 3138 2956 ex
3159 2901 3394 2955 doctoris
3415 2901 3482 2954 tui
3504 2897 3654 2963 clade,

2102 3003 2157 3048 ut
2184 2995 2234 3047 in
2265 2993 2592 3062 naufragium
2620 2994 2831 3048 tandem
2861 2993 3146 3062 pessimum
3179 2991 3447 3047 desinant.
3470 2991 3654 3058 Quanta

2102 3102 2232 3140 vero
2275 3086 2570 3157 pernicies,
2615 3094 2946 3156 quantusque
2970 3084 3122 3154 ignis
3151 3084 3202 3138 in
3231 3085 3482 3139 miserum
3518 3088 3658 3150 caput

2100 3177 2242 3231 illius
2272 3191 2367 3246 pro
2393 3176 2612 3246 singulis
2641 3175 2983 3245 pereuntibus
3005 3185 3397 3240 coarcervetur,
3422 3167 3521 3229 non
3541 3187 3658 3241 opus

2100 3275 2258 3321 estut
2285 3282 2314 3320 a
2335 3282 2421 3321 me
2441 3267 2634 3332 discas,
2657 3282 2776 3321 cum
2799 3265 2973 3320 omnia
2996 3273 3241 3320 accurate
3267 3266 3432 3320 scias.
3456 3264 3663 3319 Haecine

2103 3356 2258 3426 igitur
2285 3365 2367 3411 est
2395 3355 2730 3426 arrogantia),
2760 3356 2980 3411 hoccine
3009 3371 3157 3410 vanae
3183 3356 3396 3426 gloriae,
3422 3355 3554 3425 quod
3581 3369 3663 3407 no.

2101 3447 2290 3502 luerim
2338 3455 2416 3501 tot
2461 3447 2733 3501 hominum
2775 3447 3030 3516 perniciei
3067 3461 3222 3501 causa
3261 3461 3425 3508 esse.
3464 3455 3513 3500 et
3549 3442 3662 3498 mihi

2102 3538 2272 3606 majus
2301 3537 2573 3593 attrahere
2595 3537 2932 3606 supplicium,
2954 3553 3111 3606 quam
3145 3537 3193 3590 id
3219 3537 3368 3606 quod
3396 3536 3660 3605 repositum

2101 3629 2220 3684 est?
2243 3628 2436 3699 Ecquis
2462 3628 2574 3682 haec
2597 3628 2820 3684 dixerit?
2841 3643 3017 3695 nemo,
3039 3629 3137 3682 nisi
3166 3627 3368 3683 frustra
3393 3625 3660 3687 criminari,

2101 3729 2156 3775 et
2185 3721 2236 3774 in
2266 3721 2453 3776 alienis
2479 3721 2866 3776 calamitatibus
2893 3720 3254 3791 philosolihari
3283 3722 3434 3776 velit.

467 3837 3636 3869 ________________________________________

1375 3927 1845 4031 LIBER
1933 3923 2669 4052 QUINTUS.

859 4228 964 4262 HEC
988 4228 1158 4264 INSUN‘I‘
1180 4231 1317 4268 ΜΒΒο
1339 4233 1510 4273 QUINTO
1533 4233 1544 4268 ἒ

418 4313 450 4354 l.
479 4308 678 4390 pigitum
690 4311 874 4390 laboris
902 4329 958 4390 ac
974 4318 1119 4367 studii
1141 4318 1465 4370 adhibendum
1499 4323 1546 4372 in
1566 4323 1772 4375 homiliis
1795 4327 1995 4390 pepula~

479 4372 614 4419 ribus
628 4377 984 4425 concinnandis.

418 4433 1114 4513 lt._tiuic-munerideputatos
1136 4439 1304 4492 laudes
1331 4457 1590 4507 spernere,
1615 4459 1670 4497 ac
1691 4449 1879 4498 dicendi
1904 4465 1993 4513 pe-

478 4495 731 4542 ritosesse
754 4495 960 4546 debere.

423 4553 617 4660 "quasi
658 4561 865 4617 utroque
907 4562 1134 4612 sacerdos
1175 4565 1240 4614 sit
1283 4567 1528 4628 praeditus,
1568 4568 1786 4620 inutilem
1815 4573 1992 4635 populo

417 4678 488 4744 ty.
507 4673 764 4744 _lnvi_t_liam_
779 4685 1054 4744 contemnat
1075 4691 1324 4744 oportere.

417 4734 695 4844 Wfﬁalilg’ito
717 4736 827 4800 plus
859 4741 1004 4790 studii
1029 4751 1081 4794 et
1106 4734 1388 4807 'diligentite
1411 4761 1531 4811 Opus
1565 4763 1694 4813 esse,
1722 4766 1865 4816 quam
1883 4755 1991 4805 ine-

415 4856 752 4934 \'t.-_J‘udiciulm
795 4860 1114 4915 multitudinis
1142 4866 1390 4934 imperitae
1441 4885 1604 4934 neque
1641 4876 1835 4924 omnino
1875 4890 1991 4927 con-

477 4920 813 4989 temnendum,
839 4936 1003 4986 neque
1026 4929 1153 4976 omni
1179 4920 1243 4976 ei
1265 4938 1399 4989 parte
1417 4920 1835 4986 cura'ndumWe—sse.

415 4984 794 5090 \‘thogegstggnes
806 4984 978 5036 omnes
1000 5000 1078 5047 eo,
1103 4997 1156 5038 ut
1173 4984 1275 5040 Deo
1288 4999 1470 5042 tantum
1489 4994 1751 5056 placeatur,
1767 4984 1991 5062 dirigen-

797 5107 862 5156 sit
882 5105 1036 5158 laudis
1071 5118 1387 5175 contemptor,
1417 5117 1464 5165 ei
1504 5117 1654 5168 multa
1669 5122 1831 5183 gravia
1879 5135 1991 5172 esse

489 5353 540 5406 1.
597 5354 814 5410 Multum
869 5361 1055 5416 laboris
1117 5365 1168 5418 in
1221 5368 1439 5425 homiliis
1493 5375 1872 5431 concinnandis.
1916 5407 1990 5419 —-

416 5442 623 5506 Quanta
675 5451 743 5502 sit
781 5451 986 5508 doctori
1039 5459 1363 5527 experientia
1415 5462 1657 5532 opus‘ad
1697 5472 1986 5525 certamina

416 5547 513 5602 pro
541 5537 757 5593 veritate
801 5544 1154 5614 suscipienda,
1199 5561 1336 5604 sata
1384 5555 1538 5608 nobis
1569 5557 1988 5615 demonstratum

417 5642 537 5679 esse
563 5638 708 5694 puto.
743 5632 900 5687 Aliud
929 5646 1180 5703 praeterea
1211 5641 1490 5698 dicendum
1521 5656 1703 5714 restat,
1730 5650 1869 5717 quod
1905 5660 1988 5704 est

418 5717 740 5775 intiniturunt
783 5740 940 5780 causa
970 5729 1352 5799 periculorum;
1399 5736 1504 5790 imo
1539 5753 1666 5793 vero
1710 5757 1813 5796 non
1858 5743 1984 5798 illud

2099 4237 2218 4278 esse
2250 4237 2465 4276 causam
2504 4221 2752 4289 dixerim,
2781 4221 2876 4277 sed
2900 4237 2994 4278 eos
3021 4224 3109 4292 qui
3138 4221 3227 4278 illo
3265 4224 3435 4293 probe
3476 4223 3547 4278 uti
3576 4236 3665 4276 ne-

2098 4313 2315 4368 sciunt:
2347 4312 2770 4382 quandoquidem
2802 4329 2891 4368 res
2919 4313 3029 4382 ipsa
3073 4323 3126 4368 et
3167 4314 3356 4369 salutis
3396 4324 3450 4370 et
3489 4315 3664 4368 multo-

2097 4419 2212 4457 rum
2241 4403 2502 4458 bonorum
2533 4404 2860 4458 conciliatrix
2888 4413 2991 4470 est,
3015 4405 3140 4458 dum
3183 4421 3212 4458 a
3243 4406 3374 4461 viris
3405 4406 3578 4475 probis
3613 4412 3664 4457 et

2097 4493 2438 4562 diligentibus
2491 4494 2910 4549 administretur.
2959 4495 3096 4562 Quid
3151 4495 3285 4552 illud
3335 4498 3455 4552 est?
3505 4496 3664 4550 Labor

2100 4585 2299 4638 multus
2321 4584 2372 4638 in
2399 4584 2844 4654 disputationibus
2872 4587 3078 4655 publice
3103 4587 3170 4641 ad
3196 4587 3446 4656 populum
3478 4587 3667 4641 haben-

2099 4673 2182 4727 dis
2203 4674 2521 4743 insumptus.
2547 4675 2780 4729 Primum
2805 4677 2947 4730 enim
2979 4692 3167 4746 magna
3195 4677 3525 4731 subditorum
3554 4690 3664 4745 pars

2096 4763 2286 4817 nolunt
2327 4779 2420 4818 eos
2465 4765 2552 4834 qui
2597 4765 2905 4835 loquuntur,
2945 4767 2998 4820 in
3044 4778 3430 4836 praeceptorum
3480 4767 3664 4822 habere

2097 4853 2248 4918 loco;
2275 4854 2389 4920 sed,
2425 4854 2806 4924 discipulorum
2834 4857 3075 4911 ordinem
3107 4859 3456 4928 supergressi,
3489 4871 3660 4914 eorum

2099 4944 2456 5000 conditionem
2479 4955 2755 5014 usurpant,
2779 4947 2868 5016 qui
2887 4948 2939 5001 in
2960 4956 3302 5002 externorum
3323 4947 3543 5002 theatris
3563 4959 3659 4998 cer.

2101 5037 2295 5090 tamina
2358 5037 2644 5106 spectaturi
2699 5039 2906 5094 sedent.
2972 5040 3050 5095 Ac
3094 5039 3539 5109 quemadmodum
3599 5035 3658 5089 ibi

2099 5129 2381 5184 multitudo
2421 5131 2473 5184 in
2521 5132 2784 5185 contraria
2837 5131 3009 5186 studia
3055 5132 3330 5198 scinditur,
3372 5133 3489 5186 aliis
3526 5129 3656 5190 huic,

2098 5219 2216 5274 aliis
2258 5221 2328 5275 illi
2360 5220 2699 5278 faventibus:
2728 5225 2795 5279 ita
2838 5233 2891 5278 et
2931 5225 3015 5278 hic
3043 5226 3219 5290 divisi,
3262 5226 3347 5279 alii
3394 5225 3458 5279 ad
3491 5225 3652 5292 hujus,

2094 5313 2181 5365 alii
2211 5313 2275 5367 ad
2304 5313 2445 5367 illius
2475 5325 2650 5384 partes
2685 5327 2980 5384 transeunt,
3016 5319 3099 5372 vel
3126 5319 3190 5372 ad
3220 5317 3441 5389 gratiam
3475 5316 3552 5369 vel
3593 5313 3650 5366 ad

2095 5403 2275 5456 odium
2322 5405 2338 5434 ί
2386 5421 2545 5462 aures
2598 5407 2896 5463 dicentibus
2963 5411 3444 5464 accommodantes.
3489 5407 3655 5474 Neque

2095 5493 2146 5547 id
2178 5495 2346 5548 solum
2376 5497 2655 5552 molestum
2685 5508 2785 5563 est,
2813 5499 2906 5552 sed
2938 5509 2991 5553 et
3016 5500 3156 5554 aliud
3184 5500 3428 5570 quiddam
3459 5513 3558 5551 non
3587 5497 3654 5548 le-

2097 5583 2231 5638 vius.
2265 5585 2393 5640 Nam
2421 5589 2464 5642 si
2493 5605 2650 5658 quem
2677 5587 2946 5660 contingat
2977 5601 3179 5660 partem
3203 5593 3429 5661 aliquam
3459 5601 3650 5650 eorum,

2160 5755 2173 5786 ‘
2197 5757 2268 5804 sic.
2288 5757 2480 5818 quidam
2505 5765 2608 5806 Mss.
2634 5760 2748 5808 tiditi
2767 5774 2905 5814 vero,
2923 5762 2985 5809 ad
3009 5767 3215 5823 gratum:
3235 5768 3278 5809 ct
3300 5758 3360 5808 ad
3383 5753 3559 5808 (utinm.
