3944 6202
234 191 341 244 675

231 303 495 374 λεγόντων
530 305 694 378 μέρος
735 324 789 361 τι
833 308 943 361 τῶν
991 309 1197 381 ἑτέροις
1249 312 1593 384 πονηθέντων
1639 317 1904 387 ἐνυφῆναι

229 395 344 455 ταῖς
395 392 572 460 λόγοις
605 392 793 457 αὑτοῦ,
833 395 1058 450 πλείονα
1095 399 1204 450 τῶν
1236 398 1305 452 τά
1348 402 1607 471 χρήματα
1645 403 1905 458 κλεπτόν-

229 499 338 534 των
386 482 676 552 ὑφίσταται
721 483 929 556 ὀνείδη·
979 486 1242 550 πολλάκις
1283 487 1341 542 δὲ
1388 490 1510 543 οὐδὲ
1549 491 1734 546 λαϐὼν
1767 497 1898 568 παρ’

229 569 440 633 οὑδενὸς
466 571 638 636 οὐδὲν,
675 572 788 624 ἀλλ’
817 573 1178 639 ὑποπτευθεὶς
1211 577 1394 646 μόνον,
1423 579 1493 633 τά
1520 581 1629 635 τῶν
1669 583 1904 638 ἑαλωκό-

229 675 336 711 των
375 658 544 712 ἔπαθε
599 672 646 712 ι.
676 663 785 715 Καὶ
817 661 870 714 τί
896 661 1040 730 λέγω
1074 663 1186 716 τῶν
1217 667 1430 738 ἑτέροις
1469 671 1900 741 πεπονημένων;

228 747 390 800 αὑτὸν
433 751 544 810 τοῖς
593 750 869 821 εὑρήμασι
906 755 1021 816 τοῖς
1071 754 1264 809 ἐαυτοῦ
1315 758 1555 828 συνεχῶς
1592 761 1903 830 χρήσασθαι

227 835 328 888 οὑκ
384 835 484 890 ένι.
532 837 606 890 Οὑ
655 839 763 909 γάρ
806 840 942 910 πρὸς
987 842 1277 910 ὠφέλειαν,
1329 846 1469 900 ἀλλά
1518 848 1656 920 πρὸς
1708 850 1902 920 τέρψιν

227 922 446 976 ἀκούειν
503 924 817 996 εἰθίσθησαν
857 931 905 981 οἱ
961 930 1176 991 πολλοὶ.
1226 934 1478 1008 καθάπερ
1530 939 1825 1010 τραγῳδῶν
1867 940 1901 1012 ἢ

227 1011 543 1083 κιθαρῳδῶν
586 1014 885 1085 καθήμενοι
926 1017 1196 1074 δικασταί.
1228 1023 1340 1076 Καὶ
1383 1025 1416 1094 ἡ
1457 1024 1553 1078 τοῦ
1603 1026 1764 1094 λόγου
1808 1011 1902 1080 δύέ

228 1116 412 1169 ναμις,
452 1100 518 1170 ἢν
560 1100 887 1174 ἐξεϐάλομεν
923 1107 1038 1168 νῦν,
1078 1108 1252 1174 οὑτως
1283 1112 1515 1166 ἐνταῦθα
1546 1115 1758 1182 γίνεται
1798 1135 1898 1169 πο-

226 1186 412 1258 θεινὴ,
460 1189 538 1250 ὡς
580 1190 701 1244 οὑδὲ
748 1196 858 1257 τοῖς
901 1200 1222 1266 σοφισταῖς,
1270 1200 1398 1254 ὅταν
1446 1203 1582 1274 πρὸς
1639 1204 1900 1275 ἀλλήλους

225 1277 587 1344 ἀγωνίζεσθαι
617 1279 1060 1350 ἀναγκάζωνται.

296 1436 362 1506 β’.
384 1439 658 1527 ,Γενναίας
687 1435 779 1495 οῦν
811 1441 892 1496 δεῖ
924 1445 1198 1500 κάνταῦθα
1241 1448 1440 1520 ψυχῆς,
1494 1453 1588 1506 καὶ
1633 1453 1766 1508 πολὺ
1801 1456 1901 1527 τὴν

223 1525 499 1596 ἡμετέραν
535 1527 969 1604 ὑπερϐαινούσης
1017 1535 1376 1607 σμικρότητα,
1410 1538 1494 1592 ῖνα
1530 1541 1628 1612 τὴν
1669 1525 1900 1598 ἄτακτον

223 1613 318 1703 καί
359 1614 607 1687 ἀνωφελῆ
663 1618 756 1672 τοῦ
794 1620 1032 1690 πλήθους
1083 1623 1272 1695 ἡδονὴν
1324 1626 1546 1699 κολάζῃ,
1604 1628 1752 1703 [416]
1807 1633 1931 1703 καὶ,

223 1700 361 1770 πρὸς
397 1703 458 1791 :0
512 1704 934 1776 ὠφελιμώτερον
971 1709 1230 1778 μετάγειν
1267 1711 1491 1784 δύνηται
1547 1700 1646 1786 την
1693 1700 1898 1791 ἀκρόα-

224 1805 329 1851 σιν,
383 1789 460 1852 ὼς
507 1792 656 1862 αὑτῷ
687 1793 780 1846 τὸν
815 1793 944 1848 λαὸν
989 1798 1215 1852 ἔπεσθαι
1265 1803 1360 1854 καὶ
1401 1804 1591 1868 εἴκειν,
1641 1789 1782 1860 ἀλλά
1823 1809 1898 1881 μὴ

221 1882 385 1935 αὑτὸν
420 1885 540 1947 ταῖς
573 1885 796 1938 ἐκείνων
831 1886 1059 1955 ἄγεσθαι
1101 1891 1440 1962 ἐπιθυμίαις.
1471 1894 1674 1948 Τούτου
1709 1897 1764 1949 δὲ
1805 1900 1897 1953 05-

220 1969 407 2040 δαμῶς
438 1971 586 2025 ἐστιν
627 1974 922 2044 ἐπιτυχεῖν,
963 1977 1076 2030 ἀλλ’
1124 1979 1157 2050 ἢ
1199 1979 1287 2033 διά
1320 1981 1528 2035 τούτοιν
1576 1987 1691 2037 τοῖν
1731 1985 1895 2051 δυοῖν,

219 2060 319 2131 τῆς
356 2077 414 2112 τε
469 2059 580 2112 τῶν
635 2063 873 2115 ἐπαίνων
930 2066 1253 2135 ὑπεροψίας,
1311 2069 1537 2141 καὶτῆς
1584 2073 1641 2125 ἐν
1686 2073 1766 2144 τῷ
1808 2075 1898 2129 λέ-

218 2164 336 2215 γειν
371 2147 672 2219 δυνάμεως.
713 2151 833 2204 Κᾶν
866 2151 974 2222 γάρ
1009 2153 1071 2206 :0
1107 2155 1292 2226 ἕτερον
1341 2158 1492 2229 ἀπῇ,
1541 2160 1601 2214 τὸ
1641 2161 1896 2235 λειπόμε-

218 2253 307 2289 νον
350 2235 622 2307 ἄχρηστον
669 2238 879 2305 γίνεται
930 2243 995 2312 τῇ
1053 2241 1322 2310 διαζεύξει
1370 2244 1621 2319 θατέρου.
1687 2251 1786 2304 "Av
1835 2270 1896 2306 τε

216 2323 325 2394 γὰρ
383 2325 622 2378 ἐπαίνων
665 2325 951 2398 ὑπερορῶν
998 2328 1026 2367 δ
1073 2329 1147 2400 μὴ
1204 2333 1488 2405 προσφέρῃ
1549 2335 1896 2393 διδασκαλίαν

212 2412 312 2481 τὴν
342 2413 399 2464 ἐν
426 2412 608 2484 χάριτι
631 2415 726 2467 καὶ
753 2414 909 2469 ἅλατι
940 2417 1276 2489 ὴρτυμένην,
1301 2421 1770 2495 εὐκαταφρόνητος
1791 2427 1895 2482 ὑπὸ

212 2500 322 2552 τῶν
362 2501 570 2554 πολλῶν
600 2502 828 2570 γίνεται,
868 2505 1022 2558 οὐδὲν
1056 2507 1164 2560 ἀπὸ
1192 2510 1291 2579 τῆς
1321 2512 1727 2584 μεγαλοψυχίας
1761 2534 1894 2588 κερ-

212 2587 376 2652 δάνας
421 2590 666 2660 ἐκείνης·
697 2591 762 2644 ἀν
791 2608 850 2644 τε
885 2592 1042 2646 τοῦτο
1074 2596 1257 2660 καλῶς
1290 2599 1644 2670 κατορθώσας
1688 2603 1749 2656 τὸ
1791 2587 1893 2676 μέ-

217 2692 330 2743 ρος,
360 2675 461 2746 τῆς
504 2677 612 2730 ἀπὸ
657 2677 767 2730 τῶν
808 2679 1019 2749 κρότων
1062 2682 1222 2753 δόξης
1254 2684 1568 2756 ἡττώμενος
1595 2689 1733 2761 τύχῃ
1755 2732 1768 2751 ,
1794 2675 1892 2757 θείς

210 2764 408 2816 ταὺτὺν
451 2764 612 2818 πάλιν
653 2765 1000 2836 περιίσταται
1040 2769 1108 2822 τὰ
1147 2772 1248 2842 τῆς
1280 2773 1485 2844 ζημίας
1520 2777 1668 2847 αὐτῷ
1699 2797 1756 2832 τε
1797 2783 1891 2836 καὶ

211 2853 324 2915 τοῖς
374 2851 624 2917 πολλοῖς,
678 2856 816 2924 πρὸς
865 2857 1026 2926 χάριν
1075 2859 1184 2911 τῶν
1232 2862 1542 2918 ἀκουόντων
1589 2867 1810 2936 μᾶλλον,
1855 2871 1888 2943 ἦ

210 2939 349 3009 πρὸς
386 2939 652 3009 ὠφέλειαν
689 2941 872 3011 λέγειν
905 2945 1197 3015 μελετῶντι
1227 2949 1315 3002 διὰ
1355 2951 1454 3022 τὴν
1501 2953 1612 3006 τῶν
1651 2939 1891 3013 ἐπαίνων

211 3027 524 3117 ἐπιθυμίαν.
571 3027 678 3082 Καὶ
725 3031 978 3104 καθάπερ
1016 3035 1044 3086 ὀ
1090 3037 1227 3106 μήτε
1275 3038 1502 3109 πάσχων
1538 3059 1590 3096 τι
1620 3045 1756 3117 πρὸς
1790 3047 1891 3112 τὰς

209 3115 504 3186 εὐφημίας,
539 3119 675 3188 μήτε
706 3119 885 3188 λέγειν
925 3121 1083 3187 είδὼς
1109 3123 1233 3179 οῦτε
1265 3126 1402 3180 εἴκει
1432 3141 1454 3168 ο
1491 3133 1612 3196 ταῖς
1639 3115 1732 3186 τοῦ
1759 3135 1891 3207 πλή-

210 3203 335 3291 θους
360 3204 594 3274 ἡδοναῖς,
625 3205 747 3260 οῦτε
775 3209 1007 3277 ὠφελεῖν
1046 3211 1324 3281 ἀξιόλογόν
1350 3233 1471 3270 τινα
1499 3218 1722 3274 δύναται
1751 3203 1890 3291 ώφέ-

209 3290 356 3344 λειαν
383 3291 460 3362 τῷ
494 3292 658 3362 μηδὲν
687 3293 832 3364 ἔχειν
860 3297 1067 3350 εἰπεῖν·
1099 3298 1244 3353 οὑτω
1285 3303 1380 3355 καὶ
1414 3304 1442 3355 ό
1472 3305 1548 3375 τῷ
1591 3309 1741 3378 πόθῳ
1779 3290 1888 3365 τῶν

208 3380 500 3449 ἐγκωμίων
533 3379 841 3450 ἑλκόμενος.
870 3381 1008 3452 ἔχων
1037 3384 1129 3452 ἀφ’
1161 3379 1235 3438 ὧν
1265 3388 1521 3458 ἀμείνους
1550 3396 1888 3463 ἐργάσασθαι

207 3467 492 3539 δυνήσεται
524 3468 650 3530 τοὺς
687 3468 934 3533 πολλοὺς,
973 3472 1096 3524 ἀντὶ
1140 3473 1347 3529 τούτων
1391 3481 1620 3551 παρέχει
1651 3483 1719 3538 τά
1764 3486 1888 3558 τέρ-

206 3553 308 3622 ψαι
347 3555 624 3626 δυνάμενα
661 3556 883 3627 μᾶλλον,
909 3558 997 3612 διὰ
1038 3558 1244 3615 τούτων
1272 3566 1400 3630 τοὺς
1423 3569 1482 3620 ἐν
1516 3571 1630 3634 τοῖς
1670 3553 1887 3645 κρότοις

209 3642 472 3714 θορύϐους
486 3642 626 3696 ώνού
634 3661 816 3716 μενος.

277 3804 345 3867 γ’.
381 3797 800 3892 ’ἀμφοτέρωθεν
840 3797 933 3892 05v
972 3804 1195 3876 ἰσχυρὸν
1229 3802 1371 3863 εἶναι
1408 3811 1498 3866 τὸν
1531 3814 1752 3886 ἄριστον
1781 3819 1883 3892 ἀρ-

205 3904 370 3956 χοντα
411 3887 508 3951 δεῖ,
547 3889 634 3942 ῖνα
670 3889 743 3960 μὴ
777 3887 991 3963 θατέρῳ
1020 3893 1246 3965 θάτερον
1276 3898 1670 3973 ἀνατρέπηται.
1712 3887 1883 3964 Ὅταν

203 3976 313 4047 γάρ
339 3977 578 4040 ἀναστάς
608 3979 666 4030 ἐν
706 3977 786 4049 τῷ
818 3979 986 4050 μέσῳ,
1016 3981 1152 4055 λέγῃ
1179 3984 1246 4036 τά
1283 3988 1409 4052 τοὺς
1445 3991 1706 4063 ῥᾳθύμως
1749 3996 1884 4060 ζῶν-

201 4081 301 4128 τας
343 4065 635 4136 ἐπιστύψαι
659 4066 954 4138 δυνάμενα,
985 4063 1103 4122 εἶτα
1135 4076 1443 4148 προσπταίῃ
1478 4079 1570 4132 καὶ
1595 4081 1882 4158 διακόπτῃ-

201 4169 311 4244 ται,
331 4153 424 4244 καὶ
447 4153 550 4208 ὑπὸ
571 4153 672 4225 τῆς
692 4155 901 4220 ἐνδείας
930 4157 1192 4230 ἐρυθριᾷν
1215 4161 1616 4236 ἀναγκάζηται,
1651 4153 1878 4244 διερρύη

198 4236 262 4332 τί)
301 4238 490 4332 κέρδος
521 4240 628 4332 τῶν
649 4242 953 4314 λεχθέντων
979 4246 1198 4312 εὐθέως.
1237 4252 1301 4304 οι
1334 4236 1879 4332 γάρέπιτιμηθέντες

198 4325 493 4422 ἀλγοῦντες
517 4331 630 4394 τοῖς
655 4333 1096 4404 είρημένοις,κα“ι
1119 4338 1220 4392 οὑκ
1246 4339 1463 4410 ἔχοντες
1487 4325 1648 4400 αὑτδν
1674 4325 1878 4422 ἐτέρως

198 4415 529 4509 ἀμύνασθαι..
552 4421 667 4483 τοῖς
695 4421 795 4491 τῆς
820 4423 1062 4492 ἀμαθίας
1087 4427 1250 4482 αὑτὸν
1273 4429 1526 4498 βάλλουσι
1552 4415 1873 4509 σκώμμασι,

196 4505 407 4600 τούτοις
437 4507 675 4577 οἰόμενοι
707 4509 777 4562 τά
812 4511 1020 4566 ἑαυτῶν
1053 4517 1370 4582 συσκιάζειν
1398 4521 1598 4594 ὀνείδη.
1620 4505 1871 4600 Διδνχρὴ,

196 4592 446 4665 καθάπερ
477 4595 601 4648 τινὰ
644 4595 861 4666 ἡνίοχον
913 4599 1157 4669 ἄριστον,
1189 4605 1270 4666 είς
1313 4592 1603 4677 ἀκρίϐειαν

195 4681 526 4772 ἀμφοτέρων
559 4683 714 4752 ἥκειν
743 4685 854 4737 τῶν
898 4686 1078 4741 καλῶν
1108 4688 1159 4752 ἀ,
1205 4691 1292 4745 ἵνα
1329 4695 1619 4769 ἀμφότερα
1653 4701 1792 4772 πρὸς
1809 4703 1872 4758 :0

136 4804 138 4807 ι
194 4769 312 4824 δέον
333 4770 482 4842 αὐτῷ
511 4774 908 4845 μεταχειρίζειν
930 4776 1046 4849 ἐξῇ.
1074 4781 1184 4834 Καὶ
1203 4781 1314 4852 γὰρ
1339 4785 1468 4838 ὅταν
1492 4788 1655 4854 αὑτὸς
1679 4769 1869 4848 ἀνεπί-

195 4857 400 4950 ληπτος
431 4860 602 4915 ἀπασι
631 4861 879 4934 γένηται,
899 4865 1023 4921 τότε
1046 4867 1339 4940 δυνήσεται
1367 4873 1488 4942 μεθ’
1514 4875 1648 4948 ὅσης
1684 4879 1871 4950 βούλε-

193 4965 284 5001 ται
317 4947 568 5016 ἐξουσίας
613 4951 707 5006 καὶ
745 4953 995 5020 κολάζειν
1036 4959 1132 5012 καὶ
1171 4959 1380 5016 ἀνιέναι
1418 4965 1549 5029 τοὺς
1588 4947 1693 5022 ὑπ’-
1717 4973 1869 5045 αὑτῷ

193 5041 552 5110 ταττομένους
580 5041 826 5105 ἅπαντας
847 5062 860 5074 ·
895 5047 1002 5118 πρὸ
1033 5043 1088 5103 δὲ
1117 5050 1308 5106 τούτου
1343 5055 1443 5108 οὑκ
1472 5057 1716 5131 εὐμαρὲς
1741 5041 1870 5116 :05-

193 5143 261 5180 τα
285 5132 478 5184 ποιεῖν.
508 5129 620 5204 Τὴν
641 5132 699 5186 δι
727 5134 1143 5209 μεγαλοψυχίαν
1161 5140 1221 5194 οὑ
1255 5141 1417 5214 μέχρι
1439 5145 1542 5217 τῆς
1568 5129 1682 5202 τῶν
1710 5149 1868 5205 ἐπαί-

255 5357 281 5383 ⁸
303 5353 444 5406 Alius
473 5361 690 5410 πέπονθε.

1030 192 1088 246 S.
1124 193 1410 250 JOANNIS
1442 196 1940 256 CIIRYSOSTOMI
1974 199 2298 258 ARCHIEP.
2341 201 2899 263 CONSTANTINOP.

3581 209 3685 268 67‘

2011 335 2119 370 νων
2151 319 2450 391 ὑπεροψίας
2479 321 2786 377 δείκνυσθαι
2820 333 2844 362 ο
2889 320 2996 393 χρὴ
3043 321 3205 392 μόνον
3273 322 3410 376 ἀλλά
3454 323 3551 379 καὶ
3591 342 3689 380 πε-

2013 406 2248 479 ραιτέρω
2289 408 2574 479 προάγειν,
2609 409 2696 464 ἵνα
2728 409 2804 481 μὴ
2835 409 2998 462 πάλιν
3033 403 3277 483 ἀτελὲςῇ
3305 410 3368 463 :0
3401 411 3613 481 κέρδος.

2077 545 2142 600 δ’.
2160 546 2318 611 Τίνος
2331 542 2423 604 οῦν
2443 548 2613 602 δεῖται
2630 551 2726 604 καὶ
2749 550 2941 622 ἐτέρου
2959 553 3324 620 καταφρονεῖν
3345 551 3689 615 ςΒασκανίας

2008 635 2104 689 καὶ
2133 635 2350 704 φθόνου.
2369 638 2482 702 Τάς
2509 638 2565 692 δέ
2592 639 2858 710 ἀκαίρους
2883 641 3227 711 κατηγορίας
3242 641 3358 711 (καὶ
3382 641 3491 710 γὰρ
3516 641 3692 707 ἀνάγο

2008 740 2079 794 κη
2127 724 2223 777 τὸν
2273 725 2593 795 προεστῶτα
2653 727 2890 797 μέμψεις
2937 728 3233 797 ὑπομένειν
3275 727 3528 797 ἀλόγους)
3561 725 3688 780 οὔτε

2007 815 2264 889 ἀμέτροις
2301 815 2596 870 δεδοικέναι
2641 819 2736 871 καὶ
2770 818 3017 887 τρέμειν,
3049 816 3173 872 οὔτε
3212 819 3399 882 ἀπλῶς
3432 819 3688 890 παρορᾷν

2008 905 2169 959 καλόν
2190 923 2204 938 ο
2234 905 2373 960 ἀλλά
2401 905 2541 978 χρὴ,
2572 906 2674 960 κᾶν
2717 907 2936 976 ψευδεῖς
2975 908 3322 978 τυγχάνωσιν
3355 903 3516 962 οὖσαι
3535 947 3551 972 ,
3583 908 3690 961 κᾶν

2007 993 2159 1064 παρά
2184 993 2294 1047 τῶν
2326 994 2598 1065 τυχόντων
2637 996 2768 1065 ἡμῖν
2814 996 3128 1063 ἐπάγωνται
3152 1039 3165 1058 ,
3194 995 3489 1066 πειρᾶσθαι
3531 995 3692 1048 σϐεν-

2007 1080 2160 1134 νύναι
2200 1080 2410 1151 ταχέως
2457 1081 2646 1144 αὑτάς.
2695 1082 2861 1136 Ούδέν
2917 1082 3025 1153 γὰρ
3075 1083 3249 1147 οὑτως
3294 1082 3447 1148 αὔξει
3493 1083 3688 1154 φήμην

2005 1169 2250 1240 πονηράν
2274 1187 2332 1222 τε
2359 1171 2455 1223 καὶ⁵
2482 1170 2714 1242 ἀγαθὴν,
2736 1171 2812 1234 ώς
2844 1172 2905 1224 τὸ
2937 1172 3143 1238 πλῆθος
3170 1172 3229 1226 :0
3259 1172 3523 1226 ἄτακτον·
3544 1172 3686 1225 ἀϐα-

2007 1257 2273 1323 σανίστως
2299 1259 2408 1330 γάρ
2433 1259 2527 1313 καὶ
2549 1259 2772 1314 ἀκούειν
2801 1262 2896 1314 καὶ
2926 1261 3174 1314 ἐκλαλεῖν
3201 1270 3216 1300 ι
3248 1262 3459 1326 είωθος,
3491 1257 3688 1323 armis;

2003 1345 2064 1399 :0
2087 1343 2312 1400 ἐπελθὸν
2341 1347 2489 1401 ἀπαν
2525 1347 2846 1418 φθέγγεται,
2869 1351 2970 1420 τῆς
3002 1348 3262 1418 ἀληθείας
3285 1347 3475 1402 οὑδένα
3503 1348 3691 1402 ποιού-

2008 1450 2168 1502 μενον
2197 1433 2370 1503 λόγον.
2395 1434 2495 1487 Διά
2518 1435 2692 1489 ταῦτα
2719 1436 2780 1489 οὑ
2813 1436 2896 1488 δεῖ
2917 1435 3026 1489 τῶν
3049 1435 3262 1489 πολλῶν
3297 1422 3693 1505 κᾶταφρονειν,

2004 1520 2140 1575 ἀλλά
2172 1523 2479 1592 ἀρχομένας
2511 1523 2713 1587 εὐθέως
2736 1525 3026 1578 ἐκκόπτειν
3058 1525 3156 1589 τὰς
3183 1523 3421 1594 ὑποψίας
3452 1523 3552 1587 τάς
3584 1541 3693 1576 πο-

2004 1609 2194 1680 νηράς,
2233 1609 2380 1683 [417]
2412 1611 2667 1666 πείθοντα
2695 1614 2822 1676 τοὺς
2851 1613 3244 1682 ἐγκαλοῦντας,
3275 1613 3379 1666 κᾶν
3403 1610 3694 1680 ἀλογώτα-

2003 1715 2086 1752 τοι
2111 1699 2330 1752 πάντων
2356 1695 2483 1764 εἶεν,
2504 1703 2598 1754 καὶ
2623 1700 2792 1771 μηδὲν
2812 1701 2950 1764 ὅλως
2978 1701 3247 1756 ἐλλείπειν
3276 1701 3386 1755 τῶν
3414 1701 3695 1770 ἀφανίσαι

2001 1787 2313 1858 δυναμένων
2339 1787 2497 1852 δόξαν
2529 1789 2630 1844 οὐκ
2653 1790 2867 1862 ἀγαθήν
2893 1794 2918 1831 ε
2937 1807 2949 1819 ·
2973 1791 3040 1862 ἢν
3071 1791 3150 1855 δὲ,
3171 1791 3353 1844 πάντα
3383 1789 3696 1844 ποιούντων

2002 1875 2182 1946 ἡμῶν,
2200 1875 2274 1947 μὴ
2301 1875 2526 1930 θέλωσιν
2541 1878 2589 1929 οἱ
2611 1879 2950 1949 μεμφόμενοι
2975 1879 3279 1940 πείθεσθαι,
3298 1879 3356 1933 :0
3382 1877 3698 1948 τηνικαῦτα

2001 1967 2386 2036 καταφρονεῖν.
2437 1965 2523 2028 Ὠς
2544 1965 2639 2018 ἐάν
2665 1966 2846 2036 φθάσῃ
2869 1984 2952 2031 τις
2981 1967 3371 2022 ταπεινοῦσθαι
3404 1969 3524 2030 τοῖς
3549 1984 3618 2019 συ
3630 1984 3698 2036 μ-

2001 2051 2258 2123 πτώμασι
2303 2052 2543 2118 τούτοις,
2579 2055 2640 2108 ού
2685 2054 2974 2126 δυνήσεταί
3019 2073 3152 2110 ποτε
3201 2056 3448 2124 γενναῖόν
3480 2071 3535 2107 τι
3592 2057 3694 2108 καὶ

2001 2139 2316 2210 θαυμαστὸν
2347 2141 2637 2195 ἀποτεκεῖν
2669 2143 2746 2213 ’ἡ
2793 2141 2903 2214 γάρ
2945 2142 3154 2214 ἀθυμία
3195 2144 3289 2197 καὶ
3337 2143 3392 2198 αί
3439 2147 3697 2213 συνεχεῖς

2000 2228 2283 2300 φροντίδες
2319 2229 2492 2284 δειναὶ
2543 2230 2870 2284 καταϐαλεῖν
2917 2231 3098 2303 ψυχῆς
3145 2231 3409 2303 δύναμιν,
3457 2232 3558 2285 καὶ
3612 2234 3696 2295 είς

1999 2316 2284 2372 ἀσθένειαν
2318 2322 2653 2387 καταγαγεῖν
2672 2318 2770 2390 τὴν
2810 2319 3066 2390 ἐσχάτην.
3106 2320 3294 2381 Οὕτως
3319 2315 3413 2374 οὖν
3445 2319 3554 2392 χρὴ
3598 2321 3696 2374 τὸν

2002 2405 2152 2478 ἱερέα
2200 2405 2506 2459 διακεῖσθαι
2553 2406 2689 2478 πρὸς
2722 2408 2850 2470 τοὺς
2889 2408 3258 2478 ἀρχομένους,
3294 2408 3486 2479 ῶσπερ
3533 2407 3610 2461 ἂν
3645 2408 3698 2460 εἰ

1996 2511 2082 2556 τις
2112 2494 2293 2565 πατὴρ
2322 2493 2457 2564 πρὸς
2477 2495 2674 2554 παῖδας
2697 2495 2837 2562 ἀγαν
2860 2496 3090 2565 νηπίους
3119 2496 3392 2550 διακέοιτο
3411 2513 3422 2524 ·
3449 2496 3547 2550 καὶ
3585 2514 3695 2549 κα-

1997 2581 2175 2654 θάπερ
2213 2582 2436 2636 ἐκείνων
2461 2581 2584 2635 οὔτε
2613 2582 2969 2654 ὑϐριζόντων,
2995 2583 3118 2637 οὔτε
3163 2584 3532 2655 πληττόντων,
3555 2583 3693 2639 οὗτε

1995 2671 2335 2742 ὀδυρομένων
2369 2672 2835 2742 ἐπιστρεφόμεθα,
2875 2673 2991 2726 ἀλλ’
3028 2673 3150 2726 οὑδὲ
3179 2674 3343 2744 ἡνίκα
3373 2673 3438 2727 ἂν
3472 2673 3693 2741 γελῶσι

1995 2759 2090 2811 καὶ
2113 2759 2515 2829 προσχαίρωσιν
2543 2760 2693 2829 ἡμῖν,
2716 2759 2858 2830 μέγα
2879 2762 2970 2814 ἐπὶ
3001 2761 3160 2816 τοῦτο
3183 2760 3490 2833 φρονοῦμέν
3521 2779 3692 2822 ποτε.

1993 2844 2137 2899 οὓτω
2167 2846 2260 2899 καὶ
2287 2847 2490 2900 τούτων
2529 2849 2665 2918 μήτε
2704 2851 2820 2911 τοῖς
2847 2850 3090 2914 ἐπαίνοις
3122 2849 3502 2920 ἐξογκοῦσθαι,
3538 2852 3693 2922 μήτε

1994 2934 2359 2988 καταπίπτειν
2391 2937 2506 2998 τοῖς
2541 2935 2730 3004 ψόγοις
2748 2934 2776 2974 ¹¹
2794 2977 2808 2997 ,
2833 2938 2961 2991 ὅταν
2983 2938 3230 3010 ἀκαίρως
3261 2937 3521 3006 γίνωνται
3550 2939 3694 3010 παρ’

1995 3023 2195 3076 αὐτῶν.
2219 3023 2468 3078 Χαλεπὸν
2494 3024 2551 3078 δέ
2583 3023 2762 3089 τοῦτο,
2785 3019 2829 3079 ὧ
2862 3027 3122 3099 μακάριε,
3141 3027 3281 3097 τάχα
3311 3027 3368 3080 δὲ
3398 3021 3584 3097 οἶμαι,
3604 3029 3693 3080 ὅτι

1996 3111 2092 3164 καὶ
2129 3111 2410 3166 ἀδύνατον.
2449 3111 2523 3166 Τὸ
2569 3113 2678 3184 γὰρ
2725 3113 2800 3186 μὴ
2841 3115 3051 3187 χαίρειν
3093 3114 3487 3185 ἐπαινούμενον
3511 3154 3525 3178 ,
3581 3116 3690 3168 οὐκ

1991 3194 2110 3252 οἶδα
2136 3197 2191 3250 εἴ
2206 3217 2312 3252 τινι
2334 3199 2431 3252 ἀνθ
2441 3199 2638 3270 ρώπων
2659 3201 2790 3254 ποτὲ
2811 3200 3200 3273 κατώρθωται·
3225 3202 3316 3255 τὸν
3333 3201 3389 3254 δέ
3411 3201 3692 3272 χαίροντα

1990 3288 2138 3351 εἰκὸς
2163 3287 2258 3342 καὶ
2293 3288 2583 3358 ἐπιθυμεῖν
2612 3289 2908 3342 ἀπολαύειν
2929 3289 3108 3343 αὑτῶν
3127 3307 3140 3320 ·
3165 3289 3256 3343 τὸν
3285 3289 3344 3342 δὲ
3374 3289 3692 3342 ἀπολαύειν

1990 3376 2362 3447 ἐπιθυμοῦντα
2401 3377 2644 3441 πάντως-
2674 3379 2768 3432 καὶ
2801 3380 2860 3432 ἐν
2913 3382 3037 3442 ταῖς
3077 3379 3287 3433 τούτων
3336 3379 3686 3449 ἀποτυχίαις

1991 3463 2279 3518 λυπεῖσθαι
2305 3464 2400 3518 καὶ
2425 3464 2694 3519 ἐκκλίνειν
2723 3467 2818 3520 καὶ
2839 3467 3095 3521 ἀνιᾶσθαι
3123 3468 3217 3521 καὶ
3248 3467 3470 3536 ἀλγεῖνί
3499 3468 3688 3538 ἀνάγ-

1989 3569 2082 3622 κη.
2112 3551 2326 3623 Ὥσπερ
2369 3552 2479 3623 γάρ
2510 3554 2559 3606 οἱ
2594 3553 2920 3625 γαννύμενοι
2968 3555 3048 3626 τῷ
3088 3556 3373 3620 πλουτεῖν,
3402 3555 3579 3626 ἡνίκα
3617 3556 3689 3611 ἄν

1988 3640 2374 3692 καταπέσωσιν
2400 3641 2482 3704 είς
2515 3642 2726 3704 πενίαν,
2744 3641 3023 3712 ἄχθονται.
3048 3645 3142 3696 καὶ
3168 3645 3218 3697 οί
3240 3645 3450 3715 τρυφᾷν
3480 3645 3688 3698 εἰωθόο

1985 3744 2078 3790 τες
2120 3727 2220 3780 οὑκ
2251 3727 2317 3782 ἀν
2350 3727 2671 3800 ἀνάσχοιντο
2716 3729 2817 3801 ζῇν
2859 3731 3096 3796 εὐτελῶς
3121 3749 3134 3762 ο
3161 3731 3306 3786 οὕτω
3338 3732 3432 3786 καὶ
3476 3733 3527 3785 οί
3567 3733 3688 3785 τῶν

1986 3815 2277 3886 ἐγκωμίων
2301 3817 2555 3887 ἐρῶντες,
2587 3818 2685 3888 οὐχ
2703 3817 2830 3871 ὅταν
2859 3817 3136 3889 ψέγωνται
3167 3820 3327 3890 μόνον
3361 3820 3506 3891 εἰκῆ,
3533 3821 3687 3874 ἀλλά

1985 3904 2081 3956 καὶ
2128 3905 2255 3957 ὅταν
2293 3905 2368 3976 μὴ
2418 3905 2748 3959 ἐπαινῶνται
2785 3908 3047 3977 συνεχῶς,
3081 3907 3334 3979 καθάπερ
3379 3907 3528 3978 λιμῷ
3562 3927 3684 3962 τινι

1983 3988 2382 4060 διαφθείρονται
2403 3991 2502 4063 τὴν
2523 3991 2722 4063 ψυχὴν,
2742 3993 2838 4048 καὶ
2861 3995 3093 4064 μάλιστα
3113 3995 3241 4048 ὅταν
3264 3995 3448 4058 αὑτοῖς
3470 3997 3685 4068 ἐντρα-

1983 4077 2176 4156 φέντες
2201 4079 2458 4148 τύχωσιν,
2494 4079 2526 4150 ἢ
2556 4081 2649 4133 καὶ
2675 4081 2896 4151 ἐτέρους
2932 4083 3362 4160 ἐπαινουμένους
3387 4082 3674 4138 ἀκούωσι.

1982 4152 2084 4218 Τὸν
2111 4165 2167 4218 δὲ
2191 4167 2328 4234 μετά
2363 4166 2567 4237 ταύτης
2595 4169 2695 4237 τῆς
2719 4152 3016 4238 ἐπιθυμίας
3039 4173 3117 4233 είς
3145 4171 3238 4224 τὸν
3261 4171 3363 4242 τῆς
3397 4171 3680 4226 διδασκα-

1980 4251 2097 4318 λίας
2119 4253 2304 4323 ἀγῶνα
2327 4255 2667 4326 παρελθόντα
2692 4257 2834 4310 πόσα
2858 4257 3163 4330 πράγματα
3191 4258 3286 4312 καὶ
3314 4260 3485 4323 πόσας
3507 4260 3613 4331 ἔχε
3624 4280 3674 4314 ιν

1979 4340 2082 4393 οἴει
2112 4342 2211 4403 τὰς
2247 4343 2577 4415 ἀλγηδόναςς
2609 4344 2747 4398 Οὑτε
2792 4345 2890 4418 τὴν
2929 4347 3199 4402 θάλατταν
3234 4348 3348 4402 ἔστι
3393 4349 3680 4419 κυμάτων

1978 4429 2134 4490 ἐκτὸς
2161 4427 2300 4486 εἶναί
2320 4450 2470 4500 ποτε,
2504 4433 2630 4488 οὔτε
2660 4435 2760 4506 τὴν
2785 4436 2995 4489 ἐκείνου
3022 4437 3201 4510 ψυχὴν
3233 4437 3536 4509 φροντίδων
3568 4440 3679 4495 καὶ

1977 4515 2169 4590 λύπης.

2045 4664 2106 4711 ε’.
2144 4659 2253 4710 Καὶ
2302 4658 2411 4728 γὰρ
2443 4661 2572 4713 ὅταν
2616 4661 2819 4734 πολλὴν
2858 4665 2916 4717 ἐν
2953 4665 3032 4737 τῷ
3071 4666 3253 4735 λέγειν
3284 4667 3515 4739 δύναμιν
3564 4671 3678 4744 ἔχῃ

1977 4743 2156 4813 (τοῦτο
2175 4745 2229 4800 δὲ
2255 4749 2311 4799 ἐν
2328 4747 2528 4816 ὀλίγοις
2549 4749 2699 4822 εὖροι
2719 4768 2801 4813 τις
2820 4753 2930 4822 ἂν),
2947 4755 3068 4808 οὑδὲ
3089 4755 3231 4810 οὕτω
3253 4756 3346 4809 τοῦ
3371 4743 3676 4814 πονεῖσθαι

1973 4831 2234 4903 διηνεκῶς
2284 4835 2651 4906 ἀπήλλακται.
2709 4839 2927 4911 Ἐπειδὴ
2972 4843 3081 4915 γὰρ
3127 4844 3188 4897 οὑ
3240 4844 3477 4914 φύσεως,
3512 4849 3674 4903 ἀλλά

1976 4923 2263 4995 μαθήσεως
2287 4925 2346 4978 :0
2371 4924 2572 4994 λέγειν,
2601 4927 2701 4982 κᾶν
2733 4931 2814 4993 είς
2840 4931 3009 5004 ἀκρον
3043 4933 3207 4987 αὑτοῦ
3242 4951 3325 4998 τις
3357 4936 3671 5009 ἀφίκηται,

1970 5011 2092 5065 τότε
2130 5012 2294 5068 αὑτὸν
2325 5013 2550 5084 ἀφίησιν
2589 5014 2794 5088 ἔρημον
2814 5060 2828 5084 ,
2861 5019 2926 5072 ἂν
2959 5019 3034 5092 μὴ
3067 5024 3282 5092 συνεχεῖ
3314 5023 3523 5096 σπουδῇ
3565 5029 3671 5081 καὶ

1968 5101 2248 5171 γυμνασίᾳ
2273 5101 2477 5172 ταύτην
2509 5102 2786 5178 θεραπεύῃ
2824 5108 2924 5178 τὴν
2952 5109 3202 5180 δύναμιν.
3229 5111 3390 5165 Ὥστε
3419 5116 3536 5176 τοῖς
3563 5132 3670 5169 σο-

1969 5189 2233 5261 φωτέροις
2267 5189 2490 5260 μᾶλλον,
2517 5192 2550 5264 ἢ
2580 5196 2693 5258 τοῖς
2732 5195 3132 5268 ἀμαθεστέροις
3166 5198 3366 5270 μείζων
3391 5203 3421 5254 ὀ
3462 5201 3666 5271 πόνος.

2033 5381 2188 5464 filii
2204 5382 2563 5464 έπιδείκνυσθαι.
2580 5387 2716 5464 infra
2741 5388 2825 5438 alii
2849 5391 2919 5464 δεῖ
2937 5393 3018 5442 καὶ
3041 5395 3218 5460 ἐτέρου.
3244 5397 3401 5452 Paulo
3418 5406 3526 5464 post
3563 5403 3661 5456 aii]

250 5417 445 5517 ἰῆς.)
481 5421 712 5517 Ιῗξῇξνῳχί
1009 5431 1213 5517 actim-rm
1253 5433 1401 5517 £31m?)
1431 5437 1580 5517 λέγειν
1622 5441 1862 5517 δυνάμεως
1964 5417 2190 5517 ἀκαίὲόῦὲ
2204 5417 2990 5517 ἓαῖόῦὲξίαέῗ

189 5480 446 5597 22mm
480 5479 600 5531 Ibid.
629 5484 712 5533 alii
751 5479 1016 5553 πρὸσφέρῄ,
1057 5490 1141 5542 alii
1177 5479 1406 5560 ἱρόφέρἧ.
1431 5479 1583 5551 ’Ῑὰῐιὶἐι
1614 5479 1862 5563 ἔιῖΓὲόέζῖξ

253 5605 276 5633 °
299 5603 396 5652 Alii
419 5604 525 5653 οὔτε
550 5607 707 5655 εἴκειν.

249 5663 275 5705 ά
295 5665 443 5715 Savil.
472 5675 522 5716 et
555 5669 740 5728 aliquot
787 5684 898 5721 mss.
936 5674 1213 5740 ἀμφοτέρων
1241 5680 1515 5737 ἐληλακέναι
1548 5685 1642 5732 τῶν
1672 5686 1850 5737 καλῶν.

2031 5502 2174 5583 Ξόἓὲἓ
2200 5507 2428 5583 ἐπελεῖῖτ

2027 5568 2053 5630 ε
2075 5567 2171 5630 ᾼΙίἱ
2193 5567 2280 5616 ούκ
2298 5571 2462 5630 ἀληθῆ.

2023 5625 2053 5694 ll}
2084 5625 2386 5694 [’05:on
2405 5625 2487 5683 alii
2509 5633 2688 5683 addunt
2713 5634 2800 5684 δεῖ.

2029 5689 2045 5729 ί
2073 5689 2172 5739 Alii
2199 5689 2371 5745 ἀλύειν.
