3944 6202
241 302 341 357 €73

236 431 354 484 qua:
399 414 466 468 ah
502 412 620 467 aliis
654 410 920 467 elaborata
951 418 1094 476 sunt,
1126 407 1370 464 coucioni
1412 422 1522 462 suae
1547 408 1809 472 intexere,

237 504 494 576 pluribus,
525 517 682 575 quam
719 502 807 572 qui
845 501 1096 570 pecunias
1137 498 1482 565 suffurantur,
1514 496 1814 567 opprobriis

235 608 506 653 oneratur.
547 597 700 664 Same
735 610 864 650 vero
893 595 1022 648 nihil
1052 595 1121 648 ab
1146 593 1265 647 aliis
1292 601 1578 655 mutuatus,
1621 591 1715 645 sed
1758 591 1811 644 in

234 689 344 757 ejus
363 689 444 742 rei
472 698 676 741 tantum
701 685 1057 754 suspicionem
1080 684 1321 750 veniens,
1354 682 1498 752 paria
1530 683 1726 752 patitur
1747 696 1811 735 ac

233 781 274 832 si
304 779 676 847 deprehensus
723 777 926 832 fuisset.
970 776 1172 845 Ecquid
1216 775 1336 830 dico
1370 790 1576 840 eorum,
1600 790 1717 842 quae
1743 773 1812 828 ab

233 871 346 924 aliis
367 870 642 924 elaborata
681 868 914 923 fuerint?
943 879 1086 922 certe
1123 883 1192 921 ne
1229 866 1304 920 illi
1334 865 1546 935 quidem
1582 865 1702 918 licet
1734 865 1814 917 iu-

233 965 400 1016 ventis
441 963 557 1016 suis
581 961 794 1015 assidue
821 960 896 1015 uti
929 978 942 1015 :
969 975 1073 1013 non
1119 959 1260 1014 enim
1289 958 1356 1013 ad
1384 958 1686 1019 utilitatem,
1718 955 1812 1010 sed

229 1053 290 1107 ad
313 1053 644 1122 voluptatem
673 1052 886 1121 plurimi
914 1051 1099 1105 audire
1125 1050 1299 1104 solent
1326 1066 1340 1102 ε
1367 1047 1811 1118 quemadmodum

228 1143 313 1212 qui
345 1143 415 1198 de
444 1144 702 1214 tragcedis
725 1143 810 1198 vel
852 1143 920 1197 de
957 1140 1263 1196 citharoedis
1282 1139 1565 1209 iudicaturi
1601 1137 1808 1192 sedent.

228 1237 398 1304 Atque
435 1235 576 1289 adeo
600 1234 812 1290 dicendi
849 1235 929 1288 vis
957 1234 1066 1296 illa,
1099 1248 1256 1302 quam
1298 1247 1467 1301 nuper
1495 1231 1814 1300 explodeha-

226 1341 362 1388 mus,
393 1324 476 1379 ita
500 1311 911 1379 desiderabilem
943 1339 1084 1378 nunc
1111 1339 1168 1376 se
1196 1322 1416 1392 prmbet,
1450 1328 1504 1374 ut
1546 1336 1612 1373 ne
1642 1321 1691 1373 in
1721 1335 1812 1371 s0-

225 1417 414 1488 phistis
445 1417 684 1488 quidem,
717 1432 839 1472 cum
871 1427 1057 1471 mutuo
1086 1415 1333 1470 altercari
1359 1423 1643 1483 coguntur,
1668 1420 1810 1466 tanta

224 1508 551 1578 requiratur.

290 1599 346 1653 2.
385 1597 647 1652 Doctrina
675 1597 916 1668 praeditus
949 1597 1035 1660 sit,
1077 1605 1122 1650 et
1162 1595 1336 1650 laudes
1378 1604 1581 1664 spernat
1619 1601 1814 1662 Oportet

223 1691 573 1744 concinnator.
600 1687 958 1744 -—Generoso
992 1688 1170 1757 itaque
1213 1687 1298 1740 hic
1337 1701 1471 1755 opus
1499 1694 1581 1740 est
1614 1685 1810 1749 animo,

225 1782 308 1851 qui
340 1789 593 1835 nostram
622 1780 967 1849 exiguitatem
998 1779 1155 1849 longe
1193 1788 1428 1846 superet,
1457 1788 1516 1831 ut
1542 1777 1813 1831 inordina-

225 1882 328 1927 tam
363 1871 521 1926 illam
553 1870 1035 1940 infructuosamque
1062 1869 1199 1938 vulgi
1231 1869 1549 1936 voluptatem
1595 1880 1812 1934 compe-

223 1971 350 2028 scat,
380 1971 450 2017 et
485 1961 724 2016 auditum
754 1976 937 2016 eorum
967 1960 1033 2014 ad
1063 1959 1271 2013 utiliora
1301 1956 1587 2012 transferat
1615 1973 1629 2009 :
1661 1955 1732 2009 ita
1760 1965 1816 2010 ut

222 2054 457 2124 populus
491 2054 665 2122 ipsum
695 2062 966 2122 sequatur,
1009 2051 1214 2121 ipsique
1254 2065 1456 2104 morem
1503 2053 1668 2117 gerat,
1720 2047 1813 2102 sed

224 2160 324 2199 non
356 2145 459 2199 illc
498 2143 792 2199 secundum
822 2144 963 2212 vulgi
999 2142 1301 2212 cupidinem
1343 2142 1560 2196 feratur.
1601 2139 1659 2194 Id
1686 2153 1815 2204 vero

226 2235 368 2288 nullo
416 2233 585 2288 modo
609 2234 861 2302 consequi
893 2233 1081 2303 possis,
1131 2232 1232 2287 nisi
1275 2231 1376 2286 hoc
1413 2240 1695 2300 utrumque
1723 2228 1817 2282 ad-

225 2325 404 2390 fuerit,
435 2324 653 2380 laudum
682 2335 1040 2393 contemptus,
1067 2331 1120 2378 et
1147 2323 1226 2376 vis
1252 2323 1482 2377 dicendi.
1507 2321 1638 2375 Nam
1667 2321 1711 2374 si
1741 2321 1817 2374 al-

229 2424 398 2470 terum
435 2415 599 2478 absit,
625 2415 768 2474 aliud
798 2415 865 2469 ab
893 2415 1060 2469 altero
1089 2413 1409 2483 disjunctum
1439 2412 1626 2468 inutile
1647 2412 1814 2466 efﬁci-

229 2518 328 2562 tur.
360 2507 586 2562 Etenim
624 2507 669 2561 si
698 2506 884 2561 laudes
922 2519 1215 2575 aspernans
1257 2506 1272 2535 ¹
1304 2521 1408 2559 non
1464 2503 1696 2574 proferat
1719 2501 1815 2557 do-

226 2601 453 2655 ctrinam
474 2599 645 2670 gratia
665 2609 716 2653 et
740 2597 850 2652 sale
871 2599 1136 2652 conditam
1156 2594 1290 2666 (Col.
1309 2596 1362 2650 4.
1382 2595 1460 2664 6),
1481 2594 1814 2664 despicabilis

224 2692 358 2762 apud
387 2693 594 2747 multos
622 2690 820 2756 evadit,
848 2690 978 2745 nihil
1008 2689 1140 2744 lucri
1183 2705 1249 2744 ex
1279 2689 1367 2744 illa
1406 2688 1569 2743 animi
1611 2686 1816 2758 magni-

231 2784 417 2838 tudine
459 2781 740 2846 referens;
770 2783 850 2835 sin
895 2781 994 2836 hac
1021 2789 1168 2850 parte
1212 2788 1426 2834 strenue
1470 2794 1529 2834 se
1565 2777 1756 2849 gerens
1784 2793 1814 2832 a

227 2876 470 2946 populari
517 2889 645 2928 aura
693 2876 956 2938 vincatur,
1005 2884 1115 2927 turn
1157 2871 1278 2940 ipsi,
1324 2880 1435 2925 tum
1489 2870 1685 2940 p0pulo
1732 2869 1814 2924 id-

227 2969 403 3039 ipsum
433 2969 633 3024 accidit
651 2967 977 3032 detrimenti,
1000 2982 1119 3021 cum
1146 2981 1210 3022 ex
1239 2964 1451 3020 laudum
1479 2964 1724 3034 cupidine
1749 2977 1814 3017 eo

226 3061 482 3127 ducatur,
516 3075 635 3115 cum
678 3059 744 3113 ad
769 3061 994 3130 gratiam
1036 3059 1206 3129 magis
1242 3073 1398 3128 quam
1441 3057 1506 3110 ad
1537 3056 1813 3110 utilitatem

227 3156 541 3208 auditorum
589 3152 894 3207 concionari
938 3152 1165 3207 studeat.
1214 3153 1292 3206 Ac
1345 3150 1812 3222 quemadmodum,

226 3247 311 3314 qui
347 3259 457 3300 nec
497 3243 740 3298 laudibus
788 3251 1051 3310 movetur,
1094 3257 1194 3298 nec
1230 3241 1440 3297 dicendi
1482 3242 1534 3295 vi
1567 3239 1816 3311 pricditus

227 3344 326 3400 est,
355 3337 410 3390 is
455 3351 630 3405 neque
651 3336 792 3405 vulgi
823 3335 1174 3404 voluptatibus
1219 3335 1429 3397 cedere,
1473 3348 1647 3403 neque
1695 3341 1814 3386 tan-

230 3428 402 3482 tillam
446 3429 729 3482 utilitatem
771 3427 840 3482 ob
869 3427 1186 3508 imperitiam
1216 3425 1462 3496 loquendi
1501 3425 1690 3480 afferre
1716 3439 1815 3495 po-

230 3529 330 3575 test
357 3535 375 3572 :
401 3521 475 3574 ita
503 3520 593 3590 qui
634 3520 846 3574 laudum
885 3535 1068 3574 amore
1108 3518 1334 3588 capitur,
1384 3525 1568 3572 nactus
1593 3531 1709 3571 eam
1741 3515 1818 3570 fa-

231 3613 520 3675 cultatem,
547 3625 649 3680 qua
680 3612 873 3664 multos
910 3609 978 3664 ad
1019 3609 1294 3665 meliorem
1325 3608 1529 3677 frugem
1559 3607 1817 3662 reducere

234 3703 428 3772 possit,
467 3701 670 3756 mavult
705 3710 880 3756 tamen
905 3700 1235 3756 delectabilia
1279 3700 1536 3770 proferre,
1568 3698 1694 3753 dum
1724 3712 1817 3768 po-

234 3795 458 3862 pulares
481 3792 534 3846 in
561 3791 860 3860 plaudendo
888 3791 1144 3846 tumultus
1172 3786 1426 3847 lucretur.

304 3887 366 3942 3.
426 3884 672 3940 Utrolibet
712 3885 987 3954 deﬁciente,
1037 3885 1228 3939 inutilis
1271 3882 1460 3953 popula
1505 3883 1617 3938 erit.
1659 3911 1730 3921 —
1769 3879 1818 3934 ls

234 3977 418 4048 itaque
444 3977 534 4047 qui
564 3976 798 4047 optimus
827 3977 1000 4046 populi
1034 3976 1220 4031 ductor
1247 3976 1452 4031 futurus
1499 3976 1586 4043 sit,
1613 3983 1820 4031 utrum-

235 4083 341 4136 que
374 4066 582 4120 fortiter
603 4076 776 4122 teneat
799 4075 1026 4137 oportet,
1057 4076 1115 4122 ut
1139 4082 1205 4121 ne
1225 4068 1449 4122 alterum
1471 4070 1637 4124 altero
1665 4086 1822 4126 ever.

237 4167 403 4212 tatur.
447 4156 578 4212 Cum
618 4159 757 4213 enim
798 4159 850 4213 in
896 4159 1069 4214 medio
1103 4175 1333 4234 surgens
1373 4175 1435 4213 ea
1461 4159 1674 4227 dixerit,
1704 4179 1822 4232 qua:

239 4248 465 4318 ignavos
515 4249 871 4319 perstringere
919 4249 1138 4318 possint,
1186 4249 1230 4304 si
1281 4249 1472 4305 deinde
1515 4251 1720 4306 labatur
1767 4260 1823 4307 et

239 4350 474 4412 decidat,
519 4363 581 4403 ac
622 4364 731 4418 pra:
770 4347 973 4402 dicendi
1016 4347 1186 4416 inopia
1227 4345 1541 4402 erubescere
1583 4354 1820 4416 Cogatur,

243 4441 350 4511 jam
385 4441 648 4496 dictorum
696 4439 898 4493 lucrum
941 4440 1118 4493 statim
1147 4437 1334 4493 effluit.
1372 4437 1502 4492 Nam
1532 4438 1624 4507 qui
1660 4439 1823 4492 corri-

250 4534 485 4602 piuntur,
521 4531 647 4586 dum
678 4530 746 4586 de
770 4531 926 4585 dictis
950 4530 1150 4595 dolent,
1180 4544 1279 4585 nec
1319 4544 1378 4586 se
1422 4530 1526 4584 alio
1550 4529 1709 4586 modo
1737 4529 1823 4584 ul-

251 4623 375 4678 cisci
411 4631 655 4694 possunt,
694 4622 1040 4692 ignorantiam
1085 4621 1184 4690 ipsi
1213 4620 1558 4690 exprobrant,
1600 4623 1697 4675 hac
1734 4636 1828 4690 pu-

253 4724 422 4770 tantes
451 4731 512 4770 se
548 4715 754 4770 ratione
790 4715 1074 4784 opprobria
1116 4723 1292 4780 tegere
1325 4728 1438 4766 sua.
1470 4713 1824 4781 Quamobrem

248 4815 464 4874 oportet
507 4821 628 4862 eum
653 4821 750 4860 ceu
791 4807 1025 4874 aurigam
1069 4804 1324 4874 optimum
1354 4804 1492 4858 inter
1528 4803 1662 4858 duas
1709 4804 1828 4858 illas

247 4899 476 4953 virtutes
493 4905 744 4952 accurate
770 4897 1078 4966 procedere,
1104 4905 1159 4950 ut
1182 4905 1459 4965 utramque
1479 4896 1581 4949 rite
1604 4903 1830 4948 tractare

246 4991 438 5060 possit.
485 4988 696 5044 Eteiiim
731 5004 854 5044 cum
893 4988 982 5043 ille
1021 5002 1080 5042 se
1107 4987 1245 5056 apud
1285 5001 1472 5041 omnes
1508 4986 1826 5055 inculpatum

249 5081 581 5151 praestiterit,
620 5092 744 5137 tunc
783 5090 976 5151 quanta
1015 5087 1276 5150 potestate
1317 5078 1558 5144 voluerit,
1595 5077 1832 5133 subditos

249 5187 379 5229 suos
417 5188 607 5230 omnes
647 5188 745 5244 pro
785 5173 952 5229 lubito
980 5173 1066 5229 vel
1107 5171 1388 5241 castigare,
1427 5171 1513 5226 vel
1557 5171 1833 5226 remissius

256 5274 488 5320 tractare
513 5266 726 5334 poterit.
765 5264 878 5320 Hoc
913 5265 1014 5319 nisi
1045 5264 1189 5333 prius
1213 5271 1417 5333 agatur,
1446 5261 1587 5316 haud
1615 5260 1752 5316 factu
1781 5260 1833 5314 id

256 5357 414 5413 facile
443 5355 620 5412 fuerit.
651 5358 824 5414 Animi
852 5372 1012 5428 porro
1039 5356 1450 5428 magnitudinem
1496 5371 1607 5411 non.
1642 5355 1696 5410 in
1723 5355 1836 5408 lau-

258 5447 385 5504 dum
408 5459 714 5521 Contempto
742 5458 946 5506 tantum
965 5450 1218 5506 exhibere
1241 5463 1336 5519 par
1357 5455 1462 5515 est,
1493 5446 1588 5502 sed
1615 5446 1835 5502 ulterius

316 5670 348 5736 f
378 5675 504 5718 Onus
526 5668 696 5727 habet,
721 5669 897 5720 Etenim
921 5668 980 5728 si,
1005 5667 1200 5720 laudum
1223 5663 1460 5728 superba
1478 5666 1524 5712 et
1546 5658 1764 5724 potentia
1787 5659 1836 5709 in

272 5726 472 5783 dicendo
493 5726 696 5796 spretor.

1444 288 1533 344 DE
1571 285 2018 344 SACERDOTIO.
2060 285 2188 342 LIB.
2228 286 2293 342 V.

3385 295 3450 348 67
3462 295 3491 348 ι

1921 400 2386 470 progrediendum,
2420 415 2484 456 ne
2511 399 2871 470 imperfectum
2898 401 3100 456 lucrmn
3130 401 3362 457 accedat.

1989 493 2041 545 4.
2083 490 2337 544 Invidiam
2365 501 2646 545 contemnat
2690 501 2901 560 oportet.
2929 523 2997 532 —
3022 493 3296 559 Quodnam
3334 493 3491 555 igitur

1918 581 2059 634 aliud
2087 581 2531 634 contemnendum
2560 582 2680 636 est?
2709 581 2867 636 Livor
2894 589 2948 636 et
2978 581 3193 636 invidia.
3233 582 3494 651 Intempe-

1916 673 2078 726 stivas
2099 681 2273 725 autem
2303 671 2664 725 accusationes
2695 673 2710 703 ¹
2741 671 2981 743 (necesse
3031 672 3223 742 quippe
3272 684 3356 726 est
3399 689 3495 726 an-

1919 763 2137 816 tistitem
2193 761 2449 817 absurdas
2502 763 2660 817 etiam
2713 761 3155 832 reprehensiones
3203 763 3492 828 sustinuere)

1916 869 2090 923 neque
2115 853 2397 908 admodum
2431 853 2616 908 timere
2645 853 3053 922 formidareque,
3077 869 3246 922 neque
3277 868 3495 922 prorsus

1917 943 2185 1012 negligere
2240 943 2486 997 convenit
2529 959 2542 993 :
2583 942 2676 997 sed
2726 941 2933 996 etiamsi
2993 943 3097 996 illa:
3151 941 3296 996 falsae
3351 941 3488 1005 sint,

1915 1035 2121 1089 etiamsi
2153 1050 2180 1087 a
2209 1035 2428 1103 plebeiis
2468 1033 2775 1092 offerantur.
2815 1034 2993 1088 statim
3032 1048 3123 1088 eas
3158 1033 3495 1103 exstinguere

1916 1123 2214 1178 conandum
2242 1133 2340 1178 est.
2371 1123 2506 1177 Nihil
2542 1124 2682 1178 enim
2715 1124 2782 1177 ita
2811 1122 3002 1178 famam
3033 1136 3125 1177 seu
3152 1121 3366 1189 bonam,
3399 1138 3494 1177 seu

1918 1215 2108 1267 malam
2153 1223 2328 1283 auget,
2378 1223 2435 1267 ut
2480 1213 2883 1282 incompositum
2925 1213 3114 1282 vulgus
3141 1227 3297 1267 :cum
3351 1213 3490 1267 enim

1917 1307 2034 1360 sine
2062 1307 2308 1360 examine
2348 1314 2402 1360 et
2441 1306 2626 1360 audire
2676 1315 2730 1360 et
2781 1303 2986 1375 garrire
3010 1306 3031 1336 '
3056 1305 3246 1371 soleat,
3295 1314 3495 1358 temere

1917 1395 2171 1465 quidquid
2198 1397 2428 1449 occurrit
2463 1396 2714 1465 loquitur,
2741 1395 2882 1449 nulla
2914 1409 3131 1464 prorsus
3154 1394 3262 1448 veri
3290 1394 3495 1448 ratione

1921 1485 2117 1538 habita.
2145 1484 2503 1550 Quamobrem
2547 1500 2652 1538 non
2677 1492 2885 1554 oportet
2909 1483 3095 1553 vulgus
3128 1492 3490 1548 contemnere,

1916 1577 2008 1630 sed
2047 1592 2230 1646 pravas
2267 1577 2593 1646 suspiciones
2637 1577 2813 1630 statim
2853 1574 2920 1628 ab
2967 1574 3117 1628 initio
3156 1573 3489 1637 exscindere,

1917 1675 2254 1720 accusatores
2282 1666 2348 1721 de
2387 1666 2654 1720 contrario
2682 1663 3064 1734 persuadendo,
3109 1663 3315 1717 etiamsi
3361 1662 3432 1716 illi
3464 1678 3495 1717 a

1917 1758 2122 1810 ratione
2142 1755 2451 1810 alienissimi
2474 1757 2578 1810 sint
2601 1755 2842 1810 :demnm
2868 1755 2999 1807 nihil
3022 1762 3167 1808 retro
3195 1754 3493 1821 relinquere

1916 1849 2186 1914 Convenit,
2243 1847 2385 1918 quod
2425 1862 2636 1916 pravam
2678 1847 2700 1878 ³
2740 1846 3042 1916 Opinionem
3084 1844 3264 1899 delere
3290 1845 3492 1912 possit:

1918 1941 1998 1994 sin
2030 1955 2176 2003 vero,
2207 1947 2486 2009 postquam
2530 1939 2706 1993 omnia
2732 1937 3157 2006 praestiterimus,
3197 1935 3366 1989 nolint
3405 1949 3493 1987 ac-

1919 2041 2192 2088 cusatores
2234 2046 2436 2084 morem
2479 2045 2684 2099 gerere,
2729 2038 2855 2082 tunc
2882 2036 3190 2095 contemptu
3215 2041 3346 2094 opus
3375 2027 3492 2078 erit.

1917 2120 2356 2190 Quandoquidem
2387 2121 2431 2173 si
2461 2121 2578 2188 quis
2615 2118 2825 2172 casibus
2852 2115 3153 2185 hujusmodi
3190 2115 3368 2168 animo
3395 2113 3494 2167 de-

1913 2213 2146 2284 jiciatnr,
2189 2212 2234 2265 is
2275 2226 2556 2280 numquam
2592 2208 2784 2279 poterit
2822 2207 3089 2277 quidpiam
3136 2205 3379 2275 generosi
3409 2204 3492 2257 vel

1917 2303 2212 2358 admirandi
2242 2310 2517 2370 prmstare.
2543 2299 2676 2354 Nam
2721 2311 2918 2352 maeror
2954 2296 3114 2350 animi
3162 2295 3492 2364 assiduceque

1917 2393 2302 2449 sollicitudines
2347 2391 2512 2447 animi
2553 2392 2660 2444 vim
2694 2399 3028 2459 prosternere
3058 2396 3300 2458 possunt,
3344 2395 3399 2441 et
3437 2386 3489 2440 in

1919 2495 2210 2540 extremam
2243 2482 2656 2536 imbecillitatem
2677 2480 2958 2534 deducere.
2990 2478 3076 2533 Sic
3097 2477 3254 2546 igitur
3281 2485 3493 2545 oportet

1918 2575 2248 2630 sacerdotem
2275 2587 2398 2642 erga
2423 2571 2663 2626 subditos
2698 2568 2942 2623 affectum
2986 2583 3126 2632 esse,
3157 2576 3210 2620 ut
3237 2577 3389 2636 pater
3413 2577 3492 2620 est

1917 2681 2040 2736 erga
2085 2664 2400 2719 tenerrimos
2445 2663 2708 2715 filios:ac
2753 2657 3197 2729 quemadmodum
3244 2657 3347 2710 illis
3395 2670 3493 2709 nec

1918 2755 2398 2820 insolescentibus,
2452 2767 2551 2806 nec
2597 2749 3049 2820 pereutientibus,
3099 2761 3197 2801 nec
3249 2745 3496 2801 ﬂentibus

1917 2861 2337 2909 commoremur,
2383 2843 2477 2898 sed
2505 2855 2676 2910 neque
2703 2855 2822 2895 cum
2867 2853 2964 2893 nos
3007 2835 3188 2892 ellusis
3225 2835 3495 2891 cachinnis

1918 2936 2206 3000 irriseriut,
2237 2933 2519 2988 admodum
2551 2945 2816 2996 curamus,
2843 2928 2914 2982 ita
2940 2942 3038 2982 nec
3057 2927 3246 2982 horum
3273 2925 3354 2980 vel
3383 2926 3494 2977 lau-

1917 3027 2074 3083 dibus
2101 3026 2474 3085 intumescere,
2511 3022 2594 3077 vel
2634 3019 2906 3089 vituperiis
2932 3017 3088 3088 dejici
3115 3024 3342 3087 oportet,
3375 3030 3492 3069 cum

1919 3121 2034 3176 hzec
2068 3121 2143 3174 illi
2185 3116 2555 3186 intempestive
2583 3112 2798 3168 faciunt.
2840 3110 3013 3166 Grave
3046 3109 3173 3163 illud
3214 3116 3316 3173 est,
3354 3121 3388 3161 ο
3414 3108 3496 3160 vir

1917 3212 2093 3276 beate,
2121 3211 2228 3264 imo
2255 3209 2357 3262 tale
2389 3209 2613 3261 fortasse
2639 3211 2786 3273 puto,
2809 3199 2949 3272 quod
2981 3198 3214 3268 praestari
3237 3213 3339 3250 non
3367 3211 3495 3265 pos-

1918 3305 2006 3359 sit.
2025 3301 2318 3372 ,Siquidem
2349 3298 2617 3353 laudatum
2661 3295 2926 3349 hominem
2967 3307 3071 3345 non
3110 3289 3358 3360 gaudere,
3403 3303 3494 3342 ne-

1919 3397 2031 3452 scio
2059 3411 2125 3450 an
2153 3394 2380 3464 cuipiam
2402 3391 2483 3446 vel
2514 3404 2703 3460 magna
2741 3387 2935 3441 virtute
2971 3383 3194 3454 praedito
3219 3379 3492 3435 acciderit.

1918 3488 2248 3546 Gaudentem
2285 3499 2416 3540 vero
2457 3495 2678 3537 necesse
2701 3479 2909 3534 videtur
2934 3476 2984 3530 id
3020 3473 3320 3528 desiderare
3355 3469 3494 3523 unde

1919 3581 2109 3651 gaudio
2135 3579 2346 3646 fruitur,
2373 3575 2760 3632 desiderantem
2789 3585 2950 3641 porro
2980 3565 3170 3638 gaudio
3195 3564 3318 3628 frui,
3346 3577 3496 3633 pror-

1921 3689 2014 3729 sus
2060 3687 2277 3728 necesse
2305 3678 2408 3737 est,
2445 3669 2489 3724 si
2517 3667 2569 3722 id
2600 3681 2706 3721 non
2747 3668 3116 3732 consequatur,
3149 3657 3349 3722 dolere,
3381 3665 3493 3710 tor-

1920 3767 2092 3838 queri,
2148 3763 2392 3828 cruciari,
2447 3777 2511 3815 ac
2559 3771 2789 3814 mterore
2830 3755 2989 3810 allici.
3040 3748 3492 3819 Quemadmodum

1922 3859 2061 3912 enim
2085 3857 2143 3924 ii,
2171 3855 2258 3924 qui
2288 3853 2339 3907 in
2369 3851 2565 3906 divitiis
2588 3849 2854 3909 laetantur,
2883 3845 2926 3899 si
2951 3843 3162 3914 quando
3188 3841 3237 3894 in
3267 3854 3494 3908 pauper-

1924 3955 2086 4001 tatem
2129 3943 2397 4008 decidant,
2443 3953 2581 4011 tegre
2610 3937 2787 3993 ferunt
2814 3954 2828 3991 :
2853 3942 2909 3990 et
2957 3933 3044 4001 qui
3085 3928 3323 3985 delicatis
3358 3927 3497 3982 cibis

1925 4042 2290 4098 assueverunt,
2328 4047 2610 4102 numquam
2642 4029 2908 4099 patiantur
2935 4023 3078 4079 tenui
3111 4023 3183 4076 uti
3213 4021 3380 4075 victus
3406 4033 3493 4071 ra-

1926 4129 2071 4184 tione
2100 4145 2114 4182 :
2142 4127 2220 4183 sic
2243 4137 2297 4181 et
2323 4124 2492 4178 laudis
2518 4131 2801 4184 amatores,
2833 4134 2938 4172 non
2963 4115 3119 4170 modo
3147 4128 3266 4168 cum
3295 4119 3496 4165 tcmcre

1927 4221 2310 4288 vituperantur,
2340 4215 2432 4270 sed
2461 4215 2618 4270 etiam
2647 4227 2766 4266 cum
2807 4225 2910 4262 non
2948 4205 3158 4262 assidue
3199 4201 3497 4263 laudantur,

1929 4327 2024 4366 ceu
2056 4312 2192 4364 fame
2223 4308 2447 4378 quadam
2487 4303 2896 4364 contabescnnt;
2927 4297 3154 4351 maxime
3197 4294 3240 4346 si
3283 4293 3333 4346 in
3371 4292 3499 4360 ipsis

1929 4401 2171 4456 laudibus
2191 4397 2396 4452 educati
2420 4394 2632 4455 fuerint,
2663 4401 2751 4444 aut
2771 4389 2815 4443 si
2836 4389 2967 4441 alios
2990 4385 3187 4438 laudari
3211 4382 3494 4437 audierint.

1928 4493 2028 4560 Qui
2053 4507 2178 4546 vero
2203 4505 2320 4544 cum
2352 4488 2440 4541 tali
2469 4483 2714 4554 cupidine
2738 4483 2792 4536 in
2818 4480 3071 4535 doctrina:
3106 4486 3370 4531 certamen
3409 4472 3531 4526 (ιιι-ε

1933 4579 2216 4642 scenderit,
2248 4593 2402 4648 quam
2447 4575 2623 4630 multis
2653 4574 2796 4627 illum
2844 4567 3092 4639 negotiis,
3124 4565 3280 4636 quam
3325 4564 3504 4617 multis

1930 4673 2201 4728 doloribus
2221 4667 2503 4724 obnoxium
2531 4665 2642 4719 fore
2671 4661 2858 4734 putas?
2883 4660 3062 4730 Neque
3085 4672 3230 4712 mare
3255 4671 3503 4726 umquam

1934 4775 2108 4838 potest
2132 4763 2376 4818 fluctibus
2403 4774 2606 4826 carere,
2634 4770 2805 4826 neque
2844 4754 2981 4808 illius
3008 4751 3219 4806 animus
3244 4749 3503 4803 sollicitu-

1933 4859 2057 4915 dine
2083 4867 2136 4912 et
2164 4853 2432 4909 maestitia.

2005 4950 2062 5005 5.
2096 4947 2311 5002 Erudito
2336 4944 2448 5014 plus
2476 4939 2628 4994 studii
2665 4947 2715 4992 et
2738 4934 3013 5006 diligentia:
3046 4944 3172 5002 Opus
3205 4945 3330 4995 esse,
3357 4945 3508 4997 quam

1933 5041 2203 5096 inerudito.
2230 5065 2303 5079 --
2327 5034 2457 5090 Nam
2485 5033 2527 5087 si
2555 5031 2602 5085 is
2625 5029 2780 5084 fuerit
2805 5040 2989 5095 magna
3013 5020 3219 5076 dicendi
3246 5018 3298 5073 vi
3321 5017 3509 5087 przedi-

1936 5143 2021 5187 tus
2046 5131 2172 5204 (hoc
2194 5137 2370 5182 autem
2397 5125 2450 5179 in
2463 5120 2658 5202 paucis
2683 5113 2988 5185 invenitur),
3017 5128 3083 5168 ne
3104 5112 3178 5166 sic
3205 5109 3414 5178 quidem
3437 5106 3509 5204 ab

1941 5197 2155 5277 assiduo
2177 5217 2338 5272 animi
2367 5197 2595 5269 mterore
2627 5222 2822 5263 vacuus
2864 5206 2982 5262 erit.
3015 5201 3223 5257 Etenim
3258 5213 3376 5252 cum
3403 5197 3515 5252 elo-

1943 5309 2212 5384 quentiam
2252 5319 2355 5360 non
2383 5311 2589 5366 natura,
2620 5297 2714 5354 sed
2755 5293 3030 5363 disciplina
3071 5288 3261 5360 pariat,
3289 5287 3411 5342 licet
3447 5286 3512 5339 ad

1941 5383 2208 5458 summum
2248 5398 2365 5467 ejus
2404 5395 2607 5465 apicem
2633 5391 2751 5463 quis
2774 5385 3094 5459 pervenerit,
3144 5383 3211 5438 ab
3249 5383 3338 5437 illa
3374 5389 3520 5438 certe

2005 5597 2021 5628 ι
2061 5591 2166 5649 Alii,
2190 5589 2537 5651 intempestiua
2555 5585 2786 5650 injurias;
2809 5594 2950 5640 unus,

2002 5659 2023 5688 '
2059 5655 2160 5710 ΑΙίἰ,
2184 5651 2470 5713 vituperare.

2007 5719 2028 5751 ³
2061 5715 2164 5777 Alii,
2186 5728 2276 5765 non
2301 5725 2479 5762 verum.
