3944 6202
497 207 600 262 675

493 317 826 382 destituetur,
857 318 956 374 tusi
985 321 1197 377 assiduo
1223 323 1397 378 studio
1424 331 1478 377 et
1519 324 1895 379 exercitatione
1922 325 2062 379 illam

495 411 785 464 excoluerit
815 429 826 461 :
859 411 926 465 ita
958 423 1014 467 ut
1047 415 1212 484 magis
1252 415 1608 484 peritioribus,
1651 431 1806 485 quam
1851 417 2067 485 imperi-

497 499 721 553 tioribus
763 501 830 553 sit
885 502 1252 558 laborandum.
1299 504 1481 574 Neque
1524 506 1665 558 enim
1717 521 1811 574 par
1860 504 2067 575 jactura

498 596 765 658 utresque,
793 591 1171 662 sinegligentes
1202 593 1412 658 fuerint,
1446 607 1654 661 manet;
1679 596 1770 651 sed
1794 605 1938 650 tanto
1961 613 2070 650 uia-

491 676 575 746 jor
612 679 743 743 hmo,
789 692 1040 749 quantum
1081 693 1163 738 est
1205 685 1340 739 inter
1370 685 1613 753 peritiam
1661 695 1712 740 et
1752 685 2066 754 imperitiam

494 772 846 828 intervallum.
880 777 1050 844 Atque
1092 777 1210 831 illos
1237 779 1450 847 quidem
1482 793 1639 832 nemo
1671 779 1982 847 culpaverit,
2024 777 2070 832 si

495 862 624 916 nihil
653 864 900 918 eximium
928 867 1229 933 attulerint;
1257 869 1340 922 hic
1367 885 1493 923 vero
1523 870 1622 922 nisi
1658 869 1922 938 quidpiam
1955 883 2067 921 ma-

492 951 581 1021 jus
627 954 1036 1022 exisumatione,
1083 973 1184 1027 qua
1231 961 1367 1014 valet
1411 963 1549 1030 apud
1599 975 1804 1026 omnes,
1857 975 2070 1030 semper

495 1044 799 1111 protulerit,
835 1047 884 1100 in
933 1049 1170 1103 omnium
1210 1051 1680 1120 reprehensionem
1719 1053 1958 1106 incurrit.
1988 1052 2069 1106 Ad

494 1133 610 1188 haec
655 1135 729 1188 illi
778 1152 874 1205 pro
924 1139 1146 1193 modicis
1197 1142 1538 1196 concionibus
1593 1158 1835 1210 magnam
1878 1157 2071 1196 conse-

494 1235 728 1293 quuntur
755 1227 1002 1294 laudem;
1036 1230 1086 1283 lii
1123 1247 1270 1296 vero,
1301 1233 1402 1288 nisi
1444 1233 1701 1288 mirabilia
1735 1245 1787 1288 et
1813 1235 2070 1303 stupenda

497 1318 784 1386 proferant,
809 1337 912 1375 non
943 1324 1100 1376 nitido
1125 1325 1362 1379 laudibus
1391 1327 1682 1394 privantur,
1721 1328 1813 1381 sed
1849 1328 2009 1382 etiam
2039 1343 2067 1380 a

498 1410 681 1465 multis
721 1412 1129 1483 redarguuntur.
1179 1416 1462 1472 Auditores
1490 1418 1683 1488 quippe
1722 1433 1825 1471 non
1867 1427 1971 1471 tam
2001 1418 2070 1472 de

495 1501 776 1566 concione,
807 1518 963 1571 quam
991 1505 1056 1559 de
1091 1507 1452 1560 concionantis
1472 1508 1858 1562 existimatione
1885 1509 2070 1562 sedent

491 1588 718 1656 judices.
768 1593 1098 1664 Quapropter
1142 1597 1231 1651 ubi
1270 1598 1528 1667 quiSpiam
1576 1600 1850 1655 universos
1891 1599 1939 1653 vi
1986 1598 2068 1654 di-

495 1680 648 1734 cendi
673 1693 907 1751 superat,
932 1693 1041 1739 tum
1073 1686 1146 1740 illi
1177 1688 1315 1756 plus,
1345 1703 1499 1757 quam
1539 1691 1765 1756 caeteris,
1788 1690 1962 1744 studio
1989 1689 2066 1742 la-

495 1769 728 1840 boreque
764 1788 897 1842 opus
942 1785 1042 1829 est.
1090 1775 1270 1846 Neque
1311 1779 1451 1833 enim
1491 1780 1613 1834 licet
1650 1779 1722 1834 illi
1761 1781 1811 1834 id
1843 1780 2064 1850 perpeti,

495 1860 637 1928 quod
669 1862 760 1914 toti
803 1864 1045 1918 humanae
1090 1876 1291 1921 natura:
1334 1883 1613 1925 commune
1640 1879 1742 1936 est,
1776 1880 1832 1923 ut
1868 1869 2068 1924 scilicet

498 1967 603 2005 non
633 1968 844 2022 semper
869 1955 918 2008 in
946 1957 1190 2011 omnibus
1223 1959 1385 2026 probe
1417 1975 1525 2014 rem
1547 1970 1696 2030 gerat
1724 1979 1738 2014 :
1769 1960 1860 2014 sed
1883 1961 1925 2014 si
1953 1961 2061 2024 illa,

495 2059 613 2113 qua:
651 2047 1013 2100 concionando
1039 2049 1184 2111 dicit,
1215 2067 1332 2105 cum
1375 2051 1527 2106 fama:
1566 2053 1922 2122 magnitudine
1960 2068 2064 2106 non

497 2135 848 2203 consentiant,
877 2150 1165 2194 scommata
1197 2141 1518 2210 dicteriaque
1557 2159 1586 2196 a
1619 2143 1952 2198 multitudine
1976 2158 2065 2197 re-

496 2225 619 2279 fert.
647 2226 815 2282 Nemo
846 2245 1024 2285 secum
1055 2242 1264 2302 reputat
1291 2243 1382 2286 aut
1408 2235 1725 2288 incidentem
1755 2249 2062 2298 nuerorem,

493 2329 585 2372 aut
611 2323 902 2389 angustiam
932 2324 1117 2389 animi,
1157 2325 1236 2379 vel
1267 2325 1689 2393 sollicitudinem,
1717 2327 1799 2382 vel
1830 2341 2067 2396 persaepe

496 2410 628 2466 iram
657 2416 846 2469 mentis
887 2417 1055 2472 aciem
1085 2419 1316 2473 tenebris
1357 2400 1628 2486 offudisse,
1668 2435 1840 2490 neque
1879 2420 2066 2474 sivisse

495 2515 650 2556 sensa
674 2503 786 2572 ejus
812 2520 940 2574 pura
971 2507 1281 2578 sinceraque
1307 2509 1516 2577 prodire
1545 2528 1557 2562 :
1581 2519 1739 2579 atque
1763 2512 1920 2565 homo
1943 2525 2065 2564 cum

495 2595 588 2660 sit,
634 2609 737 2648 non
768 2611 921 2664 posse
965 2613 1179 2668 semper
1225 2614 1347 2653 eum
1393 2601 1563 2669 ipsum
1611 2616 1747 2668 esse,
1800 2617 1971 2671 neque
2013 2602 2064 2656 in

496 2687 738 2741 omnibus
769 2704 1019 2759 prospere
1062 2707 1238 2760 agere,
1281 2692 1372 2746 sed
1401 2693 1540 2763 quod
1590 2695 1701 2748 fieri
1745 2694 1901 2762 solet,
1929 2696 2068 2748 acci-

496 2776 627 2832 dere
667 2788 723 2831 ut
766 2796 1158 2851 nonnumquam
1188 2783 1408 2846 labatur,
1450 2799 1511 2838 ac
1554 2785 1757 2838 minora
1787 2800 1943 2854 quam
1971 2800 2066 2854 pro

495 2867 648 2921 solita
675 2869 868 2925 virtute
895 2872 1160 2928 exhibeat.
1191 2873 1328 2927 Nihil
1354 2873 1561 2938 horum,
1593 2884 1650 2928 ut
1672 2875 1799 2942 dixi,
1835 2876 2066 2945 cogitare

497 2957 720 3013 volunt:
747 2960 860 3026 sed,
894 2976 956 3016 ac
1005 2963 1047 3016 si
1095 2964 1162 3017 de
1203 2964 1391 3034 angelo
1426 2965 1681 3034 judicium
1723 2964 1941 3029 ferrent,
1995 2966 2063 3020 ita

495 3048 666 3117 ipsum
708 3050 1048 3120 redarguunt.
1095 3053 1339 3124 Alioquin
1379 3070 1505 3109 vero
1545 3055 1682 3110 solet
1729 3057 1888 3110 homo
1931 3070 2066 3125 prae-

494 3139 635 3192 clara
664 3142 892 3210 proximi
915 3145 994 3197 sui
1024 3153 1190 3215 gesta,
1222 3148 1558 3214 quantumvis
1587 3147 1750 3201 multa
1774 3156 1828 3202 et
1853 3162 2058 3218 magna,

494 3232 798 3302 despicere;
845 3236 893 3290 si
931 3246 1106 3291 autem
1141 3237 1252 3292 vitii
1291 3239 1558 3307 quidpiam
1592 3248 1863 3308 appareat,
1893 3254 2062 3310 quan-

497 3324 690 3377 tumvis
735 3325 850 3379 leve
896 3326 984 3392 sit,
1025 3327 1266 3396 quamvis
1311 3328 1514 3397 jamdiu
1557 3330 1823 3396 acciderit,
1884 3332 2060 3384 statim

493 3411 844 3482 dignoscitur,
872 3417 1146 3471 confestim
1186 3419 1452 3488 arripitur,
1483 3431 1538 3475 et
1574 3437 1856 3493 numquam
1888 3438 1919 3477 e
1953 3440 2064 3480 me-

494 3505 664 3568 moria
702 3505 1116 3577 excidit:atque
1142 3509 1270 3563 illud
1311 3526 1564 3581 perquam
1601 3524 1756 3568 tenue
1785 3514 2062 3584 exiguum-

494 3611 614 3663 que,
653 3599 936 3653 multorum
973 3615 1388 3673 magnorumque
1419 3605 1653 3660 virorum
1692 3619 1834 3676 saepe
1867 3606 2060 3661 famam

496 3689 780 3745 imtniuuit.
1968 3685 1980 3696 ’

565 3783 617 3836 6.
657 3781 914 3837 Iudicium
959 3785 1294 3841 multitudinis
1336 3788 1580 3858 imperita:
1620 3807 1718 3843 non
1757 3808 1861 3844 esse
1891 3803 2061 3846 conte-

495 3875 1036 3938 mumdum.-Vides,
1069 3891 1102 3930 ο
1131 3879 1212 3931 vir
1231 3894 1508 3947 generose,
1533 3898 1651 3934 eum
1682 3884 1767 3952 qui
1789 3882 2061 3937 vidicendi

496 3961 750 4031 praeditus
793 3965 880 4029 sit,
930 3967 1131 4036 majore
1171 3969 1520 4024 sollicitudine
1559 3987 1694 4038 opus
1734 3972 1970 4027 habere:
2001 3988 2063 4028 ac

497 4064 690 4122 praeter
715 4056 944 4110 studium
979 4069 1118 4112 tanta
1150 4060 1423 4114 tolerantia
1453 4063 1706 4132 indigere,
1733 4074 1926 4132 quanta
1957 4079 2060 4118 non

495 4158 701 4212 omnes,
734 4162 955 4215 quorum
1003 4149 1145 4218 prius
1184 4152 1422 4217 memini,
1472 4167 1604 4220 Opus
1649 4153 1896 4208 habuere.
1930 4153 2059 4208 Nam

493 4235 643 4289 multi
683 4251 824 4305 smpe
870 4238 1015 4292 illum
1067 4249 1265 4294 temere
1302 4241 1629 4306 adoriuntur,
1679 4252 1730 4296 et
1773 4258 1892 4297 cum
1931 4244 2061 4298 nihil

491 4328 728 4382 criminis
748 4328 925 4384 offerri
953 4332 1137 4399 possit,
1169 4345 1272 4385 non
1296 4332 1448 4386 aliam
1475 4331 1580 4387 odii
1609 4348 1819 4388 causam
1843 4334 2057 4399 habent,

493 4433 650 4484 quam
673 4421 791 4487 quia
821 4420 961 4489 apud
1000 4435 1186 4476 omnes
1216 4422 1348 4478 bene
1384 4424 1551 4478 audit.
1584 4423 1781 4479 Horum
1811 4425 2060 4480 invidiam

492 4505 699 4559 fortiter
733 4509 870 4562 ferre
911 4524 1003 4576 par
1038 4519 1120 4564 est
1149 4529 1161 4564 :
1186 4527 1304 4565 nam
1336 4513 1715 4568 exsecrandum
1760 4512 2056 4583 hujusmodi

491 4596 692 4663 odium,
736 4597 876 4666 quod
918 4608 1117 4654 temere
1153 4615 1528 4670 conceperunt,
1573 4619 1692 4659 cum
1733 4613 1909 4673 tegere
1953 4621 2058 4659 non

492 4685 720 4750 valeant,
748 4688 881 4741 clam
917 4692 1299 4756 conviciantur,
1347 4693 1606 4761 incusant,
1648 4695 2056 4764 calumniantur,

492 4776 772 4846 palamque
807 4778 1057 4832 malitiam
1086 4790 1360 4836 exercent.
1398 4785 1618 4840 Animus
1654 4797 1828 4840 autem
1857 4787 1946 4857 qui
1991 4788 2057 4841 ad

491 4866 582 4920 illa
618 4867 822 4936 singula
861 4869 1043 4925 dolere
1079 4880 1236 4941 atque
1264 4872 1457 4928 irritari
1504 4875 1744 4944 emperit,
1789 4893 1892 4932 non
1924 4879 2058 4934 ultra

492 4960 739 5029 progredi
779 4971 970 5031 potest,
1013 4965 1106 5020 sed
1135 4965 1318 5020 dolore
1343 4968 1684 5023 contabescit.
1715 4968 1924 5024 Etenim
1951 4987 2058 5026 non

490 5065 587 5119 per
610 5065 668 5105 se
690 5060 890 5106 tantum
925 5069 984 5110 se
1014 5055 1110 5124 ipsi
1147 5056 1484 5121 ulciscuntur,
1522 5057 1614 5113 sed
1650 5060 1806 5114 etiam
1831 5061 2057 5116 aliorum

490 5148 708 5196 utuntur
733 5157 890 5212 Opera
915 5161 1010 5200 :ac
1037 5162 1178 5216 saepe
1213 5163 1373 5202 unum
1401 5138 1698 5220 quempiam
1726 5151 1930 5206 dicendi
1960 5153 2058 5208 im-

493 5233 717 5299 peritum
737 5246 1066 5306 cooptantes,
1094 5240 1335 5296 laudibus
1367 5243 1635 5298 celebrant
1670 5259 1732 5299 ac
1757 5259 1915 5313 supra
1941 5262 2056 5302 me-

492 5325 652 5380 ritum
703 5327 1051 5398 admirantur,
1104 5332 1192 5386 alii
1237 5332 1413 5389 furore
1443 5336 1605 5400 ducti,
1653 5337 1742 5390 alii
1795 5337 2059 5406 imperitia

493 5416 649 5470 simul
675 5427 730 5472 et
765 5418 928 5476 livore
967 5421 1214 5492 impulsi;
1241 5439 1346 5478 non
1368 5433 1424 5479 ut
1447 5426 1738 5481 mirabilem
1774 5428 2058 5484 exhibeant

493 5519 636 5572 eum,
693 5510 781 5576 qui
837 5511 956 5566 talis
1003 5527 1108 5568 non
1147 5525 1246 5579 est,
1287 5513 1384 5570 sed
1428 5528 1485 5569 ut
1525 5514 1681 5585 hujus
1731 5517 1951 5586 gloriam
1989 5519 2056 5573 de

493 5597 668 5653 medio
701 5601 904 5658 tollant.
933 5605 1110 5677 Neque
1149 5607 1402 5665 adversus
1445 5606 1574 5664 istos
1612 5616 1811 5664 tantum
1841 5608 2052 5666 athleta:

1191 210 1248 267 S.
1288 211 1562 268 JOANNIS
1597 212 2070 268 CllllYSOSTOMI
2110 212 2426 268 ARCHIEP.
2467 211 2994 266 CONSTANTINOP.
3593 221 3680 277 676

2175 324 2247 377 illi
2279 334 2548 378 certamen
2577 333 2677 388 est,
2707 322 2802 377 sed
2831 323 3138 390 plerumque
3161 321 3398 379 adversus
3432 328 3576 385 totius
3600 347 3680 402 po-

2171 415 2277 482 puli
2310 413 2643 482 imperitiam.
2672 413 2801 480 Quia
2830 414 2969 466 cnim
3003 413 3334 483 fierincquit,
3357 427 3410 470 ut
3446 426 3574 474 totus
3595 438 3684 476 cm-

2173 513 2254 558 tus
2291 519 2356 558 ex
2399 504 2614 557 literatis
2642 503 2766 557 viris
2810 502 3086 566 coaluerit,
3131 503 3219 556 sed
3257 519 3432 572 magna
3471 508 3686 565 Ecclesia;

2173 609 2295 663 pars
2347 610 2411 648 ex
2453 593 2627 648 idiotis
2652 601 2890 658 constat;
2932 591 3118 661 reliqui
3153 607 3274 646 vero
3308 595 3403 649 illis
3430 599 3687 665 sagaciorcs

2172 684 2382 755 quidem
2426 694 2566 750 sunt,
2612 683 2707 738 sed
2751 683 2818 738 ab
2871 684 2953 750 iis,
3005 683 3092 752 qui
3140 682 3204 736 de
3248 684 3444 738 dicendi
3482 688 3689 742 facultate

2167 777 2424 846 judicium
2452 776 2591 831 ferre
2615 776 2808 841 valent,
2843 785 3045 829 tantum
3072 790 3289 828 nuntcro
3313 775 3516 841 distant,
3546 795 3686 847 quan-

2173 881 2282 924 tttm
2310 870 2464 924 iidem
2492 884 2522 922 a
2549 868 2766 937 reliquis
2797 867 3042 920 omnibus
3072 885 3085 920 :
3111 882 3241 919 unus
3266 866 3457 922 scilicet
3483 869 3554 922 vel
3580 872 3690 923 alter

2171 961 2322 1016 sedet
2351 963 2448 1014 hac
2484 959 2735 1030 praeditus
2761 959 3026 1022 facultate,
3070 973 3384 1027 necesseque
3425 969 3498 1013 est
3538 968 3586 1013 ut
3618 965 3689 1030 qui

2173 1051 2504 1119 eloquentius
2532 1049 2743 1111 dixertt,
2772 1049 3028 1101 minorem
3060 1047 3159 1100 sibi
3201 1047 3431 1115 plausum
3459 1050 3686 1113 conciliet,

2173 1151 2225 1196 et
2255 1141 2537 1212 aliquando
2563 1142 2678 1194 sine
2707 1139 2860 1194 laude
2901 1139 3157 1192 discedat.
3187 1137 3323 1192 Sane
3348 1149 3516 1196 contra
3543 1139 3692 1208 hujus-

2173 1232 2315 1285 modi
2359 1230 2822 1300 inaequabilitatem
2872 1230 3106 1282 animum
3151 1243 3401 1296 generose
3436 1245 3693 1297 prazparare

2172 1321 2342 1385 decet,
2375 1322 2542 1390 iisque
2570 1336 2785 1390 parcere
2805 1320 2894 1389 qui
2926 1335 3020 1388 per
3040 1320 3381 1389 ignorantiam
3403 1319 3520 1373 illud
3538 1331 3690 1390 agunt,

2175 1428 2268 1468 eos
2293 1423 2491 1478 autem,
2525 1412 2614 1482 qui
2639 1427 2734 1480 per
2758 1410 3024 1474 invidiam,
3056 1418 3116 1464 ut
3155 1409 3376 1464 miseros
3398 1411 3694 1480 infelicesqne

2171 1505 2466 1575 deplorare,
2491 1521 2520 1558 a
2550 1512 2839 1572 neutroque
2874 1504 3059 1557 horum
3087 1503 3348 1573 quidpiam
3379 1513 3549 1572 putare
3569 1518 3596 1556 a
3615 1518 3692 1556 sua

2169 1597 2220 1650 vi
2261 1594 2467 1649 dicendi
2508 1609 2626 1649 esse
2664 1595 2976 1649 detractum.
3015 1593 3196 1663 Neque
3239 1594 3376 1647 enim
3421 1594 3464 1648 si
3501 1593 3694 1662 optimus

2171 1684 2360 1753 pictor,
2392 1683 2479 1753 qui
2503 1698 2687 1738 omnes
2713 1683 2764 1737 in
2790 1683 2887 1738 hac
2909 1691 3024 1737 arte
3057 1683 3340 1751 praecellat,
3371 1697 3597 1752 perquam
3621 1682 3690 1736 di-

2168 1777 2393 1847 ligenter
2420 1791 2449 1830 a
2479 1791 2536 1830 se
2548 1776 2807 1844 depictam
2827 1775 3106 1845 imaginem
3132 1775 3200 1828 ab
3226 1771 3475 1842 imperitis
3503 1773 3694 1827 derideri

2169 1869 2363 1935 videat,
2393 1868 2512 1922 ideo
2535 1867 2693 1922 debet
2718 1867 2896 1922 animo
2922 1867 3225 1933 concidere,
3255 1881 3351 1920 nec
3375 1865 3692 1934 imperitorum

2165 1961 2363 2032 judicio
2388 1963 2643 2031 picturam
2671 1962 2818 2030 parvi
2847 1961 3070 2024 ducere;
3096 1958 3530 2030 quemadmodum
3553 1973 3694 2026 neque

2170 2054 2424 2121 picturam
2453 2067 2572 2122 quae
2599 2051 2746 2106 nihili
2776 2052 2862 2118 sit,
2902 2067 2967 2106 ex
2994 2050 3358 2121 imperitorum
3394 2049 3698 2103 admiratione

2167 2147 2341 2215 magni
2375 2145 2566 2200 facere.

2239 2238 2292 2290 7.
2333 2235 2602 2289 Sermones
2627 2251 2794 2289 omnes
2823 2251 2880 2288 eo
2923 2243 3118 2287 tantum
3151 2245 3210 2288 ut
3245 2233 3355 2288 Deo
3381 2233 3616 2305 placeatur
3635 2231 3700 2282 di-

2168 2327 2401 2398 rigenda:
2444 2325 2807 2380 csse—Nam
2855 2327 3084 2395 optimus
3119 2326 3313 2380 artifex
3365 2325 3476 2394 ipse
3515 2337 3698 2376 suorum

2169 2419 2496 2489 opificiorum
2523 2420 2685 2488 judex
2714 2429 2850 2486 esto,
2880 2429 2932 2475 et
2961 2421 3176 2490 pulchra
3207 2419 3411 2476 fmdave
3438 2419 3518 2472 illa
3542 2415 3697 2472 existi-

2169 2522 2297 2576 met,
2321 2527 2440 2566 cum
2471 2527 2622 2566 mens
2659 2513 2862 2579 eadem,
2904 2529 3022 2584 qua:
3050 2513 3132 2567 illa
3175 2513 3359 2578 edidit,
3385 2511 3518 2565 hunc
3554 2509 3702 2564 calco-

2171 2603 2280 2656 lum
2323 2603 2496 2658 feret:
2527 2603 2749 2658 aliorum
2794 2611 2972 2658 autem
3011 2603 3323 2673 Opinionem
3367 2616 3621 2658 erroneam
3659 2609 3702 2651 ct

2169 2694 2299 2746 artis
2343 2693 2638 2763 imperitam
2687 2708 2754 2748 ne
2798 2693 2852 2748 in
2895 2703 3071 2749 mente
3109 2693 3326 2763 quidem
3374 2699 3596 2762 reponat.
3640 2689 3704 2744 Ne

2170 2783 2345 2853 itaque
2374 2787 2416 2836 is
2437 2785 2524 2852 qui
2554 2783 2808 2838 doctrinae
2827 2783 3062 2839 laborem
3093 2783 3350 2854 suscepit,
3372 2784 3580 2838 aliorum
3608 2781 3703 2833 lau-

2169 2875 2263 2929 des
2301 2876 2554 2939 attendat,
2612 2890 2783 2945 neque
2830 2875 2911 2930 his
2951 2876 3322 2932 deficientibus
3364 2875 3582 2929 animum
3627 2871 3704 2924 de-

2169 2966 2446 3036 spondeat.
2481 2966 2673 3020 Vcrum
2712 2982 3014 3022 sermonem
3055 2981 3214 3021 suum
3253 2967 3321 3022 ad
3365 2966 3459 3021 Dei
3488 2963 3704 3035 placitum

2167 3057 2491 3112 concinnans
2515 3056 2653 3126 (haec
2692 3057 2831 3113 enim
2859 3056 2973 3126 ejus
3003 3072 3210 3122 norma,
3245 3057 3332 3112 hic
3373 3056 3610 3112 terminus
3631 3067 3703 3106 ar-

2170 3147 2316 3202 tificii
2339 3147 2495 3203 debet
2531 3163 2668 3213 esse,
2701 3163 2805 3202 non
2834 3148 3050 3217 plausus
3077 3149 3161 3201 vel
3192 3146 3421 3219 laudes),
3452 3145 3494 3200 si
3521 3142 3705 3214 quidem

2165 3239 2233 3293 ab
2258 3238 2559 3293 hominibus
2585 3240 2743 3294 etiam
2785 3240 3045 3306 laudetur,
3075 3240 3262 3294 laudes
3286 3255 3354 3294 ne
3389 3236 3610 3307 rejiciat;
3638 3233 3704 3286 sin

2166 3329 2350 3385 laudes
2383 3329 2450 3383 ab
2492 3330 2817 3385 auditoribus
2861 3346 2962 3384 non
3006 3330 3227 3397 referat,
3268 3345 3335 3384 ne
3360 3335 3556 3398 quaerat
3592 3324 3705 3385 illas,

2166 3437 2267 3478 nec
2294 3421 2412 3477 ideo
2445 3421 2640 3476 doleat.
2668 3422 2932 3476 Laborum
2956 3422 3150 3492 quippe
3171 3422 3424 3476 solatium
3452 3417 3575 3474 illud
3599 3414 3706 3469 satis

2164 3513 2270 3567 erit
2293 3513 2631 3582 omniumque
2655 3514 2962 3577 maximum,
2994 3512 3039 3566 si
3072 3514 3322 3568 conscius
3348 3512 3447 3567 sibi
3475 3509 3635 3572 fuerit,
3660 3521 3710 3560 sc

2165 3605 2230 3659 ad
2257 3605 2346 3659 Dei
2377 3605 2622 3674 placitum
2649 3604 2939 3658 doctrinam
2961 3606 3311 3658 concinnasse
3341 3617 3508 3657 suam.

2235 3695 2289 3749 8.
2334 3695 2433 3759 Qui
2471 3710 2572 3747 non
2608 3695 2671 3748 sit
2697 3694 2903 3747 laudum
2940 3704 3272 3764 contemnor,
3305 3696 3348 3747 ei
3386 3691 3541 3746 multa
3561 3686 3710 3760 gravia

2165 3786 2410 3840 accidere.
2441 3815 2512 3826 —
2541 3785 2673 3839 Nam
2717 3786 2760 3839 si
2809 3785 3077 3854 comingat
3112 3800 3237 3840 eum
3284 3784 3452 3838 laudis
3492 3778 3710 3850 cupidine

2165 3876 2365 3946 abripi,
2413 3876 2540 3930 nihil
2585 3876 2840 3944 juvabuut
2895 3875 3133 3945 ingentes
3182 3877 3258 3931 illi
3313 3875 3554 3938 labores,
3600 3866 3708 3924 nihil

2164 3967 2372 4022 dicendi
2426 3968 2664 4022 facultas.
2715 3968 2935 4022 Animus
2976 3967 3138 4030 enim,
3171 3967 3262 4037 qui
3307 3967 3495 4021 stultas
3536 3960 3709 4017 multo-

2165 4075 2280 4113 rum
2322 4060 2760 4129 reprehensiones
2798 4060 2932 4113 ferre
2974 4060 3172 4128 nequit,
3201 4059 3528 4121 dissolvitur,
3562 4067 3619 4107 ac
3637 4050 3708 4104 di-

2164 4149 2318 4204 cendi
2360 4149 2592 4204 studium
2629 4148 2824 4219 abjicit.
2855 4148 3208 4217 Quamobrem
3257 4149 3358 4203 hac
3395 4149 3613 4218 primum
3638 4142 3709 4194 di-

2163 4241 2384 4310 sciplina
2436 4239 2599 4294 imbui
2639 4255 2735 4309 par
2767 4248 2868 4303 est,
2914 4254 3103 4309 nempe
3142 4239 3560 4295 contemnendas
3606 4245 3707 4287 esse

2165 4330 2368 4386 laudes.
2413 4329 2596 4400 Neque
2638 4330 2778 4384 enim
2821 4332 2949 4383 satis
2990 4338 3074 4384 est
3113 4329 3327 4384 dicendi
3370 4329 3420 4382 vi
3462 4323 3710 4396 praditum

2164 4439 2282 4478 esse
2303 4423 2368 4477 ad
2394 4439 2510 4478 eam
2542 4422 2839 4477 facultatem
2865 4422 3304 4485 conservandam,
3339 4423 3438 4476 nisi
3460 4419 3556 4473 hoc
3573 4415 3713 4471 etiam

2163 4514 2321 4568 adsit.
2352 4514 2504 4580 Quod
2542 4513 2587 4568 si
2635 4513 2752 4582 quis
2793 4529 2913 4567 cum
2951 4522 3197 4568 accurate
3235 4513 3544 4567 examinare
3585 4506 3711 4564 velit.

2163 4605 2252 4674 qui
2279 4603 2526 4659 facultate
2560 4605 2656 4658 ista
2682 4613 2846 4667 caret,
2874 4605 3165 4672 comperiet
3207 4619 3315 4657 non
3348 4603 3522 4656 minus
3559 4597 3710 4656 illuni,

2162 4711 2318 4768 quam
2347 4697 2484 4752 hunc
2503 4695 2712 4752 laudum
2739 4705 3045 4775 contemptu
3067 4710 3246 4765 egere.
3276 4693 3411 4749 Nam
3440 4693 3485 4748 si
3509 4705 3538 4745 a
3565 4701 3709 4759 popu-

2163 4791 2290 4845 laris
2317 4806 2462 4844 aura:
2481 4790 2728 4860 cupidine
2753 4789 2894 4843 vinci
2931 4803 2990 4844 se
3018 4789 3264 4858 patiatur,
3295 4787 3480 4841 multis
3505 4785 3555 4839 in
3577 4781 3712 4838 rebus

2163 4882 2462 4936 necessario
2481 4881 2768 4948 delinquct.
2786 4880 2916 4936 Cum
2937 4880 3077 4934 enim
3097 4893 3163 4934 eo
3182 4878 3464 4948 pervenire
3489 4880 3714 4944 nequeat.

2163 4981 2221 5028 ut
2242 4973 2449 5028 dicendi
2481 4972 2634 5026 laude
2661 4971 2968 5026 florentibus
2991 4971 3206 5042 aequalis
3231 4971 3326 5035 sit,
3360 4970 3491 5039 ipsis
3518 4976 3622 5021 tum
3643 4965 3711 5016 in-

2163 5065 2365 5130 sidiari,
2399 5073 2511 5119 tum
2553 5063 2810 5131 invidere,
2845 5072 2954 5118 tum
2980 5065 3181 5118 crimen
3217 5061 3438 5126 offerre,
3469 5071 3574 5116 tum
3603 5057 3714 5111 alias

2163 5159 2384 5226 turpiter
2424 5155 2642 5225 injurias
2665 5155 2859 5210 inferre
2892 5169 2998 5208 non
3027 5152 3309 5219 dubitabit,
3354 5151 3451 5207 sed
3477 5149 3600 5204 nihil
3627 5157 3713 5199 non

2162 5249 2392 5314 audebit,
2437 5249 2642 5303 etiamsi
2681 5249 2909 5302 animam
2948 5247 3168 5316 perdere
3210 5260 3352 5315 Opus
3395 5245 3487 5308 sit,
3528 5251 3583 5296 ut
3620 5237 3717 5306 ejus

2160 5341 2382 5410 gloriam
2421 5342 2472 5395 in
2521 5357 2632 5396 sua:
2661 5341 2927 5396 tenuitatis
2964 5340 3327 5395 conditionem
3368 5338 3607 5393 deducat.
3646 5327 3711 5383 Ad

2160 5433 2278 5487 haec
2316 5447 2346 5485 a
2383 5431 2664 5488 sudoribus
2703 5431 3072 5502 laboribusque
3113 5429 3424 5494 abstinebit,
3469 5441 3565 5483 ceu
3600 5437 3712 5492 qua-

2162 5520 2281 5574 darn
2307 5521 2581 5591 torpedine
2606 5524 2722 5591 ejus
2760 5522 2938 5576 animo
2974 5521 3317 5579 circumfusa.
3348 5518 3480 5572 Nam
3511 5515 3710 5570 multum

2165 5609 2491 5668 laborantem
2517 5610 2776 5666 modicam
2813 5610 3010 5668 referre
3037 5610 3270 5677 laudem,
3309 5608 3362 5664 id
3402 5621 3530 5662 sane
3565 5605 3613 5658 in
3647 5600 3713 5652 δι’
