3944 6202
198 300 281 355 €77
1360 284 1446 341 DE
1484 282 1934 343 SACERDOTIO.
1978 284 2108 342 LIB.
2150 283 2236 341 Vl.

188 412 279 457 tum
300 414 533 457 somnum
559 398 809 472 conjiciat
833 407 888 456 et
912 408 1085 456 vertat
1112 414 1256 466 eum,
1278 400 1367 470 qui
1394 399 1582 457 laudes
1604 416 1737 457 cor.-

185 502 398 551 lemncre
433 493 631 564 nequit.
666 493 1108 565 Quandoquidem
1143 503 1198 550 et
1234 494 1488 565 agricola,
1531 508 1653 550 cum
1686 495 1738 551 in

184 587 327 643 sterili
349 600 474 657 egro
498 585 725 652 laborat,
756 594 811 641 et
828 593 1045 658 petrosa
1074 601 1228 644 arare
1253 586 1481 657 cngitur,
1508 587 1616 642 cito
1638 586 1736 643 ab-

181 671 300 727 sistit
336 670 403 725 ab
451 684 634 741 opere,
676 670 778 725 nisi
827 683 1018 742 magna
1067 670 1343 726 laborandi
1400 670 1648 726 alacritas
1685 682 1738 728 et

182 762 313 817 fatuis
337 762 497 817 timor
514 768 718 831 urgeat»
755 761 967 817 Etenim
992 762 1041 817 si
1078 761 1134 829 ii,
1163 763 1354 833 quibus
1381 773 1569 834 magna
1598 762 1736 819 inest

178 852 362 909 dicendi
393 851 637 917 facultas,
678 862 825 908 tanta
853 854 1239 910 exercitatione
1278 862 1414 925 opus
1455 855 1653 910 habent
1680 864 1733 912 nt

181 941 299 1000 illam
316 953 634 1001 conservent
660 962 673 999 :
701 946 792 1016 qui
817 946 949 1001 nihil
973 946 1194 1002 omiiino
1225 946 1457 1017 collega,
1497 947 1592 1002 sed
1621 949 1736 1016 ipso

179 1037 451 1093 certaminis
482 1046 727 1108 tempore
757 1038 1005 1093 meditari
1042 1037 1269 1109 cogitur,
1297 1047 1553 1109 quantam
1593 1038 1735 1094 dini-

178 1129 418 1193 unitatem,
460 1140 722 1200 quantum
758 1130 1062 1195 tumultum,
1088 1139 1342 1201 quantam
1376 1131 1733 1201 perturbatio-

177 1236 277 1277 nem
321 1221 576 1292 patietur,
622 1222 683 1277 ut
725 1223 894 1277 multo
939 1222 1121 1279 labore
1155 1223 1417 1277 tantillum
1462 1223 1732 1294 quidpiam

174 1330 467 1385 wngngare
500 1315 706 1384 possit?
745 1315 801 1371 Si
828 1315 950 1386 quis
990 1331 1117 1372 vero
1160 1315 1430 1371 inferioris
1463 1316 1734 1388 dignitatis

172 1415 217 1460 et
254 1408 449 1460 ordinis
478 1406 581 1462 hac
614 1407 666 1461 in
718 1417 868 1478 parte
912 1405 1050 1477 plus,
1080 1420 1240 1479 quam
1283 1409 1390 1474 ille,
1433 1409 1734 1464 clarescere

171 1499 333 1567 possit,
360 1498 549 1553 divino
576 1499 809 1569 quodam
852 1500 940 1556 hic
966 1515 1098 1567 opus
1129 1509 1211 1555 est
1249 1500 1449 1567 animo,
1484 1508 1543 1554 ut
1571 1516 1637 1554 ne
1667 1500 1723 1553 li-

170 1596 279 1643 tore
308 1589 572 1659 rapiatur,
620 1605 724 1645 neu
775 1591 827 1644 in
880 1600 1167 1647 mmrorcm
1216 1590 1445 1645 decidat.
1493 1591 1622 1646 Nam
1665 1590 1732 1646 ab

169 1679 484 1736 inferioribus
512 1683 757 1752 superari
785 1699 932 1749 eum,
959 1683 1049 1754 qui
1087 1684 1304 1754 majoris
1342 1686 1411 1739 sit
1436 1685 1728 1755 dignitatis,

171 1771 377 1843 illudque
416 1772 634 1828 fortiter
663 1773 828 1840 ferre,
865 1790 973 1830 non
1013 1775 1216 1846 exigui,
1256 1791 1356 1831 nec
1402 1777 1588 1843 nostri,
1635 1776 1730 1832 sed

167 1864 467 1920 adamantini
513 1865 674 1920 fuerit
710 1866 895 1921 animi.
928 1868 1004 1921 Ac
1033 1868 1076 1922 si
1117 1867 1330 1937 quidem
1374 1867 1439 1934 is,
1472 1868 1559 1938 qui
1591 1882 1731 1936 prte-

166 1958 301 2017 ecllit,
336 1958 546 2028 probus
580 1959 975 2031 admodumque
1014 1960 1293 2017 modestus
1322 1962 1502 2026 fuerit,
1529 1962 1728 2016 malum

166 2057 434 2113 utcumque
486 2051 703 2105 tolerari
743 2059 952 2121 potest;
999 2052 1081 2107 sin
1127 2053 1321 2116 audax,
1372 2068 1626 2123 arrogans
1676 2061 1731 2108 et

164 2154 289 2194 vame
308 2142 501 2211 gloria:
523 2141 771 2211 cupidus,
800 2158 947 2199 mors
977 2144 1053 2198 illi
1085 2144 1322 2214 quotidie
1347 2144 1578 2214 optanda
1605 2151 1689 2199 est
1714 2161 1729 2199 :

163 2233 219 2287 ita
240 2249 432 2304 nempe
459 2235 560 2305 ipsi
590 2236 752 2290 vitam
785 2251 1019 2291 amaram
1051 2236 1259 2303 reddet,
1286 2236 1411 2291 dum
1443 2236 1617 2308 palam
1649 2235 1732 2291 iu-

162 2325 523 2391 saltat',clam
556 2326 762 2392 irridet,
803 2341 866 2383 ac
904 2327 1143 2398 quotidie
1187 2327 1459 2399 quidpiam
1506 2343 1571 2383 ex
1615 2326 1730 2397 ejus

159 2419 454 2473 aneuiritate
481 2417 709 2484 dm-llit,
736 2419 1024 2490 omniaque
1059 2420 1174 2490 ipse
1203 2434 1323 2476 esse
1348 2421 1517 2490 cupit.
1549 2418 1727 2475 Maxi-

161 2523 380 2581 nrumque
437 2511 490 2566 in
521 2510 605 2567 his
630 2511 881 2567 omnibus
908 2512 1212 2582 prmsidium
1244 2512 1402 2569 habet
1430 2512 1728 2568 libertatem

159 2598 203 2654 in
226 2601 469 2670 dicundo,
513 2612 570 2660 et
601 2605 961 2661 multitudinis
993 2604 1046 2661 in
1089 2620 1148 2663 se
1194 2604 1450 2674 studium,
1484 2603 1729 2661 subdito-

158 2707 351 2761 rIInque
376 2705 629 2751 omnium
658 2710 783 2768 erga
812 2707 1143 2753 se‘amorem.
1163 2697 1240 2752 An
1258 2697 1467 2768 ignoras
1479 2705 1733 2774 quantum

207 2783 226 2817 ³
252 2785 319 2835 sic
336 2784 569 2837 nonnulli
589 2793 698 2838 llas.
724 2792 775 2836 tn
798 2792 870 2847 Β..
890 2786 1168 2839 antecellit:
1191 2789 1351 2838 minus
1372 2788 1523 2838 bene.

3314 280 3421 333 n78

1847 400 2053 456 animos
2072 397 2492 457 Christianorum
2510 399 2707 456 invasit
2726 415 2867 457 nunc
2883 401 3195 457 concinnum
3218 401 3427 460 deside-

1845 493 2005 562 rium,
2036 503 2196 565 atque
2220 507 2316 550 eos
2343 493 2432 564 qui
2461 492 2604 549 illam
2646 499 2899 550 eiercent
2924 498 3116 559 artem,
3149 510 3254 549 non
3289 495 3429 565 apud

1842 591 2064 641 exteros
2092 585 2271 653 modo,
2301 584 2396 641 sed
2424 585 2586 641 etiam
2603 585 2742 656 apud
2771 600 2953 641 Servos
2985 586 3108 641 fidei
3140 587 3192 641 in
3224 586 3431 645 horrore

1842 675 2214 745 haberi?Quis
2244 676 2402 748 igitur
2430 685 2632 732 tantum
2659 677 2889 733 dedecus
2911 677 3063 744 ferat,
3090 692 3212 734 cum
3237 695 3430 750 nempe

1842 768 1958 839 ipso
1987 767 2238 838 loquente
2263 776 2471 823 taceant
2493 783 2678 823 omnes
2707 775 2760 822 ct
2787 768 3083 822 molestiam
3113 767 3212 824 sibi
3244 768 3427 825 inferri

1842 868 2045 930 putent,
2074 860 2438 931 orationisque
2464 859 2622 915 linem
2651 859 2801 930 quasi
2825 877 2855 915 a
2890 860 3160 917 laboribus
3192 863 3428 932 requiem

1838 960 2166 1021 exsilecteut,
2209 951 2378 1007 altero
2420 962 2596 1007 autem
2629 952 2885 1022 prolixius
2926 962 3132 1018 orante,
3179 954 3430 1010 alacriter

1837 1042 2155 1107 auscultem,
2188 1057 2252 1099 ac
2289 1042 2446 1097 linem
2473 1042 2681 1098 dicendi
2715 1042 2940 1110 facturo,
2970 1060 3112 1115 aegre
3141 1044 3332 1111 ferant,
3377 1056 3431 1102 ct

1840 1140 2014 1187 tacere
2042 1131 2274 1198 volente,
2302 1133 2754 1189 exacerbescant?
2781 1133 2904 1188 ch
2933 1134 3053 1189 licet
3092 1150 3232 1190 nunc
3271 1150 3431 1206 pana

1838 1222 1930 1277 tibi
1949 1222 2226 1279 rideantur
2249 1238 2312 1279 ac
2332 1223 2693 1294 chpicabilia,
2721 1232 2903 1294 utpote
2922 1225 3231 1294 inexperto:
3254 1236 3429 1281 tamen

1836 1313 1967 1368 satis
1996 1324 2120 1369 sunt
2151 1322 2208 1369 ut
2235 1320 2290 1370 ct
2316 1314 2478 1369 animi
2508 1313 2740 1370 studium
2763 1316 3100 1384 exstinguant
3126 1318 3431 1387 mentisque

1838 1404 1943 1459 vim
1973 1415 2250 1473 encrrent,
2295 1407 2395 1462 uisi
2423 1408 2542 1478 quis
2581 1407 2827 1464 immanis
2856 1410 3105 1465 omnibus
3134 1424 3194 1465 se
3226 1411 3426 1466 morbis

1835 1497 2098 1564 cximeus,
2130 1498 2348 1569 perinde
2395 1507 2552 1570 atque
2596 1498 2925 1570 incorporea:
2967 1509 3256 1570 potestates
3296 1502 3430 1557 ali'e-

1835 1596 1953 1665 ctus
1994 1601 2114 1643 esse
2165 1587 2393 1656 studeat,
2444 1604 2562 1657 qum
2613 1603 2712 1645 uec
2750 1589 2969 1656 invidia,
3023 1605 3195 1661 neque
3244 1590 3429 1661 gloria:

1835 1692 2040 1743 amore,
2073 1690 2247 1749 neque
2274 1679 2381 1734 alio
2415 1680 2664 1749 quppiam
2717 1679 2874 1734 simili
2915 1679 3104 1735 morbo
3131 1683 3429 1750 rapiuntur.

1834 1770 1890 1824 Si
1919 1771 2039 1841 quis
2065 1771 2224 1841 igitur
2252 1770 2524 1826 hominum
2547 1771 2665 1826 talis
2691 1779 2792 1838 cst,
2830 1780 2886 1825 ut
2915 1770 3083 1841 pessit
3112 1769 3248 1825 hanc
3273 1780 3430 1841 eaptu

1834 1861 2128 1927 difﬁcilem,
2164 1861 2631 1934 inexpugnabilem
2668 1870 2723 1917 et
2749 1861 3060 1917 indomitam
3106 1860 3295 1925 feram,
3338 1878 3431 1930 po-

1836 1954 2074 2022 pularem
2119 1953 2322 2007 scilicet
2363 1967 2569 2018 auram,
2616 1953 2952 2018 conculcarc,
2997 1966 3061 2007 ac
3108 1951 3423 2020 multiplicia

1834 2045 1978 2101 illius
2010 2044 2181 2114 capita
2212 2043 2523 2115 prrecidere,
2566 2044 2673 2099 imo
2702 2060 2770 2099 ne
2799 2046 2944 2099 nasci
2972 2043 3187 2114 quidem
3223 2043 3422 2111 sinere.

1835 2139 1881 2194 is
1907 2138 2062 2194 facile
2094 2139 2287 2209 poterit
2315 2138 2610 2210 permultos
2648 2138 2766 2194 illos
2792 2138 3020 2194 insultus
3047 2138 3335 2210 depellere,
3365 2152 3429 2192 ac

1836 2231 2121 2302 tranquillo
2150 2229 2379 2302 quodam
2408 2239 2562 2302 portu
2598 2230 2720 2286 frui.
2753 2233 2822 2285 At
2862 2230 2907 2286 si
2936 2229 3005 2285 ab
3030 2229 3122 2285 illa
3152 2229 3288 2286 iiber
3316 2244 3426 2286 non

1834 2321 2018 2389 fuerit,
2045 2334 2174 2378 sane
2197 2322 2477 2394 multiplex
2498 2322 2718 2390 bellum,
2749 2320 3081 2394 li'cquentem
3108 2323 3419 2391 tuulultum,

1833 2414 1997 2470 animi
2020 2414 2351 2481 mmstitiam,
2382 2420 2801 2486 cmicrarumque
2815 2414 3183 2487 mgritudinum
3211 2415 3420 2472 turbam

1833 2512 2019 2561 contra
2046 2507 2276 2561 animam
2302 2507 2416 2578 ipse
2439 2518 2589 2561 suam
2621 2505 2959 2576 pmparabit.
2993 2505 3258 2574 Quorsum
3295 2515 3423 2562 atu-

1834 2606 1928 2653 net
1968 2597 2205 2668 reliquas
2248 2612 2566 2653 enumerare
2608 2595 2972 2665 difﬁcultates,
3018 2614 3150 2669 quas
3193 2610 3295 2655 nec
3331 2596 3427 2655 do-

1832 2701 1980 2754 cere,
2011 2703 2185 2759 neque
2206 2687 2450 2746 ediscere
2489 2688 2768 2761 quisquam
2810 2689 2998 2760 possit,
3025 2688 3125 2745 nisi
3170 2688 3223 2745 in
3267 2687 3427 2746 rebus

1836 2778 1969 2852 ipsis
1998 2779 2196 2836 fuerit?

1149 2984 1624 3095 LIBER
1734 2980 2406 3115 SEXTUS.

590 3286 697 3329 tunc
717 3283 889 3329 ritscnr
913 3291 1048 3331 Lisso
1071 3291 1222 3331 snxro
1250 3292 1267 3332 :

154 3386 183 3436 l.
212 3393 366 3441 Pinnas
395 3382 514 3438 dare
547 3383 833 3438 sacerdotes
856 3385 1002 3434 etiam
1025 3397 1114 3446 pro
1136 3384 1299 3447 populi
1320 3384 1532 3436 delictis.

155 3451 388 3560 lbtgjgre
423 3462 576 3515 quam
608 3451 740 3512 ilSOS
761 3447 1022 3498 monachos
1059 3447 1171 3496 vitae
1205 3447 1460 3510 diligentia
1480 3459 1603 3511 opus
1639 3447 1725 3498 ba-

155 3576 210 3620 nt.
240 3573 465 3681 raifilipure
521 3574 635 3624 rite
657 3573 847 3622 ratione
868 3570 962 3621 frui
985 3568 1292 3630 monachum,
1332 3583 1478 3634 quam
1503 3569 1725 3643 Ecclesiae

204 3648 371 3681 Imm?
427 3649 497 3681 m.

222 3643 497 3685 ira-tectum.

154 3648 550 3746 ιιεξῗιξὲξιυοῗὶἑηι
588 3702 827 3745 terrarum
871 3696 978 3745 orbi
1014 3694 1223 3758 aliisque
1260 3694 1414 3746 rebus
1457 3694 1727 3746 tremendis

206 3760 510 3819 parasitum
531 3770 663 3807 esse.

152 3817 529 3869 nesciet-dotem
550 3818 610 3866 ad
626 3818 784 3867 omnia
806 3824 970 3880 aptum
995 3830 1107 3868 esse
1129 3817 1336 3868 debere.

153 3883 213 3925 τι.
244 3883 392 3929 Vitam
414 3882 851 3952 monasticampon
879 3887 1071 3952 tantum
1101 3881 1346 3952 patientiae
1375 3887 1724 3952 _argumentum

205 3952 329 3997 esse.
349 3949 591 4005 quantum
614 3941 932 4005 multitudinis
947 3941 1281 4005 praetenturam
1307 3941 1551 3991 eximiam.

150 4002 230 4077 Vn:
246 4075 255 4077 _
274 4002 386 4077 eum
408 4004 497 4067 qui
535 4004 741 4077 seorsim
757 4003 903 4077 first,
941 4002 1152 4077 eumque
1175 4005 1258 4076 qui
1289 4005 1340 4054 in
1361 4016 1526 4053 rerum
1563 4004 1724 4053 medio
1746 4074 1747 4077 η

205 4064 444 4123 versetur;
465 4077 565 4114 non
584 4076 734 4125 super
756 4064 925 4113 iisdem
949 4064 1227 4115 exercitari.

150 4124 247 4173 Vill.
275 4126 481 4177 Facilius
502 4138 593 4176 eos
612 4124 693 4197 qui
713 4124 932 4197 solitaria
954 4127 1140 4184 vivunt,
1159 4140 1306 4189 quam
1329 4139 1417 4176 eos
1434 4127 1518 4189 qui
1551 4125 1726 4176 multo-

202 4197 305 4235 rum
326 4199 495 4236 curam
516 4194 716 4250 gerunt,
741 4194 966 4237 virtutem
990 4201 1248 4250 exercere.

149 4252 227 4314 tx._
245 4254 340 4314 non
377 4248 766 4299 contemnendas
822 4261 935 4299 esse
973 4248 1102 4314 vulgi
1123 4250 1426 4313 susﬁciones
1448 4287 1463 4311 ,
1505 4250 1726 4313 quamvis

149 4306 509 4436 ῃῐὲῗιῗιωειιὶ
533 4383 647 4436 esse
668 4371 854 4436 negotii
874 4384 1087 4435 serpsum
1102 4385 1320 4423 servare.

150 4434 709 4505 Xl._llong.e_.gt'aviorem
732 4434 923 4496 penam
945 4434 1146 4484 arcuere
1180 4434 1484 4485 sacerdotum
1506 4439 1723 4497 peccata,

207 4502 347 4554 quam
367 4494 645 4547 idiotarum.
733 4494 747 4496 “
842 4516 848 4523 η
1508 4494 1522 4497 ⁷

156 4548 260 4630 XII;
273 4554 523 4630 aesopus
536 4556 863 4630 parabatur-"et
882 4555 1100 4607 dolorem
1122 4564 1324 4622 propter
1343 4556 1600 4609 sacerdotii
1633 4569 1724 4607 ex-

209 4618 551 4671 spectationem
567 4618 680 4667 oriri
706 4623 757 4668 et
776 4619 1016 4669 timorem.

153 4674 263 4723 ιιι
291 4678 421 4728 αιή
442 4677 581 4729 bello
601 4677 935 4732 molestiorem
953 4692 1069 4731 esse
1090 4680 1413 4731 tentationem
1433 4679 1630 4731 diaboli.

213 4892 264 4946 l.
312 4891 497 4951 Parim
532 4895 655 4952 dare
692 4898 973 4953 sacerdotes
994 4900 1142 4954 etiam
1174 4918 1266 4970 pro
1292 4903 1471 4973 populi
1508 4903 1719 4957 delictis.

141 5011 209 5022 —
237 4983 350 5040 Bm
372 4986 582 5056 quidem
612 4989 769 5058 hujus
796 4990 976 5044 mundi
1007 4990 1139 5046 tales
1166 5002 1323 5058 sunt,
1361 4993 1544 5063 quales
1571 4994 1722 5048 audi-

141 5076 205 5128 sti
232 5093 249 5133 :
274 5076 421 5133 illius
448 5088 625 5135 autem
649 5082 772 5135 vita:
805 5081 1040 5154 (futnne)
1069 5098 1154 5139 res
1178 5086 1443 5153 quomodo
1468 5083 1721 5153 feremus,

141 5181 259 5223 cum
289 5175 361 5224 de
383 5168 606 5242 singulis
630 5173 784 5228 nobis
808 5176 1106 5231 commissis
1134 5176 1435 5232 hominibus
1462 5179 1721 5233 rationem

143 5258 662 5332 reddeneogemnr?
686 5263 801 5319 Non
827 5265 967 5321 enim
989 5266 1042 5321 in
1069 5267 1269 5337 pudore
1292 5268 1429 5323 sistit
1448 5267 1719 5333 damnum.

144 5350 228 5403 sed
277 5362 539 5409 a-ternnm
585 5368 922 5426 exspectatur
968 5358 1304 5427 supplicium.
1359 5356 1491 5414 illud
1538 5359 1719 5426 enim,

148 5438 356 5498 avdite
378 5447 657 5516 praepositis
673 5450 864 5513 vestris,
882 5460 929 5503 et
953 5451 1203 5521 wbjaeete
1220 5451 1313 5526 eis,
1335 5452 1454 5521 quia
1476 5445 1575 5522 ipsi
1598 5455 1723 5522 εἰσῄα

146 5529 246 5585 laet
270 5550 369 5600 pro
386 5536 648 5593 animabus
672 5540 877 5598 castris.
910 5552 963 5594 ut
992 5542 1235 5597 rationem
1260 5545 1505 5600 reddituri
1530 5545 1716 5618 (Hebr.

151 5623 233 5677 t3.
265 5624 375 5695 Π),
414 5629 620 5685 etiamsi
661 5631 807 5701 prius
847 5632 1104 5700 dixeram,
1137 5646 1309 5691 tamen
1341 5651 1409 5693 ne
1436 5653 1576 5694 nunc
1597 5639 1720 5709 qui-

150 5710 268 5768 dem
288 5719 470 5775 tacebo
495 5738 507 5774 :
539 5738 661 5777 nam
691 5732 852 5780 tanta:
879 5726 1306 5785 comniiuationis
1355 5735 1526 5783 metus
1602 5730 1713 5786 fre-

1834 3285 2061 3350 quenter
2096 3277 2329 3335 animum
2367 3275 2602 3332 concutit
2631 3280 2827 3329 meum.
2870 3274 2927 3329 Si
2953 3276 3096 3330 enim
3125 3275 3194 3341 ei,
3225 3276 3314 3345 qui
3342 3278 3422 3333 vel

1836 3371 2113 3426 minimum
2143 3383 2305 3423 unum
2326 3366 2761 3424 scandalizaverit
2788 3365 2998 3439 (Matth.
3034 3366 3118 3423 18.
3149 3366 3228 3436 6),
3261 3382 3424 3437 expc-

1833 3460 1913 3517 dit
1940 3470 1998 3516 ut
2025 3460 2166 3517 mola
2191 3459 2421 3516 asinaria
2446 3457 2798 3528 suspendatur
2825 3458 2878 3511 in
2904 3457 3043 3512 collo
3065 3458 3181 3528 ejus
3197 3499 3212 3523 ,
3245 3468 3300 3513 ct
3323 3457 3421 3513 de-

1830 3562 2099 3625 mergatur
2129 3555 2179 3608 in
2206 3568 2374 3617 mare,
2392 3560 2446 3607 et
2468 3565 2655 3606 omnes
2677 3550 2763 3620 qui
2786 3550 3165 3604 conscientiam
3194 3549 3418 3605 fratrum

1832 3651 2057 3694 suorum
2092 3635 2430 3707 percutiunt,
2471 3635 2527 3690 in
2573 3636 2752 3706 ipsum
2780 3634 3058 3691 Christum
3083 3646 3312 3706 peccant
3341 3636 3416 3709 (l.

1832 3732 1955 3786 Cor.
1982 3730 2036 3786 8.
2064 3730 2152 3800 η)
2181 3747 2194 3783 :
2218 3730 2311 3800 qui
2338 3744 2448 3783 non
2473 3744 2643 3783 unum
2658 3730 2844 3792 modo,
2866 3729 3108 3784 velduos
3135 3728 3220 3784 rel
3248 3736 3360 3783 trrs
3377 3731 3416 3795 ',

1833 3824 1930 3880 sed
1995 3829 2205 3877 tantam
2247 3818 2655 3876 multitudinem
2716 3821 2979 3891 perdant,
3019 3820 3153 3891 quid
3201 3822 3417 3890 passuri

1832 3924 1983 3980 sunt,
2019 3916 2074 3970 et
2111 3930 2250 3985 quas
2285 3929 2475 3985 pinnas
2503 3912 2726 3968 daturi?
2754 3912 2939 3983 Neque
2967 3914 3112 3969 enim
3143 3912 3413 3983 imperitia

1829 4010 1880 4065 in
1908 4023 2124 4064 causam
2154 4005 2423 4062 allerenda
2446 4013 2549 4073 est,
2579 4019 2751 4076 neque
2794 4003 2861 4059 ad
2907 3998 3257 4075 igndrantiam
3284 4019 3418 4060 con-

1826 4099 2154 4170 fugiendum,
2188 4111 2361 4168 neque
2390 4095 2679 4152 necessitas
2719 4105 2810 4150 aut
2840 4095 2923 4149 vis
2962 4094 3176 4151 obtendi
3208 4103 3414 4165 potest;

1829 4192 1924 4248 sed
1954 4192 2127 4263 potius
2151 4191 2414 4256 subditus,
2436 4190 2479 4246 si
2508 4189 2719 4260 quidem
2748 4189 2950 4251 liceret,
2982 4187 3082 4241 hoc
3108 4186 3160 4242 in
3189 4187 3418 4258 propriis

1829 4283 2062 4354 peccatis
2084 4280 2281 4352 elfugio
2306 4279 2382 4336 uti
2411 4288 2611 4351 posset,
2639 4292 2797 4349 quam
2840 4278 2891 4332 in
2934 4277 3159 4332 aliorum
3203 4274 3415 4333 delictis

1827 4374 2113 4431 antistites.
2159 4371 2373 4441 Quare?
2419 4371 2552 4440 Quia
2584 4372 2628 4425 is
2655 4370 2745 4441 qui
2770 4370 2836 4425 ad
2862 4369 2961 4423 hoc
2985 4368 3267 4439 deputatus
3303 4380 3414 4435 est,

1829 4474 1889 4524 ut
1910 4466 2136 4522 aliorum
2163 4463 2512 4536 ignorantiam
2540 4461 2821 4527 emendet,
2849 4469 2905 4517 et
2941 4461 3263 4517 diabolicum
3296 4460 3415 4519 bel-

1829 4560 1937 4616 lum
1974 4559 2177 4614 instans
2223 4555 2564 4629 pratntmtiet,
2591 4554 2777 4625 nequit
2825 4555 3172 4625 ignorantiam
3214 4553 3411 4609 obten-

1828 4651 1977 4719 dere,
2007 4665 2106 4708 nec
2132 4649 2333 4716 dicere,
2354 4647 2468 4705 Non
2490 4647 2664 4703 audiri
2694 4648 2896 4714 tubam,
2921 4647 3118 4703 bellum
3149 4662 3253 4704 non
3287 4661 3418 4718 prm-

1827 4744 1957 4800 vidi.
1981 4743 2061 4799 Ad
2088 4743 2191 4798 hoc
2213 4742 2409 4813 quippe
2436 4739 2677 4806 sedebat,
2707 4750 2767 4795 ut
2807 4739 3054 4796 Ezechiel
3079 4743 3174 4806 ait,
3207 4748 3265 4794 ut
3302 4740 3419 4794 aliis

1828 4834 1952 4890 tuba
1998 4841 2217 4889 caneret
2241 4873 2257 4900 ,
2320 4841 2378 4888 et
2443 4830 2646 4887 futuras
2710 4845 2979 4886 aerumnas
3036 4830 3418 4900 praenuntiant

1829 4926 2040 4999 (Each.
2071 4927 2163 4984 53.
2189 4926 2268 4998 3).
2298 4925 2528 4997 Ideoque
2555 4924 2871 4995 supplicium
2901 4923 3041 4978 nulla
3071 4923 3417 4978 excusatione

1828 5021 1979 5076 vitari
2019 5029 2230 5093 potest,
2252 5011 2478 5091 etiamsi
2505 5034 2640 5073 unus
2669 5027 2872 5073 tantum
2904 5017 3165 5087 periisset.
3206 5014 3339 5071 Nam
3370 5016 3413 5069 si

1827 5114 2112 5171 accedente
2136 5114 2335 5169 framea
2358 5114 2554 5184 populo
2580 5126 2682 5165 non
2710 5112 2832 5165 tuba
2856 5110 3140 5174 cecinerit,
3178 5109 3284 5174 ait,
3316 5123 3414 5165 nec

1826 5208 2125 5277 speculator
2153 5209 2362 5276 signum
2387 5203 2612 5269 dederit,
2645 5203 3038 5274 adveniensque
3064 5199 3263 5256 framea
3293 5200 3409 5254 ani-

1826 5312 1968 5353 mam
1998 5298 2266 5362 invaserit,
2295 5295 2408 5364 ipsa
2429 5294 2641 5365 quidem
2669 5303 2886 5363 propter
2909 5291 3233 5363 iniquitatem
3261 5306 3410 5345 suam

1827 5398 1979 5460 capta
2008 5397 2110 5455 est,
2141 5388 2451 5457 sanguinem
2477 5400 2604 5441 vero
2626 5387 2742 5456 ejus
2770 5387 2837 5440 de
2874 5400 3031 5439 manu
3067 5384 3411 5455 speculatoris

1828 5478 2114 5549 requiram.
2148 5474 2338 5533 Desine
2362 5490 2491 5547 ergo
2512 5489 2608 5530 nos
2631 5476 2681 5530 in
2705 5485 2808 5529 tam
2834 5474 3133 5530 inevitabile
3150 5475 3406 5546 judicium

1827 5567 2100 5638 impellere
2130 5585 2144 5622 :
2173 5581 2346 5638 neque
2391 5566 2536 5622 enim
2576 5565 2645 5622 de
2684 5563 2928 5621 ducendo
2955 5566 3212 5635 exercitu,
3240 5580 3409 5638 neque

1890 5746 1909 5778 ι
1942 5743 2082 5797 savﬂ.
2108 5752 2159 5799 et
2188 5745 2369 5808 aliquot
2397 5749 2527 5807 ttss.,
2549 5755 2700 5809 neque
2732 5699 3025 5808 ductaeque
3046 5752 3162 5797 tres.
