3944 6202
545 209 648 267 6ῖ9

541 340 609 395 de
645 353 807 410 regno
850 355 1146 398 sermonem
1177 342 1452 408 habemus,
1484 344 1576 400 sed
1605 346 1673 402 de
1710 351 1942 420 negotio,
1973 353 2113 424 quod

541 427 775 499 angelica
808 431 994 485 virtute
1023 447 1153 501 opus
1183 431 1390 488 habeat.

610 517 664 573 2.
701 516 870 590 Major
889 523 1124 592 perfectio
1153 523 1204 577 in
1226 525 1478 597 episcopo,
1508 544 1656 599 quam
1678 530 1729 584 in
1752 532 2008 589 monachis
2038 550 2117 589 re-

541 609 772 677 qttiritur.
814 640 884 651 —
934 613 1135 667 liteuim
1182 615 1443 672 solaribus
1493 620 1651 676 radiis
1691 624 1958 692 puriorem
1999 640 2118 682 esse

542 707 747 766 oportet
767 702 1054 757 sacerdotis
1078 705 1328 774 animam,
1355 710 1634 780 nequando
1656 711 1882 783 Spiritus
1904 725 2118 772 sanctus

538 788 688 844 illum
713 790 977 846 desertum
1001 794 1287 865 relinquat;
1307 809 1356 852 ιιι
1381 803 1543 869 possit
1563 802 1740 858 dicere
1767 822 1780 860 :
1809 803 1930 860 Vivo
1953 816 2118 862 autent

540 880 648 949 jam
676 897 772 934 non
798 898 888 953 ego
909 899 928 938 :
952 885 1065 938 vivit
1090 902 1200 940 vero
1225 889 1275 942 in
1303 907 1380 944 me
1404 888 1631 947 Christus
1671 893 1875 969 (Halat.
1901 896 1954 951 2.
1983 897 2054 953 20
2073 900 2115 967 ).

544 969 671 1023 Nam
703 971 745 1024 si
775 972 828 1038 ii,
864 975 951 1044 qui
997 990 1234 1033 eremum
1277 980 1530 1050 incolunt,
1573 994 1626 1039 et
1665 985 1795 1040 urbe
1837 995 1890 1041 et
1927 988 2041 1043 foro
2067 997 2120 1044 ct

545 1063 853 1118 tumultibus
893 1068 1094 1135 procul,
1136 1082 1348 1142 semper
1390 1084 1541 1142 portu
1580 1083 1633 1129 et
1674 1077 1954 1146 tranquillo
1982 1077 2119 1133 (3:th

530 1151 796 1219 'fruenles,
823 1155 1008 1210 nolunt
1047 1169 1219 1214 tamen
1247 1160 1503 1230 ejusmodi
1532 1165 1649 1219 vita:
1679 1165 1916 1220 instituto
1949 1168 2108 1222 cordi-

545 1247 694 1312 t’lere,
715 1261 894 1301 verum
923 1259 1199 1307 sescentas
1219 1253 1634 1310 aliascustodias
1663 1258 1934 1325 adhibent,
1969 1260 2120 1314 undi-

543 1350 647 1403 que
671 1351 730 1391 se
752 1338 1268 1408 circumiitunientes,
1295 1353 1348 1399 et
1387 1361 1505 1400 cum
1550 1364 1737 1419 magna
1787 1353 2121 1408 accuratioue

545 1428 721 1482 omnia
751 1439 804 1483 et
832 1429 1009 1488 dicere
1031 1443 1083 1488 et
1112 1432 1284 1491 facere
1311 1447 1631 1508 satagentes,
1675 1451 1732 1495 ut
1771 1457 1892 1496 cum
1933 1443 2118 1498 ﬁducia

545 1529 599 1572 et
624 1521 849 1589 puritate
878 1523 1105 1590 sincera,
1131 1535 1384 1596 quantum
1409 1528 1648 1584 humanm
1673 1532 1808 1586 vires
1831 1534 2116 1602 patiuntur,

545 1609 797 1666 accedere
842 1613 908 1666 ad
959 1615 1118 1668 Deum
1173 1617 1373 1685 possint
1402 1634 1415 1671 :
1444 1629 1638 1688 quanta
1690 1631 1840 1690 putas
1877 1631 2121 1692 Oportere

545 1701 874 1756 sacerdotem
907 1704 977 1757 uti
1008 1705 1057 1759 vi
1088 1713 1244 1775 atque
1266 1707 1546 1776 violentia,
1591 1721 1646 1766 ut
1683 1718 1854 1781 possit
1891 1715 2119 1768 animam

546 1791 614 1844 a‘b
640 1792 778 1846 utnni
793 1792 1202 1862 inquinamento
1224 1799 1450 1868 eripere,
1473 1813 1526 1855 et
1547 1803 1869 1868 Spiritualem
1894 1805 2122 1875 pulchri-

531 1885 784 1938 tudinem
837 1887 1054 1942 ill:esam
1111 1891 1361 1946 scrvare?
1415 1894 1616 1948 Etenim
1667 1897 1832 1951 multo
1886 1898 2118 1966 majore,

545 1985 701 2038 quam
735 1975 827 2041 illi,
871 1986 989 2047 eget
1020 1981 1246 2047 puritate
1275 2002 1288 2036 :
1321 1997 1381 2036 ac
1408 1985 1494 2053 qui
1529 1985 1724 2054 majore.
1766 1987 1997 2059 indiget,
2036 1989 2124 2044 ille

542 2064 783 2132 pluribus
823 2069 1225 2125 necessitatibus
1261 2070 1528 2142 sultjacet,
1571 2093 1688 2146 qum
1735 2079 1935 2146 possint
1979 2080 2120 2134 illum

548 2156 856 2224 inquinare,
903 2159 999 2211 nisi
1044 2159 1254 2215 assidua
1297 2163 1558 2233 vigilantia
1585 2207 1600 2232 ,
1648 2167 1916 2238 multaque
1959 2169 2120 2223 animi

543 2247 834 2304 attentione
853 2265 996 2316 usus,
1014 2252 1336 2308 inaccessum
1361 2256 1460 2309 illis
1481 2257 1711 2312 animum
1737 2258 1920 2314 reddat
1945 2275 2120 2317 suum.

545 2337 674 2394 Nam
708 2350 760 2394 ct
790 2343 896 2396 oris
923 2354 1188 2412 venustas,
1216 2357 1263 2401 et
1297 2357 1530 2401 motuum
1561 2350 1829 2415 mollities,
1861 2361 1914 2406 et
1941 2353 2113 2407 inces-

545 2449 633 2486 sus
674 2434 910 2491 aﬂ'ectata
957 2438 1109 2502 ratio,
1156 2447 1207 2492 et
1246 2439 1392 2494 vocis
1421 2441 1731 2504 confractio,
1764 2444 2037 2499 oculorum
2068 2453 2123 2500 et

547 2526 800 2579 malarum
832 2527 1074 2597 stigmata
1094 2529 1131 2589 ί,
1174 2529 1532 2584 eineiunortnn
1559 2535 1994 2602 eotnpositiones,
2031 2551 2122 2589 ea-

548 2616 716 2684 pillitii
762 2617 985 2671 tinctura
1012 2660 1027 2682 ,
1075 2621 1294 2673 vestium
1335 2624 1709 2691 sumpttnsitas
1737 2665 1752 2692 ,
1797 2626 1908 2679 auri
1948 2625 2124 2682 varius

546 2716 764 2760 ornatus
796 2747 811 2772 ,
862 2722 1188 2777 gemmarum
1250 2711 1581 2780 pulchritudo
1629 2715 1686 2780 ³,
1736 2727 2122 2786 unguentorum

547 2797 850 2866 fragrantia,
877 2799 1084 2868 aliaque
1117 2800 1313 2864 omnia,
1346 2817 1464 2871 qua:
1500 2803 1756 2858 muliebre
1792 2820 1958 2875 genus
1996 2805 2124 2861 affe-

541 2888 864 2954 ctaresolet,
888 2893 1118 2944 animum
1143 2892 1354 2946 turbare
1376 2903 1614 2961 possunt,
1639 2895 1735 2949 nisi
1763 2895 2122 2964 temperantiae

547 2980 856 3035 austeritate
884 2996 942 3036 se
968 2983 1231 3037 tnunierit.
1263 2984 1363 3038 Sed
1400 2985 1466 3038 ab
1493 2985 1555 3040 iis
1583 2985 1780 3040 turbari
1801 2988 1990 3042 mirum
2017 3004 2120 3045 non

527 3083 656 3137 ’θείς
699 3081 751 3126 at
792 3089 886 3142 per
914 3088 997 3127 res
1029 3075 1093 3129 iis
1120 3076 1412 3130 contrarias
1455 3091 1610 3146 posse
1641 3076 1905 3133 diabolum
1936 3079 2122 3135 huma-

537 3176 639 3215 nas
665 3164 868 3216 animas
893 3164 1178 3220 confodere
1196 3205 1212 3230 ,
1245 3165 1293 3218 id
1321 3180 1447 3221 sane
1475 3176 1692 3236 stupore
1719 3178 1771 3222 et
1797 3168 2121 3225 dubitatione

546 3253 776 3321 plenum.
823 3253 938 3307 lam
965 3253 1104 3308 enim
1133 3256 1402 3319 nonnulli,
1431 3257 1519 3326 qui
1554 3257 1668 3311 haec
1701 3258 1957 3313 venabula
1985 3258 2120 3314 θῆα-

544 3353 768 3411 gerant,
809 3359 836 3396 a
885 3344 1039 3414 longe
1063 3345 1288 3400 diversis
1311 3348 1447 3415 capti
1469 3355 1612 3402 sunt.
1647 3348 1851 3403 Etenim
1880 3351 2117 3418 neglecta

548 3433 729 3497 facies,
761 3435 998 3504 squalida
1022 3450 1194 3498 coma,
1225 3437 1434 3491 sordida
1466 3439 1647 3502 vestis,
1674 3437 1889 3492 habitus
1914 3440 2116 3493 incom-

548 3523 770 3589 positus,
820 3539 1026 3578 murum
1075 3525 1460 3595 verborumque
1505 3527 1835 3596 simplicitas,
1883 3529 2120 3585 incessus

548 3628 648 3664 non
673 3612 967 3676 aﬁ'ectatus,
988 3630 1084 3668 vox
1112 3615 1444 3682 inconcinna,
1473 3618 1640 3672 victus
1666 3629 1967 3688 paupertas,
1991 3635 2121 3674 eon-

549 3711 776 3771 teutptus
799 3717 862 3756 ac
890 3704 1116 3772 pnesidii
1147 3706 1384 3774 penuria,
1409 3707 1639 3778 itemque
1663 3707 1891 3762 solitudo
1914 3720 2119 3780 specta-

548 3802 713 3846 torem
765 3794 988 3862 primum
1029 3795 1094 3849 ad
1137 3797 1575 3865 miscricordiam,
1605 3797 1794 3854 deinde
1835 3800 1889 3854 in
1937 3810 2114 3856 extre-

547 3899 684 3938 mam
720 3887 1002 3955 perniciem
1037 3897 1418 3957 pertraxerunt.

614 3977 667 4030 3.
704 3976 1002 4032 Facilior-cm
1029 3994 1133 4032 esse
1156 3980 1268 4032 vita:
1295 3980 1534 4034 rationem
1556 3983 1939 4049 monac/torum,
1965 4000 2116 4053 quam

546 4068 837 4138 puerulum.
862 4097 934 4108 —
976 4068 1226 4138 Multique
1266 4084 1330 4124 ex
1376 4069 1636 4140 prioribus
1679 4073 1843 4142 elapsi
1892 4075 2113 4142 retibus,

546 4175 733 4230 nempe
762 4159 936 4214 aureis
973 4160 1245 4216 ornatibus
1265 4200 1281 4229 ,
1314 4165 1614 4233 unguentis,
1637 4165 1984 4230 vestimentis,
2012 4183 2117 4222 eic-

545 4256 775 4322 terisque
801 4268 956 4323 supra
981 4255 1302 4320 memoratis,
1326 4256 1376 4310 in
1399 4256 1512 4310 haec
1539 4257 1672 4311 adeo
1692 4257 1759 4313 ab
1782 4258 1883 4313 illis
1906 4259 2114 4314 diversa

543 4344 846 4398 ceciderunt
874 4345 1268 4414 pcrieruntque.
1315 4347 1445 4400 Cum
1475 4363 1602 4417 ergo
1632 4363 1725 4417 per
1754 4359 2113 4418 paupertatem

533 4435 860 4502 -ct‘divitias,
891 4451 991 4505 per
1027 4447 1273 4492 ornatum
1316 4449 1372 4494 et
1417 4440 1622 4494 habitus
1663 4441 1975 4510 neglectum,
2021 4456 2116 4510 per

531 4529 864 4596 compositos
895 4544 1071 4585 mores
1109 4539 1162 4586 et
1206 4531 1603 4602 incompositos,
1636 4542 1795 4603 atque
1821 4549 1926 4589 uno
1954 4534 2114 4589 verbo

547 4635 638 4686 per
665 4621 839 4674 omnia
865 4621 968 4674 alia
994 4637 1150 4691 supra
1179 4634 1504 4689 enumerata,
1527 4625 1720 4680 bellum
1748 4627 1798 4680 in
1829 4627 2116 4696 spectantis

543 4713 721 4768 animo
760 4714 1096 4780 accendatur,
1140 4727 1190 4770 et
1235 4716 1654 4771 machinamenta
1694 4717 1840 4772 illum
1883 4693 2180 4786 undiquek

542 4806 951 4872 circumsistant,
984 4806 1242 4861 undenam
1271 4807 1532 4876 respirare
1565 4809 1756 4876 poterit
1793 4815 1872 4863 tot
1909 4809 1981 4862 illi
2009 4809 2114 4863 cir-

543 4900 852 4970 cumpositis
876 4899 1111 4970 laqueis?
1142 4914 1275 4967 quas
1302 4901 1532 4954 inveniat
1569 4901 1818 4966 latebras,
1844 4917 1947 4956 non
1970 4901 2109 4970 dico,

542 5011 607 5050 ne
635 4993 682 5048 vi
707 4994 944 5062 capiatur
973 4993 1048 5062 (id
1073 4993 1267 5062 quippe
1293 5007 1396 5046 non
1424 4992 1706 5047 admodum
1733 4991 1944 5046 difﬁcile
1969 4994 2074 5063 est)
2095 5034 2108 5056 ,

541 5087 633 5138 sed
659 5098 708 5138 ut
739 5085 972 5138 animum
999 5099 1150 5138 suum
1177 5100 1205 5136 a
1234 5081 1389 5138 {tedis
1406 5083 1812 5154 cogitationibus
1835 5084 2114 5152 impertur-

542 5177 720 5230 batum
750 5174 1037 5230 custodiat?
1077 5175 1225 5229 Mitto
1265 5175 1514 5242 honores,
1549 5174 1945 5229 innumerorum
1980 5190 2112 5229 cau-

537 5277 626 5317 sas
669 5266 947 5320 malorum.
999 5265 1204 5320 Etenim
1232 5265 1320 5333 qui
1356 5281 1387 5320 a
1428 5265 1736 5322 mulieribus
1779 5263 2107 5330 deferuntur,

605 5443 620 5472 ⁸
656 5441 791 5506 savii.
818 5452 870 5492 et
900 5441 1080 5506 aliquot
1115 5449 1241 5502 Mss,
1285 5449 1330 5494 et
1364 5441 1608 5506 caelorum
1630 5441 1867 5506 stigmata,
1890 5449 1935 5492 et
1957 5441 2109 5492 mala-

541 5515 649 5551 rum
669 5504 890 5566 pictam;
912 5503 1011 5560 alii,
1035 5511 1080 5553 et
1103 5505 1403 5566 ntalttrumrct
1423 5503 1746 5554 cittcinnoru'nt
1770 5505 2044 5565 fucatioucs.

563 5566 612 5670 It
635 5563 864 5674 ςπαδηκὶι.
894 5575 944 5615 et
962 5566 1138 5628 aliquot
1162 5575 1295 5625 \tss.;
1319 5565 1415 5624 alii,
1456 5567 1563 5616 auri
1601 5573 1646 5616 et
1683 5563 1977 5628 geniumne»
2002 5563 2108 5628 pul-

532 5635 698 5675 au'n‘u
735 5641 775 5675 ο.

1275 228 1328 284 S.
1372 229 1646 287 JOANNIS
1685 233 2115 296 CllRYSOSTOI

2222 235 2510 296 tRCHlEP.
2553 238 3084 297 CONSTANTl-NOP.

3647 261 3731 319 εει)

2221 355 2580 424 temperantia:
2649 355 2955 412 assiduitate
2997 359 3012 390 ¹
3058 372 3398 425 enervantur;
3454 378 3659 428 attamen
3704 380 3732 432 at

2219 461 2362 516 ωερε
2387 446 2635 516 dejieiunt
2661 462 2805 515 eum,
2828 449 2915 518 qui
2941 458 3125 504 contra
3149 451 3278 506 tales
3301 454 3502 512 insidias
3521 476 3736 531 perpetuo

2221 538 2436 608 vigilare
2465 539 2649 594 nescit.
2678 539 2917 594 Honores
2939 551 3115 596 autem
3136 557 3164 595 a
3189 543 3310 598 tiris
3331 545 3518 603 delatos
3537 552 3622 608 nisi
3640 559 3736 624 quis

2222 645 2408 700 magna
2458 646 2578 685 cum
2632 632 2793 686 animi
2829 634 3124 688 constantia
3165 638 3456 706 exceperit,
3501 657 3528 695 a
3564 645 3737 703 duobus

2220 721 2501 775 contrariis
2531 720 2728 776 morbis
2749 722 3050 791 corripitur,
3087 739 3115 776 a
3149 726 3394 782 servitute
3431 730 3610 786 scilicet
3641 750 3738 804 quat

2221 826 2284 866 ex
2311 812 2610 867 adulatione
2635 814 2890 880 nascitur,
2912 823 2966 869 ct
2991 814 3058 868 ab
3081 818 3391 885 arrogantia:
3417 820 3620 887 insania,
3637 825 3738 880 dum

2220 902 2580 959 adulatoribus
2601 905 2711 958 suis
2733 920 2791 960 se
2815 905 3075 975 subjicere
3093 907 3314 976 cogitur,
3336 918 3389 962 et
3407 926 3467 964 cx
3495 912 3740 970 honoribus

2222 1011 2318 1066 per
2363 1011 2456 1051 eos
2497 997 2687 1052 delatis
2738 997 2994 1053 adversus
3045 1002 3310 1056 tenuiores
3357 1003 3571 1069 inﬂatur,
3613 1017 3659 1061 et
3698 1010 3740 1064 in

2222 1091 2467 1145 amentia:
2507 1090 2810 1146 barathrum
2847 1092 3110 1161 dejicitur.
3158 1095 3280 1149 llu-c
3325 1097 3522 1164 quidem
3562 1114 3587 1150 a
3620 1103 3743 1157 nobis

2222 1181 2365 1251 dicta
2391 1190 2512 1236 sunt
2543 1201 2556 1236 :
2584 1198 2740 1249 quam
2767 1197 2891 1237 vero
2929 1184 3182 1239 damnosa
3212 1185 3334 1249 sint,
3366 1189 3560 1241 nonnisi
3585 1205 3742 1258 exper-

2225 1281 2307 1326 tus
2336 1273 2497 1342 probe
2533 1275 2740 1330 discere
2770 1286 2961 1344 potest.
3003 1275 3184 1344 Neque
3226 1278 3366 1331 enim
3405 1277 3511 1334 lia-c
3548 1291 3740 1344 tantum.

2222 1364 2316 1418 sed
2345 1365 2503 1434 longe
2525 1364 2611 1421 bis
2637 1366 2782 1435 plura
2806 1376 2859 1421 et
2886 1368 3259 1436 periculosiora
3287 1370 3340 1423 in
3366 1371 3531 1425 medio
3553 1376 3744 1428 versanti

2223 1455 2467 1512 accidere
2511 1472 2730 1513 necesse
2777 1459 2951 1514 fuerit.
3001 1460 3100 1527 Qui
3129 1475 3255 1514 vero
3281 1461 3599 1517 solitudinem
3624 1465 3742 1527 colit,

2226 1548 2413 1603 horum
2444 1550 2678 1604 omnium
2709 1550 3092 1606 immunitatem
3118 1553 3457 1623 consequitur
3480 1571 3492 1607 :
3512 1554 3552 1608 si
3574 1557 3747 1623 quando

2224 1638 2450 1694 absurda
2493 1642 2742 1710 cogitatio
2788 1643 2914 1712 quid
2955 1643 3127 1698 simile
3175 1644 3273 1713 ipsi
3319 1648 3745 1714 reprazsentaverit,

2227 1733 2483 1790 imbecilla
2515 1742 2689 1788 tamen
2721 1745 2801 1789 est
2828 1737 3122 1804 phantasia,
3147 1751 3264 1804 quae
3288 1735 3396 1790 cito
3423 1735 3750 1804 possitemin-

2223 1825 2330 1896 gui,
2361 1825 2478 1895 quia
2507 1825 2649 1880 nulla
2675 1827 3004 1880 extrinsecus
3027 1825 3257 1880 damma:
3284 1827 3497 1880 materia
3519 1842 3577 1880 ex
3599 1827 3750 1880 oeulo-

2227 1932 2341 1970 rum
2371 1928 2588 1986 aspectu
2627 1916 3014 1985 suppeditatur.
3047 1919 3122 1970 Ac
3149 1916 3438 1971 monachus
3459 1917 3650 1987 quidem
3672 1918 3752 1971 sibi

2225 2008 2323 2062 soli
2352 2009 2529 2071 timet;
2559 2009 2602 2062 si
2627 2023 2752 2062 vero
2775 2007 2844 2062 de
2869 2008 2987 2061 aliis
3012 2008 3330 2076 quandoque
3360 2023 3538 2062 curare
3555 2019 3751 2077 cogatur,

2225 2108 2369 2155 certe
2399 2099 2700 2170 paucissimi
2723 2100 2794 2153 illi
2825 2109 2981 2164 sunt;
3012 2100 3091 2154 sin
3116 2099 3298 2170 plures
3323 2099 3533 2165 iuerint,
3553 2108 3598 2152 at
3621 2099 3756 2153 multo

2227 2195 2460 2248 minores
2491 2209 2714 2248 nutneto
2743 2208 2898 2262 quam
2931 2193 2966 2246 ii
2997 2194 3083 2262 qui
3115 2193 3164 2246 in
3201 2191 3464 2246 Eeclesiis
3489 2200 3755 2255 versantur,

2226 2295 2382 2354 atque
2426 2286 2460 2340 ii
2506 2284 2671 2339 multo
2707 2284 2956 2338 leviorem
2991 2284 3246 2353 prrit-ctu
3272 2298 3370 2337 suo
3393 2283 3753 2337 sollicitudinem

2226 2375 2494 2440 exhibent,
2544 2391 2647 2428 non
2685 2374 2754 2428 ob
2794 2375 3109 2445 paucitatem
3159 2383 3390 2437 tantum,
3421 2371 3514 2428 sed
3553 2373 3759 2440 quoniam

2225 2483 2412 2524 omnes
2435 2482 2462 2521 a
2487 2466 2824 2522 satcularibus
2853 2466 3010 2520 rebus
3033 2465 3182 2518 vacui
3211 2464 3433 2534 degunt.
3465 2479 3557 2517 nec
3580 2463 3757 2526 liberos,

2226 2575 2324 2615 nec
2346 2575 2587 2626 uxorem,
2619 2572 2787 2628 neque
2823 2557 2976 2610 tiliam
3011 2555 3381 2624 hujuscemodi
3413 2569 3582 2609 curam
3616 2566 3764 2606 susce-

2229 2658 2430 2721 perunt.
2480 2649 2534 2703 ld
2572 2665 2726 2719 porro
2754 2649 2872 2702 illos
2896 2647 3180 2701 admodum
3213 2643 3483 2716 prazl'eetis
3512 2643 3763 2711 morigeros

2225 2743 2403 2806 efﬁcit,
2431 2741 2642 2812 etquod
2671 2741 2935 2796 communi
2960 2739 3234 2796 domicilio
3261 2748 3492 2802 utantur,
3509 2735 3647 2790 facile
3667 2746 3764 2802 pos-

2225 2841 2347 2890 sunt
2385 2848 2566 2889 eorum
2607 2832 2794 2887 delicta
2837 2840 2890 2887 et
2926 2830 3172 2901 cogno~ci
3216 2839 3276 2886 et
3319 2826 3581 2884 emendari
3608 2843 3620 2878 :
3647 2822 3763 2894 quod

2225 2942 2330 2982 non
2360 2925 2626 2980 modicum
2653 2923 2858 2979 confert
2891 2923 2957 2977 ad
2999 2921 3204 2979 virtutis
3254 2922 3643 2982 incrementum,
3665 2928 3766 2970 eum

2223 3015 2427 3071 scilicet
2453 3014 2702 3082 magister
2725 3024 3033 3082 perpetuam
3060 3021 3209 3081 gerat
3241 3009 3657 3066 sollicitudinem.

2292 3109 2346 3164 6.
2391 3106 2712 3160 Sacerdotem
2759 3106 2866 3160 orbi
2909 3115 3154 3158 terrarum
3207 3120 3320 3158 esse
3371 3101 3766 3173 praepositum.—

2224 3201 2420 3257 Eorum
2448 3215 2596 3263 vero,
2627 3200 2715 3270 qui
2746 3198 3004 3253 sacerdoti
3028 3197 3279 3262 subsunt,
3309 3197 3533 3250 maxima
3553 3207 3665 3263 pars
3688 3203 3768 3243 sat-

2223 3295 2488 3351 eularibus
2522 3293 2661 3348 curis
2702 3302 2822 3346 Sunt
2860 3290 3053 3345 addicti
3093 3290 3238 3360 quod
3273 3287 3394 3343 illos
3423 3285 3487 3340 ad
3513 3279 3766 3356 spiritualia

2222 3402 2380 3458 Opera
2414 3385 2705 3456 pmagenda
2736 3383 3006 3452 segniores
3034 3381 3234 3436 reddit.
3281 3379 3434 3434 Unde
3458 3385 3511 3432 et
3534 3376 3768 3430 doctorem

2224 3492 2440 3533 necesse
2477 3485 2556 3531 est
2593 3475 2839 3545 singulis,
2873 3484 2928 3527 ut
2955 3473 3022 3526 ita
3053 3471 3266 3535 dicam,
3301 3470 3490 3525 diebus
3513 3471 3766 3520 sementem

2217 3569 2423 3638 jacere,
2455 3575 2512 3621 ut
2551 3566 2855 3620 assiduitate
2884 3565 2904 3595 '
2940 3564 3026 3617 ilia
3069 3563 3238 3631 possit
3282 3559 3536 3616 docti-iure
3587 3553 3770 3610 verbum

2220 3660 2288 3714 ab
2312 3658 2638 3712 auditoribus
2666 3655 2901 3710 retineri.
2933 3653 3139 3707 Etenim
3171 3652 3375 3705 diviti-.e
3403 3651 3663 3718 ingentes,
3692 3655 3770 3709 po-

2221 3749 2398 3804 tentize
2428 3746 2750 3816 magnitudo,
2781 3745 3030 3814 segnities
3055 3759 3118 3797 ex
3142 3742 3425 3810 voluptate
3453 3746 3590 3800 nata,
3613 3733 3774 3788 multa-

2219 3855 2322 3909 que
2359 3839 2461 3893 alia
2497 3838 2696 3907 jactutn
2736 3852 2917 3891 semen
2960 3833 3220 3888 suﬁ‘oeant
3253 3850 3270 3886 :
3299 3846 3447 3899 smpe
3477 3844 3597 3883 vero
3622 3824 3772 3893 spina-

2220 3947 2336 3986 rum
2373 3929 2683 4000 frequentia,
2719 3944 2783 3981 ne
2819 3927 2883 3979 ad
2923 3924 3260 3992 superficiem
3291 3922 3511 3993 quidem
3543 3929 3684 3974 terra:
3706 3928 3774 3967 se-

2219 4039 2340 4077 men
2370 4021 2559 4076 cadere
2585 4022 2724 4075 sinit.
2771 4019 2903 4073 lliuc
2930 4032 3059 4069 vero
3087 4029 3452 4068 mrumnarum
3481 4006 3768 4079 magnitudo,

2218 4119 2299 4171 vis
2324 4114 2665 4185 paupertatis,
2689 4110 2944 4164 molestize
2969 4106 3216 4172 assiduas,
3238 4107 3453 4175 aliaque
3482 4095 3773 4172 hujusmodi,

2220 4209 2481 4276 prioribus
2519 4205 2812 4268 contraria,
2857 4218 2885 4255 a
2937 4201 3236 4254 divinorum
3288 4197 3471 4253 studio
3518 4193 3773 4249 abducunt.

2218 4301 2560 4356 Peecatorum
2600 4305 2774 4350 autem
2808 4309 2872 4348 ne
2903 4291 3101 4346 tantilla
3137 4290 3359 4360 quidem
3399 4302 3524 4360 pars
3553 4291 3712 4356 potest
3732 4279 3775 4332 in

2217 4406 2400 4446 eorum
2440 4387 2677 4443 notitiam
2706 4385 2886 4440 venire
2918 4399 2930 4435 :
2964 4379 3232 4451 quomodo
3276 4379 3447 4443 enim,
3471 4391 3588 4432 cum
3631 4369 3775 4426 mari-

2219 4496 2357 4536 mam
2396 4493 2577 4535 eorum
2627 4486 2829 4546 partem
2867 4489 2932 4527 ne
2971 4471 3036 4525 de
3076 4469 3209 4524 facie
3250 4465 3474 4539 quidem
3516 4461 3678 4519 norit?
3718 4461 3776 4512 At:

2216 4587 2334 4640 qua:
2373 4569 2436 4622 ad
2475 4567 2724 4638 populum
2763 4564 2975 4634 quidem
3001 4569 3242 4631 spectant
3271 4560 3360 4613 his
3391 4571 3517 4612 sunt
3557 4553 3776 4625 perplexa

2217 4664 2628 4719 difﬁcultatibus.
2658 4661 2807 4730 Quod
2836 4661 2879 4715 si
2909 4660 3027 4730 quis
3052 4673 3114 4713 ea
3168 4672 3290 4728 qua:
3335 4658 3404 4710 ad
3446 4657 3610 4710 Deum
3637 4649 3777 4722 perti-

2217 4764 2364 4822 nent,
2394 4753 2769 4824 exploraverit,
2803 4751 2976 4821 priora
3004 4749 3131 4804 nihil
3161 4763 3388 4818 prorsus
3412 4763 3536 4802 esse
3557 4741 3778 4798 videbun-

2220 4857 2303 4903 tur
2330 4866 2342 4902 :
2375 4849 2446 4903 ita
2472 4846 2725 4916 majorem
2749 4843 2864 4897 htec
2883 4841 3389 4910 diligentioremque
3419 4849 3603 4892 curam
3634 4839 3779 4903 postu-

2216 4943 2346 4996 lant.
2377 4940 2504 4995 Nam
2531 4937 2617 5008 qui
2647 4952 2741 5007 pro
2770 4945 2876 4990 tota
2907 4934 3134 4993 civitate,
3172 4939 3224 4986 et
3250 4931 3385 5000 quid
3411 4930 3536 4984 dico
3565 4917 3781 5018 civitate?

2217 5035 2322 5088 imo
2354 5046 2448 5100 pro
2475 5031 2718 5082 universa
2747 5037 2885 5081 terra
2907 5033 3174 5078 oratorem
3203 5023 3335 5091 agit,
3365 5021 3582 5089 Dcoqne
3608 5011 3779 5082 suppli-

2135 5157 2197 5189 υ.
2219 5139 2340 5179 cans
2365 5131 2419 5175 ut
2459 5121 2693 5174 omnium
2728 5118 2951 5187 peccatis
2991 5115 3057 5169 sit
3089 5113 3376 5184 propitius,
3423 5126 3531 5166 non
3570 5109 3776 5161 vivorum

2218 5225 2446 5280 tantum,
2502 5211 2595 5266 sed
2646 5211 2804 5267 etiam
2850 5224 3033 5264 eorum
3085 5207 3175 5277 qui
3219 5205 3518 5270 obierunt,
3558 5196 3776 5270 qualem.

2214 5320 2414 5377 quaeso,
2446 5310 2655 5374 oportet
2683 5300 2844 5356 esse?

2265 5442 2295 5511 ᾗ
2332 5444 2435 5499 Pro,
2458 5433 2786 5499 ternpcrantiw
2814 5429 3116 5492 assiduitate;
3137 5441 3277 5488 unus,
3305 5423 3639 5492 temperantia
3655 5417 3781 5469 ntale-

2212 5512 2468 5609 ³κξλδεινιγὶι.
2485 5566 2546 5628 ,ει
2569 5557 2760 5621 plurimi
2784 5563 2910 5617 ass,
2930 5553 3219 5606 assiduitate.
3249 5549 3422 5601 ttorel.
3445 5558 3498 5600 et
3522 5545 3652 5611 pauci
3669 5545 3780 5595 “55-:

2216 5625 2570 5676 consuetudine.
