3944 6202
266 299 352 356 53'
1477 305 1566 362 DE
1599 294 2046 360 SACERDOTIO.
2088 293 2212 351 LIB.
2260 295 2342 350 ΥΙ.

328 412 592 482 Equidem
625 425 803 481 neque
845 409 1060 482 Moysis,
1093 426 1270 480 neque
1305 408 1469 466 Heliae
1497 410 1751 468 ﬁduciam
1781 411 1850 467 ad

264 500 574 572 hujusmodi
593 499 1048 572 supplicationem
1077 500 1324 556 suflicere
1341 516 1500 572 posse
1519 501 1846 573 putaverint.

263 593 474 647 Etenim
505 608 572 648 ac
599 593 646 648 si
687 592 926 646 mundus
964 600 1112 646 totus
1136 592 1240 647 sibi
1273 592 1625 649 concreditus
1660 593 1750 660 sit,
1787 608 1851 648 ac

261 687 301 740 si
330 685 580 740 omnium
609 695 763 755 pater
792 685 908 754 ipse
937 686 1027 751 sit,
1058 685 1149 740 sic
1190 685 1256 742 ad
1301 685 1469 740 Deum
1500 687 1726 751 accedit,
1759 702 1850 741 ro-

259 793 386 849 gans
415 777 601 832 omnia
637 777 826 832 mundi
858 777 996 832 bella
1023 778 1318 850 exstingui,
1357 779 1623 834 tumultus
1649 779 1848 845 sedari,

257 887 466 941 pacem,
515 873 958 941 prosperitatetn,
1011 873 1259 928 omnium
1305 873 1532 944 singulis
1556 873 1850 928 imminen-

258 963 412 1025 tium,
447 978 553 1031 qua
583 961 862 1032 privatim,
919 976 1025 1032 qua
1067 962 1284 1032 publice
1317 962 1582 1016 malorum
1617 960 1850 1016 celerem

253 1055 657 1125 depulsionem.
699 1053 928 1124 Oportet
985 1064 1168 1110 autem
1221 1055 1374 1108 illum
1423 1054 1684 1125 singulos,
1749 1067 1851 1124 pro

252 1148 455 1219 quibus
499 1157 776 1219 precatur,
817 1148 956 1204 adeo
999 1148 1054 1202 in
1102 1147 1356 1202 omnibus
1396 1148 1749 1215 antecellere,
1791 1154 1852 1204 ut

252 1241 551 1314 praefectus
584 1240 815 1296 subditis
843 1240 1155 1310 praecellere
1180 1239 1361 1296 debet.

329 1325 599 1380 [avocatio
643 1325 866 1394 Spiritus
907 1326 1065 1380 sancti
1102 1326 1153 1378 in
1191 1325 1438 1378 oblatione
1489 1323 1744 1390 sacriﬁca.
1773 1351 1842 1360 ——

260 1415 391 1473 Cum
421 1427 600 1472 autem
631 1417 885 1487 Spiritum
911 1427 1150 1473 sanctum
1181 1417 1521 1477 invocaverit.
1550 1426 1600 1470 et
1624 1416 1845 1469 horren-

260 1510 384 1564 dum
411 1508 543 1562 illud
564 1509 879 1564 sacriﬁcium
901 1509 1169 1574 obtulerit,
1183 1517 1236 1562 et
1255 1523 1588 1562 communem
1608 1507 1843 1561 omnium

261 1600 554 1657 Dominum
597 1600 810 1656 assidue
854 1600 1189 1666 tractaverit,
1219 1615 1324 1670 quo
1354 1598 1498 1652 illum
1518 1641 1531 1664 ,
1564 1613 1763 1666 quzeso,
1793 1597 1844 1651 in

262 1695 455 1749 ordine
495 1692 914 1749 constituemus?
958 1706 1237 1761 quamnam
1287 1690 1355 1744 ab
1406 1689 1494 1743 illo
1540 1689 1842 1760 puritatem,

261 1802 421 1856 quam
447 1787 696 1855 pietatem
717 1783 1023 1854 exigemus?
1049 1779 1229 1852 Cogita
1251 1781 1433 1851 quales
1457 1790 1699 1849 oporteat
1727 1794 1846 1833 esse

260 1893 456 1933 manus
486 1879 625 1942 illas,
656 1878 862 1945 qualem
889 1892 1005 1931 eam
1037 1876 1290 1945 linguam,
1322 1889 1439 1943 quae
1467 1873 1551 1926 illa
1583 1871 1739 1926 verba
1764 1871 1845 1926 ef-

259 1969 470 2035 fundat,
489 1985 592 2040 qua
611 1968 837 2039 denique
855 1983 957 2022 non
978 1968 1240 2037 puriorem
1262 1967 1686 2034 sanctioremque
1703 1964 1845 2018 illam

259 2061 518 2125 animam,
549 2075 666 2130 qua:
697 2069 897 2113 tantum
927 2058 1180 2129 Spiritum
1209 2057 1480 2126 suscipiat.
1505 2056 1653 2110 Tunc
1675 2054 1848 2125 angeli

258 2151 530 2207 sacerdoti
575 2151 786 2217 adsunt,
830 2159 1072 2219 totusque
1109 2149 1398 2204 cmlestium
1425 2147 1688 2202 Virtutum
1717 2148 1848 2200 ordo

259 2244 458 2297 clamat
480 2244 522 2308 ί,
540 2257 603 2296 ac
628 2243 828 2296 vicinus
846 2240 992 2295 altari
1014 2241 1161 2294 locus
1178 2240 1227 2294 in
1243 2239 1379 2292 illius
1395 2239 1480 2308 qui
1504 2238 1694 2292 ibidem
1709 2236 1849 2306 jacet

261 2332 528 2387 honorem
571 2331 635 2386 iis
671 2332 906 2402 repletus
934 2339 1051 2386 est:
1085 2331 1242 2401 idque
1269 2330 1349 2384 vel
1377 2345 1439 2385 ex
1469 2329 1552 2396 iis,
1584 2344 1701 2399 quae
1727 2339 1850 2383 tunc

260 2435 614 2494 peraguntur,
647 2423 902 2478 credibile
930 2432 1031 2478 est.
1064 2423 1174 2493 Ego
1197 2437 1324 2476 vero
1344 2421 1571 2490 aliquem
1589 2421 1712 2473 olim
1735 2434 1849 2473 nar-

261 2527 474 2570 rantem
501 2515 700 2580 audivi,
729 2514 1010 2586 quemdam
1041 2528 1243 2578 senem,
1277 2514 1446 2566 virum
1484 2509 1848 2564 admirabilem

261 2621 321 2662 ac
342 2606 762 2661 revelationibus
782 2613 1072 2670 assuetum,
1095 2604 1311 2669 dixisse,
1332 2604 1534 2657 visione
1551 2599 1850 2670 hujusmodi

261 2713 320 2755 se
358 2698 599 2769 quodam
638 2707 873 2768 tempore
900 2697 1114 2768 dignum
1156 2695 1390 2750 habitum
1419 2693 1578 2750 fuisse
1607 2711 1621 2746 :
1653 2693 1852 2758 scilicet

261 2789 660 2844 multitudinem
686 2789 992 2858 angelorum
1022 2787 1308 2857 derepente
1341 2786 1567 2852 vidisse,
1597 2795 1849 2854 quantum

261 2881 382 2950 ejus
410 2881 636 2936 facultas
658 2880 873 2946 ferebat,
896 2881 1189 2949 splendidis
1207 2880 1441 2936 vestibus
1461 2879 1783 2944 indutorum,
1797 2885 1848 2933 et

263 2974 438 3028 altare
463 2971 928 3038 circumdantium,
957 2972 1210 3026 inclinato
1236 2971 1430 3041 capite,
1460 2986 1523 3026 ac
1549 2970 1594 3026 si
1620 2971 1737 3040 quis
1757 2969 1852 3024 mi-

261 3064 386 3120 lites
431 3075 696 3134 praesente
732 3063 1056 3134 lmperatore
1097 3073 1300 3120 stantes
1345 3063 1551 3119 videret
1578 3081 1592 3118 :
1616 3063 1757 3133 quod
1797 3072 1854 3118 et

262 3155 381 3227 ipse
408 3155 543 3208 mihi
576 3156 888 3225 persuadeo.
938 3155 1089 3211 Alius
1127 3155 1252 3210 item
1285 3155 1518 3209 narravit
1555 3153 1712 3218 mihi,
1745 3168 1852 3207 non

263 3246 332 3300 ab
353 3247 466 3301 alio
485 3246 727 3313 edoctus,
750 3246 844 3302 sed
873 3261 992 3302 cum
1024 3247 1137 3317 ipse
1155 3247 1372 3302 vidisset
1395 3255 1448 3301 et
1471 3245 1726 3312 audisset,
1749 3245 1852 3299 sci-

265 3337 390 3392 licet
417 3351 512 3392 eos
542 3337 629 3406 qui
672 3352 737 3392 ex
782 3337 881 3392 hac
907 3338 1010 3391 vita
1037 3338 1311 3408 migraturi
1335 3347 1478 3405 sunt,
1508 3339 1553 3392 si
1589 3338 1854 3408 mysteriis

264 3442 400 3496 pra
447 3427 775 3483 conscientia
816 3427 1262 3499 partieipaverint,
1293 3429 1521 3484 animam
1559 3428 1849 3496 efflaturus,

263 3518 334 3570 ab
358 3518 569 3587 angelis
592 3513 876 3575 satellitum
902 3533 1050 3574 more
1065 3521 1228 3590 ipsos,
1246 3520 1314 3575 ob
1335 3520 1462 3574 illud
1475 3519 1615 3590 quod
1630 3534 1852 3588 accepe-

263 3617 392 3663 runt
420 3609 737 3678 stipantibus
764 3609 906 3664 illinc
930 3609 1137 3665 abduci.
1169 3609 1249 3666 Tu
1268 3625 1394 3665 vero
1409 3610 1642 3665 nondum
1661 3611 1853 3665 exhor-

266 3698 441 3752 reseis
461 3739 476 3764 ,
506 3697 806 3768 hujusmodi
832 3699 1060 3752 animam
1092 3700 1142 3754 in
1171 3708 1277 3754 tam
1304 3715 1511 3755 sacrum
1543 3701 1850 3772 mysterium

268 3791 640 3858 introdueens,
667 3801 719 3848 et
748 3793 976 3849 sordidis
1002 3794 1240 3849 indutum
1267 3795 1499 3850 vestibus
1527 3795 1577 3848 in
1608 3794 1855 3850 sacerdo-

270 3892 383 3936 tum
412 3881 720 3953 dignitatem
740 3884 888 3940 illum
913 3899 1250 3954 promovens,
1269 3899 1426 3954 quem
1447 3899 1476 3938 a
1499 3885 1702 3954 reliquo
1726 3874 1854 3938 con-

271 3973 521 4027 vivarum
565 3972 731 4028 chore
771 3973 1012 4029 Christus
1053 3975 1259 4044 expulit
1308 3973 1533 4047 (Matth.
1577 3974 1668 4028 22.
1709 3972 1853 4044 ιδῃ

269 4064 522 4116 Animam
550 4063 744 4134 quippe
770 4064 1060 4120 sacerdotis
1098 4064 1265 4120 instar
1307 4065 1439 4120 lucis
1479 4075 1642 4120 totum
1669 4066 1852 4120 orbem

271 4153 590 4208 illustrantis
634 4153 914 4224 splendere
952 4164 1178 4225 Oportet.
1230 4155 1420 4210 Nostra
1460 4163 1636 4209 autem
1676 4155 1851 4209 anima

269 4244 341 4296 ob
367 4259 583 4314 pravam
611 4244 986 4300 conscientiam
1021 4254 1190 4301 tantas
1215 4244 1376 4300 habet
1399 4244 1742 4300 circumfusas
1773 4253 1852 4299 te-

273 4338 498 4403 nebras,
522 4346 576 4391 ut
610 4352 821 4406 semper
848 4353 906 4392 se
934 4338 1110 4403 abdat,
1143 4353 1241 4393 nec
1263 4338 1432 4410 possit
1460 4352 1705 4407 umquam
1731 4353 1849 4391 cum

277 4427 465 4481 ﬁducia
499 4429 777 4482 Dominum
808 4445 960 4483 suum
989 4429 1216 4484 obtueri.
1263 4429 1578 4486 Sacerdotes
1613 4429 1691 4482 sal
1729 4438 1851 4483 sunt

280 4519 503 4572 mundi:
535 4531 767 4574 nostram
815 4535 946 4576 vero
985 4520 1374 4590 insipientiam,
1417 4529 1471 4575 et
1512 4520 1563 4574 in
1608 4520 1854 4576 omnibus

284 4606 617 4676 imperitiam,
648 4611 766 4682 quis
795 4611 946 4666 facile
974 4611 1169 4676 tulerit,
1208 4611 1309 4666 nisi
1335 4625 1431 4666 vos
1457 4611 1546 4682 qui
1588 4625 1684 4666 nos
1715 4612 1850 4666 ultra

284 4699 491 4753 tuodum
513 4715 692 4755 amare
719 4703 1100 4756 consuevistis?
1125 4701 1303 4773 Neque
1323 4703 1462 4758 enim
1489 4717 1675 4772 purum
1697 4701 1852 4756 dum-

283 4797 419 4843 taxat
448 4806 565 4846 esse
590 4800 820 4861 oportet,
850 4802 1031 4862 utpote
1059 4793 1148 4864 qui
1180 4803 1323 4849 tanto
1353 4793 1646 4848 ministerio
1664 4794 1850 4864 digna-

280 4887 366 4931 tus
394 4881 479 4944 sit,
515 4881 607 4935 sed
651 4881 808 4935 etiam
849 4881 1159 4950 prudentem
1185 4889 1238 4938 et
1267 4897 1442 4937 rerum
1471 4885 1692 4952 peritum
1718 4883 1850 4936 mul-

280 4978 496 5022 tarum:
528 4971 687 5024 multa
731 4987 942 5042 quoque
995 4973 1268 5027 saecularia
1318 4988 1475 5028 nosse
1515 4972 1702 5038 debet,
1748 4987 1853 5028 non

275 5062 451 5115 minus
481 5076 640 5130 quam
675 5062 712 5117 ii
735 5063 824 5132 qui
857 5063 910 5117 in
940 5064 1116 5118 medio
1155 5079 1330 5119 rerum
1357 5073 1652 5126 versantur,
1685 5066 1857 5119 omni-

277 5149 482 5220 busque
530 5162 704 5207 tamen
745 5164 962 5208 exutum
1009 5153 1176 5224 magis
1229 5170 1386 5225 quam
1439 5155 1723 5222 monachi,
1764 5157 1854 5226 qui

277 5253 487 5298 montes
518 5255 862 5314 occuparunt.
909 5245 1042 5301 Nam
1085 5261 1205 5302 cum
1245 5261 1460 5302 necesse
1487 5249 1554 5302 sit
1579 5263 1701 5302 eum
1732 5263 1852 5303 cum

279 5334 405 5388 viris
432 5339 658 5400 versari,
684 5339 773 5406 qui
806 5347 861 5394 et
896 5354 1088 5394 uxores
1127 5341 1342 5404 habent,
1371 5352 1425 5396 et
1463 5341 1660 5396 liberos
1683 5343 1849 5409 alunt,

288 5434 339 5477 et
360 5441 543 5482 servos
574 5429 863 5498 possident,
895 5433 984 5503 qui
1013 5431 1208 5489 divitiis
1236 5432 1622 5497 circumﬂuunt,
1649 5445 1734 5487 res
1755 5447 1853 5502 pu-

347 5587 364 5619 ¹
398 5593 766 5652 Pro.__Totusque
787 5590 1046 5641 antestium
1065 5588 1290 5652 virtutum
1311 5588 1430 5652 ordo
1443 5586 1648 5652 clamat,
1659 5599 1717 5636 ac
1733 5585 1849 5638 vici-

289 5659 456 5759 σο
476 5647 661 5712 dum
684 5647 813 5713 ﬁn,
831 5657 1046 5714 “usque
1074 5649 1331 5704 cwlettium
1356 5651 1580 5703 virtutum
1602 5649 1775 5699 chorus
1795 5661 1854 5698 ac

333 5729 348 5759 ι
404 5725 538 5759 Νι...

333 5725 538 5762 Μαίη..

3413 303 3515 356 (σθῖ

1949 409 2111 466 blicas
2151 420 2330 479 agunt,
2355 418 2404 464 et
2435 411 2487 463 in
2516 410 2905 479 tttagistratibus
2931 422 3227 481 versantur,
3256 415 3518 472 multifor-

1947 518 2085 558 mem
2117 503 2262 556 illum
2288 517 2406 558 esse
2437 519 2528 572 par
2553 514 2634 557 est
2665 523 2678 559 :
2708 505 3074 560 multiformem
3098 506 3237 572 dico,
3262 522 3364 562 non
3385 509 3516 564 sub-

1945 593 2145 656 dolum,
2173 611 2278 648 non
2319 595 2664 658 adulatoretn,
2703 612 2806 649 non
2837 597 3196 667 ltypucritam;
3230 600 3323 654 sed
3356 601 3516 655 multa

1948 684 2188 740 libertate
2213 699 2276 741 ac
2301 685 2487 740 liducia
2513 686 2748 755 plenum,
2775 689 2862 755 qui
2889 702 3007 742 sese
3035 688 3231 743 utiliter
3256 698 3518 758 attempc~

1948 790 2066 829 rare
2114 776 2279 842 sciat,
2327 792 2446 830 cum
2497 776 2548 831 id
2598 778 2925 846 negotiorum
2975 779 3204 833 conditio
3251 780 3512 849 postulat:

1947 878 2280 920 mansuetum
2304 868 2428 923 item
2453 877 2504 922 et
2529 879 2815 923 austerum.
2843 869 2958 924 Non
2979 871 3118 925 enim
3149 887 3252 926 uno
3273 872 3344 926 uti
3361 887 3521 942 opor-

1950 966 2026 1012 tet
2072 959 2230 1013 modo
2272 975 2394 1029 erga
2435 960 2676 1016 subditos
2705 975 2910 1027 omnes,
2943 962 3368 1031 quandoquidem
3422 981 3522 1020 nec

1949 1047 2168 1103 medicis
2193 1065 2295 1104 una
2321 1065 2444 1120 erga
2477 1060 2704 1119 :egrotos
2741 1067 2926 1107 omnes
2967 1053 3082 1123 lege
3102 1055 3118 1086 ¹
3150 1055 3224 1109 uti
3253 1055 3520 1120 convenit,

1950 1157 2122 1210 neque
2150 1143 2487 1210 gubernatori
2512 1159 2667 1198 unam
2697 1153 2900 1198 tantum
2923 1160 3041 1199 cum
3063 1145 3232 1200 ventis
3253 1147 3521 1216 pugnandi

1947 1240 2115 1284 artem
2145 1231 2340 1287 callere
2371 1251 2384 1286 :
2414 1233 2609 1288 etenim
2654 1235 2788 1288 hanc
2823 1249 3034 1303 quoque
3077 1251 3266 1290 navem
3295 1235 3521 1289 assiduas

1951 1331 2290 1392 tempestates
2324 1324 2526 1395 jactant
2562 1327 2810 1394 undique.
2859 1328 3168 1396 llujttsmodi
3193 1339 3366 1382 autem
3396 1345 3520 1397 pro-

1949 1415 2096 1470 cellre
2137 1432 2242 1471 non
2281 1419 2609 1473 extrinsecus
2647 1427 2847 1474 tantttm
2885 1420 3216 1482 adoriuntur,
3245 1419 3336 1474 sed
3362 1421 3520 1475 etiam

1951 1507 2267 1563 intrinsecus
2295 1520 2595 1574 nascuntur,
2633 1510 2902 1580 multaque
2933 1527 3067 1581 opus
3093 1520 3176 1566 est
3202 1521 3310 1566 tum
3330 1519 3522 1566 attent-

1951 1601 2242 1668 peratione,
2269 1610 2377 1653 tum
2405 1600 2692 1669 diligentia.

2022 1689 2074 1743 5.
2108 1689 2432 1743 Sacerdotem
2460 1689 2525 1742 ad
2554 1692 2722 1743 omnia
2750 1701 2923 1760 aptum
2952 1708 3056 1746 esse
3083 1691 3277 1746 debere.
3304 1721 3375 1733 -—
3400 1691 3524 1746 “me

1950 1794 2109 1850 porro
2139 1781 2346 1844 omnia,
2375 1782 2580 1835 diversa
2628 1783 2778 1849 licet,
2817 1782 2974 1838 finem
3012 1785 3298 1855 respiciunt
3328 1800 3526 1853 unum,

1951 1887 2143 1942 nempe
2193 1873 2281 1928 Dei
2335 1873 2576 1944 gloriam,
2608 1883 2765 1944 atque
2810 1874 3062 1930 Ecclesiae
3099 1875 3524 1931 :edificationem.

1950 1963 2194 2033 Magnum
2224 1974 2305 2018 est
2332 1963 2709 2018 monachorum
2742 1973 3034 2032 certamen,
3063 1981 3353 2035 eorumque
3380 1965 3529 2021 labor

1952 2053 2150 2107 multus
2169 2070 2183 2106 :
2203 2053 2296 2106 sed
2325 2053 2368 2106 si
2395 2054 2516 2123 quis
2543 2054 2706 2122 probe
2732 2054 3153 2110 administratum
3173 2055 3525 2111 sacerdotium

1952 2159 2071 2198 cum
2109 2145 2316 2200 illorum
2344 2145 2611 2200 laboribus
2639 2145 2898 2210 conferat,
2926 2154 3126 2201 tantum
3157 2149 3386 2217 reperiet
3419 2148 3531 2204 dis-

1952 2235 2152 2290 crimen
2172 2276 2186 2300 ,
2217 2246 2469 2306 quantum
2496 2245 2578 2291 est
2606 2237 2745 2291 inter
2767 2236 2981 2292 idiotam
3002 2246 3057 2292 et
3076 2253 3252 2308 regem
3279 2238 3528 2292 interval-

1951 2324 2085 2380 lum.
2135 2325 2249 2381 lllic
2281 2326 2421 2381 enim
2463 2325 2670 2382 etiamsi
2706 2328 2900 2382 multus
2931 2328 3068 2383 adsit
3096 2329 3264 2393 labor,
3289 2337 3344 2383 at
3375 2343 3525 2383 com-

1953 2418 2129 2473 munis
2167 2419 2358 2473 animce
2401 2420 2744 2490 corporisque
2783 2421 3142 2488 concertatio;
3199 2421 3307 2476 imo
3349 2422 3526 2492 potius

1955 2525 2018 2564 ex
2049 2511 2288 2578 corporis
2320 2511 2696 2566 exercitatione
2721 2526 2909 2582 magna
2937 2512 3132 2568 laboris
3162 2528 3284 2583 pars
3313 2514 3526 2583 perfici-

1955 2613 2070 2668 tur;
2119 2617 2182 2660 ac
2223 2602 2268 2657 si
2313 2601 2437 2656 illud
2479 2603 2754 2657 robustum
2785 2619 2888 2658 non
2919 2603 3111 2671 fuerit,
3139 2604 3248 2658 sola
3278 2614 3334 2658 et
3359 2605 3527 2660 otiosa

1953 2704 2137 2752 manet
2159 2695 2401 2750 alacritas
2428 2695 2612 2760 animi,
2632 2710 2752 2751 cum
2775 2711 2877 2750 non
2908 2697 3073 2765 possit
3101 2697 3153 2750 in
3184 2711 3318 2765 opus
3346 2697 3526 2761 exire;

1951 2787 2212 2857 siquidem
2241 2786 2508 2842 assiduum
2531 2786 2791 2856 jejunium
2814 2789 2856 2854 ’,
2881 2785 3026 2840 humi
3049 2786 3280 2853 cubatio,
3316 2785 3532 2855 vigiliae,

1953 2879 2128 2934 balnei
2169 2879 2414 2950 privatio,
2459 2877 2622 2933 sudor
2667 2878 2872 2948 ingens,
2913 2887 3210 2948 cmteraque
3251 2878 3424 2932 omnia
3463 2878 3529 2931 ad

1953 2985 2146 3040 corpus
2163 2970 2535 3026 macerandum
2555 2970 2762 3035 idonea,
2778 2971 2954 3025 statim
2972 2970 3038 3025 de
3058 2971 3232 3025 medio
3253 2971 3538 3036 tolluntur,

1953 3079 2072 3119 cum
2101 3062 2150 3118 id
2177 3063 2317 3133 quod
2341 3063 2702 3134 castigandum
2722 3071 2837 3117 erat
2855 3063 3045 3118 robore
3065 3071 3241 3117 careat
3263 3081 3276 3116 :
3297 3061 3385 3118 hic
3403 3079 3530 3117 vero

1953 3156 2063 3211 sola
2105 3168 2339 3225 puraque
2386 3169 2474 3208 ars
2515 3153 2677 3208 animi
2726 3151 3037 3222 requiritur,
3084 3168 3254 3222 neque
3289 3154 3530 3221 corporis

1955 3245 2263 3301 habitudine
2289 3253 2371 3300 est
2393 3259 2548 3314 Opus,
2573 3254 2628 3298 ut
2647 3243 2808 3299 animi
2833 3244 2998 3298 virtus
3027 3243 3359 3299 exhibeautr:
3387 3243 3525 3312 Quid

1955 3340 2097 3395 enim
2127 3338 2280 3394 nobis
2307 3337 2512 3394 confert
2541 3335 2779 3407 corporis
2818 3335 3013 3400 robur,
3043 3344 3100 3390 ut
3129 3351 3196 3391 ne
3221 3345 3530 3406 arrogantes

1953 3430 2140 3496 simus,
2179 3443 2352 3498 neque
2394 3427 2652 3494 iracundi,
2684 3441 2856 3498 neque
2895 3426 3228 3496 petulantes;
3269 3427 3362 3481 sed
3402 3427 3530 3496 vigi-

1955 3523 2161 3587 lantes,
2211 3530 2605 3592 temperantes,
2661 3519 2869 3585 ornati,
2917 3515 3231 3589 emterisque
3281 3518 3526 3574 omnibus

1958 3614 2165 3685 praediti
2194 3613 2385 3684 quibus
2413 3612 2601 3668 beatus
2629 3609 2825 3666 Paulus
2851 3611 3034 3681 optimi
3062 3609 3356 3673 sacerdotis
3393 3611 3530 3665 ima-

1953 3709 2128 3778 ginem
2155 3706 2306 3761 nobis
2325 3705 2562 3775 depinxit
2591 3705 2667 3775 (l.
2689 3702 2823 3757 Tim.
2850 3704 2903 3757 5.
2930 3701 3011 3774 2).
3040 3702 3233 3758 Verum
3252 3702 3302 3756 id
3325 3701 3392 3756 de
3419 3716 3526 3756 mo-

1956 3799 2111 3854 nachi
2141 3798 2333 3853 virtute
2357 3796 2462 3852 dici
2491 3795 2673 3866 nequit
2699 3812 2712 3849 :
2743 3793 2837 3850 sed
2861 3792 3304 3864 quemadmodum
3332 3793 3414 3856 iis,
3438 3794 3528 3863 qui

1955 3906 2042 3946 res
2069 3889 2355 3960 stupendas
2381 3887 2654 3949 exhibent.
2683 3885 3048 3942 instrumentis
3072 3885 3250 3939 multis
3270 3895 3349 3939 est
3372 3898 3526 3954 opus,

1954 3985 2189 4055 itemque
2227 3981 2379 4048 rotis,
2414 3980 2660 4036 funiculis
2696 3988 2748 4035 et
2789 3978 2994 4049 gladiis,
3028 3975 3372 4048 philosophus
3403 3990 3531 4031 vero

1957 4084 2119 4131 totam
2158 4076 2211 4130 in
2251 4083 2429 4129 mente
2455 4081 2621 4128 artem
2648 4070 2976 4126 reconditam
3007 4069 3166 4124 habet
3191 4067 3531 4136 externisque

1954 4168 2115 4223 rebus
2140 4181 2246 4220 non
2275 4165 2474 4235 indiget
2504 4181 2518 4217 :
2549 4164 2618 4217 ita
2643 4171 2696 4216 et
2721 4161 2822 4216 hoc
2846 4161 2964 4215 loco
2989 4173 3048 4214 se
3075 4173 3161 4213 res
3189 4157 3368 4213 habet.
3396 4155 3528 4210 Nam

1953 4257 2246 4314 monachus
2269 4257 2478 4326 quidem
2505 4255 2744 4323 corporis
2781 4251 3141 4307 incolumitate
3165 4264 3299 4318 opus
3327 4247 3522 4315 habet,

1956 4349 2189 4418 itemque
2229 4347 2358 4402 locis
2393 4346 2458 4399 ad
2485 4347 2645 4399 vitam
2692 4341 2829 4397 hanc
2874 4339 3248 4395 instituendam
3294 4337 3523 4404 idoneis,

1953 4449 2013 4494 ut
2039 4453 2210 4507 neque
2237 4437 2392 4490 nimis
2409 4436 2477 4490 ab
2497 4433 2769 4489 hominum
2789 4430 3056 4486 consortio
3075 4438 3330 4496 remotus,
3352 4439 3535 4483 tamen

1955 4527 2254 4584 solitudinis
2296 4527 2530 4597 quietem
2575 4523 2931 4590 nanciscatur,
2961 4521 3280 4591 insuperque
3322 4529 3528 4590 tempe-

1956 4622 2085 4678 ratis
2110 4621 2232 4675 anni
2261 4619 2662 4689 tempestatibus
2687 4630 2793 4670 non
2819 4621 2997 4670 careat
3029 4631 3045 4669 :
3075 4610 3206 4668 nihil
3233 4613 3428 4683 quippe
3452 4612 3531 4667 sic

1957 4713 2286 4770 intolerabile
2327 4712 2399 4779 ei,
2441 4711 2530 4782 qui
2571 4708 2790 4780 jejuniis
2835 4714 3152 4772 maceratur,
3190 4719 3349 4776 quam
3389 4704 3531 4758 aeris

1956 4808 2318 4877 intemperies.

2026 4899 2080 4953 6.
2131 4896 2304 4968 Major
2347 4897 2504 4950 virtus
2547 4894 2602 4948 in
2660 4891 2894 4961 episcopo
2925 4927 2945 4955 ,
2990 4901 3142 4957 quam
3186 4885 3240 4938 in
3283 4883 3533 4937 monacho

1956 4987 2243 5058 requiritur.
2283 5016 2357 5028 -—
2393 4986 2511 5042 Non
2548 4984 2736 5053 loquor
2782 4981 2867 5035 hic
2888 4979 2955 5034 de
2991 4977 3218 5032 vestium
3266 4983 3322 5030 et
3358 4973 3541 5028 victus

1955 5088 2209 5150 apparatu
2233 5121 2250 5147 ,
2294 5094 2451 5149 quem
2479 5087 2539 5131 ut
2562 5075 2664 5131 sibi
2706 5069 2951 5127 monachi
2977 5067 3308 5140 suppeditent
3335 5107 3348 5130 ,
3377 5078 3528 5134 mag-

1956 5185 2158 5240 nopere
2201 5169 2480 5233 laborant,
2515 5166 2625 5240 suis
2651 5164 2747 5233 ipsi
2795 5161 3039 5216 manibus
3066 5159 3242 5214 omnia
3287 5155 3530 5212 conferre

1956 5230 2250 5316 studentes.
2297 5230 2780 5313 Sacerdos'autem
2825 5252 3022 5312 nullius
3065 5263 3250 5305 eorum
3277 5248 3329 5302 in
3375 5259 3534 5300 usum

1957 5367 2111 5407 suum
2141 5366 2276 5420 Opus
2302 5347 2517 5404 habebit
2539 5388 2553 5409 .
2581 5354 2762 5414 utpote
2790 5344 2879 5414 qui
2908 5357 3013 5397 non
3041 5339 3364 5413 peculiarem
3395 5337 3527 5399 sibi,

1956 5443 2052 5501 sed
2077 5456 2415 5499 communem
2458 5437 2618 5494 vitam
2653 5437 2815 5493 ducat
2858 5436 2910 5490 in
2938 5435 3003 5488 iis
3027 5433 3207 5497 rebus,
3239 5444 3356 5501 qua:
3383 5428 3529 5483 dam.

1958 5552 2085 5592 num
2132 5549 2238 5590 non
2285 5532 2557 5588 afferant:
2605 5538 2873 5599 totamque
2922 5525 3196 5580 scientiam
3243 5524 3294 5577 in
3337 5521 3530 5576 animze

2167 5741 2189 5769 ο,
2208 5739 2404 5760 noema"
2417 5739 2487 5768 ,μυ
2495 5739 2603 5756 ιιηοκ
2609 5739 2623 5766 ν
